4078 6292
408 403 512 466 759

1631 385 2015 448 EUTllYMIl
2057 382 2416 445 ZIGABENI

3553 369 3657 432 760

415 529 809 604 imperfectam.
851 527 1190 598 Principium
1252 523 1398 578 enim
1443 532 1634 574 eorum
1671 527 1794 604 quae
1838 517 1988 604 sunt,

2106 519 2154 572 it’
2183 516 2318 571 Υἱοῦ
2358 515 2790 588 δημιουργοῦσα,
2823 513 2914 566 καὶ
2955 506 3225 564 τελειοῦσα
3256 506 3313 558 ἐν
3361 500 3659 602 Πνεύματι.

416 598 584 679 unum
611 629 718 686 est,
752 635 848 691 per
876 619 1074 673 Filium
1110 614 1354 672 condens
1382 618 1439 666 et
1466 607 1756 680 perﬁciens
1783 603 1835 656 iu
1871 598 1992 668 Spi-

417 716 549 770 ritu.
605 714 683 766 Ac
718 725 820 766 nec
864 709 1042 773 Pater,
1101 707 1193 776 qui
1235 709 1497 774 operatur
1545 695 1726 754 omnia
1771 693 1826 748 in
1875 703 1992 744 om-

417 807 622 870 nibus,
664 799 1037 872 imperfectam
1090 798 1286 852 habeat
1334 791 1756 864 operationem:
1818 793 1994 872 nemo

2087 612 2199 666 Καὶ
2246 609 2368 665 οὔτε
2420 609 2629 679 Πατὴρ,
2679 610 2708 660 ό
2752 606 2820 658 τὰ
2870 604 3045 657 πάντα
3094 603 3151 653 ἐν
3193 600 3359 652 πᾶσιν
3402 590 3657 663 ἐνεργῶν,

2089 704 2258 774 ἀτελῆ
2289 702 2400 773 ἔχει
2438 699 2537 773 τὴν
2565 700 2874 771 ἐνέργειαν·
2905 694 3032 748 οὐτε
3061 691 3186 754 Υἱὸς
3215 687 3408 755 ἐλλιπῆ
3437 682 3534 753 τὴν
3573 681 3662 751 δη-

2096 773 2403 868 μιουργίαν,
2455 792 2530 864 μὴ
2571 788 2954 858 τελειουμένην
2995 782 3149 854 παρά
3181 779 3276 833 τοῦ
3327 773 3660 868 Πνεῌύματος.

416 894 593 950 Filius
645 895 1137 946 inconsummatam
1184 887 1546 946 creationem,
1572 878 1680 936 nisi
1720 891 1752 930 a
1785 871 1992 944 Spiritu

2106 861 2401 955 ῠῦτω-γάρ
2429 861 2494 937 ἀν
2519 861 2657 935 -οὐτε
2701 877 2888 947 Πατὴρ
2917 869 3277 946 προσδεηθείη
3323 864 3476 926 Υίοῦ,
3523 861 3665 955 μόνω

418 985 752 1055 perﬁciatur.
811 979 927 1034 Hoc
949 981 1096 1034 enim
1143 987 1303 1049 pacto
1350 991 1450 1031 nec
1494 973 1656 1029 Pater
1709 984 1852 1041 opus
1898 965 1994 1019 ha—

419 1074 570 1130 bebit
609 1071 745 1126 Filio
774 1109 789 1135 ,
845 1069 962 1125 sola
992 1069 1274 1123 voluntate
1329 1079 1558 1131 creans;

419 1166 536 1220 vult
564 1179 753 1220 creare
789 1177 885 1234 per
914 1161 1136 1216 Filium.
1166 1158 1352 1230 Neque
1391 1159 1568 1213 Filius
1600 1153 1781 1226 egebit
1833 1151 1991 1205 auxi-

425 1259 521 1321 lio,
544 1258 701 1326 juxta
726 1254 908 1310 Patris
939 1251 1358 1309 similitudinem
1381 1263 1652 1320 operans,
1686 1245 1781 1302 sed
1822 1254 1875 1299 et
1902 1242 1992 1296 Fi-

421 1349 530 1403 lius
561 1347 678 1401 vult
712 1362 808 1417 per
836 1345 1100 1416 Spiritqu
1131 1342 1432 1415 perlicere:
1475 1356 1601 1396 nam
1665 1337 1828 1398 Verbo
1892 1336 2008 1390 οο-

422 1441 554 1492 mini
587 1440 700 1493 cwli
733 1439 937 1506 ﬁrmati
985 1449 1130 1502 sunt,
1167 1447 1213 1491 et
1258 1436 1464 1504 Spiritu
1511 1435 1620 1488 oris
1669 1433 1784 1502 ejus
1825 1430 1995 1484 omnis

424 1531 592 1584 virtus
623 1545 802 1582 eorum
853 1532 893 1582 '.
929 1527 1115 1598 Itaque
1153 1543 1254 1582 nec
1287 1525 1527 1582 Verbum
1585 1532 1670 1580 est
1722 1522 1999 1593 signiﬁca-

428 1623 539 1676 Iiva
569 1621 713 1675 acris
738 1621 1019 1690 percussio
1040 1636 1137 1691 per
1170 1619 1321 1675 vocis
1353 1621 1721 1674 instrumenta
1763 1616 1993 1686 prolata:

428 1729 529 1769 nec
583 1713 820 1783 Spiritus
877 1715 989 1770 oris
1056 1714 1256 1768 halitus
1317 1711 1562 1782 partibus
1627 1708 2000 1780 respiratoriis

2093 979 2172 1049 τῷ
2197 978 2369 1032 θέλειν
2397 974 2766 1047 δημιουργῶν,
2794 970 2907 1024 ἀλλ’
2939 969 3085 1039 ὅμως
3108 963 3249 1055 θέλει
3385 963 3475 1055 bid
3510 963 3662 1055 l‘iou:

1749 1068 1990 1114 alumen
2090 1069 2202 1122 οὐτ’
2225 1069 2292 1123 ἂν
2313 1065 2602 1138 συνεργίας
2710 1060 3086 1135 προσδεηθείη,
3119 1054 3236 1110 καθ’
3266 1050 3560 1123 ὁμοιότητα
3574 1050 3664 1138 τοῦ

3385 957 3475 1012 διὰ
3503 954 3632 1008 Υἱοῦ
3648 971 3660 984 ·

2095 1162 2308 1232 Πατρὸς
2339 1137 2596 1231 ἐνεργῶνο
2636 1156 2771 1212 ἀλλὰ
2799 1156 2894 1210 και
2922 1153 3050 1214 Υἱὸς
3085 1149 3230 1202 θέλει
3257 1145 3345 1199 διὰ
3372 1141 3464 1196 τοῦ
3500 1137 3668 1232 nuo:

2097 1228 2265 1324 ματος
2295 1228 2561 1305 τελειοῦν·
2605 1249 2688 1316 Τῷ
2713 1249 2881 1318 Λόγῳ
2927 1245 3031 1316 γὰρ
3068 1241 3286 1308 Κιλιρίου
3331 1239 3386 1290 οι
3427 1228 3668 1301 οὐρανοί

2095 1341 2562 1411 ἐστερεώθησαν,
2617 1339 2715 1392 καὶ
2765 1336 2845 1402 τῷ
2887 1334 3178 1402 Πνεύματι
3228 1326 3336 1380 τοῦ
3373 1326 3668 1392 στόματος

2095 1435 2283 1490 αὑτοῦ
2329 1434 2496 1489 πᾶσα
2539 1435 2578 1501 ἠ
2629 1431 2882 1499 δύναμις
2926 1424 3143 1483 αὐτῶν.
3184 1419 3322 1474 Οὐτε
3367 1413 3460 1470 οὖν
3499 1415 3669 1480 Λόγος

2097 1527 2257 1596 ἀέρος
2289 1525 2532 1586 τύπωσις
2561 1519 2888 1593 σημαντικὴ,
2921 1516 3011 1570 διὰ
3057 1509 3380 1584 φωνητικῶν
3426 1506 3669 1596 ὀργάνων

2099 1595 2471 1690 ἐκφερομένηο
2508 1614 2629 1668 οὔτε
2668 1611 2888 1681 Πνεῦμα
2933 1607 3196 1677 στόματος
3228 1601 3420 1672 ἀτμὸς,
3465 1601 3529 1690 ἐκ
3565 1595 3672 1690 τῶν

2101 1686 2543 1764 ἀναπνευστικῶν
2599 1703 2782 1776 μερῶν
2838 1699 3204 1769 ὲξωθούμενος
3226 1711 3239 1724 ·
3307 1690 3443 1746 ἀλλὰ
3503 1686 3672 1754 Λόγος

426 1780 640 1860 cibatus
681 1820 694 1856 :
737 1803 830 1858 sed
889 1803 1124 1858 Verbum
1157 1810 1243 1858 est
1281 1780 1504 1872 quodin
1566 1800 1838 1870 principio
1885 1807 2001 1854 erat

2106 1804 2202 1873 μὲν
2229 1802 2258 1854 ὁ
2280 1801 2418 1872 πρὸς
2446 1800 2577 1853 Θεὸν
2609 1797 2684 1850 ὣν
2723 1797 2781 1849 ἐν
2811 1795 2973 1865 ἀρχῇ,
3007 1793 3101 1845 καὶ
3133 1789 3264 1850 Θεὸς
3290 1785 3366 1839 ὢν
3387 1801 3400 1814 ·
3449 1780 3674 1873 Πνεῦμα

430 1894 574 1965 apud
623 1896 811 1960 Deum,
863 1905 914 1950 et
946 1895 1088 1950 Deus
1137 1903 1255 1948 erat
1299 1899 1342 1946 '.
1398 1892 1637 1964 Spiritus
1675 1899 1856 1947 autem
1887 1891 2002 1946 oris

397 2045 406 2052 ι
432 1988 526 2042 Dei
557 2027 572 2051 ,
618 1986 857 2058 Spiritus
896 1995 980 2042 cst
1009 1988 1271 2052 veritatis,
1300 1986 1393 2056 qui
1425 2001 1454 2038 a
1482 1983 1641 2039 Patre
1669 1983 1914 2054 procedit
1955 1982 1996 2036 ³.

431 2079 622 2146 Itaque
699 2078 798 2131 tria
891 2077 1194 2146 intelligis,
1275 2077 1624 2131 mandantem
1671 2074 2001 2139 Dominum,

431 2181 627 2222 creatis
661 2165 916 2234 Verbum,
975 2175 1030 2222 et
1080 2166 1496 2221 conﬁrmantem
1532 2166 1816 2235 Spiritum.
1872 2165 2005 2232 Quae

432 2265 600 2320 porro
647 2249 755 2304 alia
797 2251 971 2318 possit
1011 2265 1134 2306 esse
1172 2250 1548 2317 conﬁrmatio,
1593 2265 1757 2320 quam
1794 2252 1845 2304 in
1877 2267 2007 2306 san-

433 2341 691 2398 ctimonia
724 2343 986 2412 perfectio
1011 2361 1023 2410 ;
1053 2343 1487 2398 conlirmationis
1511 2359 1642 2399 voce
1667 2344 2007 2414 signiﬁcante

441 2432 833 2498 constantiam,
894 2433 1398 2488 immutabilitatem
1456 2444 1511 2489 et
1558 2435 1888 2491 soliditatem
1953 2440 2006 2491 in

436 2521 630 2575 bono?
687 2519 1062 2576 Sanctiﬁcatio
1102 2529 1282 2577 autem
1339 2532 1563 2580 nonest
1621 2525 1828 2595 absque
1884 2526 2008 2597 Spi-

435 2608 569 2660 ritu.
605 2605 792 2677 Neque
823 2609 969 2663 enim
1003 2610 1271 2665 caelorum
1319 2609 1553 2667 virtutes
1582 2622 1776 2681 suapte
1811 2623 2010 2669 natura

435 2705 641 2752 sanctae
683 2705 861 2764 sunt;
904 2701 1151 2770 alioquin
1216 2702 1352 2757 nihil
1380 2702 1663 2759 diﬁ'errent
1717 2721 1746 2760 ει
1806 2706 2014 2777 Spiritu

433 2795 673 2854 sancto;
719 2789 814 2844 sed
864 2790 1024 2859 juxta
1056 2794 1468 2863 proportionem
1527 2810 1633 2864 qua
1683 2811 1742 2852 se
1781 2797 2013 2855 invicem

432 2885 720 2946 superant,
775 2893 804 2932 a
841 2878 1051 2949 Spiritu
1113 2882 1317 2938 habent
1354 2883 1807 2941 sanctiﬁcationis
1859 2901 2012 2942 men-

432 2981 642 3022 suram.
690 2967 1164 3034 Quemadmodum
1207 2974 1350 3028 enim
1403 2975 1705 3030 cauterium
1759 2993 1867 3032 non
1897 2978 2017 3035 sine

433 3060 559 3131 igne
598 3061 955 3132 intelligitur,
990 3079 1116 3118 cum
1155 3065 1300 3121 aliud
1344 3067 1416 3122 sit
1458 3068 1706 3138 subjecta
1760 3072 2010 3138 materia,

432 3158 486 3205 et
517 3149 667 3206 aliud
701 3152 843 3223 ignis
883 3172 895 3208 :
930 3154 1114 3209 itidem
1145 3156 1272 3210 etin
1335 3157 1654 3214 caelestibus
1694 3159 2009 3228 virtutibus,
2041 3162 2082 3218 C

431 3239 745 3295 substantia
777 3242 999 3312 quidem
1031 3258 1243 3310 earum,
1274 3253 1405 3316 puta
1439 3249 1672 3317 spiritus
1698 3257 1782 3306 est
1805 3251 2011 3316 aerius,

433 3337 528 3384 aut
584 3331 728 3401 ignis
781 3333 1192 3398 immaterialis,
1238 3335 1395 3405 juxta
1444 3337 1495 3391 id
1555 3339 1700 3408 quod
1744 3341 2012 3411 scriptum

432 3428 538 3487 est,
573 3422 680 3488 Qui
729 3424 861 3491 facit
896 3425 1111 3495 angelos
1157 3443 1282 3480 suos
1335 3429 1577 3496 spiritus,
1636 3440 1686 3484 et
1741 3432 2014 3486 ministros

431 3521 557 3566 suos
616 3512 893 3580 ﬂammam
942 3515 1080 3583 ignis
1148 3519 1213 3580 ⁸;
1276 3527 1614 3589 quapropter
1674 3529 1728 3574 et
1783 3521 1837 3575 in
1894 3522 2014 3578 loco

433 3613 604 3667 sunt,
668 3614 722 3659 et
762 3603 900 3659 ﬁunt
930 3607 1199 3672 visibiles,
1230 3608 1360 3663 dum
1403 3611 1470 3666 iis
1499 3613 1592 3681 qui
1647 3612 1796 3685 digni
1846 3625 2010 3682 sunt,

433 3705 698 3766 apparent
752 3696 806 3751 in
870 3699 1050 3768 specie
1117 3701 1462 3771 propriorum
1531 3719 1844 3774 corporum.
1907 3707 2013 3764 Sed

432 3785 820 3852 sanctiﬁcatio,
881 3804 1004 3858 qua:
1063 3798 1147 3844 est
1173 3798 1329 3846 extra
1357 3793 1719 3848 substantiam
1770 3796 2012 3864 illorum,

431 3877 828 3946 perfectionem
864 3881 975 3938 illis
1030 3881 1186 3938 aﬁ‘ert
1241 3899 1339 3954 per
1391 3887 1830 3942 communionem
1885 3887 2010 3959 Spi-

429 3967 594 4022 ritus.
623 3968 968 4027 Conservant
1003 3979 1187 4028 autem
1242 3974 1563 4045 dignitatem
1616 3992 1713 4047 per
1755 3994 2012 4049 perseve-

433 4061 669 4114 rantiam
727 4061 784 4116 in
824 4063 1013 4127 bono,
1060 4064 1324 4121 habentes
1382 4067 1603 4137 quidem
1646 4069 1702 4123 in
1765 4070 2015 4142 eligendo

432 4147 664 4204 liberum
730 4152 1016 4208 arbitrium
1045 4194 1060 4219 ,
1104 4171 1386 4226 nunquam
1444 4167 1625 4213 tamen
1664 4160 1732 4213 ab
1765 4160 1886 4230 ejus
1919 4162 2013 4232 qui

429 4253 560 4294 vere
601 4241 780 4297 bonus
827 4253 912 4300 est
956 4247 1240 4302 consortio
1291 4248 1654 4307 excidentes:
1721 4252 1794 4306 ita
1851 4263 1910 4307 ut
1966 4255 2014 4308 si

430 4330 762 4387 subduxeris
813 4336 1026 4391 ratione
1090 4338 1354 4406 Spiritum
1385 4379 1401 4404 ,
1463 4341 1726 4410 perierint
1783 4345 2010 4414 angelo-

429 4438 554 4476 rum
582 4422 828 4488 chorem,
861 4426 1089 4481 sublatae
1139 4429 1253 4483 sint
1279 4445 1499 4500 quoque
1555 4433 2014 4504 archangelorum

2103 1871 2159 1946 δὲ
2189 1871 2454 1962 στόματος
2491 1889 2628 1942 Θεοῦ
2653 1888 2715 1941 τὸ
2753 1885 2976 1956 Πνεῦμα.
3004 1883 3105 1953 τῆς
3135 1878 3415 1951 ἀληθείας,
3457 1874 3486 1928 ὃ
3525 1871 3677 1944 παρὰ

2103 1981 2196 2036 τοῦ
2250 1982 2464 2053 Πατρός
2507 1978 2884 2050 ἐκπορεύεται.
2957 1975 3097 2044 Τρία
3150 1973 3330 2024 τοίνυν
3383 1969 3544 2029 νοεῖς,
3585 1965 3676 2018 τὸν

2105 2074 2510 2144 προστάσσοντα
2551 2070 2773 2143 Κύριον,
2806 2070 2896 2123 τὸν
2925 2063 3360 2137 δημιουργοῦντα
3395 2061 3588 2128 Λόγον,
3617 2057 3679 2110 τὸ

2107 2165 2359 2236 στερεοῦν
2486 2165 2545 2218 τὸ
2566 2163 2809 2234 Πνεῦμα.
2842 2161 2906 2214 Τί
2937 2159 2980 2213 δ’
3009 2159 3074 2212 ἂν
3101 2157 3228 2210 ἄλλο
3261 2154 3346 2224 εἴη
3386 2151 3679 2220 στερέωσις

2107 2255 2139 2326 ἢ
2171 2257 2203 2326 ἡ
2232 2254 2373 2308 κατὰ
2405 2255 2498 2308 τὸν
2540 2254 2810 2324 ἀγιασμὸν
2838 2250 3142 2312 τελείωσις,
3175 2247 3235 2300 τὸ
3271 2244 3551 2298 ἁνένδοτον
3584 2239 3681 2292 καὶ

2107 2346 2374 2419 ἄτρεπτον
2415 2346 2510 2398 καὶ
2555 2344 2767 2411 παγίως
2817 2338 3205 2414 ἐρηρεισμένον
3251 2336 3308 2388 ἐν
3352 2329 3540 2400 ἀγαθῷ
3580 2330 3682 2398 τῆς

2114 2437 2458 2511 στερεώσεως
2508 2435 2914 2507 ἐμφαινούσηςς
2975 2429 3270 2500 Ἀγιασμὸς
3311 2427 3367 2480 δὲ
3416 2426 3518 2478 οὐκ
3549 2423 3683 2478 ἄνευ

2112 2530 2444 2601 Πνεύματος.
2479 2530 2553 2581 Οὐ
2591 2529 2698 2599 γὰρ
2726 2527 2887 2596 φύσει
2918 2527 3072 2594 ἅγιαι
3101 2525 3154 2577 αἱ
3187 2523 3294 2576 τῶν
3324 2520 3565 2591 οὐρανῶν
3600 2522 3684 2576 δυ-

2104 2625 2327 2695 νάμειςο
2376 2623 2408 2691 ἢ
2461 2621 2604 2675 οὓτω
2649 2623 2700 2690 γ’
2731 2621 2796 2675 ἂν
2951 2620 3206 2691 οὐδεμίαν
3247 2621 3384 2691 πρὸς
3431 2620 3492 2672 τὸ
3531 2620 3690 2688 ἆγιον

2103 2714 2330 2786 Πνεῦμα
2368 2714 2470 2785 τὴν
2499 2713 2760 2784 διαφορὰν
2794 2712 2996 2783 ἔχοιενο
3030 2713 3168 2767 ἀλλά
3211 2712 3350 2766 κατά
3391 2711 3690 2780 ἀναλογίαν

2101 2809 2202 2880 τῆς
2242 2809 2378 2880 πρὸς
2409 2807 2642 2878 ἀλλήλας
2670 2805 2970 2880 ὑπεροχῆς,
3014 2805 3109 2859 τοῦ
3156 2806 3433 2877 ἀγιασμοῦ
3483 2805 3544 2858 τὸ
3589 2807 3692 2875 μέ-

2102 2918 2231 2976 τρον
2269 2901 2420 2973 παρά
2445 2899 2538 2954 τοῦ
2566 2897 2882 2970 Πνεύματος
2920 2897 3160 2968 ἔχουσαι.
3216 2897 3303 2960 Ὠς
3343 2896 3454 2968 γὰρ
3489 2899 3519 2949 ό
3552 2913 3692 2950 καυ-

2103 2993 2206 3065 τὴρ
2226 2993 2362 3064 μετά
2380 2991 2474 3046 τοῦ
2521 2991 2691 3060 πυρὸς
2722 2991 2942 3054 νοεῖται,
2973 2990 3086 3042 καῖ’
3113 2989 3241 3043 ἄλλο
3279 2989 3462 3060 μέντοι
3487 2989 3520 3058 ἡ
3549 2989 3692 3041 ὐπο-

2106 3084 2334 3154 κειμένη
2373 3083 2493 3152 ὐλη,
2535 3085 2628 3136 καὶ
2665 3081 2794 3136 ἀλλο
2837 3080 2900 3134 τδ
2935 3079 3072 3150 πῦρ·
3123 3079 3264 3133 οὕτω
3303 3079 3399 3132 καὶ
3443 3079 3538 3131 ἐπὶ
3582 3079 3692 3132 τῶν

2106 3176 2372 3247 οὐρανίων
2417 3173 2719 3244 δυνάμεων,
2773 3173 2806 3242 ἡ
2867 3170 2966 3241 μὲν
3017 3170 3177 3223 οὐσία
3232 3169 3448 3232 αὐτῶν,
3503 3170 3692 3241 ἀέριον

2107 3266 2324 3338 πνεῦμα
2361 3303 2376 3326 ,
2490 3267 2538 3318 εὶ
2559 3264 2730 3334 τύχοι,
2764 3263 2798 3332 ἢ
2829 3262 2940 3331 πῦρ
2963 3261 3143 3325 ἅῦλον,
3175 3261 3317 3314 κατὰ
3343 3260 3404 3314 τὸ
3432 3277 3686 3332 γεγραμο

2110 3357 2269 3431 μένον
2290 3374 2302 3387 ·
2353 3358 2405 3409 Ὀ
2435 3354 2620 3409 ποιῶν
2651 3353 2793 3420 τοὺς
2811 3352 3110 3422 ἀγγέλους
3135 3351 3321 3406 αὐτοῦ
3351 3353 3688 3417 πνεύματα,

2108 3450 2205 3504 καὶ
2231 3449 2374 3513 τοὺς
2404 3445 2790 3514 λειτουργοὺς
2822 3443 3010 3498 αὐτοῦ
3049 3441 3240 3509 πυρὸς
3443 3444 3645 3512 φλόγα
3675 3459 3688 3471 ·

2107 3541 2188 3595 διὸ
2223 3541 2318 3593 καὶ
2355 3541 2412 3592 ἐν
2465 3538 2614 3608 τόπῳ
2659 3537 2788 3598 εἰσὶ,
2836 3536 2932 3590 καὶ
2975 3535 3162 3606 ὀρατοὶ
3209 3533 3470 3603 γίνονται,
3522 3536 3582 3586 ἐν
3618 3534 3696 3605 τῷ

2108 3630 2236 3684 εἴδει
2283 3629 2392 3682 τῶν
2443 3627 2658 3680 οἰκείων
2695 3623 2872 3678 αὐτῶν
2910 3625 3179 3695 σωμάτων
3205 3626 3320 3687 τοῖς
3370 3621 3544 3686 ἀξίοις
3592 3626 3694 3692 ἐμ-

2109 3717 2479 3789 φανιζόμενοι.
2549 3718 2605 3770 '0
2655 3715 2837 3786 μέντοι
2881 3713 3170 3783 ἁγιασμὸς,
3227 3711 3425 3779 ἔξωθεν
3472 3710 3550 3764 ὢν
3597 3712 3696 3781 τῆς

2108 3810 2313 3874 οὐσίας,
2342 3809 2438 3880 τὴν
2473 3808 2752 3862 τελείωσιν
2787 3807 2969 3870 αὐτοῖς
3001 3807 3194 3874 ἐπάγει
3227 3804 3316 3858 διά
3358 3803 3460 3873 τῆς
3500 3820 3695 3856 κοινω-

2110 3903 2228 3966 νίας
2271 3902 2364 3955 τοῦ
2405 3900 2738 3970 Πνεύματος.
2795 3898 3134 3952 Φυλάσσουσι
3176 3899 3234 3951 δὲ
3283 3896 3379 3967 τὴν
3426 3896 3588 3959 ἀξίαν
3627 3898 3692 3966 τῇ

2109 3995 2342 4063 ἐπιμονῇ
2376 3991 2470 4043 τοῦ
2519 3989 2706 4054 καλοῦ,
2746 3988 2965 4059 ἔχουσαι
3017 3987 3116 4058 μὲν
3164 3989 3221 4040 ἐν
3271 3985 3594 4056 προαιρέσει
3632 3985 3694 4036 τὸ

2110 4084 2474 4150 αὐτεξούσιον,
2505 4082 2759 4136 οὐδέποτε
2799 4079 2856 4133 δὲ
2890 4081 2954 4132 ἐκ
2996 4065 3098 4148 τῆς
3134 4077 3228 4130 τοῦ
3274 4078 3438 4140 ὄντως
3483 4075 3694 4144 ἀγαθοῦ

2110 4175 2460 4251 προσεδρείας
2493 4173 2853 4227 ἐκπίπτουσαι
2885 4186 2897 4200 °
2929 4170 3006 4233 ὡς
3047 4168 3141 4221 ἐὰν
3188 4168 3387 4240 ὐφέλῃς
3425 4167 3506 4237 τῷ
3554 4161 3696 4237 λόγῴ

2109 4265 2172 4318 τὸ
2224 4263 2484 4334 Πνεῦμα,
2544 4262 2792 4315 λέλυνται
2850 4260 2949 4329 μὲν
3001 4256 3250 4325 ἀγγέλων
3445 4257 3692 4322 χορεῖαι,

2111 4358 2412 4430 ἀνῄρηνται
2455 4356 2514 4410 δὲ
2562 4352 2917 4426 ἀρχαγγέλων
2965 4348 3304 4410 ἐπιστασίαι,
3357 4347 3695 4415 συγκέχυται

2110 4450 2169 4504 δὲ
2191 4449 2260 4502 τά
2279 4450 2456 4502 πάντα
2481 4463 2493 4474 '
2513 4444 2928 4516 ἀνομοθέτητος,
2951 4439 3206 4501 ἄτακτος,
3237 4436 3491 4506 ἀόριστος
3518 4435 3696 4489 αὐτῶν

431 4512 815 4583 praefecturae,
869 4523 1034 4585 atque
1077 4517 1308 4573 confusa
1366 4519 1571 4574 fuerint
1618 4521 1802 4575 omnia
1853 4525 2009 4578 :vita

2114 4540 2148 4608 ὴ
2202 4536 2340 4609 ζωή.
2380 4536 2508 4598 Πῶς
2556 4512 2655 4606 μέν
2695 4533 2803 4604 γὰρ
2853 4529 3081 4582 εἴπωσιν
3121 4525 3376 4594 ἄγγελοι·
3432 4525 3592 4587 Δόξα
3629 4524 3699 4575 ἐν

433 4605 680 4677 ipsorum
743 4607 881 4661 nulli
944 4608 1093 4678 legi.
1152 4610 1285 4664 nulli
1343 4611 1568 4680 ordini,
1620 4613 1758 4666 nulli
1815 4616 2016 4685 regula

432 4697 739 4767 subjaccat.
815 4697 1102 4764 Quomodo
1171 4701 1314 4756 enim
1359 4702 1543 4758 dicent
1573 4706 1753 4775 angeli
1785 4724 1797 4760 :
1829 4705 2014 4762 Gloria

393 4789 487 4842 -in
539 4789 760 4844 excelsis
817 4790 965 4845 Deo“
998 4831 1015 4856 ,
1079 4791 1184 4846 nisi
1243 4808 1274 4844 a
1339 4791 1545 4863 Spiritu
1593 4803 1820 4866 accepta
1858 4805 2013 4866 pote-

433 4888 574 4934 state
602 4881 625 4934 ?
675 4880 845 4936 Nemo
883 4883 1158 4953 siquidem
1192 4893 1364 4953 potest
1395 4884 1574 4941 dicere
1604 4885 1894 4942 Dominum
1919 4887 2015 4944 Je-

410 4983 572 5035 sum,
635 4971 740 5023 nisi
785 4973 839 5026 in
871 4971 1078 5042 Spiritu
1115 4985 1338 5041 sancto,
1397 4986 1448 5031 et
1499 4977 1681 5034 nullus
1716 4979 1769 5033 in
1807 4979 2015 5050 Spiritu

431 5058 531 5114 Dei
561 5061 782 5132 loquens
837 5064 971 5118 dixit
1022 5065 1210 5124 Jesum
1249 5069 1572 5126 anathema“
1623 5090 1638 5138 ;
1693 5073 1838 5144 quod
1881 5089 2016 5132 sane

431 5155 668 5211 dixerint
693 5158 846 5228 pravi
895 5166 951 5214 et
994 5161 1293 5218 adversarii
1327 5167 1556 5237 spiritus
1582 5205 1602 5232 ,
1650 5183 1885 5238 quorum
1930 5170 2013 5225 la-

429 5265 565 5320 psus
637 5251 961 5321 comprobat
1013 5253 1160 5322 quod
1225 5255 1490 5326 dicimus,
1537 5260 1770 5317 virtutes
1820 5261 2014 5318 invisi-

429 5343 570 5399 biles
624 5358 748 5399 esse
796 5342 881 5399 sui
918 5343 1169 5412 arbitrii,
1224 5362 1380 5417 teque
1435 5350 1505 5404 ad
1551 5352 1808 5408 virtutem
1851 5362 2015 5424 atque

429 5436 497 5492 ad
549 5437 740 5492 vitium
810 5438 1128 5503 vertibiles,
1194 5449 1250 5496 et
1315 5443 1386 5497 ob
1433 5443 1487 5497 id
1546 5459 1687 5514 opus
1749 5445 2014 5503 habentes

428 5528 635 5583 auxilio
668 5528 931 5598 Spiritus.
977 5524 1088 5602 Ego
1119 5548 1249 5588 vero
1295 5533 1475 5604 ipsum
1510 5534 1815 5594 Gabrielem
1867 5537 2013 5593 haud

429 5617 538 5671 alio
578 5620 741 5675 modo
769 5623 1006 5676 arbitror
1038 5625 1332 5693 praedicere
1369 5627 1550 5682 futura
1587 5644 1604 5674 τ
1630 5670 1645 5696 ,
1676 5645 1838 5700 quam
1876 5645 2013 5701 prae-

2112 4628 2397 4696 ὐψίστοις
2429 4623 2570 4690 Θεῷ,
2606 4623 2680 4694 μὴ
2724 4617 3136 4690 δυναμωθέντες
3182 4614 3286 4668 ὑπὸ
3317 4613 3411 4666 τοῦ
3447 4611 3697 4683 Πνεύμα-

2113 4733 2239 4783 τος;
2270 4715 2479 4780 Οὐδεὶς
2523 4714 2632 4784 γὰρ
2659 4711 2908 4764 δύναται
2951 4705 3138 4760 εἰπεῖν
3179 4703 3397 4772 Κύριον
3430 4700 3695 4768 Ἰησοῦν,

2114 4811 2165 4862 εὶ
2198 4808 2285 4877 μὴ
2321 4807 2390 4860 ὲν
2421 4805 2714 4873 Πνεύματι
2747 4801 2912 4869 ἁγίῳ,
2939 4797 3040 4851 καί
3067 4795 3268 4861 οὐδεὶς
3292 4795 3362 4847 ἐν
3387 4791 3698 4861 ’Πνεύματι

2117 4900 2266 4954 Θεοῦ
2292 4896 2496 4953 λαλῶν
2543 4895 2704 4965 λέγει
2749 4891 3014 4960 ἀνάθεμα
3063 4887 3306 4956 Ἰησοῦν
3329 4903 3342 4916 ⁸
3391 4886 3530 4956 ὅπερ
3557 4881 3699 4935 εἴποι

2115 4987 2183 5041 ἂν
2369 4985 2436 5038 τὰ
2466 4983 2678 5054 πονηρά
2707 4980 2802 5035 καὶ
2830 4977 3182 5047 ἀντικείμενα
3216 4975 3525 5046 πνεύματα,
3559 4969 3636 5027 ὧν
3664 4973 3696 5044 ἡ

2117 5077 2434 5139 ἀπόπτωσις
2487 5075 2767 5145 συνίστησι
2819 5071 2913 5125 τὸν
2957 5069 3134 5137 λόγον,
3185 5066 3278 5120 τοῦ
3319 5064 3697 5132 αὐτεξουσίους

2117 5163 2256 5221 εἷναι
2295 5167 2396 5230 τὰς
2447 5165 2710 5236 ἀοράτους
2759 5163 3054 5234 δυνάμεις,
3109 5159 3413 5229 ἰσορρόπως
3467 5155 3697 5226 ἐχούσας

2120 5260 2256 5332 πρὸς
2277 5258 2472 5330 ἀρετὴν
2502 5258 2596 5312 καὶ
2629 5255 2850 5318 κακίαν,
2885 5253 2980 5308 καὶ
3010 5249 3100 5304 διὰ
3125 5248 3286 5302 τοῦτο
3309 5247 3569 5316 δεομένας
3600 5244 3697 5312 τῆς

2120 5354 2215 5408 τοῦ
2267 5351 2586 5421 Πνεύματος
2639 5346 2912 5419 βοηθείας.
2980 5342 3118 5412 Ἐγὼ
3176 5342 3272 5395 καὶ
3319 5339 3409 5392 τὸν
3456 5337 3495 5390 Γ
3497 5334 3687 5406 αϐριὴ)

2121 5445 2406 5519 προλέγειν
2453 5443 2520 5497 τὰ
2569 5440 2831 5513 μέλλοντα
2877 5438 3130 5508 οὐδαμῶς
3163 5433 3338 5495 ἄλλως
3381 5429 3524 5501 φημὶ
3562 5429 3594 5499 ἢ
3628 5427 3692 5519 τῇ

2123 5517 2427 5610 προγνώσει
2459 5535 2550 5588 τοῦ
2587 5533 2924 5603 Πνεύματος.
2962 5530 3104 5582 Διότι
3132 5527 3190 5579 ἐν
3223 5525 3333 5578 τῶν
3501 5523 3569 5574 ἐκ
3596 5517 3692 5587 τῆς

2121 5629 2436 5699 διαιρέσεως
2469 5626 2559 5679 τοῦ
2594 5623 2908 5705 Πνεύματος
2937 5618 3288 5691 χαρισμάτων
3321 5614 3466 5667 ἐστὶν
3498 5615 3532 5682 ἡ
3563 5626 3692 5683 προ-

520 5810 537 5842 ⁸
568 5808 710 5866 Psal.
749 5823 916 5875 χχχιι,
949 5809 1007 5865 6.
1084 5810 1102 5841 ¹
1151 5807 1310 5867 Joan.
1348 5822 1388 5877 ι,
1421 5805 1472 5862 1.
1550 5805 1569 5839 ⁸
1614 5803 1772 5862 Joan.
1807 5819 1898 5873 xv,
1952 5804 2009 5860 ἓξ

2120 5807 2140 5836 ⁸
2194 5802 2338 5861 Psal.
2372 5817 2490 5871 cm,
2555 5804 2606 5857 4.
2685 5805 2704 5835 ⁵
2748 5817 2881 5859 Luc.
2917 5815 2975 5869 ιι,
3010 5799 3097 5858 Η.
3197 5801 3219 5836 ⁸
3251 5799 3272 5855 ι
3309 5798 3433 5856 Cor.
3491 5809 3588 5861 xu,
3643 5793 3690 5848 5.

430 5877 454 5914 ⁷
506 5877 641 5936 Luc.
674 5893 712 5938 ι,
744 5878 835 5932 26.
