4078 6292
233 405 353 472 761

232 535 469 607 φητεία.
518 529 578 587 '0
609 531 669 584 δὲ
693 529 766 584 τὰ
822 529 1092 600 μυστήρια
1133 527 1232 596 τῆς
1272 526 1534 588 ὀπτασίας
1568 523 1644 595 τῷ
1675 522 1829 596 ἀνδρὶ
1859 532 1902 583 Α

231 628 356 681 τῶν
402 622 712 694 ἐπιθυμιῶν
760 619 1074 689 ιπιταχθεὶς
1112 617 1450 688 διαγγεῖλαι,
1481 617 1645 670 πόθεν
1679 633 1830 686 σοφι·

235 718 398 782 aest;
444 713 563 787 εἶχε
613 714 887 769 διδάσκειν
939 711 1008 763 τά
1071 710 1466 782 κεκρυμμένα,
1522 710 1571 761 εί
1625 709 1700 780 μὴ
1750 705 1831 778 τῷ

231 807 533 879 Πνεῦματι
561 806 639 876 τῷ
687 804 862 874 άγίῳς
907 802 1008 872 τῆς
1049 799 1444 870 ἀποκαλύψεως
1483 800 1591 852 τῶν
1625 814 1830 870 μυστη-

233 902 378 971 ρίων
417 899 569 961 ἰδίως
596 896 675 966 τῷ
706 895 987 965 Πνεῦματι
1027 891 1430 964 προσηκούσης,
1468 891 1607 944 κατὰ
1649 890 1710 943 τὸ
1736 906 1834 958 -γε-

230 993 593 1064 γραμμένον,
623 993 704 1044 ὅτι
743 989 905 1058 Ἡμῖν
931 984 1330 1054 ἀπεκάλυψεν
1367 989 1399 1040 ό
1428 984 1572 1050 Θεὸς
1603 984 1701 1038 διὰ
1726 981 1832 1038 τοῦ

229 1086 621 1152 Πνεύματος.
673 1080 864 1151 Θρόνοι
909 1079 965 1132 δὲ
1009 1078 1100 1131 καὶ
1151 1078 1490 1148 κυριότητες,
1532 1077 1626 1130 καὶ
1667 1076 1834 1147 ἀρχαὶ

228 1177 331 1230 καὶ
375 1174 650 1238 ἐξουσίαι,
695 1169 812 1234 πῶς
855 1171 922 1224 ἂν
965 1168 1062 1240 τὴν
1111 1170 1386 1240 μακαρίαν
1590 1167 1835 1238 διεξῆγον

228 1265 410 1335 ζωὴν,
451 1267 505 1318 εί
553 1264 625 1335 μὴ
671 1263 759 1316 διὰ
800 1261 997 1325 παντὸς
1039 1259 1266 1314 ἔϐλεπον
1313 1261 1374 1312 τὸ
1406 1260 1699 1332 πρόσωπον
1733 1259 1828 1312 τοῦ

229 1356 466 1427 Harpe;
515 1355 606 1407 τοῦ
654 1357 712 1407 ὲν
757 1354 1040 1424 οὐρανοῖς;
1081 1352 1153 1405 Τὸ
1185 1352 1242 1405 δὲ
1299 1349 1519 1421 βλέπειν
1548 1351 1650 1403 οὐκ
1702 1352 1830 1405 ἄνευ

230 1448 331 1502 τοῦ
372 1444 721 1517 Πνεύματος.
770 1447 980 1516 Ὥσπερ
1024 1447 1134 1516 γὰρ
1175 1447 1232 1496 ὲν
1269 1446 1445 1507 νυκτὶ,
1491 1443 1586 1497 ἐὰν
1626 1442 1833 1516 ὑφέλῃς

229 1544 295 1598 τὸ
324 1543 455 1612 φῶς
493 1542 599 1596 ἀπὸ
626 1541 725 1610 τῆς
751 1539 943 1604 οἰκίας,
965 1538 1164 1606 τυφλαὶ
1197 1539 1295 1606 μὲν
1320 1539 1378 1590 αι
1411 1535 1579 1606 ὄψεις,
1615 1534 1835 1608 ἁνενέρ-

229 1650 403 1705 γητοι
441 1634 507 1686 δὲ
552 1630 969 1686 καταλείπονται
1001 1631 1053 1681 at
1107 1620 1385 1699 δῦνάμεις,
1436 1629 1832 1697 άνεπίγνωστοι

233 1725 295 1779 δὲ
332 1725 396 1778 αἱ
433 1724 611 1788 ἀξίαι,
644 1721 738 1775 καὶ
772 1719 971 1791 χρυσοῦ
1016 1719 1111 1772 καλ⁸
1147 1719 1369 1790 σιδήρου
1404 1719 1605 1789 ὁμοίως
1633 1733 1835 1772 πατου-

233 1817 435 1889 μένων
473 1814 568 1867 διὰ
606 1813 704 1900 τὴν
733 1811 956 1900 ᾇγνοιαν
974 1824 988 1838 ·
1008 1807 1204 1900 *οὕτως
1239 1809 1331 1862 ἐπὶ
1361 1809 1458 1900 τῆς
1488 1809 1687 1900 νοητῆς
1714 1808 1834 1862 δια·
1863 1844 1904 1900 Β

232 1903 610 1970 κοσμήσεως,
647 1899 926 1968 ἀμήχανον
970 1896 1068 1968 τὴν
1098 1897 1356 1968 ἔνθεσμον
1383 1898 1597 1969 ἐκείνην
1629 1898 1840 1970 διαμει-

227 2008 323 2045 ναι
341 1992 514 2063 ζωὴν
531 1993 656 2046 ἄνευ
676 1991 770 2043 τοῦ
789 1988 928 2045 Πνεύ
937 2007 1104 2061 ματος
1119 2006 1132 2020 ·
1164 1990 1224 2042 οὐ
1251 1989 1448 2059 μᾶλλόν
1473 1990 1584 2060 γεῆ
1621 2005 1838 2061 στρατο-

227 2085 405 2138 πέδου
437 2085 548 2155 τὴν
569 2083 838 2150 εὐταξίαν,
862 2082 953 2136 τοῦ
977 2081 1272 2152 ταξιάρχου
1298 2083 1374 2152 μὴ
1545 2082 1808 2153 παρόντος
1823 2093 1837 2108 “

227 2175 263 2245 ἥ
297 2174 486 2244 χοροῦ
523 2174 621 2245 τὴν
650 2173 986 2244 συμφωνίαν,
1014 2173 1109 2226 τοῦ
1139 2172 1436 2245 κορυφαίου
1470 2169 1546 2242 μὴ
1576 2169 1844 2239 συναρμό-

229 2265 460 2329 ζοντος.
516 2264 638 2329 Πῶς
678 2264 792 2337 [ἂν]
827 2265 953 2335 εἴπῃ
990 2263 1060 2317 τὰ
1101 2265 1363 2336 σεραφὶμ,
1401 2263 1622 2332 "Ay-tog,
1653 2261 1840 2329 ἅγιος,

228 2362 434 2430 ἅγιος,
478 2360 558 2431 μὴ
579 2357 891 2428 διδαχθέντα
921 2357 1072 2428 παρὰ
1110 2356 1206 2410 τοῦ
1237 2355 1581 2426 Πνεύματος,
1614 2353 1843 2416 ποσάκις

230 2453 393 2505 ἐστὶν
439 2449 672 2512 εὐσεϐὲς
729 2449 826 2518 τὴν
875 2447 1179 2516 δοξολογίαν
1236 2445 1441 2516 ταύτην
1498 2443 1841 2512 ἀναφωνεῖν;

230 2543 366 2596 Εἴτε
390 2539 504 2595 οὖν
539 2539 746 2593 αἰνοῦσι
774 2537 866 2590 τὸν
898 2538 1030 2590 Θεὸν
1059 2537 1261 2599 πάντες
1289 2538 1340 2589 oi
1383 2533 1604 2603 ἄγγελοι
1649 2531 1838 2596 αὑτοῦ,

230 2633 331 2686 καὶ
367 2629 634 2684 αίνοῦσιν
669 2626 830 2680 αὐτὸν
853 2628 1024 2679 πᾶσαι
1050 2627 1104 2679 at
1137 2626 1393 2696 δυνάμεις
1415 2621 1581 2678 αὑτοῦ
1598 2662 1614 2688 ,
1636 2621 1724 2675 διὰ
1746 2623 1845 2692 τῆς

227 2723 330 2777 τοῦ
372 2720 711 2790 Πνεῦματος
755 2717 1076 2789 συνεργείας
1113 2733 1127 2749 ⁸
1307 2717 1418 2769 εἴτε
1465 2715 1843 2786 παρεστήκασι

228 2816 414 2887 χίλιαι
453 2811 701 2884 χιλιάδες
733 2808 1002 2876 ἀγγέλων,
1037 2808 1128 2863 καὶ
1178 2807 1371 2882 μύριαι
1419 2805 1679 2878 μυριάδες
1725 2804 1840 2856 λει-

228 2903 640 2976 τουργούντων
682 2928 700 2960 ,
864 2899 922 2952 ὲν
951 2901 1017 2970 τῇ
1047 2897 1272 2967 δυνάμει
1307 2895 1401 2949 τοῦ
1436 2893 1754 2964 Πνεύματος
1783 2891 1845 2944 τὸ

227 2998 451 3049 οἰκεῖον
505 2992 669 3062 ἔργον
714 2991 960 3064 ἀμώμως
1007 2986 1335 3042 ἐπιτελοῦσι.
1396 2987 1584 3040 Πᾶσαν
1618 2979 1711 3036 οὖν
1741 2982 1842 3051 τὴν

229 3084 657 3158 ὐπερουράνιον
697 3083 910 3151 εκείνην
957 3079 1050 3132 καὶ
1073 3077 1314 3149 ἄρρητον
1350 3073 1636 3145 ἁρμονίαν,
1684 3070 1739 3123 ἔν
1781 3085 1842 3122 τι

227 3177 301 3246 τῇ
342 3174 684 3244 λειτουργίᾳ
717 3171 853 3226 Θεοῦ
891 3169 987 3224 καὶ
1009 3171 1075 3239 τῇ
1109 3166 1245 3238 πρὸς
1277 3163 1513 3234 ἀλλήλας
1544 3161 1651 3214 τῶν
1677 3162 1844 3231 ὑπερ-
1863 3166 1904 3222 C

217 3265 497 3337 κοσμίων
541 3264 816 3334 δυνάμεων
850 3257 1159 3330 συμφωνίᾳ,
1204 3257 1465 3310 ἀδύνατον
1509 3252 1847 3323 φυλαχθῆναι

227 3355 335 3428 [εί]
355 3354 450 3426 μὴ
470 3357 540 3424 τῇ
561 3352 851 3424 ἐπιστασίᾳ
875 3350 970 3404 τοῦ
994 3347 1329 3418 Πνεύματος.
1363 3343 1519 3397 Οῦτω
1547 3345 1644 3414 μὲν
1667 3337 1758 3394 οῦν
1787 3341 1846 3394 ιν

224 3443 595 3516 δημιουργίᾳ
624 3443 855 3513 πάρεστι
886 3439 946 3492 τὸ
979 3437 1204 3508 Πνεῦμα
1237 3435 1296 3488 τὸ
1327 3435 1482 3503 ἅγιον
1504 3435 1616 3495 τοῖς
1638 3433 1740 3484 οὐκ
1779 3430 1846 3483 ὲκ

227 3528 555 3601 προκοπῆς
587 3527 1002 3596 τελειουμένοις,
1031 3525 1144 3578 ἀλλ’
1172 3525 1264 3577 ἀπ’
1291 3522 1460 3592 αὐτῆς
1488 3521 1586 3592 τῆς
1615 3519 1845 3582 κτίσεως

225 3622 420 3684 εὐθὺς
451 3619 700 3682 τελείοις,
723 3621 802 3682 είς
827 3618 916 3670 τὸν
946 3615 1291 3686 ἀπαρτισμὸν
1326 3614 1420 3667 καὶ
1451 3611 1844 3684 συμπλήρωσιν

223 3711 335 3780 τῆς
410 3709 770 3772 ὑποστάσεως
821 3706 1001 3761 αὐτῶν
1061 3706 1161 3776 τὴν
1228 3706 1359 3775 παρ’
1423 3701 1617 3756 ἑαυτοῦ
1686 3701 1845 3772 χάριν

229 3818 396 3856 συνει
407 3799 767 3870 σφερόμενον.

457 3891 570 3952 Τὰς
608 3889 666 3941 δὲ
712 3886 841 3958 rapi.
881 3885 974 3940 τὸν
1029 3883 1318 3955 ἄνθρωπον
1367 3879 1704 3950 οἰκονομίας.
1745 3875 1846 3940 τὰς

230 3982 352 4036 ὑπὸ
407 3979 514 4032 τοῦ
553 3979 788 4050 μεγάλου
839 3974 972 4028 Θεοῦ
1019 3974 1114 4028 καὶ¹
1161 3972 1415 4042 Σωτῆρος
1463 3968 1620 4040 ἡμῶν
1670 3963 1844 4036 Ἰησοῦ

231 4071 508 4148 Χριστοῦ
529 4072 670 4125 κατὰ
686 4071 781 4141 τὴν
798 4068 1108 4138 ἁγαθόιητα
1134 4065 1228 4118 τοῦ
1245 4062 1379 4117 Θεοῦ
1528 4059 1844 4130 γενομένας,

237 4166 331 4230 et;
365 4165 603 4234 ἀντερεῖ
635 4162 708 4232 μὴ
734 4161 855 4230 οὐχὶ
893 4160 980 4213 διὰ
1013 4159 1110 4228 τῆς
1145 4156 1239 4210 τοῦ
1281 4154 1595 4224 Πνεύματος
1626 4150 1846 4222 χάριτος

229 4249 707 4321 πεπληροῦσθαι;
736 4249 859 4302 Eis:
899 4247 1077 4317 βούλει
1114 4246 1184 4300 τὰ
1215 4242 1422 4297 παλαιὰ
1461 4243 1714 4294 σκοπεῖν·
1749 4238 1846 4302 τὰς

231 4346 356 4399 τῶν
416 4339 783 4412 στατριαρχῶν
831 4337 1098 4406 εὐλογίας,
1139 4336 1238 4406 τὴν
1279 4335 1343 4386 ἐκ
1381 4333 1478 4404 τῆς
1529 4329 1846 4402 νομοθεσίας

228 4433 552 4506 δεδομένην
588 4431 863 4504 βοήθειαν,
908 4430 1033 4492 τοὺς
1076 4427 1300 4490 τύπους,
1344 4423 1446 4488 τὰς
1484 4420 1845 4495 προφητείας,

231 4531 306 4584 τὰ
338 4533 407 4583 ὲν
450 4527 702 4598 πολέμοις
737 4524 1226 4596 ἀνδραγαθήματα,
1258 4519 1329 4574 τὰ
1369 4520 1457 4573 διὰ
1484 4518 1592 4572 τῶν
1624 4516 1846 4570 δικαίων
1866 4513 1905 4567 D

233 4621 497 4692 σημεῖα⁶
552 4617 663 4669 εἴτε
715 4617 786 4670 τὰ
832 4615 960 4686 περὶ
1013 4616 1111 4684 τὴν
1168 4612 1432 4683 ἔνσαρκον
1487 4605 1582 4663 τοῦ
1636 4607 1845 4679 Κυρίου

228 4709 560 4783 παρουσίαν
587 4706 1012 4777 οίκονομηθέντα
1031 4721 1045 4734 °
1077 4703 1166 4757 διὰ
1187 4702 1281 4756 τοῦ
1315 4701 1655 4771 Πνεύματος.
1687 4697 1846 4770 Πρὼ-

225 4818 328 4855 τον
385 4799 496 4870 μὲν
544 4797 653 4868 γὰρ
707 4797 846 4868 αὐτῇ
901 4798 967 4866 τῇ
1015 4794 1180 4865 σαρκὶ
1239 4792 1334 4846 τοῦ
1387 4791 1594 4862 Κυρίου
1659 4789 1844 4860 συνῆν,

229 4893 473 4964 χρίσμα
515 4889 828 4959 γενόμενον,
878 4889 972 4940 καὶ
1023 4885 1342 4957 ἁχωρίστως
1388 4883 1561 4954 παρὸν
1608 4881 1748 4934 κατὰ
1786 4880 1847 4934 τὸ

227 4982 664 5054 γεγραμμένον·
695 4981 814 5049 Ἐφ’
841 4979 912 5032 ὃν
939 4980 1014 5033 ἂν
1048 4979 1184 5047 ιδῃς
1211 4977 1278 5031 τὸ
1302 4975 1539 5044 Πνεῦμα
1572 4967 1848 5027 καταϐαῖ-

226 5090 382 5137 νον,
445 5073 541 5126 καὶ
582 5073 774 5142 μένον
809 5073 902 5125 ἐπ’
954 5071 1162 5135 αὑτὸν,
1209 5065 1386 5134 οὗτός
1434 5068 1606 5119 ἐστιν
1637 5069 1670 5119 ό
1716 5067 1846 5131 ridi;

219 5183 363 5236 μου
385 5167 424 5218 ό
455 5165 763 5234 ἀγαπητός
787 5182 800 5195 ι
837 5164 952 5230 καὶ,
1002 5163 1247 5232 Ἰησοῦν
1283 5162 1389 5216 τὸν
1421 5159 1539 5215 ἀπὸ
1561 5157 1844 5226 Ναζαρὲτ,

227 5257 312 5311 ὃν
343 5255 603 5323 ἔχρισεν
625 5259 657 5310 ό
688 5256 833 5322 Θεὸς
864 5255 943 5321 τῷ
977 5257 1276 5325 Πνεύματι
1307 5251 1385 5318 τῷ
1413 5253 1578 5322 ἁγίῳ.
1618 5253 1846 5306 Ἔπειτα

227 5349 409 5400 πᾶσα
457 5347 708 5418 ἐνέργεια
757 5348 1137 5418 συμπαρόντος
1171 5345 1267 5399 τοῦ
1318 5345 1636 5415 Πνεύματος
1681 5347 1844 5417 ἐνηρ·

224 5441 428 5508 γεῖτο.
479 5439 649 5492 Τοῦτο
709 5441 802 5494 καὶ
861 5441 965 5494 ὑπὸ
1018 5441 1110 5494 τοῦ
1165 5440 1414 5494 διαϐόλου
1466 5441 1844 5510 πειραζομένῳ

225 5528 461 5598 παρῆν.
509 5530 768 5598 Ἀνήχθη
810 5531 938 5604 γὰρ,
989 5533 1175 5602 φησιν,
1211 5535 1244 5586 ό
1311 5531 1539 5601 Ἰησοῦς
1576 5533 1692 5588 ὑπὸ
1735 5533 1842 5589 τοῦ

227 5617 607 5683 Πνεύματος
677 5623 766 5688 είς
817 5621 932 5689 τὴν
977 5621 1201 5690 ἔρημον
1263 5621 1370 5676 τοῦ
1428 5620 1841 5690 πειρασθῆναι.

311 5801 369 5868 Υ
415 5796 546 5852 Dan-
602 5816 659 5868 ι,
696 5797 784 5856 10.
860 5799 882 5832 ²
925 5799 945 5855 l
984 5795 1116 5855 Cor.
1159 5815 1217 5864 ιι,
1261 5800 1350 5858 10.
1429 5799 1450 5833 ³
1507 5798 1701 5858 Matth.
1741 5812 1896 5867 mn,

228 5872 251 5906 τ
316 5867 525 5925 Matth.
555 5867 718 5939 “,1.
797 5871 818 5906 ⁸
871 5869 1063 5928 Matth.
1099 5886 1200 5940 xu,
1233 5872 1306 5927 ‘28

1191 395 1569 456 PANOPLIA
1611 391 2075 456 DOGMATICA.
2106 416 2178 430 ’-
2215 389 2369 455 ΤΙΤ.
2409 392 2554 456 ΧΠ.

3403 399 3511 461 7'62

1931 530 2163 586 scientia
2225 528 2505 598 Spiritus,
2570 541 2635 584 eo
2695 530 2840 600 quod
2894 545 3062 585 unum
3116 547 3183 587 ex
3240 531 3516 591 divisione

1929 621 2198 675 duriorum
2233 620 2470 690 Spiritus
2508 621 2579 674 sit
2611 624 2922 690 prephetia.
2956 622 3133 680 Porro
3173 628 3267 696 qui
3305 636 3516 698 myste-

1934 713 2022 766 ria
2055 712 2285 767 visionis
2317 713 2439 765 viro
2491 713 2889 768 desideriorum
2917 715 3108 784 jussus
3152 728 3269 774 erat
3301 736 3516 778 annun-

1935 806 2072 858 tiare
2117 809 2161 871 ⁸,
2222 802 2366 859 unde
2402 813 2598 860 nactus
2643 815 2763 860 erat
2808 808 3171 878 sapientiam,
3227 822 3286 865 ιιι
3330 826 3516 883 posset

1932 894 2130 949 docere
2181 909 2403 962 arcana,
2447 896 2552 950 nisi
2615 909 2724 966 per
2764 897 3028 968 Spiritum
3231 908 3524 959 sanctum?

1934 1001 2056 1040 cum
2097 988 2392 1056 patefactio
2438 990 2827 1060 mysteriorum
2860 995 3212 1062 peculiariter
3239 997 3306 1051 ad
3341 997 3515 1067 Spiri-

1935 1091 2051 1135 tum
2103 1087 2356 1134 sanrtum
2408 1082 2698 1149 pertineat,
2748 1083 2906 1151 juxta
2962 1083 3014 1137 id
3055 1087 3204 1155 quod
3246 1091 3513 1159 scriptum

1933 1181 2020 1230 est
2053 1187 2066 1225 :
2100 1171 2269 1226 Nobis
2302 1175 2552 1228 reserauit
2593 1175 2732 1230 Deus
2773 1191 2866 1245 per
2896 1178 3154 1247 Spiritum
3211 1182 3246 1238 ⁸.
3303 1181 3514 1240 Tlironi

1935 1279 2066 1322 vero
2097 1275 2150 1321 et
2214 1265 2649 1334 dominationes,
2701 1270 3038 1340 principatus
3099 1283 3152 1326 et
3193 1284 3514 1343 potestates,

1937 1357 2214 1425 quomodo
2262 1359 2473 1412 beatam
2533 1359 2888 1415 traducerent
2921 1363 3112 1429 vitam,
3156 1366 3260 1420 nisi
3297 1382 3517 1437 semper

1938 1448 2185 1502 viderent
2214 1449 2422 1503 vultum
2456 1449 2636 1507 Patris
2663 1454 2755 1522 qui
2807 1453 2861 1506 in
2892 1455 3046 1510 cmlis
3076 1466 3161 1510 est
3196 1454 3216 1485 ³
3240 1457 3262 1511 ?
3285 1462 3354 1511 At
3379 1461 3517 1515 visio

1938 1551 2043 1592 non
2089 1546 2173 1594 est
2223 1542 2429 1611 absque
2473 1542 2702 1613 Spiritu.
2755 1544 3226 1610 Quemadmodum
3283 1551 3426 1604 enim
3469 1553 3516 1607 si

1935 1629 1990 1684 in
2025 1644 2184 1687 nocte
2222 1635 2380 1688 tollas
2415 1635 2694 1700 lucernam
2733 1656 2763 1692 e
2799 1638 2980 1703 domo,
3015 1641 3143 1693 caeci
3174 1648 3301 1695 sunt
3349 1643 3513 1707 oculi,

1931 1721 2217 1778 facultates
2273 1725 2657 1795 relinquuntur
2727 1727 2967 1792 inertes,
3035 1745 3137 1784 nec
3203 1733 3516 1802 agnosL-itur

1931 1827 2117 1866 rerum
2183 1814 2459 1886 dignitas,
2529 1818 2624 1872 sed
2705 1834 2802 1888 per
2879 1821 3244 1890 ignorantiam
3318 1839 3516 1880 aurum

1937 1897 2162 1967 perinde
2205 1913 2268 1951 ac
2323 1901 2526 1954 ferrum
2583 1903 2940 1956 conculcatur
2977 1919 2989 1952 :
3045 1907 3124 1959 sic
3160 1908 3214 1960 in
3243 1908 3515 1976 spirituali

1934 1989 2161 2055 ordine,
2218 1989 2569 2061 impossibile
2609 2003 2693 2049 est
2736 1994 2878 2064 piam
2929 1996 3074 2050 illam
3133 2011 3197 2050 ac
3258 2007 3504 2052 sanctam

1933 2084 2101 2136 vitam
2155 2097 2474 2151 permanere
2508 2084 2646 2137 citra
2692 2083 2955 2154 Spiritum
2996 2101 3010 2138 :
3054 2087 3222 2140 nihilo
3265 2089 3508 2156 profecto

1937 2173 2109 2242 magis
2165 2186 2329 2241 quam
2390 2174 2666 2228 exercitus
2725 2175 2779 2228 in
2836 2184 2984 2230 recto
3047 2178 3238 2230 ordine
3289 2193 3509 2232 manere

1934 2272 2110 2334 petest
2165 2266 2390 2320 absente
2417 2265 2576 2330 duce,
2629 2275 2722 2321 aut
2777 2267 2980 2322 chorus
3026 2269 3079 2321 in
3116 2270 3505 2332 consonantia,

1935 2355 2037 2410 nisi
2099 2355 2254 2408 chori
2316 2353 2606 2424 praefectus
2641 2364 2905 2426 temperet
2965 2358 3326 2414 harmoniam.
3401 2359 3507 2425 Qui

1936 2453 2158 2514 possent
2224 2444 2410 2502 dicere
2470 2449 2766 2518 scraphim,
2805 2448 3059 2513 Sanctus,
3111 2461 3346 2516 sanctus,
3381 2470 3509 2505 stm-

1933 2545 2046 2591 ctus
2081 2544 2134 2605 ⁸,
2195 2538 2304 2592 nisi
2364 2539 2510 2593 docti
2565 2556 2660 2609 per
2731 2538 3029 2609 Spiritum,
3087 2542 3304 2612 quoties
3362 2543 3507 2612 pium

1934 2627 2098 2681 fuerit
2161 2626 2326 2697 hujus
2381 2630 2795 2700 gloriﬁcationis
2856 2634 3020 2687 verba
3081 2636 3326 2690 canere?
3383 2635 3509 2691 Sive

1932 2715 2099 2785 igitur
2135 2717 2363 2772 laudant
2406 2719 2571 2774 Deum
2619 2735 2812 2775 omnes
2853 2723 3026 2791 angeli
3075 2723 3193 2792 ejus
3224 2739 3285 2777 ac
3317 2739 3509 2780 omnes

1932 2805 2160 2860 vittutes
2191 2806 2340 2876 ejus,
2381 2805 2440 2860 lit
2485 2807 2720 2878 Spiritus
2767 2825 2886 2879 ope.
2940 2809 3064 2866 Sive
3099 2821 3279 2867 astant
3312 2813 3509 2868 millies

1933 2893 2080 2947 mille
2117 2896 2322 2964 angeli,
2371 2910 2436 2950 ac
2481 2897 2692 2952 centies
2736 2906 2954 2952 centum
2995 2901 3160 2954 millia
3195 2902 3511 2956 ministran-

1931 2982 2117 3048 tium,
2173 2983 2409 3040 otliciutn
2471 3002 2630 3041 suum
2696 2989 2836 3043 citra
2904 2991 3384 3058 reprehensionem
3453 2991 3508 3045 in

1931 3074 2130 3128 virtute
2163 3073 2398 3143 Spiritus
2437 3076 2746 3145 perficiunt.
2790 3076 2978 3147 Itaque
3029 3087 3138 3133 tota
3182 3079 3272 3132 illa
3313 3094 3507 3148 snper-

1933 3165 2176 3222 coelestis
2235 3175 2289 3222 et
2337 3167 2630 3224 ineffabilia
2675 3167 2998 3234 harmonia,
3056 3179 3171 3223 tum
3239 3171 3295 3224 in
3358 3171 3508 3224 cultu

1930 3251 2064 3318 Dei,
2121 3262 2235 3309 tum
2315 3257 2371 3311 in
2429 3257 2977 3314 ultramundanarum
3046 3260 3307 3313 virtutum
3364 3260 3508 3314 inter

1931 3343 2077 3413 ipsas
2101 3346 2461 3400 consonantia
2507 3362 2852 3418 nequaquam
2897 3348 3106 3404 servari
3144 3355 3358 3418 posset,
3394 3348 3504 3403 nisi

1931 3444 2188 3506 praesset
2237 3435 2494 3506 Spiritus.
2528 3437 2623 3494 Sic
2664 3439 2832 3510 igitur
2862 3439 2917 3492 in
2949 3441 3228 3495 creatione
3258 3441 3346 3503 iis,
3390 3453 3513 3509 quae

1931 3541 2039 3579 non
2096 3527 2456 3596 'proficiendo
2540 3530 2869 3599 perveniunt
2939 3530 3006 3584 ad
3073 3529 3463 3599 perfectionem
3492 3569 3508 3594 ,

1931 3616 2026 3671 sed
2051 3618 2120 3672 ab
2151 3619 2268 3689 ipsa
2303 3620 2552 3689 protinus
2577 3621 2856 3675 creatione
2878 3620 3118 3690 perfecta
3147 3629 3277 3676 sunt
3303 3659 3318 3684 ,
3357 3619 3513 3674 adest

1933 3705 2170 3777 Spiritus
2193 3720 2447 3775 sanctus;
2489 3710 2544 3763 in
2563 3712 2687 3774 hoc,
2725 3718 2784 3766 ut
2810 3710 3121 3780 perficiatur
3151 3709 3512 3778 compleatur-

1929 3811 2035 3868 que
2083 3800 2300 3854 illorum
2357 3801 2700 3863 substantia,
2749 3799 2978 3870 gratlam
3004 3811 3159 3854 suam
3195 3797 3507 3854 conferens.

2155 3887 2425 3942 Caeterum
2495 3887 2935 3958 dispensationes
3010 3887 3158 3940 circa
3234 3887 3511 3940 hominem

1931 3996 2050 4050 qua:
2099 3977 2256 4038 facta:
2307 3987 2436 4033 sunt
2475 3993 2505 4032 a
2555 3993 2752 4049 magno
2799 3977 2931 4042 Deo,
2973 3986 3028 4032 et
3084 3977 3372 4032 Servatore
3405 3991 3508 4032 no-

1932 4077 2048 4124 stro
2074 4067 2204 4124 Jesu
2238 4068 2458 4124 Christo
2501 4069 2658 4137 juxta
2710 4069 3008 4122 bonitatem
3050 4068 3192 4132 Dei,
3247 4069 3374 4138 quis
3413 4082 3512 4124 ne-

1930 4160 2080 4230 gabit
2126 4175 2222 4230 per
2273 4160 2511 4228 Spiritus
2560 4160 2786 4231 gratiam
2823 4173 2946 4215 esse
2969 4159 3335 4229 adimpletas?
3386 4157 3512 4216 Sive

1940 4253 2076 4308 velis
2125 4251 2306 4323 prisca
2357 4261 2628 4321 spectare,
2685 4249 3122 4320 patriarcharum
3172 4249 3509 4305 benedictio-

1930 4359 2062 4408 nes,
2109 4343 2372 4397 auxilium
2425 4357 2522 4411 per
2556 4341 2727 4412 legem
2775 4342 2984 4405 datum,
3021 4341 3240 4411 ﬁguras,
3276 4344 3510 4414 prophe-

1930 4437 2060 4501 tias,
2093 4433 2305 4489 fortiter
2348 4433 2403 4487 in
2449 4433 2607 4488 bellis
2635 4440 2808 4503 gesta,
2869 4433 3133 4487 miracula
3168 4449 3264 4504 per
3291 4442 3510 4491 sanctos

1931 4526 2077 4582 edita
2111 4541 2125 4577 :
2159 4524 2274 4579 sive
2305 4536 2425 4593 quae
2469 4524 2615 4576 circa
2664 4521 2880 4577 Domini
2910 4524 2964 4577 in
3002 4539 3169 4578 carne
3215 4523 3510 4578 adventum

1930 4619 2240 4689 dispensata
2284 4626 2412 4670 sunt
2444 4633 2458 4670 :
2493 4630 2589 4686 per
2619 4613 2883 4684 Spiritum
2932 4624 3084 4688 gesta
3117 4623 3265 4672 sunt.
3325 4614 3508 4670 Primo

1930 4712 2076 4768 enim
2119 4708 2295 4764 adfuit
2343 4708 2448 4780 ipsi
2502 4707 2659 4762 carni
2720 4705 2957 4772 Domini,
3005 4709 3134 4761 dum
3185 4707 3360 4760 factus
3404 4721 3506 4760 nn-

1930 4804 2062 4869 ctio,
2126 4809 2182 4858 et
2242 4800 2686 4871 inseparabiliter
2728 4799 3098 4869 conjunctus.
3155 4799 3301 4853 sicut
3363 4801 3504 4854 seri-

1933 4904 2082 4965 ptum
2119 4903 2203 4949 est
2235 4909 2249 4946 :
2285 4892 2453 4961 Super
2489 4908 2642 4962 quem
2672 4891 2864 4946 videris
2903 4890 3166 4956 Spiritum
3195 4891 3508 4946 descendam

1933 4995 2056 5049 tem,
2092 4994 2142 5040 et
2192 4994 2491 5038 manentem
2547 4998 2705 5052 super
2731 4999 2873 5044 eum,
2908 4981 2992 5034 hic
3043 4991 3121 5035 est
3150 4980 3327 5038 Filius
3360 4999 3504 5037 meus

1929 5076 2154 5130 dilectus
2203 5084 2266 5137 ις
2321 5082 2411 5140 et,
2465 5071 2648 5126 Iesum
2703 5089 2737 5126 α
2792 5071 3090 5138 Nazareth,
3146 5090 3297 5144 quem
3352 5076 3505 5134 unxit

1931 5167 2072 5222 Deus
2127 5166 2330 5236 Spiritu
2355 5173 2541 5220 sancto
2569 5166 2590 5197 ⁶
2619 5201 2636 5218 .
2680 5163 2945 5235 Deinceps
2993 5167 3173 5223 omnis
3201 5168 3344 5220 actio
3372 5183 3505 5235 pra)-

1931 5268 2091 5318 sente
2151 5257 2359 5328 Spiritu
2428 5257 2807 5328 peragebatur.
2863 5258 2960 5312 Hic
3021 5273 3262 5329 praesens
3317 5259 3504 5311 aderat

1930 5365 2058 5406 cum
2114 5357 2239 5404 et-a
2287 5347 2507 5402 diabolo
2546 5355 2870 5403 tentaretur.
2913 5347 3183 5401 Deductus
3223 5356 3300 5399 est
3330 5347 3499 5408 enim,

1932 5442 2139 5514 inquit,
2190 5439 2349 5495 Jesus
2388 5457 2421 5494 α
2472 5438 2677 5509 Spiritu
2728 5440 2782 5494 in
2824 5439 3086 5494 desertum
3118 5477 3133 5502 ,
3175 5447 3231 5490 ut
3274 5445 3506 5489 tentare—

1935 5545 2019 5589 tur
2055 5539 2096 5587 ⁷.
2137 5531 2275 5588 Tum
2321 5531 2502 5586 edenti
2562 5532 2826 5585 miracula
2867 5530 3136 5584 indivulse
3175 5528 3388 5581 aderat.
3442 5525 3505 5581 Si

1930 5628 2071 5681 enim
2105 5640 2220 5695 ego,
2259 5623 2462 5693 inquit,
2503 5623 2556 5677 in
2597 5622 2800 5690 Spiritu
2835 5619 2932 5674 Dei
2973 5621 3125 5688 ejicio
3163 5618 3428 5672 dwmonia
3455 5615 3499 5672 '.

1931 5797 2018 5855 lo.
2095 5797 2118 5832 ⁸
2165 5793 2269 5856 lsa.
2302 5812 2379 5866 rt,
2413 5797 2474 5854 ὅ.
2516 5828 2532 5842 ο
2566 5798 2586 5830 ⁸
2621 5796 2779 5854 Joan.
2813 5809 2854 5864 ι,
2903 5793 2997 5851 35.
3073 5794 3097 5830 ⁵
3153 5793 3276 5852 Act.
3307 5812 3364 5865 ι,
3425 5799 3500 5857 58
