4078 6292
637 369 669 429 7
671 367 744 433 63
1878 363 2196 427 EUTHYM
2209 364 2247 422 l1

2243 363 2266 424 l
2308 360 2675 425 ZlGABENl
3770 369 3850 433 τε,

645 514 760 570 Nec
794 509 1038 568 deseruit
1069 486 1364 563 excitatum
1410 519 1440 558 a
1482 500 1732 558 mortuis.
1776 498 2042 554 Dominus
2072 498 2255 553 cnimi

2246 500 2289 553 A
2319 499 2430 554 Καὶ
2446 500 2754 570 ἑνεργοῦντι
2775 500 2871 565 τάς
2887 501 3143 571 δυνάμεις
3160 498 3480 572 ἀχωρίστως
3501 502 3680 574 συνῆν.
3793 508 3848 564 ει

649 621 920 660 renovans
1081 599 1381 659 hominem,
1419 596 1581 663 eique
1616 594 1811 648 iterum
1842 589 2074 645 reddens
2093 603 2218 659 gra-

2317 594 2429 662 γὰρ
2467 592 2618 662 ἐγὼ,
2661 595 2844 665 φησὶν,
2876 596 2945 648 ἐν
2987 594 3286 662 [Ir-simam
3331 591 3477 646 Θεοῦ
3522 594 3769 650 ἐκϐάλλω
3793 599 3848 654 τὰ

649 700 818 761 tiam,
877 710 1039 765 quam
1103 708 1169 746 ex
1223 688 1400 742 alilatu
1444 687 1539 742 Dei
1592 691 1872 753 acceptam
1921 682 2215 743 amiserat,

2318 683 2626 753 δαιμόνιασ
2677 686 2772 739 καὶ
2824 687 2889 738 ὲκ
2919 685 3127 754 νεκρῶν
3162 682 3492 746 ἀναστάντος
3535 686 3630 738 οὐκ
3672 687 3850 742 ἀπελεί-

649 801 774 840 cum
837 783 1158 850 inspirasset
1220 777 1276 831 in
1347 776 1539 830 fa.-iem
1597 771 2026 842 discipulorum,
2088 769 2217 838 quid

2324 789 2475 824 πετο.
2535 774 2923 838 Ἀνακαινίζων
2975 772 3083 844 γάρ
3132 772 3224 825 τὸν
3265 773 3547 843 ἄνθρωπον
3592 777 3620 827 ὁ
3663 777 3848 848 Κύριος,

650 875 769 931 ait?
832 872 1059 940 Ascipite
1123 869 1382 937 Spiritum
1416 875 1698 920 sanctum.
1780 861 2220 928 Quorumcuuque

2324 863 2417 915 καὶ
2459 864 2525 933 ἢν
2583 865 2832 919 ἀπώλεσε
2884 865 3045 936 χάριν
3098 866 3163 917 ὲκ
3211 863 3305 917 τοῦ
3363 865 3735 937 ἐμφυσήματος
3778 869 3850 923 τοῦ

649 966 957 1020 remiseritis
995 973 1208 1031 peccata
1240 1001 1254 1023 ,
1298 960 1639 1015 remittuntur
1672 971 1692 1018 ;
1754 964 1802 1007 et
1863 967 2220 1022 quorumcun-

2320 952 2490 1018 Θεοῦ,
2543 955 2745 1025 ταύτην
2799 955 2961 1008 πάλιν
3016 954 3317 1018 ἀποδιδοὺς,
3369 956 3682 1026 ἐμφυσήσεις
3725 960 3852 1021 εἰςτὸ

646 1076 744 1129 que
796 1056 1119 1111 retinueritis
1151 1094 1166 1116 ,
1207 1061 1410 1108 retenta
1446 1058 1569 1105 sunt
1625 1049 1663 1103 ³.
1704 1046 1822 1100 Jam
1861 1059 1992 1099 vero
2032 1042 2219 1097 Eccle-

2325 1046 2608 1116 πρόσωπον
2640 1047 2749 1101 τῶν
2797 1047 3075 1119 μαθητῶν,
3108 1046 3159 1100 τί
3187 1064 3349 1117 (pnas;
3395 1047 3612 1101 Λάϐετε
3648 1048 3852 1119 Πνεῦμα

649 1150 744 1203 sia:
785 1148 920 1201 ordo
976 1153 1030 1200 ct
1099 1143 1422 1214 gubernatio
1491 1155 1673 1194 nonne
1740 1138 1918 1206 palam
1970 1142 2024 1189 ct
2078 1133 2217 1187 citra

2317 1134 2508 1203 ἅγιον.
2545 1139 2657 1192 Ἂν
2672 1155 2850 1191 τινων
3006 1136 3197 1206 ἀφῆτε
3226 1137 3333 1201 τὰς
3362 1137 3664 1205 ἁμαρτίας,
3687 1140 3855 1207 ἀφίεν-

648 1232 1140 1287 (οοιιιι·ξι‹1ἱ‹ιίοιιοιιι
1218 1246 1312 1299 per
1368 1228 1633 1298 Spiritum
1701 1237 1953 1283 sanctam
2003 1228 2220 1297 p'cragl-

2322 1250 2447 1289 ταιο
2475 1234 2572 1288 καὶ
2589 1234 2667 1286 ἄν
2682 1235 2859 1285 τινών
2881 1230 3158 1297 κρατῆτε,
3181 1228 3589 1295 κεκράτηνται.
3622 1229 3679 1282 'H
3698 1229 3747 1280 δὲ
3775 1231 3851 1299 τῆς

651 1325 785 1378 tur?
832 1323 953 1390 Ipse
991 1322 1164 1384 enim,
1208 1321 1425 1391 inquit,
1477 1320 1623 1373 dedit
1682 1318 1936 1374 Erclesia:
1988 1317 2220 1387 primum

2337 1325 2661 1397 Ἐκκλησίας
2687 1322 3042 1393 διακόσμησις
3083 1320 3201 1390 οὐχι¹
3229 1319 3420 1389 σαφῶς
3454 1320 3548 1372 καὶ
3573 1321 3851 1390 ἀναντιρρή-

651 1417 917 1486 apostolos
944 1456 959 1479 ,
1001 1415 1188 1470 deinde
1236 1416 1551 1485 prophetas,
1616 1417 1767 1469 tertio
1817 1413 2062 1468 doctores
2094 1431 2112 1467 :
2153 1409 2222 1466 ad

2325 1435 2431 1483 τως
2480 1417 2571 1471 διὰ
2616 1415 2710 1470 τοῦ
2772 1414 3086 1484 Πνεῦματος
3139 1414 3477 1482 ὲνεργεῖταις
3546 1411 3725 1476 Αὐτὸς
3766 1412 3850 1480 γὰρ

651 1509 758 1562 1ιαί
800 1510 1034 1570 virtutes,
1075 1516 1330 1576 praeterea
1367 1508 1507 1561 dona
1549 1508 1912 1569 sanationum,
1960 1504 2221 1570 subsidia,

2325 1505 2528 1570 ἔδωκε,
2571 1505 2726 1577 φησι,
2755 1502 2833 1571 τῇ
2873 1502 3205 1568 Ἐκκλησία
3229 1498 3469 1568 πρῶτον
3493 1500 3849 1566 ἀποστόλους,

654 1600 1101 1669 gubernatioues,
1194 1616 1385 1669 genera
1456 1600 1759 1669 linguarum
1808 1604 1850 1654 ².
1921 1598 2023 1652 Hic
2076 1598 2223 1652 enim

2324 1596 2605 1664 δεύτερον
2640 1593 2970 1662 προφήτας,
2996 1592 3197 1660 τρίτον
3232 1589 3655 1656 διδασκάλους,
3688 1592 3852 1644 ἔπειτα

656 1692 790 1744 ordo
825 1691 979 1758 juxta
1024 1690 1467 1745 distributionem
1516 1691 1783 1745 donorum
1850 1689 2089 1760 Spiritus
2143 1689 2223 1743 di-

2325 1685 2631 1756 δυνάμεις,
2679 1685 2883 1739 ἔπειτα
2929 1684 3268 1752 χαρίσματα
3313 1678 3572 1749 ὶαμὶὶτων
3594 1722 3609 1746 ,
3649 1681 3850 1748 ἀντιλή-

657 1792 841 1852 gestus
869 1793 971 1839 est.

2327 1781 2485 1847 ψεις,
2519 1775 2928 1845 κυϐερνήσεις,
2963 1774 3108 1844 γένη
3160 1771 3465 1853 γλωσσῶν
3488 1810 3501 1823 .
3546 1771 3682 1842 Αὕτη
3720 1772 3852 1841 γὰρὴ

2262 1860 2302 1913 Β
2326 1869 2480 1935 τάξις
2511 1868 2653 1924 κατά
2678 1868 2775 1939 τὴν
2801 1867 3062 1937 διαίρεσιν
3090 1864 3198 1919 τῶν
3229 1867 3293 1917 ἐκ
3318 1862 3416 1916 τοῦ
3456 1861 3747 1933 Πνεύματος
3772 1862 3853 1915 δω-

2330 1959 2469 2030 ρεῶν
2497 1960 2868 2013 διατέτακται.

855 2057 1021 2122 Quin,
1060 2057 1104 2109 si
1140 2056 1264 2125 quis
1304 2056 1616 2109 accuratius
1649 2053 1982 2124 perpendat,
2014 2069 2229 2124 compe-

2526 2071 2689 2142 Εὖροι
2719 2070 2776 2124 δὲ
2805 2069 2870 2123 ἄν
2895 2086 2999 2132 τις,
3029 2067 3271 2139 ἀκριϐῶς
3292 2064 3656 2136 λογιζόμενος.
3690 2066 3767 2118 καὶ
3786 2066 3854 2118 ἐπὶ

661 2152 783 2211 rict,
827 2167 891 2202 ne
931 2150 992 2201 in
1050 2156 1293 2216 tempore
1329 2146 1549 2215 quidem
1611 2146 1726 2208 illo,
1782 2161 1890 2214 quo
1918 2156 2233 2214 eXSpcctata

2328 2163 2422 2215 τοῦ
2445 2161 2636 2232 καιροῦ
2664 2160 2765 2230 τῆς
2786 2158 3240 2231 προσδοκωμένης
3264 2157 3587 2225 ἐπιφανείας
3614 2156 3699 2226 τῆς
3717 2155 3768 2218 ἐξ
3785 2156 3855 2206 οὑ-

659 2241 875 2297 Domini
931 2241 1201 2309 apparitio
1241 2239 1419 2293 lietde
1459 2239 1633 2302 cmlo,
1681 2238 1919 2292 otiosum
1962 2238 2076 2293 fore
2118 2237 2234 2308 Spi-

2333 2252 2510 2324 ρανῶν
2539 2250 2633 2304 τοῦ
2662 2251 2866 2321 Κυρίου
2892 2250 2965 2320 μὴ
2993 2247 3281 2310 ἀσυντελὲς
3312 2248 3377 2300 τὸ
3410 2245 3627 2316 Πνεῦμα
3643 2246 3697 2297 τὸ
3713 2244 3851 2313 ἅγιον.

661 2333 825 2385 ritum
875 2341 1126 2384 sanctum
1162 2371 1177 2393 ,
1221 2338 1279 2383 ut
1309 2330 1529 2400 quidam
1591 2331 1924 2384 arbitrantur
1969 2346 1981 2382 :
2025 2331 2120 2385 sed
2166 2331 2235 2385 si-

2329 2346 2405 2408 ὣς
2434 2361 2574 2407 τινες
2597 2341 2796 2395 οἴονται
2815 2358 2828 2371 ·
2859 2339 2994 2393 ἀλλὰ
3033 2339 3415 2409 συμπαρέσται
3613 2338 3698 2390 καὶ
3732 2337 3780 2388 ὲν
3801 2339 3850 2405 τῇ

663 2423 774 2476 ιιιιιι
828 2422 1005 2475 aderit
1051 2422 1103 2474 in
1161 2421 1257 2474 illo
1307 2421 1469 2473 etiam
1512 2420 1601 2474 die
1655 2421 2004 2475 rcvclationis
2044 2420 2232 2485 illius.

2331 2434 2514 2505 ἡμέρᾳ
2529 2432 2627 2501 τῆς
2657 2427 3051 2498 ἀποκαλύψεως
3076 2426 3262 2488 αὑτοῦ,
3284 2426 3409 2479 καθ’
3438 2428 3503 2497 ἣν
3523 2428 3686 2495 κρινεῖ
3699 2425 3779 2495 τὴν
3793 2427 3851 2476 οἱ·

664 2530 773 2583 (μιο
825 2514 1174 2583 judicaturus
1221 2519 1309 2567 est
1359 2512 1548 2567 orbem
1601 2520 1876 2566 terrarum
1929 2513 1982 2565 in
2021 2513 2236 2582 justitia

2334 2523 2603 2595 κουμένην
2647 2524 2706 2574 ὲν
2743 2520 3059 2591 δικαιοσύνῃ
3099 2519 3128 2570 ὁ
3172 2516 3444 2587 μακάριος
3486 2517 3577 2569 καὶ
3608 2516 3748 2585 μόνος
3781 2514 3851 2565 δυ-

665 2606 756 2660 ille
795 2606 986 2659 Lcatus
1017 2605 1245 2658 etsolus
1287 2615 1501 2672 potens.
1571 2603 1706 2668 Quis
1736 2603 1882 2659 enim
1926 2604 2061 2657 adeo
2092 2604 2239 2674 igna-

2332 2618 2553 2687 νάστης.
2597 2617 2694 2679 Τίς
2726 2615 2837 2686 γὰρ
2873 2613 3047 2675 οὕτως
3085 2614 3317 2682 ἀνήκοος
3350 2611 3459 2664 τῶν
3489 2607 3853 2680 ἡτοιμασμένων

665 2709 761 2747 rus
805 2701 890 2747 est
939 2693 1206 2767 bonorum
1234 2735 1249 2758 ,
1309 2707 1431 2760 qua:
1479 2691 1623 2747 Deus
1664 2694 1989 2762 praeparavit
2031 2693 2236 2764 dignis,

2332 2709 2484 2783 παρὰ
2511 2708 2645 2762 Θεοῦ
2677 2707 2896 2775 ἀγαθῶν
2939 2708 3049 2769 τοῖς
3091 2704 3283 2768 ἀξίοις,
3313 2703 3392 2767 ὡς
3420 2704 3643 2769 ἀγνοεῖν,
3680 2702 3750 2754 ὅτι
3780 2700 3851 2751 καὶ

666 2791 725 2836 ut
749 2782 956 2835 nesciat
975 2781 1249 2849 justorum
1274 2796 1535 2835 coronam
1561 2797 1683 2837 esse
1714 2782 1954 2850 Spiritus
1983 2783 2238 2852 gratiam,

2330 2781 2439 2852 τῶν
2459 2798 2679 2852 δικαίων
2706 2799 2734 2851 δ
2767 2796 3029 2864 στέφανος
3057 2797 3091 2865 ἡ
3110 2792 3205 2846 τοῦ
3240 2792 3553 2863 Πνεύματός
3588 2794 3692 2843 ἐστι
3709 2789 3850 2858 χάρις,

664 2888 788 2942 qua:
829 2871 1034 2941 largius
1079 2883 1207 2925 tunc
1241 2871 1646 2941 perfectiusque
1689 2871 1939 2937 dabitur,
1970 2872 2241 2941 spirituali

2331 2888 2697 2959 δαψιλεστὲρα
2739 2888 2860 2940 τότε
2897 2885 2990 2940 καὶ
3033 2884 3342 2955 τελειοτέρα
3368 2881 3717 2952 παρεχομένη,
3744 2878 3855 2932 κατά

664 2964 840 3033 gloria
868 2962 1066 3031 cuique
1096 2977 1196 3031 pro
1219 2970 1365 3016 recte
1402 2961 1570 3032 gestis
1599 2962 1890 3017 distributa
1918 2981 1933 3016 :
1969 2961 2026 3016 In
2053 2963 2240 3033 splen-

2330 2979 2429 3050 τὴν
2450 2978 2739 3046 ἀναλογίαν
2758 2975 2866 3030 τῶν
2886 2972 3398 3046 ἀνδραγαθημάτων
3422 2972 3519 3041 τῆς
3535 2966 3855 3040 πνευματικῆς

665 3052 893 3107 duribus
944 3052 1090 3107 enim
1144 3059 1459 3107 sanctorum
1512 3053 1827 3109 mansiones
1876 3054 2061 3107 multa:
2114 3059 2244 3108 sunt

2331 3069 2488 3140 δόξης
2521 3067 2914 3139 διανεμομένης
2953 3066 3205 3134 ἑκάστῳ;
3262 3064 3354 3117 Ἐν
3387 3062 3492 3135 γάρ
3513 3065 3630 3125 ταῖς
3657 3058 3856 3130 λαμπρό-

666 3142 809 3212 apud
839 3141 1052 3198 Patrem
1094 3144 1144 3209 ³,
1166 3144 1268 3198 hoc
1296 3150 1401 3210 est,
1421 3143 1700 3212 dignitatis
1721 3144 2060 3200 discrimina.
2096 3144 2241 3199 Sicut
2273 3208 2276 3234 Α

2273 3196 2312 3249 C
2336 3180 2463 3233 τησι
2495 3162 2603 3214 τῶν
2632 3161 2803 3229 ἁγίων
2836 3158 2993 3230 μονού¹
3023 3157 3216 3211 πολλαὶ
3237 3155 3392 3249 παρά
3411 3154 3489 3249 τῶ
3516 3153 3677 3249 [largi
3695 3170 3706 3182 ·
3733 3167 3857 3249 τουτ-

667 3235 807 3286 euim
833 3234 989 3288 stella
1020 3251 1052 3287 a
1091 3235 1245 3288 stella
1273 3234 1450 3303 differt
1486 3237 1540 3288 in
1583 3235 1855 3302 claritate,
1886 3236 1963 3288 ita
1990 3247 2039 3289 et
2069 3252 2240 3289 resur-
2276 3234 2277 3239 “

2276 3234 2312 3249 υ
2334 3254 2502 3317 ἐστιν,
2528 3253 2853 3323 ἀξιωμάτων
2868 3290 2869 3293 η
2884 3249 3157 3320 διαφοραί.
3202 3249 3297 3312 Ὦς
3315 3247 3426 3317 γὰρ
3445 3245 3630 3314 ἀστὴρ
3649 3244 3858 3311 ἀστέρος

670 3326 834 3379 restio
889 3335 1220 3379 mortuorum
1271 3325 1314 3381 ⁵.
1369 3325 1559 3396 Itaque
1609 3328 1703 3394 qui
1753 3329 2059 3398 consignati
2117 3337 2247 3383 sunt

2334 3344 2601 3413 διαφέρει
2658 3344 2729 3396 ἐν
2756 3341 2927 3408 δόξῃ,
2969 3339 3124 3393 οὕτω
3155 3336 3255 3391 καὶ
3305 3338 3346 3404 ἡ
3411 3335 3725 3398 ἀνάστασις
3767 3330 3859 3384 τῶν

673 3414 881 3483 Spiritu
915 3423 1108 3469 sancto
1130 3416 1184 3468 in
1219 3415 1364 3469 diem
1390 3417 1804 3485 redemptionis.
1837 3419 2041 3487 quique
2069 3418 2245 3488 Spiri-

2335 3432 2583 3502 νεκρῶν.
2617 3433 2679 3486 Ol
2708 3432 2886 3485 τοίνυν
2950 3427 3379 3499 σφραγισθέντες
3418 3426 3495 3497 τῷ
3525 3426 3774 3496 Πνεύματι
3800 3422 3859 3492 τῷ

672 3513 762 3558 tus
792 3503 1081 3573 primitias,
1105 3519 1241 3572 quas
1263 3519 1542 3574 accepere,
1574 3521 1741 3575 puras
1764 3515 1819 3559 et
1844 3507 2088 3578 integras
2121 3524 2244 3564 ser-

2337 3525 2477 3592 ἀγίσρ
2503 3527 2583 3588 εἰς
2611 3523 2822 3594 ἡμέραν
2852 3519 3297 3591 ἀπολυτρώσεως,
3320 3519 3417 3571 καὶ
3445 3519 3509 3588 ἢν
3532 3516 3709 3572 ἔλαϐον
3723 3517 3860 3583 ἀπαρ-

672 3596 948 3659 ιίιι·ονὶηι,
982 3595 1020 3651 ii
1052 3597 1302 3666 suntqui
1332 3597 1597 3652 audient:
1639 3597 1804 3669 Euge,
1837 3616 1981 3654 serve
2025 3603 2154 3655 bone
2194 3611 2247 3656 et

2337 3616 2438 3686 χὴν
2465 3614 2558 3668 τοῦ
2593 3614 2905 3685 Πνεύματος
3079 3609 3338 3680 ἀκέραιον
3363 3610 3456 3661 καὶ
3496 3608 3744 3679 ἀμείωτον
3767 3605 3859 3658 δια-

676 3687 851 3757 ﬁdelis
878 3728 892 3753 ,
937 3705 1095 3759 super
1127 3706 1299 3759 pauca
1333 3689 1487 3758 fuisti
1530 3690 1705 3758 ﬁdelis
1728 3731 1744 3756 ,
1793 3706 1950 3759 super
1994 3694 2165 3747 multa
2199 3704 2249 3750 te

2341 3706 2632 3768 σώσαντες,
2650 3701 2791 3759 οῦτοι
2807 3707 2940 3757 εἰσιν
2960 3705 3008 3755 οἱ
3032 3701 3360 3763 ἀκούσαντες
3374 3715 3387 3729 ο
3411 3696 3516 3763 Εὖ,
3534 3699 3703 3752 δοῦλε
3715 3692 3861 3766 ἀγαθὲ

675 3781 995 3834 constituam
1053 3780 1094 3834 ⁵.
1126 3780 1390 3836 Similiter
1421 3789 1476 3836 ct
1510 3784 1602 3852 qni
1634 3785 2084 3841 contristaverint
2125 3786 2249 3859 Spi-

2340 3796 2438 3850 καὶ
2491 3795 2690 3860 πιστὲ,
2723 3794 2824 3848 ἐπὶ
2875 3794 3050 3862 ὀλίγα
3073 3787 3148 3861 ἦς
3170 3789 3410 3856 πιστὸς,
3440 3788 3535 3842 ἐπὶ
3568 3786 3786 3842 πολλῶν
3804 3798 3860 3838 σε

675 3874 843 3926 ritum
886 3881 1133 3927 sanctum
1187 3874 1452 3944 pravitate
1492 3875 1799 3930 studiorum
1849 3892 2115 3947 suorum,
2155 3890 2250 3935 aut

2249 3922 2250 3929 η
2341 3885 2720 3952 καταστήσω.
2755 3883 2985 3954 Ὁμοίως
3001 3882 3057 3935 δὲ
3079 3882 3235 3936 καὶοὶ
3260 3881 3593 3952 λυπήσαντες
3613 3879 3669 3931 τὸ
3681 3875 3859 3951 Πνεῦμα

676 3964 769 4033 qui
800 3980 906 4017 non
935 3964 1160 4019 fecerint
1192 3965 1265 4019 lu.
1285 3981 1405 4019 rum
1433 3981 1464 4020 e
1495 3975 1643 4023 sorte
1666 3966 1812 4032 data,
1842 3970 1911 4024 ab
1943 3971 2011 4027 iis
2038 3973 2247 4029 aufero.

2340 3979 2400 4032 τὸ
2431 3978 2582 4046 ἅγιον
2607 3979 2673 4046 τῇ
2705 3973 2936 4046 πονηρίᾳ
2961 3973 3068 4026 τῶν
3107 3972 3550 4042 ἐπιτηδευμάτων
3571 3965 3749 4023 αὐτῶν,
3773 3960 3800 4029 ἢ
3822 3958 3857 4009 οἱ

678 4065 768 4109 tur
790 4056 842 4110 id
872 4056 1014 4125 quod
1047 4066 1398 4126 acceperunt,
1425 4058 1691 4114 beneticio
1715 4062 1769 4114 in
1796 4062 1933 4117 alios
1949 4067 2248 4120 translato:

2346 4070 2418 4141 μὴ
2483 4068 2919 4139 ἐπεργασάμενοι
2978 4065 3056 4136 τῷ
3103 4064 3346 4126 δοθέντι,
3397 4047 3859 4131 ἀφαιρεθήσονταιδ

679 4156 773 4201 aut
801 4188 815 4212 ,
867 4149 1166 4203 secundum
1216 4149 1453 4218 aliquem
1498 4165 1561 4203 ex
1598 4152 1946 4221 evangelistis
1987 4157 2038 4218 ‘,
2086 4156 2250 4210 etiam

2245 4176 2250 4209 I
2342 4161 2646 4233 εἰλήφασιν,
2683 4160 2763 4222 εἰς
2811 4157 3031 4228 ἑτέρους
3069 4154 3500 4226 μετατιθεμένης
3522 4151 3615 4220 τῆς
3649 4146 3855 4233 χάριτῗξ.

680 4239 898 4308 penitus
952 4240 1374 4294 discindentur:
1426 4241 1690 4296 dissectio
1736 4244 2004 4312 siquidem
2053 4245 2255 4302 intelli-

2250 4277 2255 4286 υ
2343 4251 2400 4322 ἦ,
2436 4228 2579 4303 κατά
2624 4265 2744 4301 τινα
2783 4245 2891 4298 τῶν
2935 4243 3363 4313 εὐαγγελιστῶν,
3412 4241 3505 4295 καὶ¹
3559 4228 3860 4322 διχοτομηθής

679 4331 853 4399 gcnda
905 4340 987 4385 est
1025 4331 1081 4384 in
1131 4331 1255 4396 hoc,
1290 4332 1436 4401 quod
1471 4348 1698 4401 prorsus
1736 4349 1767 4387 a
1810 4333 2016 4404 Spiritu
2062 4348 2255 4393 sancto

2251 4363 2255 4386 ›
2346 4316 2528 4391 σονται
2583 4335 2890 4399 παντελῶς·
2940 4336 3038 4407 τῆς
3084 4333 3395 4405 διχοτομίας
3444 4326 3718 4398 νοουμένης
3753 4316 3861 4373 κατὰ

682 4422 1085 4475 alienabuntur.
1119 4421 1306 4492 Neque
1335 4424 1481 4478 enim
1513 4440 1716 4495 corpus
1746 4426 2029 4492 dividitur,
2062 4440 2121 4484 ut
2147 4446 2257 4485 una

2247 4451 2257 4485 l
2344 4428 2442 4500 τὴν
2468 4430 2548 4492 εἰς
2577 4429 2638 4481 τὸ
2655 4427 2914 4490 παντελὲς
2941 4425 3049 4480 ἀπὸ
3075 4424 3171 4478 τοῦ
3207 4423 3519 4494 Πνεῦμα-τος
3541 4414 3857 4500 ἀλλοτρίωσιν-

684 4526 811 4580 pars
846 4510 1092 4564 tradatur
1125 4514 1418 4582 supplicio,
1456 4514 1630 4568 altera
1663 4516 2001 4572 absolvatur.
2038 4519 2169 4574 Nam
2203 4523 2254 4577 id
2286 4523 2294 4577 1

2249 4524 2254 4576 ι
2286 4523 2326 4577 D
2347 4498 2482 4574 Οῦτε
2512 4520 2621 4589 γὰρ
2644 4518 2803 4588 σῶμα
2836 4517 3142 4587 διαιρεῖται,
3197 4516 3272 4579 ὼς
3304 4514 3366 4567 τὸ
3404 4514 3499 4585 μὲν
3529 4498 3859 4579 παραδίδοσθαι

680 4602 898 4673 quidem
926 4602 1254 4665 fabulosum,
1282 4621 1460 4676 neque
1481 4610 1632 4675 justo
1657 4609 1878 4678 dignum
1900 4610 2105 4679 judice,
2131 4630 2255 4669 cum

2246 4632 2255 4669 I
2346 4615 2412 4683 τῇ
2442 4610 2678 4674 κολάσει,
2710 4610 2770 4662 τὸ
2822 4609 2878 4662 δὲ
2918 4608 3170 4678 ἀφίεσθαι
3200 4623 3214 4638 ο
3252 4604 3479 4676 μυθικὸν
3506 4603 3610 4671 γὰρ
3633 4593 3770 4650 τοῦτό
3793 4603 3856 4683 τῇ

684 4700 854 4748 totum
890 4695 1220 4763 peccaverit,
1253 4694 1541 4749 dimidium
1570 4677 1748 4751 addici
1779 4677 1971 4768 preme.
2007 4700 2113 4756 Nec
2139 4705 2261 4757 auia

2248 4732 2261 4742 -
2349 4677 2445 4756 κᾷι
2489 4701 2550 4754 οὐ
2607 4698 2746 4754 κατά
2772 4698 2978 4755 δίκαιον
3013 4696 3225 4768 κριτὴν,
3259 4695 3380 4748 ὅλου
3422 4686 3786 4764 ἡμαρτηκότος.
3816 4677 3858 4742 ἒξ

684 4800 770 4838 ma
807 4785 860 4840 in
892 4786 1031 4840 duas
1063 4793 1248 4857 partes
1295 4794 1550 4856 secatur,
1594 4803 1719 4843 cum
1775 4798 1890 4846 tota
1938 4808 2033 4862 per
2084 4803 2258 4850 totum

2248 4813 2258 4850 I
2347 4791 2605 4865 ἡμισείας
2643 4787 2781 4844 εἶναι
2818 4790 2917 4860 τὴν
2958 4788 3177 4842 κόλασιν
3199 4805 3213 4817 ο
3255 4784 3379 4839 οὔτε
3408 4783 3549 4854 ψυχὴ
3572 4779 3684 4851 διχῆ
3706 4773 3858 4842 τέμνε·

683 4875 939 4931 liabuerit
976 4877 1237 4945 peccandi
1267 4876 1544 4941 ali‘ectum,
1576 4878 1849 4948 simulque
1876 4896 1999 4935 cum
2026 4898 2260 4954 corpore

2249 4902 2260 4939 ξ
2351 4904 2441 4941 ται
2494 4925 2508 4946 ,
2657 4885 2752 4954 ὅλη
2776 4884 2841 4936 δι’
2872 4882 2992 4936 ὅλου
3017 4881 3077 4934 τὸ
3107 4878 3429 4951 ἁμαρτωλὸν
3454 4875 3689 4947 φρόνημα
3705 4877 3859 4954 κεκτη-

685 4965 887 5018 malum
923 4975 1200 5034 operetur.
1252 4965 1359 5020 Sed
1392 4966 1653 5021 dissectio
1674 5008 1688 5031 ,
1721 4978 1780 5022 ut
1812 4969 1924 5024 dixi
1951 5011 1963 5033 ,
2001 4950 2257 5042 perpetua

2244 4989 2257 5026 ³
2355 4978 2513 5047 μένης
2545 4976 2639 5029 καὶ
2691 4950 3239 5043 σύγκατεργαζομένή
3289 4968 3367 5038 τῷ
3405 4966 3607 5036 σώματι
3632 4960 3685 5013 τὺ
3709 4950 3854 5009 κακόν.

684 5064 769 5111 est
794 5057 993 5110 anima:
1024 5072 1054 5111 a
1079 5056 1286 5127 Spiritu
1317 5058 1597 5113 alienatio.
1635 5058 1793 5115 Nunc
1831 5063 1975 5116 enim
1996 5104 2010 5126 ,
2044 5068 2258 5119 tametsi

2246 5068 2258 5119 i
2365 5067 2525 5121 Ἀλλά
2549 5066 2846 5136 διχοτομία,
2869 5062 3056 5133 ῶσπερ
3086 5061 3243 5131 ἔφην,
3279 5062 3311 5130 ἡ
3342 5059 3448 5111 ἀπὸ
3474 5056 3563 5109 τοῦ
3594 5048 3853 5136 Ilva-ip.an

686 5163 795 5200 non
823 5147 1156 5201 admiscetur
1194 5148 1454 5219 indignis,
1489 5159 1730 5207 attamen
1756 5153 1945 5223 aliquo
1980 5165 2137 5224 pacto
2183 5161 2261 5210 vi-

2245 5184 2261 5196 -
2353 5161 2432 5222 είς
2459 5158 2519 5210 τὸ
2547 5130 2789 5228 διηνεκές
2818 5156 2915 5225 τῆς
2940 5130 3117 5222 ψυχῆς
3146 5130 3506 5221 ἀλλοτρίωσις.
3532 5138 3735 5228 Νῦν-μὲν
3757 5130 3855 5228 ﬁt?

685 5240 844 5294 detur
872 5238 1065 5293 adesse
1103 5240 1272 5294 semel
1316 5217 1629 5310 baptizatis,
1668 5217 1995 5314 exspectans
2029 5256 2085 5299 ut
2114 5249 2262 5301 salu-

2245 5285 2262 5296 .
2355 5217 2515 5302 είοιαλ⁸
2540 5217 3146 5318 μὴ’ἀνακὲκραταιντοῖς
3178 5217 3435 5304 ἀναξίοις,
3458 5232 3567 5287 ἀλλ’
3596 5225 3679 5281 οὖν
3707 5217 3855 5318 πορεῖα

695 5341 802 5386 tem
833 5346 928 5402 per
964 5331 1377 5387 conversionem
1417 5342 1858 5403 consequantur;
1895 5343 2011 5389 tum
2047 5353 2172 5391 vero
2208 5340 2261 5393 in

2245 5356 2261 5393 ι
2356 5359 2444 5394 ναι
2476 5340 2623 5392 δοκεῖ
2647 5355 2763 5400 πως
2783 5339 2895 5397 τοῖς
2917 5331 3062 5395 ἅπαξ
3109 5327 3574 5402 ὲστραγισμένοιςι
3597 5320 3684 5389 τὴν
3710 5314 3761 5405 ἐξ(

692 5431 867 5477 totum
897 5425 964 5475 ab
994 5423 1199 5485 anima,
1230 5437 1351 5492 qua:
1383 5423 1613 5492 gratiam
1644 5425 1816 5494 ipsius
1853 5427 2226 5496 profanaverit
2246 5469 2261 5493 ,

2246 5390 2261 5493 ,
2743 5390 3015 5495 σωτηρίαν
3045 5390 3232 5475 αὐτῶν
3260 5390 3518 5488 ἀναὲλένον
3550 5427 3566 5445 ’

693 5515 1051 5571 resecabitur.
1088 5513 1275 5585 quue
1304 5530 1415 5570 non
1443 5524 1527 5571 est
1553 5516 1606 5570 in
1638 5517 1853 5574 inferno
1880 5521 1971 5590 qui
2002 5522 2262 5575 confitea-

2240 5490 2262 5561 ε
2358 5523 2417 5588 ἐξ
2466 5490 2607 5575 ὅλου.
2644 5490 2746 5589 τῆς
2799 5490 3184 5588 βεέηλωσάσης
3229 5509 3389 5565 αὐτοῦ
3432 5510 3525 5575 τὴν
3551 5502 3691 5571 χάριν
3715 5490 3850 5559 ψυχῆς

758 5712 773 5741 ι
833 5705 988 5762 Joan.
1018 5723 1110 5769 xx,
1138 5707 1231 5774 ‘22,
1276 5706 1368 5763 23.
1448 5708 1468 5740 ³
1529 5705 1699 5762 lCor.
1734 5721 1830 5769 xu,
1870 5705 1957 5760 28.
2042 5706 2059 5737 ²
2103 5704 2256 5761 han.
2314 5724 2363 5761 xl

2248 5752 2256 5761 .
2314 5722 2424 5774 xw,
2483 5709 2538 5762 2.
2614 5715 2636 5739 ⁵
2694 5708 2710 5763 Ι
2761 5707 2892 5763 Cor.
2927 5723 3020 5777 xv,
3071 5707 3158 5779 il,
3213 5709 3300 5770 42,
3376 5708 3396 5740 ⁸
3450 5703 3620 5761 Matth.
3653 5714 3756 5760 ur,
3785 5688 3853 5744 21.

688 5777 703 5808 ‘
740 5781 929 5833 Matth.
963 5793 1111 5843 xxiv,
1147 5780 1238 5833 bl.
1631 5808 1650 5827 ι
