4100 6290
208 368 328 430 765

1184 369 1564 429 I’ANOPLlA
1604 369 2065 432 DOGMA'I‘ICA.
2093 399 2159 409 --
2194 376 2344 436 'l'i'l‘.
2389 374 2516 436 XII.

3381 384 3486 446 "(‘6

202 490 682 562 ἀποτμηθήσεται.
742 491 839 545 Διὰ
896 491 1054 544 τοῦτο
1105 491 1204 544 οὐκ
1257 491 1405 544 ἔστιν
1441 492 1500 545 ὲν
1526 490 1602 560 τῷ
1635 491 1772 564 ᾇδῃ‹

1904 498 2028 558 tur,
2058 507 2234 562 neque
2259 509 2314 548 in
2342 505 2519 551 morte
2541 496 2633 565 qui
2656 511 2866 554 memor
2890 500 2960 555 sit
2993 500 3088 558 Dei
3131 505 3146 536 ³
3166 545 3182 570 ,
3213 518 3338 558 cum
3366 505 3478 573 jam

210 582 732 652 ἐξομολογούμενος,
771 583 893 636 οὐδὲ
930 584 987 634 ἐν
1027 582 1105 652 τῷ
1148 582 1362 653 Θανάτῳ
1388 585 1416 636 6
1446 583 1796 654 μνημονεύων

208 673 378 735 Θεοῦ,
403 672 585 724 οὐκέτι
634 674 732 742 τῆς
768 673 1014 743 βοηθείας
1055 673 1148 726 τοῦ
1197 673 1513 743 Πνεῦματος
1553 692 1797 746 συμπαρ-

209 764 406 833 ούσης.
466 763 590 826 Πῶς
647 759 738 816 οὖν
790 763 1011 817 δυνατὸν
1061 764 1250 834 νοῆσαι
1289 766 1455 835 χωρὶς
1505 765 1599 818 τοῦ
1641 765 1795 832 ἁγίου

208 853 540 922 Πνεύματος
567 853 932 906 ἐπιτελεῖσθαι
959 855 1057 924 τὴν
1091 855 1292 927 κρίσιν,
1329 858 1462 910 ὅπου
1492 874 1555 924 γε
1580 857 1609 908 6
1642 857 1796 924 λόγος

207 943 510 1004 δείκνυσιν,
542 944 624 996 ὅτι
657 943 918 997 αὑτόὲστι
938 944 1109 997 καὶτὸ
1136 945 1242 998 τῶν
1271 946 1490 998 δικαίων
1525 945 1792 1016 βραϐεῖον,

207 1037 350 1087 ὅταν
371 1035 492 1087 ἀντὶ
512 1033 606 1086 τοῦ
639 1034 957 1105 ἀρραϐῶνος
987 1037 1303 1107 παρασχεθῇ
1334 1038 1395 1090 τὸ
1426 1037 1668 1090 τέλειον·
1703 1037 1796 1089 καὶ

206 1127 251 1195 ἡ
288 1124 475 1196 πρώτη
537 1125 645 1178 τῶν
691 1125 1028 1197 ἁμαρτωλῶν
1061 1127 1348 1196 καταδίκη,
1371 1129 1498 1181 ὅταν
1523 1128 1618 1181 καὶ
1649 1127 1676 1179 ὃ
1707 1128 1794 1180 δο-

208 1215 408 1267 κοῦσιν
445 1214 586 1283 ἔχειν
627 1215 1001 1285 ἀφαιρεθῶσι;
1032 1218 1105 1268 Τὸ
1139 1216 1193 1268 δὲ
1221 1217 1474 1286 μέγιστον
1496 1219 1794 1287 τεκμήριον

205 1307 318 1376 τῆς
347 1308 480 1377 πρὸς
510 1307 724 1376 Πατέρα
749 1310 840 1360 καὶ
871 1309 997 1361 Υίὸν
1020 1309 1111 1361 τοῦ
1133 1309 1447 1378 Πνεῦματος
1481 1309 1793 1377 συναφείας,

207 1398 302 1450 ὅτι
325 1398 495 1461 οὕτως
513 1399 657 1469 ἔχειν
685 1399 900 1468 λέγεται
937 1401 1070 1467 πρὸς
1107 1403 1259 1464 Θεὸν,
1289 1403 1364 1465 ὠς
1403 1402 1540 1472 πρὸς
1567 1402 1796 1454 ’ἑκαστον

207 1488 332 1558 ἔχει
372 1489 432 1541 τὸ
490 1489 706 1559 πνεῦμα
743 1491 803 1544 τὸ
837 1494 892 1544 ὲν
922 1494 1070 1561 ἡμῖν.
1124 1495 1219 1558 Τίς
1253 1495 1362 1562 γὰρ
1407 1490 1548 1556 οἶδε,
1609 1492 1791 1561 φησὶν,

203 1577 544 1646 ἀνθρώπων
570 1578 642 1631 τὰ
666 1580 772 1633 τοῦ
801 1581 1140 1647 ἀνθρώπου,
1173 1583 1224 1634 εἱ
1251 1582 1336 1650 μὴ
1368 1581 1435 1634 τὸ
1470 1582 1703 1649 πνεῦμα
1731 1581 1792 1633 τὸ

203 1668 292 1722 ἐν
329 1670 520 1734 αὐτῷ;
550 1671 712 1724 Οὕτω
737 1672 833 1724 καὶ
861 1674 930 1724 τὰ
957 1673 1060 1725 τοῦ
1097 1675 1244 1726 Θεοῦ
1273 1673 1472 1738 οὐδεὶς
1500 1674 1786 1742 ἔγνωκεν,

205 1757 271 1808 εἰ
293 1756 378 1826 μὴ
410 1757 476 1810 τὸ
513 1760 755 1830 Πνεῦμα
792 1761 856 1815 τὸ
882 1762 950 1816 ἐκ
979 1780 1084 1815 τον
1121 1764 1292 1819 Θεοῦ.

820 1857 1044 1924 Κεφάηὶ.
1107 1857 1196 1911 (θ’.

302 1942 482 1996 Ἔστω
541 1945 733 2010 ταῦτα,
792 1949 979 2017 φησὶν,
1017 1949 1131 2001 ἀλλ’
1153 1949 1276 2017 οὐχὶ
1334 1952 1428 2004 καὶ
1481 1953 1607 2018 δόξα
1657 1954 1792 2006 πάν-

203 2054 325 2101 τως
346 2039 667 2110 ὀφειλομένη
702 2041 818 2094 ἐστὶ
848 2042 924 2112 τῷ
962 2045 1256 2115 Πνεῦματι,
1298 2046 1436 2098 ὥστε
1466 2047 1788 2115 δοξολογίαις

207 2127 546 2196 ἁνυψοῦσθαι
597 2133 724 2202 παρ’
769 2133 942 2202 ἡμῶν.
1002 2135 1169 2186 Πόθεν
1222 2138 1286 2188 ἂν
1339 2133 1429 2189 οῦν
1469 2139 1566 2206 τῆς
1622 2139 1788 2209 ὑπερ-

206 2219 445 2289 εχούσης
502 2221 680 2275 πάντα
758 2223 882 2276 νοῦν
947 2225 1102 2289 ἀξίας
1163 2226 1256 2278 τοῦ
1321 2228 1634 2298 Πνεύματος
1687 2230 1786 2295 τὰς

206 2309 514 2374 ἀποδείξεις
552 2312 809 2383 λάϐοιμεν
847 2351 862 2374 ,
1008 2317 1223 2388 εἴπερὴ
1260 2321 1472 2390 Πατρὸς
1523 2322 1616 2373 καὶ
1653 2321 1782 2375 Υῐοῦ

204 2399 465 2450 κοινωνία
531 2400 604 2470 μὴ
663 2401 972 2467 ἀξιόπιστος
1040 2405 1222 2469 αὐτοῖς
1278 2406 1414 2475 πρὸς
1479 2410 1783 2480 μαρτυρίαν

202 2486 521 2556 ἀξιώματος
563 2492 856 2564 ἐνομίσθη;
903 2495 1118 2561 Ἔξεστί
1160 2514 1222 2566 γε
1281 2499 1386 2570 μὴν
1435 2501 1570 2569 πρός
1610 2518 1670 2552 τε
1713 2501 1782 2554 τὰ

201 2579 273 2630 ἐκ
317 2579 423 2630 τῶν
467 2582 743 2650 ὀνομάτων
791 2586 1205 2656 ἀποϐλέψαντας
1246 2591 1636 2660 σημαινόμενα,
1687 2593 1781 2646 καὶ

201 2668 346 2739 πρὸς
375 2670 441 2722 τὰ
471 2671 577 2723 τῶν
603 2675 890 2744 ἐνεργειῶν
918 2678 1078 2730 αὑτοῦ
1122 2680 1348 2750 μεγέθη,
1380 2682 1473 2733 καὶ
1503 2681 1638 2752 πρὸς
1682 2681 1780 2745 τὰς

198 2762 288 2822 εἰς
317 2763 481 2830 ἡμᾶς,
514 2764 711 2832 μᾶλλον
749 2766 806 2818 δὲ
841 2768 920 2830 εἰς
947 2770 1123 2822 πᾶσαν
1165 2771 1262 2841 τὴν
1306 2771 1482 2824 κτίσιν
1516 2790 1779 2844 χορηγου-

202 2851 378 2920 μένας
404 2853 719 2924 εὐεργεσίας
758 2893 774 2917 ,
921 2859 1022 2927 τῆς
1065 2861 1435 2930 μεγαλοφυίας
1478 2864 1642 2916 αὐτοῦ
1681 2864 1778 2917 καὶ

199 2941 308 3010 τῆς
328 2941 612 3011 ἀνεφίκτου
640 2946 920 3015 δυνάμεως
948 2949 1040 3000 ἐπὶ
1072 2950 1234 3003 ποσὸν
1271 2951 1399 3019 γοῦν
1442 2955 1499 3005 ὲν
1529 2953 1774 3024 περινοίᾳ

203 3029 478 3096 γενέσθαι.
518 3033 741 3104 Πνεῦμα
773 3036 1085 3106 ὠνόμασται
1104 3056 1117 3070 ⁸
1146 3040 1242 3102 ὡς,
1268 3043 1510 3108 Πνεῦμα
1532 3046 1568 3095 ό·
1592 3045 1734 3107 Θεός
1754 3057 1770 3073 ·

1904 597 2012 636 non
2063 583 2208 639 adsit
2266 587 2442 639 sancti
2495 585 2733 657 Spiritus
2787 591 3138 659 ndjutorium.
3198 596 3484 661 Quomodo

1901 675 2066 746 igitur
2096 677 2322 746 intelligi
2351 687 2528 747 potest
2557 681 2761 750 absque
2790 680 2996 751 Spiritu
3028 693 3220 739 sancto
3251 688 3365 742 ﬁeri
3392 690 3484 758 ju-

1901 764 2126 828 dicium,
2167 780 2294 820 cum
2333 769 2619 838 Scriptura
2794 771 3033 826 declaret
3069 776 3247 844 ipsum
3277 794 3399 833 esse
3427 789 3480 833 et

1897 855 2173 923 justorum
2207 859 2490 925 praemium
2540 865 2587 927 ',
2615 863 2834 930 quando
2868 879 2966 932 pro
2996 865 3299 922 arrhabone
3327 870 3482 924 exhi-

1901 947 2116 1000 bebitur
2150 949 2296 1017 quod
2345 952 2646 1018 perfectum
2685 962 2803 1019 est;
2855 966 2908 1010 et
2951 958 3180 1026 primam
3228 971 3480 1028 peccato-

1901 1051 2020 1090 rum
2051 1040 2562 1096 condcmnationcm
2585 1082 2598 1105 ,
2633 1060 2756 1098 cum
2791 1061 2857 1099 eo
2889 1048 3052 1100 etiam
3085 1051 3230 1118 quod
3280 1051 3480 1108 habere

1897 1129 2171 1192 videntur,
2213 1132 2432 1199 spoliati
2471 1134 2714 1189 fuerint?
2761 1135 2933 1192 Porro
2979 1142 3273 1195 maximum
3315 1159 3479 1213 argu-

1898 1229 2139 1272 mentum
2194 1223 2600 1291 conjunctionis
2652 1227 2821 1291 illius,
2864 1245 3027 1298 quam
3074 1230 3306 1300 Spiritus
3351 1250 3474 1287 eum

1899 1306 2054 1362 l’atre
2081 1320 2133 1364 et
2176 1309 2313 1367 Filio
2342 1313 2538 1379 habet,
2575 1317 2710 1371 illud
2741 1328 2860 1382 est,
2889 1321 3032 1389 quod
3075 1323 3266 1376 eodem
3316 1326 3475 1379 modo

1896 1400 2099 1454 dicitur
2129 1403 2330 1458 habere
2367 1422 2427 1460 se
2460 1422 2586 1477 erga
2613 1408 2800 1472 Deum,
2826 1427 2934 1480 quo
2955 1428 3081 1482 erga
3115 1431 3474 1484 unumquem-

1896 1507 2001 1560 que
2024 1503 2270 1547 nostrum
2301 1511 2360 1550 se
2390 1496 2552 1551 habet
2573 1499 2820 1567 spiritus,
2840 1503 3034 1570 quiest
3058 1505 3110 1556 in
3132 1506 3308 1558 nobis.
3340 1506 3471 1568 Quis

1899 1584 2050 1646 mini,
2096 1584 2301 1651 inquit,
2338 1586 2604 1642 hominum
2635 1593 2774 1644 novit
2803 1609 2862 1646 ea
2894 1610 3011 1662 qua:
3056 1607 3174 1648 sunt
3209 1596 3466 1659 hominis,

1893 1671 1997 1723 nisi
2022 1674 2242 1738 spiritus
2296 1677 2387 1744 qui
2430 1686 2508 1730 est
2571 1680 2625 1731 in
2654 1681 2767 1748 ipso
2791 1685 2814 1736 ?
2843 1681 2935 1735 Sic
2963 1693 3013 1737 et
3042 1702 3158 1753 qua:
3188 1685 3287 1739 Dei
3314 1703 3466 1751 sum,

1820 1782 1861 1836 Β
1898 1782 2048 1822 nemo
2073 1774 2236 1837 novit,
2279 1776 2381 1828 nisi
2407 1775 2636 1844 Spiritus
2664 1780 2753 1847 qui
2786 1796 2851 1832 ea:
2881 1781 2992 1835 Deo
3022 1795 3097 1837 est
3131 1786 3172 1840 ⁸.

2534 1871 2704 1938 Caput
2747 1873 2830 1926 i9.

1972 1957 2054 2011 Sit
2121 1958 2218 2022 ita,
2283 1960 2558 2029 inquiunt,
2623 1971 2678 2016 at
2716 1980 2778 2018 ea
2849 1967 3020 2037 gloria
3091 1971 3240 2025 nullo
3310 1987 3467 2043 parto

1891 2037 2124 2096 debetur
2168 2044 2438 2113 Spiritui,
2469 2061 2529 2103 ut
2577 2067 2607 2104 a
2659 2057 2818 2112 nobis
2854 2037 3343 2129 gloriﬁcationibus
3395 2072 3465 2125 sit

1890 2132 2259 2188 extollendus.
2294 2136 2450 2193 Unde
2476 2141 2641 2212 igitur
2672 2149 2953 2214 probaturi
2997 2170 3186 2212 sumus
3226 2162 3464 2228 Spiritus

1888 2217 2213 2288 dignitatem
2277 2228 2616 2288 intellectum
2680 2252 2894 2294 onmem
2964 2259 3350 2314 superantem,
3415 2257 3461 2308 si

1887 2307 2068 2368 Patris
2099 2322 2153 2368 et
2182 2316 2308 2371 Filii
2341 2327 2652 2382 communio
2683 2329 2797 2384 visa
2821 2341 2905 2386 est
2938 2334 3055 2388 istis
3079 2340 3300 2395 minime
3321 2347 3462 2398 snlii-

1883 2397 2038 2454 ciens
2069 2403 2136 2456 ad
2171 2404 2222 2458 id
2252 2409 2700 2469 testiﬁcandum?
2733 2417 2876 2474 Sane
2900 2437 3194 2490 possumus
3222 2439 3275 2483 et
3302 2434 3366 2485 ad
3394 2452 3457 2487 ea

1880 2503 2006 2557 qua:
2047 2495 2364 2553 nominibus
2416 2503 2797 2571 signiﬁcantur
2848 2515 3240 2582 respicientes,
3284 2532 3336 2575 et
3387 2525 3455 2577 ad

1879 2583 2260 2647 operationum
2315 2589 2434 2658 ejus
2484 2596 2952 2664 magnitudinem,
2986 2610 3040 2657 et
3071 2606 3136 2658 ad
3193 2609 3453 2665 beneﬁcia

1879 2686 2000 2740 quae
2031 2673 2082 2726 in
2130 2691 2264 2740 nos,
2305 2679 2417 2735 imo
2463 2698 2586 2751 quae
2626 2687 2679 2738 in
2711 2704 2924 2744 omnem
2964 2705 3272 2751 creaturam
3321 2718 3454 2756 con-

1879 2759 2002 2825 fert,
2045 2779 2142 2832 pro
2173 2769 2394 2822 modulo
2427 2782 2617 2828 nostro
2651 2788 2858 2833 naturae
2885 2783 3034 2838 illius
3061 2788 3449 2847 sublimitatem

1873 2865 1937 2904 ac
1970 2857 2269 2921 potentiam
2320 2861 2933 2934 incomprehensibilem
2967 2879 3265 2947 percipere.
3325 2882 3449 2951 Spi-

1871 2944 2012 3000 ritus
2045 2957 2270 3006 vocatus
2301 2960 2406 3020 est,
2438 2963 2498 3008 ut
2521 2967 2606 3012 est
2635 2961 2788 3027 illud,
2823 2963 3054 3032 Spiritus
3088 2944 3230 3025 Deus
3272 2975 3293 3004 ⁸
3321 2992 3334 3038 ;
3367 2944 3444 3040 et,

1868 3033 2098 3103 Spiritus
2129 3041 2299 3096 vultus
2331 3048 2517 3110 nostri,
2549 3049 2790 3107 Christus
2827 3054 3080 3113 Dominus
3131 3062 3168 3116 ⁸.
3206 3065 3442 3122 Sanctus

199 3121 317 3184 καὶ,
353 3121 592 3192 Πνεῦμα
634 3125 738 3178 τοῦ
777 3127 1099 3194 προσώπου
1136 3129 1322 3198 ἡμῶν,
1375 3133 1622 3199 Χριστὸς
1658 3133 1772 3187 Κύ-

1871 3124 2090 3191 dicitur,
2127 3133 2587 3198 quemadmodum
2627 3152 2855 3198 sanctus
2913 3146 3094 3210 Pater,
3132 3159 3183 3204 et
3217 3164 3441 3209 sani-tus

181 3230 346 3280 ριος.
379 3212 597 3282 Ἀγιον·
631 3218 704 3280 ὡς
729 3219 880 3288 ἅγιος
927 3225 956 3274 6
989 3221 1198 3292 Πατὴρ,
1235 3224 1326 3276 καὶ
1357 3223 1511 3291 ἅγιος
1551 3225 1578 3275 ὁ
1623 3226 1768 3289 Υἱός.

193 3305 279 3374 Τῇ
319 3305 414 3373 μὲν
442 3306 548 3377 γὰρ
573 3309 744 3362 κτίσει
771 3310 1033 3381 ἑτέρωθεν
1066 3312 1364 3384 ἐπεισήγθη
1399 3315 1426 3365 6
1467 3315 1766 3386 ἀγιασμός’

189 3396 276 3466 τῷ
303 3396 357 3449 δὲ
381 3398 655 3469 Πνεύματι
691 3403 1119 3475 συμπληρωτικὴ
1154 3405 1252 3474 τῆς
1291 3406 1506 3474 φύσεώς
1550 3409 1696 3461 ἐστιν
1732 3410 1766 3480 ἡ

193 3484 443 3556 ἀγιότης.
489 3489 685 3558 Διόπερ
723 3491 842 3561 οὐχὶ
885 3493 1241 3564 ἁγιαζόμενόν
1272 3497 1437 3558 ἐστιν,
1469 3497 1582 3550 ἀλλ’
1610 3499 1770 3565 ἁγιά-

189 3575 313 3639 ζον.
353 3575 577 3643 Ἀγαθὸν
597 3596 608 3607 ·
637 3578 711 3640 ὡς
738 3580 937 3647 ἀγαθὸς
969 3584 996 3634 6
1028 3584 1239 3656 Πατὴρ,
1281 3586 1374 3638 καὶ
1411 3586 1610 3653 ἁγαθός
1644 3590 1672 3640 6
1703 3589 1767 3640 ἐκ

181 3667 287 3719 τοῦ
312 3667 513 3734 ἀγαθοῦ
543 3670 849 3740 γεννηθείςσ
894 3673 1079 3726 οὐσίαν
1127 3674 1246 3745 ἕχον
1431 3676 1527 3747 τὴν
1567 3679 1765 3744 ἀγαυό-

181 3773 352 3826 τητα.
390 3757 590 3820 Εὐθέςο
638 3759 713 3822 ὡς
759 3760 922 3829 εὺθὴς
969 3763 1171 3833 Κύριος
1213 3767 1242 3818 6
1289 3765 1452 3828 Θεός·
1495 3766 1572 3834 τῷ
1627 3763 1764 3821 εἷναι

179 3846 568 3918 αὖτοαλήθεια,
617 3850 710 3902 καὶ
748 3849 1211 3922 αὐτοδικαιοσύνη,
1251 3854 1642 3924 παρεκτροπὰς
1671 3855 1764 3908 ἐπὶ

178 3939 396 4010 θάτερα
425 3941 519 3992 καὶ
543 3941 812 4005 ἐκκλίσεις
837 3942 936 3995 οὐκ
961 3943 1101 4012 ἔχον,
1138 3945 1226 3998 διὰ
1259 3945 1317 3997 τὸ
1361 3946 1628 4014 ἄτρεπτον
1663 3945 1764 4013 τῆς

175 4030 394 4094 οὐσίας.
435 4032 821 4102 Παράκληποςο
877 4034 951 4096 ὡς
987 4037 1013 4087 6
1047 4037 1388 4105 Μονογενής·
1447 4035 1627 4098 καθὼς
1668 4035 1759 4088 αὐ·

170 4121 278 4184 τός
441 4140 620 4191 φησιν,
641 4125 721 4177 ὅτι.
751 4124 888 4192 Ἐγὼ
923 4123 1198 4192 ἐρωτήσω
1227 4124 1334 4177 τὸν
1375 4125 1603 4192 Πατέρα
1619 4143 1758 4193 μου,

172 4215 283 4269 καὶ
310 4214 484 4269 δώσει
510 4217 653 4285 ὑμῖν
685 4218 880 4272 ἄλλον
909 4219 1312 4288 [Ιαράχλητον.
1336 4219 1490 4273 Οῦτω
1516 4221 1669 4273 κοινὰ
1691 4219 1759 4273 τὰ

170 4308 421 4377 ὀνόματα
449 4310 582 4379 πρὸς
613 4309 831 4380 Πατέρα
857 4313 948 4363 καὶ
979 4311 1103 4364 Υἰδν
1127 4311 1203 4382 τῷ
1237 4312 1533 4381 Πνεύματι,
1573 4313 1636 4363 ἐκ
1659 4312 1758 4380 τῆς

171 4397 327 4450 κατὰ
364 4397 460 4467 τὴν
503 4398 661 4465 φύσιν
693 4398 1018 4468 οἰκειότητος
1065 4400 1171 4452 τῶν
1212 4401 1591 4471 προσηγοριῶν
1635 4400 1758 4454 τού-

165 4506 288 4540 των
322 4491 556 4558 τυχόντι.
587 4490 756 4542 Πόθεν
783 4491 891 4562 γὰρ
921 4491 1176 4553 ἅλλοθενς
1203 4493 1370 4544 Πάλιν
1403 4494 1751 4563 ἡγεμονικὸν,
1782 4523 1820 4576 D

1865 3211 2057 3270 Filius.
2076 3218 2354 3277 Creatura:
2371 3227 2640 3296 siquidem
2661 3233 2880 3289 inducta
2899 3247 2982 3292 est
3004 3241 3224 3297 aliunde
3242 3261 3356 3297 san:
3379 3249 3438 3298 ti-

1865 3306 2084 3375 monia;
2128 3307 2356 3379 Spiritui
2397 3333 2525 3370 vero
2566 3325 2827 3379 sanctitas
2866 3329 3186 3396 eompleliva
3219 3345 3302 3386 est
3341 3351 3438 3387 na-

1862 3400 2018 3448 turae.
2068 3398 2303 3470 Ideoque
2347 3421 2454 3460 non
2509 3411 2904 3478 sanctiﬁcatur,
2958 3418 3051 3472 sed
3108 3424 3432 3477 sanctiﬁcat.

1861 3481 2046 3540 Bonus
2078 3486 2205 3542 item
2241 3491 2446 3548 dicitur
2477 3497 2618 3551 sicut
2650 3498 2810 3554 Pater
2841 3504 3018 3562 bonus
3052 3517 3167 3572 est,
3207 3520 3260 3564 et
3292 3515 3433 3567 sicut

1858 3571 2035 3628 bonus
2067 3583 2149 3629 est
2182 3578 2228 3632 is
2259 3581 2349 3648 qui
2382 3580 2449 3635 ex
2479 3585 2620 3640 bono
2652 3599 2812 3642 natus
2837 3601 2921 3646 est
2952 3613 2964 3656 :_
2999 3597 3088 3648 cui
3113 3571 3328 3653 bonitas
3349 3611 3433 3654 est

1858 3662 1976 3728 ipsa
2007 3671 2267 3722 essentia.
2314 3669 2516 3726 llectus
2561 3686 2808 3741 vocatur,
2845 3689 2904 3735 ut
2939 3695 3120 3740 rectus
3167 3687 3430 3744 Domims

1860 3749 2001 3805 Deus
2043 3756 2095 3818 ⁸,
2126 3771 2192 3810 eo
2223 3761 2368 3826 quod
2412 3779 2508 3832 per
2550 3782 2608 3820 se
2642 3769 2712 3822 sit
2758 3771 2874 3839 ipsa
2928 3776 3161 3840 veritas,
3209 3789 3261 3834 et
3310 3782 3428 3849 ipsa

1853 3839 2086 3908 justitia,
2122 3863 2223 3902 nec
2256 3851 2309 3902 in
2338 3852 2477 3907 hanc
2508 3873 2607 3911 nec
2630 3859 2684 3912 in
2719 3861 2864 3915 illam
2891 3877 3098 3932 partem
3127 3885 3185 3924 se
3211 3881 3426 3927 vertens

1855 3938 1948 3979 aut.
1977 3929 2220 4000 ﬂectens,
2257 3949 2479 4009 propter
2502 3929 3238 4011 natura:imn'iutabilitatem.
3266 3960 3426 4016 Para-

1853 4018 2029 4072 cletus
2060 4038 2407 4094 nuncupatur
2438 4033 2582 4085 velut
2614 4033 2937 4106 Unigenitus
2967 4061 2979 4094 :
3009 4044 3150 4096 sicut
3185 4049 3297 4115 ipse
3323 4052 3420 4113 ait,

1853 4104 1966 4176 Ego
2013 4114 2206 4181 rogabo
2251 4117 2465 4173 Patrem
2513 4104 2816 4189 meumpet
2862 4131 3008 4186 dabit
3059 4104 3216 4191 vobis.
3257 4129 3423 4194 atiun’z

1852 4197 2189 4258 Paracletum
2238 4209 2278 4261 ".
2321 4208 2432 4264 lloc
2465 4225 2624 4282 pacto
2666 4224 2976 4275 communia
3029 4235 3156 4285 sunt
3201 4232 3420 4284 nomina

1850 4287 2021 4357 Patri,
2053 4293 2191 4350 Filio
2215 4307 2267 4352 et
2302 4299 2525 4369 Spiritui
2557 4318 2775 4372 sancto,
2816 4313 2909 4380 qui
2963 4315 3060 4370 has
3103 4322 3421 4387 appellatio-

1850 4394 1947 4434 nes
1979 4397 2042 4436 ex
2078 4395 2284 4442 natura:
2307 4396 2585 4477 consortio
2611 4398 2792 4453 habet.
2827 4400 2978 4458 Unde
3003 4407 3143 4459 enim
3165 4411 3422 4466 aliunde?

1848 4470 2088 4528 liursum
2120 4478 2357 4547 Spiritus
2398 4470 2749 4557 principalis,
2777 4502 2830 4545 et
2875 4492 3112 4562 Spiiitus
3143 4503 3419 4568 veritatis,

166 4581 273 4632 καὶ
317 4579 540 4650 Πνεῦμα
571 4581 670 4650 τῆς
704 4583 978 4653 ἀληθείας,
1009 4584 1101 4635 καὶ
1142 4582 1364 4652 Πνεῦμα
1396 4586 1588 4651 σοφίας
1620 4585 1754 4638 ὠνό-

1871 4573 1901 4617 rt
1951 4564 2193 4634 Spiritus
2233 4573 2516 4640 sapientiae
2563 4581 2748 4636 dictus
2799 4594 2902 4640 est.
2945 4588 3178 4658 Spiritus
3212 4595 3421 4649 divinus

167 4688 401 4742 μασται.
449 4673 690 4741 Πνεῦμα
729 4674 889 4727 θεῖον
927 4673 991 4726 τὸ
1020 4674 1286 4741 ποιῆσάν
1313 4693 1408 4743 με.
1467 4677 1594 4737 Καὶ,
1641 4675 1752 4730 Τὸν

159 4763 486 4830 Βεργειεὴλ
516 4762 601 4826 δὲ,
641 4765 821 4834 φησιν,
869 4763 1211 4831 ἐνέπλησεν
1254 4767 1286 4818 ὁ
1334 4763 1477 4829 Θεὸς
1508 4765 1750 4832 Πνεῦμα

159 4852 336 4905 θεῖον
372 4855 592 4921 σοφίας
636 4855 732 4907 καὶ
773 4855 1080 4920 συνέσεως
1122 4856 1218 4908 καὶ
1271 4856 1626 4924 ἐπιστήμης.
1668 4855 1750 4910 Τὰ

160 4942 277 5014 μὲν
329 4940 419 4996 οὖν
475 4945 712 5014 ὀνόματα
764 4945 982 4998 τοιαῦτα
1195 4947 1443 5017 ὑπερφυῆ
1491 4947 1584 4999 καὶ
1653 4963 1747 5016 με·

152 5031 315 5101 γάλα
337 5053 345 5060 ·
375 5032 633 5102 οὔμενουν
668 5035 857 5106 ἔχοντά
877 5053 996 5089 τινα
1025 5037 1102 5098 εἰς
1125 5035 1279 5102 δόξαν
1299 5037 1620 5108 ὑπερϐολήν.

358 5125 422 5176 Ai
444 5125 498 5177 δὲ
528 5125 794 5195 ἐνέργειαι
817 5128 992 5191 τίνες;
1023 5128 1285 5198 ¹Ἀρρητοι
1317 5129 1414 5198 μὲν
1437 5129 1526 5181 διὰ
1555 5128 1617 5180 τὸ
1649 5128 1745 5198 μὲ-

149 5213 348 5283 γεθος,
381 5215 804 5288 ἀνεξαρίθμητοι
827 5217 882 5270 δὲ
913 5217 997 5270 διὰ
1027 5218 1085 5271 τὸ
1110 5218 1330 5288 πλῆθος.
1366 5219 1490 5282 Πῶς
1517 5220 1614 5288 μὲν
1635 5220 1743 5290 γὰρ

148 5308 435 5376 νοὴσομεν
471 5308 536 5359 τὰ
580 5308 684 5360 τῶν
719 5309 930 5361 αἰώνων
969 5310 1253 5374 ἐπέκεινα;
1290 5310 1434 5372 τίνες
1463 5307 1599 5381 ἦσαν
1639 5311 1740 5364 αὑ·-

147 5395 261 5449 τοῦ
311 5397 414 5461 πρὸ
448 5399 544 5468 τῆς
596 5401 792 5469 νοητῆς
838 5401 1067 5464 κτίσεως
1122 5404 1175 5455 αἱ
1221 5401 1528 5472 ἐνέργειαι;
1577 5404 1740 5458 πόσαι

149 5484 204 5537 δ’
237 5485 335 5536 ἀπ’
370 5486 534 5538 αὐτοῦ
567 5490 693 5558 περὶ
722 5489 819 5557 τὴν
861 5489 1036 5543 κτίσιν
1215 5490 1475 5560 χάριτες;
1511 5490 1588 5553 τίς
1617 5491 1672 5544 δὲ
1703 5496 1734 5560 ἡ

152 5574 304 5646 πρὸς
332 5577 457 5640 τοὺς
497 5577 697 5642 αἰῶνας
729 5579 857 5642 τοὺς
888 5581 1288 5650 ἐπερχομένους
1331 5580 1589 5648 δύναμιςῖ
1632 5577 1738 5634 Ἦν

242 5723 260 5756 ¹
327 5722 468 5780 Ρετιὲ.
502 5726 658 5802 νιηϐ.
708 5727 995 5802 Α¹-1-Ροιι’.
1036 5745 1074 5794 ι,
1109 5733 1195 5787 12.
1273 5735 1293 5766 ³
1350 5734 1518 5790 lCnr.
1555 5752 1614 5802 ιι,
1643 5739 1729 5796 ll.

157 5795 182 5827 '
210 5793 370 5850 Juan.
407 5812 518 5862 xiv,
551 5799 630 5853 16.
705 5798 726 5830 ⁸
755 5796 858 5856 Job
875 5793 1070 5873 sunt,
1097 5804 1150 5860 4.
1226 5805 1248 5838 ⁸
1277 5804 1445 5862 Exod.
1479 5793 1626 5878 ωί,
1667 5813 1718 5866 5.

1812 5740 1833 5772 ⁴
1855 5741 2013 5803 Joan.
2039 5759 2111 5812 iv,
2141 5745 2228 5800 24.

1845 4659 1936 4726 qui
1969 4677 2048 4713 me
2095 4661 2216 4726 fecit
2251 4671 2304 4730 ³;
2339 4675 2420 4732 et,
2459 4670 2716 4740 Beselcel,
2771 4676 2980 4746 inquit,
3024 4683 3249 4749 implevit
3281 4685 3420 4742 Deus

1846 4750 2049 4819 Spiritu
2231 4755 2406 4813 divino
2446 4765 2718 4830 sapientia:
2754 4779 2802 4821 et
2831 4771 3129 4827 intellectus
3159 4787 3205 4828 et
3247 4781 3419 4833 scien-

1848 4841 1936 4892 tia:
1967 4843 2007 4895 °.
2044 4843 2193 4900 Talia
2245 4850 2410 4919 igitur
2446 4861 2665 4910 nomina
2718 4862 2915 4916 eximia
2963 4866 3052 4916 illa
3101 4869 3318 4935 quidem
3367 4885 3421 4928 et

1845 4944 2060 4999 magna,
2089 4949 2190 4988 nec
2216 4945 2418 5002 tamen,
2446 4945 2587 5010 quod
2615 4949 2680 4997 ad
2709 4948 2936 5016 gloriam
2958 4957 3170 5020 attinet,
3191 4973 3419 5030 exagge-

1846 5021 2114 5076 rationem
2153 5028 2318 5080 ullam
2352 5033 2626 5086 habentia.

2037 5115 2104 5167 At
2129 5122 2474 5185 uperationes
2505 5127 2694 5192 quales
2737 5131 2906 5184 sunt?
2939 5133 3246 5193 lnel‘fabiles
3292 5143 3417 5209 qui-

1843 5201 1965 5257 dem
2025 5206 2096 5259 ob
2157 5212 2625 5284 magnitudinem,
2685 5221 3115 5283 innumerabiles
3169 5246 3296 5283 vero
3347 5235 3418 5286 oh

1843 5295 2270 5352 multitudinem.
2300 5300 2436 5356 Nam
2472 5295 2580 5374 quo
2619 5318 2781 5377 pacto
2814 5313 3175 5384 intelligemus
3206 5334 3265 5372 ea
3297 5337 3417 5387 qua:

1844 5384 2066 5441 fuerunt
2097 5399 2224 5446 ante
2273 5397 2508 5450 smcula?
2537 5415 2657 5467 quae
2696 5413 2851 5458 erant
2889 5406 3038 5462 illius
3069 5413 3416 5477 operationcs

1845 5486 1972 5533 ante
2024 5491 2332 5538 creaturam
2387 5489 2822 5560 iutelligibilem?
2869 5507 3074 5566 quanta
3129 5511 3309 5557 autem
3347 5507 3416 5558 ah

1839 5568 1934 5624 illo
1959 5572 2220 5630 beneﬁcia
2248 5578 2301 5632 in
2330 5586 2677 5638 creaturam?
2706 5587 2770 5639 ad
2792 5588 2924 5654 huic,
2950 5607 3068 5658 quae
3084 5601 3324 5661 potestas
3346 5597 3413 5650 ad

2309 5746 2329 5778 ⁵
2372 5747 2575 5805 Thl'en.
2611 5764 2684 5814 Iv,
2725 5747 2815 5804 ‘20.
2896 5749 2919 5782 ⁸
2987 5750 3127 5809 Psal.
3165 5771 3273 5824 xci,
3326 5749 3410 5804 16.
