4100 6290
234 379 361 442 760

1215 377 1589 440 PANOPLIA
1628 377 2084 440 DOGMATICA.
2122 403 2188 416 ·-
2227 376 2375 441 Tl'I‘.
2415 377 2558 440 XII.

3400 387 3508 451 7'0

235 498 524 568 ἀκούσῃς,
555 494 844 554 ὅτιόταν
893 495 1041 569 ἔλθῃ
1088 497 1123 550 d
1154 496 1567 565 Παράκλητος,
1609 494 1842 562 ἐκεῖνος
1894 499 2052 567 ὑμᾶς
2095 496 2434 568 ἀναμνήσει
2477 497 2576 552 καί
2615 497 2903 569 ὁδηγήσει
2952 499 3102 569 πρὸς
3137 498 3346 556 πᾶσαν
3395 500 3512 569 τὴν

236 591 574 660 ἀλήθειαν,
595 592 696 661 τὴν
717 592 1056 660 ὀδηγίαν,ὡς
1087 591 1392 662 ιδιδάχθης,
1421 591 1553 646 νόειο
1586 592 1661 662 μὴ
1683 593 2007 662 συκοφάντει
2040 593 2140 663 τὴν
2193 593 2421 649 ἔννοιαν.

337 685 504 740 Ἀλλὰ
576 686 685 740 Καὶ
731 688 1113 757 ἐντυγχάνει,
1179 689 1368 757 φησιν,
1416 686 1571 755 ὑπὲρ
1634 687 1824 756 ἡμῶν

2003 687 2093 751 Αι,
2157 688 2412 758 inquies,
2485 689 2666 746 Etiam
2727 688 3024 767 interpellat
3077 705 3172 758 pro
3238 688 3385 742 nobis
3452 690 3512 750 ’ς

243 787 420 838 ’Ὥστε
440 787 562 838 ὅσον
589 785 774 856 ἱκέτης
795 785 888 838 τοῦ
914 784 1198 857 εὐεργέτου
1223 784 1487 848 λείπεται,
1508 783 1759 837 τοσοῦτον
1775 782 1838 835 τὸ

240 878 484 948 Πνεῦμα
525 878 666 930 κατὰ
699 877 798 948 τὴν
842 876 999 943 ἀξίαν
1042 877 1404 929 ἀποπέπτωκε
1440 876 1534 930 τοῦ
1569 876 1726 929 Θεοῦ.
1759 877 1834 930 Σὺ

236 967 308 1019 δὲ
336 968 489 1020 οὔπω
529 969 768 1038 ἤκουσας
808 969 936 1040 περὶ
969 969 1061 1021 τοῦ
1102 968 1459 1035 Μονογενοῦς,
1491 969 1572 1021 ὅτι
1601 969 1746 1020 ἐστὶν
1777 968 1838 1021 ιν

239 1059 410 1130 δεξιᾷ
445 1049 534 1112 τοῦ
571 1061 729 1124 Θεοῦ,
763 1061 858 1112 καὶ⁴
890 1061 1204 1131 ἐντυγχάνει
1232 1061 1370 1130 ὑπὲρ
1393 1060 1584 1130 ήμῶν;
1618 1061 1708 1128 Μὴ
1740 1057 1836 1112 οὖν

240 1151 336 1204 ὅτι
376 1152 435 1204 τὸ
461 1151 684 1222 Πνεῦμα
711 1155 767 1206 ὲν
792 1154 874 1205 σοὶ
903 1153 1080 1222 (εἴπερ
1111 1152 1173 1223 δὴ
1202 1153 1336 1216 ὅλως
1365 1155 1421 1204 ὲν
1448 1152 1572 1222 σοὶ),
1602 1149 1724 1223 μηδ”
1749 1153 1832 1205 ὅτι

246 1240 747 1308 ἀποτυφλωθέντας
797 1243 944 1312 ἡμᾶς
996 1244 1132 1313 πρὸς
1169 1242 1267 1312 τὴν
1303 1243 1531 1314 ἐκλογὴν
1563 1243 1656 1296 τοῦ
1693 1260 1829 1314 συμ-

246 1334 536 1404 φέροντος
563 1333 835 1399 διδάσκει,
881 1336 974 1388 καὶ
1021 1335 1238 1406 ὁδηγεῖ,
1265 1334 1453 1388 τούτου
1502 1337 1683 1389 ἕνεκεν
1733 1337 1831 1407 τὴν

243 1425 454 1494 εὐσεδῆ
499 1425 593 1477 καὶ
627 1425 780 1478 ὁσίαν
826 1427 952 1497 περὶ
980 1425 1144 1479 αὐτοῦ
1191 1426 1348 1490 δόξαν
1527 1426 1829 1499 ζημιωθῇς.

259 1516 577 1588 ’Υπερϐολὴ
607 1517 714 1588 γὰρ
757 1518 1147 1590 ἀγνωμοσύνης
1184 1519 1341 1570 τοῦτό
1368 1535 1454 1586 γε,
1495 1519 1595 1589 τὴν
1639 1519 1828 1588 φιλανε

243 1603 502 1674 Θρωπίαν
539 1605 632 1657 τοῦ
678 1606 965 1677 εὐεργέτου
1003 1606 1252 1679 ἀφορμὴν
1292 1607 1613 1678 ἀχαριστίας
1659 1609 1830 1659 ποιεῖν·

247 1695 403 1749 σθαι.
448 1696 537 1768 Μὴ
572 1693 664 1750 οὖν
706 1697 926 1750 λυπεῖτε
971 1698 1031 1750 τὸ
1061 1698 1285 1767 Πνεῦμα
1321 1697 1382 1750 τὸ
1424 1699 1595 1764 ἆγιον.
1641 1696 1829 1751 Ἀκού-

246 1804 388 1838 σατε
432 1787 484 1838 τί
517 1804 680 1858 φησιν
737 1790 770 1858 ἡ
807 1788 1027 1858 ἀπαρχὴ
1059 1789 1167 1840 τῶν
1215 1788 1508 1858 μαρτύρων
1537 1787 1832 1857 Στέφανος,-

243 1877 314 1929 τὸ
360 1877 646 1942 δυσπειθὲς
692 1878 788 1931 καὶ
832 1879 1202 1931 ἀνυπότακτον
1252 1879 1329 1948 τῷ
1387 1878 1500 1949 λαῷ
1534 1879 1824 1942 ὀνειδίζων.

254 1968 482 2036 ἠιξ-ῖς,
525 1971 718 2039 φησιν,
759 1970 850 2024 ἀεὶ
903 1968 982 2034 τῷ
1010 1971 1306 2038 Πνεύματι
1352 1971 1432 2035 τῷ
1483 1971 1627 2042 ἁγίῳ
1666 1973 1825 2025 ἀντι-

243 2061 517 2114 πίπτετε.
581 2061 692 2115 Καὶ
744 2061 975 2140 πάλινμὶ
1029 2062 1292 2125 Ἡσαΐας·
1349 2061 1714 2129 Παρώξυναν
1757 2063 1824 2116 τὸ

247 2150 493 2220 Πνεῦμα
516 2149 580 2203 τὸ
604 2150 793 2219 ἅγιον,
819 2151 915 2202 καί
941 2150 1208 2218 ἐστράφη
1239 2150 1441 2214 αὐτοῖς
1461 2153 1545 2216 είς
1566 2153 1788 2220 ἔχθραν
1803 2167 1819 2182 ·

245 2243 348 2295 καὶ
393 2242 648 2313 ἑτέρωθιο
689 2244 752 2295 '0
779 2239 942 2306 οἶκος
969 2241 1075 2294 τοῦ
1111 2241 1319 2294 Ἰακὼϐ
1494 2243 1823 2310 παρώρτισε

247 2335 319 2385 τὸ
352 2331 588 2402 Πνεῦμα
616 2333 836 2398 Κυρίου
857 2347 870 2360 ’
905 2333 952 2382 εί
987 2330 1061 2400 μὴ
1090 2329 1499 2400 ὲξουσιαστικῆς
1539 2329 1821 2398 δυνάμεως

249 2423 636 2491 πσραστατικᾶι
682 2421 750 2475 τὰ
801 2421 1062 2487 toruum;
1091 2421 1170 2496 Τῇ
1231 2421 1339 2474 τῶν
1390 2419 1822 2488 ἐντυγχανόντων

245 2513 430 2584 κρίσει
461 2510 720 2581 παρίημι.

900 2603 1128 2673 Κερὰλ.
1163 2603 1237 2659 κ’.

322 2695 461 2750 θῦτε
513 2693 703 2746 δοῦλόν
749 2711 938 2764 φησιν,
996 2693 1119 2746 οὗτε
1162 2694 1457 2764 δεσπότην,
1511 2695 1628 2749 ἀλλ’
1667 2694 1820 2748 neo-

246 2791 434 2859 θερον,
493 2787 557 2840 Ὢ
585 2790 682 2856 τῆς
735 2787 916 2856 δεινῆς
969 2786 1328 2858 ἀναλγησίας,
1379 2787 1426 2841 ὣ
1457 2790 1552 2858 τῆς
1579 2791 1818 2860 δλιιινῆς

1934 785 2162 855 proinde
2188 792 2451 853 quantum
2481 783 2528 838 is
2558 784 2648 853 qui
2683 785 2910 853 supplex
2957 792 3042 838 est
3065 825 3079 849 ,
3129 785 3379 839 beneﬁcii
3413 800 3510 840 au-

1936 883 2090 928 ctore
2129 873 2356 927 inferior
2382 880 2501 939 est,
2531 882 2738 926 tantum
2775 888 2996 944 quoque
3027 873 3265 943 Spiritus
3295 878 3508 930 ratione

1935 962 2220 1032 dignitatis
2243 978 2272 1015 a
2307 961 2416 1017 Deo
2445 969 2710 1016 remotus.
2742 963 2810 1014 At
2841 971 2897 1014 tu
2929 964 3170 1016 nondum
3206 963 3406 1016 audisti
3438 964 3504 1018 de

1936 1051 2252 1123 Unigenito,
2280 1052 2427 1122 quod
2459 1053 2504 1107 is
2528 1063 2612 1107 est
2638 1054 2693 1106 in
2722 1053 2943 1108 dextera
2967 1053 3084 1115 Dei,
3111 1062 3166 1108 et
3198 1055 3510 1123 interpellat

1940 1160 2041 1216 pro
2079 1145 2245 1198 nobis
2293 1144 2354 1197 'l
2390 1145 2576 1211 Itaque
2616 1145 2744 1213 quia
2797 1145 3034 1213 Spiritus
3084 1146 3138 1198 in
3189 1153 3240 1198 te
3290 1153 3406 1208 est,
3463 1145 3510 1199 si

1935 1242 2116 1289 tamen
2148 1234 2374 1290 omnino
2411 1236 2466 1287 in
2517 1244 2569 1288 te
2597 1242 2700 1298 est,
2733 1240 2786 1287 et
2833 1234 2960 1301 quia
2993 1249 3092 1290 nos
3120 1243 3418 1288 cxcrcatos
3443 1233 3512 1287 ad

1934 1325 2245 1396 eligendum
2287 1325 2432 1394 quod
2465 1326 2598 1380 utile
2646 1333 2728 1379 est
2754 1367 2768 1387 ,
2812 1325 3002 1385 docet,
3033 1325 3392 1391 deducitque,
3444 1340 3512 1377 ne

1936 1433 2055 1472 eam
2087 1419 2156 1472 ob
2187 1433 2410 1471 causam
2443 1419 2586 1487 piam
2633 1432 2694 1469 ac
2735 1422 2977 1468 sanctam
3008 1413 3072 1466 de
3103 1428 3168 1465 eo
3200 1412 3510 1480 Opinionem

1937 1511 2176 1563 amittas.
2207 1508 2339 1561 Nam
2375 1509 2616 1578 proiecto
2650 1523 2896 1561 summus
2928 1505 3089 1559 fuerit
3123 1504 3318 1573 Ingrati
3342 1503 3509 1556 animi

1935 1601 2158 1670 gradus,
2186 1599 2578 1655 benefacientis
2603 1597 2994 1652 humanitatem
3029 1597 3092 1648 ad
3118 1595 3316 1663 ingrati
3341 1594 3508 1647 animi

1933 1691 2280 1745 occasionem
2315 1698 2548 1744 vertere.
2597 1688 2778 1741 Nolite
2824 1688 2990 1755 igitur
3024 1687 3352 1738 contristare
3384 1684 3508 1752 Spi-

1897 1773 1902 1778 ’
1935 1784 2096 1838 ritum
2123 1791 2370 1834 sanctum
2420 1782 2462 1832 ³.
2495 1779 2690 1832 Audite
2715 1777 2845 1846 quid
2877 1777 3021 1831 dicat
3053 1786 3353 1844 martyrum
3395 1773 3512 1842 pri-

1935 1877 2100 1930 mitia:
2152 1875 2504 1944 Stephanus,
2563 1869 2992 1925 inohedi'entiam
3044 1882 3107 1921 ac
3153 1865 3508 1919 rebellionem

1935 1965 2274 2036 exprobrans
2326 1962 2550 2032 populo.
2602 1959 2738 2024 Vos,
2782 1959 2980 2027 inquit,
3039 1971 3242 2022 semper
3287 1953 3509 2021 Spiritui

1933 2065 2114 2112 sancto
2146 2054 2400 2110 resistitis
2459 2052 2498 2106 δ.
2533 2049 2599 2104 Et
2645 2066 2864 2105 rursum
2895 2050 3063 2105 lsaias
3094 2066 3108 2102 :
3145 2045 3499 2100 Exacerbave-

1932 2155 2054 2200 runt
2085 2145 2344 2214 Spiritum
2375 2151 2616 2197 sanctum
2637 2180 2653 2204 ,
2685 2151 2733 2195 et
2775 2158 2953 2194 versus
2988 2149 3064 2194 est
3098 2139 3208 2193 illis
3245 2139 3300 2191 in
3327 2138 3512 2190 inimi-

1933 2236 2113 2289 citiam
2160 2234 2201 2289 '.
2241 2233 2306 2286 Et
2337 2233 2502 2295 alibi,
2545 2229 2935 2285 Domuslacob
2971 2231 3203 2298 irritavit
3249 2227 3509 2296 Spiritum

1933 2326 2148 2380 Domini
2197 2324 2241 2381 '.
2292 2323 2525 2388 Audite,
2570 2325 2826 2392 inquam,
2863 2337 2929 2375 an
2961 2321 3211 2376 non-luce
3239 2333 3507 2374 summam

1933 2417 2228 2489 potentiam
2273 2414 2590 2470 declarent?
2626 2412 2843 2468 Judicio
2891 2412 3186 2480 legentium
3230 2409 3506 2480 permitto,

2547 2602 2718 2673 Caput
2759 2603 2851 2660 20.

1995 2696 2183 2766 Neque
2246 2711 2477 2760 servus,
2545 2695 2744 2765 inquit,
2823 2710 2999 2763 neque
3052 2696 3331 2765 dominus,
3403 2699 3496 2753 sed

1929 2789 2087 2843 liber.
2164 2785 2210 2842 0
2255 2788 2454 2845 mirum
2506 2800 2810 2856 stuporem,
2877 2804 2912 2840 ο
2973 2788 3340 2842 miserandam
3403 2805 3501 2844 au-

251 2880 486 2946 ὰιριιϐίας
548 2879 656 2930 τῶν
699 2878 870 2930 ταῦτα
932 2878 1236 2947 λεγόντωνε
1295 2880 1362 2934 Τί
1420 2883 1580 2936 πλέον
1645 2885 1826 2938 αὐτῶν

1934 2881 2140 2936 daciam
2215 2883 2318 2935 ism
2367 2880 2750 2950 loquentium!
2814 2879 2954 2947 Quid
3035 2883 3266 2950 amplius
3311 2883 3501 2953 deplo-

255 2971 533 3039 ὀδύρωμαι
557 2985 572 3034 ;
597 2969 660 3020 τὸ
687 2968 923 3036 ἀμαθὲς,
976 2968 1011 3040 ἢ
1063 2971 1125 3022 τὸ
1180 2969 1541 3040 βλάσφημοη
1587 2972 1640 3025 οῖ
1663 2989 1727 3039 γε
1759 2973 1825 3025 τὰ

256 3063 357 3129 τῆς
427 3060 716 3127 θεολογίας
791 3061 1041 3130 δόγματα
1115 3063 1480 3132 ἀνθρωπίνοις
1565 3067 1826 3136 παραδεί-

250 3169 433 3221 γμασι
464 3151 883 3220 καθυϐρίζουσι,
917 3153 1013 3206 καὶ
1040 3153 1140 3222 τὴν
1184 3148 1285 3206 ὦδε
1318 3156 1632 3228 συνήθειαν,
1683 3174 1827 3229 παρ-

250 3246 607 3315 ηλλαγμένην
650 3246 882 3314 ἔχουσαν
922 3247 1043 3306 ,τῶν
1100 3247 1428 3319 ἀξιωμάτων
1479 3250 1578 3320 τὴν
1638 3251 1827 3319 διαιρο-

259 3337 388 3403 ρὰν,
419 3339 483 3405 τῇ
521 3337 641 3406 θείᾳ
671 3338 765 3388 καὶ
803 3339 1029 3407 ἀρρήτῳ
1059 3338 1222 3407 φύσει
1253 3343 1662 3410 προσαρμόζων
1707 3343 1829 3396 ἐπι-

254 3427 558 3500 χειροῦσιν·
587 3429 689 3482 οὐκ
729 3431 1054 3492 ιννοοῡντες,
1089 3431 1170 3482 ὅτι
1203 3433 1354 3500 παρὰ
1386 3433 1485 3500 μὲν
1522 3433 1829 3502 ἀνθρώποις

252 3519 520 3586 τῇφύσει
554 3517 741 3580 δοῦλος
765 3518 961 3581 οὐδείς.
991 3521 1060 3572 Ἦ
1091 3520 1200 3590 γὰρ
1236 3525 1830 3588 καταδυναστευθέντες
1867 3520 1907 3570 C

247 3610 364 3666 om
404 3611 568 3680 ζυγὸν
610 3611 854 3674 δουλείας
909 3609 1153 3682 ἠχθησαν
1196 3645 1213 3672 ,
1356 3609 1430 3673 ὡς
1465 3610 1524 3662 ὲν
1561 3610 1837 3678 αἰχμαλως

249 3701 404 3765 σίαις
424 3721 437 3734 ·
463 3703 496 3774 ἢ
524 3703 820 3764 διὰπενίαν
848 3700 1346 3772 κατεδουλώθησαν,
1371 3699 1447 3762 ὡς
1472 3700 1521 3752 oi
1545 3699 1829 3768 Αἰγύπτιοι

250 3793 341 3864 τῷ
365 3796 560 3866 Φαραὼ
578 3809 592 3822 ·
626 3795 659 3865 ἢ
699 3795 838 3848 κατά
864 3811 984 3846 τινα
1017 3793 1184 3864 σοφὴν
1215 3793 1308 3845 καὶ
1335 3791 1645 3863 ἀπόρρητον
1687 3793 1829 3844 οἰκον

251 3886 454 3956 νομίαν
483 3887 530 3938 oi
560 3887 773 3956 χείρους
814 3883 922 3938 τῶν
960 3883 1164 3936 παίδων
1211 3885 1273 3936 ἐκ
1312 3883 1413 3953 τῆς
1445 3882 1552 3935 τῶν
1581 3881 1829 3954 πατέρων

253 3975 444 4045 φωνῆς
461 3978 570 4038 τοῖς
592 3975 893 4046 φρονιμωτέ
903 3990 1013 4044 ροις
1031 3973 1124 4026 uati.
1157 3971 1386 4041 βελτίοσι
1424 3969 1693 4023 δουλεύειν
1709 3987 1832 4022 κατ-

255 4064 656 4136 εδικάοθησανο
715 4067 804 4136 ἦν,
833 4064 952 4117 οὐδὲ
991 4062 1322 4130 καταδίκην,
1357 4060 1469 4114 ἀλλ’
1516 4059 1831 4130 εὐεργεσίαν

256 4155 406 4210 εἷποι
433 4173 515 4218 τις
555 4155 619 4209 ἂν
645 4155 850 4216 δίκαιος
876 4154 985 4207 τῶν
1030 4152 1330 4222 γινομένων
1371 4149 1682 4219 ἐξεταστὴς.
1728 4149 1833 4200 Τὸν

257 4244 374 4316 γὰρ
402 4245 466 4298 δι’
497 4245 696 4298 ἔνδειαν
734 4243 828 4298 τοῦ
864 4247 1079 4315 φρονεῖν
1107 4245 1206 4296 οὐκ
1243 4241 1433 4312 ἔχοντα
1473 4241 1531 4294 ὲν
1563 4238 1739 4308 ἐαυτῷ
1771 4238 1831 4292 τὸ

257 4335 408 4391 κατὰ
455 4336 614 4404 φύσιν
645 4335 842 4408 ἄρχον,
889 4335 1074 4388 τοῦτον
1119 4333 1306 4404 ἑτέρου
1343 4334 1528 4404 κτῆμα
1575 4333 1830 4401 γενέσθαι

255 4427 715 4498 λυσιτελέστερον,
768 4425 877 4488 ἵνα,
937 4423 1014 4494 τῷ
1061 4422 1153 4476 τοῦ
1209 4423 1534 4494 κρατοῦντος
1587 4421 1834 4492 λογισμῷ

258 4518 686 4589 διευθυνόμενος,
720 4518 904 4588 ὅμοιος
1006 4515 1213 4586 ἅρματι
1244 4517 1457 4586 ἡνίοχον
1490 4513 1830 4580 ἀναλαᾶόντι,

259 4610 361 4665 καὶ
387 4609 554 4680 πλοίῳ
583 4609 919 4679 κυϐερνήτην
948 4607 1122 4677 ἔχοντι
1154 4608 1245 4659 {ﬁt
1273 4607 1473 4660 οἰάκων
1501 4606 1830 4675 καθήμενον.

259 4700 363 4755 Διὰ
393 4699 550 4753 τοῦτο
599 4697 791 4752 Ἰακὼϐ
817 4697 1002 4768 κύριος
1027 4696 1122 4750 τοῦ
1163 4695 1330 4749 Ἦσαῦ
1356 4698 1420 4748 ὲκ
1454 4695 1554 4764 τῆς
1584 4693 1834 4762 εὐλογίας

1936 2989 2046 3027 rem
2091 2985 2337 3037 :_utrum
2403 2973 2703 3038 inscitiam,
2759 2986 2826 3027 an
2910 2974 3302 3042 blaSphemiMn
3368 2977 3504 3030 isto-

1934 3068 2092 3120 rum?
2171 3065 2263 3138 qui
2321 3067 2540 3132 quidem
2603 3066 2670 3118 de
2728 3064 2838 3119 Deo
2909 3067 3161 3134 dogmata
3240 3068 3498 3120 humanis

1947 3157 2217 3228 exemplis
2276 3157 2646 3214 dedecorant;
2699 3171 2763 3210 ac
2826 3157 3106 3209 hominum
3143 3160 3494 3211 consuetudi-

1936 3267 2084 3316 nem,
2139 3265 2235 3320 ρει·
2284 3263 2447 3319 quam
2496 3249 2682 3321 dispar
2728 3258 2810 3303 est
2841 3249 3171 3317 dignitatum
3226 3250 3502 3303 excellen-

1937 3343 2033 3406 tia,
2062 3341 2127 3396 ad
2147 3341 2383 3396 divinam
2422 3349 2476 3396 et
2530 3339 2854 3394 ineﬂabilem
2893 3348 3138 3394 naturam
3190 3355 3502 3393 accommo-

2500 3431 2643 3486 haud
2683 3441 2994 3500 reputantes
3059 3431 3200 3500 apud
3251 3431 3502 3487 homines

1939 3528 2154 3595 quidem
2198 3529 2404 3581 nullum
2432 3541 2551 3580 esse
2581 3537 2770 3580 natura
2793 3541 3030 3580 servum.
3071 3525 3179 3578 Aut
3203 3524 3348 3578 enim
3401 3541 3502 3592 po-

1937 3611 2106 3662 tentia
2141 3611 2413 3680 Oppressi,
2440 3611 2544 3664 sub
2579 3610 2774 3679 jugum
2823 3612 3103 3666 servitutis
3298 3611 3505 3666 inducti

1935 3709 2084 3764 sunt,
2119 3703 2269 3755 velut
2301 3703 2355 3755 in
2401 3702 2545 3756 bello
2581 3704 2725 3772 capti
2767 3720 2778 3754 :
2818 3708 2909 3753 aut
2953 3702 3022 3754 ob
3062 3713 3406 3770 pauperatem
3450 3701 3508 3756 in

1935 3793 2256 3846 servitutem
2289 3793 2468 3846 adacti
2502 3804 2653 3856 sunt,
2703 3793 2853 3846 velut
2893 3791 3137 3862 zEgyptii
3183 3793 3452 3847 Pharaoni
3487 3809 3503 3848 :

1937 3435 2066 3489 dare
2137 3434 2383 3489 nituntur
2431 3447 2446 3486 :

1899 3894 1911 3904 '
1937 3892 2030 3936 aut
2054 3883 2213 3951 juxta
2237 3885 2540 3952 sapientem
2569 3883 2864 3954 quamdam
2906 3893 2959 3937 et
2989 3899 3246 3938 arcanam
3279 3886 3506 3956 dispen-

1936 3974 2231 4037 sationem,
2265 3975 2356 4044 qui
2391 3976 2534 4029 inter
2562 3976 2700 4030 [illos
2723 3975 3027 4030 deteriores
3052 3985 3200 4040 sunt,
3223 3987 3506 4046 parentum

1937 4078 2104 4127 voce,
2146 4065 2573 4133 sapientioribus
2611 4081 2674 4120 ac
2721 4068 3041 4121 melioribus
3083 4068 3136 4120 in
3189 4069 3508 4123 servitutem

1937 4154 2138 4207 addicti
2163 4165 2321 4220 sunt;
2348 4171 2508 4225 quam
2534 4156 2954 4225 haudquaquam
2975 4160 3506 4226 condemnationem,

1937 4244 2030 4300 sed
2065 4243 2386 4298 beneficium
2414 4246 2596 4314 potius
2621 4246 2822 4300 dixerit
2852 4254 3041 4317 mquds
3067 4263 3247 4302 rerum
3272 4251 3513 4304 aestima-

1938 4339 2046 4387 tor.
2089 4330 2223 4385 Nam
2257 4333 2348 4402 qui
2377 4334 2447 4388 ob
2482 4350 2678 4390 sensus
2715 4336 2978 4406 inOpiam,
3023 4353 3129 4391 non
3163 4339 3322 4394 habet
3352 4340 3405 4394 in
3435 4357 3514 4396 se-

1937 4441 1997 4480 se
2027 4425 2077 4479 id
2106 4425 2250 4494 quod
2285 4432 2475 4479 natura
2508 4428 2761 4498 imperat,
2787 4429 2916 4483 huic
2951 4432 3138 4490 utilius
3169 4441 3252 4488 est
3287 4435 3514 4495 alterius

1939 4513 2052 4567 fieri
2087 4515 2442 4584 mancipium,
2474 4527 2533 4570 ut
2568 4517 2694 4570 dum
2733 4518 3068 4578 dominantis
3096 4525 3384 4593 prudentia
3427 4527 3514 4582 di-

1939 4605 2156 4674 rigitur,
2187 4605 2385 4661 similis
2418 4609 2490 4662 sit
2519 4609 2705 4686 currui
2741 4611 2834 4680 qui
2861 4612 3104 4683 aurigam
3136 4617 3340 4684 recepit
3367 4659 3380 4681 ,
3417 4626 3513 4670 aut

1938 4697 2062 4751 navi
2104 4711 2225 4766 quae
2259 4699 2576 4753 nauclerum
2609 4701 2770 4755 habet
2799 4702 2954 4756 clavo
2985 4703 3336 4758 assidentem.
3362 4705 3514 4763 lianc

259 4791 360 4846 τοῦ
393 4791 615 4862 πατρὸς,
643 4791 731 4846 ἵνα
754 4788 848 4844 καὶ
885 4788 957 4858 μὴ
996 4787 1311 4858 βουλόμενος
1339 4785 1490 4858 παρὰ
1525 4785 1619 4838 τοῦ
1645 4785 1831 4858 φρονί-

1939 4786 2007 4840 ob
2041 4801 2264 4843 causam
2316 4787 2484 4844 Jacob
2525 4791 2782 4846 dominus
2833 4791 2972 4846 Esau
3012 4808 3078 4847 ex
3129 4793 3514 4851 benedictione

265 4899 370 4954 μου
392 4881 743 4951 εὐεργετῆται
769 4881 798 4932 ὁ
821 4880 1031 4950 ἄφρων,
1057 4879 1156 4931 οὐκ
1177 4877 1318 4948 ἔχων
1343 4877 1434 4930 τὸν
1459 4879 1656 4930 οἰκεῖον
1679 4876 1834 4948 κηδε-

266 4971 402 5043 μόνα
431 4971 522 5023 τὸν
553 4970 696 5025 νοῦν.
733 4970 842 5023 Καὶ
873 4968 1090 5022 Χαναὰν
1121 4971 1249 5030 παῖς
1283 4967 1496 5038 οἰκέτης
1683 4967 1834 5021 ἔσται

260 5063 378 5123 τοῖς
409 5059 673 5127 ἀδελφοῖς,
700 5057 886 5131 ἐπειδὴ
922 5057 1198 5119 ἀδίδακτος
1224 5052 1290 5127 ἦν
1319 5057 1416 5126 τῆς
1432 5057 1652 5127 ἀρετῆς,
1676 5056 1841 5110 ἀσύν-

1939 4879 2110 4948 patris
2152 4883 2204 4946 ',
2233 4887 2292 4932 ut
2316 4881 2516 4934 stultus
2553 4895 2582 4933 a
2616 4883 2863 4950 sapiente
2891 4884 2975 4936 vel
3003 4883 3208 4937 invitus
3236 4883 3512 4942 beneﬁcio

1939 4965 2262 5035 adiceretur,
2310 4969 2512 5038 quippe
2567 4985 2676 5023 non
2712 4969 2920 5025 habens
2971 4973 3251 5042 proprium
3295 4981 3514 5034 curato—

1943 5075 2077 5125 rem,
2103 5060 2357 5114 videlicet
2377 5068 2634 5115 mentem.
2667 5059 2732 5112 Et
2752 5059 3008 5116 Chanaan
3035 5061 3176 5118 ﬁlius
3200 5079 3392 5122 servus
3409 5067 3514 5122 erit

263 5167 386 5206 ετον
415 5149 552 5221 ἔχων
575 5150 664 5205 τὸν
693 5150 882 5206 ἑαυτοῦ
924 5150 1133 5218 πατέρα
1166 5146 1256 5203 τὸν
1288 5148 1434 5218 Χάμ.
1467 5141 1593 5200 Ὧδε
1623 5147 1720 5218 μὲν
1745 5143 1831 5201 οὖν

1942 5153 2205 5209 fratribus
2237 5152 2353 5208 suis
2402 5159 2453 5218 ⁸,
2498 5153 2758 5222 quoniam
2803 5154 3055 5211 indocilis
3084 5159 3298 5214 eratad
3329 5163 3513 5216 virtu-

262 5241 434 5305 οὕτως
451 5243 502 5295 οί
518 5241 710 5297 δοῦλοι·
734 5239 1002 5312 ἐλεύθεροι
1029 5239 1110 5305 δὲ,
1129 5240 1178 5292 el
1205 5237 1555 5307 διαφυγόντες
1583 5236 1772 5291 πενίαν
1802 5238 1831 5309 ἦ

1942 5249 2072 5308 tem,
2109 5241 2505 5311 imprudentem
2539 5243 2744 5298 habens
2767 5256 2998 5314 patrem,
3019 5246 3272 5303 videlicet
3304 5249 3503 5308 Cham.
3552 5238 3559 5245 ’

264 5331 577 5403 πόλεμον,ἢ
603 5333 700 5402 τῆς
735 5331 937 5404 ἑτέρων
964 5329 1283 5402 κηδεμονίας
1309 5327 1645 5399 ἀπροσδεεῖς.
1679 5327 1831 5381 ’Ὥστε

1939 5329 2021 5385 Διί
2053 5332 2197 5385 hunc
2234 5331 2401 5402 igitur
2429 5333 2651 5388 modum
2682 5333 2770 5388 hic
2804 5334 2940 5393 ﬁunt
2973 5337 3153 5403 servi;
3191 5338 3342 5392 liberi
3384 5355 3516 5397 vero

265 5424 369 5479 κᾶν
389 5426 416 5476 ὁ
434 5425 531 5494 μὲν
556 5423 839 5492 δεσπότης,
867 5424 894 5476 ὁ
908 5422 964 5476 δὲ
979 5421 1193 5493 οἰκέτης
1205 5421 1450 5492 λέγηται,
1471 5418 1585 5472 ἀλλ’
1599 5412 1690 5472 οὖν
1706 5417 1831 5471 πάν-

1943 5431 2093 5487 sunt,
2123 5422 2216 5493 qui
2248 5422 2552 5498 ell'ugerunt
2589 5433 2990 5497 paupertatem,
3027 5437 3119 5482 aut
3153 5419 3379 5491 bellum,
3413 5441 3512 5486 aut

262 5532 356 5579 τες
384 5516 476 5569 καὶ
511 5514 651 5568 κατὰ
683 5515 781 5586 τὴν
821 5513 956 5585 πρὸς
997 5512 1254 5582 ἀλλήλους
1286 5511 1598 5582 ὁμοτιμίαν,
1643 5511 1737 5564 καὶ
1765 5509 1831 5574 ὡς

1941 5513 2033 5584 qui
2088 5513 2320 5568 aliorum
2370 5528 2500 5570 cura
2534 5529 2644 5568 non
2691 5522 2870 5587 egent.
2908 5513 3095 5585 Itaque
3129 5519 3381 5588 quamvis
3427 5517 3516 5573 hic

265 5605 519 5673 κτήματα
537 5604 646 5676 (76)
666 5603 760 5659 τοῦ
786 5603 1142 5672 πεποιηκότος
1171 5604 1202 5672 ὴ
1213 5603 1338 5671 μᾶς,
1369 5601 1662 5670 ὁμόδουλοι.
1696 5602 1831 5655 Ἑκεὶ

1941 5607 2130 5671 herus,
2162 5607 2252 5663 ille
2287 5622 2480 5662 servus
2507 5607 2829 5677 appelletur,
2863 5620 3055 5662 omnes
3086 5615 3268 5661 tamen
3297 5613 3352 5662 et
3383 5624 3516 5678 qua-

337 5721 354 5751 ¹
401 5721 559 5796 item.
606 5736 724 5796 vin,
751 5721 841 5778 54.
917 5722 1112 5796 [ἰωὰ.
1187 5723 1210 5759 ³
1241 5723 1443 5796 Ephes.
1479 5723 1667 5793 “1,50.
1741 5724 1765 5758 ⁸
1797 5723 1831 5784 ll

1948 5741 2046 5796 τη,
2071 5727 2160 5784 5|.
2234 5730 2256 5764 ³
2288 5726 2392 5785 lsa.
2421 5739 2572 5794 stin,
2630 5723 2719 5780 i0.
2794 5723 2988 5794 ‘_Ps:l.
3022 5737 3111 5795 ον,
3135 5725 3227 5783 52.
3304 5722 3326 5755 '
3364 5719 3503 5777 Gen.

263 5804 431 5855 ιιγιι,
467 5794 557 5848 ⁸57.
631 5793 653 5824 ⁸
682 5794 818 5849 Gen.
841 5808 917 5858 ιι,
941 5793 1034 5850 25.
1285 5793 1305 5796 “
