4078 6292
575 349 676 414 Ἰῖι

1805 346 2008 406 ΕΠΪΠ
2021 345 2184 406 ΥΜΙΙ
2224 346 2582 408 ΖιοΑιιιιΝι

3707 353 3818 415 77.9.

573 498 731 540 tenus
766 498 958 539 sumus
998 481 1238 551 ejusdem
1275 479 1417 533 inter
1452 494 1550 533 nos
1575 478 1926 544 conditionis,
1952 488 2001 532 et
2027 487 2138 533 tan—

2245 492 2300 545 δὲ
2340 490 2392 542 τί
2423 488 2645 541 δύνασαι
2694 486 2791 554 τῆς
2829 483 3070 548 δουλείας
3102 482 3498 552 ὑπεξαγαγεῖνς
3538 482 3711 553 Ὀμοῦ
3768 501 3824 537 τε

573 591 735 646 quam
788 576 934 628 illius
979 574 1071 642 qui
1126 588 1222 626 nos
1259 569 1504 625 condidit.
1559 571 1862 639 mancipia,
1901 575 2150 625 conservi

582 685 801 724 sunmus.
839 668 954 720 Illic
983 680 1147 732 porro
1181 665 1312 732 quid
1345 671 1499 733 potes
1533 679 1561 716 e
1600 663 1862 719 servitute
1889 663 2153 718 eximere?

575 760 706 812 Nam
740 759 921 812 statim
956 771 1017 810 ae
1050 755 1271 809 condita
1301 763 1448 820 sunt,
1479 755 1640 811 simul
1666 771 1788 809 cum
1822 757 1902 812 eis
1933 756 2152 812 condita

574 855 830 908 Servitus.
870 850 984 903 Sibi
1010 849 1154 902 enim
1191 848 1421 902 invicem
1448 863 1556 901 non
1589 848 1878 917 imperant,
1912 864 1977 904 eo
2002 848 2151 916 quod

572 942 816 996 t-mlt-stia
854 941 974 1008 plus
1017 938 1249 993 habendi
1285 954 1389 992 non
1423 944 1676 992 tenentur
1707 938 2002 992 desiderio.
2045 938 2152 992 Deo

573 1041 750 1084 autem
787 1029 1032 1096 Subjecta
1074 1029 1290 1090 omnia,
1349 1041 1411 1081 ac
1474 1035 1732 1097 tanquam
1779 1027 2000 1082 domino
2061 1028 2154 1082 de-

575 1124 745 1176 bitum
815 1122 1113 1184 timorem,
1185 1136 1249 1174 ac
1322 1129 1580 1188 tanquam
1661 1121 1929 1176 conditori
2000 1123 2152 1176 ι’ρΙιίο

573 1223 682 1267 tam
733 1215 958 1282 gloriam
1001 1214 1336 1282 persolvunt.
1382 1211 1557 1266 Filius
1598 1215 1736 1266 enim
1783 1215 1955 1283 gloria
1999 1216 2154 1284 afﬁcit

573 1316 798 1372 patrem,
827 1315 874 1358 et
905 1322 1081 1358 servus
1112 1307 1383 1356 dominum
1421 1322 1570 1356 suum
1654 1309 1689 1355 ¹.
1714 1306 1777 1358 Et
1809 1323 1871 1360 ex
1900 1307 1984 1360 his
2019 1308 2156 1360 duo-

575 1396 678 1450 hus
723 1396 952 1448 alterum
985 1395 1210 1448 omnino
1237 1393 1377 1447 Deus
1414 1395 1661 1462 requirit.
1705 1395 1845 1448 Nam
1875 1398 1920 1449 si
1972 1396 2151 1459 Pater,

575 1485 772 1553 inquit,
809 1501 924 1536 sum
963 1500 1074 1552 ego,
1126 1484 1213 1535 ubi
1261 1493 1337 1535 est
1375 1483 1547 1550 gloria
1595 1486 1750 1538 mea?
1790 1484 1848 1538 Si
1897 1485 2155 1539 Dominus

576 1590 691 1626 sum
721 1588 836 1641 ego,
873 1571 962 1623 ubi
994 1580 1071 1624 est
1102 1572 1260 1623 timor
1291 1588 1434 1624 meus
1466 1574 1484 1601 ²
1528 1573 1549 1624 ?
1576 1573 1794 1641 Alioqui
1822 1575 1932 1626 vita
1967 1585 2156 1628 custo-

577 1663 678 1716 diae
723 1678 786 1715 ac
819 1661 1145 1730 inspectioni
1192 1660 1408 1714 Domini
1457 1678 1565 1714 non
1617 1663 1859 1726 subdita,
1913 1665 2156 1718 omnium

577 1755 814 1808 maxime
855 1751 1185 1806 miserabilis
1215 1752 1376 1806 foret.
1407 1752 1730 1821 Cujusmodi
1761 1762 1892 1806 sunt
1930 1755 2156 1807 virtutes

2250 583 2379 653 γὰρ’
2410 579 2668 648 ἐκτίσθη,
2726 579 2820 631 καὶ
2874 577 2934 629 τὸ
2983 575 3168 629 δοῦλον
3396 569 3533 627 εἶναι
3577 591 3824 642 συγκατ-

2247 672 2591 725 εσκεύασται.
2666 669 2928 738 ’Λλλήλων
2993 666 3089 736 μὲν
3144 664 3254 734 γὰρ
3288 665 3348 717 οὐ
3424 665 3821 734 κατάρχουσιν.

2245 759 2433 830 ἐπειδὴ
2467 756 2775 822 πλεονεξίας
2802 756 3005 826 ἄμοιρα
3032 754 3100 808 τὰ
3131 753 3387 824 οὐράνια·
3423 752 3540 822 Θεῷ
3563 753 3618 805 δὲ
3647 753 3824 805 πάντα

2246 849 2570 914 ὑποκύπτει,
2607 849 2699 901 καὶ
2729 848 2804 910 ὡς
2837 845 3069 917 δεσπότῃ
3107 844 3196 897 τὸν
3247 842 3587 912 ὀφειλόμενον
3637 842 3820 911 φόϐον,

2245 943 2336 998 καὶ
2380 942 2455 1004 ὼς
2505 938 2816 1010 δημιουργῷ
2867 939 2966 1008 τὴν
2999 935 3393 990 ἐπιϐάλλουσαν
3427 933 3578 996 δόξαν
3627 933 3820 985 ἀποδι-

2242 1035 2419 1090 δόντα.
2459 1031 2590 1097 Υίὸς
2624 1033 2730 1100 γὰρ
2777 1028 3004 1093 δοξάζει
3034 1026 3288 1092 πατέρα,
3327 1027 3421 1078 καὶ
3464 1024 3689 1087 δοῦλος
3720 1025 3823 1074 τεν

2244 1128 2449 1194 scriptor
2477 1123 2682 1178 αὑτοῦ.
2857 1121 2964 1172 Καὶ
3007 1121 3225 1172 ἀπαιτεῖ
3250 1118 3463 1179 πάντως
3497 1116 3603 1168 τῶν
3634 1116 3732 1168 δύο
3764 1117 3822 1166 τὸ

2244 1217 2427 1288 ἕτερον
2453 1216 2481 1268 ὁ
2512 1213 2662 1274 Θεός.
2694 1213 2760 1264 Ei
2803 1210 2910 1279 γὰρ
2948 1209 3146 1275 Πατήρ
3190 1211 3304 1276 εἰμι
3350 1206 3482 1276 ἐγὼ,
3515 1206 3635 1258 ποῦ
3666 1207 3817 1266 ἐστι,

2244 1308 2425 1378 φησιν,
2459 1307 2496 1372 ἡ
2533 1304 2681 1367 δόξα
2711 1317 2862 1370 pou;
2889 1301 2980 1353 καὶ
3022 1302 3072 1351 εί
3117 1300 3325 1366 Κύριός
3360 1301 3474 1366 εἰμι
3516 1297 3654 1366 ἐγὼ,
3705 1297 3819 1349 ποῦ

2243 1401 2412 1452 ἐστιν
2443 1401 2474 1450 ὀ
2506 1398 2682 1464 φόϐος
2714 1409 2862 1461 pou;
2897 1389 2974 1444 ἿΙ
3010 1391 3222 1444 πάντων
3259 1390 3321 1442 ἂν
3359 1391 3440 1458 εἴη
3476 1388 3818 1457 ἐλεεινοτάτη

2247 1489 2358 1560 ζωὴ
2385 1530 2400 1554 ,
2558 1489 2630 1558 μὴ
2664 1486 2766 1539 ὑπὸ
2797 1484 2892 1554 τὴν
2927 1483 3226 1551 ἐπισκοπὴν
3267 1482 3357 1534 τοῦ
3396 1481 3670 1533 Δεσπὸτου
3706 1497 3818 1532 κει-

2247 1581 2380 1652 μένη
2445 1579 2654 1632 Ὀποῖαί
2681 1579 2815 1630 εἰσιν
2847 1579 2899 1628 αἱ
2937 1574 3296 1626 ἁποστατικαὶ
3322 1572 3597 1642 δυνάμεις,
3631 1574 3688 1625 αἱ
3733 1572 3818 1625 διὰ

2241 1672 2302 1724 τὸ
2334 1670 2692 1741 τραχηλιάῖαι
2754 1667 2894 1720 κατὰ
2937 1665 3070 1718 θεοῦ
3110 1663 3816 1735 παντοκράτοροςξάιρηνιά-

2243 1758 2430 1824 ζουσαι
2453 1761 2549 1828 τῆς
2573 1757 2812 1819 δουλείας
2835 1773 2846 1784 ·
2880 1757 2938 1808 οὐ
2971 1754 3047 1825 τῷ
3084 1754 3283 1824 ἑτέρως
3322 1753 3656 1822 πεφυκέναι,
3688 1753 3817 1806 ἀλλὰ

577 1845 928 1907 desertriees,
960 1860 1081 1912 qua:
1113 1845 1255 1912 quod
1279 1845 1544 1899 cervicem
1571 1851 1862 1897 erexerunt
1893 1843 2143 1900 adversm

2241 1850 2318 1920 τῷ
2342 1849 2726 1908 ἁνυποτάκτως
2753 1846 2895 1915 ἔχειν
2929 1846 3064 1916 πρὸς
3091 1845 3179 1897 τὸν
3207 1844 3526 1912 ποιήσαντα.
3563 1844 3702 1897 Τίνα
3728 1842 3815 1896 οὖν

578 1935 746 1989 Deum
801 1935 1259 2004 omnipotentem,
1310 1935 1626 1989 servitutem
1666 1935 1999 1998 detrectant,
2049 1951 2154 1989 non

579 2024 724 2094 quod
764 2025 920 2077 aliter
953 2034 1148 2078 natura
1179 2033 1506 2094 comparata:
1532 2027 1661 2087 sint,
1696 2025 1791 2079 sed
1824 2025 1966 2095 quod
2013 2026 2130 2079 sub-

578 2117 704 2170 ditae
735 2131 857 2170 esse
889 2117 1062 2168 nolint
1089 2116 1355 2171 Creatori.
1391 2116 1559 2181 Quem
1604 2117 1768 2185 igitur
1813 2117 2054 2184 appellas
2090 2116 2154 2169 h-

579 2208 797 2261 berum?
822 2207 956 2259 Eum
1001 2207 1092 2274 qui
1143 2209 1260 2261 sine
1310 2223 1436 2276 rege
1471 2208 1586 2261 est?
1628 2207 1717 2276 qui
1767 2223 1942 2274 neque
1985 2207 2159 2275 ιιι-,νοτ

580 2298 736 2351 randi
767 2299 921 2351 alteri
955 2280 1277 2367 potestatem
1304 2300 1486 2362 habet,
1514 2313 1691 2367 neque
1729 2299 1954 2353 alterius
1985 2298 2157 2367 impe—

581 2390 722 2444 rium
751 2390 1011 2444 admittit?
1041 2391 1110 2443 At
1134 2406 1232 2444 nec
1251 2401 1334 2444 est
1363 2388 1670 2444 istiusmodi
1696 2397 1886 2443 natura
1918 2390 1970 2444 in
1995 2389 2156 2443 rebus

583 2479 840 2542 conditis,
871 2487 924 2533 ct
965 2481 1065 2533 hoc
1098 2481 1163 2534 de
1195 2479 1402 2548 Spiritu
1431 2479 1669 2548 cogitare
1693 2467 1876 2547 aperta
1907 2477 2157 2547 impietas

584 2579 688 2622 est.
722 2570 900 2634 Quare
931 2570 976 2625 si
1007 2571 1243 2638 Spiritus
1285 2577 1504 2623 creatus
1535 2577 1614 2622 est
1639 2606 1654 2631 ,
1705 2569 1950 2638 profecto
1994 2568 2159 2622 servit

2245 1941 2419 2010 λέγεις
2460 1939 2737 2008 ἐλεύθερον
2760 1955 2772 2003 ;
2799 1939 2900 1990 Τὸν
2928 1936 3310 2016 ἀϐασίλευτονς
3346 1935 3436 1988 τὸν
3462 1939 3600 2006 μήτε
3633 1935 3816 2006 ἄρχειν

2245 2033 2428 2103 ἐτέρου
2458 2031 2682 2100 δύναμιν
2727 2028 2916 2098 ἔχοντα
2937 2067 2950 2090 ,
2987 2029 3120 2098 μήτε
3162 2025 3418 2103 ᾇρχεσθαι
3449 2027 3816 2097 καταδεχόμε-

2247 2138 2365 2186 νον;
2423 2120 2558 2173 Ἀλλ’
2589 2117 2708 2171 οὔτε
2738 2119 2849 2170 ἔστι
2882 2135 2963 2180 τις
2998 2097 3218 2184 τοιαύιέη
3252 2115 3412 2184 φύσις
3441 2117 3499 2167 ἐν
3528 2118 3644 2179 τοῖς
3679 2112 3810 2178 οὖσι,

2244 2214 2338 2266 καὶ
2363 2211 2518 2264 τοῦτο
2687 2209 2933 2278 ἐννοῆσαι
2969 2207 3106 2260 κατὰ
3130 2206 3222 2259 τοῦ
3257 2205 3566 2275 Πνεῦματος
3597 2206 3813 2258 ἀσέὸειιι

2245 2289 2766 2372 περιφανής.”Ὠστε
2810 2301 2857 2350 εἰ
2900 2297 2996 2368 μὲν
3038 2297 3302 2360 ἔκτισται,
3337 2295 3577 2348 δουλεύει
3617 2296 3811 2366 δηλαδὴ

2247 2394 2382 2466 μετὰ
2410 2395 2622 2446 πάντων
2643 2409 2654 2421 ·
2697 2391 2772 2444 Τὰ
2799 2391 2909 2460 γὰρ
2943 2393 3282 2459 σύμπαντα,
3314 2390 3465 2458 φησι,
3493 2387 3690 2442 δοῦλα
3713 2389 3806 2440 σιὶ·

2245 2485 2292 2539 εἰ
2326 2485 2381 2537 δὲ
2420 2485 2558 2550 ὑπὲρ
2588 2484 2685 2552 τὴν
2719 2482 2892 2535 κτίσιν
2921 2482 3066 2544 ἐστὶ,
3113 2481 3212 2550 τῆς
3248 2480 3520 2549 βασιλείας
3551 2480 3675 2532 ἐστὶ
3703 2498 3808 2534 κοι-

2244 2573 2429 2626 νωνόν.

583 2672 708 2711 eum
733 2658 1007 2712 omnibus.
1043 2656 1235 2714 Omnia
1262 2675 1421 2725 enim,
1447 2659 1644 2729 inquit,
1675 2662 1907 2715 serviunt
1967 2665 2065 2718 tibi
2093 2665 2156 2729 8;
2207 2664 2292 2719 sin
2329 2678 2494 2734 supra
2525 2671 2829 2721 creaturam
2867 2675 2972 2733 est,
3001 2669 3155 2740 regni
3193 2687 3410 2744 quoque
3451 2688 3692 2732 consors
3720 2683 3814 2732 est.

589 2769 907 2826 Testimonia
927 2775 992 2823 ea:
1018 2767 1311 2839 Scriptaris
1340 2768 1601 2839 Spiritum
1655 2772 1917 2841 appellari
1967 2772 2146 2828 Domi-

1116 2855 1261 2893 num.
1315 2841 1485 2908 Caput
1527 2841 1618 2896 21.

659 2929 761 2983 Sed
822 2929 949 2998 quid
987 2945 1122 2998 opus
1177 2942 1339 2985 estex
1366 2934 1527 2988 rebus
1569 2935 1868 2991 humilibus
1896 2951 2144 3007 pugnan-

587 3032 700 3086 tes,
769 3019 1030 3074 doctriuae
1091 3024 1324 3102 turpiter
1379 3039 1572 3092 parare
1630 3028 1951 3093 victoriam,
2020 3046 2144 3084 cum

2253 2777 2587 2846 Μαρτυρίαι
2617 2777 2688 2832 ἐκ
2718 2779 2845 2861 τῷ]
2895 2783 3154 2861 ζραφῷν
3195 2786 3816 2861 τοῦμκυριολογεῖσθαι

2671 2850 2736 2904 τὸ
2765 2850 3036 2919 Πνεῦμαζ
3053 2858 3196 2924 K859.
3233 2854 3344 2912 uu’.

2320 2938 2425 2995 Καὶ
2459 2939 2512 2994 τί
2567 2941 2667 3008 δεῖ,
2725 2945 2788 2996 ἐκ
2829 2945 2936 2998 τῶν
2993 2949 3270 3002 ταπεινῶν
3330 2954 3816 3022 ἀπομαχομένους,

2250 3034 2492 3105 αἰσχρῶς
2553 3035 2652 3104 τὴν
2681 3035 2836 3107 νίκην
2867 3039 3242 3091 κατακτᾶσθαι
3274 3040 3350 3110 τῷ
3387 3042 3555 3110 λόγῳ,
3591 3044 3722 3108 EE?”
3754 3050 3815 3113 τῇ

573 3116 1103 3174 liceatillustriorum
1131 3121 1492 3190 appositione,
1540 3124 1726 3193 gloria:
1746 3126 2143 3193 excellentiam,

2250 3125 2548 3196 παραθέσει
2578 3126 2687 3180 τῶν
2727 3127 3062 3199 σεμνοτέρων
3099 3129 3488 3200 ἀναντίρρητον
3517 3131 3618 3200 τὴν
3668 3132 3820 3200 ὑπερ-

570 3206 658 3260 cui
707 3209 1009 3263 contradici
1052 3226 1160 3264 non
1195 3215 1403 3280 possit,
1447 3213 1858 3268 demonstrare?
1905 3216 2057 3282 Quod
2101 3219 2146 3272 si

570 3297 909 3366 proferemus
938 3315 1000 3354 ea
1038 3316 1158 3370 quae
1198 3317 1299 3356 nos
1328 3301 1608 3372 Scriptura
1648 3304 1833 3358 docuit
1857 3346 1872 3371 ,
1920 3305 2145 3360 forsitan

569 3404 766 3456 magno
822 3391 1234 3460 vehementique
1282 3393 1522 3447 clamore
1563 3393 2046 3461 voeiferabuntur,
2094 3407 2146 3453 et

569 3479 794 3533 auribus
820 3481 1091 3534 obturatis
1119 3481 1598 3536 Pneumatomachi
1633 3485 1883 3540 tollentes
1915 3487 2141 3556 lapides,

568 3577 662 3620 aut
684 3570 946 3639 quidquid
974 3570 1113 3626 forte
1143 3574 1466 3638 occurrerit,
1501 3574 1554 3627 in
1587 3590 1738 3628 arma
1769 3577 1999 3646 quisque
2023 3595 2143 3633 ver-

568 3666 762 3720 tentes,
807 3659 861 3712 in
892 3675 992 3714 nos
1024 3660 1252 3714 irruent.
1297 3660 1403 3714 Sed
1436 3677 1542 3714 non
1567 3673 1651 3717 est
1674 3665 1833 3717 nobis
1855 3665 2143 3719 incolumi-

568 3758 651 3802 tas
691 3751 1068 3818 anteponenda
1119 3751 1357 3806 veritati.
1425 3749 1734 3809 Invenimus
1791 3755 1956 3825 igitur
1999 3757 2140 3827 apud

563 3840 883 3910 Apostolum
922 3860 934 3896 :
968 3841 1228 3895 Dominus
1263 3855 1436 3897 autem
1467 3844 1664 3914 dirigat
1690 3847 1852 3901 corda
1883 3859 2052 3902 vestra
2087 3851 2140 3903 in

562 3931 890 3986 dilectionem
918 3933 1034 4000 Dei,
1064 3942 1112 3988 et
1142 3935 1526 4003 inpatientiam
1556 3935 1756 3991 Christi
1783 3955 1876 4006 pro
1909 3939 2137 3994 tribula—

565 4024 794 4077 tionibus
854 4027 890 4078 ⁸.
923 4024 1058 4090 Quis
1103 4033 1188 4080 est
1220 4025 1481 4083 Dominus
1514 4027 1752 4098 dirigens
1799 4030 1852 4082 in
1895 4031 2142 4086 dilectio-

562 4129 686 4167 nem
722 4113 836 4179 Dei,
868 4124 920 4169 et
959 4117 1012 4168 in
1046 4117 1364 4187 patientiam
1402 4118 1610 4172 Christi
1637 4136 1734 4189 pro
1765 4122 2141 4176 tribulationi-

561 4206 699 4260 bus?
734 4205 1121 4276 Respondeant
1151 4210 1333 4274 nobis,
1373 4212 1465 4279 qui
1505 4210 1767 4279 Spiritum
1821 4213 1875 4266 in
1907 4214 2140 4267 servitu-

561 4303 668 4349 tem
722 4297 964 4365 adigunt.
1020 4296 1146 4353 Sive
1185 4301 1328 4353 enim
1377 4301 1442 4354 de
1487 4301 1593 4355 Deo
1636 4309 1689 4356 et
1733 4302 1894 4358 Patre
1948 4303 2140 4358 fuisset

561 4400 777 4448 sermo,
824 4388 1047 4440 omnino
1093 4389 1327 4443 dixisset
1373 4409 1385 4443 :
1429 4389 1687 4445 Dominus
1733 4409 1816 4446 vos
1850 4394 2046 4463 dirigat
2085 4399 2136 4448 in

558 4476 890 4529 dilectionem
916 4478 999 4529 sui
1033 4495 1052 4530 :
1084 4480 1196 4533 sive
1231 4480 1295 4534 de
1338 4479 1496 4544 Filio,
1530 4483 1868 4547 addidisset,
1898 4486 1952 4536 in
1984 4501 2137 4539 suam

559 4565 722 4634 ipsius
762 4567 1095 4632 patientiam.
1129 4567 1386 4633 Qucerant
1429 4571 1594 4638 igitur
1627 4587 1878 4640 quamam
1917 4574 1988 4626 sit
2029 4575 2134 4629 alia

557 4669 812 4724 persona,
843 4671 1007 4724 quam
1039 4655 1254 4710 Domini
1298 4658 1566 4712 vocabulo
1609 4665 1800 4712 deceat
1852 4660 2132 4715 honorari.

557 4744 694 4799 Huic
729 4746 883 4800 aliine
915 4756 999 4802 est
1043 4757 1096 4802 et
1135 4748 1306 4813 illud,
1351 4750 1497 4819 quod
1532 4751 1662 4804 alibi
1710 4752 1946 4820 positum
1987 4762 2068 4809 est
2117 4774 2129 4809 :

557 4836 812 4891 Dominus
839 4855 923 4892 vos
956 4841 1168 4906 impleat
1197 4849 1244 4894 et
1276 4840 1547 4894 abundare
1576 4842 1740 4910 faciat
1772 4843 2050 4908 charitate,
2081 4847 2134 4898 in

555 4943 641 4980 vos
672 4930 884 4982 invicem
913 4940 961 4982 et
993 4932 1044 4984 in
1078 4949 1276 4996 omnes,
1302 4931 1744 5001 quemadmodum
1767 4944 1812 4987 et
1835 4952 1928 4989 nos
1949 4937 1998 4988 in
2021 4952 2130 4998 vos,

555 5015 623 5068 ad
662 5020 1083 5086 conﬁrmandum
1125 5023 1288 5075 corda
1344 5033 1516 5076 vestra
1558 5024 2036 5093 irrepreliensibitia
2077 5026 2131 5079 in

553 5107 992 5174 sanctiﬁcatione,
1035 5125 1213 5162 coram
1258 5111 1363 5165 Deo
1398 5121 1447 5165 et
1482 5113 1642 5167 Patre
1691 5123 1870 5166 nostro
1893 5155 1908 5179 ,
1941 5115 1996 5168 in
2031 5115 2129 5168 ad-

554 5205 704 5250 ventu
734 5195 948 5249 Domini
978 5200 1146 5250 nostri
1169 5198 1298 5252 Jcsu
1329 5201 1530 5256 Clu-isti
1558 5220 1678 5256 cum
1722 5205 1963 5258 omnibus
2003 5222 2130 5258 san-

551 5287 647 5340 ctis
675 5287 783 5339 suis
832 5289 875 5340 ⁸.
924 5284 1095 5351 Quem
1138 5287 1424 5344 Dominum
1462 5303 1746 5362 precatur,
1796 5310 1980 5349 coram
2017 5293 2126 5350 Deo

550 5386 604 5433 ct
636 5376 794 5431 Patre
833 5388 1018 5432 nostro
1050 5377 1102 5431 in
1137 5379 1373 5433 adventu
1417 5381 1630 5437 Domini
1671 5385 1843 5438 nostri
1888 5383 2122 5455 irreprc-

552 5467 839 5520 heusibilia
881 5467 1119 5522 ﬁdelium
1151 5467 1723 5526 Thessalonicensium
1752 5474 1941 5540 corda,
1987 5490 2121 5528 con-

551 5554 758 5609 [innata
793 5556 846 5610 in
877 5560 1167 5612 sanctitate
1197 5559 1582 5615 constabilire?
1610 5560 1992 5632 Respondeant
2022 5580 2120 5619 no-

627 5726 642 5756 ¹
681 5727 909 5782 Malae-ll.
938 5748 974 5796 I,
1011 5731 1065 5786 6.

1145 5734 1163 5765 '
1219 5732 1350 5788 ibid.
1432 5735 1453 5770 ³
1488 5737 1629 5792 Psal.
1653 5752 1797 5804 cxvr,
1831 5737 1918 5793 9i.

1998 5739 2017 5771 ‘
2044 5738 2086 5794 ιι
2107 5737 2302 5797 Thess.
2345 5757 2427 5808 ut,
2451 5742 2504 5796 5.

2247 3215 2407 3285 ϐολὴν
2433 3217 2530 3286 τῆς
2557 3217 2715 3287 δόξης
2736 3218 3099 3272 ἐπιδεικνύναι
3122 3237 3136 3284 ;
3166 3220 3227 3272 Εἰ
3255 3220 3312 3271 δὲ
3341 3220 3592 3291 λέγοιμεν
3615 3221 3656 3274 ἂ
3676 3223 3820 3293 παρὰ

2246 3308 2343 3377 τῆς
2372 3308 2594 3380 Γραφῆς
2639 3309 3030 3380 ἐδιδάχθημεν,
3073 3310 3213 3380 τάχα
3249 3328 3350 3362 που
3386 3311 3528 3380 μέγα
3566 3313 3668 3364 καὶ
3699 3329 3819 3381 σφο-

2244 3398 2367 3469 δρὸν
2400 3401 2817 3472 ἁνακράξονται,
2851 3402 2942 3454 καὶ
2972 3403 3258 3471 coax/ivra;
3287 3402 3354 3455 τὰ
3383 3397 3522 3466 ὦτα,
3556 3402 3819 3474 ἀράμενοι

2244 3489 2444 3556 λίθους,
2472 3493 2504 3564 ἦ
2537 3494 2563 3546 ὅ
2595 3511 2647 3546 τι
2670 3493 2734 3546 ἂν
2766 3493 2917 3564 τύχοι
2949 3494 3300 3564 παραφανὲν,
3327 3493 3482 3547 τοῦτο
3513 3495 3624 3548 τῶν
3651 3497 3816 3548 Πνευ-

2247 3585 2578 3656 ματομάχων
2617 3586 2843 3650 ἕκαστος
2891 3587 3051 3639 ὅπλον
3107 3587 3502 3654 ποιησάμενος,
3547 3588 3636 3656 ἐφ’
3677 3589 3815 3658 ἡμᾶς

2242 3677 2480 3745 ἥξουσινο
2531 3679 2606 3730 Οὐ
2641 3678 2747 3748 μὴν
2776 3679 2879 3750 πρό
2909 3696 2973 3746 γε
3007 3679 3106 3749 τῆς
3144 3679 3400 3750 ἀληθείας
3423 3679 3666 3750 τιμητέσ.
3693 3680 3814 3748 ἡμῖν

2241 3770 2273 3838 ὴ
2301 3768 2586 3837 ἀσφάλεια.
2611 3770 2855 3842 Εὖρομεν
2876 3772 3052 3824 τοίνυν
3075 3772 3222 3843 παρὰ
3241 3772 3317 3843 τῷ
3465 3767 3769 3834 Ἀποστόλῳ
3796 3786 3808 3798 ο

2253 3858 2306 3910 '0
2337 3858 2405 3911 δὲ
2441 3861 2655 3927 Κύριος
2688 3862 3043 3914 κατευθύναι
3087 3863 3256 3930 ὑμῶν
3299 3862 3405 3927 τὰς
3445 3858 3696 3927 καρδίας
3730 3862 3810 3926 εὶς

2240 3948 2354 4017 τὴν
2385 3949 2625 4018 ἀγάπην
2649 3950 2756 4003 τοῦ
2784 3950 2950 4014 Θεοῦ,
2983 3951 3078 4003 καὶ
3108 3955 3194 4016 εὶς
3220 3950 3331 4018 τὴν
3363 3951 3684 4019 ὑπομονὴν
3711 3950 3809 4004 τοῦ

2239 4041 2494 4108 Χριστοῦ
2542 4042 2694 4110 ὑπὲρ
2727 4042 2847 4094 τῶν
2884 4045 3166 4111 θλίψεων.
3353 4044 3448 4106 Τίς
3487 4045 3516 4096 ὁ
3553 4043 3808 4098 κατευθύ-

2240 4148 2343 4182 νων
2389 4131 2590 4204 Κύριος
2631 4136 2710 4196 εἰς
2746 4135 2843 4204 τὴν
2877 4133 2970 4186 τοῦ
3020 4134 3154 4187 Θεοῦ
3197 4135 3438 4204 ἀγάπην,
3474 4137 3566 4189 καὶ
3600 4139 3683 4201 εἰς
3715 4138 3804 4206 τὴν

2238 4219 2376 4290 ὑπὲρ
2406 4221 2513 4274 τῶν
2554 4223 2786 4292 θλίψεων
2807 4224 2900 4276 τοῦ
2932 4225 3168 4295 Χριστοῦ
3203 4227 3511 4298 ύπομονήν;
3563 4230 3804 4300 Ἀποκρι-

2237 4313 2518 4367 νάσθωσαν
2548 4317 2677 4385 ἡμῖν
2705 4319 2752 4368 oi
2785 4317 2845 4369 τὸ
2884 4317 3106 4388 Πνεῦμα
3145 4318 3648 4390 καταδουλούμενοι.
3687 4322 3802 4374 Εἴτε

2237 4406 2341 4476 γὰρ
2371 4407 2499 4476 περὶ
2528 4408 2620 4460 τοῦ
2648 4409 2784 4461 Θεοῦ
2817 4409 2911 4462 καὶ
2940 4410 3151 4480 Πατρὸς
3331 4414 3358 4464 ὁ
3389 4411 3564 4480 λόγος,
3597 4413 3802 4472 πάντως

2237 4496 2302 4549 ἂν
2331 4498 2515 4568 εἴρητο
2535 4516 2546 4531 ο
2588 4500 2651 4551 '0
2679 4499 2748 4553 δὲ
2779 4501 2996 4568 Κύριος
3018 4499 3176 4570 ὑμᾶς
3201 4505 3555 4558 κατευθύναι
3587 4506 3674 4569 εἰς
3697 4503 3801 4568 τὴν

2234 4585 2450 4639 ἑαυτοῦ
2471 4587 2714 4657 ἀγάπην
2734 4606 2746 4620 °
2777 4590 2887 4642 εἴτε
2913 4589 3151 4660 περὶτοῦ
3179 4591 3309 4644 Υἱοῦ
3346 4626 3362 4653 ,
3491 4594 3799 4662 προσέκειτο

2234 4677 2319 4744 ἂν,
2345 4680 2431 4744 είς
2462 4678 2578 4748 τὴν
2608 4681 2824 4735 ἑαυτοῦ
2869 4683 3203 4750 ὑπομονήν.
3248 4684 3592 4754 Ζητείτωσαν
3633 4681 3721 4738 οὖν
3751 4682 3796 4733 τε

2234 4768 2378 4820 ἐστιν
2424 4769 2550 4822 ἄλλο
2579 4771 2867 4840 πρόσωπον
2888 4813 2903 4837 ,
2933 4772 2960 4825 ὅ
2988 4776 3052 4844 τῇ
3093 4774 3430 4845 προσηγορίᾳ
3468 4777 3563 4830 τοῦ
3603 4775 3793 4844 Κυρίου

2231 4857 2494 4927 τιμᾶσθαι
2527 4860 2694 4924 ἄξιον.
2737 4863 3126 4935 Παραπλήσιον
3161 4865 3217 4917 δὲ
3249 4866 3422 4935 τούτῳ
3615 4868 3703 4920 καὶ
3742 4866 3794 4916 τὸ

2231 4950 2456 5021 ἑτέρωθι
2482 4952 2760 5022 κείμενον,
2791 4955 2851 5006 τό
2873 4971 2888 4986 ν
2929 4953 3112 5025 ’Υμᾶς
3152 4956 3220 5009 δὲ
3245 4959 3521 5026 ὀσΚύριος
3549 4955 3789 5012 πλεονά-

2231 5055 2333 5093 σαι
2360 5042 2457 5094 καὶ
2497 5047 2896 5110 περισσεύσαι
2927 5046 3004 5114 τῇ
3027 5047 3225 5117 ἀγάπῃ
3251 5050 3336 5112 είς
3361 5049 3674 5115 ἀλλήλους
3703 5044 3789 5099 καί

2228 5132 2316 5195 εὶς
2344 5129 2595 5197 πάντας,
2639 5134 2906 5203 καθάπερ
2931 5137 3025 5188 καί
3069 5135 3240 5203 ἡμεῖς
3275 5141 3362 5201 είς
3394 5136 3570 5206 ὑμᾶς,
3603 5139 3689 5201 είς
3731 5133 3787 5186 τὸ

2228 5223 2504 5289 στηρίξαι
2531 5223 2699 5291 ὑμῶν
2741 5226 2847 5290 τὰς
2890 5226 3133 5293 καρδίας
3163 5226 3509 5296 ἀμέμπτους
3529 5229 3598 5281 ἐν
3631 5230 3784 5295 ἁγιω-

2227 5312 2386 5379 σύνῃ
2436 5311 2777 5380 ἔμπροσθεν
2816 5314 2922 5368 τοῦ
2970 5313 3117 5368 Θεοῦ
3151 5316 3250 5370 καί
3281 5317 3507 5384 Πατρές
3536 5314 3698 5384 ἡμῶν
3723 5314 3784 5364 ἐν

2227 5399 2302 5468 τῇ
2335 5407 2637 5471 παρουσίᾳ
2685 5404 2791 5458 τοῦ
2837 5405 3056 5473 Κυρίου
3095 5407 3267 5475 ἡμῶν
3316 5407 3508 5474 Ἰησοῦ
3542 5402 3779 5476 Χριστοῦ

2221 5490 2370 5557 μετὰ
2414 5490 2656 5545 πάντων
2684 5492 2803 5547 τῶν
2833 5495 3017 5564 ἁγίων
3049 5497 3254 5552 αὐτοῦ.
3289 5499 3446 5550 Ποῖον
3475 5497 3672 5567 Κύριον
3707 5492 3780 5544 εὖ·

2225 5595 2376 5648 χεται
2405 5580 2712 5654 ἔμπροσθεν
2755 5584 2849 5641 τοῦ
2881 5585 3015 5639 Θεοῦ
3061 5589 3156 5641 καὶ
3207 5588 3417 5658 Πατρὸς
3449 5589 3607 5660 ,ἡμῶν
3635 5589 3687 5640 ὲν
3717 5585 3775 5653 τῇ

2583 5742 2603 5774 ¹
2631 5741 2650 5795 l
2684 5741 2879 5800 Thess.
2913 5761 2992 5810 ιιι,
3032 5743 3120 5810 19.,
3162 5745 3248 5804 15.
