4078 6292
209 378 323 440 ’ῖἺό

1225 376 1308 437 ΡΑ
1321 377 1365 437 Ν
1377 377 1514 436 0Ιί
1526 379 1542 434 l
1553 379 1592 434 Α
1639 375 1782 436 DOG

1886 377 2096 436 tTlCA.
2127 401 2190 412 ·--
2219 377 2364 438 TlT.
2413 377 2543 436 ΧΠ.
3373 369 3428 430 ἿἸ

3409 367 3471 392 ιιι

3455 389 3478 428 1

211 496 495 569 παρουσία
522 494 616 546 τοῦ
663 494 864 565 Κυρίου
905 492 1059 563 ἡμῶν
1085 491 1407 562 ἀμέμπτους
1434 490 1529 552 τὰς
1569 488 1782 558 καρδίας

1902 491 2006 554 bis,
2029 489 2265 560 quicum
2298 488 2708 544 ministratoriis
2731 487 3037 557 spiritibus,
3071 487 3158 556 qui
3191 487 3477 540 mittuntur

209 587 616 658 ἑστηριγμένας
681 587 738 637 ἐν
800 583 1073 655 ἁγιωσύνῃ
1137 583 1244 634 τῶν
1311 583 1368 634 ἐν
1431 579 1793 652 Θεσσαλονίκῃ

212 677 424 731 πιστῶν
468 676 753 748 στηρίξαι;
821 673 1333 745 Ἀποκρινάσθωσαν
1382 674 1514 742 ἡμῖν
1562 675 1608 724 οί
1660 671 1796 742 μετά

210 771 324 823 τῶν
371 767 757 840 λειτουργικῶν
799 769 1122 838 πνευμάτων
1181 765 1288 818 τῶν
1334 765 1470 835 πρὸς
1523 765 1796 816 διακονίαν

212 860 698 930 ἁποστελλομένων
721 860 780 912 τὸ
806 859 958 927 ἅγιον
998 858 1219 928 Πνεῦμα
1241 858 1498 920 τιθέντες.
1537 856 1674 909 Ἀλλ’
1698 857 1796 908 οὐκ

212 954 419 1023 ἔχουσι.
469 952 670 1022 Διόπερ
713 951 1060 1004 ἀκουέτωσαν
1103 951 1196 1003 καὶ
1244 951 1436 1020 ἑτέρας
1493 949 1796 1020 μαρτυρίας

213 1040 512 1113 διαρρήδην
547 1041 642 1092 καὶ
683 1040 851 1109 αὐτῆς
882 1038 1304 1110 κυριολογούσης
1340 1039 1398 1089 τὸ
1439 1037 1681 1107 Πνεῦμα.
1736 1037 1797 1090 '0

213 1132 290 1185 δὲ
320 1134 552 1199 Κύριος,
572 1132 723 1201 φησὶ,
739 1132 800 1183 τὸ
824 1130 1066 1200 Πνεῦμά
1088 1132 1217 1184 ἐστι
1238 1149 1248 1160 ·
1279 1132 1372 1183 καὶ
1395 1129 1552 1183 πάλιν
1571 1148 1582 1158 ·
1608 1129 1799 1183 Καθά-

219 1241 332 1290 περ
409 1224 525 1277 ἀπὸ
587 1225 803 1291 Κιιρίου
855 1225 1216 1291 ΙῙνεύματος.
1281 1224 1441 1275 Ὥστε
1514 1223 1569 1276 δὲ
1637 1223 1799 1292 μηδεο

222 1315 351 1384 μίαν
514 1315 821 1382 ἀντιλογίας
846 1315 1098 1385 ἀφορμὴν
1123 1314 1460 1373 καταλιπεῖν,
1495 1313 1660 1383 αὐτὴν
1694 1332 1794 1365 πα-

222 1407 531 1477 ραθήσομαι
552 1406 644 1458 τοῦ
685 1406 1001 1459 ’Λποστόλου
1032 1407 1128 1476 τὴν
1156 1406 1332 1470 λέξιν·
1365 1408 1526 1474 Ἄχρι
1559 1405 1666 1475 γὰρ
1691 1405 1800 1470 τῆς

217 1496 490 1564 σήμερον
523 1495 588 1548 τὸ
618 1497 760 1549 αὐτὸ
795 1496 1074 1566 κάλυμμα
1105 1496 1202 1549 ἐπὶ
1232 1494 1305 1564 τῇ
1331 1496 1662 1564 ἀναγνώσει
1689 1496 1800 1560 τῆς

215 1585 492 1652 Παιὶαιᾶς
527 1586 822 1652 Ammiane
848 1587 1015 1656 μένει
1037 1628 1049 1649 ,
1082 1588 1167 1656 μὴ
1209 1587 1798 1654 aranei-v.1mitterer,

214 1679 250 1732 ὅ
281 1698 331 1732 τι
367 1681 435 1731 ἐν
465 1677 694 1745 Χριστῷ
734 1679 1123 1747 καταργεῖται.
1146 1680 1332 1731 ’Ὅταν
1357 1679 1424 1730 δὲ
1466 1678 1799 1745 ἐπιστρέψῃ

211 1768 370 1835 πρὸς
409 1768 643 1834 Κύριον,
695 1767 1067 1834 περιαιρεῖται
1265 1767 1330 1818 τὸ
1371 1767 1670 1837 κάλυμμα.
1733 1769 1792 1819 Ὀ

1901 580 1968 634 ad
2001 580 2406 642 ministerium,
2459 581 2733 632 collocant
2774 578 3036 648 Spiritum
3083 589 3356 633 sanctum.
3407 580 3476 630 At

1902 687 2010 726 nOn
2041 672 2239 726 habent
2267 671 2411 740 quod
2451 673 2838 741 respondeant.
2876 670 3220 740 Quapt'opter
3247 671 3477 724 audiant

1901 777 1954 820 et
1992 765 2136 818 aliud
2165 764 2557 827 testimonium,
2585 764 2869 817 evidenter
2915 763 3178 832 Spiritum
3225 772 3472 816 sanctum

1902 858 2181 928 appellans
2237 856 2547 911 Dominum.
2605 853 2860 908 Dominus
2895 895 2908 918 ,
2961 856 3176 922 inquit,
3243 853 3474 921 Spiritus

1901 958 1977 1000 est
2016 953 2030 981 '
2065 964 2079 1014 ;
2111 954 2164 1001 et
2206 961 2426 1000 rursum
2463 965 2475 1000 :
2515 945 2789 1016 Tanquam
2827 962 2858 997 a
2905 944 3128 1000 Domino
3165 945 3366 1013 Spiritu
3406 948 3425 975 ²
3459 984 3472 996 .

1903 1039 1978 1094 Ne
2007 1055 2137 1093 vero
2167 1041 2274 1092 ulla
2307 1041 2649 1112 relinquatur
2669 1043 2886 1096 occasio
2906 1039 3338 1099 contradicendi,
3361 1039 3474 1106 ipsa

1904 1131 2144 1200 Apostoli
2173 1135 2330 1190 verba
2358 1135 2628 1204 proferam
2661 1135 2714 1187 in
2748 1133 2982 1187 medimn
3023 1152 3033 1184 :
3077 1130 3247 1200 Usque
3286 1130 3354 1181 ad
3385 1132 3476 1180 lto-

1903 1230 2143 1280 diernutn
2175 1228 2308 1280 enim
2345 1227 2480 1280 diem
2511 1227 2648 1278 idem
2684 1226 2914 1278 velamen
2940 1225 2992 1275 in
3019 1224 3237 1274 lectione
3283 1221 3427 1273 l-"ctcr
3451 1238 3474 1272 s

1907 1319 2225 1371 Tcstamenti
2255 1329 2459 1382 manet,
2508 1336 2610 1370 non
2645 1317 2958 1378 revelatum,
2999 1315 3136 1384 quod
3182 1317 3232 1366 in
3265 1314 3474 1364 Clu-isto

1904 1409 2208 1479 abrogatur.
2232 1410 2363 1464 Cum
2392 1420 2564 1462 autem
2589 1425 2868 1462 Conversus
2887 1408 3044 1476 fuerit
3075 1406 3142 1458 ad
3169 1405 3472 1464 Dominum,

1906 1501 2116 1554 tolletur
2137 1503 2385 1555 velamen.
2416 1501 2670 1553 Dom-inus
2697 1509 2871 1552 autem
2903 1499 3133 1564 Spiritus
3158 1510 3234 1548 est
3271 1495 3289 1524 ³
3323 1535 3335 1547 .
3368 1493 3477 1545 Cur

1903 1593 2006 1646 hoc
2038 1593 2202 1647 dicit?
2233 1594 2497 1657 Quoniam
2522 1593 2613 1660 qui
2642 1592 2786 1644 nudo
2818 1589 3116 1642 intellectui
3155 1589 3346 1640 litterae
3378 1602 3471 1639 as-

1905 1685 2063 1742 sidet.
2095 1693 2146 1735 et
2181 1685 2288 1735 illic
2322 1685 2465 1735 circa
2495 1684 2690 1751 legales
2721 1681 3136 1734 observationes
3171 1687 3471 1746 occupatus

1894 1779 1997 1830 est,
2038 1767 2264 1822 Judaica
2309 1770 2502 1822 litterae
2553 1769 3005 1836 interpretatione
3034 1769 3190 1837 quasi
3228 1770 3346 1822 velo
3391 1776 3474 1822 te-

212 1861 433 1927 Κόρισς
460 1858 525 1912 τὸ
569 1858 808 1927 Πνεῦμιὶ
840 1860 990 1913 ἐστι.
1044 1859 1106 1911 Τί
1152 1858 1309 1912 τοῦτο
1346 1859 1547 1927 λέγων;
1597 1863 1717 1912 Ὂτι
1767 1862 1782 1912 c‘

1896 1867 2039 1912 ctum
2077 1860 2234 1912 habet
2263 1875 2358 1912 cor
2389 1878 2401 1912 :
2433 1868 2594 1927 atque
2626 1859 2676 1910 id
2705 1859 2779 1910 illi
2806 1859 3024 1923 accidit,
3050 1875 3114 1913 eo
3137 1861 3279 1929 quod
3315 1862 3472 1930 igno-

211 1951 346 2021 ψιλῇ
379 1953 444 2020 τῇ
479 1949 686 2020 διανοίᾳ
718 1950 808 2002 τοῦ
837 1951 1161 2020 γράμματος
1194 1951 1662 2024 προσκαθήμενος,
1701 1952 1794 2003 καὶ

211 2040 380 2096 αὑτοῦ
413 2058 512 2092 που
539 2043 665 2112 περὶ
689 2039 756 2094 τὰ
784 2041 982 2111 νομικά
1010 2043 1452 2112 παρατηρήματα
1479 2041 1788 2110 διατρίϐων,

209 2127 324 2184 οἷόν
358 2149 462 2182 τινι
497 2132 953 2201 παραπετάσματι
984 2135 1049 2201 τῇ
1099 2133 1361 2200 Ἰουδαϊκῇ
1405 2130 1498 2182 τοῦ
1529 2132 1790 2202 γράμμα-

207 2237 303 2282 τος
335 2221 527 2290 ἐκ-Ξοχῇ
563 2221 660 2289 τὴν
703 2221 929 2292 καρδίαν
964 2221 1155 2274 ἑαυτοῦ
1190 2222 1663 2289 συγκεκάλυπται·
1700 2225 1791 2274 καὶ

207 2311 370 2364 τοῦτο
403 2315 598 2382 πάσχει
635 2313 782 2383 παρά
814 2314 874 2365 τὸ
911 2315 1144 2380 ἁγνο;ἰν,
1183 2314 1266 2365 ὅτι
1301 2314 1333 2382 ἡ
1369 2313 1652 2383 σωματικὴ
1695 2313 1788 2364 τοῦ

207 2405 373 2473 νόμου
406 2406 634 2474 τήρησις
659 2406 716 2455 ὲν
745 2407 808 2474 τῇ
842 2405 1102 2475 ἐπιδημίᾳ
1270 2403 1359 2456 τοῦ
1395 2404 1631 2475 Χριστοῦ
1659 2422 1789 2456 κατ-

205 2498 476 2563 αργεῖται,
511 2493 617 2545 τῶν
657 2494 841 2548 τύπων
876 2495 1056 2546 λοιπὸν
1093 2494 1541 2564 μεταληφθέντων
1571 2497 1648 2557 εἰς
1692 2494 1789 2564 τὴν

204 2583 488 2652 ἀληθειαν.
534 2583 788 2653 Ἀργοῦσι
820 2585 927 2654 γὰρ
963 2584 1144 2652 λύχνοι
1173 2587 1238 2654 τῇ
1273 2584 1366 2636 τοῦ
1403 2583 1552 2653 ἡλίου
1588 2601 1789 2654 παρου-

205 2675 332 2744 σίᾳ·
369 2675 460 2726 καὶ
497 2675 744 2744 σχολάζει
773 2678 799 2728 ὁ
831 2677 1010 2746 νόμος,
1045 2676 1138 2727 καὶ
1171 2679 1492 2746 προφητεῖαι

200 2768 612 2835 τασιγάζονται,
645 2769 744 2838 τῆς
774 2768 1030 2838 ἀληθείας
1065 2768 1454 2838 ἀναφανείσης.
1509 2768 1566 2820 Ὀ
1604 2768 1784 2836 μέντοι

202 2861 452 2931 δυνηθεὶς
480 2863 574 2913 ἐπὶ
602 2862 660 2914 τὸ
689 2861 850 2930 βάθος
880 2861 1138 2929 διακύψαι
1164 2860 1263 2929 τῆς
1293 2860 1520 2930 νομικῆς
1555 2860 1780 2921 ἐννοίας,

205 2952 304 3002 καὶ
345 2952 440 3020 τὴν
470 2953 535 3003 ἐκ
566 2952 660 3004 τοῦ
698 2953 1024 3022 γράμματος
1066 2945 1353 3018 ἀσάφειαν,
1396 2946 1506 3002 οἷόν
1535 2967 1587 3001 τι
1618 2966 1784 3002 κατα-

212 3041 476 3110 πέτασμα,
530 3043 786 3112 διασχὼν,
834 3043 964 3095 εἵσω
1002 3043 1252 3110 γενέσθαι
1287 3045 1394 3096 τῶν
1431 3045 1778 3113 ἀπορρήτων,

204 3123 355 3195 οὗτος
385 3134 698 3204 ἐμιμήσατο
730 3137 820 3187 τὸν
859 3137 1100 3206 Μωῦσῆν
1145 3136 1203 3188 ἐν
1235 3135 1312 3205 τῷ
1334 3135 1675 3203 διαλέγεσθαι
1701 3134 1778 3204 τῷ

197 3220 318 3290 Θεῷ
357 3223 743 3293 περιαιροῦντα
787 3225 848 3277 τὸ
879 3224 1160 3294 κάλυμμα,
1189 3225 1532 3296 ἐπιστρέφων
1556 3226 1650 3278 καὶ
1674 3225 1776 3276 αὗ-

193 3313 287 3376 τὸς
320 3314 430 3366 ἀπὸ
462 3313 555 3366 τοῦ
585 3316 908 3386 γράμματος
944 3318 1078 3387 πρὸς
1105 3316 1166 3368 τὸ
1342 3316 1579 3386 πνεῦμα.
1614 3317 1774 3368 Ὥστε

193 3405 480 3473 ἀναλογεῖν
512 3407 589 3476 τῷ
625 3408 720 3476 μὲν
765 3409 855 3461 ἐπὶ
889 3407 980 3460 τοῦ
1026 3407 1318 3479 προσώπου
1361 3409 1632 3472 Μωῦσέως
1673 3427 1770 3462 κα-

193 3494 442 3564 λύμματι
499 3500 596 3567 τὴν
648 3498 754 3550 τῶν
805 3500 1045 3570 νομικῶν
1090 3501 1433 3570 διδαγμάτων
1475 3503 1771 3568 ἀσάφειαν,

189 3589 257 3656 τῇ
285 3587 342 3639 δὲ
385 3591 686 3660 ἐπιστροφῇ
741 3593 806 3661 τῇ
837 3591 971 3662 πρὸς
1005 3592 1094 3644 τὸν
1128 3591 1333 3663 Κύριον
1375 3594 1474 3662 τὴν
1529 3611 1773 3665 πνευμα-

189 3677 351 3746 τικὴν
397 3678 652 3748 θεωρίαν.
699 3681 754 3732 Ὀ
800 3677 891 3732 οὖν
923 3683 980 3734 ἐν
1019 3683 1082 3751 τῇ
1130 3681 1430 3748 ἀναγνώσει
1468 3681 1560 3734 τοῦ
1605 3684 1770 3752 νόμου

191 3766 460 3836 περιελὼν
492 3769 554 3820 τὸ
585 3769 812 3840 γράμμα
844 3771 1160 3840 ἐπιστρέφει
1189 3771 1324 3841 πρὸς
1357 3771 1445 3822 τὸν
1477 3770 1679 3840 Κύριον
1709 3773 1771 3841 (ὁ

189 3854 486 3928 δὲ’Κύριος
514 3859 608 3911 νῦν
640 3861 699 3912 τὸ
728 3861 951 3932 Πνεῦμα
979 3861 1196 3928 λέγεται
1219 3862 1258 3930 ),
1293 3863 1384 3912 καὶ
1414 3862 1599 3930 ὅμοιος
1627 3862 1772 3928 γίνε-

185 3961 276 3998 ται
316 3950 547 4002 Μωῦσεί
596 3952 659 4002 ὲκ
699 3951 798 4020 τῆς
834 3952 1156 4019 ἐπιφανείας
1187 3951 1280 4003 τοῦ
1313 3951 1447 4004 ε)εοῦ
1487 3953 1546 4004 τὸ
1604 3953 1768 4022 πρόσ-

183 4053 334 4090 ωπον
368 4039 755 4111 δεδοξασμένον
794 4041 990 4111 ἔχοντι.
1033 4043 1120 4104 Ὠς
1152 4042 1260 4110 γὰρ
1289 4044 1355 4094 τὰ
1381 4044 1490 4103 τοῖς
1515 4040 1769 4111 ἀνθηροῖς

183 4133 444 4204 χρώμασι
495 4133 873 4203 παρακείμενα
916 4133 980 4185 ὲκ
1021 4133 1120 4202 τῆς
1157 4133 1558 4202 περιρρεούσης
1593 4132 1768 4202 αὐγῆς

187 4224 282 4276 καὶ
337 4222 478 4274 αὐτὰ
531 4221 975 4292 καταχρώννυται
1036 4234 1052 4251 ⁸
1221 4220 1392 4284 οὕτως
1444 4223 1472 4273 ὁ
1522 4222 1769 4291 ἐναργῶς

187 4314 504 4375 ἐνατενίσ-ας
533 4313 609 4382 τῷ
638 4313 912 4381 Πνεύματι
943 4315 1006 4365 ὲκ
1040 4313 1137 4383 τῆς
1169 4311 1376 4366 ἐκείνου
1411 4311 1567 4382 δόξης
1606 4330 1768 4382 μετα-

193 4402 495 4471 μορφοῖπαί
526 4419 642 4464 πως
684 4402 819 4472 πρὸς
848 4402 910 4454 τὸ
948 4402 1240 4470 φανότερον
1261 4439 1275 4464 ,
1304 4395 1414 4452 οἷόν
1458 4416 1561 4452 τινι
1605 4401 1763 4468 φωτὶ,

1685 2693 1786 2727 κα-

1896 1958 1978 2002 ret
2025 1951 2363 2018 Corporalem
2431 1950 2566 2019 legis
2619 1949 3057 2003 observationem
3114 1952 3167 2002 in
3232 1952 3469 2005 adventu

1893 2040 2093 2094 Christi
2113 2041 2367 2093 abolitam
2391 2056 2532 2096 esse.
2552 2040 2662 2108 jam
2687 2040 2876 2108 figuris
2899 2041 2962 2092 ad
2984 2041 3265 2094 veritatem
3290 2052 3472 2096 trans-

1896 2128 2037 2182 latis.
2087 2127 2226 2181 Sunt
2289 2131 2431 2181 enim
2474 2144 2894 2198 supervacanese
2928 2130 3162 2183 lucernae
3200 2132 3331 2185 solis
3375 2135 3470 2184 ad-

1894 2229 2051 2270 ventu
2082 2236 2095 2284 ;
2134 2228 2186 2272 ct
2217 2229 2397 2274 cessat
2431 2221 2536 2282 lex,
2569 2229 2623 2274 et
2648 2223 2946 2290 prophetia:
2977 2223 3140 2275 silent
3169 2263 3181 2284 ,
3216 2224 3379 2276 simul
3415 2234 3470 2278 ut

1893 2310 2069 2361 illuxit
2102 2311 2326 2364 veritas.
2362 2312 2429 2363 At
2462 2313 2554 2381 qui
2591 2314 2767 2380 potuit
2797 2313 2860 2366 ad
2894 2305 3161 2380 prolrtnda
3324 2317 3470 2383 lega-

1891 2399 1956 2453 lis
1984 2416 2179 2454 scnsns
2217 2413 2522 2471 penetrare,
2553 2419 2615 2457 ac
2647 2405 2897 2457 discussa
2945 2406 3078 2474 legis
3110 2404 3467 2471 obscuritate,

1891 2505 1986 2544 ceu
2020 2491 2349 2555 velamento,
2387 2495 2615 2548 introire
2648 2496 2713 2548 ad
2747 2511 2967 2561 arcana,
3001 2497 3086 2549 hic
3121 2499 3310 2551 Mosen
3347 2499 3459 2552 imi-

1889 2578 2038 2638 tatns
2059 2592 2162 2646 est,
2195 2585 2463 2650 velamen,
2495 2587 2622 2639 dum
2659 2587 2898 2656 loquitur
2935 2603 3058 2641 cum
3103 2588 3229 2654 Deo,
3273 2566 3468 2645 tollen-

1891 2683 1995 2726 tem
2043 2686 2102 2738 ις
2141 2675 2258 2743 ipse
2288 2690 2346 2728 se
2377 2677 2540 2729 etiam
2568 2687 2895 2730 convertens
2931 2694 2958 2730 a
2990 2679 3169 2732 littera
3199 2680 3264 2732 ad
3307 2681 3468 2749 spiri-

1889 2773 2022 2818 tutn.
2058 2765 2242 2830 Quare
2270 2767 2523 2820 velamini
2555 2769 2698 2835 quod
2737 2768 3051 2837 impositum
3085 2779 3167 2824 est
3189 2787 3352 2840 super
3383 2771 3466 2825 fa-

1886 2857 2026 2909 ciem
2065 2857 2219 2920 Mosi,
2256 2857 2548 2926 respondet
2584 2859 2836 2928 legalium
2868 2860 3324 2916 documentorum
3364 2865 3464 2920 ob-

1885 2948 2122 3002 scuritas
2157 2965 2170 3014 ;
2203 2949 2548 3004 conversioni
2581 2959 2759 3003 autem
2792 2950 2857 3002 ad
2911 2951 3201 3006 Dominum
3237 2971 3466 3023 respon-

1885 3037 1976 3090 det
2022 3038 2327 3106 spiritualis
2377 3040 2756 3109 intelligentia.
2807 3037 2948 3111 Ergo
2988 3043 3080 3112 qui
3128 3047 3180 3096 in
3231 3045 3465 3100 lectione

1834 3189 1845 3205 γ
1883 3127 2014 3196 legis
2059 3129 2236 3181 aufert
2278 3129 2548 3192 litteram,
2594 3131 2860 3183 convertit
2899 3147 3018 3186 sese
3063 3132 3127 3184 ad
3175 3132 3461 3186 Dominum

1883 3219 2171 3286 (Dominus
2203 3227 2385 3272 autem
2416 3237 2564 3273 nunc
2605 3219 2842 3290 Spiritus
2872 3223 3127 3290 dicitur),
3161 3240 3225 3277 ac
3268 3225 3464 3280 similis

1879 3307 2124 3360 redditur
2152 3308 2308 3374 Mosi,
2348 3326 2410 3364 ex
2439 3312 2782 3379 apparitione
2815 3311 2904 3365 Dei
2943 3313 3136 3366 faciem
3183 3314 3460 3383 gloriﬁca-

1879 3406 1987 3450 tam
2012 3399 2252 3454 habenti.
2295 3399 2449 3454 Sicut
2485 3402 2629 3456 enim
2662 3418 2782 3472 quae
2805 3403 2960 3471 juxta
2988 3403 3212 3459 ﬂoridos
3241 3407 3459 3461 colores

1877 3490 2051 3556 posita
2084 3498 2230 3554 sunt,
2263 3506 2293 3545 e
2324 3492 2614 3559 splendore
2653 3500 3011 3561 promanante
3041 3495 3361 3547 colorantur
3392 3502 3446 3546 et

1874 3582 1990 3648 ipsa
2022 3599 2034 3633 :
2062 3582 2139 3634 sic
2180 3581 2271 3650 qui
2302 3583 2584 3638 evidenter
2607 3583 2834 3638 intendit
2868 3586 3058 3640 oculos
3083 3587 3136 3638 in
3163 3585 3450 3654 Spiritum,

1873 3688 1935 3724 ex
1971 3673 2118 3726 illius
2145 3675 2318 3743 gloria
2355 3675 2759 3742 quodammodo
2804 3677 3233 3732 transformatur
3271 3689 3328 3731 ut
3370 3681 3460 3733 lia:

1873 3763 2163 3826 illustrior,
2197 3765 2322 3818 dum
2359 3768 2591 3821 veritate
2622 3782 2650 3820 a
2681 3767 2887 3836 Spiritu
2930 3777 3318 3836 promanante,
3357 3786 3458 3824 ceu

1872 3853 1994 3908 luce
2025 3856 2290 3923 quadam,
2328 3861 2494 3912 corde
2535 3859 2892 3911 illuminatur.
2924 3858 2986 3912 Et
3013 3861 3114 3912 hoc
3145 3867 3230 3914 est
3277 3868 3459 3915 trans-

1871 3942 2095 3998 formari
2155 3960 2184 3997 a
2253 3947 2426 4015 gloria
2478 3948 2718 4017 Spiritus
2764 3951 2828 4002 ad
2880 3951 3153 4019 propriam
3202 3952 3455 4021 gloriam,

1871 4035 2013 4089 haud
2048 4053 2228 4106 parce,
2268 4055 2443 4107 neque
2471 4042 2728 4106 tenuiter,
2757 4041 2851 4094 sed
2887 4041 2939 4094 in
2977 4051 3186 4096 tantum
3209 4082 3223 4105 ,
3269 4059 3414 4112 quan

1871 4135 1983 4179 tum
2019 4143 2117 4196 par
2150 4137 2233 4183 est
2266 4129 2529 4184 illustrari
2567 4145 2688 4183 eum
2723 4131 2814 4200 qui
2865 4147 2892 4184 a
2945 4132 3147 4202 Spiritu
3181 4133 3456 4186 illumina-

1869 4224 1975 4270 tur.
2009 4217 2126 4271 Non
2160 4219 2384 4284 vereris,
2419 4235 2452 4272 ο
2495 4221 2675 4282 homo,
2707 4221 3025 4289 Apostolum
3057 4223 3324 4276 dicentem
3385 4229 3405 4258 ⁸
3435 4242 3451 4277 :

1872 4309 2142 4377 Templum
2173 4310 2268 4363 Dei
2295 4313 2444 4375 estis,
2469 4323 2516 4365 et
2541 4311 2774 4378 Spiritus
2803 4313 2896 4366 Dei
2915 4314 3118 4366 habitat
3142 4315 3197 4366 in
3218 4316 3358 4367 vobis
3395 4316 3457 4368 ’ἵ

1868 4397 2007 4452 Num
2039 4403 2304 4470 potuisset
2339 4419 2575 4471 unquam
2610 4406 2806 4458 servile
2837 4404 3176 4458 domicilium
3210 4405 3451 4474 appella.

189 4495 254 4563 τῇ
284 4496 346 4546 ὲκ
378 4493 472 4544 τοῦ
502 4492 817 4561 Πνεύματος
839 4491 1076 4562 ’ἀληθείᾳ
1098 4491 1196 4561 τὴν
1229 4490 1455 4562 καρδίαν
1489 4491 1768 4560 καταλαμ-

1886 4491 2020 4546 .ione
2057 4493 2239 4562 templi
2283 4493 2592 4546 honorare?
2624 4493 2768 4559 Quid
2805 4495 2898 4564 qui
2939 4495 3274 4564 Scripturam
3311 4496 3450 4548 divi-

192 4584 441 4653 πόμενος.
476 4584 598 4636 Καὶ·
620 4583 775 4635 τοῦτό
807 4585 922 4634 ἐστι
959 4582 1037 4644 τὸ,
1074 4580 1512 4652 μεταμορφοῦται
1538 4582 1645 4634 ἀπὸ
1672 4583 1768 4652 τῆς

194 4673 340 4745 δόξης
375 4675 472 4728 τοῦ
516 4675 828 4744 Πνεύματος
858 4677 937 4738 είς
973 4675 1071 4744 τὴν
1101 4675 1307 4726 οἰκείαν
1348 4674 1542 4740 δόξανῆ
1575 4675 1635 4726 οὐ
1661 4693 1767 4766 μι-

198 4766 481 4835 κρολόγως,
515 4767 636 4819 οὐδὲ
666 4766 941 4837 ἀμυδρῶςο
975 4766 1088 4818 ἀλλ’
1111 4765 1202 4817 ἐπὶ
1231 4764 1500 4826 τοσοῦτον,
1534 4765 1615 4832 ἐφ’
1644 4759 1766 4817 ὅσον

1873 4584 2018 4636 nitus
2051 4585 2369 4653 inspiratam
2396 4586 2658 4654 appellat,
2705 4601 2769 4639 eo
2802 4586 2945 4655 quod
2981 4587 3160 4639 alllatu
3210 4585 3451 4655 Spiritus

1873 4676 2076 4744 scripta
2121 4679 2225 4739 sit,
2272 4692 2400 4728 num
2446 4677 2860 4731 contumeliosis
2904 4687 2956 4730 et
3005 4675 3267 4746 Spiritum
3316 4684 3452 4728 atte-

1874 4767 2170 4821 nuantibus
2195 4768 2376 4821 verbis
2402 4767 2609 4820 utitur?

197 4863 332 4915 ἐστὶν
365 4862 514 4924 εἰκὸς
552 4863 641 4914 τὶν
668 4862 774 4914 ἀπὸ
835 4861 926 4914 τοῦ
991 4859 1306 4930 Πνεύματος
1335 4857 1718 4928 φωτιζόμενον.
1757 4860 1829 4912 Οὔ
1868 4859 2126 4932 δυσωπῇ,
2182 4861 2469 4933 ἄνθρωπε,
2523 4863 2614 4913 τὸν
2678 4859 3000 4912 Ἀπόστολον
3059 4857 3317 4920 λέγοντα,
3366 4856 3450 4909 δτι

198 4959 348 5022 Nae;-
387 4956 534 5010 Θεοῦ
565 4957 723 5018 ἐστε,
756 4956 853 5008 καὶ
895 4956 957 5007 τὸ
996 4955 1234 5023 Πνεῦμα
1271 4954 1376 5006 τοῦ
1422 4951 1570 5004 Θεοῦ
1617 4953 1770 5006 οἰκεῖ
1799 4954 2058 5023 ἑνῠμῖν;
2092 4952 2238 5026 τΛρα
2269 4949 2594 5008 τδδουλικδν
2636 4955 2946 5022 οἰκητήριον
3005 4949 3322 5014 κατεδέξατο
3383 4949 3449 5009 ἄν

199 5067 319 5105 ποτε
387 5053 452 5119 τῇ
494 5047 586 5100 τοῦ
618 5048 746 5099 ναοῦ
787 5045 1124 5117 προσηγορία
1169 5045 1424 5114 τιμῆσαι;
1461 5044 1523 5094 Τί
1559 5045 1615 5096 δὲ
1649 5045 1676 5096 ὀ
1717 5043 2072 5098 θεόπνευστον
2129 5047 2228 5114 τὴν
2269 5047 2487 5116 Γραφὴν
2533 5042 2831 5112 ὀνομάζων,
2880 5041 2966 5093 διὰ
3030 5042 3126 5110 τῆς
3162 5041 3449 5102 ἐπιπνοίας

198 5142 284 5195 τοῦ
330 5145 484 5210 ἁγίου
532 5139 847 5209 Πνεύματος
907 5139 1332 5207 συγγραφεῖσαν,
1365 5136 1439 5205 μὴ
1472 5137 1585 5196 τοῖς
1640 5135 1732 5186 τοῦ
1763 5136 2181 5206 καθυϐρίζον.ος
2229 5139 2322 5188 καὶ
2372 5133 2901 5202 κατασμικρύνοντος
2931 5133 3060 5186 αὐτὸ
3095 5134 3446 5204 προσρήμασι

202 5237 460 5306 κέχρηται
490 5250 504 5299 ;

206 5328 309 5379 Τοῦ
343 5329 529 5396 αὐτοῦ
561 5328 866 5393 σύστασις
896 5328 1050 5382 κατὰ
1086 5327 1203 5392 τὴν
1235 5328 1426 5396 φύσιν
1449 5305 1766 5393 κοινωνίας

267 5395 370 5466 τοῦ
402 5400 771 5466 ιινεύματος.
801 5398 871 5450 ἐκ
895 5393 1249 5466 τοῦεόμοίωςῖ
1273 5393 1428 5451 εἶναι
1457 5398 1638 5462 Πατρὶ
1659 5399 1759 5457 καὶ

274 5465 379 5530 Υίῷ
394 5471 542 5536 πρὸς
560 5465 815 5534 θεωρίαν
853 5465 1243 5535 δυσέφικτον.
1283 5467 1504 5536 Κεφάλ.
1539 5466 1652 5530 κβὶ

863 5552 889 5570 ο

276 5557 348 5608 Uir
410 5559 567 5627 μόνον
623 5557 676 5611 δὲ
735 5557 793 5624 ἐξ
856 5556 932 5612 ὧν
986 5558 1084 5621 τὰς
1143 5558 1315 5621 αὑτὰς
1385 5556 1759 5627 προσηγορίας

273 5717 350 5772 ³11
377 5721 498 5777 Cor.
532 5739 610 5790 ιιι,
640 5724 725 5782 l7.
765 5769 770 5774 .
802 5726 823 5757 ³
856 5723 986 5781 ibid.
1014 5725 1098 5782 18.
1180 5727 1199 5760 ³
1231 5728 1360 5784 ibid.
1397 5728 1600 5798 Μ,16,
1640 5729 1721 5792 I7.

1799 5731 1817 5762 ⁸
1839 5729 2006 5787 Exod.
2040 5745 2222 5798 xxx",
2253 5732 2344 5788 5L

1875 5326 2133 5396 Ejusdem
2167 5326 2503 5394 conﬁrmatio
2525 5328 2790 5382 naturalis
2845 5331 3227 5382 communionis
3261 5331 3443 5394 Spiri—

1943 5409 2121 5458 tus,eo
2149 5397 2458 5468 quodgaeque
2479 5409 2551 5468 iac
2583 5397 2741 5452 Pater
2763 5408 2810 5452 et
2851 5399 3022 5453 Filius
3051 5401 3444 5468 triennipreltenr-

1945 5469 2112 5522 sibilis
2140 5475 2235 5518 est.
2271 5465 2442 5535 Caput
2469 5467 2560 5520 22.

1955 5557 2072 5611 Νοη
2127 5559 2301 5613 solum
2351 5570 2530 5613 autem
2590 5575 2651 5614 ex
2710 5561 2812 5615 hoc
2861 5561 3007 5630 quod
3071 5559 3293 5613 easdem
3345 5561 3446 5612 lia-

2422 5734 2442 5767 ⁸
2471 5732 2740 5802 lComn,
2770 5733 2849 5785 ιϐ.
2928 5734 2947 5765 ⁵
2980 5733 3019 5786 ll
3062 5732 3192 5789 l'im.
3235 5751 3314 5803 tn,
3365 5738 3447 5793 l6.
