4078 6292
575 353 686 416 ’175

1821 333 2200 400 FUTHYMll
2246 326 2614 394 ZIGABENI
3747 310 3813 371 77

580 471 672 526 bet
721 462 1218 535 appellationes,et
1247 459 1302 514 in
1346 455 1765 527 operationibus
1796 467 2027 509 consors
2073 461 2192 510 est.

2295 465 2400 517 χει,
2445 445 2539 498 καὶ
2568 440 2829 498 κοινωνόν
2887 439 3007 493 ἔστι
3036 437 3144 490 τῶν
3177 431 3478 504 ἐνεργειῶν
3537 430 3715 498 “arpi
3758 431 3854 482 καὶ

578 562 723 618 Patri
757 568 811 614 et
855 556 1012 622 Filio,
1033 555 1233 610 dilucet
1269 560 1480 610 natura:
1501 551 1648 608 illius
1679 547 2038 614 excellentia;
2073 561 2162 602 ve-

588 670 707 708 rum
755 653 916 706 etiam
945 665 1010 703 ex
1053 663 1118 701 eo
1159 645 1301 714 quod
1344 643 1548 712 pariter
1583 638 2162 710 incomprehensibilis

587 757 670 800 est
725 743 1025 797 intellectu.
1068 738 1200 804 Quae
1223 737 1367 791 enim
1399 735 1465 788 de
1502 733 1664 790 Patre
1695 732 1956 802 loquitur,
2014 729 2162 796 quod

585 839 657 892 sit
686 851 846 904 supra
881 831 1270 900 cogitationem
1295 829 1618 890 humanam,
1641 839 1875 896 quasque
1896 823 1961 878 de
1996 819 2161 885 Filio,

585 929 773 984 eadem
812 927 1075 980 Dominus
1098 933 1151 978 et
1218 923 1284 977 de
1309 921 1515 991 Spiritu
1561 929 1754 978 sancto
1786 917 1959 973 dicit:
2000 915 2166 968 I’ater

581 1020 744 1089 juste,
773 1027 819 1071 et
844 1017 1068 1070 mundus
1099 1025 1146 1068 te
1176 1031 1276 1068 non
1307 1015 1546 1082 cognovit
1574 1016 1585 1040 '
1618 1031 1638 1080 ;
1696 1011 1961 1066 mundum
1982 1007 2168 1077 appel-

588 1112 706 1166 lans
739 1111 827 1166 hic
867 1125 974 1162 non
1014 1108 1232 1177 globum
1266 1123 1296 1160 e
1338 1107 1480 1160 cmlo
1523 1111 1578 1158 et
1615 1113 1762 1158 terra
1803 1105 2170 1161 constantem,

589 1201 683 1258 sed
716 1200 977 1255 caducam
1031 1201 1171 1252 hanc
1201 1197 1617 1266 innumerisque
1647 1193 2042 1248 mutationibus
2074 1189 2173 1241 ob-

591 1291 811 1346 noxiam
838 1289 1024 1344 vitam.
1061 1288 1138 1341 Ac
1173 1286 1238 1340 de
1275 1288 1456 1355 seipso
1489 1286 1740 1355 loquens,
1781 1282 1966 1336 Adhuc
1997 1279 2173 1334 modi-

590 1402 732 1450 cum,
771 1385 968 1453 inquit,
990 1393 1038 1436 et
1066 1382 1292 1436 mundus
1324 1398 1401 1435 me
1422 1381 1533 1449 iam
1567 1397 1667 1435 non
1698 1378 1854 1444 ridet,
1880 1394 1966 1432 vos
1999 1385 2175 1429 autem

591 1476 778 1530 ridetis
803 1492 882 1528 me
921 1475 961 1528 '.
985 1473 1198 1528 Rursus
1223 1472 1308 1526 hic
1331 1488 1425 1527 eos
1447 1472 1537 1541 qui
1567 1471 1833 1525 materiali
1857 1469 2178 1538 carnalique

593 1570 703 1622 vita
732 1567 972 1622 devincti
1006 1572 1155 1628 sunt,
1183 1572 1236 1617 et
1271 1564 1448 1619 oculis
1481 1570 1695 1616 tantum
1733 1560 2049 1630 expendunt
2087 1574 2180 1612 ve-

595 1660 839 1722 ritatem,
867 1657 1128 1712 mundum
1150 1655 1452 1725 appellans,
1477 1653 1568 1723 qui
1603 1668 1709 1706 non
1737 1652 1972 1721 amplius
2002 1650 2178 1705 oculis

2272 540 2408 609 Υίῷ.
2446 540 2508 592 τὸ
2569 535 2840 606 ὑπερέχον
2899 529 3066 586 αὑτοῦ
3131 529 3230 595 τῆς
3276 526 3493 596 φύσεως
3542 523 3855 593 γνώριμον,

2269 632 2532 688 ἀλλὰκαὶ
2566 629 2626 693 ἐξ
2659 621 2736 682 ὦν
2792 625 2996 696 ὁμοίως
3059 623 3181 676 ἐστὶ
3237 622 3374 689 πρὸς
3433 617 3671 688 θεωρίαν
3727 635 3861 672 oua-

2270 725 2517 794 έερικτον.
2556 723 2622 774 ’Δ
2647 722 2755 792 γὰρ
2772 716 3007 792 περὶτοῦ
3040 713 3250 784 Πατρός
3271 729 3456 784 φησιν,
3486 709 3561 768 ὡς
3593 706 3864 762 ἐπέκεινα

2271 818 2424 879 δντος
2452 814 2804 882 ἀνθρωπίνης
2864 808 3097 873 ἐννοίας,
3161 808 3256 862 καὶ
3311 805 3347 859 ἃ
3379 803 3510 872 περὶ
3564 818 3660 856 τοι»
3699 799 3864 863 Υἱοτ,

2273 911 2447 964 ταῦτα
2477 909 2505 962 ὁ
2537 904 2744 977 Κύριος
2769 903 2863 957 καὶ
2885 902 3014 976 περὶ
3037 901 3131 954 τοῦ
3155 899 3312 966 ἁγίου
3335 894 3658 964 Πνεύματος
3687 891 3865 960 λέγει·

2275 1005 2468 1072 Πάτερ
2501 1002 2718 1069 δίκαιε,
2754 998 2853 1054 καί
2889 1000 2924 1053 ό
2977 999 3207 1066 κόσμος
3260 1009 3335 1047 σε
3384 992 3497 1046 οὐκ
3537 991 3710 1057 ἐγνω-
3774 984 3869 1040 τὸν

2275 1092 2478 1162 κόσμον
2510 1089 2683 1157 λέγων
2861 1084 2955 1138 νῦν
2997 1085 3117 1153 οὐχὶ
3147 1082 3208 1136 τὸ
3245 1080 3306 1148 ἐξ
3344 1076 3574 1153 ουρανοῦ
3617 1078 3712 1130 καὶ
3757 1075 3867 1145 γῆς

2277 1181 2556 1252 σύστημα,
2600 1176 2736 1232 ἀλλὰ
2782 1174 2879 1246 τὴν
2929 1173 3193 1244 ἐπίκηρον
3238 1170 3443 1240 ταύτην
3494 1169 3587 1221 καὶ
3634 1165 3867 1237 μυρίαις

2281 1273 2604 1346 μεταϐολαῖς
2663 1265 3033 1338 ὑποκειμένην
3091 1262 3256 1334 ζωήν.
3312 1262 3422 1314 Καὶ
3477 1260 3605 1334 περὶ
3663 1255 3866 1310 ἑαυτοῦ

2275 1363 2682 1434 διαλεγόμενος,
2713 1362 2844 1413 Ἔτι
2867 1355 3082 1431 μικρὸν
3101 1395 3116 1418 ,
3149 1352 3306 1426 φησὶ,
3334 1351 3431 1406 καὶ
3478 1354 3510 1406 d
3537 1351 3767 1423 κόσμος
3789 1364 3870 1416 με

2277 1454 2475 1509 οὐκέτι
2501 1449 2705 1520 θεωρεῖ
2733 1486 2751 1513 ,
2883 1446 3051 1517 ὑμεῖς
3078 1444 3145 1498 δὲ
3171 1440 3436 1516 θεωρεῖτέ
3454 1458 3550 1514 με.
3584 1439 3752 1496 Πάλιν
3782 1439 3862 1490 ἐν-

2276 1545 2454 1598 ταῦθα
2491 1544 2616 1606 τοὺς
2663 1543 2730 1614 τῇ
2779 1539 2936 1610 ύλικῇ
2991 1537 3084 1594 καὶ
3133 1537 3369 1608 σαρκικῇ
3410 1531 3870 1606 προσδεδεμένους

2280 1636 2414 1709 ζωῇ,
2450 1637 2543 1689 καὶ
2585 1634 2766 1705 μόνοις
2792 1629 3090 1702 ὀφθαλμοῖς
3117 1627 3212 1700 τὴν
3242 1625 3496 1697 ἀλήθειαν
3536 1622 3869 1694 ἐπιτρέπον-

599 1748 782 1806 cordis
814 1747 985 1802 visuri
1011 1754 1170 1800 erant
1197 1744 1487 1798 Dominum
1516 1751 1794 1806 nostrum,
1827 1757 1892 1796 eo
1916 1739 2062 1811 quod
2089 1755 2179 1794 rc-

2295 1746 2404 1791 ιας,
2433 1727 2635 1795 κόσμον
2652 1721 3092 1795 προσαγορεύων,
3115 1719 3164 1772 οἳ
3188 1721 3256 1791 τῇ
3276 1716 3501 1787 ἀπιστία
3515 1716 3611 1787 τῆς
3631 1713 3873 1770 ἀναστά-

597 1842 993 1898 surrectiunem
1053 1855 1161 1896 non
1220 1838 1529 1892 crederent.
1588 1835 1713 1892 lianc
1757 1844 1940 1893 autem
1989 1832 2180 1889 eadem

597 1933 736 1987 dixit
763 1941 816 1986 et
841 1932 907 1988 de
932 1929 1137 2000 Spiritu
1169 1948 1184 1986 ι
1212 1928 1494 1998 Spiritum,
1520 1929 1720 1998 inquit,
1746 1927 2006 1992 veritatis,
2032 1939 2182 1993 quem

599 2023 825 2078 mundus
857 2039 959 2076 non
987 2031 1155 2091 potest
1183 2022 1439 2090 accipere,
1475 2019 1613 2089 quod
1784 2033 1887 2071 non
1927 2014 2098 2070 videat
2123 2015 2186 2067 il-

599 2115 733 2180 !um,
765 2131 926 2183 neque
950 2121 1230 2181 cognoscat
1261 2127 1378 2166 eum
1402 2127 1420 2164 :
1451 2127 1538 2166 vos
1569 2118 1741 2162 auten
1772 2105 2088 2176 cognoscitis
2112 2105 2183 2157 it-

601 2204 732 2267 lum,
765 2202 904 2272 quod
924 2201 1063 2272 apud
1093 2218 1181 2256 vos
1207 2213 1378 2254 manet
1409 2199 1427 2232 ³
1462 2239 1475 2253 .
1500 2198 1751 2252 Carnalis
1783 2194 2052 2264 siquidem
2086 2193 2184 2248 lto-

600 2311 690 2348 mo
767 2301 1006 2348 mentem
1065 2292 1276 2347 habens
1339 2291 1406 2348 ad
1471 2286 1987 2356 contemplationem
2044 2283 2185 2338 haud

599 2381 978 2443 exercitatam,
1017 2379 1127 2434 into
1167 2394 1298 2432 vero
1325 2385 1494 2432 totam
1516 2378 1570 2430 in
1596 2375 1792 2429 aﬂ'ectu
1821 2374 2004 2428 carnis
2039 2373 2186 2427 velut

603 2473 658 2528 in
690 2487 850 2527 caeno
877 2469 1156 2528 defossam
1181 2485 1399 2541 gerens,
1439 2485 1548 2524 non
1583 2475 1766 2538 potest
1798 2467 1864 2520 ad
1897 2464 2187 2535 spirituale

602 2562 786 2616 lumen
819 2561 1064 2616 veritatis
1108 2561 1358 2617 attollere
1398 2559 1607 2612 oculos.
1645 2556 2188 2625 Quaproptermun-

607 2653 733 2720 dus,
771 2653 874 2707 hoc
907 2659 1013 2718 est,
1045 2652 1230 2706 carnis
1258 2650 1653 2719 cupiditatibus
1677 2647 1895 2702 addicta
1918 2648 2050 2712 vita,
2076 2646 2189 2700 vul-

611 2751 666 2796 ιιι
695 2745 891 2796 oculus
916 2741 1206 2796 imbecillis
1233 2757 1340 2794 non
1371 2739 1554 2794 ferens
1585 2738 1724 2794 radii
1749 2737 1946 2792 solaris
1986 2738 2190 2798 lumen,

610 2833 852 2903 Spiritus
887 2832 1115 2903 gratiam
1142 2847 1249 2886 non
1276 2831 1490 2900 recipit.
1527 2829 1598 2884 At
1636 2828 1900 2885 Dominus
1931 2840 2054 2881 cum
2089 2825 2194 2879 hoc

609 2923 899 2993 discipulis
930 2921 1304 2978 testimonium
1331 2919 1610 2982 dedisset,
1660 2914 1808 2986 quod
1849 2911 2067 2967 mundae
2107 2926 2196 2966 es-

609 3023 732 3072 sent
761 3016 885 3070 vita:
907 3014 977 3068 ob
1009 3013 1318 3071 doctrinam
1353 3011 1550 3080 ipsius,
1581 3009 1673 3064 dat
1702 3007 1888 3068 etiam,
1914 3005 2102 3074 utjam
2127 3001 2192 3056 ad

2295 3019 2468 3074 χεται.
2504 3003 2629 3064 Τοῖς
2657 3001 2839 3072 μέντοι
2873 3000 3141 3072 μαθηταῖς
3167 3000 3360 3054 ἑαυτοῦ

2284 1837 2422 1884 σεως
2455 1817 2639 1871 οὑκέτι
2670 1815 2894 1888 ἔμελλον
2921 1816 3032 1880 τοῖς
3062 1811 3356 1882 ὀφθαλμοῖς
3385 1809 3486 1880 τῆς
3515 1807 3740 1879 καρδίας
3773 1806 3872 1859 τὸν

2282 1911 2488 1981 Κύριον
2541 1907 2696 1980 ἡμῶν
2748 1906 2990 1978 ὄψεσθαι.
3042 1905 3123 1958 Τὰ
3170 1903 3226 1957 δὲ
3261 1902 3402 1957 αὐτὰ
3447 1901 3542 1957 καί
3589 1900 3716 1970 περὶ
3766 1897 3872 1951 τοῦ

2284 2003 2601 2072 Πνεύματος
2631 1996 2752 2052 εἷπε
2773 2015 2786 2027 ·
2821 1998 2898 2054 Τὸ
2938 1992 3202 2066 Πνεῦμα,
3234 1994 3390 2066 φησὶ,
3417 1991 3527 2060 τῆς
3553 1989 3872 2060 ἀληθείας,

2285 2094 2316 2149 ὃ
2339 2098 2370 2148 ὁ
2393 2094 2618 2161 κόσμος
2640 2093 2711 2145 οὺ
2738 2089 2987 2144 δύναται
3011 2088 3241 2151 λαϐεῖν,
3265 2087 3354 2141 ὅτι
3379 2089 3448 2142 οὐ
3472 2083 3676 2154 θεωρεῖ
3696 2083 3872 2150 αὐτὸ,

2285 2185 2427 2239 οὐδὲ
2469 2184 2750 2253 γινώσκει
2794 2181 2960 2235 αὐτό.
3004 2179 3188 2250 Ὑμεῖς
3234 2178 3302 2232 δὲ
3343 2176 3665 2248 γινώσκετε
3696 2178 3873 2242 αὐτὸ,

2287 2274 2376 2330 ὅτι
2400 2275 2536 2343 παρ’
2577 2274 2721 2343 ὑμῖν
2747 2273 2934 2342 μένει.
2973 2272 3030 2325 Ὀ
3063 2272 3163 2341 μὲν
3192 2269 3300 2342 γὰρ
3342 2271 3594 2341 σάρκινος
3780 2271 3876 2327 ἄν·

2289 2365 2524 2437 θρωπος,
2577 2364 2921 2434 ἀγύμναστον
2968 2362 3106 2433 ἔχων
3143 2361 3280 2433 πρὸς
3315 2360 3546 2432 θεωρίαν
3590 2360 3683 2414 τὸν
3723 2362 3874 2425 νοῦν,

2291 2456 2490 2528 μᾶλλον
2523 2455 2579 2508 δὲ
2615 2453 2764 2518 ὅλον,
2815 2452 3004 2522 ὥσπερ
3045 2453 3100 2506 ὲν
3137 2450 3402 2523 βορϐόρῳ,
3449 2449 3529 2520 τῷ
3563 2451 3877 2522 φρονήματι

2287 2549 2387 2618 τῆς
2430 2547 2632 2617 σαρκὸς
2679 2543 3167 2617 κατορωρυγμένον
3216 2543 3399 2614 φέρων
3445 2541 3580 2614 (97),
3623 2541 3881 2599 ἀδυνατεῖ

2289 2639 2426 2710 πρὸς
2463 2637 2524 2691 τὸ
2552 2636 2919 2708 πνευματικὸν
2960 2635 3077 2704 φῶς
3119 2634 3218 2704 τῆς
3259 2631 3518 2703 ἀληθείας
3553 2630 3875 2700 ἀναϐλέψαι.

2291 2731 2381 2782 Διὸ
2407 2729 2435 2780 ὁ
2476 2728 2700 2798 κόσμος,
2741 2727 3021 2781 τουτέστιν
3041 2768 3054 2791 ,
3085 2727 3120 2797 ὴ
3164 2727 3277 2789 τοῖς
3310 2725 3507 2780 πάθεσι
3534 2723 3636 2794 τῆς
3676 2723 3878 2796 σαρκὸς

2290 2820 2656 2890 δεδουλωμένη
2690 2819 2822 2890 ζωὴ,
2856 2813 2966 2872 οἷον
3008 2817 3282 2886 ὀφθαλμὸς
3307 2815 3541 2887 ἀσθενὴς
3582 2815 3700 2885 φῶς
3723 2815 3886 2885 ἡλια-

2299 2913 2402 2982 κῆς
2442 2913 2694 2976 ἀκτῖνος,
2742 2911 2840 2981 τὴν
2879 2909 2970 2963 τοῦ
3004 2908 3322 2978 Πνεύματος
3359 2909 3518 2979 χάριν
3554 2908 3652 2977 οὐχ
3691 2907 3889 2960 ὑποδέ-

3543 2998 3890 3069 (αθαρότητα

611 3108 1046 3178 speculationem
1101 3103 1732 3172 contemplationemque
1799 3097 2038 3168 Spiritus
2087 3095 2192 3150 sint

2298 3071 2446 3163 ζωῆς
2492 3093 2558 3146 ὲκ
2588 3071 2695 3144 τῶν
2728 3071 3072 3160 διδαγμάτων
3109 3090 3273 3144 αὑτοῦ
3323 3091 3679 3162 μαρτυρήσας
3713 3091 3742 3142 ὁ
3771 3086 3892 3142 κύ.

611 3197 956 3254 idon‘ei.Jam
970 3198 1138 3263 enim,
1169 3196 1368 3265 inquit,
1389 3211 1479 3248 vos
1510 3192 1694 3246 mundi
1724 3191 1851 3245 estis
1871 3196 2080 3258 propter
2095 3201 2201 3239 ser-

616 3307 816 3343 monent
829 3289 1198 3360 quemlocutus
1210 3304 1327 3341 sum
1340 3285 1483 3344 vobis
1520 3282 1616 3339 ΣΠ
1622 3281 1720 3337 nde
1745 3279 1972 3335 mundus
1993 3277 2201 3344 quidem

613 3398 715 3436 non
751 3390 920 3449 potest
969 3382 1120 3434 illum
1171 3380 1428 3446 accipere,
1461 3373 1888 3446 quandoquidem
1927 3387 2029 3426 non
2066 3367 2203 3424 videt

611 3470 766 3523 illum
803 3486 820 3523 :
865 3486 953 3524 vos
993 3480 1169 3523 autem
1200 3467 1417 3522 novistis
1455 3480 1570 3518 eum
1595 3502 1610 3527 ,
1654 3461 1908 3532 quoniam
1945 3457 2084 3527 apud
2115 3473 2202 3510 vos

615 3569 790 3612 manet
848 3563 889 3614 ⁵.
922 3558 1122 3614 Eadem
1159 3556 1297 3611 dicit
1347 3563 1400 3609 et
1433 3553 1602 3608 Isaias
1641 3569 1653 3604 :
1687 3550 1792 3617 Qui
1819 3547 2076 3604 stabilivit
2103 3557 2207 3599 ter-

615 3668 755 3714 ram,
791 3659 840 3704 et
872 3667 990 3720 qua:
1013 3650 1064 3703 in
1091 3666 1153 3703 ea
1177 3656 1322 3710 sunt,
1351 3644 1595 3712 deditque
1621 3643 1964 3710 spirationem
1991 3637 2203 3708 populo,

615 3746 803 3813 quiest
832 3759 988 3811 super
1012 3741 1198 3805 illam,
1231 3750 1278 3794 et
1311 3737 1571 3806 Spiritum
1621 3731 1949 3789 calcantibus
1995 3745 2112 3784 eam
2159 3737 2203 3781 σ.

617 3836 863 3906 Numqui
901 3835 1230 3890 conculcant
1259 3843 1499 3894 terrena,
1524 3828 1703 3896 iisque
1733 3823 2052 3897 superiores
2077 3834 2206 3876 eva-

618 3938 830 3992 serunt,
873 3927 1021 3998 digni
1059 3923 1338 3995 praedicati
1374 3929 1505 3978 sunt
1543 3921 1690 3974 dono
1732 3915 1973 3986 Spiritus
2003 3913 2204 3967 sancti.

618 4018 788 4084 Quem
822 4033 952 4088 ergo
989 4013 1226 4071 mundus
1268 4027 1469 4082 capere
1511 4025 1618 4068 non
1665 4013 1882 4080 potest,
1927 4003 2134 4074 quique
2177 4016 2209 4056 a

619 4111 753 4166 solis
801 4109 1009 4163 sanctis
1052 4121 1149 4177 per
1187 4104 1375 4160 cordis
1411 4103 1708 4173 puritatem
1760 4097 1932 4154 videri
1986 4101 2207 4165 potest,

619 4201 834 4271 qualem
863 4215 985 4254 esse
1016 4196 1444 4252 existimandum
1490 4201 1598 4258 est,
1635 4199 1730 4245 aut
1775 4190 1968 4261 quales
2003 4188 2082 4242 illi
2115 4186 2212 4242 lto-

621 4308 787 4346 nores
815 4297 1131 4359 competere
1155 4289 1178 4342 ἱ*

2302 3200 2446 3254 ριος,
2475 3182 2538 3234 τὸ
2579 3181 2676 3236 καὶ⁵
2703 3182 3016 3244 ὲποπτικοῖς
3053 3181 3155 3252 ἤδη
3207 3176 3345 3233 εἶναι
3390 3181 3484 3234 καὶ
3529 3180 3891 3251 θεωρητικοῖς

2298 3271 2392 3326 τοῦ
2431 3271 2744 3344 Πνεύματος
2781 3271 3124 3326 ἀποδίδωσιν.
3158 3270 3304 3339 Ἤδη
3334 3273 3462 3342 γὰρ,
3499 3271 3682 3341 φησιν,
3715 3269 3887 3338 ὑμεῖς

2301 3366 2550 3434 καθαροί
2595 3366 2736 3419 ἐστε
2783 3364 2881 3420 διὰ
2910 3364 3017 3420 τὸν
3046 3364 3233 3433 λόγον
3261 3363 3333 3416 ὃν
3369 3362 3684 3430 ,λελάληκα
3715 3361 3887 3430 ὑμῖν.

2305 3458 2475 3512 Ὅθεν
2509 3460 2540 3512 d
2575 3457 2693 3527 μὲν
2745 3457 2973 3526 κόσμος
3005 3456 3076 3511 οὑ
3119 3454 3366 3508 δύναται
3405 3453 3643 3511 ,λαϐεῖν’
3675 3454 3750 3506 οὐ
3778 3454 3891 3522 γὰρ

2305 3548 2511 3618 θεωρεῖ
2530 3550 2708 3604 αὑτό’
2754 3545 2924 3616 ὑμεῖς
2951 3546 3019 3601 δὲ
3051 3544 3372 3616 γινώσκετε
3403 3544 3548 3598 αὐτὸ
3571 3583 3586 3606 ,
3615 3543 3706 3596 ὅτι
3751 3543 3889 3611 παρ’

2305 3640 2448 3711 ὑμῖν
2481 3640 2670 3711 μένει.
2705 3638 2892 3694 Ταυτὰ
2927 3639 3078 3706 λέγει
3122 3638 3218 3694 καὶ
3255 3636 3510 3698 Ἡσαΐας·
3556 3636 3619 3689 '0
3643 3633 3892 3706 στερεώ-

2307 3745 2426 3794 σας
2471 3728 2584 3797 τὴν
2623 3726 2740 3798 γῆν
2783 3727 2882 3781 καὶ
2935 3726 3008 3782 τὰ
3048 3725 3119 3780 ἐν
3149 3725 3324 3796 αὐτῇ,
3370 3725 3470 3778 καί
3517 3724 3892 3789 διδοὺδιδοὺς

2308 3821 2506 3890 πνοὴν
2543 3821 2623 3888 τῷ
2667 3819 2795 3880 λαῷ
2827 3819 2907 3886 τῷ
2950 3819 3043 3873 ἐπ’
3086 3817 3298 3887 αὐτῆς,
3343 3817 3445 3873 καί
3482 3816 3726 3886 Πνεῦμα
3768 3815 3890 3882 τοῖς

2307 3912 2606 3971 πατοῦσιν
2645 3911 2858 3978 αὐτήν.
2895 3913 2958 3964 Οί
3005 3910 3113 3982 γὰρ
3147 3910 3583 3974 καταπατοῦντες
3624 3909 3694 3964 τὰ
3729 3910 3892 3979 γήϊνα

2308 4007 2402 4059 καὶ
2438 4005 2695 4076 ὑπεράνω
2724 4005 2904 4060 αὐτῶν
2927 4004 3233 4072 γενόμενοι,
3267 4004 3407 4070 ἄξιοι
3434 4003 3532 4076 τῆς
3562 4003 3775 4073 δωρεᾶς
3801 4001 3888 4055 τοῦ

2307 4097 2465 4165 ἁγίου
2507 4096 2825 4167 Πνεύματος
2858 4095 3332 4168 μεμαρτύρηνται.
3361 4094 3437 4146 Τὸ
3475 4090 3569 4148 οὖν
3609 4094 3887 4166 ἀχώρητον

2313 4188 2409 4258 μὲν
2437 4185 2515 4259 τῷ
2540 4187 2761 4257 κόσμῳ,
2785 4189 2896 4250 τοῖς
2926 4185 3101 4255 ἁγίοις
3125 4185 3183 4238 δὲ
3219 4184 3398 4255 μόνοις
3424 4183 3512 4239 διὰ
3549 4183 3885 4255 καθαρότητα

2308 4280 2408 4350 τῆς
2439 4279 2668 4350 καρδίας
2711 4278 3002 4350 θεωρητδν.
3049 4278 3104 4330 τί
3132 4276 3238 4348 χρὴ
3270 4274 3621 4346 νομίζεσθαι,
3652 4276 3685 4346 ἢ
3723 4290 3885 4330 ποτα-

2312 4368 2418 4431 ira;
2569 4367 2735 4438 τιμὰς
2777 4367 3124 4437 συμμέτρους
3161 4366 3426 4435 ὑπάρχειν
3465 4364 3647 4435 «ore»:

692 4470 762 4526 Et
813 4470 1040 4538 reliquae
1095 4455 1310 4538 quidem
1383 4467 1612 4528 virtutes
1651 4467 1905 4538 Isingula}
1968 4466 2025 4522 in
2085 4465 2192 4522 lucc

2381 4465 2504 4520 Τῶν
2548 4463 2648 4533 μὲν
2682 4457 2774 4518 οὖν
2835 4461 3012 4519 ἄλλων
3062 4459 3270 4528 ἑκάστη
3333 4458 3620 4527 δυνάμεων
3675 4455 3736 4508 ὲν
3786 4473 3880 4508 πε-

627 4561 1042 4631 circumscripto
1089 4575 1210 4619 esse
1273 4558 1589 4616 creduntur.
1653 4557 1785 4614 Nam
1825 4559 2054 4627 angelus
2111 4559 2204 4628 qui

625 4657 837 4712 astabat
875 4652 1194 4719 Coruelio',
1253 4666 1363 4708 non
1419 4651 1473 4708 in
1505 4650 1695 4706 eodem
1745 4659 2025 4706 momento
2063 4659 2206 4706 asta-

625 4749 718 4803 bat
737 4754 791 4800 et
821 4745 1071 4813 Philippo
1114 4741 1179 4808 3;
1214 4755 1394 4810 neque
1424 4741 1515 4810 qui
1578 4741 1797 4796 locutus
1855 4749 1939 4796 est
2002 4739 2242 4811 Zacltag

624 4836 722 4892 rite
752 4839 820 4890 ab
873 4833 1032 4889 altari
1068 4834 1113 4897 ’,
1147 4847 1242 4903 per
1301 4831 1442 4893 idem
1470 4842 1685 4902 tempus
1721 4833 1888 4887 etiam
1948 4831 2002 4886 in
2061 4832 2203 4888 ctelo

627 4943 788 4982 suam
821 4925 1081 4996 implebat
1115 4919 1431 4979 stationem.
1466 4924 1537 4977 At
1578 4921 1816 4992 Spiritus
1849 4922 2093 4978 creditur
2124 4922 2203 4977 si-

627 5020 797 5074 mut"
835 5029 889 5072 et
923 5021 976 5072 in
1003 5018 1224 5072 Aliacuc
1249 5026 1303 5071 et
1329 5015 1381 5070 in
1419 5014 1641 5070 Daniele
1673 5015 1725 5068 in
1755 5013 2050 5085 Babylonia
2071 5029 2209 5082 ope-

626 5108 775 5169 rari;
808 5116 860 5160 ct
894 5121 1017 5161 cum
1048 5106 1283 5162 Ieremia
1317 5106 1731 5160 incatarrhacta
1761 5103 1896 5169 “,et
1927 5119 2049 5159 cum
2077 5105 2209 5160 Eze—

626 5201 802 5255 chiele
831 5213 994 5267 super
1023 5197 1240 5252 Chobar
1257 5199 1462 5252 versari
1487 5198 1549 5253 ¹².
1580 5196 1814 5266 Spiritus
1835 5197 1973 5250 enim
1998 5195 2210 5250 Domini

629 5291 846 5362 replevit
883 5291 1058 5346 orbem
1121 5289 1587 5354 terrarum";et,
1641 5288 1758 5354 Quo
1790 5288 1872 5345 ibo
1909 5305 1943 5346 a
1999 5287 2212 5356 Spiritu

629 5391 742 5447 tuo,
769 5389 816 5434 et
835 5396 868 5432 a
902 5377 1038 5446 facie
1067 5386 1162 5431 tua
1188 5395 1290 5448 quo
1316 5380 1519 5448 fugiam
1543 5378 1627 5432 “7
1654 5379 1722 5435 Et
1755 5380 2040 5451 propheta,
2063 5378 2213 5444 Quo-

629 5472 770 5526 niam
795 5486 889 5541 ego
921 5468 1186 5524 vobiscum
1209 5485 1346 5535 tuin,
1377 5469 1510 5524 dicit
1549 5468 1812 5526 Dominus
1838 5487 1854 5526 :
1890 5479 1941 5526 et
1973 5469 2208 5542 Spiritus

2312 4557 2608 4629 ριγράπτῳ
2655 4555 2806 4625 τόπῳ
2838 4554 3133 4624 τυγχάνειν
3163 4552 3552 4607 πεπίστευται.
3593 4549 3656 4602 '0
3683 4549 3786 4621 γὰρ
3809 4547 3878 4618 τῷ

2310 4649 2598 4718 Κορνηλίῳ
2655 4648 2884 4710 ἐπιστὰς
2915 4645 3152 4714 ἄγγελος
3210 4645 3310 4698 οὐκ
3359 4639 3428 4714 ἦν
3461 4644 3522 4699 ὲν
3551 4644 3737 4712 ταυτῷ
3790 4641 3874 4694 καὶ

2307 4725 2461 4810 παρῖ
2487 4739 2565 4810 τῷ
2597 4739 2873 4808 Φιλίππῳ,
2903 4737 3026 4791 οὑδὲ
3053 4739 3081 4790 ὁ
3105 4737 3213 4793 ἀπὸ
3251 4735 3345 4790 τοῦ
3376 4735 3763 4806 θυσιαστηρίου
3804 4731 3874 4801 τῷ

2311 4831 2562 4903 Ζαχαρία
2583 4832 2969 4900 διαλεγόμενος
2997 4831 3142 4884 κατὰ
3172 4830 3264 4884 τὸν
3293 4829 3462 4883 αὑτὸν
3494 4829 3690 4898 καιρὸν
3714 4827 3799 4882 καὶ
3819 4829 3872 4876 ἐν

2317 4924 2536 4996 οὐρανῷ
2567 4927 2671 4993 τὴν
2733 4924 2946 4981 οἰκείαν
2981 4923 3174 4978 στάσιν
3235 4921 3506 4993 ἐπλήρου.
3572 4921 3646 4973 τὸ
3702 4917 3866 4988 μέντοι

2318 5014 2546 5085 Πνεῦμα
2580 5015 2714 5085 ὁμοῦ
2747 5032 2808 5069 τε
2840 5017 2899 5070 ὲν
2945 5011 3269 5082 Ἀϐϐακοῦμ
3297 5012 3542 5080 ἐνεργεῖν
3567 5010 3662 5064 καὶ
3694 5011 3744 5064 ὲν
3780 5009 3868 5057 Δα-

2320 5109 2442 5178 νιὴλ
2477 5108 2568 5164 ἐπὶ
2606 5107 2705 5178 τῆς
2752 5105 3103 5170 Βαϐυλωνίας
3156 5105 3546 5162 πεπίστευται·
3609 5103 3702 5157 καὶ
3724 5102 3775 5152 ιν
3799 5093 3866 5164 τῷ

2323 5198 2680 5269 καταρράκτῃ
2715 5194 2858 5251 εῖναι
2903 5197 3044 5268 μετὰ
3110 5196 3404 5267 Ἰερεμίου,
3434 5195 3530 5248 καὶ
3565 5193 3700 5265 μετὰ
3726 5189 3866 5252 Ἰεζε-

2321 5289 2447 5360 mp.
2475 5290 2570 5344 ἐπὶ
2604 5291 2699 5348 τού
2719 5290 2927 5361 Χοϐίρ.
2956 5288 3201 5358 Πνεῦμα
3241 5289 3356 5361 γὰρ
3391 5287 3614 5355 Κυρίου
3660 5276 3865 5341 πεπλή-

2313 5399 2474 5452 ρωκε
2500 5381 2619 5449 τὴν
2649 5383 3031 5452 οικουμένηνο
3058 5382 3176 5446 καὶ,
3203 5379 3328 5435 Ποῦ
3357 5375 3627 5448 πορευθῶ
3639 5373 3750 5430 ἀπὸ
3771 5365 3862 5422 τοῦ

2320 5475 2669 5544 Πνεύματός
2693 5489 2832 5542 σου,
2865 5473 2966 5529 καὶ
2997 5473 3119 5530 ἀπὸ
3151 5473 3261 5529 τοῦ
3287 5471 3615 5544 προσώπου
3630 5481 3740 5525 σου
3761 5457 3862 5516 τοῦ

711 5626 731 5660 ⁸
759 5626 916 5684 Joan.
946 5643 1080 5694 xvn,
1111 5626 1203 5681 25.
1278 5627 1299 5658 '
1327 5625 1485 5681 Joan.
1520 5642 1630 5694 xw,
1670 5626 1759 5683 $9.
1835 5627 1856 5659 ³
1878 5624 2012 5682 ibid.
2057 5624 2145 5692 17.
2221 5621 2245 5656 ⁸
2269 5623 2427 5683 Joan.
2455 5641 2549 5686 xv,
2591 5631 2641 5685 ‘5.
2712 5627 2735 5659 ⁸
2763 5626 2921 5683 Joan.
2955 5643 3066 5695 xw,
3108 5626 3196 5683 l7.
3238 5625 3295 5695 *μ’
3317 5627 3405 5683 lsa
3432 5642 3561 5692 xui,
3583 5625 3656 5695 5.,
3708 5621 3727 5653 ⁷
3751 5619 3856 5695 Ac}-

633 5712 690 5770 ζ,
727 5701 784 5755 3.
856 5699 878 5729 ⁸
910 5702 1032 5754 Act.
1065 5687 1184 5763 νιιι,
1212 5696 1303 5770 26.
1375 5697 1396 5727 ⁹
1437 5697 1570 5752 an.
1597 5687 1642 5770 ι,
1677 5698 1764 5752 14.
1841 5698 1885 5731 ιο
1912 5701 2048 5753 Dan.
2098 5687 2192 5753 aut

2295 5699 2357 5752 ιδ.
2436 5699 2476 5730 ⁸⁸
2503 5696 2708 5755 Jerem.
2745 5714 2839 5768 xx,
2881 5699 2940 5768 2,
2986 5687 3130 5770 apud
3191 5693 3356 5754 LXX.
3437 5687 3699 5754 "Bacch.
3733 5705 3782 5758 ν,
3813 5687 3856 5742 Ι.

639 5767 682 5798 ³³
708 5769 898 5830 Sap.t,
938 5771 990 5823 7.
1069 5771 1111 5800 “
1139 5769 1278 5824 l'sal.
1317 5783 1573 5834 cxxxvtu,
1612 5768 1667 5822 7.
