4078 6292
596 353 722 426 3-79

1871 365 2254 431 EUTHYMII
2291 366 2653 429 ZIGABENI

3733 378 3806 443 7&3

610 505 845 573 simplex
874 503 1098 575 quidem
1125 495 1351 559 verbum
1392 504 1447 557 in
1471 502 1887 560 defensionibus
1911 521 2010 575 pro
2032 506 2188 562 Chri-

2290 525 2355 578 γε
2402 509 2521 563 οὐδὲ
2562 509 2712 580 ῥῆμα
2746 507 2902 578 ψιλὸν
2943 509 3003 562 ἐν
3048 512 3167 574 ταῖς
3207 507 3344 581 ὑπὲρ
3393 513 3610 585 Χριστοῦ
3653 519 3805 573 ἀπολο-

610 608 702 651 sto
718 598 846 667 quis
866 600 1043 667 possit
1055 594 1260 659 dicere,
1287 596 1395 650 nisi
1418 595 1717 666 adjuvante
1738 594 1971 667 Spiritu,
1998 614 2191 669 quem-

606 689 906 744 admodum
943 689 999 743 in
1025 687 1337 760 Evangeliis
1361 703 1392 742 a
1419 688 1652 746 Domino
1689 699 1744 747 et
1774 690 2066 749 Servatore
2092 709 2190 748 no-

610 790 727 834 stro
756 779 1055 835 didicimus
1107 781 1147 833 ¹.
1178 778 1352 835 Porro
1396 792 1456 836 ut
1493 783 1580 838 his
1610 783 1867 839 omnibus
1900 785 2186 854 neglectis,

610 880 775 941 atque
811 886 874 925 ea
927 874 1334 940 communione,
1385 889 1548 944 quam
1607 875 1663 929 in
1710 876 1964 930 omnibus
2007 877 2187 941 habet,

610 961 871 1016 oblivioni
903 962 1124 1028 tradita,
1149 979 1179 1018 a
1210 964 1372 1020 Patre
1401 975 1456 1020 et
1485 965 1626 1019 Filio
1653 967 1832 1036 ipsum
1863 968 2186 1031 avellamus,

608 1055 797 1109 nescio
839 1069 908 1109 an
938 1055 1233 1126 quisquam
1278 1059 1455 1113 sancti
1503 1057 1742 1127 Spiritus
1783 1060 2063 1129 particeps
2096 1074 2189 1115 as-

608 1160 879 1205 sensurus
906 1148 997 1203 sit.
1044 1147 1101 1203 lh
1131 1165 1243 1219 quo
1282 1151 1448 1222 igitur
1474 1151 1666 1205 ordine
1699 1151 1851 1206 illum
1895 1152 2190 1206 collocabi-

607 1238 765 1293 mus?
802 1242 1225 1295 creaturarum?
1252 1242 1321 1294 At
1353 1241 1616 1296 universa
1667 1251 1920 1297 creatura
1964 1244 2137 1298 servit
2170 1262 2184 1298 :

610 1329 851 1400 Spiritus
1016 1339 1199 1386 autem
1239 1333 1473 1388 liberum
1504 1333 1714 1389 reddit:
1752 1332 1852 1388 Ubi
1890 1336 2030 1389 enim
2065 1333 2189 1404 Spi-

608 1424 744 1477 ritus
778 1422 1017 1491 Domini,
1058 1424 1132 1477 ibi
1165 1424 1384 1480 libertas
1428 1423 1468 1479 ¹.
1498 1426 1678 1497 Atque
1707 1439 1833 1480 cum
1872 1426 2045 1480 multa
2076 1426 2187 1481 sint

609 1528 730 1582 quae
757 1516 963 1584 possim
1004 1516 1091 1569 hic
1131 1529 1589 1581 commemorare,
1626 1531 1792 1587 quam
1834 1530 1946 1571 non
1982 1531 2185 1572 conve—

607 1606 724 1659 niat
750 1605 1020 1675 Spiritum
1065 1613 1321 1661 sanctum
1358 1622 1724 1663 annumerare
1763 1606 1930 1663 rebus
1958 1608 2182 1673 creatis,

607 1697 795 1759 dehis
824 1698 1189 1753 diceremune
1233 1698 1621 1767 supersedebo.
1658 1698 1793 1752 Nam
1835 1698 1882 1754 si
1928 1698 2184 1767 incipiam

2291 596 2436 663 γίαις
2495 595 2717 650 δυνατὸν
2776 596 3006 667 λαλῆσαι
3070 598 3145 669 μὴ
3204 605 3639 671 συνεργουμένους
3688 612 3804 680 παρὰ

2291 686 2385 739 τοῦ
2437 686 2772 757 Πνεύματος,
2806 688 2883 752 ὡς
2919 691 2977 741 ἐν
3022 688 3373 758 Εὐαγγελίοις
3417 693 3557 761 παρὰ
3602 697 3683 750 τοῦ
3718 702 3802 753 Κυ-

2294 777 2409 846 ρίου
2450 780 2541 830 καὶ
2580 778 2833 848 Σωτῆρος
2880 778 3036 848 ἡμῶν
3084 778 3493 848 μεμαθήκαμεν.
3524 782 3737 836 ’Ἀπαντα
3761 787 3805 839 δέ

2288 868 2461 921 ταῦτα
2507 869 2853 938 παριδόντας,
2892 870 2986 922 καὶ
3033 870 3131 939 τῆς
3169 872 3227 922 ἐν
3266 872 3398 923 πᾶσι
3433 875 3685 938 κοινωνίας
3718 878 3807 929 ἐπι·

2289 960 2634 1031 λαϐομένους,
2684 961 2793 1014 ἀπὸ
2840 962 3052 1032 Πατρὸς
3120 963 3215 1014 καὶ
3275 962 3403 1015 Υίοῦ
3454 964 3701 1035 διασπᾷν,
3732 970 3806 1022 οὐκ

2288 1049 2403 1105 οἶδα
2444 1053 2498 1104 εῐ
2546 1069 2631 1115 τις
2686 1052 2910 1123 μέτοχος
2962 1054 3280 1124 Πνεύματος
3324 1056 3474 1124 ἁγίου
3518 1058 3804 1129 συνθήσεται.

2288 1144 2400 1199 Ποῦ
2432 1146 2612 1198 τοίνυν
2649 1146 2906 1217 φέροντες
2947 1146 3079 1199 αὐτὸ
3120 1146 3393 1217 τάξομεν;
3441 1148 3568 1217 μετὰ
3605 1150 3692 1217 τῆς
3720 1152 3808 1203 κτί-

2290 1254 2460 1302 σεως;
2502 1237 2693 1308 mm)
2737 1238 2913 1301 κτίσις
2958 1239 3108 1291 πᾶσα
3147 1238 3415 1291 δουλεύει·
3446 1240 3502 1292 τὸ
3539 1240 3591 1293 δὲ
3630 1241 3809 1312 Πνεῦμα

2288 1329 2580 1400 ἐλευθεροῖ.
2614 1326 2697 1386 Οὖ
2723 1331 2833 1400 γὰρ
2849 1329 2916 1383 τὸ
2935 1331 3181 1400 Πνεῦμα
3202 1332 3447 1399 Κυρίου,
3477 1331 3593 1385 ἐκεῖ
3619 1333 3809 1388 ἐλευθε-

2279 1423 2403 1490 ρία.
2451 1422 2561 1474 Καὶ
2598 1421 2808 1475 πολλῶν
2843 1422 3070 1476 ἐνόντων
3104 1426 3300 1486 εἰπεῖν,
3337 1426 3481 1487 ὅπως
3506 1423 3563 1476 οὐ
3592 1426 3806 1495 προσήκει

2285 1515 2350 1584 τῇ
2413 1515 2604 1584 κτιστῇ
2655 1512 2816 1581 φύσει
2865 1514 2926 1566 τὸ
2971 1512 3197 1585 Πνεῦμα
3238 1514 3302 1566 τὸ
3347 1514 3495 1580 ἅγιον
3536 1531 3809 1586 συγκαταρι-

2288 1604 2463 1670 θμεῖν,
2492 1605 2581 1660 τὸν
2611 1607 2739 1676 περὶ
2768 1606 2973 1660 τούτων
2999 1607 3092 1660 νῦν
3273 1607 3633 1678 ὑπερθήσομαι
3667 1607 3804 1675 λόγον.

2285 1698 2348 1751 Εἰ
2378 1696 2486 1767 γὰρ
2521 1695 2806 1767 μέλλοιμεν
2837 1697 2970 1768 πρὸς
3013 1696 3175 1761 ἀξίαν
3218 1696 3316 1750 τοῦ
3362 1698 3710 1768 προὸλήματος
3733 1698 3809 1761 τάς

607 1805 710 1859 pro
744 1790 1051 1859 argumenti
1084 1789 1370 1860 dignitate,
1400 1796 1455 1844 et
1484 1804 1607 1859 quae
1636 1803 1736 1860 pro
1760 1789 1921 1846 nobis
1952 1788 2182 1857 faciunt,

2284 1805 2344 1841 τε
2390 1788 2520 1859 παρ’
2547 1787 2753 1842 ἐαυτῶν
2792 1789 3136 1853 κατασκευὰς
3185 1789 3435 1857 ἐπάγειν,
3472 1790 3561 1842 καὶ
3591 1790 3652 1842 τὰ
3690 1790 3809 1858 παρὰ

610 1878 958 1949 probationes
995 1879 1289 1945 adducere,
1323 1890 1377 1937 et
1411 1897 1534 1951 quae
1564 1882 1636 1937 ab
1674 1881 2006 1938 adversariis
2045 1882 2189 1952 obji-

606 1969 855 2033 ciuntur,
884 1969 1127 2036 diluere,
1157 1970 1371 2040 prolixo
1399 1984 1653 2026 sermone
1668 1970 1774 2025 erit
1796 1984 1958 2040 opus,
1991 1970 2187 2040 loqua-

608 2062 881 2131 cilateque
896 2061 1192 2116 voluminis
1223 2060 1626 2117 deterrebimus
1660 2060 1916 2117 lectores.
1948 2061 2182 2128 Idcirco,

608 2153 715 2206 hoc
771 2152 931 2207 alteri
979 2153 1204 2223 proprio
1243 2151 1504 2207 tractatui
1548 2160 1851 2217 reservato,
1885 2152 2185 2224 propositis

605 2244 1004 2300 adbmreamus.

632 2392 635 2395 ,
750 2394 755 2399 ,
812 2333 1244 2391 Consideremus
1279 2334 1451 2405 igitur
1481 2334 1820 2405 singulatim.
1853 2333 2058 2391 Natura
2090 2336 2185 2391 bo-

608 2442 714 2481 nus
738 2433 843 2493 cst,
873 2434 932 2479 ut
964 2426 1143 2482 bonus
1173 2424 1361 2491 Pater,
1408 2433 1463 2481 et
1490 2425 1671 2481 bonus
1696 2425 1889 2481 Filius.
1919 2426 2183 2482 Creatura

602 2533 738 2579 sero
780 2532 877 2588 per
906 2517 1232 2574 electionem
1278 2519 1401 2587 ejus
1430 2517 1576 2589 quod
1618 2518 1822 2573 bonum
1853 2526 1959 2585 est,
2012 2519 2182 2589 parti-

607 2626 737 2681 ceps
764 2618 848 2664 est
880 2610 1160 2665 bonitatis.
1198 2609 1479 2665 Profunda
1523 2608 1619 2664 Dei
1663 2610 1859 2665 novit:
1893 2609 1989 2664 sed
2028 2625 2184 2665 crea-

609 2710 732 2755 tura
762 2716 860 2771 per
886 2699 1149 2769 Spiritum
1176 2701 1376 2770 accipit
1402 2714 1728 2755 arcanorum
1759 2702 2178 2756 reserationem.

606 2790 858 2848 Viviﬁcat
900 2804 1025 2846 cum
1072 2790 1182 2845 Deo
1222 2792 1313 2860 qui
1358 2790 1596 2844 viviﬁcat
1642 2790 1851 2852 omnia.
1885 2808 2009 2847 cum
2043 2791 2183 2846 Filio

599 2878 702 2955 qui
734 2885 827 2939 dat
856 2882 1046 2937 vitam.
1078 2882 1183 2948 Qui
1210 2884 1348 2938 enim
1377 2884 1647 2947 excitavit,
1682 2883 1878 2954 inquit,
1907 2882 2182 2939 Christum

614 2992 646 3027 τι
692 2976 937 3037 mortuis,
994 2973 1278 3043 viviﬁcabit
1329 2983 1380 3027 et
1426 2974 1680 3028 mortalia
1720 2989 1946 3043 corpora
1984 2984 2178 3040 vestra,

604 3083 703 3121 uer
738 3070 907 3137 ipsius
934 3067 1192 3138 Spiritum
1217 3066 1306 3137 qui
1341 3065 1609 3120 inhabitat
1638 3068 1693 3120 in
1736 3066 1879 3120 vobis
1925 3069 1986 3132 ³;
2018 3075 2183 3138 atque

2284 1880 2392 1933 τῶν
2433 1878 2690 1932 ἐναντίων
2731 1878 3143 1950 προὸαλλόμενα
3194 1880 3450 1946 διαλύειν,
3482 1879 3672 1933 πολλῶν
3706 1880 3810 1949 ἡμῖν

2284 1968 2465 2042 δεήσει
2513 1968 2708 2037 λόγων,
2755 1972 2849 2024 καὶ
2892 1971 3219 2025 ἁποκναίσαι
3228 1989 3331 2042 μεν
3519 1974 3579 2042 τῇ
3608 1971 3808 2038 πολυφωο

2284 2062 2374 2133 νεα
2401 2062 2499 2132 τῆς
2528 2061 2709 2132 βίϐλου
2734 2063 2860 2126 τοὺς
2884 2063 3337 2134 ἐντυγχάνοντας.
3365 2065 3559 2135 Διόπερ
3587 2063 3677 2134 ἰδίᾳ
3703 2080 3811 2133 πριιρ

2284 2154 2522 2225 γματεία
2571 2156 2747 2208 ἐκεῖνο
2798 2154 3224 2225 ταμιευσάμενοι
3248 2194 3265 2219 ,
3324 2155 3433 2209 τῶν
3493 2153 3810 2227 προκειμένοιν

2284 2241 2559 2313 ἐχώμεθα.

2487 2332 2824 2404 Σκεψώμεθα
2864 2329 2958 2388 οῦν
3003 2334 3071 2387 τὰ
3119 2335 3475 2393 καθέκαστον.
3517 2336 3664 2389 Φύσει
3696 2336 3811 2387 ἐστὶν

2281 2425 2507 2494 ἀγαθὸν,
2547 2427 2624 2489 ὡς
2666 2426 2870 2495 ἀγαθὸς
2906 2429 2934 2480 ὁ
2986 2425 3173 2497 Πατὴρ
3198 2467 3211 2491 ,
3257 2427 3359 2481 καὶ
3416 2428 3606 2495 ἀγαθὸς
3641 2426 3809 2489 ὁϊίός.

2294 2519 2358 2571 Ἡ
2396 2518 2573 2582 κτίσις
2605 2517 2663 2572 δὲ
2691 2520 2748 2572 ἐν
2781 2522 2850 2590 τῇ
2885 2519 3080 2590 ἐκλογῇ
3118 2517 3213 2572 τοῦ
3259 2520 3469 2588 ἀγαθοῦ
3495 2518 3699 2590 μέτοχός
3722 2518 3813 2569 ἐστι

2281 2608 2379 2679 τῆς
2409 2607 2759 2679 ἀγαθότητος.
2788 2606 2907 2663 Οἶδε
2935 2610 3005 2663 τὰ
3036 2609 3170 2682 βάθη
3206 2610 3304 2664 τοῦ
3340 2608 3471 2665 Θεοῦ
3510 2622 3525 2637 ⁸
3663 2610 3693 2677 ἡ
3723 2606 3812 2659 κτί-

2283 2718 2366 2763 σις
2403 2702 2460 2754 δέ
2501 2700 2767 2771 λαμϐάνει
2804 2703 2903 2773 τὴν
2936 2703 3243 2775 φανέρωσιν
3281 2703 3391 2757 τῶν
3423 2702 3724 2774 ἀπορρήτων
3746 2697 3814 2751 διὰ

2279 2788 2374 2841 τοῦ
2428 2789 2762 2860 Πνεύματος.
2817 2794 3077 2845 Ζωοποιεῖ
3126 2792 3269 2863 μετὰ
3312 2792 3407 2845 τοῦ
3465 2790 3591 2845 θεοῦ
3648 2788 3726 2843 τοῦ
3758 2788 3814 2839 τὰ

2281 2881 2459 2936 πάντα
2482 2882 2893 2951 ζωογονοῦντος,
2934 2884 3070 2953 μετά
3264 2886 3363 2939 τοῦ
3410 2884 3538 2937 Υίοῦ
3579 2881 3657 2936 τοῦ
3685 2880 3819 2933 διδόν-

2281 2990 2373 3037 τος
2396 2973 2560 3044 ζωήν.
2599 2974 2660 3028 '0
2695 2974 2804 3043 γὰρ
2836 2974 3069 3043 ἐγείρας
3094 2977 3358 3044 Χριστὸν
3388 2976 3455 3029 ἐκ
3482 2971 3691 3042 νεκρῶν
3719 2968 3822 3031 ζωο-

2285 3065 2543 3131 ποιήσει,
2594 3066 2746 3135 φησὶ,
2798 3065 2896 3117 καὶ
2949 3066 3019 3119 τὰ
3065 3067 3250 3149 θνητὰ
3298 3066 3465 3135 ὑμῶν
3596 3064 3821 3149 omnem

616 3155 815 3208 iterum
847 3152 1014 3207 :Oves
1049 3167 1180 3207 mea:
1211 3167 1388 3207 vocem
1425 3167 1597 3206 meam
1627 3152 1874 3217 audiunt,
1901 3160 1953 3206 et
1985 3167 2076 3223 ego
2115 3155 2188 3207 vi-

2274 3150 2360 3207 Βιὰ
2396 3149 2505 3203 τοῦ
2548 3149 2932 3215 ἐνοικοῦντος
2973 3148 3163 3203 αὐτοῦ
3210 3152 3552 3217 (Ir-stipato;-
3584 3145 3649 3197 ἐν
3674 3145 3820 3209 ὑμῖν·

606 3256 722 3298 tam
756 3254 1013 3299 wternam
1050 3244 1121 3297 do
1151 3244 1264 3298 illis
1318 3241 1359 3297 ⁸.
1399 3243 1506 3298 Sed
1542 3241 1784 3313 Spiritus
1811 3259 2032 3313 quoque
2067 3243 2188 3298 vivi'

2274 3240 2358 3296 ιιαὶ
2390 3239 2585 3295 πάλιν·
2628 3239 2704 3295 Τὰ
2748 3243 3014 3307 πρόϐατα
3061 3240 3136 3293 τὰ
3188 3238 3306 3308 ἐμὰ
3340 3238 3451 3306 τῆς
3487 3232 3678 3305 φωνῆς
3718 3244 3820 3297 μου

520 3398 523 3401 μ
604 3340 758 3402 iicat,
795 3338 974 3406 inquit
1018 3340 1063 3391 '.
1097 3336 1174 3391 Ac
1203 3352 1427 3392 rursum
1459 3356 1472 3390 :
1506 3336 1741 3406 Spiritus
1766 3348 1963 3404 autem,
1992 3339 2188 3409 inquit,

2274 3332 2495 3394 ἀκούει,
2538 3330 2701 3401 κάγὼ
2734 3330 2888 3399 ζωὴν
2923 3330 3163 3384 αἰώνιον
3191 3329 3401 3398 δίδωμι
3445 3324 3653 3389 αὑτοᾱκ
3686 3316 3818 3409 ‘Am

606 3430 718 3481 vita
756 3436 969 3498 propter
992 3429 1269 3497 Justitiam
1317 3428 1358 3481 ⁸.
1392 3428 1536 3496 Quin
1568 3438 1623 3484 et
1660 3429 1926 3485 Dominus
1961 3438 2198 3488 testatur

608 3518 877 3589 Spiritum
904 3534 1026 3575 esse
1062 3520 1157 3589 qui
1186 3520 1447 3575 viviﬁcat.
1481 3518 1622 3576 Caro
1664 3537 1767 3575 non
1798 3521 2012 3590 prodest
2041 3523 2199 3593 quid-

608 3627 769 3681 quam
816 3620 857 3667 7.
912 3612 1202 3679 Quomodo
1255 3614 1441 3683 igitur.
1480 3612 1746 3683 Spiritum
1803 3630 1834 3668 a
1884 3614 2199 3672 viviﬁcandi

605 3701 884 3775 potestate
923 3708 1313 3763 submoventes
1349 3722 1474 3761 eum
1513 3714 1724 3761 natura:
1766 3706 2194 3779 conjungemus,

607 3812 731 3870 qum
771 3800 885 3869 ipsa
924 3801 1036 3854 vita
1064 3800 1266 3871 egeat?
1296 3798 1434 3866 Quis
1464 3798 1601 3854 adeo
1638 3803 2042 3864 contentiosus,
2070 3799 2197 3870 quis

602 3890 747 3944 adeo
782 3905 977 3946 exsors
1010 3892 1139 3946 doni
1181 3891 1446 3955 caelestis,
1478 3900 1534 3946 et
1576 3892 1783 3962 absque
1817 3901 1982 3962 gustu
2016 3893 2193 3949 bono-

607 3998 738 4036 rum
778 3982 869 4040 Dei
902 3985 1213 4046 verborum,
1246 3985 1373 4055 quis
1403 3983 1540 4040 adeo
1575 3985 1689 4055 spei
1724 3993 1944 4041 aeternae
1973 4001 2193 4056 expers,

536 4122 539 4123 ν
604 4086 675 4128 ιη’
698 4073 970 4144 Spiritum
998 4091 1027 4129 a
1053 4074 1267 4132 Deitate
1288 4077 1615 4132 distractum
1642 4085 1914 4134 creaturae
1935 4077 2197 4149 copulet?

820 4338 880 4393 ln
935 4340 1120 4405 nobis,
1163 4343 1448 4414 inquiunt,
1506 4344 1745 4415 Spiritus
1796 4354 1883 4402 est
1933 4355 2196 4417 tanquam

609 4429 819 4483 donum
862 4444 892 4482 a
947 4429 1079 4486 Deo.
1130 4432 1197 4485 At
1226 4432 1430 4487 donum
1468 4449 1817 4505 nequaquam
1858 4436 2055 4491 iisdem
2098 4438 2195 4493 ho-

2264 3427 2363 3481 καὶ
2402 3425 2464 3478 τὸ
2500 3424 2749 3496 Πνεῦμα,
2785 3425 2941 3497 φησι,
2977 3411 3259 3488 ζωοποιεῖί
3308 3422 3418 3476 Καὶ
3454 3419 3632 3473 πάλιν·
3675 3414 3735 3469 Τὸ
3766 3407 3821 3463 δὲ

2265 3516 2528 3585 Πνεῦμα,
2579 3516 2733 3588 φησὶ,
2781 3515 2892 3583 ζωὴ
2941 3515 3041 3569 διὰ
3085 3515 3503 3580 δικαιοσύνην.
3668 3503 3821 3558 Καὶό

2268 3608 2472 3680 Κύριος
2505 3612 2775 3680 μαρτυρεῖ
2805 3608 2861 3661 τὸ
2893 3608 3118 3678 Πνεῦμα
3152 3601 3297 3660 εἶναι
3329 3605 3392 3659 τὸ
3428 3600 3731 3667 ζωοποιοῦν·
3774 3595 3822 3648 Ἠ

2268 3697 2426 3766 σὰρξ
2452 3701 2564 3753 οὐκ
2607 3698 2826 3768 ὠφελεῖ
2851 3698 3052 3753 οὐδέν.
3098 3698 3225 3762 Πῶς
3275 3693 3389 3759 οὖν,
3448 3695 3547 3764 τῆς
3592 3685 3820 3757 ζωοποιοῦ

2267 3791 2551 3862 δυνάμεως
2582 3792 3025 3860 ἁποξενώσαντες
3056 3792 3116 3844 τὸ
3150 3791 3403 3861 Πνεῦμα,
3436 3791 3502 3857 τῇ
3542 3780 3824 3853 ἐπιδεομένῃ

2268 3885 2369 3956 τῆς
2398 3885 2546 3956 ζωῆς
2573 3884 2733 3955 φύσει
2768 3883 3301 3960 προσοικειώσομεν;
3335 3883 3433 3953 Ti;
3458 3880 3595 3934 οὕτω
3617 3876 3821 3944 δύσερις,

2270 3979 2352 4043 τίς
2385 3980 2527 4034 οὕτω
2557 3980 2766 4052 δωρεᾶς
2800 3979 3123 4051 ἐπουρανίου
3155 3978 3447 4049 ἀμέτοχος,
3480 3975 3574 4029 καὶ
3614 3970 3712 4023 τῶν
3740 3982 3823 4021 κα·

2270 4072 2378 4128 λῶν
2405 4074 2497 4129 τοῦ
2521 4073 2656 4127 Θεοῦ
2696 4074 2957 4147 ῥημάτων
2994 4070 3283 4141 ἄγευστος,
3315 4069 3401 4132 τίς
3437 4068 3603 4129 οὕτως
3630 4059 3824 4147 ἐλπίδων

2272 4166 2503 4221 αἰωνίων
2718 4166 2968 4235 ἄμοιρος,
3027 4163 3104 4227 ὡς
3147 4165 3215 4235 τῇ
3273 4162 3451 4216 κτίσει
3506 4153 3742 4217 συντάξαι
3776 4146 3826 4200 τδ

2275 4257 2518 4327 Πνεῦμα,
2547 4258 2645 4327 τῆς
2675 4256 2938 4328 Θεὸτητος
2967 4256 3322 4326 ἀποστήσαςς

2477 4351 2565 4403 Ἐν
2603 4353 2755 4421 ἡμῖν,
2810 4349 2965 4419 φησὶ,
3011 4349 3074 4401 τὸ
3120 4347 3374 4417 Πνεῦμα,
3423 4344 3498 4406 ὼς
3543 4336 3701 4411 δῶρόν
3732 4334 3826 4385 ἐστι

2272 4438 2425 4511 παρὰ
2450 4440 2544 4493 τοῦ
2574 4439 2731 4494 Θεοῦ.
2769 4439 2843 4492 Οὐ
2869 4439 3043 4508 δήπου
3076 4436 3132 4491 δὲ
3160 4436 3224 4489 τὸ
3251 4435 3427 4505 δῶρον
3462 4433 3580 4493 ταῖς
3608 4432 3737 4486 ῐσαις
3758 4437 3825 4511 τις

605 4520 842 4574 noribus
873 4518 1134 4586 afﬁcitur,
1166 4522 1369 4592 quibus
1414 4526 1463 4579 is
1492 4525 1586 4595 qui
1618 4524 1788 4580 dedit.
1832 4525 2043 4581 Donum
2074 4531 2188 4600 qui-

2276 4508 2405 4602 μαίς
2443 4532 2521 4603 τῷ
2566 4531 2818 4584 δεδωκότι
2862 4529 3205 4600 σεμνύνεται.
3257 4526 3445 4597 Δῶρον
3477 4523 3573 4595 μὲν
3604 4515 3687 4573 οὖν
3712 4508 3823 4567 Θεοῦ

607 4609 729 4664 dem
770 4608 867 4666 Dei
903 4608 1146 4682 Spiritus
1178 4621 1284 4691 est,
1328 4614 1424 4670 sed
1465 4614 1670 4671 donum
1698 4617 1842 4672 vitae.
1885 4617 1995 4672 Lex
2033 4622 2194 4688 enim,

602 4701 807 4771 inquit,
840 4700 1076 4770 Spiritus
1102 4703 1226 4758 uitta
1250 4702 1492 4758 liberavit
1536 4721 1633 4760 nos
1684 4711 1726 4764 '.
1760 4703 1827 4760 Et
1854 4707 2062 4762 donum
2097 4724 2194 4779 po-

604 4796 837 4849 tentias:
870 4795 1156 4864 Accipietis
1198 4798 1340 4854 enim
1355 4798 1599 4852 uirtutem
1632 4797 1867 4866 Spiritus
1899 4801 2073 4855 sancti
2101 4818 2195 4855 su-

601 4889 953 4955 pervenientis
988 4890 1043 4943 iu
1079 4906 1168 4945 vos
1216 4890 1258 4944 '.
1285 4888 1426 4945 Num
1449 4890 1620 4961 igitur
1647 4892 1719 4947 ob
1746 4892 1800 4947 id
1833 4901 2167 4950 contemnen

608 4980 714 5032 dus
761 4980 889 5034 est?
944 4980 1138 5036 Annon
1177 4990 1232 5035 et
1265 4980 1465 5037 Filium
1504 4983 1655 5039 dedit
1684 4985 2038 5041 hominibus?
2068 4986 2194 5055 Qui,

610 5071 812 5141 inquit,
838 5074 1054 5140 proprio
1082 5071 1228 5129 Filio
1265 5091 1369 5129 non
1389 5076 1643 5147 pepercit,
1671 5076 1760 5131 sed
1781 5092 1878 5148 pro
1901 5077 2049 5132 nobis
2083 5095 2179 5132 om-

609 5161 771 5215 nibus
808 5162 1033 5216 tradidit
1081 5165 1259 5230 illum,
1297 5169 1563 5236 quomodo
1597 5170 1757 5223 etiam
1792 5186 1897 5224 non
1939 5186 2046 5224 una
2074 5187 2193 5226 cum

608 5269 671 5306 eo
702 5255 883 5309 omnia
943 5256 1091 5310 nobis
1143 5255 1365 5311 donabit
1390 5260 1473 5315 “?
1520 5257 1587 5315 Et
1633 5260 1807 5317 alibi:
1841 5260 1907 5317 Ut
1960 5263 2195 5318 sciamus

607 5360 727 5415 quia
762 5363 807 5401 ια
835 5345 947 5403 Deo
990 5348 1138 5403 nobis
1184 5348 1385 5405 donata
1434 5360 1644 5422 sunt",
1687 5354 1759 5410 de
1802 5356 2068 5428 mysterio
2102 5369 2195 5411 as-

609 5439 816 5509 sumpti
847 5439 1090 5495 hominis
1113 5441 1367 5511 loquens.
1404 5443 1591 5513 Itaque
1612 5446 1707 5515 qui
1741 5446 1847 5502 ista
1870 5447 2192 5518 loquuntur,

609 5545 797 5586 annon
845 5530 1160 5589 Iudaeorum
1195 5534 1469 5606 ingratum
1512 5538 1755 5593 animum
1788 5540 2194 5612 amentiamque

609 5632 894 5693 superant,
913 5627 1008 5697 qui
1045 5626 1258 5683 scilicet
1285 5627 1668 5683 excellentiam
1699 5630 1901 5686 divinae
1929 5632 2190 5691 bonitatis

2270 4630 2334 4684 τὶ)
2360 4624 2605 4696 Πνεῦμα,
2631 4623 2766 4677 ἀλλὰ
2802 4622 2973 4693 δῶρον
3016 4620 3180 4691 ζωῆς.
3223 4621 3289 4674 '0
3332 4622 3445 4691 γὰρ
3474 4618 3668 4686 νόμος,
3693 4604 3821 4705 antri.

2272 4720 2379 4775 τοῦ
2408 4718 2753 4787 Πνεύματος
2778 4713 2892 4784 τῆς
2916 4713 3065 4783 ζωῆς
3092 4714 3519 4783 ἠλευθέρωσεν

2274 4813 2385 4866 Καὶ
2423 4810 2595 4882 δῶρον
2632 4808 2914 4879 δυνάμεως
2945 4823 2959 4838 ·
3003 4807 3294 4874 Amo-satis
3320 4806 3433 4876 τὺρ
3474 4790 3825 4892 δύναμιν·

2273 4904 2558 4969 ελθόντος
2579 4901 2687 4955 τοῦ
2714 4900 2888 4969 ἁγίου
2916 4898 3265 4967 Ili-stipatae
3290 4896 3385 4964 ἐφ’
3417 4889 3590 4963 ὑμᾶς·
3618 4882 3730 4954 Ἆρ’
3749 4882 3825 4969 οὖν

2273 4996 2362 5049 διὰ
2413 4968 2571 5048 τοῦτο
2627 4968 3139 5062 εὐκαταφρόνητονς
3193 4987 3227 5058 ἢ
3276 4987 3403 5057 οὐχὶ
3453 4984 3546 5038 καὶ
3589 4978 3673 5032 τὸν
3723 4968 3826 5022 Υῑδν

2276 5088 2568 5159 ἐχαρίσατο
2599 5088 2711 5148 τοῖς
2741 5082 3082 5155 ἀνθρώποις
3116 5081 3227 5147 Ὃς
3266 5096 3358 5149 τε,
3386 5076 3536 5147 φησι,
3574 5069 3672 5126 τοῦ
3700 5062 3825 5119 totov

2286 5180 2422 5234 Ποῦ
2452 5180 2564 5234 οὐκ
2591 5178 2897 5248 ἐφείσατο,
2924 5174 3063 5230 ἀλλ’
3086 5172 3241 5240 ὑπὲρ
3264 5169 3442 5240 ἡμῶν
3462 5166 3691 5220 πάντων
3714 5166 3829 5217 παρ’

2275 5272 2499 5327 έδωκεν
2522 5270 2732 5337 αὐτὸν,
2758 5267 2886 5335 πῶς
2911 5266 3049 5337 οὐχι
3076 5266 3172 5321 καὶ
3213 5264 3342 5318 σὺν
3375 5258 3537 5324 αὐτῷ
3663 5248 3828 5349 πάντα

2276 5364 2422 5433 ἡμῖν
2473 5363 2818 5434 lapidum;
2850 5360 2963 5414 Kal.
3013 5355 3239 5430 ἑτέρωθι
3264 5372 3281 5389 ·
3314 5356 3446 5410 Ἵνα
3501 5346 3728 5415 διδῶμεν
3771 5346 3830 5388 ta

2277 5458 2395 5513 ὑπὸ
2430 5456 2536 5511 τοῦ
2573 5454 2722 5511 Θεοῦ
2750 5454 3116 5523 χαρισθέντα
3148 5448 3297 5516 ἡμῖν
3321 5463 3335 5477 ’
3368 5444 3499 5516 περὶ
3541 5437 3633 5492 τοῦ

2279 5550 2398 5625 ρίου
2424 5550 2524 5621 τῆς
2549 5546 3017 5620 ὲνανθρωπήσεως
3052 5543 3253 5610 λέγων.
3297 5540 3460 5591 Ὥστε
3486 5534 3600 5595 πῶς
3623 5530 3669 5582 οι
3689 5528 3830 5625 ταῦτα

2277 5611 2527 5711 λέγοντεξ
2559 5641 2679 5711 οὐχὶ
2715 5611 2816 5708 τὴν
2857 5611 3153 5705 ζιουδαῐκὴν
3187 5628 3579 5702 ἀγνωμοσύνην
3621 5611 3829 5687 παρελη-

680 5752 698 5783 ¹
728 5749 918 5804 Matth.
942 5768 998 5812 χ.
1037 5752 1124 5805 l9.
1203 5752 1223 5781 ⁸
1260 5749 1301 5804 ll
1323 5751 1448 5805 Cor.
1479 5765 1560 5814 ιιι,
1602 5750 1713 5819 17.
1768 5749 1790 5781 ³
1821 5750 1974 5803 Rom.
2005 5766 2116 5811 riu,
2155 5750 2176 5802 i

2319 5750 2341 5783 ‘
2376 5749 2538 5808 Jnan.
2574 5771 2631 5816 x,
2670 5753 2759 5808 27.
2836 5756 2857 5787 ⁸
2887 5752 3046 5809 Joan.
3079 5769 3154 5819 νι,
3177 5751 3268 5808 ϐι.
3352 5750 3373 5781 ⁸
3410 5748 3566 5803 Rom.
3598 5759 3708 5807 rm,
3753 5735 3825 5793 10.

608 5817 629 5850 ¹
662 5820 824 5875 Joan.
856 5822 1047 5889 τῃδὶ.
1126 5822 1147 5851 ⁸
1181 5819 1339 5875 Rom.
1366 5836 1483 5887 vm,
1514 5820 1570 5872 2.
1647 5823 1669 5853 ⁸
1691 5818 1811 5874 Act.
1851 5835 1886 5885 ι,
1923 5819 1978 5873 8.

2059 5821 2102 5851 ¹⁹
2130 5820 2288 5875 Rom.
2323 5838 2436 5890 ιἰιι,
2465 5826 2554 5879 52.
2635 5825 2672 5854 “
2709 5824 2723 5877 Ι
2761 5824 2889 5880 Cor.
2926 5841 2983 5889 ιι,
3038 5824 3121 5879 12.
