4100 6290
285 427 358 492 781
1160 417 1540 480 PANOPLIA
1576 416 1766 476 DOGh

1872 415 2132 476 l‘lCA.—-
2163 416 2315 479 Tl'l‘.
2349 417 2490 477 ΧΠ.
3362 389 3474 485 m

278 545 424 598 λύοασι
452 539 540 612 τὴν
568 537 877 610 ὑπερϐολὴν
907 537 1006 608 τῆς
1035 535 1410 608 χρηστότητος
1447 533 1663 603 ἑφόδιον
1695 534 1766 596 εἰς

1891 540 2103 587 vertant
2133 533 2185 585 in
2217 534 2563 588 occasionem
2590 531 2981 603 blasphemiae?
3016 536 3291 593 Accusant
3315 542 3458 591 em...

274 634 566 710 βλασφημίαν
627 631 1050 703 λαμϐάνοντες;
1119 627 1446 696 Ἐγκαλοῦσι
1535 626 1646 694 γὰρ
1701 625 1766 695 si;

1893 624 2182 693 Spiritum,
2225 625 2369 694 quod
2406 623 2565 680 nobis
2610 625 2704 681 dat
2754 626 3006 681 fiduciam
3043 627 3211 684 Deum
3269 632 3458 701 appul-

273 728 508 796 Πνεύματι,
543 724 625 776 ὅτι
653 720 971 793 παρρησίαν
995 721 1128 790 ἡμῖν
1165 720 1347 772 δίδωσι
1365 718 1551 772 καλεΐν
1566 718 1766 787 πατέρα

1894 715 2038 770 landi
2077 723 2284 786 patrem
2326 725 2594 771 nostrum.
2623 715 2820 771 Emisit
2853 719 2992 772 enim
3029 719 3163 774 Deus
3197 720 3460 789 Spiritum

268 820 438 876 ἑαυτῶν
461 819 544 871 τὸν
573 817 726 871 θεὸν.
781 814 1216 880 Ἐξαπέστειλε
1271 813 1385 884 γὰρ
1435 815 1469 866 ὀ
1513 812 1657 878 Osee
1713 809 1766 863 τέ

1891 798 2021 853 Filii
2071 801 2153 852 sui
2200 801 2257 854 in
2309 803 2472 856 c'or'da
2521 812 2700 857 nostra
2748 806 3103 870 'clamantem,
3151 809 3319 876 Abba,
3354 799 3461 863 Ρα-

263 911 461 981 Πνεῦμα
483 909 584 963 τοῦ
632 907 770 962 Υἱοῦ
800 907 990 962 αὑτοῦ
1039 909 1127 973 εἰς
1157 907 1262 972 τὰς
1294 903 1546 972 καρδίας
1593 901 1761 972 ἡμῶν

1885 901 1962 945 ter
1996 893 2034 956 ι,
2073 895 2132 945 ut
2165 891 2314 947 illius
2367 908 2472 946 vox
2508 895 2722 964 propria
2761 895 2852 950 fiat
2903 911 3094 953 eorum
3154 903 3247 970 qui
3281 902 3459 971 ipsum

258 1003 453 1075 κρᾶζον,
475 1000 650 1060 ’Λϐὄᾶ
675 1006 705 1056 ό
737 1001 963 1069 Πατὴρ.
997 1000 1085 1053 ἵνα
1117 1000 1383 1069 ήὲκείνου
1442 999 1603 1070 φωνὴ
1677 996 1766 1050 τῶι

1887 993 2235 1054 acceperunt.

68 1169 71 1176 _
182 1166 192 1172 _
221 1156 224 1158 ν
255 1095 518 1168 δεξαμένων
550 1093 656 1148 ἰδία
686 1095 933 1162 γένηται.

256 1207 453 1277 Ὀτιτῇ
475 1225 493 1258 ι
523 1207 592 1260 ἐν
615 1225 635 1258 ι
667 1204 954 1277 συλλειϐῇ
1145 1202 1251 1277 τῆς
1292 1203 1467 1277 «σὺν
1502 1205 1600 1277 nr}
1627 1207 1780 1277 ι”ραἸ

313 1280 387 1349 φὴ
409 1269 698 1346 αιέχρηται·
816 1269 865 1344 ᾧ
895 1269 992 1330 xm
1022 1275 1114 1328 ὅτι
1133 1275 1172 1344 ἠ
1203 1269 1222 1326 ι
1247 1274 1345 1328 καὶ
1369 1293 1389 1326 ι
1426 1269 1786 1346 ίσοδὺνάμεῖ

309 1348 374 1418 τῇ
407 1367 423 1400 t
447 1351 581 1401 σύν.
623 1364 640 1397 ι
680 1348 909 1415 Κεφάλ.
935 1352 1042 1398 κε’.

1889 1206 2042 1274 Quod
2058 1205 2336 1275 Scriptura
2351 1206 2452 1278 hac
2475 1206 2682 1278 syllaba
2713 1210 2811 1265 sit!
2835 1226 2855 1262 ι
2885 1225 2986 1278 pro
3008 1229 3028 1262 ι
3051 1226 3170 1265 eum
3197 1231 3214 1264 ι
3242 1221 3426 1267 utetur
3443 1230 3469 1269 ς

1960 1278 2048 1352 ubi
2076 1279 2234 1352 etiam
2264 1277 2518 1342 probatur
2553 1288 2661 1334 seti
2695 1279 2836 1334 idem
2860 1277 3057 1348 pollere
3083 1289 3221 1352 quod
3249 1300 3454 1337 «cum.»

1963 1349 2132 1418 Caput
2164 1346 2263 1401 25.”

313 1465 422 1528 Πῶς
455 1457 566 1527 οὖν,
633 1460 820 1530 φησὶν,
855 1461 889 1530 ἡ
942 1461 1134 1531 Γραφὴ
1193 1459 1434 1530 οὐδαμοῦ
1473 1459 1759 1538 συνδοξαζὺ

1964 1461 2065 1526 Qui
2111 1462 2194 1543 tit
2254 1463 2460 1538 igitur,
2513 1463 2806 1538 inquiunt,
2870 1475 2927 1521 ut
2990 1465 3271 1537 Scriptura
3339 1484 3460 1523 nus.

227 1573 376 1630 μενον
399 1555 559 1627 Πατρὶ
602 1556 697 1609 καὶ
729 1554 842 1626 Υἱῷ
881 1553 943 1608 τὸ
984 1551 1214 1624 Πνεῦμα
1263 1551 1602 1623 παρέδωκεν,
1643 1551 1766 1604 ἀλλᾶ

1879 1545 2046 1615 quam
2095 1547 2275 1602 tradat
2310 1548 2574 1619 Spiritum
2605 1550 2903 1629 gloriﬁcari
2937 1567 3062 1608 cum
3092 1552 3256 1610 Patre
3284 1563 3338 1610 et
3375 1555 3464 1613 Fi-

226 1646 626 1718 πεφυλαγμένως
672 1645 911 1712 ἐξέκλινε
957 1645 1039 1708 τὸ,
1082 1646 1206 1700 σὺν
1235 1644 1316 1712 τῷ
1346 1645 1666 1712 Πνεύματι,
1703 1643 1766 1694 εἰ-

1882 1638 1977 1702 lio,
2011 1639 2108 1694 sed
2151 1639 2400 1696 studiose
2446 1643 2578 1723 vitet
2623 1659 2692 1697 ne
2741 1644 2912 1707 dicat,
2965 1662 3083 1699 cum
3135 1645 3362 1716 Spiritu,
3396 1665 3464 1706 ac

223 1742 364 1806 πεῖν;
401 1736 663 1810 πανταχοῦ
703 1737 760 1790 δὲ
807 1737 868 1790 τὸ
919 1739 978 1814 ὲν
1025 1735 1174 1808 αὐτῷ
1216 1735 1457 1801 δοξάζειν
1491 1735 1566 1797 ὡς
1607 1734 1766 1804 ἁρμο-

1881 1727 2084 1800 ubique
2117 1731 2272 1784 malit
2303 1732 2630 1814 gloriﬁcare
2681 1734 2737 1789 in
2791 1735 2932 1805 ipso,
2969 1738 3126 1806 quasi
3178 1739 3298 1811 hoc
3327 1757 3461 1796 con-

219 1828 451 1901 διώτερον
477 1827 874 1900 προετίμησεν;
918 1826 1059 1897 Ἐγὼ
1083 1828 1140 1881 δὲ
1169 1827 1276 1881 οὐδ’
1312 1828 1378 1881 ἂν
1417 1826 1579 1890 αὐτὸς
1611 1824 1766 1896 φαίηι

1879 1822 2392 1893 gruentiu’sjudicet
2412 1824 2435 1877 ?
2459 1823 2527 1878 At
2559 1840 2663 1895 ego
2684 1841 3030 1898 nequaquam
3060 1827 3293 1886 dixerim
3320 1832 3459 1888 hanc

217 1921 520 1992 άτιμοτέρας
544 1915 684 1973 εἶναι
713 1919 951 1983 διανοίας
986 1919 1400 1991 παραστατικὴν
1423 1919 1522 1989 τὴν
1545 1919 1614 1973 ἐν
1643 1918 1766 1971 συλ-

1876 1915 2143 1997 syllabam
2182 1916 2235 1969 in
2281 1916 2541 1973 exhibere
2581 1933 2804 1973 sensum
2844 1920 3030 1976 minus
3066 1921 3454 1991 honoriﬁcum,

213 2013 386 2085 λαϐὴν,
414 2012 523 2066 ἀλλ’
569 2012 737 2081 ὑγιῶς
783 2011 1273 2084 τὲκλαμϐανομένην
1323 2011 1460 2082 πρὸς
1507 2011 1569 2064 τὸ
1618 2012 1766 2082 μέγι-

1875 2009 1986 2062 imo
2015 2009 2218 2077 potius,
2253 2008 2300 2064 si
2329 2024 2462 2064 sane
2510 2011 2838 2080 accipiatur,
2862 2011 2927 2065 ad
2961 2012 3251 2068 max-imam
3297 2018 3457 2072 celsi-

209 2121 327 2158 στον
359 2102 482 2172 ὕψος
519 2102 743 2170 ἀνάγειν
787 2102 888 2166 τὰς
931 2101 1166 2164 διανοίας
1185 2117 1200 2133 ο
1245 2103 1377 2154 ὅπου
1417 2118 1480 2169 γε
1514 2101 1607 2154 καὶ
1651 2101 1766 2155 ἀντὶ

1877 2099 2119 2154 tudinem
2150 2100 2361 2170 erigere
2403 2107 2667 2165 mentem,
2713 2102 3157 2172 quandoquidem
3195 2105 3456 2160 observa-

207 2196 301 2266 τῆς
349 2196 464 2250 σὺν
506 2181 773 2267 πολλαχοῦ
828 2194 1086 2266 κειμένην
1135 2193 1305 2264 αὐτὴν
1364 2195 1770 2265 τετηρήκαμεν.

209 2288 299 2352 Ὠς
323 2288 398 2351 τὺ,
435 2288 872 2356 Εἱσελεύσομαι
921 2287 1008 2350 εὶς
1041 2284 1149 2338 τὸν
1184 2281 1354 2339 οἶκόν
1381 2300 1500 2338 σου
1527 2285 1597 2338 ἐν
1635 2285 1774 2337 ὀλο-

202 2366 576 2436 καυτώμασιν
595 2385 607 2397 ·
639 2369 758 2422 ἀντὶ
785 2369 898 2433 τοῦ,
915 2367 1068 2439 μετὰ
1105 2365 1627 2438 ὁλοκαυτωμάτων.
1655 2367 1769 2424 Καὶ

195 2453 483 2526 ἐξήγαγεν
517 2447 738 2524 αὐτοὺς
777 2460 860 2518 ἐν,
888 2461 1147 2532 ἁργιφίῳ
1185 2460 1284 2515 καὶ
1326 2462 1578 2529 χρυσίῳ,
1612 2479 1766 2517 τουτ-

195 2546 332 2609 έστι,
373 2545 516 2616 μετά
561 2547 845 2616 ἀργυρίου
888 2549 985 2602 καὶ
1038 2549 1329 2618 χρυσίου’
1370 2549 1464 2603 καὶ
1503 2550 1602 2615 τὺ,
1643 2541 1766 2605 Οὐρὶ

190 2637 482 2709 ἐξελεύσῃ
654 2640 727 2694 ἐν
751 2641 878 2707 ταῖς
907 2626 1241 2710 δυνάμεσιν
1272 2639 1462 2711 ἡμῶν,
1489 2641 1610 2694 ἀντὶ
1645 2642 1762 2705 τοῦ,

188 2729 316 2782 σὺν
353 2729 479 2794 ταῖς
521 2729 853 2799 δυνάμεσιν
900 2729 1099 2799 ἡμῶν,
1147 2731 1244 2785 καὶ
1295 2731 1465 2802 μυρία
1519 2730 1764 2785 τοιαῦτα.

190 2817 369 2882 Ὀλως
399 2818 454 2870 δὲ
481 2819 650 2891 ἡδέως
689 2820 755 2874 ἂν
803 2820 1034 2892 μάθοιμι
1059 2820 1214 2893 παρὰ
1250 2821 1346 2892 τῆς,
1386 2821 1512 2885 νέας
1554 2821 1764 2890 σοφίας,

190 2909 352 2964 ποίαν
379 2909 681 2980 δοξολογὶαν
707 2913 736 2964 ὁ
776 2912 1098 2976 ’Δπόστολος
1132 2913 1220 2967 διὰ
1251 2913 1369 2978 τοῦ,
1402 2915 1493 2978 ἐν,
1523 2913 1767 2984 ῥήματος

189 3001 574 3074 ἁπεπλήρωσε,
603 3002 745 3056 κατὰ
771 3003 861 3056 τὸν
884 3003 1051 3059 τύπον
1081 3004 1140 3058 ὃν
1173 2998 1318 3058 οὖτοι
1345 3004 1439 3058 νῦν
1464 3005 1539 3067 ὼς
1576 3005 1641 3057 ἐκ
1669 3004 1767 3075 τῆς

182 3091 227 3145 Γ
229 3095 408 3164 ραφῆς
431 3094 808 3165 ἀναφέρουσιν.
851 3095 1102 3168 Ούδαμοῦ
1133 3097 1243 3168 γὰρ
1275 3091 1433 3168 εὗρον
1474 3095 1768 3166 λεγόμενον

1877 2192 2056 2247 vimus
2109 2190 2256 2245 hanc
2299 2190 2616 2260 frequenter
2653 2195 2910 2264 usurpari
2957 2210 3056 2264 pro
3097 2211 3238 2252 cum.
3295 2194 3451 2264 Quod

1875 2298 2048 2352 genus
2081 2291 2166 2337 est
2203 2280 2358 2351 illud,
2385 2280 2670 2350 Ingrediar
2697 2283 2914 2340 domum
2945 2295 3091 2342 tuam
3114 2289 3170 2344 iu
3203 2287 3452 2344 holocau-

1877 2357 2163 2413 tomalibus
2208 2359 2228 2389 ²
2265 2376 2279 2412 :
2307 2374 2408 2429 pro
2443 2361 2530 2416 his
2553 2363 2802 2428 vocibus,
2853 2381 2972 2418 cum
3007 2367 3449 2422 Itolocautomati-

1875 2445 1991 2503 bus.
2043 2447 2109 2502 Et
2137 2449 2319 2506 eduxit
2357 2468 2446 2508 eos
2484 2454 2540 2508 in
2593 2464 2810 2526 argento
2842 2465 2891 2510 et
2927 2473 3060 2512 auro
3101 2463 3121 2492 ³
3135 2498 3151 2522 ,
3189 2460 3292 2514 hoc
3334 2468 3443 2523 est,

1875 2554 1993 2593 cum
2026 2549 2242 2612 argento
2270 2551 2321 2598 et
2367 2560 2522 2600 auro.
2556 2544 2688 2602 Item
2716 2548 2872 2615 illud,
2911 2547 3037 2604 Non
3066 2550 3350 2620 egredieris
3389 2550 3452 2604 in"

1875 2631 2156 2688 virtutibus
2200 2634 2398 2689 nostris
2445 2636 2492 2702 ⁸,
2549 2651 2671 2706 pro,
2720 2653 2842 2692 cum
2890 2641 3176 2694 virtutibus
3221 2640 3445 2704 nostris,

1875 2724 2090 2794 aliaque
2134 2725 2299 2796 hujus
2329 2729 2548 2798 generis
2596 2729 3037 2785 innumerabilia.
3080 2731 3316 2786 Omnino
3361 2731 3447 2786 lu-

1877 2815 2012 2870 hens
2048 2815 2118 2872 ab
2151 2816 2256 2872 ista
2274 2831 2415 2872 nova
2447 2818 2718 2888 sapientia
2747 2819 3011 2886 didicero,
3037 2823 3250 2892 qualem
3278 2821 3446 2892 glori-

1877 2904 2186 2962 iicationem
2209 2909 2508 2978 Apostolus
2535 2909 2831 2964 absolverit
2857 2926 2953 2979 per
2981 2912 3121 2965 hanc
3147 2912 3443 2967 dictionem

1874 2994 1950 3058 in,
1976 2996 2131 3066 juxta
2167 2997 2394 3053 formam
2423 3015 2588 3070 quam
2631 2999 2723 3056 isti
2757 3017 2903 3056 nunc
2939 3011 3196 3072 tanquam
3231 3020 3261 3060 e
3289 3002 3445 3058 Scriv-

1874 3095 2033 3156 ptura
2085 3089 2389 3159 proferunt.
2427 3090 2704 3160 Nusquam
2763 3091 2907 3145 enim
2966 3095 3149 3148 inveni
3187 3095 3440 3149 dictum:

172 3185 261 3249 τὸ,
285 3186 378 3237 Σοὶ
411 3185 488 3252 τῷ
517 3187 690 3258 Πατρὶ
721 3188 754 3258 ἡ
785 3186 919 3258 τιμὴ
950 3187 1047 3240 καὶ
1091 3189 1124 3258 ἡ
1167 3188 1294 3254 δόξα
1330 3188 1418 3241 διὰ
1463 3186 1559 3240 τοῦ
1612 3203 1766 3258 μονο-

1876 3177 1999 3234 Tibi
2038 3178 2186 3234 Patri
2227 3181 2404 3237 honor
2435 3190 2489 3237 et
2522 3181 2695 3252 gloria
2734 3196 2828 3250 per
2867 3183 3207 3254 unigenitum
3244 3184 3441 3240 Filium

167 3276 376 3346 γενοῦς
407 3294 501 3330 σου
533 3278 664 3331 Υῑοῢ
699 3279 755 3333 ἐν
788 3279 864 3350 τῷ
895 3278 1035 3350 ἁγίῳ
1062 3279 1368 3348 Πνεύματι’
1401 3279 1536 3350 ὅπερ
1558 3279 1768 3342 τούτοις

165 3369 298 3422 ἐστὶ
358 3368 455 3422 νῦν
499 3370 591 3423 καὶ
618 3370 809 3441 αὐτῆς,
852 3370 928 3434 ὡς
962 3373 1158 3434 εἰπεῖν,
1190 3370 1287 3442 τῆς
1322 3370 1599 3440 ἀναπνοῆς
1643 3386 1770 3422 συν-

163 3460 498 3531 ηθέστερον.
539 3461 960 3532 Διεσπασμένως
1005 3461 1099 3530 μὲν
1129 3461 1238 3533 γὰρ
1290 3461 1494 3516 τούτων
1535 3459 1769 3515 ἕκαστον

159 3539 330 3604 ἔᾶτιν
373 3551 589 3621 εὐρεῖνο
635 3551 992 3622 συνημμένως
1039 3550 1096 3604 δὲ
1135 3552 1193 3604 ἐν
1242 3553 1308 3623 τῇ
1525 3550 1772 3616 συντάξει

148 3637 354 3711 ταύτῃ
382 3638 621 3708 οὐδαμοῦ
652 3639 915 3693 δεικνύειν
942 3639 1173 3704 ἕξουσιν.
1203 3639 1366 3693 Ὥστε
1393 3641 1440 3693 εἰ
1477 3639 1578 3710 μὲν
1610 3639 1768 3710 ἀκρι-

144 3727 534 3796 ϐολογοῦνται
561 3730 688 3801 περὶ
723 3729 791 3784 τά
828 3727 1100 3801 έγγραφα,
1131 3730 1459 3795 δειξάτωσαν
1489 3730 1652 3785 πόθεν
1681 3729 1770 3784 λέ-

142 3838 398 3892 γουσιν·
447 3821 500 3874 εἰ
543 3820 600 3874 δὲ
648 3821 986 3893 συγχωροῦσι
1011 3822 1078 3892 τῇ
1119 3820 1396 3886 συνηθείᾳ,
1443 3820 1578 3891 μηδὲ
1619 3821 1768 3891 ἡμᾶς

132 3911 598 3984 ἐξειργέτωσαν.

375 4004 578 4074 Ἡμεῖς
627 4003 765 4074 γὰρ,
815 4003 1131 4074 ἀμφοτέρας
1181 4005 1238 4056 ὲν
1288 4004 1355 4074 τῇ
1401 4003 1510 4056 τῶν
1559 4001 1768 4057 πιστῶν

119 4095 362 4168 χρήσει
385 4093 906 4164 καταλαμϐάνοντες
1068 4093 1166 4156 τὰς
1197 4094 1406 4164 ῥήσεις,
1430 4094 1767 4166 ἀμφοτέραις

115 4185 533 4258 κεχρήμεθα·
568 4185 666 4257 τὴν
697 4185 796 4256 μὲν
825 4185 984 4251 δόξαν
1010 4184 1088 4256 τῷ
1119 4184 1397 4254 Πνεύματι
1438 4184 1640 4254 ὁμοίως
1668 4186 1766 4256 ἀφ’

106 4275 448 4346 ἑκατέρας
496 4275 833 4347 πληροῦσθαι
879 4273 1323 4338 πεπιστευκότες,
1373 4273 1501 4336 τοὺς
1549 4273 1606 4353 δὲ
1647 4291 1762 4335 ικα-

98 4366 549 4439 κουργοῦντας
596 4366 692 4437 τὴν
749 4366 1007 4438 ἀλήθειαν
1062 4363 1509 4436 ἐπιστομίζεσθαι
1565 4365 1766 4437 μᾶλλον

84 4460 214 4516 διὰ
254 4459 377 4529 τῆς
404 4457 785 4530 προκειμένης
816 4457 1034 4524 λέξεως,
1075 4457 1219 4528 ἥτις,
1259 4456 1357 4527 τὴν
1397 4455 1626 4527 δύναμιν
1654 4457 1766 4511 τῶν

82 4547 397 4621 Γραφῶν
450 4547 845 4619 παραπλησίαν
887 4547 1104 4617 ἔχουσα,
1151 4546 1334 4600 ούκέτι
1381 4546 1530 4600 ἐστὶν
1566 4547 1766 4616 ὁμοίως

71 4643 240 4700 τοῖς
267 4636 577 4700 ἐναντίοις
598 4635 1003 4706 εὐεπιχείρητος
1027 4635 1164 4706 (ἔστι
1191 4633 1248 4688 δὲ
1275 4632 1415 4704 α’ύτη
1444 4635 1477 4705 ἡ
1500 4633 1767 4701 ἀντιλεγο-

71 4729 270 4801 μένη
308 4725 428 4779 νῦν
467 4726 622 4798 παρὰ
648 4724 873 4794 τούτων)
903 4723 1023 4777 ἀντὶ
1045 4720 1140 4776 τοῦ
1175 4723 1276 4778 καὶ
1306 4721 1599 4793 συνδέσμου
1625 4738 1765 4791 παρ-

62 4817 504 4889 ειλημμένη.
537 4817 682 4870 Ἴσον
709 4815 816 4887 γάρ
856 4818 1002 4869 ἐστιν
1034 4815 1240 4868 εἰπεῖν’
1271 4812 1512 4879 Παῦλος
1541 4812 1637 4867 καὶ
1669 4816 1767 4868 Σι-

58 4906 434 4974 λουανὸς
464 4906 569 4960 καὶ
598 4908 888 4976 Τιμόθεος,
913 4908 1025 4973 καὶ,
1048 4906 1258 4969 Παῦλος
1283 4905 1378 4959 σὺν
1400 4907 1649 4977 Τιμοθέῳ
1673 4907 1766 4960 καὶ

63 4998 470 5068 Σιλουανῷ.
520 4997 582 5051 Ἦ
614 4997 722 5069 γὰρ
756 4997 1043 5068 συμπλοκὴ
1079 4997 1190 5050 τῶν
1214 4996 1493 5067 ὀνομάτων
1535 4997 1601 5051 δι’
1636 4998 1764 5052 ἑκα-

55 5093 296 5163 τέρας
348 5089 588 5160 ὁμοίως
615 5090 713 5160 τῆς
752 5088 1112 5159 ὲκφωνήσεως
1159 5086 1407 5151 σώζεται.
1461 5089 1523 5141 Εί
1566 5086 1761 5153 τοίνυν,

58 5181 185 5236 τοῦ
271 5181 538 5251 Κυρίου
593 5180 836 5244 εἰπόντος
873 5178 1093 5249 Πατέρα
1140 5179 1236 5232 καὶ
1288 5177 1410 5231 Υῑδν
1467 5179 1559 5231 καὶ
1611 5179 1764 5248 ἅγιον

57 5272 416 5343 Εἰνεῦμα,
481 5273 643 5336 αὐτὸς
695 5271 907 5342 εἴποιμι
949 5269 1170 5340 Πατέρα
1216 5269 1311 5323 καὶ
1358 5268 1485 5323 Υιὸν
1539 5270 1636 5323 σὺν
1684 5268 1763 5340 τῷ

61 5365 248 5434 ὶγιῳ
289 5363 648 5436 Πνεύματι,
676 5359 804 5418 ἄλλο
846 5378 898 5415 τι
1099 5359 1336 5433 εἰρηκὼς
1367 5359 1508 5414 κατὰ
1542 5358 1641 5431 τὴν
1668 5360 1759 5413 δύ-

61 5454 554 5527 ιαμιψέσημαι
576 5472 591 5520 ;
617 5455 728 5526 Τῆς
752 5454 809 5508 δὲ
831 5453 920 5508 διὰ
937 5452 1032 5506 τοῦ
1063 5451 1163 5508 καὶ
1192 5451 1491 5525 συνδέσμου
1521 5451 1759 5523 συμπλοο

65 5549 183 5620 τῆς
250 5547 406 5603 τῶν
454 5548 744 5618 ὀνομάτων
793 5545 968 5600 πολλὰ
1009 5546 1078 5599 τὰ
1132 5543 1428 5617 μαρτύρια.
1483 5546 1544 5602 Ἡ
1588 5546 1759 5615 χάρις

1875 3279 2027 3325 tuum
2059 3273 2113 3326 in
2145 3271 2354 3342 Spiritu
2394 3282 2585 3328 sancto
2618 3292 2632 3328 :
2665 3273 2769 3344 qui'
2790 3289 2974 3329 sermo
3001 3291 3150 3330 nunc
3181 3277 3303 3332 istis
3333 3277 3446 3332 usi-

1873 3361 2040 3415 tatior
2068 3371 2152 3417 est
2183 3363 2320 3432 ipsa,
2359 3373 2418 3418 ut
2449 3365 2522 3418 ita
2557 3365 2770 3434 loquar,
2812 3363 3206 3434 respiratione.
3237 3365 3444 3422 Horum

1873 3451 2091 3522 quidem
2138 3453 2354 3525 singula
2401 3456 2695 3525 separatim
2745 3455 2994 3512 invenire
3023 3456 3172 3524 licet,
3207 3459 3445 3529 conjuno'

1874 3543 2003 3596 ctim
2057 3558 2188 3598 vero
2233 3544 2412 3613 posita
2455 3546 2510 3600 in
2545 3547 2648 3601 hac
2703 3547 3119 3603 constructione
3170 3564 3446 3620 nusquam

1874 3641 2134 3703 poterunt
2161 3635 2468 3692 ostendere.
2502 3635 2690 3707 Itaque
2722 3638 2770 3693 si
2794 3645 2986 3694 exacte
3011 3647 3207 3710 urgent
3231 3655 3296 3694 ea
3323 3657 3446 3709 qua:

1876 3723 1929 3776 in
1959 3721 2258 3793 Scripturis
2297 3725 2592 3793 habentur,
2617 3726 2911 3782 ostendant
2931 3727 3078 3785 unde
3098 3729 3204 3786 ista
3230 3729 3439 3786 dicant.

1873 3811 2028 3879 Quod
2066 3814 2111 3868 si
2149 3816 2460 3871 concedunt
2491 3817 2877 3874 consuetudini
2903 3858 2919 3884 ,
2945 3834 3127 3891 neque
3153 3835 3256 3877 nos
3278 3822 3349 3879 ab
3377 3837 3445 3878 ea

1873 3905 2183 3961 excludant.

2072 3993 2187 4049 Nos
2223 3995 2371 4050 enim
2420 3996 2611 4053 ambas
2651 3998 2924 4056 dictiones
2969 4001 3024 4054 in
3059 3999 3301 4056 ﬁdelium
3338 4017 3444 4059 usu

1872 4083 2380 4155 deprehendentes,
2437 4087 2708 4146 ambabus
2757 4091 3000 4146 utimur:
3037 4092 3268 4163 gloriam
3319 4095 3445 4164 qui-

1871 4177 1996 4232 dem
2028 4175 2258 4248 Spiritui
2301 4193 2368 4233 es
2401 4194 2558 4249 atquo
2585 4196 2682 4251 per
2715 4190 3005 4254 utramque
3033 4185 3271 4254 persolvi
3310 4187 3440 4255 rati,

1869 4268 1952 4325 eis
1984 4283 2113 4324 vero
2146 4268 2239 4338 qui
2271 4269 2572 4340 depravant
2603 4273 2910 4341 veritatem,
2951 4275 3226 4333 credimus
3250 4279 3440 4349 {magis

1869 4376 1933 4418 os
1955 4361 2198 4417 obturari
2227 4375 2324 4432 per
2353 4377 2472 4417 eam
2501 4365 2968 4434 praepositionem,
3003 4382 3125 4436 quae
3154 4383 3279 4424 cum
3320 4386 3442 4427 sel-

1871 4465 1996 4506 sum
2037 4449 2094 4505 in
2137 4449 2438 4520 Scripturis
2475 4451 2712 4508 similem
2755 4454 2973 4520 haheat,
3023 4472 3131 4513 non
3169 4459 3247 4512 ita
3279 4459 3441 4515 facile

1869 4541 1938 4595 ab
1989 4540 2320 4598 adversariis
2377 4543 2676 4613 expugnari
2716 4555 2894 4614 potest
2936 4547 3044 4618 (est
3096 4557 3278 4603 autem
3317 4550 3438 4620 ipsa

1869 4633 1962 4686 illa
2009 4634 2098 4688 cui
2147 4648 2294 4688 nunc
2329 4635 2397 4688 ab
2451 4635 2572 4690 istis
2614 4637 3034 4708 contradicitur)
3082 4646 3270 4708 utpote
3319 4657 3440 4710 qua:

1868 4740 1966 4795 pro
1999 4733 2050 4780 et
2099 4725 2488 4795 conjunctione
2539 4736 2806 4783 sumat-ur.
2850 4727 2988 4783 Nam
3037 4730 3184 4786 idem
3235 4739 3321 4788 est
3362 4734 3440 4788 di-

1867 4827 2012 4879 cere,
2061 4812 2267 4870 Paulus
2316 4825 2367 4870 et
2408 4816 2683 4881 Siluanus,
2721 4826 2772 4872 et
2817 4817 3126 4874 Timotheus
3159 4827 3215 4885 ⁸,
3247 4831 3435 4892 atque,

1867 4901 2070 4959 Paulus
2104 4919 2229 4959 cum
2260 4903 2548 4962 Timotheo
2587 4914 2639 4962 et
2684 4906 2931 4962 Silva-no.
2958 4907 3251 4968 Neminem
3287 4914 3438 4974 enim

1867 4994 2170 5058 connexio,
2241 5003 2472 5066 utraque
2531 4997 2982 5067 pronuntiatione
3033 5002 3287 5060 similiter
3324 5023 3440 5065 ser-

1867 5096 2043 5140 vatur.
2082 5075 2272 5156 Itaque
2323 5086 2373 5141 si
2417 5103 2543 5143 cum
2579 5087 2845 5146 Dominus
2886 5092 3086 5151 dixerit
3132 5095 3348 5155 Patrem
3388 5114 3444 5160 et

1866 5173 2063 5230 Filium
2095 5184 2149 5230 et
2195 5186 2448 5231 sanctum
2493 5175 2778 5248 Spiritum,
2831 5182 2949 5253 ipse
2990 5184 3194 5252 dicam,
3225 5188 3443 5246 Patrem

1867 5277 1922 5322 et
1969 5266 2165 5323 Filium
2224 5282 2349 5322 cuin
2407 5267 2616 5340 Spiritu
2677 5282 2912 5341 sancto;
2978 5276 3235 5346 aliudue,
3294 5285 3442 5350 quod

1868 5359 1938 5413 ad
1977 5359 2264 5416 sententiae
2294 5359 2404 5414 vim
2449 5361 2666 5430 attinet,
2697 5363 2930 5422 dixero?
2973 5365 3150 5422 Porro
3183 5383 3283 5439 per
3305 5383 3443 5425 etm-

1865 5451 2205 5522 junctionem
2246 5461 2296 5508 et
2348 5454 2602 5510 connecti
2649 5457 2892 5522 noina,
2951 5457 3141 5514 multis
3188 5460 3442 5516 testimo-

1871 5543 1979 5598 niis
2013 5543 2236 5612 prnbari
2276 5551 2476 5612 potest.
2529 5543 2718 5602 Gratia
2759 5548 2922 5614 enim,
2976 5548 3175 5619 inquit,
3226 5549 3443 5608 Domini

163 5821 193 5858 ³
230 5819 488 5879 Galat.
517 5836 592 5889 tv,
631 5821 702 5895 ,6.
779 5822 804 5858 ²
832 5818 980 5880 Plai.
1006 5835 1136 5886 uv,
1175 5819 1268 5876 i5.
1338 5819 1358 5853 ⁸
1397 5819 1543 5874 Psal.
1582 5831 1696 5882 cnv,
1725 5816 1766 5873 3'

1890 5820 1913 5848 ⁵
1947 5814 2095 5872 Psal.
2136 5827 2294 5880 mu,
2327 5811 2418 5870 10.
2498 5808 2567 5865 '1
2598 5807 2791 5867 Thess.
2814 5805 2933 5877 1,1.
