4070 6290
283 453 401 533 789

289 612 459 677 αὐτὸς
490 611 637 680 λέγει
660 629 675 645 ο
713 608 789 667 ‘H
824 614 1079 687 δοκιμὴν

286 702 633 770 λαλοῦντος
670 704 963 772 Χριστοῦ;
1006 703 1149 758 οὕτω
1179 707 1274 759 καὶ
1314 708 1372 761 ἐν
1410 709 1688 779 Πνεύματι
1724 709 1875 762 λαλεῖ

286 792 366 846 τὰ
399 795 695 865 μυστήρια,
727 796 821 848 καὶ
849 794 909 849 τὸ
937 795 1161 868 Πνεῦμα
1190 798 1351 852 πάλιν
1380 799 1529 853 λαλεῖ
1554 802 1611 853 ἐν
1633 799 1799 869 αὐτῷ.

482 887 568 939 Ἐν
592 886 688 956 μὲν
709 882 801 941 οὖν
822 889 933 950 τοῖς
956 892 1233 959 γεννητοῖς
1391 889 1532 943 οὕτω
1554 888 1873 960 πολυμερῶς

285 974 389 1029 καὶ
425 975 774 1046 πολυτρόπως
795 978 991 1031 ἐνεῖναι
1013 977 1227 1046 λέγεται
1247 979 1307 1032 τὸ
1323 978 1548 1051 Πνεῦμα
1570 997 1584 1011 θ
1618 980 1789 1051 Πατρὶ
1814 978 1873 1031 δὲ

200 1076 209 1082 ‘
283 1068 388 1120 καὶ
418 1065 533 1137 Υἱῷ
569 1066 689 1138 οὐχὶ
726 1069 923 1123 ἐνεῖναι
973 1070 1194 1139 μᾶλλον,
1228 1070 1366 1124 ἀλλὰ
1414 1072 1651 1125 συνεῖναι
1696 1071 1873 1124 εἰπεῖν

284 1157 697 1228 εὐσεϐέστερον.
734 1159 797 1212 Ἠ
829 1160 929 1231 μὲν
972 1159 1081 1232 γὰρ
1122 1160 1252 1232 παρ’
1279 1160 1443 1217 αὐτοῦ
1473 1162 1632 1232 χάρις
1661 1160 1873 1216 οἰκοῦν-

281 1264 383 1310 τος
414 1249 471 1302 ἐν
506 1251 617 1311 τοῖς
650 1248 840 1315 ἀξίοις,
888 1250 982 1303 καὶ
1031 1249 1377 1321 ἐνεργοῦντος
1409 1251 1478 1305 τὰ
1519 1250 1747 1315 ἐαυτοῦ,
1771 1268 1874 1304 καο

282 1333 401 1398 λῶς
443 1335 769 1407 ἐνυπάρχειν
809 1338 923 1400 τοῖς
964 1337 1231 1400 δεκτικοῖς
1266 1338 1431 1392 αὐτοῦ
1465 1339 1716 1408 λέγεταιο
1746 1341 1779 1411 ἠ
1816 1339 1873 1394 δὲ

284 1426 615 1497 προαιώνιος
660 1426 926 1499 ὐπαρξις,
982 1429 1075 1483 καὶ
1127 1430 1402 1494 ἄπαυστος
1452 1431 1703 1504 διαμονὴ,
1754 1432 1871 1504 μεθ’

285 1516 425 1571 Υίοῦ
460 1517 554 1570 καὶ
582 1518 795 1589 Πατρὸς
836 1518 1180 1592 θεωρουμένη
1202 1560 1217 1585 ,
1259 1520 1359 1585 τὰς
1388 1521 1489 1592 τῆς
1536 1522 1709 1577 ἀϊδίου
1744 1540 1872 1577 συν-

285 1607 490 1677 αφείας
684 1612 1057 1682 προσηγορίας
1101 1609 1365 1683 ἐπιζητεῖ.
1403 1613 1475 1666 Τὸ
1516 1611 1626 1683 γὰρ
1666 1613 1869 1684 κυρίως

286 1699 388 1752 καὶ
417 1697 630 1769 ἀληθῶς
672 1700 1088 1769 συνυπάρχειν
1133 1702 1225 1755 ἐπὶ
1266 1703 1374 1757 τῶν
1419 1705 1740 1774 ἀχωρίστως
1779 1706 1870 1760 ἀλ-

285 1790 477 1860 λήλοις
507 1792 774 1845 συνόντων
808 1792 1044 1860 λέγεται.
1066 1793 1175 1864 Τὴν
1197 1793 1306 1866 γὰρ
1341 1794 1652 1866 θερμότητα
1671 1797 1751 1867 τῷ
1774 1798 1872 1867 μὲν

288 1881 705 1952 πυρακτωθέντι
758 1882 958 1954 σιδήρῳ
1006 1884 1333 1954 ἐνυπάρχειν
1377 1885 1555 1955 φαμέν
1586 1905 1599 1918 ·
1633 1888 1780 1957 αὐτῷ
1816 1888 1872 1940 δὲ

284 1972 370 2041 τῷ
402 1971 536 2042 πυρὶ
578 1971 961 2042 συνυπάρχειν.
995 1973 1100 2025 Καὶ
1131 1973 1229 2042 την
1267 1975 1363 2043 μὲν
1418 1975 1629 2042 ὑγίειαν
1660 1976 1735 2047 τῷ
1769 1976 1873 2029 σώ-

293 2080 428 2133 ματι
462 2062 801 2133 ἐνυπάρχειν,
834 2062 931 2134 τὴν
955 2063 1009 2115 δὲ
1040 2063 1183 2133 ζωὴν
1216 2065 1282 2133 τῇ
1313 2064 1457 2135 ψυχῇ
1483 2066 1870 2137 συνυπάρχειν.

293 2155 459 2206 Ὥστε
491 2155 623 2206 ὅπου
662 2154 758 2225 μὲν
786 2155 960 2207 οἰκεία
994 2156 1087 2208 καὶ
1112 2154 1361 2226 συμφυὴς
1394 2157 1488 2208 καὶ
1512 2156 1810 2228 ἀχώριστος
1839 2160 1872 2229 ἡ

291 2243 567 2307 κοινωνία,
595 2243 1046 2315 σημαντικωτέρα
1074 2243 1222 2315 φωνὴ
1249 2246 1281 2314 ἡ
1303 2243 1425 2297 σὺν
1462 2281 1480 2308 ,
1614 2248 1711 2318 τῆς
1732 2249 1874 2317 ἀχω-

293 2335 484 2407 ρίστου
514 2335 797 2397 κοινωνίας
824 2335 922 2405 τὴν
951 2335 1186 2387 διάνοιαν
1220 2336 1625 2391 ὑποϐάλλουσα⁶
1654 2339 1787 2391 ὅπου
1816 2338 1872 2390 δὲ

294 2427 688 2500 προσγίνεσθαι
732 2430 764 2497 ἡ
810 2427 902 2480 ἀπ’
934 2426 1098 2480 αὐτοῦ
1148 2428 1307 2499 χάρις
1353 2430 1447 2482 καὶ
1484 2431 1642 2483 πάλιν
1681 2431 1875 2499 ἀπογί-

292 2519 486 2572 νεσθαι
522 2519 782 2586 πέφυκεν,
813 2517 1026 2580 οἰκείως
1064 2518 1158 2571 καὶ
1192 2518 1409 2590 άληθῶς
1448 2520 1509 2573 τὸ
1546 2520 1874 2592 ἐνυπάρχειν

291 2610 536 2679 λέγεται.
569 2611 671 2663 κᾶν
700 2612 812 2673 τοῖς
837 2609 1146 2679 δεξαμένοις
1173 2610 1430 2676 πολλάκις
1460 2612 1548 2665 διὰ
1579 2612 1639 2665 τὸ
1662 2613 1873 2682 ἑδραῖον

293 2700 400 2768 τῆς
452 2700 581 2768 περὶ
633 2699 693 2751 τὸ
742 2698 903 2752 καλὸν
955 2698 1246 2763 διαθέσεως
1299 2702 1332 2771 ἠ
1378 2701 1471 2755 ἀπ’
1504 2698 1669 2755 αὐτοῦ
1716 2703 1873 2774 χάρις

292 2790 526 2860 διαρκὴς
562 2789 870 2862 παραμένῃ.
906 2790 1065 2842 Ὥστε
1091 2791 1218 2844 ὅταν
1250 2789 1347 2860 μὲν
1368 2791 1465 2862 τὴν
1491 2793 1693 2847 οἰκείαν
1718 2792 1874 2857 ἀξίαν

292 2881 391 2933 τοῦ
449 2878 762 2949 Πνεύματος
813 2879 1114 2950 ἐννοῶμεν,
1167 2881 1303 2951 μετὰ
1356 2882 1566 2954 Πατρὸς
1614 2884 1705 2937 καλ⁸
1745 2885 1873 2938 Υίοῦ

298 2972 431 3025 αὐτὸ
460 2970 770 3040 θεωροῦμεν
788 2986 802 3000 ⁸
834 2972 962 3023 ὅταν
985 2970 1040 3023 δὲ
1062 2973 1159 3042 τὴν
1189 2974 1268 3035 είς
1290 2974 1414 3037 τοὺς
1443 2974 1701 3044 μετόχους
1726 2976 1877 3047 ἐνερ-

299 3057 570 3126 γουμένην
601 3056 758 3127 χάριν
785 3057 1197 3127 ἐνθυμηθῶμεν,
1219 3060 1279 3112 ἐν
1301 3063 1433 3131 ἡμῖν
1453 3059 1590 3115 εἶναι
1614 3063 1675 3116 τὸ
1702 3065 1874 3117 Πνεῦ-

298 3166 377 3217 μα
404 3147 655 3217 λέγομεν.
689 3147 799 3199 Καὶ
822 3147 857 3217 ἦ
898 3163 961 3215 γε
1010 3150 1393 3221 προσαγομένη
1435 3151 1709 3221 δοξολογία
1743 3155 1875 3224 παρ’

291 3234 458 3304 ἡμῶν
490 3237 545 3287 ἐν
570 3233 647 3303 τῷ
679 3234 956 3305 Πνεύματι
990 3236 1112 3305 οὐχὶ
1139 3238 1239 3308 τῆς
1268 3238 1475 3293 ἐκείνου
1509 3240 1660 3305 ἀξίας
1684 3242 1875 3312 ὁμολο-

291 3324 424 3391 γίαν
460 3321 594 3391 ἔχει,
626 3322 760 3375 ἀλλὰ
786 3323 884 3393 τῆς
916 3324 1192 3394 ⁴ἡμετέρας
1233 3325 1410 3379 αὐτῶν
1458 3327 1738 3391 ἀσθενείας
1789 3327 1873 3392 ἐξ-

290 3412 644 3483 ομολόγησιν·
674 3412 1014 3477 δεικνύντων,
1041 3414 1122 3466 ὅτι
1152 3413 1274 3468 οὔτε
1305 3415 1522 3482 δοξάσαι
1547 3419 1637 3486 ἀφ’
1668 3419 1873 3472 ἐαυτῶν

295 3502 475 3555 ἰκανοί
507 3503 692 3571 ἐσμεν,
718 3500 833 3555 ἀλλ’
861 3504 894 3573 ἡ
937 3502 1186 3572 ἱκανότης
1209 3502 1366 3574 ήμῶν
1408 3506 1467 3557 ὲν
1496 3502 1574 3574 τῷ
1601 3503 1875 3575 Πνεύματι

291 3594 380 3664 τῷ
415 3592 574 3663 ἁγίῳ,
617 3595 675 3646 ἐν
709 3586 752 3661 ᾧ
783 3591 1210 3664 δυναμωθέντες,
1248 3594 1347 3664 τὴν
1384 3594 1524 3665 ὑπὲρ
1549 3588 1624 3649 ὧν
1649 3596 1874 3668 εὐηργε-

293 3684 564 3756 τήθημεν,
598 3681 674 3752 τῷ
705 3682 824 3753 Θεῷ
855 3683 1012 3754 ἡμῶν
1043 3683 1391 3755 εὐχαριστίαν
1417 3685 1868 3758 ἀποπληροῦμεν·

292 3776 445 3829 κατά
468 3774 528 3827 τὸ
558 3773 757 3846 μέτρον
787 3774 887 3843 τῆς
912 3774 1019 3828 ἀπὺ
1049 3775 1244 3838 κακίας
1273 3775 1659 3847 καθαρότητος,
1689 3777 1874 3849 ἕτερος

292 3867 488 3937 ἐτέρου
532 3868 537 3871 ’
602 3866 603 3869 “
665 3864 824 3917 πλέον
856 3866 887 3935 ἢ
934 3864 1155 3919 ἔλαττον
1194 3864 1295 3934 τῆς
1333 3866 1399 3918 ἐκ
1431 3865 1525 3918 τοῦ
1559 3866 1875 3937 Πνεύματος

296 3954 553 4027 βοηθείας
600 3952 1126 4024 μεταλαμϐάνοντες,
1177 3956 1257 4018 εἰς
1296 3954 1358 4006 τδ
1413 3955 1739 4026 προσφέρειν
1778 3957 1875 4021 τὰς

295 4046 490 4109 θυσίας
518 4045 618 4113 τῆς
654 4045 911 4108 αἰνέσεως
944 4044 1022 4116 τῷ
1057 4044 1191 4113 Θεῷ.
1228 4044 1363 4098 Καθ’
1390 4044 1488 4097 ἕνα
1515 4046 1614 4115 μέν
1635 4041 1726 4100 οῦν
1748 4047 1874 4118 τρόο

287 4174 401 4212 πον
449 4158 620 4222 οὕτως
666 4159 907 4225 εὐσεϐῶς
954 4161 1013 4213 ἐν
1051 4161 1331 4230 Πνεύματι
1372 4160 1470 4230 τὴν
1533 4160 1885 4232 εὐχαριστίαν

286 4248 739 4320 ἀποπληροῦμεν.
790 4251 983 4304 Καίτοι
1025 4252 1119 4303 καὶ
1155 4251 1314 4304 τοῦτο
1342 4252 1441 4304 οὐκ
1471 4251 1695 4321 ἀϐαρὲς,
1725 4251 1887 4303 αὐτόν

287 4358 416 4395 τινα
449 4340 625 4411 ἐαυτῷ
666 4346 983 4414 μαρτυρεῖν,
1020 4344 1102 4396 ὅτι
1132 4342 1357 4412 Πνεῦμα
1381 4342 1515 4396 Θεοῦ
1543 4344 1600 4395 ἐν
1625 4343 1770 4414 ἐμοὶ,
1794 4344 1888 4395 καὶ⁵

288 4431 388 4487 διὰ
419 4432 517 4503 τῆς
570 4433 663 4486 ἀπ’
688 4433 850 4486 αὐτοῦ
902 4434 1123 4505 χάριτος
1162 4433 1439 4503 σοφισθεὶς
1490 4433 1747 4504 ἀναφέρω
1789 4433 1887 4504 τὴν

290 4524 477 4591 δόξαν.
547 4523 746 4596 Παύλῳ
787 4524 895 4595 γὰρ
944 4525 1225 4595 πρέπουσα
1268 4525 1302 4594 ἡ
1361 4524 1545 4594 φωνή·
1584 4521 1745 4575 Δοκῶ
1777 4523 1886 4590 γὰρ

291 4616 459 4685 κάγὼ
484 4614 728 4684 Πνεῦμα
769 4614 915 4670 Θεοῦ
954 4617 1152 4682 ἔχειν’
1182 4615 1278 4668 καὶ
1303 4614 1464 4667 πάλιν
1484 4631 1496 4644 ο
1537 4614 1656 4681 Τὴν
1688 4611 1888 4677 καλὴν

292 4705 809 4775 παρακαταθήκην
857 4706 1136 4775 φύλαξον
1183 4704 1284 4760 διὰ
1329 4705 1673 4773 Πνεύματος
1715 4704 1886 4771 ἁγίου

292 4798 404 4853 τοῦ
433 4797 815 4863 ἐνοικοῦντος
839 4797 909 4850 ἐν
937 4796 1107 4866 ἡμῖν·
1140 4796 1235 4848 καλ⁵
1261 4796 1389 4868 περὶ
1419 4795 1513 4849 τοῦ
1538 4795 1737 4865 Δανιὴλ
1761 4811 1774 4824 ⁸
1804 4794 1887 4847 ὅτι

294 4886 521 4957 Πνεῦμα
553 4886 690 4939 Θεοῦ
726 4887 880 4955 ἆγιον
920 4888 978 4939 ἐν
1001 4886 1149 4958 αὐτῷ
1173 4904 1186 4917 ο
1220 4887 1315 4941 καὶ
1350 4886 1508 4952 εἴτις
1536 4887 1764 4948 ἐκείνοις
1786 4886 1885 4956 τὴν

291 4980 504 5050 ἀρετὴν
541 4977 946 5050 παραπλήσιος.

487 5152 749 5224 Δεύτερος
781 5154 836 5208 δὲ
864 5153 1009 5218 νοῦς,
1053 5153 1173 5207 οὐδὲ
1212 5153 1373 5216 αὐτὸς
1407 5153 1711 5223 ἀπόϐλητος
1737 5168 1750 5183 ⁸
1799 5152 1884 5205 ὅτι

211 5226 225 5232 ’
291 5242 486 5311 ὥσπερ
511 5244 568 5294 ἐν
597 5241 677 5313 τῷ
706 5242 820 5313 Υίῷ
851 5244 1045 5314 ὁρᾶται
1085 5243 1113 5294 ὁ
1148 5241 1366 5312 Πατὴρ,
1411 5242 1582 5305 οὕτως
1615 5243 1643 5293 ὁ
1678 5240 1804 5304 Υἱὸς
1828 5242 1885 5294 ἐν

293 5331 377 5402 τῷ
407 5332 704 5402 Πνεύματι.
737 5334 802 5385 ’Π
839 5334 1019 5386 τοίνυν
1053 5335 1110 5387 ἐν
1139 5333 1217 5405 τῷ
1258 5333 1537 5403 Πνεύματι
1573 5331 1885 5403 προσκύνη-

295 5444 387 5489 σις
419 5426 516 5498 τὴν
550 5425 625 5489 ὼς
676 5428 733 5478 ἐν
781 5426 919 5493 φωτὶ
977 5427 1268 5497 γινομένην
1311 5427 1410 5497 τῆς
1454 5424 1689 5487 διανοίας
1730 5423 1885 5495 ήμῶν

293 5518 581 5589 ἐνέργειαν
610 5517 920 5583 ὑποϐάλλει,
944 5518 1019 5581 ὼς
1050 5521 1114 5571 ἐκ
1142 5518 1250 5572 τῶν
1273 5518 1408 5588 πρὸς
1430 5517 1528 5588 τὴν
1555 5517 1886 5587 Σαμαρεῖτιν

294 5609 603 5681 εἰρημένων
632 5608 699 5662 ἂν
740 5609 950 5679 μάθοις.
969 5610 1057 5663 Ἐν
1096 5610 1244 5680 τόπῳ
1280 5609 1389 5680 γὰρ
1418 5603 1555 5662 εἶναι
1590 5608 1686 5679 τὴν
1719 5623 1887 5676 προσ-

294 5700 526 5769 κύνησιν
551 5700 616 5753 ἐκ
658 5701 759 5770 τῆς
804 5700 1072 5773 ἐγχωρίου
1119 5700 1404 5770 συνηθείας
1449 5698 1812 5770 ὴπατημένην
1858 5699 1889 5752 ό

1228 477 1598 539 PANOPLIA
1648 478 2103 542 DOGMATICA.
2133 508 2200 519 —
2225 477 2369 543 'm.
2410 480 2540 543 xu.

3435 479 3544 546 790

1254 614 1473 685 ζητεῖτε
1512 618 1617 671 τοῦ
1646 618 1717 671 ἐν
1743 618 1870 686 ἐμοὶ

1979 619 2208 687 quaeritis
2258 620 2353 690 qui
2397 620 2629 691 loquitur
2681 623 2735 676 in
2781 639 2862 678 mc
2899 622 3097 681 Christi
3143 626 3216 680 ‘?
3286 628 3367 683 sic
3398 638 3453 684 et
3485 631 3543 686 in

1974 706 2180 776 Spiritu
2211 709 2455 781 loquitur
2487 713 2745 782 mysteria
2766 752 2781 778 ,
2816 729 2881 769 ac
2912 714 3151 786 Spiritus
3189 734 3410 775 rursum
3436 723 3533 778 .lo~

1971 802 2159 872 quitur
2188 802 2244 857 in
2276 817 2362 859 eo.

2181 893 2242 950 In
2291 895 2457 950 rebus
2514 909 2646 966 ergo
2697 893 2936 952 conditis
2995 898 3061 951 ad
3118 898 3265 954 hunc
3319 899 3545 959 modum

1973 984 2330 1042 multifariam
2377 986 2653 1058 variisque
2706 989 3014 1047 rationibus
3048 990 3250 1046 dicitur
3299 990 3547 1062 Spiritus
3600 1054 3603 1055 ν

1968 1077 2150 1136 inesse
2222 1094 2240 1134 :
2364 1092 2556 1133 verum
2601 1079 2777 1149 magis
2816 1080 2968 1150 pium
3018 1088 3103 1135 est
3144 1081 3363 1155 dicere,
3411 1098 3535 1138 eum

1971 1181 2097 1222 esse
2138 1182 2263 1222 cum
2296 1166 2459 1225 Patre
2506 1177 2561 1225 et
2602 1167 2765 1234 Filio,
2800 1186 2964 1240 quam
3009 1172 3118 1228 illis
3163 1172 3367 1229 inesse.
3402 1172 3553 1227 Nam-

1972 1259 2149 1329 gratia
2205 1259 2274 1315 ab
2305 1274 2372 1315 eo
2404 1274 2658 1327 manans,
2705 1261 2988 1317 habitante
3034 1262 3090 1316 in
3136 1264 3203 1317 iis
3253 1264 3350 1333 qui
3389 1264 3537 1332 digni

1973 1356 2124 1415 sunt,
2167 1365 2233 1404 ac
2268 1354 2401 1406 suas
2432 1351 2779 1421 operationes
2816 1352 2874 1407 in
2906 1352 3013 1408 illis
3041 1361 3353 1418 exercente,
3389 1365 3551 1411 recte

1972 1441 2176 1496 dicitur
2210 1442 2394 1499 inesse
2427 1442 2496 1497 iis
2525 1443 2621 1514 qui
2648 1454 2779 1499 sunt
2816 1444 2968 1501 illius
3002 1460 3255 1515 capaces.
3289 1446 3357 1500 At
3391 1448 3537 1503 illius

1973 1530 2334 1589 subsistentia
2380 1546 2503 1602 qua
2531 1532 2636 1586 fuit
2678 1544 2805 1589 ante
2838 1535 3061 1599 saecula,
3097 1551 3161 1592 ac
3202 1536 3545 1606 perpetuitas

1974 1636 2254 1692 nunquam
2285 1621 2531 1679 desitura
2558 1637 2684 1679 cum
2710 1622 2851 1679 F‘ilio
2888 1631 2943 1679 et
2969 1624 3135 1681 Patre
3165 1626 3535 1691 considerata,

1973 1712 2322 1781 sempiterna:
2371 1712 2787 1782 conjunctionis
2838 1715 3071 1785 requirit
3120 1717 3534 1786 appellationes.

1969 1799 2110 1856 Nam
2139 1818 2312 1859 come
2344 1806 2566 1875 proprie
2594 1819 2660 1860 ac
2685 1792 2813 1862 vere
2844 1805 3049 1861 dicitur
3071 1807 3138 1867 de
3167 1808 3258 1873 iis,
3290 1822 3411 1878 quae
3436 1809 3538 1865 sibi

1973 1893 2208 1949 invicem
2230 1895 2676 1966 inseparabiliter
2706 1897 2927 1953 adsunt.
2959 1896 3095 1951 Nam
3124 1898 3363 1953 calorem
3395 1898 3541 1954 ferro

1974 1988 2197 2057 quidem
2230 1988 2402 2059 ignita
2438 1990 2621 2046 inesse
2653 1990 2891 2047 dicimus
2920 2009 2934 2045 :
2970 2000 3028 2045 at
3068 2006 3177 2044 una
3210 1992 3371 2046 simul
3416 2007 3538 2045 cmn

1974 2078 2097 2149 ipso
2126 2079 2252 2149 igne
2280 2093 2424 2136 esse.
2455 2080 2597 2136 Item.
2617 2081 2840 2152 corpori
2868 2082 3163 2138 sanitatem
3196 2082 3377 2137 inesse
3406 2081 3541 2143 dici-

1978 2186 2121 2236 mus,
2154 2173 2321 2227 vitam
2363 2182 2547 2231 autem
2593 2176 2758 2232 simul
2783 2191 2908 2231 cum
2953 2177 3134 2232 anima
3175 2193 3317 2234 esse.
3365 2178 3543 2244 Quare

1977 2259 2072 2314 ubi
2128 2262 2350 2330 propria
2401 2270 2458 2317 et
2503 2265 2882 2320 connaturalis
2946 2276 3108 2334 atque
3157 2267 3549 2335 inseparabilis.

1978 2351 2291 2407 communio
2331 2359 2437 2417 est,
2468 2352 2587 2408 haec
2612 2368 2720 2409 vox
2764 2370 2886 2408 cum
2918 2354 3318 2426 signiﬁcantior
3349 2366 3453 2419 est,
3487 2364 3544 2410 ut

1979 2456 2101 2509 quae
2130 2443 2519 2511 inseparabilis
2548 2444 2960 2514 coniunctionis
2995 2446 3384 2515 cogitationem
3411 2463 3547 2517 sug—

1980 2543 2132 2605 gerat
2174 2534 2496 2591 intellectui.
2534 2534 2636 2590 Ubi
2675 2544 2858 2592 autem
2907 2537 3080 2606 gratia
3125 2537 3194 2592 ab
3239 2537 3360 2606 ipso
3392 2538 3552 2606 proti-

1981 2624 2218 2691 ciscens,
2250 2628 2513 2682 accedere
2558 2641 2624 2681 ac
2670 2642 2865 2682 rursus
2897 2627 3160 2683 decedere
3189 2624 3389 2698 potest,
3422 2644 3548 2697 pro-

1980 2716 2100 2788 prie
2127 2724 2184 2772 et
2215 2732 2344 2772 vere
2377 2717 2560 2773 inesse
2584 2717 2824 2783 dicitur;
2862 2719 3077 2774 etiamsi
3108 2720 3258 2773 illius
3289 2719 3465 2785 gratia
3494 2720 3548 2773 in

1982 2809 2052 2865 iis
2072 2810 2167 2881 qui
2199 2821 2549 2879 receperunt,
2576 2825 2957 2880 saepenumero
2980 2818 3204 2880 propter
3233 2809 3461 2865 aﬂ‘ectus
3491 2810 3550 2863 in

1982 2900 2127 2956 bono
2152 2902 2617 2971 perseverantiam
2648 2908 2911 2971 perpetua
2936 2910 3274 2970 permaneat.
3313 2901 3557 2965 Proinde

1983 2992 2203 3061 quoties
2232 2992 2512 3062 propriam
2546 2990 2789 3062 Spiritus
2814 2992 3134 3061 dignitatem
3169 2994 3546 3063 intelligimus,

1985 3099 2111 3140 cum
2148 3084 2309 3140 Patre
2333 3093 2387 3140 et
2415 3084 2556 3139 Filio
2588 3085 2767 3155 ipsum
2798 3085 3235 3153 contemplemur
3261 3103 3273 3139 :
3303 3085 3393 3137 ubi
3420 3099 3551 3139 vero

1984 3176 2214 3248 gratiam
2245 3177 2300 3229 in
2341 3191 2458 3240 eos,
2493 3175 2587 3245 qui
2620 3174 2768 3228 illius
2796 3180 2925 3229 sunt
2952 3172 3279 3243 participes,
3312 3163 3551 3244 Operati-

1985 3272 2095 3322 tem
2142 3277 2483 3337 reputamus,
2532 3266 2590 3320 in
2621 3266 2780 3321 nobis
2822 3280 2948 3321 esse
2996 3264 3260 3335 Spiritum
3292 3265 3546 3323 dicimus.

1985 3360 2053 3415 Et
2074 3374 2197 3429 quas
2227 3374 2259 3412 a
2287 3358 2446 3414 nobis
2469 3356 2715 3413 defertur
2739 3354 3066 3426 gloriﬁcatio
3093 3356 3149 3409 in
3182 3355 3414 3431 Spiritu,
3443 3371 3550 3409 non

1986 3451 2152 3508 habet
2195 3448 2593 3520 professionem
2642 3447 2927 3518 dignitatis
2981 3446 3152 3510 illius,
3207 3446 3302 3515 sed
3348 3452 3553 3501 nostrae

1986 3545 2233 3614 ipsorum
2270 3540 2666 3597 imbecillitatis
2696 3539 3124 3604 confessionem,
3152 3538 3281 3593 dum
3310 3537 3577 3605 ostendis

1985 3648 2112 3700 mus
2150 3646 2254 3689 nos
2287 3647 2355 3689 ex
2380 3631 2541 3687 nobis
2567 3630 2702 3700 ipsis
2731 3630 2800 3684 ad
2832 3629 3246 3700 glorificandum
3280 3628 3552 3684 sufﬁcien-

1986 3732 2070 3780 tes
2112 3739 2225 3779 non
2268 3738 2413 3787 esse,
2473 3722 2569 3779 sed
2610 3720 2986 3777 suilicientiam
3038 3727 3281 3775 nostram
3332 3734 3454 3775 esse
3498 3720 3553 3771 in

1987 3815 2196 3885 Spiritu
2231 3822 2445 3877 sancto,
2497 3813 2553 3867 in
2589 3826 2699 3882 quo
2740 3811 3114 3877 corroborati,
3150 3825 3247 3880 pro
3280 3809 3558 3871 beneficiis

1986 3906 2227 3976 acceptis
2254 3904 2364 3961 Deo
2396 3910 2592 3959 nostro
2614 3901 2817 3972 gratias
2848 3901 3184 3956 absolvimus
3203 3918 3218 3955 :
3236 3899 3391 3967 juxta
3413 3898 3559 3968 quod

1988 4009 2019 4048 a
2058 3992 2267 4049 malitia
2309 3992 2523 4063 purgati
2571 4005 2799 4055 sumus;
2846 3988 3048 4059 quippe
3098 3989 3241 4043 alius
3292 3988 3401 4042 alio
3438 3988 3560 4056 plus

1988 4095 2081 4140 aut
2110 4084 2318 4147 minus,
2361 4076 2571 4136 auxilio
2602 4079 2844 4148 Spiritus
2879 4079 3051 4146 adjuli
3099 4077 3167 4133 ad
3217 4078 3557 4133 offerendum

1988 4160 2196 4214 hostias
2246 4159 2422 4213 laudis
2467 4158 2597 4213 Deo.
2644 4158 2957 4212 Secundum
3015 4170 3183 4208 unum
3226 4154 3389 4223 igitur
3444 4170 3561 4206 mo-

1986 4251 2115 4305 dum
2152 4250 2233 4305 sic
2262 4248 2349 4319 pie
2379 4249 2681 4319 gratiarum
2713 4245 2985 4299 actionem
3020 4242 3073 4296 in
3109 4241 3316 4311 Spiritu
3351 4240 3563 4311 persol—

1985 4346 2184 4398 vimus.
2210 4342 2533 4410 Quanquam
2566 4346 2619 4392 et
2649 4337 2755 4390 hoc
2788 4334 2992 4390 invidia
3022 4349 3130 4387 non
3158 4341 3331 4393 caret,
3370 4338 3428 4384 ut
3462 4330 3533 4383 ali
3559 4360 3565 4367 -

1984 4436 2111 4505 quis
2140 4434 2207 4488 de
2242 4433 2428 4501 scipso
2470 4429 2814 4492 testificetur,
2852 4426 3109 4496 dicatque
3144 4445 3157 4480 :
3198 4423 3440 4495 Spiritus
3470 4421 3563 4476 Dei

1984 4522 2041 4576 in
2075 4536 2161 4575 me
2191 4527 2296 4584 est,
2327 4528 2382 4575 et
2420 4534 2514 4590 per
2552 4517 2781 4589 gratiam
2812 4515 2961 4571 illius
3002 4515 3221 4585 sapiens
3251 4515 3431 4568 factus
3473 4528 3562 4565 rc-

1919 4593 1961 4646 Ῐ)
1984 4613 2101 4668 fero
2135 4612 2387 4685 gloriam.
2419 4609 2557 4665 Nam
2588 4611 2705 4665 haec
2736 4625 2839 4664 vox
2872 4606 3105 4662 Paulum
3135 4607 3290 4661 decet
3319 4624 3333 4659 :
3375 4605 3564 4658 Videor

1983 4715 2033 4760 et
2073 4705 2206 4758 mihi
2252 4702 2517 4774 Spiritum
2563 4701 2661 4756 Dei
2711 4698 2901 4754 habere
2939 4704 3003 4767 ¹;
3036 4707 3090 4753 et
3127 4711 3355 4760 rursus,
3402 4693 3564 4764 Egre‘

1983 4798 2129 4868 gium
2160 4797 2459 4866 depositum
2491 4809 2645 4849 serva
2672 4808 2765 4864 per
2792 4790 3055 4863 Spiritum
3086 4796 3329 4843 sanctum
3356 4786 3444 4856 qui
3474 4786 3562 4838 ha-

1989 4889 2127 4942 bitat
2177 4889 2233 4943 in
2274 4886 2425 4941 nobis
2470 4888 2514 4941 ³.
2544 4883 2679 4941 Item
2716 4882 2784 4937 de
2813 4880 3041 4935 Daniele
3066 4877 3302 4948 legimus
3344 4884 3389 4939 ⁸,
3421 4877 3573 4948 quod

1986 4978 2229 5049 Spiritus
2263 4976 2358 5032 Dei
2402 4984 2629 5032 sanctus
2670 4972 2835 5029 fuerit
2873 4972 2929 5025 in
2960 4984 3058 5033 eo;
3112 4975 3167 5023 et
3212 4967 3261 5027 si
3307 4967 3433 5039 quis
3460 4966 3570 5025 illis

1986 5069 2250 5125 assimilis
2282 5068 2353 5123 sit
2385 5066 2608 5121 virtute.

2187 5160 2336 5213 Alter
2388 5166 2572 5211 autem
2624 5152 2940 5209 intellectus
2984 5160 3092 5217 est,
3126 5166 3227 5206 nec
3264 5150 3384 5223 ipse
3432 5150 3568 5222 reji-

1985 5247 2236 5314 ciendus,
2284 5245 2429 5317 quod
2479 5245 2624 5299 sicut
2677 5244 2733 5297 in
2783 5239 2925 5296 Filio
2968 5240 3212 5297 cernitur
3260 5239 3444 5303 Pater,
3489 5239 3568 5293 sic

1986 5337 2160 5393 Filius
2194 5336 2440 5391 cernitur
2475 5335 2529 5388 in
2563 5332 2794 5405 Spiritu.
2830 5330 3017 5402 Itaque
3056 5330 3305 5385 adoratio
3332 5343 3454 5398 qua
3497 5329 3569 5383 sit

1987 5430 2042 5483 in
2075 5428 2305 5500 Spiritu,
2354 5424 2552 5479 mentis
2590 5430 2793 5478 nostra:
2836 5420 3207 5492 operationem
3258 5425 3318 5471 nt
3353 5416 3408 5471 in
3448 5415 3569 5471 luce

1990 5522 2191 5576 factam
2231 5519 2459 5585 indicat,
2489 5526 2550 5572 ut
2581 5517 2795 5577 discere
2831 5516 2959 5569 licet
2986 5528 3053 5568 ex
3082 5510 3149 5566 iis
3179 5525 3299 5581 qum
3325 5506 3571 5563 Samari-

1990 5621 2132 5668 tana:
2160 5611 2308 5667 dicta
2334 5618 2482 5667 sunt.
2516 5608 2653 5663 Nam
2678 5623 2803 5663 cum
2835 5606 2927 5661 illa
2956 5600 3359 5659 consuetudine
3390 5599 3570 5672 regio-

1988 5705 2077 5760 nis
2104 5704 2331 5773 decepta
2372 5701 2718 5759 existimaret
2750 5700 2809 5755 in
2842 5697 2963 5754 loco
3000 5709 3126 5753 esse
3156 5693 3578 5758 adoratinnem;

386 5920 403 5948 ⁵
442 5914 487 5972 ll
517 5918 639 5974 Cor.
679 5936 790 5987 xm,
826 5922 881 5977 5.
960 5924 981 5955 ⁸
1018 5920 1039 5976 l
1072 5921 1197 5980 Cor.
1228 5940 1320 5992 \‘ll,
1348 5923 1434 5980 40.
1514 5925 1534 5956 ³
1568 5924 1611 5981 11
1646 5920 1792 5981 Tim;
1817 5876 1856 5991 ι’,

2052 5928 2072 5959 ⁸
2103 5924 2238 5984 Dan.
2275 5943 2327 5981 ν.
2358 5925 2445 5980 ιι.
