4070 6290
460 407 569 470 793

1382 410 1755 472 PANOPLiA
1802 412 2253 476 DfiiiMATICA.
2295 440 2362 455 -
2401 416 2550 477 TIT.
2595 417 2737 479 XII.

3609 421 3714 484 794

452 552 695 617 ἐδίδαξεν
721 553 866 623 ἡμᾶς
897 552 1163 622 γράμμα;
1213 551 1294 604 Τὰ
1320 550 1417 619 τῆς
1452 547 1789 616 ἐπικλήσεως
1823 549 2039 618 ῥήματα

2158 555 2324 608 Ιοιειιίι
2351 554 2671 623 Scriptura?
2700 552 3069 609 lnvocationis
3091 552 3259 609 verba
3276 567 3402 607 cum
3420 553 3715 607 conﬁcitur

452 645 548 697 ἐπὶ
577 647 644 715 τῇ
672 644 939 709 ἀναδείξει
1105 644 1199 694 τοῦ
1239 643 1402 711 ἄρτου
1431 641 1529 711 τῆς
1551 640 1916 711 Εὐχαριστίας
1948 641 2041 693 καὶ

450 740 548 794 τοῦ
584 739 844 809 ποτηρίου
874 738 972 807 τῆς
1013 735 1263 804 εὐλογίας
1294 737 1378 798 τίς
1414 735 1529 788 τῶν
1554 735 1723 803 ἁγίων
1749 733 2042 803 ἐγγράφως

453 835 590 903 ἡμῖν
629 830 1048 891 καταλίλοιπενς
1085 829 1158 882 Oti
1201 828 1313 899 γὰρ
1351 828 1414 899 δὴ
1448 826 1657 889 τούτοις
1701 823 2041 897 ἀρκούμεθα,

452 919 531 977 ὧν
569 923 598 977 ὁ
634 919 1009 990 ’Δττόστολοςῆ
1048 918 1109 971 τὸ
1154 920 1485 988 Εὐαγγέλιω
1526 916 1867 988 ἐπεμνήσθη,
1910 915 2045 968 ἀλλά

452 1014 550 1066 καὶ
580 1011 916 1083 προλέγομεν
962 1010 1053 1062 καὶ
1095 1009 1423 1079 ὲπιλέγομεν
1455 1009 1637 1080 ἕτερα,
1680 1008 1756 1071 ὠς
1802 1007 2044 1078 μεγάλην

453 1105 649 1175 ἔχοντα
677 1102 812 1174 πρὸς
830 1101 892 1154 τὸ
922 1103 1221 1172 μυστήριον
1239 1101 1335 1171 τὴν
1372 1102 1546 1170 ἰσχὺν,
1578 1102 1642 1153 ὲκ
1670 1100 1767 1170 τῆς
1796 1099 2043 1169 ἀγράφου

452 1193 802 1257 διδασκαλίας
829 1192 1252 1263 παραλαϐόντες.
1278 1190 1619 1261 Εὑλογοῦμεν
1644 1190 1701 1243 δὲ
1729 1189 1791 1242 τό
1812 1206 1871 1241 τε
1902 1187 2045 1258 ὕδωρ

454 1285 553 1338 τοῦ
586 1285 984 1354 βαπτίσματος,
1035 1283 1130 1335 καὶ
1186 1282 1244 1336 τὸ
1282 1283 1457 1336 ἔλαιον
1505 1282 1604 1352 τῆς
1656 1281 1918 1351 χρίσεως,
1952 1279 2045 1334 καὶ

458 1377 685 1448 προσέτι
711 1376 871 1430 αὑτὸν
896 1375 987 1429 τὸν
1022 1374 1435 1445 βαπτιζόμενον.
1478 1373 1613 1427 Ἀπὸ
1638 1373 1809 1426 ποίων
1842 1371 2046 1444 ἐγγρά-

458 1488 615 1540 φων;
648 1470 763 1522 Οὐκ
796 1469 902 1522 ἀπὸ
928 1469 1026 1539 τῆς
1056 1467 1417 1539 σιωπωμένης
1450 1466 1544 1520 καὶ
1577 1466 1844 1538 μυστικῆς
1870 1480 2049 1537 παρα-

456 1562 693 1626 δόσεως;
723 1561 787 1613 Τί
814 1562 909 1628 δέ;
938 1559 1108 1632 αὐτὴν
1188 1546 1209 1557 ί
1292 1557 1389 1613 τοῦ
1415 1557 1597 1612 ἐλαίου
1620 1548 1731 1628 τὴνῖ
1757 1556 1939 1629 χρίσιν
1963 1558 2045 1621 τίς

455 1653 617 1721 λόγος
642 1654 1024 1724 γεγραμμένος
1052 1649 1253 1712 δδίδαξε
1282 1669 1296 1683 ο
1332 1649 1405 1704 Τό
1435 1651 1491 1704 δὲ
1531 1650 1652 1721 τρὶς
1688 1649 2046 1719 βαπτίζεσθαι

455 1745 552 1797 τὸν
576 1742 860 1814 ἄνθρωπον
892 1742 1052 1796 πόθεν
1073 1760 1090 1810 ;
1114 1742 1284 1793 Ἀλλα
1308 1741 1363 1795 δὲ
1387 1741 1486 1794 ὅσα
1510 1740 1637 1809 περὶ
1657 1740 1717 1793 τὸ
1742 1738 2044 1809 βάπτισμα,

458 1832 865 1888 ἀποτάσσεσθαι
887 1840 965 1900 τῳ
993 1832 1203 1902 Σατανᾷ
1236 1831 1330 1883 καὶ
1353 1834 1466 1894 τοῖς
1489 1830 1740 1900 ἀγγέλοις
1761 1829 1951 1893 αὐτοῦ,
1981 1830 2047 1884 ἐκ
2073 1868 2115 1924 Β

461 1924 624 1986 ποίας
657 1923 773 1976 ἐστὶ
798 1924 1009 1993 γραφῆς
1034 1939 1048 1985 ;
1082 1922 1196 1975 Οὐκ
1220 1922 1287 1975 ὲκ
1310 1924 1410 1995 τῆς
1428 1922 1823 1994 ἀδημοσιεύτου
1845 1922 2047 1992 ταύτης

460 2014 560 2067 καὶ
592 2016 905 2086 ἀπορρήτου
930 2014 1299 2079 διδασκαλίας,
1322 2016 1389 2086 ἢν
1412 2016 1471 2068 ἐν
1499 2014 2045 2085 ἀπολυπραγμονήτῳ

461 2106 559 2159 καὶ
589 2104 1021 2176 ἀπεριεργάστῳη
1184 2108 1308 2177 σιγῇ
1357 2108 1408 2160 οἱ
1451 2107 1683 2178 πατέρες
1720 2106 1877 2178 ἡμῶν
1917 2105 2049 2175 ἐφύ-

460 2186 648 2250 λαξαν,
683 2187 862 2250 καλῶς
913 2190 1093 2243 ἐκεῖνο
1133 2190 1525 2261 δεδιδαγμένοι,
1573 2192 1687 2245 τῶν
1730 2193 2049 2265 μυστηρίων

455 2278 521 2331 τὸ
571 2279 769 2349 σεμνὸν
979 2284 1158 2352 σιωπῇ
1210 2280 1609 2349 διασώζεσθαι;
1652 2287 1720 2339 ’Δ
1770 2284 1881 2355 γὰρ
1928 2285 2049 2339 οὐδὲ

457 2370 785 2424 ἐποπτεύειν
814 2369 994 2436 ἔξεστι
1031 2374 1145 2436 τοῖς
1173 2374 1464 2446 ἀμυήτοις,
1499 2374 1706 2430 τούτων
1742 2376 1861 2439 πῶς
1887 2375 1955 2431 ἂν
1982 2371 2051 2447 ἦν

459 2460 612 2523 εἰκὸς
642 2459 743 2533 τὴν
770 2461 1116 2518 διδασκαλίαν
1144 2464 1567 2537 ὲκοριαμϐεύειν
1601 2468 1661 2520 ἐν
1689 2467 2049 2539 γράμμασινς

460 2549 501 2621 ἢ
526 2550 723 2604 τίποτε
751 2552 1074 2624 βουλόμενος
1099 2558 1127 2608 ὁ
1161 2556 1336 2626 μέγας
1379 2558 1644 2628 Μωῦσῆς,
1682 2559 1744 2611 οὐ
1779 2559 1912 2611 πᾶσι
1957 2557 2054 2627 βά-

465 2658 603 2716 σιμα
628 2638 768 2702 εἶναι
799 2643 873 2700 τά
901 2644 997 2700 τοῦ
1028 2646 1174 2719 ἱεροῦ
1205 2647 1383 2701 πάντα
1430 2649 1763 2719 πεποίηκεν;
1809 2648 1922 2702 ἀλλ’
1948 2646 2055 2713 ἐξω

464 2738 567 2810 μὲν
594 2739 764 2808 ἁγίων
796 2739 994 2811 ἔστησε
1040 2738 1342 2811 περιϐόλων
1368 2741 1494 2805 τοὺς
1545 2740 1826 2811 βεὸήλους,
1860 2740 1959 2803 τάς
1997 2740 2055 2793 δὲ

460 2827 686 2898 πρώτας
707 2829 876 2894 αὐλὰς
898 2833 1012 2894 τοῖς
1042 2831 1449 2904 καθαρωτέροις
1476 2834 1651 2900 ἀνεὶς,
1667 2834 1795 2896 τοὺς
1823 2834 2055 2898 Λευῖτας

466 2922 667 2994 μόνους
698 2924 882 2989 ἀξίους
909 2924 1093 2995 ἔκρινε
1126 2924 1220 2977 τοῦ
1251 2924 1396 2978 θείου
1434 2924 1777 2996 θεραπευτάς
1802 2942 1815 2955 ⁸
1850 2925 2057 2995 σφάγια

461 3014 555 3078 δὲ,
604 3015 697 3067 καὶ
748 3013 1161 3082 ὁλοκαυτώσεις,
1213 3017 1308 3069 καὶ
1362 3015 1459 3086 τὴν
1503 3017 1696 3087 λοιπὴν
1748 3018 2056 3090 ἱερουργίαν

462 3107 581 3170 τοῖς
613 3104 851 3176 ἱερεῦσιν
885 3105 1306 3177 ἀποκληρώσας,
1339 3105 1433 3159 ἕνα
1461 3107 1570 3160 τῶν
1612 3108 1827 3162 πάντων
1871 3108 2057 3179 ἐκκρι-

463 3214 563 3252 τον

466 3292 560 3347 διὰ
594 3292 817 3357 παντὸς,
842 3292 979 3347 ἀλλά
1006 3293 1150 3346 κατά
1182 3292 1309 3364 μίαν
1333 3293 1501 3364 μόνην
1527 3293 1618 3346 τοῦ
1645 3294 1894 3348 ἐνιαυτοῦ
1924 3293 2061 3365 ἡμέ-

474 3402 597 3457 ραν,
630 3385 720 3438 καὶ
744 3385 947 3456 ταύτης
971 3384 1121 3456 ὥραν
1153 3386 1357 3455 τακτὴν
1398 3387 1667 3457 είσιτητὸν
1712 3385 1861 3457 αύτῷ
1889 3404 2061 3441 κατα-

473 3479 700 3548 στήσας,
722 3478 863 3532 ὦστε
888 3478 975 3532 διὰ
991 3477 1052 3531 τὸ
1076 3477 1485 3548 ἀπεξενωμένον
1514 3479 1797 3549 καὶιάηθες
1823 3478 2063 3549 Θαμὸού-

478 3586 639 3638 μενον
673 3568 994 3622 ἐποπτεύειν
1029 3571 1098 3622 τά
1116 3568 1282 3638 Ἀγια
1314 3568 1420 3622 τῶν
1454 3569 1643 3636 ἀγίωψ
1675 3565 1735 3623 εὖ
1770 3570 1925 3633 εἰδὼς
1959 3569 2064 3623 ὑπὸ

476 3660 671 3729 σοφίας
697 3658 774 3729 τῷ
809 3659 908 3729 μὲν
941 3658 1313 3730 πεπατημένῳ
1344 3660 1437 3712 καὶ
1462 3658 1686 3713 αὐτόθεν
1715 3658 1906 3729 ληπτῷ
1930 3659 2062 3732 πρό-

474 3766 661 3819 χειρον
675 3745 841 3801 οὖσαν
865 3748 964 3819 τὴν
986 3748 1413 3819 καταφρόνησιν,
1432 3747 1510 3818 τῷ
1532 3748 1588 3800 δὲ
1615 3747 2063 3819 ἀνακεχωρηκότι

477 3842 574 3895 καὶ
620 3842 830 3911 σπανίῳ
859 3839 1106 3910 φυσικῶς
1157 3856 1275 3903 πως
1324 3839 1768 3910 παρεζευγμένον
1808 3840 1869 3892 τὸ
1908 3857 2067 3910 περι-

478 3933 833 3988 σπούδαστον.
861 3932 1017 3986 Κατά
1039 3931 1132 3984 τὸν
1154 3929 1320 3985 αὐτὸν
1342 3931 1406 4001 δὴ
1432 3932 1633 4002 τρόπον
1657 3933 1752 3984 καὶ
1772 3933 1825 3984 oi
1849 3930 1918 3983 τὰ
1940 3930 2068 4001 περὶ

477 4027 580 4091 τὰς
604 4024 932 4096 Ἐκκλησίας
1079 4023 1316 4095 ὲξαρχῆς
1328 4022 1922 4094 διαθεσμοθετήσαντες
1941 4022 2070 4075 ἀπό-

481 4119 662 4172 στολοι
688 4118 784 4171 καὶ
801 4116 1045 4187 Πατέρες
1073 4117 1129 4168 ὲν
1156 4115 1235 4185 τῷ
1260 4116 1634 4186 κεκρυμμένῳ
1659 4115 1754 4167 καλ⁵
1775 4112 2068 4184 ἀφθέγκτῳ

478 4210 542 4264 τὸ
577 4209 772 4279 σεμνὸν
794 4210 908 4271 τοῖς
931 4205 1251 4278 μυστηρίοις
1277 4206 1600 4275 ἐφύλασσον.
1633 4205 1768 4257 Οὐδὲ
1795 4205 1904 4276 γὰρ
1932 4204 2069 4267 ὃλως

484 4301 780 4371 μυστήριον
810 4298 875 4351 τὸ
912 4301 990 4360 εἰς
1022 4297 1120 4369 τὴν
1148 4297 1370 4369 δημώδη
1408 4298 1501 4351 καὶ
1543 4296 1757 4351 εἰκαίαν
1788 4296 1955 4367 ἀκοὴν
1982 4295 2071 4347 ἐκ,

481 4408 668 4463 φορον.
707 4386 875 4453 Οὗτος
917 4392 946 4443 ὁ
987 4390 1142 4458 λόγος
1192 4390 1293 4459 τῆς
1344 4390 1469 4447 τῶν-
1508 4390 1773 4461 ἀγράφων
1831 4388 2069 4459 παραδό-

485 4500 646 4547 σεως,
672 4483 746 4543 ὡς
779 4482 852 4553 μὴ
882 4482 1354 4554 καταμεληθεῖσαν
1526 4482 1636 4536 τῶν
1658 4482 1946 4553 δογμάτων
1971 4480 2073 4552 τὴν

484 4571 690 4643 γνῶσιν
737 4573 1215 4646 εὐκαταφρόνητον
1262 4577 1375 4637 τοῖς
1422 4574 1639 4636 πολλοῖς
1685 4573 1939 4641 γενέσθαι
1984 4572 2073 4627 διὰ

485 4666 798 4736 συνήθειαν.
840 4666 1001 4719 Ἀλλο
1024 4667 1133 4737 γὰρ
1155 4667 1354 4737 δόγμα,
1393 4666 1487 4719 καὶ
1519 4666 1646 4719 ἄλλο
1674 4666 1941 4736 κήρυγμα
1998 4664 2073 4717 Τὸ

490 4757 593 4828 μὲν
626 4757 735 4829 γὰρ
768 4760 1037 4812 σιωπᾶται
1075 4795 1092 4822 ,
1238 4759 1305 4813 τὰ
1350 4758 1408 4811 δὲ
1447 4758 1778 4829 κηρύγματα
1975 4756 2072 4827 δη-

490 4849 821 4920 μοσιεύεται.
854 4850 1073 4920 Σιωπῆς
1104 4849 1158 4902 δὲ
1184 4844 1324 4913 εἶδος
1350 4850 1500 4921 καὶὴ
1525 4849 1787 4919 ἀσάφεια,
1874 4847 2075 4917 κέχρη-

486 4954 584 4995 ται
628 4942 660 5009 ἡ
720 4940 949 5011 Γραφὴ,
996 4939 1369 5012 δυσθεώρητον
1418 4941 1911 5004 κατασκευάζουσα
1964 4940 2073 4995 τῶν

488 5032 777 5102 δογμάτων
809 5035 899 5087 τὸν
930 5033 1056 5087 νοῦν
1087 5034 1224 5105 πρὸς
1262 5035 1323 5087 τὸ
1369 5035 1479 5089 τῶν
1509 5035 1948 5105 ἐντυγχανόντων
1984 5033 2077 5086 λυ·

492 5124 705 5188 σιτελὲς
757 5125 959 5179 Τούτου
990 5126 1149 5196 χάριν
1181 5125 1385 5189 πάντες
1421 5126 1521 5196 μὲν
1554 5126 1771 5198 ὁρῶμεν
1800 5126 1923 5179 κατ’
1948 5125 2078 5177 ἀνα-

492 5218 655 5281 τολὰς
684 5219 776 5271 ὲπὶ
802 5220 912 5271 τῶν
962 5218 1309 5291 προσευχῶν·
1342 5218 1512 5288 ὀλίγοι
1550 5220 1606 5272 δὲ
1654 5221 1833 5290 ἴσμεν,
1865 5219 1947 5272 ὅτι
1978 5216 2077 5287 τὴν

497 5321 740 5393 ἀρχαίαν
770 5315 1137 5385 ἐπιζητοῦμεν
1171 5312 1428 5382 πατρίδα,
1479 5309 1572 5362 τὸν
1606 5308 1965 5380 παράδεισον,
2012 5305 2073 5361 ὃν

497 5415 797 5482 ἐφύτευσεν
847 5412 875 5463 ό
907 5410 1039 5472 Θεὸς
1092 5405 1336 5476 ἑνἘδδμ
1388 5404 1507 5455 κατ’
1554 5400 1839 5464 ἀνατολάς.
1881 5397 2070 5467 ’0ροοὶ

502 5505 608 5574 μὲν
636 5501 954 5570 π).ηροῦμεν
983 5499 1079 5563 τὰς
1115 5498 1279 5569 εὐχὰς
1310 5498 1365 5547 ὲν
1394 5496 1461 5563 τῇ
1502 5494 1603 5564 μιᾷ
1628 5490 1725 5544 τοῦ
1758 5491 2067 5545 Σαῦϐἀτουο

503 5596 601 5649 trav
629 5594 685 5645 δὲ
716 5593 873 5659 λόγον
910 5592 972 5643 οὐ
1001 5594 1202 5651 πάντες
1257 5587 1505 5655 οἴδαμεν.
1551 5586 1624 5637 03
1656 5583 1762 5653 γὰρ
1810 5582 1969 5651 μόνον
1999 5581 2074 5644 ὡς

504 5684 938 5747 συναναστάντες
953 5680 1191 5753 Χριστῷ,
1215 5680 1304 5732 καὶ
1324 5679 1393 5731 τά
1409 5678 1523 5732 ἀνω
1543 5678 1727 5747 ςητείν
1746 5676 2079 5747 ὀφείλοντες,

2139 649 2298 719 panis
2470 646 2830 702 Eueiiaristia:
2875 653 2929 699 et
2986 646 3245 714 poculum
3287 643 3712 708 benedictionis,

2140 740 2263 809 quis
2285 746 2606 794 sanctorum
2640 740 2695 790 in
2726 736 2934 806 scripto
2965 737 3125 792 nobis
3145 737 3394 807 reliquit?
3430 736 3539 791 Nec
3565 737 3711 791 enim

2140 830 2224 885 liis
2270 829 2513 883 contenti
2549 844 2764 895 sumus,
2802 844 2925 898 qua:
2976 839 3371 884 commemorat
3412 830 3712 898 Apostolus

2138 934 2231 976 aut
2268 922 2643 992 Evangelium,
2674 937 2863 976 verum
2894 921 3000 974 alia
3031 937 3251 992 quoque
3271 930 3324 976 et
3352 932 3477 977 ante
3506 933 3560 976 et
3590 928 3715 991 post

2137 1013 2397 1078 dicimus,
2450 1020 2712 1081 tanquam
2761 1013 2993 1066 multum
3030 1012 3286 1067 habentia
3338 1015 3601 1067 momenti
3644 1010 3715 1067 ad

2137 1103 2486 1174 mysterium,
2520 1118 2642 1171 qua:
2665 1117 2734 1156 ex
2766 1102 3066 1157 traditione
3108 1118 3218 1156 non
3256 1104 3464 1172 scripta
3498 1101 3717 1173 accepi-

2137 1211 2283 1251 mus.
2318 1195 2707 1251 Benedicimus
2736 1204 2919 1251 autem
2950 1205 3004 1252 et
3038 1211 3236 1267 aquam
3268 1197 3635 1266 baptismatis,
3660 1203 3717 1252 et

2138 1285 2317 1342 oleum
2361 1286 2661 1349 unctionis,
2700 1287 2809 1341 imo
2837 1288 3015 1357 ipsum
3044 1289 3211 1343 etiam
3251 1287 3344 1357 qui
3383 1288 3714 1357 baptismum

2141 1377 2358 1445 accipit.
2395 1375 2471 1431 Ex
2508 1377 2710 1446 quibus
2738 1377 2999 1447 scriptis?
3034 1376 3230 1432 Nonne
3266 1393 3296 1430 a
3327 1379 3490 1432 tacita
3533 1393 3717 1433 secre-

2141 1475 2304 1538 taque
2339 1468 2673 1524 traditione?
2706 1468 2886 1539 ipsam
2922 1484 3049 1524 vero
3077 1469 3182 1523 olei
3211 1469 3554 1531 unctionem,
3588 1469 3717 1538 quis

2140 1575 2323 1616 sermo
2372 1562 2578 1631 scripto
2608 1561 2857 1630 proditus
2906 1559 3134 1615 docuit?
3164 1557 3284 1613 Jam
3338 1567 3419 1613 ter
3468 1558 3717 1628 immersi

2142 1651 2440 1716 hominem,
2473 1652 2618 1707 unde
2649 1651 2943 1707 haustum?
2975 1650 3203 1720 Reliqua
3233 1658 3412 1705 autem
3437 1665 3559 1718 qua:
3583 1650 3721 1703 ﬁunt

2142 1742 2200 1797 in
2245 1742 2541 1812 baptismo,
2574 1742 2739 1797 veluti
2786 1742 3105 1797 renuntiare
3151 1740 3369 1795 Satanae
3421 1749 3476 1795 et
3508 1740 3720 1810 angelis

2141 1833 2281 1902 ejus,
2313 1850 2382 1888 ex
2405 1849 2513 1902 qua
2537 1834 2814 1901 scripturi
2841 1831 3151 1886 habemus?
3180 1830 3373 1886 Nonne
3403 1847 3469 1886 ex
3496 1831 3720 1885 minime

2142 1924 2423 1995 publicata
2452 1932 2507 1979 et
2535 1938 2737 1979 arcana
2760 1932 2863 1979 hac
2895 1924 3171 1987 doctrina,
3204 1938 3368 1993 quam
3407 1930 3592 1994 patres
3620 1936 3723 1976 no-

2144 2015 2243 2072 stri
2282 2016 2499 2071 silentio
2528 2015 2717 2085 quieto
2752 2016 3086 2085 minimeque
3116 2016 3340 2070 curioso
3394 2013 3723 2070 servarunt?

2143 2107 2356 2177 Quippe
2394 2108 2528 2162 illud
2563 2108 2732 2177 probe
2769 2108 3094 2173 didicerant,
3147 2109 3532 2180 mysteriorum
3567 2121 3719 2161 reve-

2150 2198 2385 2251 rentiam
2415 2198 2637 2253 silentio
2662 2199 3017 2253 conservari.
3046 2198 3182 2252 Nam
3213 2214 3345 2268 qure-
3386 2212 3489 2252 nec
3523 2197 3722 2252 intueri

2149 2283 2241 2341 fas
2262 2294 2348 2342 est
2392 2304 2504 2343 non
2556 2288 2806 2355 initiatis,
2840 2289 2935 2359 qui
2985 2290 3359 2344 conveniebat
3391 2288 3589 2343 horum
3629 2287 3729 2342 do-

2149 2379 2389 2435 ctrinam
2422 2380 2647 2450 scriptis
2671 2381 2927 2451 vulgari?
2951 2388 3043 2435 aut
3073 2381 3209 2451 quid
3238 2380 3461 2437 tandem
3493 2378 3600 2435 sibi
3630 2394 3729 2436 vc-

2150 2472 2253 2531 luit
2284 2487 2516 2542 magnus
2550 2473 2651 2528 ille
2680 2472 2920 2544 Moyses,
2947 2475 3039 2543 qui
3076 2488 3183 2527 non
3208 2474 3391 2529 omnia
3418 2489 3545 2544 quae
3570 2480 3730 2529 erant

2153 2565 2209 2620 in
2271 2565 2479 2635 templo
2540 2579 2736 2633 passus
2783 2565 2857 2620 sit
2924 2565 3182 2620 omnibus
3250 2580 3377 2620 esse
3435 2566 3620 2634 pervia
3670 2565 3733 2619 ’Ἰ

2153 2654 2267 2710 sed
2296 2653 2556 2724 profanos
2605 2665 2761 2709 extra
2812 2668 3006 2709 sacros
3055 2654 3330 2709 cancellos
3384 2654 3615 2714 statuit;
3666 2667 3733 2706 ae

2153 2744 2591 2814 priora'quidem
2621 2745 2763 2797 atria
2794 2742 3111 2814 purioribus
3133 2744 3489 2813 permittens,
3512 2741 3733 2797 Levitas

2152 2837 2303 2891 solos
2331 2835 2525 2906 dignos
2552 2836 2766 2891 censuit
2797 2835 3044 2890 numinis
3084 2834 3392 2889 ministerio
3427 2840 3447 2868 '
3484 2851 3498 2890 :
3525 2840 3735 2887 macta-

2154 2927 2336 2981 tiones
2383 2934 2567 2981 autem
2623 2925 3239 2994 hoiocautomatumque
3287 2924 3631 2989 oblationes,
3679 2927 3735 2977 et

2156 3018 2377 3087 reliqua
2398 3030 2525 3089 quae
2552 3017 2629 3072 ad
2651 3032 2764 3072 rem
2800 3031 3014 3073 sacram
3050 3019 3326 3085 pertinent
3352 3013 3735 3071 sacerdotibus

2158 3109 2465 3183 assignavit
2503 3113 2566 3176 ³;
2605 3117 2775 3180 atque
2793 3122 2962 3163 unum
2995 3122 3061 3162 ex
3093 3107 3351 3162 omnibus
3385 3106 3651 3162 seieetum
3680 3104 3746 3159 iit

743 3201 823 3263 είς
852 3199 921 3254 τά
952 3200 1123 3253 ἄδυτα
1154 3200 1553 3272 παραδέχεται·
1600 3202 1695 3255 καὶ
1719 3201 1841 3255 οὐδὲ
1870 3200 2058 3256 τοῦτον

2159 3197 2321 3269 adyta
2364 3196 2681 3262 admisit",
2713 3204 2768 3252 et
2814 3212 2883 3252 ne
2914 3197 3063 3251 hunc
3101 3195 3323 3266 quidem
3354 3209 3594 3265 semper,
3637 3191 3738 3248 sed

2159 3304 2272 3345 uno
2313 3296 2526 3346 tantum
2573 3289 2663 3346 die
2712 3290 3052 3358 quotannis:
3105 3288 3239 3359 quin
3292 3295 3350 3344 et
3422 3286 3589 3357 hujus
3631 3284 3741 3340 diei

2159 3390 2370 3439 certam
2420 3382 2615 3437 horam
2664 3398 2772 3454 qua
2821 3381 2903 3438 fas
2954 3390 3102 3437 esset
3135 3380 3371 3451 ingredi,
3419 3378 3740 3450 praestituit,

2162 3491 2274 3545 quo
2320 3482 2546 3544 propter
2566 3476 2883 3529 .novitatem
2932 3478 2986 3528 et
3016 3472 3395 3539 insolentiam,
3440 3486 3567 3526 cum
3615 3477 3739 3526 stu-

2164 3582 2297 3636 pore
2322 3567 2635 3623 iutueretur
2666 3565 2867 3621 Sancta
2898 3571 3218 3620 sanctorum
3259 3571 3279 3602 ι
3314 3563 3525 3634 :probe
3560 3560 3745 3617 sciens

2166 3674 2266 3730 pro
2305 3673 2403 3714 sua
2447 3658 2740 3729 sapientia,
2777 3673 2868 3713 res
2913 3671 3017 3711 usu
3052 3655 3211 3710 tritas
3241 3664 3295 3710 et
3324 3670 3390 3710 ex
3438 3667 3500 3709 se
3530 3650 3745 3713 obvias,

2164 3749 2448 3819 expositas
2477 3765 2602 3807 esse
2637 3748 2979 3817 contemptui
3008 3765 3022 3802 :
3056 3748 3224 3802 rebus
3266 3760 3398 3800 vero
3432 3759 3555 3814 qua:
3588 3756 3751 3811 sepo-

2166 3841 2284 3895 sita;
2323 3849 2453 3896 sunt
2494 3855 2557 3893 ac
2603 3853 2741 3893 rarae
2798 3837 3204 3908 quodammodo
3254 3835 3582 3890 naturaliter
3622 3846 3756 3888 con-

2161 3932 2411 4001 junctam
2440 3946 2563 3987 esse
2609 3942 2881 3986 summam
2931 3929 3350 3984 admirationem
3385 3941 3449 3980 ac
3478 3924 3747 3980 studium.

2170 4023 2249 4076 Ad
2291 4022 2544 4077 eumdem
2574 4020 2826 4091 profecto
2854 4022 3102 4084 modum,
3142 4027 3195 4074 ct
3227 4017 3323 4089 qui
3373 4016 3531 4071 initio
3562 4023 3751 4071 certos

2168 4116 2610 4172 Ecclesiaawitus
2649 4114 3115 4184 praescripserunt
3159 4109 3397 4180 apostoli
3446 4115 3500 4163 et
3535 4106 3752 4170 Patres,

2169 4210 2225 4263 in
2280 4208 2502 4263 occulto
2549 4205 2882 4275 silentioque
2934 4203 3214 4270 mysteriis
3256 4215 3411 4256 suam
3461 4211 3756 4253 servavere

2169 4303 2515 4373 dignitatem.
2567 4298 2755 4368 Neque
2808 4298 2955 4353 enim
3001 4296 3228 4350 omnino
3283 4291 3604 4363 mysterium
3648 4296 3755 4355 est,

2168 4393 2320 4465 quod
2385 4393 2453 4448 ad
2515 4393 2810 4462 populares
2865 4404 2930 4443 ac
2985 4386 3244 4459 vulgares
3289 4400 3452 4440 aures
3508 4381 3755 4438 citet-tur.

2172 4487 2297 4541 H350
2343 4490 2429 4541 est
2456 4484 2619 4546 ratio,
2672 4497 2773 4537 cur
2801 4480 3051 4553 qnazdam
3105 4480 3244 4534 citra
3287 4478 3550 4546 scriptum
3585 4471 3763 4527 tradi-

2173 4589 2227 4635 ta
2268 4579 2417 4639 sint,
2463 4592 2535 4632 ne
2578 4576 2897 4647 dogmatum
2954 4572 3146 4627 notitia
3194 4571 3440 4640 neglecta
3469 4607 3483 4631 ,
3536 4571 3762 4636 prepter

2172 4669 2584 4727 assuetudinem
2630 4669 2793 4738 vulgo
2824 4666 3041 4721 veniret
3078 4664 3135 4717 in
3167 4668 3563 4729 etmtemptum.
3595 4654 3773 4710 Aliud

2174 4763 2369 4833 utique
2395 4768 2478 4816 est
2522 4758 2742 4829 dogma,
2779 4754 3295 4826 aiiudprtedicatio.
3335 4750 3469 4803 Nam
3504 4749 3762 4818 dogmata

2176 4853 2434 4913 silentur,
2485 4848 2907 4919 praedicationes
2952 4858 3081 4898 vero
3131 4841 3503 4911 publicautur.
3542 4836 3639 4892 Est
3671 4849 3767 4887 au-

2180 4952 2287 4999 tem
2318 4941 2522 4997 silentii
2571 4939 2785 5009 species
2841 4937 3008 4991 etiam
3059 4933 3375 4988 obscuritas
3428 4946 3536 5001 qua
3587 4929 3765 4984 utitur

2184 5034 2489 5103 Scriptura,
2651 5028 2933 5082 intellectu
2966 5024 3241 5080 diliicilem
3264 5022 3503 5079 reddens
3531 5021 3762 5089 dogma-

2183 5137 2297 5181 tum
2349 5120 2703 5182 sententiam,
2765 5118 2930 5189 idque
2988 5116 3054 5171 ad
3110 5116 3405 5188 legentium
3449 5113 3763 5169 utilitatem.

2187 5216 2339 5269 lianc
2373 5211 2444 5265 ob
2478 5221 2705 5263 causam
2754 5222 2947 5263 omnes
2999 5215 3314 5279 spectamus
3346 5203 3412 5259 ad
3473 5202 3766 5262 orientem,

2184 5316 2310 5358 cum
2375 5313 2681 5371 precamur,
2720 5295 2878 5368 pauci
2935 5308 3114 5352 tamen
3173 5296 3446 5360 novimus,
3503 5295 3651 5365 quod
3700 5294 3757 5351 id

2183 5396 2449 5452 facientes
2504 5393 2783 5463 antiquam
2823 5390 3151 5459 requirimus
3181 5386 3451 5458 patriam,
3499 5386 3755 5441 videlici-t

2182 5489 2692 5560 paradisum,quem
2728 5487 2988 5553 plantavit
3020 5485 3159 5538 Deus
3198 5485 3253 5537 in
3283 5482 3443 5536 Edent
3465 5482 3531 5535 ad
3573 5480 3755 5537 orien.

2185 5592 2292 5635 tem
2328 5583 2363 5633 ⁸.
2425 5581 2611 5634 Erecti
2662 5579 2843 5633 itidem
2887 5576 3198 5644 perlicimus
3238 5575 3654 5643 deprecationos
3699 5575 3753 5627 in

2188 5688 2294 5727 una
2350 5672 2596 5734 Sabbati,
2651 5672 2745 5726 sed
2800 5669 3067 5723 rationem
3103 5681 3211 5720 non
3247 5680 3439 5721 omnes
3484 5668 3759 5721 novimus.

574 5875 780 5931 'Num.
815 5890 885 5938 iv,
923 5871 1013 5924 20.
1088 5873 1107 5903 ¹
1139 5867 1303 5925 Num.
1346 5880 1500 5929 mn,
1549 5863 1641 5929 2i,
1671 5862 1761 5917 2'2.
1844 5865 1860 5895 ³
1902 5863 2032 5921 ibid.

2199 5863 2214 5893 i
2253 5862 2425 5918 Exod.
2484 5876 2614 5927 xxx,
2678 5859 2767 5914 10.
2844 5858 2863 5891 ⁸
2898 5855 3071 5913 Levii.
3097 5856 3292 5929 "1,2.
3372 5858 3392 5890 ⁸
3422 5855 3559 5914 Gen.
3599 5870 3659 5923 tt,
3693 5853 3751 5911 8.
