4078 6292
409 338 517 403 795

1649 340 2030 403 EUTHYMII
2073 342 2245 404 ZlG.\
2261 341 2435 403 BEN!

3574 348 3684 411 ’ῖζδ

418 479 539 537 Non
569 480 720 538 enim
759 484 938 539 solum
981 481 1127 553 quod
1182 482 1342 537 veluti
1395 482 1559 539 simul
1607 498 1731 537 cum
1769 483 1992 538 Christo

2091 486 2147 539 ὲν
2175 489 2243 557 τῇ
2275 486 2628 557 ἀναστασίμῳ
2667 487 2848 559 ἡμέρᾳ
2877 486 2976 557 τῆς
3016 486 3308 557 δεδομένης
3337 490 3467 559 ἡμῖν
3517 490 3669 561 χάρι-

419 575 757 639 resuscitati,
787 591 908 645 quae
951 590 1168 630 sursum
1213 582 1343 630 sunt
1387 590 1632 644 quaerere
1675 575 1989 641 debeamus,

420 665 477 719 in
539 665 628 720 die
686 668 1106 721 resurrectionis
1157 665 1299 742 data;
1352 667 1510 723 nobis
1562 669 1750 736 gratiae
1793 668 1991 723 stando

422 769 710 828 precantes
744 759 1108 827 nosmetipsos
1150 760 1691 831 commonefacimus,
1724 761 1819 817 sed
1846 762 1991 831 quod

420 849 471 903 is
497 849 616 903 dies
648 850 897 923 videatur
925 849 1106 919 aliquo
1136 852 1297 905 modo
1324 852 1500 923 imago
1535 852 1747 906 venturi
1779 854 1987 907 saeculi.

419 942 605 1011 quue
637 958 759 996 cum
812 944 882 997 sil.
925 943 1254 1013 principium
1299 942 1530 1011 dierum,
1577 960 1688 999 non
1720 946 1931 1014 primus
1960 959 1991 998 a

420 1034 623 1105 Moyse,
649 1035 744 1090 sed
775 1051 916 1090 unus
941 1038 1247 1105 appellatus
1269 1046 1373 1093 est.
1405 1035 1579 1089 Facta
1606 1046 1685 1091 est
1717 1038 1878 1101 enim,
1905 1038 1990 1091 in-

418 1126 557 1195 quit,
611 1142 840 1194 vespera,
874 1135 924 1180 et
963 1126 1164 1195 factum
1198 1138 1274 1180 est
1315 1144 1501 1191 mane,
1556 1127 1666 1181 dies
1718 1143 1856 1182 unus
1908 1137 1922 1166 ³
1968 1144 1983 1181 :

418 1228 678 1289 tauquam
722 1218 814 1289 qui
858 1235 999 1288 saepe
1043 1228 1308 1274 recurrat.
1338 1220 1509 1290 Igitur
1544 1236 1688 1276 unus
1729 1226 1815 1275 est
1844 1218 1988 1274 idem

416 1318 473 1364 et
524 1318 788 1373 octavus,
842 1326 1011 1363 unum
1063 1310 1213 1364 illum
1286 1311 1616 1381 singularem
1670 1325 1735 1366 ac
1795 1326 1985 1366 verum

417 1410 693 1463 octavum,
724 1403 885 1470 cujus
913 1410 967 1456 et
993 1402 1282 1457 Psalmista
1312 1403 1367 1456 in
1399 1401 1725 1472 quibusdam
1751 1402 1993 1458 Psalmo-

418 1509 539 1547 rum
576 1495 1027 1565 inscriptionibus
1072 1495 1321 1549 meminit
1350 1501 1397 1560 ³,
1432 1510 1528 1564 per
1559 1511 1617 1550 se
1649 1495 1989 1565 significans,

417 1595 621 1641 statum
695 1586 944 1640 videlicet
997 1587 1101 1640 hoc
1158 1596 1373 1654 tempus
1436 1594 1787 1651 secuturum,
1847 1585 1990 1641 diem

418 1694 530 1731 non
556 1677 882 1743 desiturum,
919 1693 1157 1746 vesperae
1204 1678 1474 1740 nescium,
1522 1678 1861 1732 successoris
1897 1693 1993 1731 ex-

2088 592 2179 641 τος
2221 577 2309 630 διὰ
2350 577 2449 648 τῆς
2489 576 2629 629 κατά
2664 577 2762 647 τὴν
2801 577 3108 649 προσευχὴν
3148 579 3387 642 στάσεως
3435 580 3671 643 ἑαυτοὺς

2090 668 2611 738 ὑπομιμνήσκομεν⁸
2650 668 2765 721 ἀλλ’
2797 669 2880 721 ὅτι
2928 668 3075 721 δοκεί
3120 686 3237 732 πως
3286 669 3379 721 τοῦ
3432 671 3673 740 προσδο-

2089 759 2335 829 κωμένου
2365 759 2558 823 αἰῶνος
2584 754 2721 813 εἶναι
2745 758 2927 814 εἰκών.
2964 760 3054 812 Διδ
3081 760 3175 813 καὶ
3199 760 3340 831 ἀρχὴ
3366 757 3504 813 οὖσα
3538 764 3673 831 ἡμε-

2093 852 2222 923 ρῶν,
2253 851 2375 921 ούχλ⁸
2408 854 2597 924 πρώτη
2636 851 2787 922 παρὰ
2814 851 3116 914 Μωῦσέως,
3152 850 3288 904 ἀλλὰ
3316 852 3411 921 μία
3444 850 3670 920 ὠνόμα-

2092 960 2233 996 σται.
2298 942 2557 1011 Ἐγένετο
2600 943 2744 1011 γὰρ,
2780 941 2967 1011 φησὶν,
3000 941 3247 1009 ἑσπέρα,
3282 941 3379 994 καί
3424 941 3671 1011 ἐγένετο

2091 1035 2241 1103 πρωῒ
2260 1074 2275 1099 ,
2325 1033 2512 1103 ἡμέρα
2536 1035 2646 1103 μία
2667 1051 2682 1065 ο
2716 1035 2791 1097 ὼς
2824 1033 2922 1104 τῆς
2966 1034 3134 1103 αὐτῆς
3182 1034 3671 1107 ἀνακυκλουμένης

2090 1124 2369 1187 πολλάκις.
2406 1125 2516 1177 Καὶ
2556 1123 2652 1194 μία
2701 1124 2878 1177 τοίνυν
2919 1125 2953 1194 ἡ
2997 1123 3135 1194 αὑτὴ
3159 1162 3173 1185 ,
3202 1124 3296 1176 καὶ
3333 1124 3500 1193 ὀγδόη
3527 1164 3542 1187 ,
3574 1124 3671 1193 τὴν

2093 1216 2223 1285 μίαν
2263 1215 2430 1279 ὅντως
2476 1215 2692 1287 ἐκείνην
2721 1217 2812 1268 καὶ
2855 1215 3113 1286 ἀληθινὴν
3144 1216 3357 1286 ὀγδόην,
3386 1212 3459 1284 ἦς
3506 1217 3604 1269 καὶ
3642 1217 3670 1269 ὁ

2090 1308 2390 1379 Ψαλμῳδδς
2421 1309 2478 1362 ἕν
2515 1325 2655 1362 τισιν
2680 1310 3012 1379 ἐπιγραφαῖς
3030 1309 3139 1362 τῶν
3158 1308 3384 1378 ψαλμῶν
3424 1310 3672 1378 ὲπεμνησ

2094 1399 2218 1467 σθη,
2244 1400 2311 1452 δι’
2353 1401 2554 1470 ἑαυτῆς
2594 1390 2966 1471 ἐμφανίζουσα
2988 1440 3002 1464 ,
3031 1400 3129 1471 τὴν
3172 1401 3310 1470 μετά
3346 1400 3443 1453 τὸν
3480 1401 3671 1471 χρόνον

2088 1493 2277 1545 τοῦτον
2318 1493 2671 1557 κατάστασιν,
2707 1494 2806 1565 τὴν
2851 1493 3127 1547 ἄπαυστον
3168 1492 3404 1563 ἡμέραν,
3437 1493 3539 1562 τὴν
3578 1496 3668 1546 ἀν⁴

2090 1585 2355 1655 ἕσπερον,
2410 1585 2509 1656 τὴν
2559 1586 2838 1655 ἀδιάδοχον
2859 1627 2872 1651 ,
2920 1585 3011 1638 τὸν
3052 1585 3285 1654 ἄληκτον
3325 1585 3544 1636 ἐκεῖνον
3578 1584 3670 1635 καὶ

2090 1675 2282 1745 ἀγήρω
2302 1674 2489 1728 αἰῶνα.
2530 1675 2868 1743 Ἀναγκαίως
2887 1669 2978 1727 οὖν
2998 1675 3096 1737 τὰς
3114 1676 3172 1727 ὲν
3194 1675 3327 1744 αὐτῇ
3352 1674 3669 1744 προσευχὰς

418 1779 649 1840 pertem,
681 1786 852 1823 aevum
912 1769 1044 1823 illud
1086 1785 1365 1837 nunquam
1416 1770 1710 1822 finiendum
1748 1785 1847 1823 nec
1890 1786 1992 1823 un-

2091 1763 2330 1826 ὲστῶτας
2368 1762 2719 1834 ἀποπληροῦν
2742 1765 2868 1826 τοὺς
2901 1763 3098 1833 ἑαυτῆς
3125 1765 3433 1833 τροφίμους
3467 1765 3502 1833 ἡ
3554 1764 3671 1815 Ἑκ-

418 1878 584 1933 quam
626 1876 935 1916 senescens.
978 1859 1302 1914 Necessario
1332 1861 1500 1929 igitur
1540 1861 1593 1914 in
1640 1861 1744 1915 hoc
1782 1861 1869 1916 die
1900 1861 1993 1916 Ec-

416 1955 588 2010 clesia
629 1970 759 2008 suos
801 1956 1051 2008 alumnos
1104 1952 1301 2016 docet,
1356 1967 1547 2020 preces
1608 1968 1737 2007 suas
1795 1953 1992 2007 stando

420 2046 742 2104 absolvere.
788 2051 848 2097 ut
905 2043 1125 2098 assidua
1176 2044 1605 2098 commonitione
1655 2045 1779 2098 vitae
1841 2044 1990 2100 illius

419 2147 702 2200 nunquam
736 2130 1014 2194 desiturae,
1051 2146 1161 2185 non
1191 2130 1532 2200 negligemus
1566 2131 1633 2186 ad
1662 2148 1783 2187 eam
1824 2134 1993 2188 demi-

419 2224 720 2294 grationem
773 2237 970 2293 parare
1004 2222 1287 2278 viaticum.
1340 2222 1483 2289 Quin
1533 2230 1589 2279 et
1636 2231 1810 2279 totum
1856 2225 1991 2280 illud

418 2315 819 2385 quinquaginta
869 2314 1081 2369 dierum
1122 2322 1338 2384 tempus
1363 2316 1665 2370 admonitio
1693 2326 1777 2372 est
1807 2332 1989 2373 resur-

419 2408 717 2473 rectionis,
771 2421 932 2476 quam
998 2406 1054 2461 in
1106 2408 1278 2462 altero
1319 2409 1518 2462 saeculo
1585 2418 1988 2478 exspectamus.

418 2497 554 2553 Nam
589 2516 732 2555 unus
761 2500 852 2554 ille
882 2509 936 2552 et
962 2500 1173 2568 primus
1198 2499 1315 2554 dies
1343 2500 1546 2569 septies
1574 2500 1990 2571 multiplicatus,

419 2599 627 2659 septem
674 2605 844 2645 sacrae
900 2589 1251 2644 Pentecostes
1309 2589 1684 2646 hebdomadas
1733 2592 1988 2647 absolvit.

418 2682 465 2736 Α
509 2683 684 2752 primo
719 2681 864 2735 enim
906 2680 1192 2749 incipiens,
1231 2680 1287 2733 in
1335 2679 1584 2734 eumdem
1627 2680 1848 2743 desinit,
1889 2697 1987 2751 per

420 2773 649 2835 similes,
681 2771 772 2840 qui
823 2770 877 2824 in
927 2770 1104 2824 medio
1148 2768 1515 2831 intercedunt,
1561 2769 1679 2824 dies
1727 2771 1992 2842 quinqua-

419 2864 536 2935 gies
576 2863 848 2918 evolutus.
925 2859 1079 2916 Unde
1123 2868 1177 2915 et
1227 2861 1589 2915 aeternitatem
1633 2861 1993 2920 similitudine

421 2956 612 3019 refert,
648 2955 777 3009 dum
810 2954 958 3008 velut
999 2954 1055 3007 in
1088 2963 1237 3006 motu
1271 2952 1550 3017 circulari,
1581 2954 1650 3008 ab
1674 2953 1870 3009 iisdem
1900 2972 1994 3011 or-

421 3063 518 3103 sus
551 3046 721 3117 signis
772 3046 826 3098 in
862 3044 1050 3099 eadem
1080 3042 1303 3099 desinit.
1339 3042 1461 3109 Quo
1503 3043 1558 3098 in
1602 3044 1711 3111 die,
1743 3048 1993 3119 corporis

2089 1854 2288 1924 κλησία
2312 1854 2574 1919 παιδεύει,
2609 1855 2695 1907 ἴνα
2727 1856 2792 1924 τῇ
2836 1856 3044 1923 συνεχεῖ
3076 1854 3378 1925 ὑπομνήσει
3406 1854 3517 1923 τῆς
3548 1855 3668 1906 ἀτε-

2088 1945 2346 2017 λευτήτου
2392 1944 2540 2015 ζωῆς
2587 1944 2691 1997 τῶν
2743 1943 2882 2014 πρὸς
2922 1945 3021 2015 τὴν
3070 1944 3399 2013 μετάστασιν
3454 1946 3670 2013 ἐκείνην

2090 2037 2314 2107 ἐφοδίων
2364 2037 2438 2108 μὴ
2483 2035 2795 2107 ἀμελῶμεν.
2829 2036 2940 2088 Καὶ
2983 2036 3130 2088 πᾶσα
3159 2034 3216 2087 δὲ
3252 2036 3284 2105 η
3319 2034 3670 2105 πεντηκοστὴ

2087 2127 2190 2197 τῆς
2232 2128 2289 2180 ὲν
2330 2126 2408 2198 τῷ
2444 2125 2601 2181 αἰῶνι
2807 2123 3262 2197 προσδοκωμένης
3313 2124 3670 2187 ἀναστάσεως

2090 2219 2237 2273 ἐστιν
2291 2219 2606 2290 ὑπόμνημα.
2658 2219 2722 2273 Ἦ
2777 2217 2886 2288 γὰρ
2944 2217 3043 2287 μία
3086 2216 3268 2286 ἐκείνη
3320 2217 3414 2270 καὶ
3481 2216 3669 2287 πρώτη

2089 2310 2305 2383 ἡμέρα,
2348 2310 2576 2374 ἑπτάκις
2615 2308 3185 2373 ὲπταπλασιασθεῖσα,
3234 2308 3332 2371 τὰς
3380 2309 3535 2362 ἐπτά
3579 2309 3672 2381 τῆς

2094 2405 2242 2477 ἱερᾶς
2276 2405 2647 2476 πεντηκοστῆς
2677 2403 2973 2475 ἐόδομάδας
3002 2402 3270 2455 ἀποτελεῖ.
3316 2402 3409 2455 Ἐκ
3451 2402 3671 2473 πρώτης

2090 2496 2199 2567 γὰρ
2231 2496 2528 2567 ἀρχομένη,
2563 2498 2642 2559 είς
2674 2494 2773 2566 τὴν
2802 2495 2970 2565 αὐτὴν
3003 2494 3327 2565 καταλήγει,
3363 2494 3434 2548 δι’
3471 2494 3669 2566 ὁμοίων

2089 2586 2199 2640 τῶν
2240 2589 2297 2639 ὲν
2342 2586 2422 2657 τῷ
2469 2587 2617 2657 μέσῳ
2650 2584 3026 2655 ὲξελιττομένη
3076 2584 3529 2654 πεντηκοντακις.
3579 2582 3667 2636 Διὸ

2092 2683 2187 2734 καὶ
2213 2681 2386 2735 αἰῶνα
2560 2682 2806 2751 μιμεῖται
2833 2681 2899 2750 τῇ
2927 2677 3226 2749 ὁμοιότητι,
3263 2677 3457 2750 ὥσπερ
3491 2678 3549 2731 ὲν
3577 2694 3667 2730 κυ-

2092 2781 2252 2851 κλικῇ
2297 2780 2508 2852 κινήσει
2555 2778 2662 2832 ἀπὸ
2704 2776 2813 2830 τῶν
2851 2777 3030 2830 αὐτῶν
3076 2774 3353 2847 ἀρχομένη
3403 2773 3665 2846 σημείων,

2091 2875 2187 2930 καὶ
2215 2878 2294 2938 είς
2322 2875 2391 2928 τὰ
2416 2873 2556 2928 αὐτὰ
2583 2872 2985 2942 καταλήγουσα.
3029 2870 3115 2923 Ἐν
3190 2869 3250 2922 τὺ
3274 2868 3463 2939 ὄρθιον
3490 2869 3668 2939 σχῆμα

2090 2967 2189 3037 τῆς
2224 2964 2533 3037 προσευχῆς
2577 2964 2847 3033 προτιμᾷν
2875 2962 2923 3014 οἱ
2959 2961 3148 3030 θεσμοὶ
3185 2960 3285 3029 τῆς
3341 2957 3669 3029 Ἐκκλησίας

2093 3059 2238 3126 ἡμᾶς
2280 3056 2698 3123 ὲξεπαίδευσαν,
2745 3054 2809 3106 ὲκ
2852 3052 2952 3121 τῆς
2991 3049 3255 3120 ἐναργοῦς
3304 3049 3667 3119 ὑπομνήσεως

419 3145 605 3193 erecto
654 3138 841 3192 habitu
886 3135 1100 3208 precari
1151 3136 1335 3205 potius
1385 3151 1486 3191 nos
1541 3135 1800 3193 Ecclesiae
1850 3139 1992 3197 ritus

2092 3150 2252 3203 οἱονεὶ
2293 3144 2686 3219 μετοικίζοντες
2710 3145 2866 3218 ἡμῶν
2901 3144 2992 3198 τὸν
3023 3142 3147 3196 νοῦν
3182 3140 3290 3195 ἀπὺ
3315 3139 3430 3192 τῶν
3468 3138 3665 3210 παρόν-

420 3232 743 3293 docuerunt,
792 3229 1049 3284 nimirum
1100 3242 1195 3298 per
1247 3228 1557 3283 evidentem
1604 3232 1993 3286 commonitio-

418 3338 547 3377 nem
570 3324 730 3394 quasi
756 3321 1151 3376 transferentes
1168 3330 1403 3375 mentem
1427 3328 1673 3376 nostram
1698 3336 1728 3375 a
1762 3338 1995 3391 praesen-

422 3415 569 3469 tibus
601 3414 667 3467 ad
709 3413 911 3468 futura.
929 3411 1158 3482 Insuper
1181 3421 1235 3467 et
1264 3413 1479 3481 quoties
1506 3427 1682 3483 genua
1703 3413 1991 3479 ﬂectimus,

420 3515 478 3560 et
525 3521 720 3560 rursus
762 3505 1047 3575 erigimur,
1090 3504 1209 3573 ipso
1253 3502 1398 3558 factu
1446 3503 1810 3567 ostendimus,
1848 3504 1994 3574 quod

423 3597 495 3650 ob
521 3603 802 3665 peceatum
853 3595 907 3647 in
936 3601 1142 3648 terram
1180 3593 1386 3663 delapsi
1435 3608 1647 3659 sumus,
1671 3602 1725 3649 et
1756 3610 1853 3666 per
1890 3598 1997 3650 hu-

428 3684 742 3738 manitatem
772 3683 893 3753 ejus
926 3682 1019 3753 qui
1061 3684 1267 3738 creavit
1304 3697 1407 3738 nos
1442 3682 1499 3737 in
1526 3682 1727 3738 ccelum
1758 3686 1997 3740 revocati

425 3786 640 3829 sumus.

634 3864 855 3920 Deﬁciet
900 3880 985 3919 me
1026 3864 1164 3932 dies,
1206 3863 1255 3921 si
1300 3859 1564 3941 Ecclesiae
1614 3866 1873 3932 mysteria
1918 3867 1999 3921 ci-

2092 3258 2199 3295 των
2228 3242 2322 3295 ἐπὶ⁸
2342 3241 2411 3294 τά
2440 3240 2720 3311 μέλλοντα.
2764 3238 2874 3291 Καὶ
2905 3236 3028 3290 καθ’
3061 3235 3299 3304 ἑκάστην
3324 3233 3380 3287 δὲ
3413 3232 3665 3303 γονυκλι-

2096 3335 2215 3386 σίαν
2255 3332 2349 3385 καὶ
2392 3332 2737 3385 διανάστασιν
2768 3329 2912 3398 ἔργῳ
2962 3326 3272 3397 δείκνυμεν,
3304 3326 3385 3378 ὅτι
3438 3324 3527 3378 διὰ
3581 3322 3664 3373 διὰ

2093 3426 2191 3495 τῆς
2219 3424 2492 3494 ἁμαρτίας
2524 3424 2603 3486 είς
2627 3422 2731 3491 γῆν
2756 3418 3160 3491 κατερῤύημεν,
3187 3418 3280 3470 καὶ
3299 3416 3386 3469 διὰ
3420 3416 3523 3485 τῆς
3552 3414 3665 3482 φιλ-

2093 3516 2409 3585 ανθρωπίας
2441 3514 2536 3568 τοῦ
2573 3514 2858 3577 κτίσαντος
2886 3512 3034 3582 ἡμᾶς
3062 3511 3143 3574 είς
3167 3509 3396 3580 οὐρανὸν
3439 3505 3664 3575 ἀνεκλή-

2095 3607 2290 3677 θημεν.

2308 3867 2603 3937 Ἐπιλείψει
2640 3883 2707 3937 με
2747 3866 2780 3935 ἡ
2831 3863 3033 3934 ἡμέρα,
3064 3861 3135 3915 τά
3172 3861 3394 3932 ἄγραφα
3570 3856 3666 3927 τῆς

434 3965 518 4012 tra
575 3962 843 4030 scriptum
898 3959 1097 4012 tradita
1157 3973 1379 4029 pergam
1435 3972 1746 4013 recensere.
1800 3954 1992 4009 Omitto

2104 3965 2427 4036 Ἑκκλησίας
2458 3965 2733 4035 μυστήρια
2759 3959 3133 4032 διηγούμενον.
3193 3957 3297 4012 Ἐῶ
3324 3957 3496 4011 τᾶλλα
3515 3973 3529 3987 ·
3576 3955 3660 4008 αὐτ

420 4056 611 4101 czetera
689 4068 702 4104 :
852 4050 1025 4118 ipsam
1067 4050 1189 4104 ﬁdei
1236 4050 1640 4120 professionem
1681 4053 1733 4102 in
1782 4048 2001 4105 Patrem

421 4145 478 4192 et
528 4135 722 4192 Filium
775 4147 829 4194 et
862 4137 1127 4209 Spiritum
1176 4150 1449 4203 sanctum,
1502 4156 1533 4195 e
1583 4140 1783 4210 quibus
1830 4140 1999 4195 babe-

422 4243 545 4283 mus
598 4228 865 4297 scriptis?
932 4227 1144 4283 Etenim
1202 4230 1247 4285 si
1307 4230 1568 4300 quoniam
1621 4247 1687 4285 ex
1736 4230 1996 4299 baptismi

422 4318 738 4384 traditione,
764 4319 921 4386 juxta
958 4320 1178 4388 pietatis
1206 4322 1686 4386 consecutionem,
1718 4329 1779 4374 ut
1822 4321 2001 4391 bapti-

421 4424 633 4469 zamur.
663 4410 737 4462 ita
781 4418 835 4464 et
877 4412 1099 4466 credere
1144 4411 1429 4476 debemus,
1461 4414 1694 4467 similem
1725 4413 2000 4482 baptismo

421 4500 817 4568 professionem
849 4500 1171 4556 exhibemus
1219 4517 1232 4553 :
1277 4504 1581 4558 concedant
1609 4504 1775 4559 etiam
1815 4503 1995 4569 nobis,

420 4601 481 4643 ut
524 4590 679 4659 juxta
723 4591 969 4646 eamdem
1022 4594 1474 4662 consequentiam
1542 4594 1999 4664 glorificationem

419 4681 544 4735 iidei
574 4683 917 4737 consimilem
962 4685 1357 4753 persolvamns.
1391 4684 1549 4750 Quod
1580 4687 1625 4742 si
1656 4687 1997 4756 gloriﬁcandi

419 4775 641 4827 modum
676 4775 837 4829 veluti
888 4778 1095 4846 scripto
1125 4793 1232 4831 non
1265 4778 1523 4832 traditum
1556 4778 1836 4849 rejiciunt,
1869 4796 1997 4851 pro-

418 4865 598 4918 ferant
644 4865 809 4920 nobis
871 4876 925 4921 et
976 4868 1340 4936 professionis
1393 4869 1517 4925 fidei
1571 4878 1626 4926 et
1676 4880 1996 4930 caeterorum

417 4969 538 5023 quae
582 4957 1129 5012 commemoravimus
1177 4959 1553 5026 probationem
1598 4974 1629 5015 e
1674 4960 1994 5034 Scripturis.

416 5043 617 5098 Adhaec
659 5060 787 5099 cum
835 5052 944 5098 tam
995 5048 1167 5100 multa
1209 5049 1321 5102 sint
1354 5066 1475 5120 quae
1523 5052 1731 5121 scripto
1780 5055 1997 5123 prodita

417 5154 528 5193 non
576 5144 725 5204 sunt,
755 5145 810 5193 et
856 5144 1067 5192 tantum
1117 5139 1316 5193 habent
1360 5144 1621 5199 momenti
1666 5145 1734 5198 ad
1779 5146 1998 5216 pietatis

416 5231 794 5301 mysterium,
848 5231 1068 5284 unicam
1123 5232 1515 5288 dictiunculam
1574 5253 1697 5307 qua:
1744 5253 1776 5292 a
1825 5240 1996 5310 majo-

416 5320 571 5375 ribus
601 5320 667 5375 ad
696 5335 797 5375 nos
827 5318 1067 5385 devenit,
1102 5336 1209 5375 non
1239 5324 1565 5388 concedent,
1599 5343 1765 5396 quam
1794 5344 1896 5385 nos
1923 5346 1993 5387 ex

416 5413 728 5469 inaffectata
782 5413 1182 5470 consuetudine
1248 5413 1304 5469 in
1361 5414 1655 5481 Ecclesiis,
1705 5436 1827 5490 quae
1871 5437 1993 5491 per-

415 5521 590 5561 versa:
614 5515 669 5561 et
701 5514 975 5577 corruptae
1018 5523 1129 5561 non
1158 5518 1308 5572 sunt,
1340 5520 1750 5578 permanentem
1782 5514 1992 5569 inveni-

417 5606 563 5651 mus.
600 5591 746 5647 haud
792 5595 1127 5650 mediocrem
1158 5596 1428 5652 rationem
1458 5596 1772 5664 habentem,
1809 5617 1993 5672 neque

416 5678 693 5735 mediocre
724 5683 1097 5749 adjumentum
1132 5684 1197 5739 ad
1226 5687 1470 5756 mystcrii
1498 5689 1605 5744 vim
1634 5688 1994 5747 atl'erenteml

450 5823 455 5829 .
513 5777 688 5831 'Gcn.
730 5794 767 5845 ι,
800 5780 853 5835 5.
930 5783 949 5811 ¹
980 5780 1124 5839 Psal.
1160 5797 1209 5836 vt
1236 5791 1301 5841 et
1338 5801 1432 5841 xu.

2090 4057 2188 4129 τὴν
2216 4058 2272 4110 δὲ
2317 4057 2416 4128 τὴν
2458 4055 2747 4127 ὁμολογίαν
2788 4054 2888 4123 τῆς
2919 4052 3157 4113 πίστεως
3339 4052 3417 4111 είς
3448 4047 3660 4116 Πατέρα

2091 4150 2184 4203 καὶ
2228 4148 2352 4201 Υίὺν
2396 4149 2490 4203 καὶ
2532 4147 2685 4215 ἅγιον
2729 4143 2953 4213 Πνεῦμα
2995 4143 3060 4195 ὲκ
3102 4141 3271 4195 ποίων
3320 4139 3658 4210 γραμμάτων

2092 4239 2326 4310 ἔχομεν;
2372 4239 2435 4291 Εί
2481 4239 2580 4307 μὲν
2608 4236 2718 4308 γὰρ
2759 4236 2825 4289 ἐκ
2862 4233 2964 4305 τῆς
2998 4230 3093 4285 τοῦ
3144 4231 3522 4301 βαπτίσματος
3565 4245 3660 4279 πα-

2094 4330 2386 4400 ραδόσεως,
2420 4327 2562 4382 κατὰ
2592 4327 2654 4380 τὸ
2678 4326 2780 4397 τῆς
2814 4322 3094 4387 εὐσεϐείας
3122 4321 3436 4384 ἀκόλουθον,
3468 4321 3540 4382 ὡς
3572 4319 3658 4387 βα-

2094 4419 2397 4490 πτιζόμεθα
2425 4417 2566 4471 οὕτω
2595 4418 2690 4470 καὶ
2718 4415 2996 4471 πιστεύειν
3024 4412 3351 4484 ὀφείλοντες,
3380 4412 3563 4464 οὐσίαν
3586 4405 3658 4475 τῷ

2095 4511 2429 4581 βαπτίσματι
2611 4508 2709 4579 τὴν
2736 4508 3025 4578 ὁμολογίαν
3070 4503 3495 4575 κατατιθέμεθα,
3532 4516 3655 4568 συγ-

2093 4604 2503 4673 χωρησάτωσαν
2549 4600 2643 4654 καὶ
2696 4602 2827 4672 ἡμῖν
2878 4601 2941 4652 ἐκ
2987 4599 3085 4669 τῆς
3132 4597 3305 4666 αὐτῆς
3349 4593 3656 4653 ἀκολουθίας

2093 4693 2283 4762 ὁμοίαν
2324 4694 2390 4763 τῇ
2443 4692 2623 4745 πίστει
2663 4690 2765 4761 τὴν
2805 4690 2963 4755 δόξαν
2996 4688 3336 4742 ἀποδιδόναιο
3381 4689 3430 4739 εί
3478 4685 3533 4737 δὲ
3572 4681 3655 4733 τὸν

2092 4783 2290 4854 τρόπον
2326 4782 2425 4852 τῆς
2473 4779 2781 4848 δοξολογίας
2831 4778 2906 4841 ὡς
2947 4777 3193 4847 ἄγραφον
3224 4773 3653 4846 ιπαραιτοῦνται,

2092 4874 2329 4928 δότωσαν
2355 4874 2486 4943 ἡμῖν
2520 4870 2623 4941 τῆς
2650 4887 2710 4924 τε
2737 4868 2880 4923 κατὰ
2911 4869 3011 4939 τὴν
3040 4868 3223 4921 πίστιν
3252 4867 3537 4935 ὁμολογίας
3570 4862 3653 4916 καὶ

2092 4964 2200 5017 τῶν
2249 4962 2470 5027 λοιπῶν,
2508 4958 2583 5015 ὧν
2621 4959 3163 5031 ἀπηριθμησάμεθα,
3215 4958 3523 5028 ἐγγράφους
3563 4953 3653 5011 τὰς

2094 5052 2413 5119 ἀποδείξεις.
2454 5047 2587 5105 Εἶτα
2616 5049 2886 5102 τοσούτων
2911 5048 3083 5117 ὅντων
3113 5048 3399 5119 ἀγράφων,
3439 5046 3528 5098 καὶ
3572 5057 3651 5093 το-

2096 5144 2297 5213 σαύτην
2322 5142 2554 5213 ὲχὸντων
2589 5138 2689 5210 τὴν
2720 5140 2874 5207 ἰσχὺν
2909 5137 2988 5201 είς
3019 5136 3082 5190 τὺ
3108 5137 3209 5207 τῆς
3246 5134 3523 5196 εὐσεϐείας
3561 5146 3649 5199 μυί

2095 5238 2332 5307 στήριον,
2365 5234 2492 5305 μίαν
2519 5232 2673 5296 λέξιν
2689 5234 2821 5302 ἡμῖν
2850 5232 2915 5282 ὲκ
2939 5228 3190 5297 πατέρων
3212 5228 3295 5289 εἰς
3321 5228 3463 5296 ἡμᾶς
3488 5219 3648 5275 ὲλθοῦ·

2096 5344 2193 5381 σαν
2238 5325 2299 5378 οὐ
2347 5322 2815 5394 συγχωρήσουσιν,
2867 5321 2936 5391 ἣν
2982 5321 3144 5390 ἡμεῖς
3190 5319 3255 5370 ἐκ
3283 5321 3381 5393 τῇς
3409 5317 3645 5375 ἀνεπιτησ
3685 5367 3693 5376 ι

2092 5418 2279 5473 δεύτου
2313 5414 2599 5486 συνηθείας
2631 5413 2751 5475 ταῖς
2782 5409 3162 5481 ἀδιαστρόφοις
3194 5407 3302 5460 τῶν
3341 5400 3648 5470 Ἐκκλησιῶν

2096 5509 2530 5580 ὲναπομείνασαν
2556 5506 2808 5577 ε’ύρομεν,
2832 5502 2894 5555 ού
2923 5501 3116 5573 μικρὸν
3135 5501 3225 5554 τὸν
3245 5499 3401 5567 λόγον
3420 5498 3642 5567 ἔχουσαν.

2094 5604 2216 5657 οὐδὲ
2268 5602 2523 5674 βραχεῖαν
2583 5595 2897 5651 συντέλειαν
2949 5596 3029 5658 είς
3080 5594 3181 5664 τὴν
3228 5591 3322 5647 τοῦ
3369 5580 3645 5662 μυστηρίου

2095 5695 2326 5766 δύναμιν
2356 5689 2752 5764 εἰσφερομένην
2786 5712 2799 5760 ;
