4070 6290
469 334 582 398 797

1432 330 1814 394 PANOPLIA
1853 328 2321 395 DOGMATICA.
2353 355 2427 374 -ν
2452 333 2606 402 ΤΙΤ.
2646 333 2786 398 ΧΗ.

3634 347 3742 414 798

545 446 780 518 εἴρηται
805 445 902 516 μὲν
931 438 1044 510 οὖν,
1067 443 1149 498 ὅτι
1173 442 1366 497 ταυτόν
1395 443 1512 495 ἐστι
1544 443 1682 512 προς
1714 442 1957 496 διάνοιαν
1976 442 2044 494 εἰ·

2237 445 2451 502 Dictum
2505 455 2594 503 est
2643 448 2866 518 quidem
2894 448 3031 506 nihil
3080 450 3292 510 referre
3355 453 3424 510 ad
3478 469 3726 526 sensum,

473 543 621 605 πεῖν,
655 538 794 606 Δόξα
820 539 996 608 lla.th
1015 538 1108 591 καὶ
1136 537 1252 607 Υίῷ
1307 538 1400 591 καὶ
1426 537 1567 606 ἁγίῳ
1602 537 1906 606 Πνεῦματι·
1962 534 2059 588 καὶ

474 631 614 697 Δόξα
651 631 823 700 Πατρὶ
844 629 938 682 καὶ
957 628 1072 698 Υίῷ
1101 629 1200 682 σὺν
1216 629 1293 697 τῷ
1308 628 1451 698 ἁγίῳ
1471 629 1775 699 Πνεῦματι.
1799 625 1936 681 Οὔτε
1963 626 2059 681 οὖν

474 723 576 792 τὴν
606 723 702 776 καί
738 721 1010 791 συλλαϐὴν
1039 721 1098 785 ἐξ
1121 719 1294 790 αὐτῆς
1311 721 1404 774 τοῦ
1425 721 1635 788 Κυρίου
1655 720 1839 790 φωνῆς
1861 720 2058 790 προελ-

481 814 685 866 θοῦσαν
712 812 982 881 ἀθετῆσαι
1011 830 1118 866 τινι
1162 813 1543 882 ἣδιαγράφειν
1583 809 1696 864 οἷόν
1727 829 1808 878 τε,
1837 814 1931 867 καὶ
1958 813 2058 883 τὴν

481 903 911 974 ἰσοδυναμοῦσαν
984 904 1122 975 αὐτῇ
1179 905 1336 957 οὐδὲν
1370 904 1431 956 τὸ
1479 903 1689 958 κωλῦον
1723 906 2058 978 καταδεχθῆ-

476 1011 597 1049 ναι·
653 996 722 1066 ἢν
774 995 922 1059 ὅπως
967 995 1082 1065 ἔχει
1138 995 1273 1063 πρὸς
1312 995 1530 1064 ἐκείνην
1583 997 1848 1066 διαφορᾶς
1880 1000 2052 1054 τεκαὶ

477 1087 823 1157 ὁμοιότητος,
867 1087 944 1155 ἐν]
967 1089 1081 1148 τοῖς
1111 1085 1342 1139 κατόπιν
1389 1084 1696 1156 ἐδείξαμεν.
1745 1088 1969 1143 Βίϐαιοῖ
1993 1090 2052 1144 δὲ

473 1182 614 1252 ἡμῖν
660 1180 751 1234 τὸν
777 1179 934 1247 λόγον
960 1180 1054 1232 καὶ
1097 1182 1125 1231 ὁ
1144 1179 1466 1242 Ἀπόστολος
1491 1180 1800 1248 ἀδιαφόρως
1821 1182 2060 1255 ἑκατέρᾳ

473 1277 544 1343 τῇ
567 1274 720 1342 φωνῇ
742 1270 1104 1342 κεχρημένος,
1128 1271 1223 1323 νῦν
1245 1270 1344 1340 μὲν
1361 1269 1556 1338 λέγων,
1577 1271 1684 1326 Ἐν
1706 1271 1786 1338 τῷ
1808 1271 2054 1342 ὀνόματι

477 1367 588 1420 τοῦ
613 1365 832 1432 Κυρίου
872 1363 1070 1430 Ἰησοῦ
1108 1363 1390 1429 Χριστοῦ,
1441 1365 1538 1417 και
1561 1362 1632 1416 ἐν
1652 1363 1735 1430 τῷ
1758 1367 2058 1434 Πνεύματι

479 1456 591 1511 τοῦ
616 1454 763 1509 Θεοῦ
784 1439 974 1522 ὴμῶνο
1006 1453 1165 1508 πάλιν
1198 1454 1276 1518 δὲ,
1313 1454 1748 1523 Συνακθέντων
1770 1454 1940 1524 ὑμῶν
1961 1457 2058 1511 καὶ

471 1547 584 1602 τοῦ
605 1546 752 1615 ἐμοῦ
781 1546 1129 1615 Πνεςύματος
1149 1545 1272 1600 σὺν
1298 1545 1649 1616 τῇβυνάμει
1680 1547 1786 1602 τοῦ
1838 1549 2059 1617 Κυρίου

487 1637 717 1705 Ἰησοῦο
761 1637 917 1690 οὐδὲν
976 1638 1259 1707 διαφέρειν
1297 1637 1624 1708 ἡγούμενος,
1661 1641 1739 1708 τῷ
1771 1643 2058 1712 συνδέσμῳ

2166 541 2282 596 sive
2297 541 2470 606 dicas,
2508 539 2689 594 Gloria
2720 539 2865 596 Patri
2888 552 2943 600 et
2975 542 3112 599 Filio
3137 555 3193 602 et
3228 546 3461 614 Spiritui
3517 559 3733 619 sancto,

2163 633 2279 688 sive
2303 633 2478 700 dicas,
2517 631 2705 690 Gloria
2737 633 2973 690 Patri'et
3006 635 3145 693 Filio
3189 652 3314 694 cum
3362 648 3556 696 sancto
3610 643 3736 713 Spi-

2162 727 2295 781 ritu.
2348 723 2466 780 Non
2503 725 2669 795 igitur
2691 725 2775 782 l'as
2825 727 3195 796 estcuiquam
3243 729 3502 800 syllabam
3543 741 3614 797 et,
3667 746 3737 790 ex

2161 833 2258 873 ore
2307 819 2522 874 Domini
2578 817 2900 888 profectam,
2952 821 3182 891 rejicere
3232 831 3326 878 aut
3378 837 3737 896 expungere:

2163 925 2267 965 nec
2290 909 2589 980 quidquam
2617 919 2762 966 vetat
2787 910 3016 966 alteram
3052 927 3176 982 qua:
3201 912 3344 968 idem
3375 915 3562 984 pollet,
3599 917 3739 973 reci-

2162 1019 2327 1074 pere;
2383 1017 2506 1072 qua:
2555 1005 2834 1074 quomodo
2859 1018 2984 1060 cum
3035 1003 3129 1060 illa
3175 1007 3260 1062 vel
3308 1009 3606 1065 conveniat
3652 1011 3736 1068 vel

2162 1098 2451 1167 discrepet,
2513 1098 2769 1168 superius
2853 1097 3370 1156 demonstravimus.
3429 1101 3733 1158 Conﬁrmat

2163 1195 2344 1242 autem
2410 1189 2736 1242 sententiam
2813 1187 2973 1242 nobis
3024 1194 3078 1241 et
3142 1187 3458 1257 Apostolus,
3511 1187 3737 1243 indill‘e-

2163 1286 2347 1332 tenter
2373 1289 2606 1343 utraque
2649 1291 2783 1332 voce
2816 1286 2974 1332 utens
3018 1277 3292 1331 interdum
3345 1277 3420 1331 ita
3467 1277 3738 1346 loquens:

2161 1364 2230 1421 In
2256 1368 2462 1422 nomine
2493 1366 2706 1420 Domini
2734 1364 2866 1420 Jssu
2928 1363 3155 1432 Christi,
3208 1377 3256 1420 et
3319 1368 3374 1420 in
3403 1365 3608 1436 Spiritu
3645 1364 3742 1420 Dei

2160 1462 2328 1514 nostri
2357 1462 2503 1528 ’με
2541 1476 2758 1522 rursus,
2799 1460 3144 1531 Congregatis
3179 1459 3322 1514 vobis
3368 1467 3419 1513 et
3454 1475 3566 1512 meo
3596 1455 3727 1526 Spi-

2159 1554 2266 1605 ritu
2311 1568 2431 1606 sunt
2476 1553 2669 1606 uirtute
2721 1551 2934 1605 Domini
2979 1550 3109 1604 Jesu
3145 1551 3204 1618 ’;
3267 1550 3402 1603 nihil
3460 1549 3730 1602 interesse

2163 1649 2339 1706 ratus,
2370 1642 2484 1695 sive
2502 1640 2912 1708 conjunctione,
2944 1643 3060 1694 sive
3091 1639 3477 1711 praepositione
3530 1640 3597 1692 ad
3638 1654 3734 1694 tto-

474 1731 512 1802 ἦ
545 1733 614 1802 τῇ
652 1730 947 1801 προσθέσει
977 1732 1116 1800 πρὸς
1150 1731 1249 1801 τὴν
1287 1731 1395 1785 τῶν
1422 1730 1706 1801 ὀνομάτων
1733 1735 2044 1805 συμπλοκὴι

2169 1734 2378 1787 mitium
2418 1734 2866 1802 conjunctionem
2898 1732 3095 1787 utaris.

469 1821 927 1891 ἀποφρήσασθαι.

478 1912 597 1989 Τοῦ
623 1914 990 1989 αὑτοῦηὌτι
1015 1913 1054 1968 d
1089 1913 1378 1989 ,περὶτῶν-
1428 1916 1965 1989 ἀνθρώπωνᾲλέγει
2011 1921 2050 1989 ἡ

546 1984 761 2053 Γραφὴ
795 1985 896 2056 ᾲώς
941 1986 1524 2056 συμϐασιλευόντων
1571 1986 1825 2056 Χριστῷ,
1863 1984 2053 2044 ταῦτα

560 2057 690 2126 περὶ
714 2054 820 2107 τοῦ
839 2055 1182 2126 Πνεύμιιτος
1199 2059 1270 2126 οὐ
1314 2054 1743 2126 συγχωροῦσιν
1783 2061 1836 2114 οἱ
1887 2061 2049 2114 ἀντι-

547 2125 852 2193 λέγοντες.
887 2124 1114 2190 Κεφάλ.
1141 2123 1249 2178 φιϐ’.

549 2215 781 2286 ’Ἱδωμεν
820 2215 879 2269 δὲ
911 2216 1008 2269 καὶ
1069 2217 1123 2268 εί
1152 2233 1272 2271 τινα
1315 2219 1618 2291 ἀπολογίαν
1669 2222 1780 2284 τοῖς
1825 2222 2045 2292 πατρά-

467 2320 559 2356 σιν
582 2305 740 2374 ἡμῶν
767 2306 864 2376 τῆς
900 2308 1146 2380 χρήσεως
1171 2311 1373 2382 ταύτης
1422 2315 1800 2386 ὲπινοήσομεν.
1835 2319 1897 2371 OE
1939 2319 2049 2391 γὰρ

465 2392 572 2464 τὴν
604 2393 777 2466 ἀρχὴν
801 2400 1172 2468 παρασχόντες
1205 2401 1282 2470 τῷ
1319 2403 1460 2472 λόγῳ
1491 2404 1689 2474 μᾶλλον
1727 2408 1886 2478 ἡμῶν
1913 2410 2046 2462 ὑπό-

469 2503 682 2539 κεινται
713 2489 825 2550 τοῖς
859 2489 1183 2566 ἐγκλήμασι.
1223 2491 1434 2556 Παῦλος
1466 2496 1648 2549 τοίνυν
1677 2499 2044 2554 Κολοσσαεῦσι

465 2578 718 2649 γράφων*
742 2581 851 2634 Καὶ
879 2579 1060 2651 ὑμᾶς,
1104 2583 1261 2654 φησὶ,
1300 2585 1549 2654 νεκροὺς
1577 2586 1755 2655 ὄντας
1781 2590 1906 2657 τοῖς
1937 2608 2047 2646 πα-

456 2668 818 2739 ριιπτώμασι
835 2672 934 2726 καὶ
963 2673 1035 2741 τῇ
1061 2675 1446 2744 ἀκροϐυστίᾳ,
1468 2677 1945 2749 συνεζωοποίησε
1966 2683 2046 2748 τῷ

465 2761 726 2828 Χριστῷ.
893 2761 1040 2837 Ἀρα
1077 2764 1174 2821 οὖν
1202 2766 1315 2838 λαῷ
1349 2768 1447 2838 μὲν
1487 2770 1594 2841 ὅλῳ
1619 2773 1711 2825 καὶ
1753 2773 2046 2847 Ἐκκλησία⁵

464 2854 764 2924 ἐχαρίσατο
791 2856 820 2911 ὁ
843 2856 977 2920 Θεὸς
1007 2859 1105 2933 τὴν
1147 2859 1244 2912 σὺν
1277 2861 1497 2935 Χριστῷ
1522 2863 1686 2937 ζωὴν,
1719 2865 1794 2937 τῷ
1824 2866 1880 2920 δὲ
1906 2868 2044 2939 ἁγίῳ

465 2945 748 3018 Πνεύματι
797 2949 919 3020 οὐχὶ
966 2951 1063 3004 σὺν
1118 2952 1418 3026 Χριστῷτὴ
1473 2953 1618 3026 (toﬁ;
1668 2957 1732 3009 Ei
1783 2957 1840 3010 δὲ
1887 2958 2044 3014 τοῦτο

463 3036 563 3088 καὶ
745 3036 955 3109 διανοίᾳ
999 3039 1184 3093 λαϐεῖν
1213 3040 1428 3104 ἀσεϐὲς,
1467 3041 1586 3104 πῶς
1615 3043 1714 3114 οὐχ
1752 3043 1918 3108 ὅσιον,
1968 3044 2044 3109 ὡς

2161 1911 2439 1978 Eiusdem.
2477 1912 2632 1980 Quod
2677 1928 2796 1981 qua:
2845 1914 2910 1967 de
2959 1912 3258 1967 hominibus
3297 1911 3423 1965 dicit
3458 1911 3737 1980 Scriptura

2232 2000 2484 2053 tanquam
2548 1999 2658 2036 una
2713 2000 2830 2037 cum
2881 1983 3086 2038 Christo
3146 1984 3503 2054 regnantibus,
3561 1984 3733 2054 ea__de

2231 2051 2437 2126 Spiritu
2490 2055 2596 2110 dici
2664 2070 2770 2108 non
2841 2057 3128 2109 concedunt
3203 2051 3522 2107 adversarii.
3619 2051 3731 2106 Ca—

2221 2142 2314 2196 put
2348 2127 2441 2183 28.

2228 2218 2522 2274 Videamus
2601 2232 2766 2289 porro
2852 2233 2921 2272 an
3017 2217 3390 2273 defensionem
3484 2215 3721 2284 aliquam

2140 2311 2396 2382 patribus
2447 2311 2655 2366 nostris
2699 2325 2865 2379 super
2915 2309 3233 2380 huiusmodi
3283 2324 3385 2363 usu
3438 2310 3720 2378 possimus

2138 2403 2470 2472 excogitare.
2525 2400 2660 2456 Nam
2711 2402 2804 2471 qui
2848 2401 3007 2455 nobis
3054 2394 3142 2456 'ita
3192 2401 3450 2472 loquendi
3499 2399 3720 2456 fuerunt

2141 2501 2417 2559 auctores,
2481 2493 2655 2564 magis
2711 2507 2875 2563 quam
2933 2508 3037 2548 nos
3089 2493 3302 2546 haerent
3353 2493 3409 2546 in
3463 2493 3715 2548 crimine.

2137 2583 2344 2640 Paulus
2398 2585 2566 2655 igitur
2621 2584 3050 2642 Colossensibus
3099 2584 3350 2639 scribens
3409 2606 3420 2639 :
3481 2582 3556 2638 Et
3595 2600 3714 2649 vos,

2140 2675 2339 2746 inquit,
2399 2691 2520 2728 cum
2569 2676 2754 2730 essetis
2819 2675 3019 2728 mortui
3065 2672 3274 2728 delictis
3321 2689 3385 2726 ac
3429 2677 3714 2742 pra'putio,

2138 2766 2424 2835 viuiﬁcavit
2470 2765 2632 2818 simul
2679 2781 2798 2819 cum
2849 2764 3064 2820 Christo
3126 2771 3168 2818 ³.
3216 2762 3357 2818 Nunt
3404 2765 3570 2836 igitur
3617 2765 3715 2818 toti

2139 2857 2342 2928 populo
2384 2863 2441 2912 et
2481 2855 2742 2912 Ecclesia:
2784 2857 3014 2914 donavit
3067 2854 3212 2912 Deus
3252 2859 3421 2910 vitam
3467 2872 3588 2926 qua:
3633 2865 3718 2913 est

2141 2962 2267 3002 cum
2307 2947 2549 3013 Christo,
2595 2955 2788 3002 sancto
2830 2956 3012 3003 autem
3053 2946 3280 3018 Spiritui
3323 2963 3433 3004 non
3474 2956 3561 3004 est
3607 2950 3719 3002 vita

2143 3053 2271 3094 cum
2310 3038 2572 3095 Christo?
2606 3039 2763 3106 Quod
2787 3041 2835 3097 si
2886 3040 3033 3096 istud
3080 3041 3166 3095 vel
3207 3041 3392 3096 animo
3431 3041 3720 3111 concipere

462 3126 581 3197 ἔχει
621 3126 853 3196 φύσεως,
896 3128 1039 3184 οὕτω
1081 3130 1176 3184 καὶ
1212 3132 1311 3202 τὴν
1348 3131 1636 3202 ὁμολογίαν
1683 3135 2042 3205 συνημμένως

2145 3130 2366 3201 impium
2413 3139 2539 3197 est,
2589 3145 2774 3186 annon
2847 3133 2997 3203 pium
3061 3130 3250 3199 fuerit,
3295 3139 3358 3184 ut
3406 3131 3568 3185 habet
3623 3145 3720 3184 na-

460 3219 806 3285 ὰποδιδόναι;
858 3217 992 3273 Εἶτα
1013 3261 1028 3286 ,
1060 3221 1178 3284 πῶς
1210 3223 1270 3274 οὐ
1313 3224 1413 3293 τῆς
1443 3224 1676 3294 ἐσχάτης
1711 3225 2042 3295 ἀναλγησίας

460 3311 591 3373 τοὺς
635 3311 732 3382 μὲν
755 3311 945 3380 ἁγίους
984 3313 1264 3384 ὁμολογεῖν
1306 3314 1402 3368 σὺν
1431 3315 1652 3387 Χριστῷ
1677 3311 1816 3369 εἶναι
1842 3316 1861 3388 (
1883 3317 2038 3390 είπερ

459 3401 526 3472 δὴ
555 3402 761 3466 Παῦλος
786 3404 1099 3475 ἐκδημήσας
1124 3405 1232 3458 ἀπὸ
1259 3403 1354 3459 τοῦ
1397 3401 1648 3478 σώματος
1820 3408 2041 3478 ὲνδημεῐ

459 3494 600 3564 πρὸς
615 3495 706 3547 τὸν
723 3494 948 3567 Κύριον,
969 3499 1062 3550 καὶ
1079 3497 1352 3563 ἀναλύσας
1370 3499 1466 3552 σὺν
1486 3498 1704 3571 Χριστῷ
1725 3500 1871 3553 ἐστιν
1889 3501 2036 3572 ήδη),

456 3581 539 3654 τῷ
571 3583 628 3637 δὲ
656 3584 930 3656 Πνεύματι
963 3586 1186 3650 τούτους
1217 3587 1350 3659 μηδὲ
1382 3591 1495 3650 τοῖς
1524 3589 1830 3661 ἀνθρώποις
1857 3589 2037 3657 ἐξίσου

461 3677 602 3753 μετὰ
641 3674 878 3747 Χριστοῦ
912 3672 1071 3744 εῖναι,
1124 3679 1246 3747 τόγε
1283 3680 1363 3741 είς
1400 3679 1596 3746 αὐτοὺς
1633 3677 1788 3754 ἦκον,
1822 3683 2034 3751 μεταδι-

455 3763 640 3831 δόναι;
667 3767 774 3823 Καὶ
807 3767 1017 3832 Παῦλος
1059 3769 1194 3823 Θεοῦ
1231 3770 1328 3841 μὲν
1368 3771 1621 3843 συνεργὸν
1653 3773 1841 3826 ἑαυτὸν
1881 3775 1939 3827 ὲν
1968 3776 2034 3844 τῇ

454 3857 736 3929 οἰκονομίᾳ
767 3857 860 3912 τοῦ
904 3860 1236 3930 Εὑαγγελίου
1280 3861 1462 3922 καλεῖο
1505 3862 1566 3915 τὸ
1609 3862 1665 3915 δὲ
1714 3863 1938 3934 Πνεῦμα
1975 3864 2036 3918 τὸ

455 3947 632 4014 ἅγιον,
659 3949 725 4001 δι’
757 3942 817 4002 οὗ
849 3952 906 4002 ὲν
940 3950 1091 4028 πάσῃ
1113 3952 1285 4004 κτίσει
1311 3954 1377 4023 τῇ
1397 3953 1501 4005 ὑπὸ
1522 3953 1610 4006 τὸν
1641 3955 1869 4026 οὐρανὸν
1903 3972 2036 4028 καρ-

456 4042 774 4108 ποφορεῖται
812 4040 873 4092 τὸ
901 4029 1278 4109 Ἐὺαγγέλιον,
1329 4041 1426 4094 ἐὰν
1470 4043 1728 4114 συνεργὸν
1769 4044 2032 4116 εἴπωμεν,

454 4129 737 4183 κάνταῦθα
910 4133 1163 4196 ἀσεϐείας
1189 4132 1406 4204 γραφὴν
1441 4133 1565 4186 καθ’
1610 4133 1766 4205 ἡμῶν
1803 4137 2034 4206 ἀπενέγ-

453 4239 674 4288 καιντο;
719 4223 829 4278 Καὶ
860 4224 935 4288 ὡς
986 4224 1180 4290 ἔοικεν,
1229 4227 1262 4297 ἡ
1311 4228 1406 4298 μὲν
1436 4225 1548 4298 ζωὴ
1575 4227 1682 4280 τῶν
1727 4227 2032 4297 ὴλπικάτων

452 4313 550 4364 ἐπὶ
575 4313 774 4385 Κύριον
794 4315 1099 4386 κέκρυπται
1129 4319 1224 4372 σὺν
1246 4317 1323 4389 τῷ
1349 4318 1568 4390 Χριστῷ
1589 4321 1646 4372 ὲν
1662 4319 1738 4390 τῷ
1755 4319 1873 4391 Θεῷ
1889 4336 1900 4348 ·
1938 4321 2032 4375 καὶ

2140 3228 2286 3286 tura,
2337 3221 2412 3278 ita
2461 3223 2626 3276 etiam
2666 3222 3067 3292 professionem
3121 3221 3458 3291 conjunctim
3516 3221 3721 3291 persol-

2139 3312 2302 3368 vere?
2351 3311 2557 3367 Adhaec
2592 3352 2608 3380 ,
2665 3326 2849 3369 annon
2911 3312 3140 3369 extremi
3200 3313 3444 3384 stuporis
3491 3319 3596 3377 est,
3648 3311 3724 3366 la-

2139 3404 2243 3459 teri
2298 3412 2523 3461 sanctos
2575 3419 2700 3461 esse
2745 3419 2871 3460 cum
2911 3404 3132 3460 Christo
3182 3405 3474 3475 (siquidem
3513 3403 3719 3460 Paulus

2139 3496 2498 3567 peregrinaris
2560 3509 2593 3550 a
2643 3510 2877 3566 corpore
2936 3509 3179 3565 praesens
3220 3504 3308 3551 est
3345 3495 3489 3566 apud
3542 3494 3722 3550 Domi-

2140 3599 2274 3639 num
2311 3590 2372 3651 ι;
2406 3593 2462 3640 et
2511 3584 2606 3639 ubi
2638 3584 2949 3654 emigravit,
2975 3583 3088 3653 jam
3136 3599 3262 3640 cum
3291 3583 3513 3640 Christo
3555 3583 3664 3653 est)
3701 3599 3717 3638 :

2143 3675 2250 3730 hos
2274 3689 2403 3730 vero
2428 3673 2678 3746 Spiritui,
2700 3683 2962 3745 quantum
2992 3675 3212 3746 quidem
3247 3676 3301 3730 in
3332 3676 3468 3745 ipsis
3493 3683 3598 3738 est,
3625 3689 3724 3730 ne-

2142 3780 2249 3836 que
2286 3767 2390 3820 hoc
2424 3764 2698 3830 tribuere,
2735 3776 2795 3820 ut
2829 3781 2986 3836 aeque
3029 3766 3222 3822 saltem
3259 3774 3425 3836 atque
3472 3766 3721 3820 homines

2141 3873 2264 3912 cum
2300 3857 2522 3913 Christo
2557 3857 2662 3912 sit?
2683 3857 2826 3923 Quin
2853 3865 2908 3913 et
2949 3858 3152 3913 Paulus
3183 3859 3422 3928 seipsum
3458 3857 3552 3913 Dei
3587 3872 3720 3912 coo-

2143 3955 2448 4020 peratorem
2477 3949 2718 4019 appellat
2765 3949 2824 4004 in
2855 3949 3335 4005 administratione
3378 3948 3658 4020 Evangelii
3702 3967 3716 4004 :

2141 4038 2236 4094 sed
2264 4036 2530 4107 Spiritum
2561 4046 2839 4103 sanctum,
2871 4055 2968 4110 per
2995 4055 3158 4110 quem
3197 4040 3252 4094 in
3287 4040 3435 4093 omni
3467 4047 3719 4094 creatura

2141 4145 2264 4201 quae
2295 4130 2399 4186 sub
2421 4131 2562 4186 creto
2591 4139 2700 4196 est,
2725 4132 3022 4188 fructiticat
3048 4131 3423 4202 Evangelium,
3453 4133 3498 4188 si
3527 4148 3720 4203 coope-

2110 4248 2114 4250 ·
2139 4231 2377 4279 ratorem
2404 4223 2761 4292 appellemus,
2791 4223 2880 4279 hic
2909 4238 3128 4294 quoque
3147 4225 3441 4294 impietatis
3464 4239 3563 4279 nos
3595 4238 3716 4279 reos

2140 4312 2435 4385 peragent?
2463 4312 2528 4366 Et
2547 4324 2607 4369 ut
2633 4315 2868 4379 videtur,
2903 4315 3009 4370 vita
3039 4318 3374 4386 sperantium
3404 4315 3457 4370 in
3486 4314 3715 4370 Domino

450 4404 593 4502 5131‘).
627 4405 656 4456 ὁ
694 4406 928 4476 Χριστὸς
965 4409 1253 4482 φανερωθῇ
1276 4451 1292 4473 ,
1320 4410 1354 4480 ἡ
1405 4409 1517 4482 ζωὴ
1565 4411 1742 4482 ἡμῶν,
1777 4411 1897 4465 τότε
1937 4412 2030 4468 καὶ

2145 4403 2465 4459 abscondita
2489 4415 2574 4461 est
2606 4419 2731 4460 cum
2763 4405 2986 4462 Christo
3012 4408 3070 4462 in
3105 4406 3244 4473 Deo,
3285 4423 3522 4478 cumque
3553 4405 3718 4462 Chri-

449 4492 604 4546 αὐτοὶ
638 4496 732 4548 σὺν
759 4496 908 4566 αὐτῷ
930 4497 1405 4570 φανερωθήσονται
1435 4501 1493 4553 ὲν
1522 4500 1650 4572 δόξῃ
1671 4516 1686 4533 ο
1714 4501 1846 4554 αὐτὸ
1882 4501 1939 4555 δὲ
1967 4501 2030 4556 τὸ

2145 4505 2263 4550 stus
2291 4493 2609 4566 apparuerit
2629 4495 2741 4550 vita
2766 4504 2980 4560 nostra,
3013 4503 3127 4551 tum
3149 4503 3205 4553 et
3230 4498 3333 4567 ipsi
3366 4513 3490 4553 cum
3521 4512 3587 4552 eo
3619 4510 3719 4566 ap-

447 4581 677 4653 [Ινεῦμα
697 4585 794 4655 τῆς
829 4586 994 4656 ζωῆς,
1021 4588 1080 4640 τὸ
1112 4587 1484 4661 ὲλευθερῶσαν
1512 4591 1656 4661 ἡμᾶς
1688 4591 1795 4644 ἀπὸ
1818 4591 1913 4645 τοῦ
1941 4591 2028 4646 νό-

447 4691 555 4745 μου
584 4675 682 4744 τῆς
724 4677 1019 4748 ἁμαρτίας,
1059 4678 1309 4751 οὐδαμῶς
1350 4681 1467 4733 ἐστι
1501 4682 1598 4734 σὺν
1631 4679 1871 4751 Χριστῷ,
1903 4679 2027 4736 οὖτα

451 4781 513 4847 ιν
540 4777 1004 4851 λανθανούσῃκαὶ
1027 4777 1385 4851 κεκρυμμένῃ
1427 4779 1523 4832 σὺν
1563 4777 1711 4850 αὐτῷ
1746 4774 1882 4847 ζωῇ,
1915 4774 2040 4828 οὔτε

452 4873 510 4925 ὲν
541 4873 608 4942 τῇ
639 4850 945 4941 φανερώσει
973 4872 1072 4940 τῆς
1108 4850 1286 4940 δόξης,
1319 4871 1384 4940 ἣν
1411 4871 1574 4940 ἡμεῖς
1603 4867 1698 4920 ἐπὶ
1714 4868 1827 4930 τοῖς
1865 4865 2041 4935 ἁγίοις

452 4959 865 5031 ἐκφανήσεσθαι
919 4957 1337 5030 προσδοκῶμενς
1378 4957 1719 5031 Κληρονόμοι
1753 4956 1909 5023 Θεοῦ,
1945 4957 2040 5010 καὶ

456 5051 888 5122 συγκληρονόμοι
923 5050 1159 5122 Χριστοῦ
1205 5052 1398 5121 ἡμεῖς’
1435 5049 1496 5102 τὺ
1540 5050 1598 5104 δὲ
1635 5047 1858 5119 Πνεῦμα
1891 5047 2041 5103 ἀπό-

453 5143 659 5213 κληρον
693 5144 788 5197 καὶ
819 5143 1046 5213 ἄμοιρον
1088 5142 1186 5213 τῆς
1213 5131 1497 5206 κοινωνίας
1535 5141 1626 5196 τοῦ
1657 5139 1792 5194 Θεοῦ
1821 5141 1914 5194 καὶ
1944 5139 2036 5192 τοῦ

452 5233 690 5304 Χριστοῦ
723 5233 915 5299 αὑτοῦ;
945 5233 1055 5288 Καὶ
1103 5234 1233 5287 αὐτὸ
1287 5234 1386 5304 μὲν
1415 5234 1477 5287 τὸ
1509 5233 1735 5304 Πνεῦμα
1783 5250 2040 5306 συμμαρ-

450 5328 611 5398 τυρεῖ
644 5325 719 5398 τῷ
762 5324 1033 5398 πνεύματι
1080 5325 1258 5397 ἡμῶν,
1311 5326 1392 5379 ὅτι
1449 5325 1616 5395 ἐσμὲν
1657 5325 1822 5377 τέκνα
1867 5323 2034 5377 Θεοῦο

452 5418 618 5486 ἡμεῖς
648 5415 705 5470 δὲ
732 5415 809 5486 τῷ
840 5414 1120 5486 Πνεύματι
1147 5416 1268 5470 οὐδὲ
1305 5415 1374 5487 ἦν
1402 5414 1556 5488 παρὰ
1586 5413 1678 5468 τοῦ
1707 5414 1911 5486 Κυρίου
1940 5431 2037 5486 μερ

2143 4584 2414 4657 parebunt
2444 4585 2500 4640 in
2529 4586 2702 4658 gloria
2733 4591 2755 4624 ³
2786 4605 2800 4642 :
2824 4586 2943 4657 ipse
2972 4598 3154 4643 autem
3187 4587 3428 4659 Spiritus
3454 4588 3596 4651 vitae,
3625 4588 3718 4656 qui

2141 4677 2393 4733 liberavit
2420 4691 2522 4732 nos
2551 4691 2582 4729 a
2613 4678 2729 4748 lege
2749 4678 2960 4748 peccati
2995 4684 3047 4743 ⁸,
3086 4694 3429 4748 nequaquam
3469 4689 3554 4734 est
3591 4694 3718 4734 cum

2138 4774 2392 4840 Christo,
2435 4790 2610 4845 neque
2639 4775 2695 4828 in
2733 4773 2843 4828 vita
2881 4773 3088 4827 latente
3123 4777 3179 4826 et
3227 4771 3549 4826 abscondita
3591 4787 3718 4830 cum

2140 4865 2256 4929 illo,
2289 4881 2467 4936 neque
2500 4866 2556 4918 in
2587 4862 3024 4919 manifestatione
3051 4862 3259 4932 gloriae,
3305 4877 3469 4933 quam
3511 4878 3614 4919 nos
3659 4865 3718 4920 in

2140 4957 2346 5010 sanctis
2379 4954 2810 5026 patefaciendam
2847 4967 2972 5009 esse
3004 4955 3418 5024 exspectamus?
3454 4952 3716 5012 Haeredes

2138 5043 2234 5100 Dei
2269 5054 2322 5100 et
2370 5045 2684 5101 collect-edes
2720 5043 2931 5100 Christi
2970 5058 3074 5099 nos
3109 5058 3303 5100 sumus
3345 5052 3365 5084 ⁷
3413 5063 3428 5099 :
3475 5043 3717 5116 Spiritus

2138 5151 2269 5191 vero
2303 5136 2549 5191 exhwres
2592 5143 2710 5204 est,
2760 5142 2816 5191 et
2855 5151 3048 5192 exsors
3093 5136 3498 5193 communionis
3527 5136 3623 5192 Dei
3660 5147 3718 5192 et

2137 5227 2342 5283 Christi
2378 5227 2535 5298 ejus?
2561 5227 2626 5282 Et
2660 5229 2778 5298 ipse
2808 5227 3027 5299 quidem
3061 5228 3302 5298 Spiritus
3335 5229 3712 5286 testimonium

2137 5321 2382 5392 perhibet
2431 5322 2650 5392 spiritui
2682 5332 2890 5390 nostro,
2924 5323 3084 5393 ‘quod
3123 5323 3297 5378 simus
3329 5321 3423 5376 lilii
3471 5319 3564 5376 Dei
3611 5327 3633 5359 ⁸
3687 5333 3708 5380 :

2135 5426 2241 5470 nos
2262 5427 2392 5469 vero
2424 5411 2675 5483 Spiritui.
2702 5429 2770 5470 ne
2801 5413 2924 5487 ejus
2953 5413 3173 5488 quidem
3207 5412 3513 5480 societatis,
3545 5427 3710 5484 quam

527 5695 555 5774 l_
579 5696 704 5751 Cor.
744 5713 819 5762 νι,
866 5698 949 5774 ll.
1026 5697 1045 5774 ξ
1081 5695 1344 5774 [βοτηῃ
1382 5702 1434 5758 4.
1512 5704 1533 5735 ⁸
1567 5702 1779 5760 Coloss.
1822 5721 1884 5774 tt,
1919 5705 2007 5763 15.

2145 5705 2176 5761 Il
2203 5705 2332 5762 Cor.
2363 5721 2416 5772 v,
2467 5704 2524 5760 8.
2598 5695 3132 5765 ‘Coloss.m,5,4.
3204 5694 3416 5754 l'Rom.
3468 5709 3592 5763 vm,
3644 5695 3702 5756 3.

454 5766 478 5809 ⁵
517 5764 676 5827 limit.
709 5783 826 5836 vm,
861 5768 948 5824 l7.
1026 5769 1045 5800 ⁷
1081 5769 1220 5825 ibid.
1255 5770 1345 5825 16.
