4078 6292
448 332 558 398 799

1686 344 2074 407 EUTHYMH
2117 347 2482 409 ZIGABENI

3607 351 3714 411 800

442 482 519 536 illi
543 494 669 535 cum
701 477 812 534 Deo
831 487 953 535 esse
980 493 1009 532 a
1034 477 1267 533 Domino
1297 475 1610 539 didicimus,
1644 477 2014 532 testiinonium

2132 480 2353 552 μαϐήκα
2364 498 2461 557 μεν
2493 481 2592 552 τῆς
2632 480 2764 553 πρὸς
2792 480 2927 536 Θεδν
2955 481 3242 548 κοινωνίας
3269 479 3372 554 τὴν
3405 485 3710 555 μαρτυρίαν

442 571 789 641 praebemus?
818 569 992 624 Porro
1014 569 1159 640 quod
1185 576 1268 624 est
1296 570 1548 624 amentiae
1576 577 1762 639 caput,
1795 585 1896 624 nos
1929 582 2022 640 per

442 665 600 718 tidem
627 665 683 719 in
709 663 986 719 Christum
1011 668 1131 732 qua:
1157 671 1238 716 est
1272 662 1326 714 in
1362 659 1590 732 Spiritu,
1613 671 2021 717 resurrecturus

441 769 567 808 cum
595 755 690 808 illo
722 763 775 809 et
798 755 959 808 simul
997 768 1120 806 cum
1155 753 1251 806 illo
1280 766 1534 806 sessurus
1561 767 1685 807 esse
1725 753 1779 805 in
1823 766 2018 821 super-

439 847 760 902 cuciestibus
801 859 1106 916 speramus,
1139 845 1769 901 etnn-ti-ansformaverit
1818 855 2020 915 corpus

443 937 761 992 humilitatis
781 945 989 992 nostra:
1012 937 1080 990 ab
1106 937 1327 991 ani-mali
1349 938 1418 991 ad
1447 937 1752 1008 spiritnaie;
1793 935 2020 1007 Spiritui

441 1039 577 1083 vero
595 1044 706 1082 non
737 1039 1090 1094 consessum,
1127 1039 1235 1082 non
1262 1029 1514 1099 gloriam,
1534 1043 1643 1082 non
1678 1029 1826 1082 aliud
1859 1029 2022 1098 quid-

443 1129 606 1190 quam
625 1133 961 1190 eorum-quaa
990 1121 1058 1175 ab
1089 1121 1206 1191 ipso
1229 1121 1513 1184 habemus,
1539 1121 1907 1190 impertimu-s?
1926 1121 2022 1177 sed

443 1213 650 1282 quibus
681 1226 781 1267 nos
959 1213 1108 1282 ipsos
1136 1225 1256 1266 esse
1279 1212 1495 1283 dignos,
1528 1228 1596 1267 ex
1617 1212 1738 1281 ejus
1772 1213 1862 1282 qui
1896 1227 2020 1282 pro-

442 1303 591 1357 misit
628 1317 752 1357 non'
789 1303 1041 1357 mendaci
1086 1318 1335 1367 munere,
1365 1303 1664 1366 credimus,
1699 1303 1893 1357 horum
1935 1303 2022 1356 ni-

442 1394 516 1447 hil
560 1393 788 1464 Spiritui
821 1403 1032 1458 sancto,
1055 1395 1210 1465 quasi
1236 1404 1497 1464 superent
1526 1395 1673 1449 illius
1705 1394 2022 1464 dignitatem

443 1485 912 1540 culicedimtts?'Et
945 1485 1042 1538 tibi
1068 1485 1286 1555 quidem
1314 1500 1419 1555 pro
1437 1485 1628 1539 merito
1657 1485 1784 1539 licet
1810 1499 2024 1554 semper

443 1589 566 1629 esse
593 1591 715 1629 cum
752 1575 983 1629 Domino
1018 1595 1030 1628 :
1067 1583 1120 1629 et
1153 1582 1466 1644 exspectas,
1505 1582 1563 1628 ut
1596 1583 1788 1644 raptus
1836 1576 1889 1627 in
1920 1589 2023 1627 nu-

443 1670 604 1724 bibus
629 1669 686 1722 in
716 1684 1009 1724 occursum
1051 1670 1104 1724 in
1136 1684 1318 1724 aerem
1339 1711 1352 1733 ,
1388 1685 1606 1740 semper
1636 1671 1714 1725 sis
1753 1685 1876 1725 cum
1912 1668 2020 1724 Do-

443 1762 590 1814 mino
619 1761 635 1790 ¹
697 1778 711 1813 :
755 1759 1018 1829 Spiritum
1069 1769 1252 1816 autem
1293 1775 1443 1814 nunc
1472 1776 1596 1816 esse
1629 1776 1753 1815 cum
1799 1763 2021 1818 Christo

443 1851 642 1920 negas?
680 1849 781 1916 Qui
822 1853 1033 1906 scilicet
1065 1869 1212 1919 eum,
1246 1853 1340 1923 qui
1371 1853 1550 1923 ipsum
1596 1869 1719 1906 cum
1755 1852 1913 1908 Patre
1957 1869 2022 1910 ac

443 1937 582 1993 Filio
613 1949 861 1996 numerat
884 1958 946 1997 ac
974 1945 1140 2006 locat,
1179 1944 1408 2013 expellis
1437 1953 1490 1998 et
1520 1943 1698 2014 ejicis,
1741 1945 1888 1999 velut
1925 1946 2019 2015 qui

441 2031 774 2102 impietatem
803 2049 910 2088 non
946 2034 1220 2088 ferendam
1257 2035 1559 2091 admiserit.

625 2122 799 2178 Pudet
827 2126 1035 2194 reliqua
1070 2126 1390 2195 adjungere;
1422 2127 1567 2196 quod
1601 2134 1657 2180 tu
1683 2126 1902 2196 quidem
1932 2143 2020 2183 ex-

441 2222 659 2282 spectas
687 2211 823 2276 lore,
855 2224 912 2267 ut
939 2230 1062 2268 cum
1092 2214 1314 2268 Christo
1339 2214 1660 2284 gloriﬁceris
1699 2234 1713 2269 :
1746 2215 2017 2288 siquidem

441 2304 604 2359 simul
635 2304 945 2375 amigiinur,
976 2314 1035 2358 ut
1059 2306 1224 2360 simul
1255 2320 1475 2376 quoque
1505 2306 1879 2376 gloriﬁcemur
1939 2314 1960 2344 ³
1999 2328 2014 2365 :

443 2395 706 2466 Spiritum
729 2406 909 2452 autem
935 2396 1390 2454 sanctiﬁcationis
1420 2414 1528 2452 non
1561 2397 1834 2468 gloriﬁcas
1854 2400 2017 2456 simul

433 2506 558 2544 cun
597 2491 838 2556 Christo,
875 2495 1033 2563 quasi
1065 2509 1134 2548 ne
1176 2494 1294 2563 pari
1329 2492 1548 2564 quidem
1598 2501 1778 2550 tecum
1811 2495 2019 2552 honore

432 2583 678 2653 dignum.
712 2583 776 2637 Et
809 2599 865 2640 tu
893 2587 1119 2655 quidem
1151 2601 1344 2655 speras
1378 2596 1431 2643 te
1477 2602 1604 2642 cum
1651 2601 1718 2643 eo
1761 2598 2017 2658 regnatu-

433 2689 577 2739 ruat,
619 2675 883 2744 Spiritum
916 2692 1044 2732 vero
1069 2679 1263 2746 gratiae
1285 2679 1459 2733 atlicis
1482 2674 1838 2746 contumelia,
1872 2683 2016 2736 servi

434 2765 734 2835 famulique
782 2768 960 2820 locum
1009 2768 1086 2823 illi
1129 2769 1439 2840 assignans.
1484 2771 1661 2840 Atque
1708 2773 1823 2828 haec
1855 2773 2014 2840 dico,

433 2869 543 2910 non
580 2863 640 2909 ut
671 2856 938 2912 duntaxat
967 2860 1256 2914 ostendam
1289 2863 1626 2917 tantumdem
1665 2863 1892 2920 honoris
1921 2865 2018 2919 de-

433 2945 550 3002 beri
577 2945 802 3016 Spiritui
835 2948 888 3002 in
905 2949 1324 3018 gloriﬁcatione,
1359 2953 1453 3008 sed
1474 2962 1534 3008 ut
1565 2955 2014 3014 illorumdemen‘

433 3036 562 3089 tiam
598 3037 946 3109 redarguam,
976 3043 1069 3110 qui
1102 3059 1171 3098 ne
1196 3043 1301 3099 hoc
1325 3045 1546 3115 quidem
1573 3047 1652 3100 illi
1678 3049 2010 3116 comedunt,

433 3127 530 3183 sed
561 3130 704 3185 velut
730 3131 1084 3200 impietatem
1106 3134 1364 3202 horrent,
1415 3136 1653 3206 Spiritus
1693 3156 1818 3196 cum
1848 3141 2013 3199 Patre
2046 3141 2087 3195 (Ξ

432 3226 488 3274 et
520 3218 658 3276 Filio
681 3222 736 3276 in
767 3223 943 3292 gloria
971 3228 1336 3284 consortium.
1361 3228 1496 3295 Quis
1533 3240 1712 3301 potest
1745 3234 1858 3289 hac
1886 3237 2012 3292 abs-'-

432 3325 539 3378 que
568 3313 769 3380 gemitu
807 3319 1273 3373 commemorare?
1297 3317 1494 3372 unus
1533 3320 1880 3377 manifestum
1905 3333 2008 3390 est,

432 3400 510 3453 ita
544 3411 602 3454 ut
633 3403 714 3456 vel
749 3417 886 3471 puer
917 3405 1206 3475 intelligat,
1235 3423 1301 3462 ea
1335 3425 1458 3478 quae
1481 3425 1632 3464 nunc
1661 3412 1796 3466 ﬁunt
1827 3429 2010 3482 picae-

435 3491 542 3543 inia
567 3504 690 3548 esse
725 3491 1056 3552 deiectionis
1087 3499 1245 3563 ﬁdei,
1279 3514 1446 3568 quam
1485 3503 1730 3559 minatus
1773 3515 1857 3560 est
1903 3507 2009 3562 Dos

432 3581 654 3636 minus?
702 3583 914 3648 Quibus
941 3588 1244 3644 contradici
1287 3588 1372 3645 fas
1409 3605 1518 3644 non
1561 3599 1718 3657 erat,
1767 3607 1834 3649 ea
1865 3594 2014 3652 facta

433 3679 566 3725 sunt
605 3673 882 3742 ambigua.
927 3676 1214 3732 Credimus
1264 3677 1320 3733 in
1365 3677 1670 3749 Spiritum,
1711 3690 1766 3737 et
1803 3685 2010 3740 nostris

433 3763 675 3828 ipsorum
723 3764 1160 3833 professionibus
1201 3783 1594 3840 repugnamus.
1634 3771 2006 3842 Baptivzamur,

429 3860 488 3904 et
516 3867 736 3908 rursum
767 3870 1096 3924 pugnamus.
1128 3856 1197 3912 Ut
1222 3859 1347 3914 vitae
1364 3868 1642 3916 auctorem
1663 3863 2006 3928 invocamus,

432 3950 488 3995 et
535 3952 591 3996 ut
623 3961 950 4002 conservum
991 3949 1354 4019 despicimus.
1393 3952 1530 4008 Cum
1582 3952 1746 4011 Patre
1778 3965 1833 4010 et
1868 3956 2008 4013 Filio

434 4030 698 4102 Spiritum
738 4039 1082 4108 accepimus,
1127 4049 1182 4097 et
1217 4059 1344 4098 eum
1385 4051 1446 4098 ut
1488 4054 1753 4102 creatura:
1793 4059 2003 4117 partem

430 4128 765 4195 contemptui
809 4128 1098 4186 habemus.
1146 4133 1240 4188 lsti
1269 4142 1451 4188 autem
1477 4175 1492 4197 ,
1532 4137 1663 4205 quid
1705 4152 1865 4192 orare
1909 4139 2006 4192 dc—

421 4209 586 4263 heant
614 4211 923 4265 nescientes
981 4219 1027 4278 ³,
1059 4213 1108 4268 si
1147 4230 1214 4269 eo
1257 4216 1646 4281 adducuntur,
1690 4227 1749 4272 ut
1796 4219 2004 4288 aliquid

419 4302 582 4356 etiam
614 4301 899 4372 magniﬁce
929 4303 1225 4378 loquantur
1245 4307 1312 4361 de
1329 4306 1561 4377 Spiritu,
1592 4308 1818 4377 perinde
1848 4311 2004 4377 quasi

2125 571 2566 642 κατατιθέμεθα;
2609 573 2681 624 Τὸ
2720 573 2776 626 δὲ
2820 573 3117 644 κεφάλαιον
3164 576 3262 646 τῆς
3303 574 3505 639 ἀνοίας,
3552 575 3712 646 ἡμεῖς

2129 663 2226 734 μὲν
2255 662 2343 716 διὰ
2388 664 2488 733 τῆς
2535 664 2616 727 είς
2643 666 2876 735 Χριστὸν
2917 666 3152 730 πίστεως
3191 667 3291 736 τῆς
3341 669 3400 719 ἐν
3435 667 3711 737 Πνεύματι

2128 755 2624 827 συνεγεροήσεσϐαι
2678 758 2826 828 αὐτῷ
2872 759 2966 812 καὶ
3015 759 3459 827 ωγκαϐεδείσθαι
3656 762 3712 814 ἐν

2123 848 2236 909 τοῖς
2265 849 2609 920 ἐπουρανίοις
2638 849 2949 920 ἐλπίζομεν,
2995 851 3124 903 ὃταν
3171 851 3627 922 μετασχηματίσῃ
3655 852 3714 905 τὸ

2127 938 2290 1009 σῶμα
2315 940 2417 1010 τῆς
2450 939 2835 1002 ταπεινώσεως
2873 940 3030 1012 ἡμῶν
3052 941 3160 995 ἀπὸ
3183 941 3279 994 τοῦ
3309 942 3544 1013 ψυχικοῦ
3581 944 3714 1016 πρὸς

2119 1029 2183 1082 τὺ
2230 1031 2600 1101 πνευματικόν
2621 1049 2633 1062 ·
2667 1031 2753 1101 τῷ
2784 1031 2842 1086 δὲ
2893 1033 3175 1104 Πνεύματι
3211 1033 3271 1086 οὐ
3303 1035 3611 1106 συνεδρίας,
3652 1037 3712 1088 οὐ

2121 1119 2301 1191 δόξης,
2328 1123 2426 1174 οὐκ
2455 1121 2616 1174 ἄλλου
2641 1121 2809 1186 τινος,
2835 1116 2912 1176 ὧν
2939 1123 3136 1194 ἔχομεν
3166 1124 3296 1195 παρ’
3318 1124 3509 1190 αὐτοῦ,
3545 1141 3710 1196 μετα-

2119 1211 2375 1282 δίδομεν;
2412 1211 2528 1265 ἀλλ’
2576 1205 2652 1266 ὧν
2697 1213 2925 1277 ἑαυτοὺς
2977 1214 3163 1280 ἀξίους
3220 1211 3379 1279 εἶναι,
3418 1215 3565 1268 κατὰ
3616 1217 3712 1288 τὴν

2120 1302 2324 1374 ἀψευδῆ
2345 1303 2438 1356 τοῦ
2475 1304 2944 1376 ἐπαγγειλαμένου
2976 1305 3207 1378 δωρεὰν,
3235 1308 3707 1378 πεπιστεύκαμεν,

2119 1393 2325 1447 τούτων
2351 1395 2564 1459 οὐδενὸς
2600 1396 2678 1466 τῷ
2723 1396 3001 1467 Πνεῦματι
3045 1396 3124 1466 τῷ
3171 1396 3309 1468 ἀγίῳ
3337 1397 3412 1459 ὡς
3442 1397 3709 1469 ὑπερϐαί-

2120 1499 2303 1547 νοντος
2327 1486 2494 1539 αὐτοῦ
2515 1487 2614 1558 τὴν
2643 1487 2802 1552 ἀξίαν
2829 1487 3267 1560 παραχωροῦμεν
3291 1504 3305 1555 ;
3347 1489 3460 1541 Καὶ
3499 1489 3586 1541 σοι
3616 1489 3708 1560 μὲν

2121 1577 2264 1630 κατά
2291 1577 2392 1650 τὴν
2421 1576 2584 1642 ἀξίαν
2624 1581 2741 1632 ἐστὶ
2783 1580 3011 1634 πάντοτε
3050 1575 3187 1633 εῖναι
3223 1581 3319 1633 σὺν
3366 1578 3447 1650 τῷ
3501 1580 3706 1651 Κυρίῳ,

2123 1667 2216 1721 καὶ
2251 1668 2576 1740 προσδοκᾷς,
2611 1671 2881 1740 ἀρπαγεὶς
2918 1672 2978 1724 ἐν
3003 1670 3359 1740 νεφέλαις-είς
3403 1671 3708 1742 ἀπάντησιν

2122 1759 2205 1822 είς
2222 1760 2378 1830 ἀέρα,
2404 1761 2634 1813 πάντοτε
2659 1760 2973 1814 συνέσεσθαι
3002 1761 3080 1832 τῷ
3104 1763 3322 1833 Κυρίῳ·
3353 1763 3415 1816 τὸ
3452 1763 3515 1817 δὲ
3548 1763 3708 1817 Πνεῦ-

2125 1867 2200 1920 μα
2229 1849 2322 1902 νῦν
2356 1850 2656 1919 ἀντιλέγεις
2853 1848 2990 1905 εἶναι
3041 1853 3136 1906 σὺν
3166 1851 3246 1923 τῷ
3279 1853 3542 1926 Χριστῷ;
3571 1855 3706 1924 ὂςγε

2116 1940 2211 1994 τὸν
2237 1938 2676 2012 συναριθμοῦνται
2705 1941 2838 1995 αὐτὸ
2871 1939 2964 1996 καὶ
3007 1943 3370 1997 συντάσσοντα
3409 1945 3593 2016 Πατρὶ
3618 1947 3707 1999 καὶ

2120 2032 2234 2105 Υίῷ
2281 2033 2556 2105 ἐξόριστον
2604 2033 2836 2101 τίθεσαι,
2881 2033 2956 2097 ὡς
3002 2034 3250 2106 ἀφόρητα
3303 2035 3694 2092 δυσσεϐοῦντα.

2316 2124 2648 2195 Αἰσχύνομαι
2702 2127 2998 2195 ἐπαγαγεῖν
3031 2127 3098 2181 τὰ
3149 2126 3473 2197 λειπόμενα,
3519 2129 3601 2181 ὅτι
3643 2129 3703 2181 σὺ

2119 2214 2219 2286 μὲν
2256 2215 2782 2288 συνδοξασθήσεσθαι
2815 2217 3037 2289 Χριστῷ
3062 2219 3363 2288 προσδοκᾷς
3385 2218 3574 2290 (εἴπερ
3604 2219 3703 2292 γὰρ

2118 2305 2515 2377 συμπάσχομεν
2551 2308 2637 2361 ἵνα
2665 2308 2760 2361 καὶ
2787 2307 3272 2378 συνδοξασθῶμεν)·
3304 2309 3363 2362 τὸ
3394 2309 3453 2362 δὲ
3494 2309 3706 2380 Πνεῦμα

2115 2397 2215 2467 τῆς
2249 2398 2560 2469 ἁγιωσύνης
2583 2400 2657 2453 ὀὑ
2699 2401 3034 2468 συνδοξάξεις
3077 2400 3319 2473 Χριστῷ,
3355 2401 3430 2465 ὼς
3473 2403 3593 2455 οὐδὲ
3627 2406 3702 2456 σοι

2115 2489 2222 2542 τῶν
2253 2490 2382 2542 ἴσων
2410 2490 2698 2560 τυγχάνειν
2723 2490 2893 2558 ἄξιον.
3080 2493 3189 2545 Καὶ⁴
3220 2493 3284 2544 σὺ
3323 2491 3422 2562 μὲν
3461 2492 3696 2556 ἐλπίζεις

2117 2581 2538 2651 συμϐασιλεύειν
2559 2599 2570 2612 ·
2597 2583 2657 2634 τὸ
2672 2583 2727 2635 δὲ
2757 2582 2979 2653 Πνεῦμα
3003 2583 3103 2653 τῆς
3124 2583 3344 2653 χάριτος
3369 2583 3692 2654 ἐνυϐρίζεις,

2114 2669 2210 2742 τὴν
2235 2672 2420 2726 δούλου
2443 2673 2592 2744 αὐτῷ
2620 2675 2708 2727 καὶ
2743 2675 3015 2746 ὑπηρέτου
3044 2674 3196 2741 τάξιν
3217 2673 3568 2746 ἀποκληρῶν.
3593 2675 3694 2728 Καὶ

2112 2761 2285 2816 ταῦτα
2340 2764 2505 2832 λέγω,
2558 2767 2657 2837 οὐχ
2713 2767 2799 2820 ἵνα
2850 2766 3100 2820 τοσοῦτον
3148 2767 3304 2832 δείξω
3351 2768 3693 2839 ὀφειλόμενον

2113 2852 2252 2908 εῖναι
2285 2858 2364 2918 είς
2389 2857 2696 2925 δοξολογίαν
2724 2851 2802 2928 τῷ
2821 2857 3099 2929 Πνεύματι
3123 2876 3136 2890 ο
3161 2858 3274 2912 ἀλλ’
3299 2860 3385 2911 ἵνα
3404 2859 3506 2930 τὴν
3527 2861 3692 2928 ἀγνω-

2115 2948 2354 3020 μοσύνην
2388 2948 2592 3017 ἐλέγξω
2629 2948 2738 3002 τῶν
2787 2950 2920 3021 μηδὲ
2951 2950 3205 3004 τοσοῦτον
3255 2951 3530 3014 διδόντων,
3584 2949 3690 3003 ἀλλ’

2109 3037 2185 3101 ὡς
2236 3039 2489 3094 ἀσέϐειαν
2541 3040 2851 3108 φευγόντων
2895 3041 2994 3112 τὴν
3047 3040 3140 3094 τοῦ
3193 3041 3514 3110 Πνεύματος
3563 3040 3692 3113 πρὸς

2113 3129 2240 3182 Υίὸν
2272 3131 2366 3183 καὶ
2401 3131 2624 3201 Πατέρα
2666 3131 2948 3184 κοινωνίαν
2995 3131 3095 3200 τῆς
3136 3123 3313 3200 δόξης.
3354 3133 3454 3196 Τίς
3479 3132 3690 3185 δύναται

2111 3220 2283 3274 ταῦτα
2316 3222 2609 3274 ἀστενακτὶ
2635 3221 2925 3291 παρελθεῖν
2950 3238 2964 3286 ;
2992 3224 3060 3274 Ἦ
3102 3221 3210 3294 γὰρ
3236 3222 3357 3291 οὐχὶ
3412 3221 3689 3295 προδήλως

2112 3309 2253 3363 ὥστε
2442 3311 2546 3370 κᾶν
2587 3311 2739 3364 παιδὶ
2770 3310 3022 3380 γενέσθαι
3063 3308 3356 3381 γνώριμον,
3403 3311 3506 3383 τὴν
3538 3312 3689 3365 ἀπει-

2110 3401 2364 3473 ληοεῖσαν
2381 3401 2478 3472 τῆς
2496 3401 2731 3466 πίστεως
2752 3400 2989 3470 ἔκλειψιν
3007 3401 3450 3472 προοιμιάζονται
3470 3400 3538 3454 τὰ
3558 3418 3689 3471 παρ-

2110 3492 2267 3560 όντας
2309 3492 2605 3565 Ἀμφίὸολα
2630 3492 2820 3561 γέγονε
2856 3492 2923 3545 τὰ
2953 3491 3339 3564 ἀναντίρρητα.
3364 3485 3688 3564 Πιστεύομεν

2112 3585 2193 3648 είς
2222 3586 2284 3638 τὸ
2305 3584 2530 3656 Πνεῦμα
2549 3601 2563 3615 ο
2591 3586 2685 3638 καὶ
2701 3588 2820 3649 ταῖς
2838 3585 3133 3655 ἡμετέραις
3160 3584 3336 3638 αὐτῶν
3382 3585 3689 3655 ὁμολογίαις

2112 3675 2549 3746 ζυγομαχοῦμεν.
2593 3674 3008 3745 Βαπτιζόμεθαο
3063 3675 3156 3728 καὶ
3189 3675 3350 3729 πάλιν
3383 3675 3683 3747 μαχόμεθα.

2124 3768 2210 3831 Ὧς
2255 3767 2497 3839 ἀρχηγὸν
2530 3767 2630 3838 τῆς
2670 3766 2815 3838 ζωῆς
2840 3765 3274 3836 ἐπικαλούμεθα·
3313 3767 3406 3820 καὶ
3440 3765 3516 3830 ὡς
3565 3768 3686 3837 ὁμο-

2110 3859 2296 3913 δούλου
2331 3857 2796 3929 καταφρονοῦμεν.
2830 3857 2986 3910 Μετά
3027 3857 3242 3928 Πατρὸς
3271 3857 3365 3911 καὶ
3395 3857 3522 3910 Υίοῦ
3553 3874 3684 3928 παρ-

2110 3948 2392 4016 ελάϐομεν·
2433 3947 2524 3998 καὶ
2553 3947 2629 4012 ὡς
2661 3946 2826 4017 μέρος
2855 3947 2952 4016 τῆς
2980 3946 3210 4010 κτίσεως
3247 3946 3600 4018 ἀτιμάζομεν.
3626 3946 3684 3998 Oi

2111 4038 2187 4101 δὲ,
2213 4038 2264 4090 τί
2292 4036 2678 4109 προσεύξονται
2707 4037 2780 4108 μὴ
2804 4036 3021 4101 εἰδότες,
3042 4037 3137 4091 ἐάν
3161 4055 3214 4091 τι
3233 4037 3332 4091 καὶ
3362 4035 3678 4107 φθέγξασθαι

2113 4127 2305 4196 σεμνὸν
2355 4128 2479 4196 περὶ.
2531 4126 2624 4179 τοῦ
2679 4126 2995 4197 Πνεύματος
3202 4127 3568 4198 προαχθῶσιν,
3611 4125 3680 4189 ὡς

2105 4220 2482 4292 ἐφικνούμενοι
2507 4223 2607 4292 τῆς
2627 4222 2802 4288 ἀξίας,
2835 4222 3120 4285 κολάζουσι
3149 4222 3243 4275 τοῦ
3270 4221 3429 4290 λόγου
3455 4221 3513 4273 τὸ
3535 4221 3685 4290 ὑπερ-

2110 4314 2305 4364 πῖπτον
2349 4311 2447 4383 τὴν
2495 4314 2856 4384 συμμετρίαν.
2909 4313 3016 4377 Οὓς
3070 4313 3235 4385 ἐχρῆν
3268 4312 3556 4384 ὀδύρεσθαι
3590 4311 3682 4380 τὴν

423 4390 746 4462 dignitatem
775 4394 950 4463 ipsius
983 4409 1384 4464 assequamur;
1415 4399 1559 4469 quod
1607 4400 1660 4453 in
1699 4399 2002 4454 dictisnno-

2115 4405 2392 4459 ἀσθένειαν
2414 4423 2426 4435 ·
2471 4406 2552 4458 ὅτι
2581 4399 2657 4459 ὧν
2690 4406 2835 4478 ἔργῳ
2881 4408 3181 4477 πάσχομεν,
3211 4406 3390 4474 λόγοις
3424 4403 3680 4472 ἀντιπλη-

421 4481 551 4538 dum
587 4484 842 4551 excedit,
890 4487 1216 4554 reprimunt.
1253 4489 1416 4556 Quos.
1439 4507 1602 4546 suam~
1633 4491 2002 4548 inﬁrmitatem

420 4571 702 4642 deplorare
747 4575 1036 4644 oportebat
1086 4595 1098 4630 :
1136 4579 1403 4647 quoniam
1431 4569 1612 4635 idonei
1643 4597 1750 4635 non
1789 4598 2002 4648 sumus,

421 4662 518 4732 qui
557 4679 656 4732 pro
688 4665 992 4732 beneﬁciis,
1027 4668 1230 4736 quibus
1267 4671 1448 4739 reipsa
1478 4670 1774 4738 aﬁicimur,
1821 4675 2005 4730 verbis

419 4756 624 4826 gratias
653 4770 908 4826 agamus.
952 4758 1188 4828 Superat
1235 4761 1380 4814 enim
1424 4777 1641 4818 omnem
1672 4763 2005 4820 intellectum

421 4859 486 4899 ac
523 4848 797 4903 sermonis
831 4857 1084 4905 naturam
1124 4852 1436 4923 redarguit,
1473 4868 1597 4908 cum
1638 4871 1703 4908 ea
1743 4872 1812 4912 ne
1849 4859 2008 4911 mini-

420 4952 564 4990 mam
597 4939 816 5008 quidem
839 4941 1120 5010 dignitatis
1150 4943 1297 5001 illius
1330 4954 1542 5016 partem
1559 4947 1829 5019 aquuet,
1851 4949 2006 5018 juxta

419 5025 586 5080 verba
641 5025 908 5098 libri-qui
973 5029 1296 5088 inscribitur
1343 5034 1624 5104 Sapientia
1687 5057 1701 5094 :
1753 5037 2008 5094 Exaltate

423 5117 564 5172 enim
590 5155 606 5182 ,
640 5115 817 5186 inquit
847 5156 862 5182 ,
895 5127 1352 5194 quantumcunque
1393 5127 1672 5195 potueritis
1720 5146 1737 5182 :
1789 5140 2003 5198 superat

412 5206 556 5260 enim
583 5217 632 5261 et
661 5207 855 5272 adhuc;
877 5220 924 5262 et
952 5210 1247 5268 exultantes
1270 5231 1387 5268 eum
1415 5218 1786 5286 multiplicate.
1817 5219 2000 5275 Nolite

419 5297 661 5353 laborare
692 5315 710 5352 :
743 5317 847 5354 non
881 5303 1019 5356 enim
1047 5308 1399 5375 assequemini
1459 5315 1498 5362 ι.
1531 5309 1789 5366 Profecto
1833 5313 1995 5366 terri—

2111 4497 2239 4568 ροῦν
2259 4499 2356 4570 τὴν
2378 4501 2538 4570 χάριν
2561 4500 2659 4552 οὐκ
2687 4498 3044 4571 ἐξαρκοῦμεν.
3079 4499 3366 4570 ’Υπερέχει
3391 4499 3498 4569 γὰρ
3514 4496 3679 4549 πάντα

2109 4588 2255 4653 νοῦν,
2287 4592 2380 4642 καὶ
2415 4591 2572 4658 λόγου
2620 4590 2782 4660 φύσιν
2806 4591 3043 4661 ἐλέγχει,
3073 4591 3193 4644 οὐδὲ
3227 4589 3503 4660 πολλοστῷ
3535 4586 3676 4658 μέρει

2108 4679 2209 4747 τῆς
2243 4681 2399 4744 ἀξίας
2443 4683 2850 4752 παρισουμένην
3077 4681 3217 4735 κατὰ
3252 4682 3344 4736 τὸν
3389 4681 3542 4748 λόγον
3587 4675 3677 4742 τῆς

2109 4772 2553 4844 ἐπιγραφομένης
2579 4774 2798 4845 Σοφίαςο
2844 4772 3141 4841 ’Υψώσατε
3183 4774 3312 4842 γὰρ,
3361 4771 3512 4842 φησὶ,
3551 4769 3676 4821 κα)-

2106 4865 2260 4917 όσον
2300 4863 2376 4918 ἂν
2426 4864 2725 4933 δύνησθε·
2796 4863 3073 4934 ὑπερέχει
3118 4864 3361 4934 γὰρ’καί
3407 4863 3530 4918 ἔτι·
3583 4853 3672 4910 καί

2108 4956 2411 5024 ύψοῦντες
2439 4955 2628 5010 αὑτὸν
2654 4958 3022 5025 πληθύνατε.
3042 4959 3096 5008 Μ
3105 4954 3138 5023 ὴ
3165 4954 3435 5010 κοπιᾶτε’
3475 4953 3543 5008 οὐ
3577 4950 3672 5021 γὰρ

2101 5045 2186 5114 μὴ
2234 5047 2544 5115 ἑφίκησθε.
2596 5043 2672 5101 Ἦ
2706 5067 2806 5102 που
2863 5048 3092 5120 φοϐεραὶ
3129 5045 3257 5118 ὑμῖν
3287 5049 3343 5100 αἱ
3396 5045 3531 5116 ὑπὲρ
3572 5039 3670 5092 τῶν

2107 5153 2362 5190 τοιουτων
2407 5138 2581 5207 λόγων
2631 5139 2855 5193 εὐθῦναι
2914 5143 3025 5203 τοῖς
3079 5138 3230 5210 παρά
3285 5137 3379 5192 τοῦ
3425 5129 3668 5205 ἀψευδοῦς

2107 5227 2367 5298 ἀκηκοόσι
2392 5229 2524 5283 Θεοῦ
2549 5230 2937 5303 ἀσυγχώρητον
2969 5227 3107 5285 εἶναι
3143 5229 3242 5302 τὴν
3269 5230 3435 5295 είς-τὸ
3461 5224 3665 5293 Πνεῦμα

2103 5319 2161 5370 τὸ
2185 5320 2337 5388 ἅγιον
2373 5321 2743 5394 βλασφημίαν.

417 5393 556 5450 biles
579 5395 734 5451 vobis
767 5396 1082 5453 istiusmodi
1143 5415 1456 5458 sermonum
1517 5403 1804 5460 reddenda:
1836 5410 2074 5463 rationes
2112 5415 2202 5484 qui
2244 5431 2273 5469 a
2325 5415 2434 5472 Deo
2473 5393 2691 5474 mentiri
2738 5419 2924 5476 nescio
2957 5419 3216 5490 audistis,
3257 5410 3658 5475 irremissibilrm

417 5485 953 5557 esschlasphcmiam
980 5491 1033 5546 in
1069 5491 1332 5546 Spiritum
1367 5503 1617 5550 sanctum
1680 5503 1723 5552 ⁸.

513 5576 655 5634 Sane
697 5596 884 5640 eontra
939 5585 991 5641 id
1057 5588 1202 5658 quod
1261 5588 1493 5655 dicunt,
1545 5590 1993 5661 gloriﬁcationcm

2182 5593 2326 5663 Πρός
2372 5611 2433 5663 γε
2484 5593 2591 5665 μὴν
2630 5598 2688 5648 τὸ
2712 5596 3032 5667 ἀμάρτυρον
3093 5598 3185 5652 καὶ
3257 5598 3499 5667 ἄγραφον
3535 5581 3657 5640 εἶναι

505 5781 522 5812 ¹
554 5781 576 5838 ι
605 5781 799 5839 Thess.
829 5800 903 5852 iv,
941 5786 1026 5844 £6.
1106 5790 1124 5820 ²
1163 5787 1320 5846 item.
1355 5807 1470 5855 rm,
1507 5792 1588 5845 17.
1672 5793 1690 5822 ³
1715 5793 1872 5848 ίὶυιιι.
1925 5804 2014 5846 vut

2251 5795 2270 5826 ⁸
2315 5794 2478 5850 Eccli.
2525 5811 2660 5861 xui,
2699 5796 2788 5863 35,
2821 5799 2909 5852 δι.
2989 5800 3009 5830 ⁸
3041 5797 3176 5855 Luc.
3213 5815 3308 5866 xu,
3340 5798 3424 5854 ιο.
