4070 6290
459 335 566 403 861
1424 340 1797 403 PANOPLIA
1837 339 2035 402 DOG-M

2139 342 2294 401 'iCA.
2330 364 2397 374 ——
2435 339 2586 399 TlT.
2626 336 2766 396 an.
3609 339 3716 407 302

450 485 556 559 τὴν
584 484 709 540 σὺν
757 483 837 551 τῷ
876 486 1170 554 Πνεύματι
1217 481 1518 549 δοξολογίαν
1568 484 1742 534 ἐκεῖνο
1777 481 2035 551 λέγομεν·

2139 502 2252 538 cuiu
2303 484 2506 554 Spiritu
2549 501 2734 540 carere
2783 484 3138 552 testimonio,
3167 500 3271 541 nec
3314 487 3367 542 in
3415 486 3720 562 Scripturis

453 581 563 642 ὅτι,
593 579 643 631 εἰ
680 574 780 648 μὲν
811 576 974 646 μηδὲν
999 575 1182 645 ἕτερον
1208 574 1472 644 ἄγραφον,
1510 571 1642 640 μηδὲ
1675 571 1830 624 τοῦτο
1865 588 2035 641 παρα-

2139 589 2374 642 exstare,
2409 578 2542 631 illud
2565 577 2801 632 dicimus
2830 595 2842 630 :
2877 578 2920 630 si
3077 577 3215 632 nihil
3254 579 3402 634 aliud
3433 590 3519 636 est
3565 597 3720 639 rece-

453 670 704 740 δεχοήτω
724 685 736 698 ·
790 668 839 720 εἰ
867 666 923 720 δὲ
956 666 1024 718 τὰ
1057 665 1282 717 πλεῖστα
1323 662 1431 714 τῶν
1476 661 1750 732 μυστικῶν
1783 662 2035 730 ἀγράφως

2139 676 2290 738 ptum
2315 670 2521 739 absque
2548 669 2870 739 Seripturis,
2899 684 2965 723 ne
2993 667 3094 723 hoc
3120 670 3342 739 quidem
3375 672 3672 741 recipiatur
3700 691 3715 741 ;

455 764 592 833 ἡμῖν
626 757 1058 830 ὲμπολιτεύεται,
1113 755 1250 827 μετὰ
1294 753 1504 806 πολλῶν
1547 753 1654 804 τῶν
1712 753 1912 822 ἐτέρων
1949 752 2035 803 καὶ

2139 767 2224 822 sin
2265 766 2499 836 plurima
2527 777 2726 816 arcana
2755 762 2893 817 citra
2921 762 3184 832 scriptum
3215 771 3435 832 recepta
3463 772 3593 820 sunt
3622 779 3720 819 no-

455 853 619 904 τοῦτο
653 846 1088 920 παραδεξόμεθα.
1273 843 1650 897 Ἀποστολικὸν
1683 843 1738 894 δὲ
1762 839 1913 911 οτμαι
1948 839 2035 892 καῖ

2139 858 2244 921 bis,
2273 872 2398 912 cum
2427 855 2550 908 aliis
2580 854 2830 923 pluribus
2856 859 2909 905 et
2936 853 3040 906 hoc
3071 854 3420 923 recipiemus.
3459 855 3718 911 Arbitror

454 944 521 997 τὸ
546 945 665 1007 ταῖς
713 941 983 1012 ἀγράφοις
1018 937 1349 1009 παραδόσεσι
1389 936 1744 1006 παραμένειν.
1789 929 2035 986 Ἐπαινῶ

2139 954 2317 1002 autem
2351 946 2708 1015 apostolicum
2739 959 2879 1004 esse,
2912 945 3075 997 etiam
3108 961 3216 998 non
3249 947 3493 1016 scriptis
3546 949 3719 1002 tradi-

455 1033 594 1104 γὰρ,
632 1033 818 1103 φησὶν,
847 1029 1023 1100 ὑμᾶς,
1061 1030 1146 1081 ὅτι
1181 1027 1376 1081 πάντα
1409 1045 1529 1094 μου
1573 1025 1900 1095 μέμνησθε,
1946 1022 2035 1076 καί

2139 1039 2375 1091 tionibus
2411 1038 2696 1089 inhaerere.
2735 1032 2924 1087 Laudo
2961 1037 3123 1098 enim,
3155 1034 3372 1104 inquit,
3416 1053 3536 1101 vos,
3579 1039 3717 1107 quod

455 1124 659 1190 καθὼς
693 1121 1006 1190 παρέδωκα
1024 1118 1185 1188 ὑμῖν,
1213 1122 1320 1183 τὰς
1349 1115 1710 1186 παραδόσεις
1730 1115 2035 1182 κατέχετε·

2139 1131 2313 1183 omnia
2339 1145 2454 1181 mea
2487 1128 2819 1188 meministis,
2855 1136 2902 1179 et
2933 1127 3374 1194 quemadmodum
3409 1129 3610 1183 tradidi
3631 1147 3720 1184 νο-

458 1217 560 1271 καὶ
591 1214 673 1280 τὸ,
723 1212 1001 1281 Κρατεῖτε
1033 1210 1139 1276 τὰς
1171 1208 1533 1277 παραδόσεις
1579 1206 1652 1273 ἃς
1685 1206 2035 1275 παρελάϐετε

2139 1219 2244 1280 bis,
2281 1216 2589 1270 traditiones
2630 1218 2817 1270 tenetis
2845 1218 2861 1247 ¹
2897 1257 2910 1268 .
2944 1219 3009 1270 Et
3053 1215 3210 1279 illud,
3247 1216 3435 1273 Tenete
3462 1221 3717 1282 traditio-

457 1309 585 1360 εἴτε
615 1304 714 1360 διὰ
751 1306 962 1372 λόγου,
994 1301 1114 1355 εἴτε
1159 1301 1233 1354 δι’
1273 1298 1604 1367 ἐπιστολῆς
1625 1318 1642 1332 ·
1677 1293 1754 1353 ὧν
1951 1296 2035 1364 pia

2139 1326 2224 1366 nes
2245 1326 2376 1378 quas
2407 1309 2679 1378 accepistis
2711 1309 2815 1362 sive
2844 1325 2936 1376 per
2959 1323 3250 1362 sermonem
3274 1310 3377 1363 sive
3404 1327 3494 1380 per
3523 1312 3716 1380 cpisto-

459 1399 582 1453 ἐστὶ
608 1398 764 1469 καὶὴ
804 1395 1052 1468 παροῦσα
1091 1393 1250 1464 αὕτη,
1279 1393 1346 1464 ἢν
1386 1396 1434 1446 οἱ
1473 1393 1532 1457 ἐξ
1578 1393 1754 1464 ἀρχῆς
1791 1391 2035 1460 διαταξά‹

2139 1399 2244 1452 (am
2276 1407 2297 1436 ²
2328 1413 2597 1468 :quarum
2623 1413 2728 1450 una
2752 1407 2836 1452 est
2865 1406 2918 1451 et
2946 1399 3057 1450 haec
3078 1399 3145 1452 de
3167 1414 3274 1467 qua
3301 1415 3446 1454 nunc
3477 1402 3714 1472 agimus,

462 1506 616 1560 μενοι
649 1485 1033 1558 παραδιδόντες
1087 1485 1196 1546 τοῖς
1245 1481 1465 1552 ἐφεξῆς,
1515 1482 1921 1553 συμπροῑούσης
1958 1480 2035 1535 del

2139 1508 2296 1562 quam
2328 1492 2418 1560 qui
2445 1491 2513 1546 ab
2548 1491 2704 1544 initio
2739 1491 3220 1566 praescripserunt,
3254 1492 3715 1564 tradideruntque

456 1580 537 1651 τῷ
566 1580 740 1652 χρόνῳ
781 1579 880 1649 τῆς
926 1579 1196 1648 χρήσεως,
1237 1576 1324 1630 διὰ
1360 1575 1578 1646 μακρᾶς
1626 1575 1727 1644 τῆς
1761 1573 2035 1646 συνηθείας

2139 1583 2388 1654 posteris,
2435 1598 2537 1637 usu
2585 1596 2797 1650 semper
2848 1582 3012 1635 simul
3044 1597 3167 1635 cum
3204 1591 3445 1652 tempore
3492 1599 3716 1656 progre-

453 1675 579 1735 ταῖς
607 1670 954 1741 Ἐκκλησίαις
984 1665 1477 1738 ἐγκατερρἰωσαν.
1499 1661 1624 1737 Ἆρ’
1651 1661 1742 1718 οὖν
1776 1666 1844 1728 εἰ,
1880 1664 1954 1727 ὡς
1986 1663 2035 1718 ὲκ

2139 1677 2351 1739 diente,
2411 1675 2582 1744 ipsam
2649 1674 2804 1743 longa
2867 1675 3269 1729 consuetudine
3326 1675 3383 1729 in
3445 1675 3712 1733 Ecclesiis

453 1763 792 1835 δικαστηρίῳ
829 1761 927 1831 τῆς
960 1759 1047 1812 διὰ
1077 1759 1183 1813 τῶν
1217 1758 1508 1830 ἐγγράφων
1541 1756 1866 1823 ἀποδείξεως
1910 1757 2035 1808 ἀπο·

2139 1762 2522 1817 irradicarunt.
2553 1759 2695 1832 Ergo
2730 1764 2774 1816 si
2819 1765 2966 1817 velut
2998 1765 3052 1817 in
3095 1765 3394 1830 tribunali,
3433 1769 3715 1837 probatio-

459 1855 700 1929 poiiv'rsg,
721 1852 1010 1924 μαρτύρων
1028 1851 1155 1922 ὑμῖν
1169 1851 1369 1921 πλῆθος
1519 1852 1858 1920 παραστησαί
1865 1851 1998 1921 μεθα
2019 1889 2035 1917 ,

2139 1853 2297 1910 nibus
2330 1853 2596 1929 e_scripto
2643 1852 2923 1916 destituti,
2962 1857 3168 1909 multos
3199 1858 3356 1911 vobis
3389 1867 3556 1913 testes
3586 1874 3710 1929 pro-

453 1947 561 1999 οὐκ
595 1927 804 2015 sua;
855 1942 1110 2012 ἀφιείσης
1151 1943 1287 2011 ,παρ’
1326 1941 1481 2012 ὑμῶν
1532 1941 1714 2013 ψήφου
1748 1938 2035 2008 τύχοιμεν;

2139 1926 2424 2007 ducamus,
2460 1959 2641 1998 nonne
2693 1945 3020 1998 sententiam
3059 1946 3434 2001 absolventem
3483 1964 3511 2002 a
3555 1951 3712 2012 vobis

468 2037 614 2106 Ἐγὼ
641 2038 739 2108 μὲν
760 2035 934 2100 οὕτως
966 2032 1146 2107 οἶμαι·
1189 2033 1323 2088 Ἐπὶ
1353 2034 1649 2102 στόματος
1674 2030 1783 2102 γὰρ
1805 2030 1911 2084 δύο
1943 2028 2035 2082 καί

2139 2034 2572 2104 consequemur?
2598 2033 2706 2103 Ego
2735 2033 2951 2103 quidem
2978 2035 3247 2090 arbitror:
3273 2037 3335 2091 In
3350 2054 3437 2092 ore
3454 2039 3711 2109 siquidem

454 2129 638 2198 τριῶν
667 2129 983 2200 μαρτύρων
1006 2125 1370 2192 σταθήσεται
1399 2124 1522 2180 πᾶν
1549 2123 1730 2193 ῥῆμα.
1765 2124 1828 2175 Εἰ
1863 2121 1918 2175 δὲ
1947 2120 2042 2174 καὶ

456 2219 552 2273 τὸν
585 2218 751 2272 πολὺν
771 2219 962 2290 χρόνον
991 2218 1126 2290 πρὸς
1157 2215 1312 2288 ἡμῶν
1339 2215 1468 2269 ὄντα
1502 2214 1746 2286 ἐναργῶς
1784 2214 1910 2284 ὑμῖν
1941 2214 2042 2265 ἐπ-

455 2309 793 2379 εδεικνυμεν,
830 2307 931 2360 οὐκ
960 2307 1025 2362 ἂν
1052 2305 1308 2376 ἐδόξαμεν
1347 2305 1475 2374 ὑμῖν
1510 2303 1693 2356 εἰκότα
1723 2302 1921 2372 λέγειν,
1963 2306 2039 2374 μὴ

455 2397 598 2453 εἶναι
629 2399 748 2452 καθ’
771 2397 928 2470 ὴμῶν
955 2397 1053 2469 τὴν
1080 2398 1234 2468 δίκην
1259 2394 1626 2466 εἰσαγώγιμον
1639 2394 1874 2466 ταύτην;
1902 2397 2040 2446 Δυσ-

456 2490 717 2561 ωπητικὰ
754 2490 864 2562 γάρ
901 2507 1018 2552 πως
1059 2489 1129 2541 τὰ
1171 2485 1376 2541 παλαιὰ
1402 2486 1511 2540 τῶν
1543 2486 1847 2556 δογμάτων,
1876 2486 2038 2541 οἱονεὶ

455 2579 621 2652 πολιᾷ
652 2598 757 2634 τινι
785 2583 852 2652 τῇ
890 2580 1209 2652 ἀρχαιότητι
1254 2579 1315 2631 τὸ
1347 2577 1621 2646 αἰδέσιμον
1656 2575 1864 2646 ἔχοντα.
1910 2577 2038 2629 Ἀπ-

456 2667 935 2745 αριθμήσομαιοῦν
948 2673 1075 2742 ὑμῖν
1095 2671 1222 2734 τοὺς
1251 2668 1558 2741 προστάτας
1583 2657 1678 2721 τοῦ
1702 2667 1857 2735 λόγου
1873 2668 2034 2737 (συμ-

455 2767 895 2835 παραμετρεῖται
923 2764 979 2817 δὲ
1014 2765 1231 2826 πάντως
1252 2759 1393 2815 κατὰ
1412 2759 1474 2813 τὸ
1506 2758 1853 2830 σιωπώμενον
1892 2761 1982 2812 καὶ
2007 2762 2035 2812 ὁ

459 2887 814 2965 Tag-aurai}.
853 2894 1276 2962 Ἀπαρίθμησις
1300 2894 1423 2954 τῶν
1445 2896 1515 2947 ἐν
1571 2895 1647 2963 τῇ
1680 2898 2024 2965 Ἐκκλησία

529 2957 856 3042 augear-£337,
888 2957 1020 3042 ῥσόι
1037 2957 1422 3042 -ἒχρήσαντο
1449 2967 1518 3023 ἐν
1540 2957 1693 3042 ᾃτοῗς⁸
1723 2957 2032 3042 συγγράῂ-

523 3047 715 3100 μασιν
739 3033 973 3088 ἑαυτῶν
991 3033 1063 3103 τῇ
1090 3033 1260 3106 φωνῇ
1290 3039 1492 3092 ισύ-ν.»
1532 3039 1760 3114 Κεφάλ.
1787 3033 1897 3094 κ’θζ

527 3146 1012 3218 Ἀπαριθμήσομαι
1065 3145 1159 3203 οὖν
1218 3152 1345 3216 ὑμῖν
1399 3155 1526 3216 τοὺς
1561 3155 1876 3223 προστάτας
1929 3153 2024 3206 τοῦ

2131 2127 2356 2180 duorum
2405 2142 2466 2178 ac
2533 2126 2692 2177 trium
2745 2126 2954 2178 testium
2987 2123 3150 2179 stabit
3196 2142 3373 2197 omne.
3400 2128 3611 2182 verbum
3667 2128 3710 2184 ³.

2132 2201 2290 2281 Quod
2343 2213 2388 2267 si
2435 2213 2598 2267 etiam
2634 2213 2894 2281 temporis
2943 2213 3361 2269 diuturnitatem
3407 2233 3505 2286 pro
3550 2219 3710 2275 nobis

2135 2305 2428 2359 facientem
2496 2303 2654 2358 vobis
2715 2303 2999 2357 evidenter
3059 2307 3452 2370 ostendamus,
3523 2323 3709 2366 annon

2133 2393 2438 2447 videbimur
2469 2391 2624 2445 vobis
2655 2391 2958 2460 probabilia
2991 2392 3193 2461 dicere,
3231 2410 3337 2448 non
3371 2411 3534 2465 posse
3558 2399 3707 2452 litem

2133 2486 2295 2541 istam
2340 2485 2466 2554 jure
2508 2483 2668 2538 nobis
2721 2483 2968 2538 intendi?
3011 2482 3334 2539 Veneranda
3383 2487 3528 2541 enim
3578 2496 3709 2542 sunt

2132 2575 2535 2649 quodammodo
2553 2582 2767 2629 vetusta
2785 2574 3054 2644 dogmata.
3073 2589 3195 2644 quae
3210 2576 3279 2629 ob
3300 2577 3703 2647 antiquitatem,

2132 2685 2230 2724 ceu
2264 2666 2518 2722 canitiem
2554 2665 2877 2734 quamdam,
2924 2665 3127 2720 habent
3160 2665 3422 2736 quiddam
3448 2684 3706 2724 reveren-

2132 2762 2281 2815 dum.
2315 2759 2659 2813 Enumerabo
2679 2758 2862 2828 itaque
2879 2758 3034 2813 vobis
3061 2760 3228 2829 hujus
3249 2759 3507 2816 dictionis
3529 2770 3708 2832 patro-
3797 2775 3802 2780 '

2141 2895 2418 2968 Ejusdem.
2479 2896 2826 2954 Enumeratio
2889 2901 3119 2956 uirorum
3177 2900 3231 2954 in
3277 2899 3526 2959 Ecclesia
3579 2903 3712 2958 illa.

2209 2967 2417 3030 striam,
2478 2970 2566 3040 qui
2594 2969 2647 3021 in
2683 2972 2893 3040 scriptis
2957 2973 3069 3026 suis
3123 2969 3206 3025 usi
3251 2982 3382 3027 sunt
3423 2971 3521 3024 hac
3574 2990 3714 3040 voce,

2215 3053 2233 3086 ι
2273 3054 2412 3089 cum.
2447 3056 2465 3088 ι
2497 3037 2665 3106 Caput
2694 3039 2783 3093 29.

2211 3149 2558 3208 Enumeraho
2591 3153 2775 3223 itaque
2807 3156 2963 3214 vobis
3020 3155 3182 3226 hujus
3220 3158 3475 3214 dictionis
3527 3167 3714 3228 patro-

452 3239 617 3308 λόγου
649 3247 1231 3314 (συμπαραμετρεῑται
1259 3245 1316 3298 δὲ
1350 3247 1568 3309 πάντως
1602 3248 1746 3301 κατὰ
1799 3247 1860 3300 τὸ
1889 3264 2019 3299 σιω-

2141 3257 2240 3296 nos
2258 3244 2614 3314 vindicesque
2642 3245 2827 3310 (simul
2849 3246 2994 3302 enim
3025 3249 3330 3306 insumatur
3361 3251 3416 3307 in
3447 3265 3534 3313 eo,
3565 3252 3708 3320 quod

454 3327 710 3396 πώμενον
723 3333 823 3385 καὶ
837 3333 864 3384 ὁ
879 3332 1115 3403 χρόνος)’
1132 3334 1193 3388 οὐ
1211 3335 1318 3403 γὰρ
1338 3334 1398 3399 ἐξ
1415 3336 1447 3407 ή
1455 3334 1570 3402 μῶν
1601 3336 1862 3408 ὥρμηται
1885 3338 2035 3407 πρῶ·-

451 3439 567 3476 τον.
597 3424 766 3490 Πόθεν
787 3441 802 3492 ;
825 3426 1158 3496 χθιζοίτινες
1179 3428 1349 3493 ὄντως
1399 3432 1580 3500 ἡμεῖς,
1621 3431 1766 3498 κατὰ
1799 3432 1892 3486 τὸν
1933 3431 2028 3488 τοῦ

468 3513 591 3566 Ἰὼϐ
615 3515 794 3583 λόγον,
829 3517 963 3597 πρός
988 3535 1052 3584 γε
1091 3519 1347 3574 τοσοῦτον
1377 3523 1592 3592 χρόνον,
1627 3523 1722 3577 τὸν
1761 3525 1861 3596 τῆς
1907 3541 2036 3578 συν-

450 3607 647 3675 ηθείας
681 3608 887 3678 ταύτης
916 3611 1236 3683 ἡλικιώτην.
1262 3614 1407 3680 Ἐγὼ
1464 3617 1562 3686 μὲν
1585 3617 1686 3679 οὖν
1722 3620 1907 3684 αὐτὸς,
1976 3623 2028 3674 εἰ

453 3701 563 3770 χρή
599 3718 667 3770 με
690 3702 892 3770 τούμὸν
919 3703 1049 3758 ἰδιον
1073 3706 1265 3771 εἰπεῖν,
1295 3706 1492 3777 ὥσπερ
1516 3710 1641 3762 τινὰ
1673 3710 1876 3781 κλῆρον
1926 3729 2034 3764 πα-

451 3792 632 3861 τρῷον
657 3793 754 3862 τὴν
786 3795 971 3862 φωνὴν
1001 3795 1206 3864 ταύτην
1253 3797 1619 3867 διαφυλάττω,
1687 3801 2028 3870 παραλαϐὼν

455 3886 610 3955 παρὰ
623 3885 815 3956 ἀνδρὸς
835 3887 1048 3958 μακρὸν
1064 3891 1122 3940 ὲν
1143 3890 1210 3958 τῇ
1243 3888 1557 3960 λειτουργίᾳ
1603 3891 1701 3946 τοῦ
1733 3893 1870 3947 Θεοῦ
1912 3893 2034 3948 δια-

455 3977 722 4047 ζήσαντος
755 3979 966 4050 γρόνον,
984 3979 1051 4034 δι’
1081 3973 1143 4034 οὗ
1171 3982 1265 4034 καὶ
1280 3981 1642 4055 ὲδαπτίσοην,
1675 3987 1770 4038 καὶ¹
1799 3987 1863 4058 τῇ
1893 3987 2036 4055 ὑπη-

457 4071 619 4142 ρεσίᾳ
671 4071 769 4141 τῆς
815 4071 1151 4143 Ἐκκλησίας
1212 4075 1549 4146 προσήχθην.
1599 4077 1913 4148 ’Δναζητῶν
1977 4079 2035 4132 δὲ

453 4162 580 4217 κατ’
599 4163 837 4230 ἐμαυτὸν
859 4164 913 4218 εἰ
933 4181 1018 4226 τις
1049 4166 1160 4236 ἄρα
1180 4167 1290 4220 τῶν
1338 4167 1588 4222 παλαιῶν
1619 4169 1714 4223 καὶ
1747 4169 2036 4240 μακαρίων

454 4253 673 4325 ἀνδρῶν
705 4256 984 4326 «ἐχρήσατο
1017 4256 1247 4320 ταύταις
1280 4261 1400 4321 ταῖς
1445 4259 1538 4312 νῦν
1586 4260 2036 4331 ἀντιλεγομέναις

454 4348 688 4415 φωναῖς,
719 4347 950 4411 πολλοὺς
980 4345 1138 4418 εὖρον
1163 4350 1260 4404 καὶ
1293 4353 1359 4421 τῇ
1401 4351 1726 4422 ἀρχαιότητι
1789 4355 1850 4407 τὸ
1889 4356 2038 4419 ἀξιόο

454 4455 651 4492 πιστον
679 4439 928 4510 ἔχοντας,
954 4442 1050 4494 καὶ
1071 4443 1137 4512 τῇ
1160 4442 1256 4512 τῆς
1285 4442 1529 4510 γνώσεως
1544 4445 1802 4517 ἀκριϐείᾳ
1815 4447 1875 4502 οὐ
1899 4448 2038 4501 κατὰ

455 4530 590 4594 τοὺς
630 4531 725 4584 νῦν
761 4531 948 4593 ὄνταςο
1004 4527 1082 4587 ὧν
1139 4531 1190 4586 οἰ
1223 4533 1321 4603 μὲν
1345 4535 1412 4604 τῇ
1456 4535 1736 4603 προθέσει,
1795 4538 1843 4588 οἰ
1869 4536 1927 4589 δὲ
1957 4537 2036 4606 τῷ

2142 3342 2371 3402 tacetur,
2404 3338 2566 3391 etiam
2606 3338 2842 3408 tempus)
2870 3357 2885 3404 ;
2919 3355 3096 3410 neque
3122 3341 3266 3394 enim
3293 3357 3358 3395 ex
3395 3342 3551 3398 nobis
3603 3344 3716 3412 pri-

2137 3441 2286 3479 mum
2320 3427 2532 3481 initium
2556 3430 2813 3499 sumpsit.
2839 3431 2942 3496 Qui
2977 3431 3148 3500 potuit
3169 3433 3192 3484 ‘i
3212 3431 3478 3486 Nimirum
3507 3447 3606 3487 nos
3623 3447 3710 3488 re-

2137 3533 2264 3572 vera
2284 3519 2524 3574 hesterni
2547 3536 2762 3586 sumus,
2790 3522 3249 3590 quemadmodum
3269 3523 3395 3578 dicit
3414 3524 3514 3578 Job
3536 3524 3579 3590 ‘,
3602 3525 3718 3577 sal-

2140 3614 2248 3664 tem
2279 3609 2323 3663 si
2351 3621 2456 3664 tam
2489 3611 2633 3680 longi
2668 3614 2954 3681 temporis,
2989 3615 3134 3682 quod
3173 3614 3298 3669 huic
3327 3614 3715 3671 consuetudini

2137 3701 2346 3769 aequale
2379 3712 2485 3768 est,
2519 3704 2786 3759 habeatur
2815 3707 2975 3761 ratio.
3009 3705 3273 3775 Equidem
3301 3708 3444 3776 ipse.
3473 3710 3518 3764 si
3549 3709 3714 3763 modo

2136 3807 2235 3861 par
2281 3792 2355 3847 sit
2411 3808 2499 3848 me
2539 3795 2683 3863 quod
2713 3795 2844 3850 mihi
2870 3797 3148 3865 proprium
3168 3807 3254 3851 est
3283 3797 3488 3860 dicere,
3517 3812 3711 3854 vocem

2140 3888 2282 3941 hanc
2298 3895 2552 3956 tanquam
2572 3894 2855 3955 paternam
2875 3889 3165 3957 quamdam
3187 3891 3557 3945 imreditatem
3586 3905 3720 3954 eon-

2141 3992 2321 4042 servo,
2345 3987 2626 4047 acceptam
2649 3995 2679 4034 a
2709 3981 2827 4032 viro
2868 3980 3100 4034 multum
3115 3985 3384 4050 temporis
3409 3983 3461 4036 in
3494 3983 3718 4037 servitio

2143 4069 2234 4125 Dei
2259 4077 2498 4134 versato,
2528 4085 2626 4139 per
2656 4085 2817 4139 quem
2850 4077 2904 4124 et
2925 4070 3236 4139 baptizatus
3257 4085 3402 4136 sunt,
3434 4081 3490 4126 et
3525 4071 3718 4126 Eccle-

2139 4161 2234 4216 sia
2301 4160 2607 4214 ministerio
2649 4161 2922 4214 admotus.
2954 4157 3224 4220 Cmterum
3272 4176 3397 4216 cum
3445 4161 3589 4230 apud
3629 4175 3717 4216 me

2141 4262 2357 4323 reputo,
2389 4267 2458 4306 an
2486 4253 2612 4322 quis
2643 4263 2886 4308 veterum
2919 4267 2984 4307 ac
3019 4255 3301 4312 beatorum
3331 4253 3714 4317 virorumhis,

2139 4346 2340 4416 quibus
2380 4361 2526 4402 nunc
2553 4348 2884 4402 reclamatur
2922 4347 3168 4409 vocibus,
3200 4361 3336 4401 usus
3367 4347 3475 4412 sit;
3509 4345 3713 4401 multos

2139 4438 2370 4509 reperio,
2405 4448 2458 4493 et
2479 4439 2548 4494 ob
2575 4439 2952 4508 antiquitatem
2981 4439 3082 4494 ﬁde
3111 4439 3326 4510 dignos,
3352 4450 3406 4492 et
3433 4450 3717 4504 accurata,

2143 4547 2252 4586 nou
2312 4531 2618 4586 secundum
2684 4533 2786 4586 hos
2819 4532 3112 4597 homines,
3169 4533 3400 4587 scientia
3433 4539 3711 4596 ornatos;

459 4621 748 4693 συνδέσμῳ
771 4623 912 4676 κατὰ
947 4623 1049 4694 τὴν
1077 4623 1384 4692 δοξολογίαν
1408 4625 1501 4678 τὸν
1527 4625 1685 4693 λόγον
1710 4628 2035 4693 ἑνώσαντες,

2143 4638 2375 4692 quorum
2407 4624 2501 4679 alii
2532 4624 2934 4694 pmpositione,
2967 4624 3057 4677 atii
3107 4626 3500 4694 conjunctione
3521 4624 3578 4676 in
3598 4624 3720 4693 gic-

465 4713 624 4768 οὐδὲν
670 4715 932 4786 διάφορον
991 4716 1148 4788 δρᾷν,
1200 4717 1279 4780 ὥς
1313 4734 1376 4784 γε
1419 4719 1556 4786 πρὸς
1602 4719 1703 4789 τὴν
1731 4720 1898 4791 ὀρθὴν
1932 4722 2036 4792 τῆς

455 4804 742 4870 εὐσεϐείας
766 4807 1001 4874 ἔννοιαν,
1035 4809 1430 4881 ὲνομίσθησαν.

536 4985 829 5056 Εἰρηναῖος
860 4988 1088 5051 ἐκεῖνος,
1131 4987 1228 5041 καὶ
1271 4988 1504 5060 Κλήμης
1552 4989 1582 5044 6
1629 4989 1903 5056 Ῥωμαῖος
1939 4994 2036 5045 καὶ

457 5075 737 5140 Διονύσιος
781 5079 810 5131 6
857 5076 1154 5147 Ῥωμαῖος,
1195 5083 1289 5132 καὶ
1341 5082 1370 5133 6
1427 5079 1814 5152 Ἀλεξανδρεὺς
1845 5085 2038 5144 Διονύ-

461 5181 600 5231 σιος,
635 5166 666 5220 ὃ
699 5168 798 5220 καὶ
828 5168 1134 5237 παράδοξον
1161 5170 1419 5237 ἀκοῦσαι,
1452 5174 1512 5225 ὲν
1544 5175 1611 5242 τῇ
1640 5172 1874 5244 δευτέρᾳ
1901 5175 2038 5245 πρὸς

459 5260 555 5312 τὸν
584 5259 878 5330 ὁμώνυμον
905 5260 1104 5314 ἑαυτοῦ
1131 5261 1392 5332 ἐπιστολῇ
1430 5265 1574 5332 Περὶ
1625 5267 1888 5336 ἐλέγχου
1939 5269 2038 5324 καί

455 5355 799 5424 ἀπολογίας
853 5352 999 5409 οὕτω
1034 5353 1128 5408 τὸν
1181 5355 1342 5425 λόγον
1389 5357 1687 5413 ἀνέπαυσε.
1751 5359 1954 5429 Γράψω
1979 5361 2037 5414 δὲ

457 5445 592 5514 ὑμῖν
619 5447 760 5500 αὐτὰ
787 5445 883 5500 τοῦ
911 5446 1105 5518 ἀνδρὸς
1137 5448 1206 5500 τὰ
1260 5450 1506 5519 ῥήματα.
1561 5451 1821 5518 Τούτοις,
1871 5458 2030 5523 φησὶ,

458 5535 652 5591 πᾶσιν
694 5536 1046 5603 ἀκολούθως
1082 5539 1182 5591 καί
1211 5538 1403 5608 ἡμεῖς,
1454 5540 1554 5594 καί
1575 5540 1650 5609 δὴ
1713 5544 1876 5610 παρὰ
1918 5541 2039 5597 τῶν

2148 4717 2455 4773 riticstione
2493 4732 2802 4774 sermonem
2851 4718 3196 4786 copulant-es,
3247 4716 3385 4770 nihil
3439 4715 3716 4770 diversum

2150 4811 2448 4880 sanequod
2473 4811 2540 4865 ad
2572 4820 2777 4866 rectam
2802 4811 2998 4864 attinet
3028 4808 3247 4878 pietatis
3275 4807 3718 4876 intelligentiam,

2155 4901 2451 4956 existimati
2517 4911 2645 4954 sunt
2674 4900 2874 4954 facere.

2219 4992 2458 5046 lrenams
2518 4991 2628 5053 ille,
2688 5002 2742 5045 et
2791 4991 3050 5046 Clemens
3103 4989 3424 5056 Romanus,
3481 4999 3540 5043 et
3595 4987 3722 5043 Dio-

2147 5084 2340 5153 nysius
2368 5083 2671 5147 Romanus,
2703 5089 2758 5137 et
2807 5081 3212 5137 Alexandriam
3267 5081 3600 5152 Dionysius,
3655 5079 3719 5134 id

2141 5172 2286 5243 quod
2341 5173 2504 5228 etiam
2555 5173 2742 5228 auditu
2773 5172 2971 5227 mirum
2999 5180 3102 5236 est,
3132 5171 3185 5225 iu
3223 5171 3462 5225 secunda
3511 5169 3578 5224 ad
3609 5168 3718 5223 sibi

2139 5264 2520 5336 cognominem
2598 5265 2827 5336 epistola
2897 5264 2973 5319 De
3013 5264 3349 5318 accusatione
3409 5279 3472 5320 ac
3523 5261 3713 5329 defus-

2145 5359 2312 5423 sione,
2365 5356 2515 5412 hunc
2563 5357 2620 5412 in
2669 5361 2890 5411 modum
2951 5353 3134 5408 ﬁnivit
3161 5365 3490 5407 sermonem.
3541 5350 3717 5404 Tran-

2143 5449 2380 5503 scribsm
2407 5460 2587 5504 autem
2613 5477 2616 5482 -
2638 5448 2792 5505 vobis
2825 5447 2944 5517 ipsa
2974 5442 3213 5500 hominis
3255 5442 3442 5496 verba.
3476 5439 3578 5495 His
3599 5457 3719 5496 ous-

2155 5543 2327 5607 uibus,
2369 5544 2563 5613 inquit,
2597 5548 2938 5614 congruenter
2979 5547 3028 5594 ct
3079 5553 3196 5604 nos,
3249 5537 3620 5607 fortnactm
3653 5549 3727 5590 ac

535 5787 552 5820 ³
583 5786 604 5842 1
633 5788 756 5845 Cor.
784 5802 857 5860 st,
891 5790 946 5848 2.
1022 5790 1043 5821 ³
1074 5785 1118 5841 ll
1152 5789 1344 5849 Thess.
1366 5748 1543 5859 '11,“.
1619 5792 1640 5823 ³
1669 5792 1828 5848 Deut.
1860 5808 1970 5856 ιιι,
2025 5793 2107 5848 li).
2184 5797 2202 5824 ⁸
2228 5790 2327 5846 Job
2359 5806 2474 5857 vm,
2505 5795 2560 5851 9.
