4078 6292
390 318 497 382 803
1627 323 1987 387 ΕΙΓῙἮΥΜΙ]

2084 324 2369 387 ΙΟΑΒΕΝ
2382 325 2403 384 Ι
3537 319 3644 385 εῡι

400 447 583 517 regula
614 463 645 500 a
673 446 1014 518 presbyteris,
1044 447 1133 517 qui
1162 456 1282 501 ante
1312 462 1406 500 nos
1437 447 1700 514 vixerunt,
1730 454 1942 515 accepta
1960 483 1976 512 ,

2084 455 2172 523 πρὸ
2202 451 2372 521 ἡμῶν
2395 446 2809 518 πρεσϐυτέρων
2835 450 3028 502 τύπον
3058 447 3156 503 καί
3183 448 3415 503 κανόνα
3443 466 3640 520 παρει-

397 536 746 592 concordibus
782 537 995 593 vocibus
1026 554 1145 592 cum
1185 537 1295 591 illis
1335 537 1540 607 gratias
1581 547 1791 607 agentes
1813 577 1827 601 ,
1859 546 1979 590 tan-

2084 547 2345 613 ιηφότες,
2371 540 2690 610 ὁμοφώνως
2718 537 2923 603 αὐτοῖς
2948 540 3639 608 προσευχαριστοῦντεςο

399 626 517 680 dem
548 642 687 680 nunc
717 628 861 681 vobis
884 630 1112 682 scribere
1144 627 1453 682 desinimus.
1489 627 1598 682 Deo
1626 638 1803 682 autem
1826 627 1980 683 Patri

2084 637 2161 692 ιαὶ
2211 633 2288 703 δὴ
2339 633 2437 687 καὶ
2468 632 2585 686 νῦν
2618 630 2756 699 ὑμῖν
2785 629 3253 696 ἐπιστέλλοντες
3303 632 3642 684 καταπαύο-

384 726 447 793 et
479 714 621 769 Filio
647 715 871 771 Domino
895 726 1076 771 nostro
1104 716 1236 771 Jesu
1267 715 1477 772 Christo
1506 734 1621 771 cum
1642 728 1824 773 sancto
1854 716 1977 787 Spi-

2084 741 2195 779 ιεν.
2403 722 2486 788 Τῷ
2530 722 2597 775 δὲ
2645 720 2766 786 Θεῷ
2810 720 2991 788 Πατρὶ
3030 720 3130 773 καὶ
3177 719 3287 785 Υίῷ
3330 719 3410 785 τῷ
3455 722 3647 788 Κυρίῳ

399 808 509 860 ritu
536 808 708 880 gloria
737 818 784 863 et
816 810 1090 877 imperium
1121 810 1176 863 in
1207 809 1406 862 sazcula
1432 810 1771 875 swculorum,
1803 826 1975 867 amen.

2084 816 2233 887 ἱμῶν
2273 814 2477 882 Ἰησοῦ
2507 811 2735 881 Χριστῷ
2759 812 2879 865 σὺν
2904 811 2984 876 τῷ
3004 812 3149 880 ἁγίῳ
3169 812 3470 881 Πνεύματι
3498 811 3647 876 δόξα

398 898 511 954 Nec
536 900 828 970 quisquam
990 901 1174 957 dicere
1203 903 1381 971 possit
1405 902 1519 957 haec
1536 909 1784 957 correcta
1810 902 1982 958 fuisse

2084 906 2162 962 ῑαὶ
2193 904 2409 975 κράτος
2459 907 2547 970 είς
2586 903 2724 969 τοὺς
2758 902 2977 969 αὶῶνας
3020 903 3140 957 τῶν
3163 903 3416 971 αἰώνων,
3464 903 3645 974 ἀμήν.

400 1007 465 1046 ac
502 992 809 1046 immutata.
838 990 1024 1062 Neque
1046 994 1193 1048 enim
1226 994 1298 1049 ita
1330 1009 1636 1049 sermonem
1662 994 1983 1050 conﬁrmas-

2084 997 2177 1052 Καὶ
2204 996 2374 1051 ταῦτα
2402 996 2503 1048 οὐκ
2537 994 2602 1048 ἄν
2628 1013 2709 1058 τις
2750 994 2893 1047 εἴποι
2930 993 3397 1066 μεταγεγραφθαι.
3440 996 3517 1047 Οὐ
3541 994 3649 1065 γὰρ

402 1089 505 1147 set,
539 1080 729 1136 dicens
762 1081 1013 1138 videlicet
1047 1083 1325 1154 accepisse
1358 1098 1417 1139 se
1448 1083 1680 1139 formam
1710 1099 1775 1139 ac
1819 1099 1983 1155 regu-

2084 1087 2134 1142 ἰν
2174 1087 2316 1140 οὕτω
2359 1086 2675 1149 διετείνατο,
2707 1085 2874 1139 τύπον
2910 1087 3003 1139 καὶ
3028 1086 3227 1140 κανόνα
3253 1086 3647 1157 παρειληφέναι

403 1173 532 1237 lam,
570 1175 615 1229 si
642 1175 695 1227 in
726 1172 931 1243 Spiritu
980 1174 1210 1232 dixisset
1244 1194 1258 1231 :
1294 1175 1459 1247 hujus
1485 1176 1631 1232 enim
1661 1177 1815 1231 vocis
1845 1190 1980 1232 usus

2084 1179 2264 1248 λέγων,
2317 1178 2475 1250 εἴπερ
2523 1178 2594 1231 ὲν
2636 1176 2717 1243 τῷ
2744 1176 3045 1246 Πνεύματι
3240 1175 3479 1247 εἰρηκὼς
3544 1171 3646 1247 ἦν*

402 1266 595 1320 creber
634 1274 738 1322 est.
788 1267 857 1319 At
883 1267 1022 1322 illud
1069 1274 1209 1330 erat,
1240 1268 1388 1337 quod
1417 1267 1613 1337 egebat
1638 1265 1978 1322 defensione.

2084 1270 2273 1341 ταύτης
2297 1270 2405 1340 γὰρ
2438 1270 2535 1339 τῆς
2566 1269 2747 1339 φωνῆς
2769 1269 2803 1339 ἡ
2828 1267 3025 1339 χρῆσις
3060 1266 3251 1335 πολλή.
3292 1267 3430 1319 Ἀλλ’
3473 1268 3651 1320 ἐκεῖνο

402 1356 506 1421 Qui
542 1357 760 1425 quidem
809 1364 865 1412 et
911 1359 965 1412 in
1013 1358 1191 1413 medio
1242 1358 1465 1428 scripti,
1497 1358 1576 1415 sic
1611 1358 1851 1429 loquitur
1885 1356 1983 1413 ad-

2084 1358 2136 1433 ίγν
2160 1361 2221 1415 τὺ
2243 1363 2341 1433 τῆς
2372 1360 2665 1429 ἀπολογίας
2693 1359 2965 1429 δεόμενον.
2994 1358 3171 1427 Ὀςγε
3191 1357 3284 1410 καὶ
3313 1355 3455 1410 κατὰ
3486 1357 3650 1427 μέσον

401 1464 598 1504 versus
641 1447 986 1506 Sabelllanos
1018 1468 1031 1505 :
1062 1448 1122 1505 Si
1155 1468 1215 1506 eo
1245 1452 1384 1521 quod
1424 1459 1527 1506 tres
1564 1460 1687 1504 sunt
1734 1451 1981 1520 hyposta-

2084 1470 2176 1508 mu
2206 1452 2304 1522 τῆς
2332 1452 2570 1523 γραφῆς,
2607 1449 2780 1513 οὓτως
2812 1448 2999 1520 εἴρηκε
3028 1448 3161 1519 πρὸς
3191 1447 3317 1510 τοὺς
3350 1446 3648 1499 Σαϐελλια-

402 1558 520 1606 ses,
567 1540 763 1595 divisas
806 1557 919 1596 esse
962 1540 1175 1607 dicunt,
1228 1551 1332 1597 tres
1378 1550 1499 1597 sunt
1526 1543 1737 1597 etiamsi
1762 1542 1930 1597 nolint
1959 1556 1979 1597 :

2084 1544 2195 1607 δούς
2211 1564 2223 1576 ·
2250 1546 2341 1610 Et,
2364 1543 2445 1610 τῷ
2463 1543 2620 1613 τρεῖς
2643 1541 2795 1598 εἶναι
2834 1543 2942 1609 τὰς
2979 1542 3367 1608 ὑποστάσεις,
3410 1559 3651 1611 μεμερι-

404 1644 495 1688 aut
536 1635 769 1687 divinam
805 1634 1120 1688 Trinitatem
1149 1650 1366 1704 prorsus
1400 1653 1428 1689 e
1458 1636 1628 1689 medio
1659 1634 1871 1691 tollant.
1902 1634 1981 1692 Ac

2084 1635 2303 1705 σμένας
2323 1631 2475 1690 εἶναι
2494 1635 2766 1705 λέγουσι,
2779 1635 2936 1703 τρεῖς
2957 1637 3097 1699 εισι,
3120 1633 3237 1689 κᾶν
3256 1633 3342 1703 μὴ
3360 1634 3621 1689 θέλωσιν
3636 1650 3650 1665 ·

402 1741 647 1790 rursum,
678 1726 1020 1781 Divinissima
1051 1729 1188 1782 enim
1214 1727 1277 1781 ob
1310 1726 1367 1781 id
1396 1728 1559 1782 etiam
1582 1736 1699 1796 post
1723 1728 1981 1781 unitatem

2084 1728 2113 1796 ἢ
2144 1726 2257 1795 τὴν
2285 1726 2452 1781 θείαν
2502 1725 2716 1795 Τριάδα
2759 1724 3067 1792 παντελῶς
3096 1725 3479 1780 ἀνελέτωσαν
3498 1742 3511 1756 ’
3557 1728 3654 1780 καὶ

408 1817 647 1871 Trinitas
680 1827 780 1871 est.
814 1816 920 1872 Sed
951 1828 1005 1872 et
1029 1818 1283 1873 Clemens
1317 1819 1653 1889 simplicius,
1698 1818 1859 1883 Vivit,
1896 1818 1976 1872 in-
2011 1797 2050 1853 Β

405 1907 559 1976 quit,
614 1907 750 1961 Deus
795 1919 843 1961 et
896 1907 1157 1962 Dominus
1196 1906 1354 1963 Iesus
1383 1906 1628 1963 Christus
1669 1916 1719 1961 et
1748 1906 1978 1975 Spiritus

404 1986 643 2050 s'anctus.
673 1998 914 2053 lrenaeus
948 2005 1153 2064 autem,
1192 1998 1284 2068 qui
1318 1998 1531 2052 vicinus
1564 1997 1666 2052 fuit
1706 1998 1981 2068 apostolo-

405 2102 526 2142 rum
551 2088 912 2157 temporibus,
938 2088 1215 2158 quomodo
1248 2088 1412 2142 faciat
1442 2088 1771 2142 mentionem
1804 2083 1980 2156 Spiri-

406 2185 526 2243 tus,
560 2173 848 2248 disputans
897 2178 1162 2235 adversus
1216 2179 1488 2244 hxreses,
1527 2177 1838 2233 audiamus.
1872 2174 1978 2230 Eos

405 2285 544 2334 vero,
578 2269 785 2339 inquit,
813 2273 903 2341 qui
930 2272 1147 2340 e/frenes
1174 2279 1331 2334 sunt,
1362 2280 1411 2324 et
1449 2270 1695 2340 feruntur
1739 2268 1808 2323 ad
1853 2284 1979 2323 suas

404 2361 891 2429 concupiscentias,
958 2363 1165 2416 nullum
1222 2361 1470 2416 habentes
1524 2361 1689 2415 divini
1744 2359 1978 2430 Spiritus

403 2451 758 2513 desiderium,
798 2453 985 2506 merito
1034 2454 1315 2521 Apostolus
1346 2451 1590 2506 carnales
1634 2462 1781 2505 vocat
1839 2452 1877 2507 ¹.
1916 2451 1982 2509 Et

407 2546 539 2603 alibi
580 2544 713 2599 dicit
753 2541 898 2597 idem
929 2581 942 2595 .
973 2538 1054 2593 Ne
1086 2549 1325 2609 expertes
1360 2541 1492 2610 facti
1521 2540 1686 2594 divini
1726 2540 1980 2611 Spiritus,

406 2635 726 2706 frustrentur
770 2646 926 2701 regno
973 2630 1244 2694 caelorum,
1304 2629 1563 2695 inclamat
1613 2630 1894 2696 Apostolus
1938 2632 1980 2694 ¹¹,

292 2770 293 2773 η
405 2726 544 2797 quod
570 2740 694 2778 caro
726 2739 829 2777 non
855 2724 1021 2791 possit
1052 2722 1411 2776 ha'reditatem
1448 2736 1631 2788 capere
1663 2723 1807 2791 regni
1831 2723 1986 2777 caelo-

406 2833 547 2871 rum.
592 2814 749 2880 Quod
793 2814 837 2867 si
870 2812 957 2867 cui
990 2818 1045 2867 et
1093 2810 1364 2867 Eusebius
1406 2810 1736 2866 Palaestinus
1765 2820 1987 2882 propter

411 2906 766 2975 multiplicem
810 2902 1200 2973 experientiam
1246 2900 1473 2957 idoneus
1500 2901 1737 2966 videtur,
1771 2902 1858 2955 cui
1890 2902 1987 2956 lia-

2078 1819 2238 1874 πάλιν
2257 1834 2271 1847 '
2309 1817 2586 1887 Θειοτάτη
2616 1818 2726 1887 map
2754 1817 2851 1872 διὰ
2887 1817 3061 1872 τοῦτο
3095 1819 3248 1888 μετὰ
3277 1816 3392 1885 τὴν
3418 1816 3655 1886 μονάδα

2076 1910 2177 1963 καὶ
2201 1910 2238 1978 ἠ
2272 1908 2461 1978 Τριάς.
2480 1907 2639 1967 Ἀλλὰ
2659 1908 2752 1961 καὶ
2772 1910 2801 1960 6
2828 1907 3062 1979 Κλήμης
3227 1905 3653 1977 ἀρχαϊκώτερον,

2076 1998 2183 2068 Ζῇ,
2210 2001 2392 2070 φησὶν,
2421 2002 2453 2053 ό
2483 1998 2651 2065 Θεὸς,
2686 1998 2785 2052 καὶ
2812 2000 2845 2052 ό
2866 1998 3080 2066 Κύριος
3120 1996 3350 2066 Ἰησοῦς
3373 1997 3653 2064 Χριστὸς,

2076 2091 2175 2145 καὶ
2209 2091 2274 2145 τὸ
2301 2090 2543 2159 Πνεῦμα
2566 2090 2631 2143 τὸ
2666 2088 2854 2158 ἅγιον.
2882 2089 3168 2159 Εἰρηναῖος
3198 2088 3256 2140 δὲ
3282 2123 3295 2144 .
3429 2087 3457 2138 6
3489 2086 3657 2154 ἐγγὺς

2075 2184 2185 2238 τῶν
2209 2182 2519 2237 ἀποστόλων
2563 2180 2871 2250 γενόμενος,
2913 2179 3029 2242 πῶς
3070 2176 3312 2248 ἐμνήσθη
3355 2175 3447 2229 τοῦ
3481 2174 3657 2228 Πνεῦ-

2083 2290 2248 2344 ματος
2307 2273 2367 2325 ὲν
2410 2270 2489 2341 τῷ
2518 2271 2654 2341 πρὸς
2689 2270 2788 2332 τὰς
2830 2271 3064 2340 αἱρέσεις
3112 2268 3274 2338 λόγῳ,
3310 2268 3657 2337 ἀκούσωμεν.

2083 2365 2233 2431 Τοὺς
2267 2363 2337 2417 δὲ
2384 2361 2970 2433 άχαλιναγωγήτοινς,
3012 2361 3166 2431 φησὶ,
3200 2360 3299 2414 καὶ
3333 2375 3661 2428 καταερερο⁴

2076 2455 2299 2525 μένους
2318 2456 2402 2521 είς
2427 2454 2533 2521 τὰς
2548 2452 2778 2508 ἑαυτῶν
2798 2454 3133 2523 ἐπιθυμίας,
3169 2451 3469 2520 μηδεμίαν
3483 2451 3663 2520 ἕχον-

2084 2560 2191 2608 τας
2220 2543 2539 2612 ἐπιθυμίαν
2567 2544 2729 2598 θείου
2758 2544 3122 2612 Πνεύματος,
3146 2542 3379 2606 δικαίως
3407 2544 3443 2597 ό
3490 2541 3663 2596 Ἀπό-

2085 2636 2309 2700 στολος
2342 2633 2669 2703 σαρκικοὺς
2722 2633 2912 2691 καλεῖ.
2963 2634 3074 2688 Καὶ
3121 2634 3178 2686 ὲν
3215 2633 3396 2696 ἄλλοις
3437 2634 3467 2687 6
3499 2630 3663 2694 αὐτός

2085 2741 2279 2796 φησιν·
2318 2725 2454 2781 Ἵνα
2492 2725 2601 2795 μὴ,
2634 2725 2864 2796 ἄμοιροι
2902 2726 3067 2782 θείου
3119 2727 3465 2795 Πνεύματος
3494 2724 3663 2794 τενό-

2077 2835 2271 2887 μενοι,
2295 2818 2686 2889 άποτύχωμεν
2721 2816 2834 2886 τῆς
2852 2818 3177 2884 βασιλείας
3210 2815 3330 2871 τῶν
3365 2814 3659 2885 οὐρανῶν,

2081 2908 2415 2976 ἐπεϐόησεν
2435 2910 2469 2962 ό
2509 2908 2895 2974 Ἀπόστολος,
2914 2907 2999 2977 μὴ
3020 2908 3313 2962 δύνασθαι
3331 2907 3447 2975 τὴν
3464 2905 3662 2977 σάρκα

384 3000 635 3054 ‘beamur
680 2995 850 3062 ﬁdes;
884 3002 938 3049 et
971 3008 1038 3049 ex
1073 2995 1167 3048 illo
1196 3008 1361 3050 voces
1387 2993 1607 3049 easdem
1644 2994 1986 3049 ostendimus

2084 2997 2409 3062 βασιλείαν
2446 2996 2719 3067 οὐρανῶν
2747 2997 3221 3067 κληρονομῆσαι.
3260 2998 3323 3050 Εἰ
3368 2997 3425 3053 δέ
3457 3014 3533 3069 τῳ
3569 2997 3663 3050 καὶ

411 3092 465 3146 in
494 3088 934 3146 dubitationibus
962 3085 1030 3141 de
1060 3086 1367 3155 priscorum
1399 3086 1687 3155 multiplici
1710 3085 1983 3154 mnjugio.

2084 3090 2111 3142 6
2138 3090 2491 3153 Παλαιστινδς
2536 3090 2794 3153 Εὐσέϐιος
2816 3087 3128 3153 ἀξιόπιστος
3157 3087 3245 3141 διὰ
3285 3087 3660 3159 πολυπειρίαν,

410 3182 678 3254 Loquitur
722 3181 870 3236 enim
918 3180 1067 3235 hunc
1092 3181 1148 3234 in
1195 3178 1450 3243 modum,
1485 3194 1544 3233 se
1588 3178 1655 3232 ad
1695 3179 1985 3233 dicendum

2084 3179 2336 3233 κάκείνου
2358 3178 2454 3243 τὰς
2478 3180 2645 3242 αὑτὰς
2674 3180 2858 3249 φωνὰς
2890 3176 3265 3246 ἐπιδείκνυμεν
3319 3179 3376 3229 ὲν
3420 3178 3532 3237 τοῖς
3566 3178 3662 3228 ἐπ-

410 3275 656 3330 excitans
689 3289 705 3328 :
740 3272 993 3327 Sanctum
1024 3271 1395 3341 prophetarum
1431 3269 1594 3323 Deum
1640 3270 1770 3323 lucis
1801 3280 1993 3322 auctod

384 3372 520 3419 rem
550 3379 640 3431 per
673 3361 1007 3418 Salvatorem
1056 3371 1300 3416 nostrum
1338 3359 1523 3416 Jesum
1555 3361 1826 3415 Christum
1868 3377 1987 3414 cum

409 3462 592 3508 sancto
626 3452 828 3521 Spiritu
864 3453 1187 3508 invocantes.

641 3720 726 3758 am
764 3721 889 3760 vero
923 3713 980 3760 et
1011 3704 1307 3776 Origenem
1338 3706 1393 3761 in
1430 3706 1615 3762 multis
1640 3705 1986 3764 Psalmorum

411 3797 846 3867 expositionibus
874 3780 1361 3868 deprehendimus,
1394 3812 1519 3851 cum
1549 3807 1745 3856 sancto
1777 3798 1985 3871 Spiritu

413 3889 642 3959 gloriam
688 3887 1020 3944 deferentem
1058 3887 1204 3951 Deo,
1241 3888 1415 3944 virum
1454 3890 1547 3959 qui
1598 3905 1710 3944 non
1758 3892 1984 3946 omnino

413 3994 578 4034 sanas
629 3978 792 4034 habet
852 3978 907 4033 in
965 3979 1224 4034 omnibus
1275 3979 1342 4035 de
1396 3978 1605 4050 Spiritu
1661 3982 1983 4052 opiniones;

380 4100 383 4103 -
413 4068 770 4123 nihilominus
815 4077 869 4123 et
902 4068 994 4123 hic
1042 4069 1231 4123 multis
1282 4068 1338 4122 in
1372 4068 1508 4123 locis
1548 4073 1819 4126 reveritus
1854 4086 1988 4126 con-

380 4158 725 4215 suetudinis
777 4159 967 4223 robur,
1023 4160 1143 4229 pias
1174 4174 1338 4215 voces
1369 4160 1553 4214 emisit
1606 4160 1675 4215 «lc
1731 4160 1983 4232 Spiritu:

410 4251 505 4322 qui
534 4252 754 4320 quidem
791 4251 846 4305 in
871 4258 1056 4316 sexto,
1092 4252 1147 4305 ni
1170 4251 1349 4317 fallor,
1387 4253 1526 4306 libro
1567 4251 1987 4308 Enarrationum

382 4378 385 4383 -
411 4345 468 4398 in
500 4343 845 4412 Evangelium
865 4342 1114 4405 Joannis,
1140 4344 1307 4398 etiam
1347 4344 1686 4399 adorandum
1721 4344 1985 4415 Spiritum

2086 3273 2263 3343 απορή
2274 3289 2401 3342 μασι
2434 3272 2562 3341 περὶ
2588 3272 2687 3341 τῆς
2720 3270 2826 3324 τῶν
2854 3269 3094 3340 ἀρχαίων
3123 3266 3660 3337 πολυγαμίας.Λέγει

2085 3362 2193 3433 γὰρ
2223 3361 2363 3415 οὕτω
2391 3363 2693 3433 παρορμῶν
2722 3361 2914 3416 ἑαυτὸν
2938 3360 3028 3413 ἐπὶ
3058 3361 3147 3413 τὸν
3186 3359 3374 3428 λόγον·
3407 3358 3516 3412 Τὸν
3544 3356 3661 3410 τῶν

2086 3449 2407 3520 προφητῶν
2440 3449 2610 3519 ἅγιον
2649 3450 2799 3504 Θεὸν
2824 3449 3183 3519 φωταγωγὸν
3203 3447 3301 3502 διὰ
3332 3447 3439 3501 τοῦ
3470 3444 3659 3513 Σωτῆ-

2077 3558 2188 3610 ρος
2239 3539 2408 3609 ἡμῶν
2452 3539 2657 3607 Ἰησοῦ
2693 3538 2953 3608 Χριστοῦ
2998 3539 3119 3593 σὺν
3167 3538 3313 3608 ἁγίῳ
3364 3537 3658 3605 Πνεύματι

2086 3630 2474 3696 καλέσαντες.

2282 3720 2421 3789 Ἤδη
2445 3720 2501 3773 δὲ
2523 3720 2619 3774 καὶ
2654 3720 2936 3792 Ὠριγένην
2958 3722 3015 3773 ὲν
3045 3719 3266 3783 πολλαῖς
3294 3719 3405 3772 τῶν
3434 3720 3511 3781 εἰς
3530 3716 3653 3779 τοὺς

2088 3812 2144 3864 Ψ
2146 3810 2349 3881 αλμοὺς
2372 3810 2656 3877 διαλέξεων
2688 3810 2920 3881 εὕρομεν
3094 3812 3190 3864 σὺν
3225 3810 3303 3881 τῷ
3328 3812 3468 3880 ἁγίῳ
3490 3808 3658 3861 Πνεῦ-

2089 3917 2217 3969 ματι
2243 3900 2339 3969 τὴν
2363 3897 2520 3962 δόξαν
2546 3899 2884 3965 ἀποδιδόντα,
2909 3899 3075 3969 ἄνδρα
3097 3900 3218 3952 οὐδὲ
3240 3900 3380 3953 πάνυ
3405 3917 3457 3951 τι
3490 3899 3659 3966 ὑγιεῖς

2086 3990 2329 4062 περὶτοῦ
2362 3991 2679 4061 Πνεύματος
2710 3990 2809 4054 τὰς
2839 3991 3136 4062 ὑπολήψεις
3167 3993 3224 4044 ὲν
3261 3993 3426 4044 πᾶσιν
3448 3991 3656 4061 ἔχοντα·

2084 4085 2223 4154 πλὴν
2264 4084 2399 4138 ἀλλὰ
2442 4082 2711 4154 πολλαχοῦ
2754 4084 2850 4137 καὶ
2881 4083 3067 4147 αὐτὸς,
3114 4083 3215 4153 τῆς
3268 4082 3558 4152 συνηθείας
3602 4080 3662 4134 τὸ

2088 4177 2304 4248 ἰσχυρὸν
2350 4175 2791 4245 δυσωπούμενος,
2832 4174 2933 4238 τὰς
2974 4175 3220 4238 εὺσεὸεῐς
3263 4172 3447 4243 φωνὰς
3484 4174 3659 4244 ἀφῆκε

2085 4268 2213 4339 περὶ
2242 4266 2336 4320 τοῦ
2377 4265 2713 4336 Πνεύματος.
2756 4267 2854 4329 Ὃς
2887 4282 2974 4334 γε,
3006 4264 3149 4319 κατὰ
3176 4264 3236 4317 τὸ
3278 4264 3458 4329 ἕκτον,
3487 4260 3661 4334 οἶμαι,

2082 4359 2192 4412 τῶν
2222 4361 2310 4425 εἰς
2350 4358 2418 4412 τὸ
2458 4358 2610 4412 κατὰ
2655 4356 2932 4423 Ἰωάννην
2958 4356 3329 4426 Εὐαγγέλιον
3368 4355 3663 4425 Ἐξηγητι-

414 4437 696 4492 evidenter
722 4435 1062 4504 pronuntiat,
1091 4434 1165 4487 ita
1193 4436 1442 4490 scribens
1468 4436 1537 4489 ad
1560 4437 1784 4491 verbum
1808 4455 1820 4489 :
1844 4437 1987 4501 Quo-

2086 4448 2228 4511 κῶν,
2280 4448 2374 4500 καὶ
2427 4448 2800 4518 προσκυνητὸν
2847 4446 2980 4500 αὐτὸ
3032 4445 3280 4517 φανερῶς
3327 4444 3665 4515 ἀπεφήνατο,

414 4529 561 4582 niam
590 4542 741 4596 aqua
783 4525 1061 4579 lavacrum
1088 4526 1358 4595 signiﬁcat
1386 4529 1759 4597 purgationem
1796 4530 1988 4581 animte

374 4650 383 4653 -
413 4619 479 4673 ab
508 4617 748 4672 omnibus
783 4619 1006 4672 malitia:
1035 4617 1279 4672 sordibus
1315 4618 1549 4683 ablutas,
1602 4617 1768 4671 nihilo
1814 4628 1988 4671 tamen

413 4709 586 4762 minus
622 4715 673 4762 et
701 4722 793 4776 per
827 4708 1058 4773 seipsum
1098 4708 1146 4761 ei
1174 4707 1266 4777 qui
1296 4707 1525 4773 seipsum
1565 4704 1758 4773 praebet
1799 4705 1991 4759 divini-

412 4798 517 4853 tati
541 4796 831 4851 adorandte
864 4796 1169 4859 Trinitatis,
1185 4810 1278 4862 per
1303 4795 1553 4848 virtutem
1572 4794 1987 4860 invocationunt,

412 4889 673 4944 donorum
718 4889 1036 4957 principium
1079 4905 1142 4941 ac
1190 4887 1388 4957 fontem
1438 4885 1612 4941 habet.
1661 4886 1741 4940 Ac
1795 4901 1990 4942 rursus

415 4983 472 5037 in
527 4980 969 5045 commentariis,
1010 4980 1213 5049 quibus
1267 4978 1494 5049 exponit
1549 4977 1857 5050 Epistolam
1920 4979 1989 5033 ad

413 5071 726 5137 Romanos,
786 5073 1009 5134 Sacra,
1061 5072 1275 5139 inquit,
1336 5073 1553 5125 virtutes
1601 5086 1819 5138 capaces
1865 5079 1988 5125 sunt

419 5162 685 5234 Unigeniti
718 5171 767 5215 et
811 5162 987 5215 sancti
1029 5160 1270 5228 Spiritus
1311 5160 1548 5216 deitatis.
1580 5160 1660 5216 Ad
1696 5162 1841 5215 hunc
1870 5175 1989 5215 mo-

380 5256 544 5309 dum
567 5293 582 5318 ,
624 5252 841 5323 Opinor,
881 5249 1194 5306 traditionis
1230 5250 1311 5306 vis
1350 5266 1491 5321 saepe
1518 5251 1781 5322 compulit
1811 5251 1988 5306 homio

413 5360 512 5401 nes
554 5344 720 5400 etiam
754 5344 871 5400 suis
913 5344 1156 5414 ipsorum
1190 5342 1543 5412 dogmatibus
1584 5345 1985 5400 contradicere.

416 5436 486 5491 At
534 5451 638 5491 nec
689 5435 1010 5490 Africanum
1069 5434 1398 5491 histOricum
1460 5435 1590 5491 talis
1649 5435 1989 5505 gloriﬁcandi

374 5576 379 5581 .
417 5525 593 5581 iorma
623 5527 903 5597 praeteriit.
938 5524 1227 5589 Siquidem
1270 5532 1489 5596 constat
1526 5526 1581 5581 in
1620 5526 1812 5589 quinto
1848 5527 1991 5583 libro

488 5759 504 5789 ⁸
534 5757 556 5812 ι
592 5756 718 5811 Cor.
753 5772 835 5821 ιιι,
868 5755 921 5809 ὅ.
997 5757 1018 5788 ³
1058 5754 1228 5813 ICor.
1265 5774 1353 5827 xv,
1398 5758 1486 5816 50.

2086 4537 2283 4590 οὑτωσὶ
2307 4538 2531 4608 γράφων
2555 4536 2883 4603 κατὰνλέξιν·
2915 4536 3039 4589 ’Ότι
3064 4536 3130 4589 τὸ
3156 4534 3261 4589 τοῦ
3287 4535 3507 4601 ὓδατος
3525 4538 3669 4589 λου-

2085 4630 2230 4698 τρὸν
2256 4630 2569 4698 σύμϐολον
2594 4628 2876 4699 τυγχάνει
2900 4629 3229 4698 καθαρσίου
3257 4628 3486 4698 ψυχῆς,
3513 4628 3665 4683 πάν-

2085 4735 2159 4773 τα
2195 4720 2393 4786 ῥύπον
2439 4718 2546 4772 τὸν
2577 4718 2696 4773 ἀπὸ
2739 4718 2955 4784 κακίας
3124 4715 3625 4783 άποπλυνομένης
3650 4735 3665 4750 ·

2087 4808 2270 4862 οὐδὲν
2300 4808 2370 4861 δὲ
2408 4804 2593 4879 ἦττον
2637 4809 2736 4863 καὶ
2769 4811 2896 4863 καθ’
2939 4810 3118 4864 ἑαυτὸ
3158 4808 3240 4875 τῷ
3272 4810 3672 4880 ἐμπαρέχοντι

2088 4897 2305 4953 ἑαυτὸν
2334 4897 2408 4967 τῇ
2438 4899 2670 4965 θεότητι
2701 4897 2812 4963 τῆς
2846 4897 3278 4966 προσκωητῆς
3312 4899 3552 4967 Τριόδος
3572 4897 3671 4953 διὰ

2089 4988 2200 5058 τῆς
2227 4988 2535 5058 δυνάμεως
2575 4986 2695 5040 τῶν
2732 4986 3113 5053 ἐπικλήσεων
3151 4987 3536 5057 χαρισμάτων
3570 4989 3666 5057 ἀρ⁴

2091 5079 2213 5150 χὴν
2250 5079 2375 5149 ἔχει
2411 5078 2509 5133 καὶ
2560 5078 2784 5148 πηγήν.
2834 5077 2945 5131 Καὶ
2995 5078 3159 5132 πάλιν
3207 5080 3267 5131 ὲν
3295 5080 3407 5141 τοῖς
3444 5080 3527 5141 εἰς
3568 5079 3667 5148 τὴν

2092 5171 2229 5241 πρὸς
2276 5169 2576 5241 Ῥωμαίους
2604 5167 2940 5239 -Έπιστολὴν
2988 5168 3352 5239 ἐξηγητικοῖς,
3386 5172 3457 5223 Al
3496 5170 3661 5238 ἱεραὶ.

2094 5263 2251 5332 φησὶ,
2296 5259 2581 5329 δυνάμεις
2632 5259 2953 5329 χωρητικαὶ
3003 5259 3110 5313 τοῦ
3148 5260 3531 5329 Μονοτενοῦς
3568 5258 3663 5313 καὶ

2090 5351 2199 5420 τῆς
2224 5350 2331 5406 τοῦ
2363 5352 2535 5420 άγίου
2564 5351 2909 5419 Πνεύματος
2937 5350 3235 5418 θεότητος.
3259 5348 3467 5415 Οὕτως,
3492 5345 3662 5421 οἶμαι.
3711 5337 3716 5341 ’

2089 5444 2153 5497 τὸ
2178 5443 2279 5514 τῆς
2307 5442 2656 5514 παραδόσεως
2693 5442 2911 5511 ἰσχυρὸν
2938 5441 3099 5510 ἐνῆγε
3129 5440 3390 5507 πολλάκις
3417 5443 3544 5504 τοὺς
3572 5440 3661 5496 ἄνα

2089 5535 2224 5602 δρας
2259 5533 2353 5588 καὶ
2401 5536 2513 5597 τοῖς
2548 5533 2769 5597 οἰκείοις
2809 5534 2989 5586 αὐτῶν
3157 5532 3422 5607 δόγμασιν
3463 5532 3661 5589 timid-
