4078 6292
354 339 460 420 805

1310 331 1688 396 J'ANOPLIA
1726 326 2184 391 DOGMATICA.
2210 349 2274 360 -
2311 324 2464 384 'l‘lT.
2507 319 2642 381 XII.

3498 315 3606 375 806

349 497 489 550 γειν.
549 475 686 528 Ἀλλ’
731 473 850 527 οὐδὲ
907 466 1228 543 Ἀφρικανὸν
1275 464 1365 517 τὸν
1414 461 1826 535 ἱστοριογράφον
1868 463 1960 516 τδι

2060 451 2098 507 ie
2126 447 2443 518 temporibus
2487 445 2788 514 Epitomes,
2833 448 2888 497 et
2939 440 3120 510 ipsum
3167 438 3238 494 ad
3284 439 3427 494 hunc
3464 438 3610 508 IOqui

349 571 591 627 τοιοῦτον
622 562 759 630 εἶδος
784 565 882 634 τῆς
910 559 1213 630 δοξολογίας
1237 554 1528 630 παρέλαϐε.
1551 555 1802 608 Φαίνεται
1823 551 1932 624 γὰρ

351 665 410 715 ὲν
453 659 531 731 τῷ
581 658 817 729 πέμπτῳ
855 655 952 724 τῆς
989 652 1106 705 τῶν
1151 649 1383 720 χρόνων
1436 644 1750 716 Ἐπιτομῆς
1791 644 1933 702 οὕτω

355 754 449 807 καὶ
497 751 660 814 αὐτὸς
702 747 876 816 λέγων
897 761 909 774 ·
971 743 1168 813 Ἡμεῖς
1215 742 1324 813 γὰρ
1371 743 1423 794 οἱ
1475 739 1766 795 κάκείνων
1815 736 1932 792 τῶν

353 840 633 911 ῥημάτων
784 837 848 890 τὸ
885 833 1105 904 μέτρον
1139 829 1542 899 ἐπιστάμενοι,
1578 828 1677 882 καὶ
1704 827 1814 896 τῆς
1840 827 1935 880 πί-

355 950 547 1000 στεως
571 933 682 987 οὐκ
704 926 1065 998 ἀγνοοῦντες
1094 923 1207 991 τὴν
1233 922 1428 992 χάριν,
1463 917 1936 989 εὐχαριστοῦμεν

357 1026 439 1091 τῷ
485 1017 926 1092 παρασχομένῳ
964 1015 1088 1082 τοῖς
1127 1015 1298 1080 ἰδίοις
1326 1012 1469 1082 ἡμῖν
1506 1011 1686 1078 Harp!
1830 1009 1938 1065 τὸν

359 1115 480 1170 τῶν
511 1114 669 1168 ὅλων
693 1108 938 1177 Σωτῆρα
962 1107 1061 1161 καὶ
1091 1108 1312 1174 Κύριον
1338 1102 1505 1174 ἡμῶν
1549 1101 1789 1170 Ἰησοῦν
1805 1103 1938 1170 Χριο

361 1207 532 1260 στάν·
557 1195 605 1269 ᾧ
635 1203 672 1270 ἠ
701 1199 872 1264 δόξα,
897 1195 1299 1266 μεγαλωσύνη
1321 1191 1444 1246 σὺν
1465 1189 1611 1259 ἁγίῳ
1643 1188 1938 1257 Πνεύματι

361 1299 449 1361 εὶς
487 1293 629 1358 τοὺς
665 1287 905 1354 αἰῶνας.
941 1285 1022 1338 Τὰ
1061 1283 1158 1353 μὲν
1198 1276 1291 1335 οὖν
1331 1277 1464 1334 ἄλλα
1492 1275 1652 1348 τυχὸν
1687 1275 1780 1327 καὶ
1813 1275 1940 1328 ἀπι-

366 1385 632 1456 στηθῆναι
663 1379 910 1444 δύναται,
948 1377 982 1447 ἢ
1015 1373 1109 1429 καὶ
1141 1369 1560 1445 μεταγραφέντα
1591 1366 1940 1437 δυσφώρατον

342 1477 509 1548 ’ἔχειν
545 1476 645 1546 τὴν
677 1469 1036 1540 κακουργίαν,
1068 1468 1125 1520 ὲν
1160 1466 1258 1536 μιᾷ
1292 1460 1526 1531 συλλαϐῇ
1556 1461 1656 1530 τῆς
1680 1458 1941 1548 διαφοράς

367 1547 737 1639 ὑπαρχούσης
756 1563 792 1618 ἀ
810 1563 866 1615 δὲ
889 1559 979 1613 διὰ
997 1556 1336 1630 μακροτέρας
1362 1554 1459 1623 τῆς
1486 1551 1682 1616 λέξεως
1706 1547 1940 1620 παρεθέ-

371 1659 531 1730 μεθα,
549 1657 643 1710 καὶ
667 1657 765 1726 τὴν
782 1650 1070 1720 ἐπιϐουλὴν
1090 1645 1388 1717 διαφεύγει,
1405 1643 1497 1697 καὶ
1520 1643 1616 1713 τὴν
1639 1639 1942 1712 μαρτυρίαν

365 1752 462 1805 ἀπ’
474 1748 653 1805 αὐτῶν
668 1747 774 1801 τῶν
800 1740 1240 1816 συγγραμμάτων
1257 1735 1631 1790 εὐαπόδεικτον
1650 1732 1781 1802 ἔχει.
1805 1733 1868 1785 "0
1886 1731 1944 1784 δὲ

367 1847 542 1908 άλλως
566 1845 662 1916 μὲν
685 1845 814 1907 ἴσως
837 1840 1207 1913 μικροπρεπὲς
1231 1833 1299 1910 ἦν
1316 1839 1394 1901 είς
1415 1836 1578 1908 μέσον
1597 1833 1845 1904 ἄγεσθαι,
1867 1831 1946 1902 τῷ

369 1936 426 1989 δὲ
448 1934 796 2005 καινοτομίαν
818 1930 1199 2001 ἐγκαλουμένῳ
1221 1927 1517 1996 ἀναγκαῖον
1541 1925 1620 1988 είς
1647 1921 1950 1996 μαρτυρίαν

370 2029 459 2083 διὰ
472 2027 565 2082 τοῦ
580 2025 770 2098 χρόνου
788 2023 884 2095 τὴν
900 2023 1254 2095 ἀρχαιότητα,
1270 2019 1428 2073 τοῦτο
1443 2017 1508 2090 δὴ
1523 2016 1618 2071 καὶ
1634 2013 1948 2087 προσθήσω.

376 2121 562 2186 Ἔδοξε
593 2123 704 2184 τοῖς
730 2118 999 2189 πατράσιν
1034 2115 1193 2188 ήμῶν
1231 2113 1306 2187 μὴ
1341 2114 1518 2184 σιωπῇ
1541 2111 1640 2183 τὴν
1677 2108 1836 2182 χάριν
1857 2107 1950 2160 τοῦ

373 2210 661 2283 ὲσπερινοῦ
682 2208 856 2278 φωτὸς
964 2205 1234 2278 δέχεσθαι,
1260 2203 1375 2277 ἀλλ’
1396 2203 1558 2266 εὐθὺς
1579 2201 1839 2271 φανέντος
1867 2199 1956 2252 εὑ-

377 2305 673 2376 χαριστείν.
689 2301 801 2356 Καὶ
812 2301 958 2362 ὅστις
979 2298 1076 2369 μὲν
1090 2299 1121 2352 ὁ
1131 2296 1315 2368 πατὴρ
1330 2295 1439 2349 τῶν
1453 2295 1713 2366 ῥημάτων
1731 2292 1955 2346 ἐκείνων

375 2395 474 2465 τῆς
499 2391 805 2462 ὲπιλυχνίου
825 2388 1196 2462 εὐχαριστίας,
1221 2388 1396 2441 εἰπεῖν
1417 2386 1517 2438 οὐκ
1539 2383 1752 2455 ἔχομεν·
1781 2386 1810 2436 ὁ
1835 2383 1959 2453 μέν.

377 2503 461 2540 τοι
481 2485 608 2548 λαὸς
628 2482 860 2555 ἀρχαίαν
878 2481 1074 2554 ἀφίησι
1088 2481 1186 2552 τὴν
1203 2477 1408 2550 φωνὴν,
1425 2477 1518 2530 καλ⁴
1541 2477 1715 2529 οὐδενὶ
1738 2474 1957 2528 πώποτε

379 2578 596 2635 ἀσεϐεῖν
629 2575 991 2648 ἐνομίσθησαν
1019 2573 1069 2626 οἱ
1089 2572 1356 2640 λέγοντες·
1379 2567 1676 2636 Αίνοῦμεν
1701 2564 1952 2634 Πατέρα,

377 2669 478 2725 καί
509 2669 665 2732 Υὶὸν,
693 2667 792 2721 καὶ
812 2665 982 2734 ἄτιον
1001 2663 1245 2733 Πνεῦμα
1272 2660 1440 2714 Θεοῦ.
1469 2660 1531 2713 Ei
1556 2659 1613 2713 δέ
1635 2677 1719 2722 τις
1751 2659 1847 2711 καὶ
1865 2659 1956 2712 τὸν

374 2763 551 2834 ὕμνον
610 2758 995 2830 Ἀθηνογένους
1047 2755 1208 2824 ἔγνω,
1254 2754 1314 2808 ὃν
1351 2753 1542 2822 ὥσπερ
1591 2769 1642 2804 τι
1695 2749 1959 2821 ἀλεξητή-

369 2868 499 2924 ριον
643 2851 754 2911 τοῖς
805 2845 1054 2900 συνοῦσιν
1105 2842 1256 2916 αὐτῷ
1309 2841 1717 2901 καταλέλοιπεν,
1772 2838 1960 2910 ὁρμῶν

367 2943 484 3014 ἥδη
524 2941 660 3014 πρὸς
689 2939 788 3011 τὴν
825 2937 912 2991 διὰ
943 2936 1113 3008 πυρὸς
1144 2934 1444 2998 τελείωσιν,
1473 2931 1582 2986 οἶδε
1611 2932 1706 2985 καὶ
1731 2931 1829 3002 τὴν
1852 2929 1962 2984 τῶν

370 3030 680 3103 μαρτύρων
711 3027 934 3098 γνώμην
966 3027 1111 3089 ὅπως
1145 3023 1290 3095 εἶχον
1319 3024 1449 3096 περὶ
1487 3021 1581 3075 τοῦ
1616 3019 1959 3093 Πνεύματος.

365 3123 493 3178 Καὶ
515 3121 687 3175 ταῦτα
727 3117 825 3191 μὲν
851 3118 931 3180 είς
957 3115 1234 3170 τοσοῦτον.

586 3187 884 3284 Γρηγόριον
935 3210 992 3264 δὲ
1042 3208 1134 3261 τὸν
1185 3206 1397 3276 Μέγαν,
1451 3209 1546 3260 καὶ
1595 3202 1694 3267 τὰς
1749 3202 1957 3256 ἐκείνου
1995 3187 2037 3244 C

369 3304 571 3379 φωνὰς
606 3303 708 3357 ποῦ
749 3303 1026 3374 θήσομεν;
1069 3295 1157 3370 ἄρ’
1196 3298 1318 3368 οὐχὶ
1353 3295 1489 3368 μετά
1515 3295 1622 3348 τῶν
1649 3293 1963 3348 ἀποστόλων

369 3397 482 3450 καὶ
518 3389 1060 3464 προφητῶν;·άνδρα
1097 3385 1174 3458 τῷ
1220 3384 1368 3457 αὺτῷ
1415 3383 1692 3455 Πνεύματι
1735 3383 1965 3445 ἐκείνοις

373 3487 840 3558 περιπατήσαντα
874 3516 890 3544 ,
1023 3480 1117 3534 καὶ
1157 3481 1268 3542 τοῖς
1310 3477 1420 3532 τῶν
1464 3477 1635 3546 ἁγίων
1671 3475 1841 3547 ίχνεσι
1879 3474 1968 3528 διὰ

373 3574 590 3638 παντὸς
627 3572 720 3627 τοῦ
766 3571 881 3642 βίου
926 3570 1308 3641 στοιχήσαντα,
1347 3567 1444 3620 καὶ
1477 3567 1577 3638 τῆς
1609 3563 1970 3636 εὐαγγελικῆς

376 3665 668 3729 πολιτείας
701 3665 762 3718 τὸ
799 3662 1024 3735 ἀκριϐὲς
1075 3659 1164 3714 διὰ
1218 3660 1398 3729 πάσης
1454 3658 1619 3713 αὐτοῦ
1673 3658 1773 3728 τῆς
1823 3657 1970 3727 ζωῆς

376 3754 835 3827 κατορθώσαντα.
888 3752 1031 3822 Ἐγὼ
1067 3751 1164 3823 μὲν
1197 3747 1355 3803 τοῦτό
1395 3767 1556 3821 φημι·
1601 3745 1680 3803 Ἦ
1719 3749 1972 3820 ἀδικήσο-

380 3869 490 3922 μεν
526 3849 628 3918 τὴν
654 3847 932 3920 ἀλήθειαν,
965 3845 1040 3918 μὴ
1068 3848 1180 3910 τοῖς
1208 3843 1574 3918 ᾠκειωμένοις
1603 3841 1722 3913 Θεῷ
1743 3840 1841 3911 τὴν
1869 3839 1973 3908 ψυο

380 3945 487 4015 χὴν
536 3941 752 4012 ἐκείνην
807 3938 1282 4011 συναριθμοῦντες,
1335 3933 1446 3992 οἷόν
1497 3951 1619 3989 τινα
1670 3932 1972 4004 λαμπτῆρα

382 4034 667 4106 περιφανῆ
710 4033 881 4102 μέγαν
912 4033 970 4085 ὲν
1009 4034 1073 4103 τῇ
1124 4029 1422 4101 Ἐκκλησία
1456 4025 1550 4081 τοῦ
1580 4025 1714 4080 Θεοῦ
1745 4023 1975 4094 διαλάμ-

382 4128 590 4196 ψαντασ
625 4124 683 4189 ὃς
719 4123 949 4195 φοϐερὸν
999 4123 1096 4193 μὲν
1135 4119 1280 4194 εἶχεν
1309 4123 1373 4175 ὲκ
1398 4121 1497 4192 τῆς
1530 4117 1625 4173 τοῦ
1659 4116 1976 4188 Πνεύματος

388 4217 687 4290 συνεργίας
724 4217 866 4269 κατά
912 4216 1184 4286 δαιμόνων
1235 4214 1297 4268 τὸ
1336 4215 1558 4286 κράτοςο
1605 4209 1872 4280 τοσαύτην
1916 4207 1974 4262 δὲ

385 4307 557 4362 ἔλαϐε
593 4306 686 4360 τοῦ
725 4306 883 4374 λόγου
913 4307 1012 4376 τὴν
1056 4305 1216 4375 χάριν
1261 4305 1341 4368 είς
1370 4301 1617 4373 ὑπακοὴν
1649 4301 1886 4362 πίστεως
1919 4300 1976 4351 έν

385 4402 505 4462 τοῖς
541 4397 772 4460 ἔθνεσιν,
798 4395 960 4461 ὥστε,
988 4395 1352 4449 ἑπτακαίδεκα
1390 4395 1581 4465 μόνους
1619 4391 1977 4464 Χριστιανοὺς

391 4487 756 4562 παραλαϐὼν,
796 4488 916 4541 ὅλον
957 4488 1048 4540 τὸν
1093 4488 1222 4540 λαὸν
1265 4488 1355 4539 τόν
1401 4503 1458 4538 τε
1499 4485 1718 4538 ἀστικὸν
1763 4483 1974 4536 καὶτὸν

389 4579 689 4653 χωριτικὺν
720 4579 808 4633 διὰ
837 4579 938 4651 τῆς
971 4578 1316 4648 ἐπιγνώσεως
1363 4579 1679 4648 προσήγαγε
1716 4575 1794 4646 τῷ
1834 4573 1973 4644 Θεῷ.

401 4672 649 4734 Ἐκεῖνος
682 4671 774 4722 καὶ
803 4667 1063 4740 ποταμῶν
1187 4668 1376 4740 ῥεῖθρα
1407 4667 1755 4738 μετέστησεν,
1787 4664 1976 4718 ἐπιτά-

393 4761 493 4826 ξας
539 4762 722 4824 αὐτοῖς
759 4763 816 4814 ὲν
857 4759 933 4831 τῷ
963 4760 1188 4831 ὀνόματι
1220 4759 1298 4830 τῷ
1330 4758 1552 4830 μεγάλῳ
1594 4757 1687 4813 τοῦ
1718 4757 1974 4829 Χριστοῦ·

389 4853 492 4906 καὶ
547 4851 744 4919 λίμνην
795 4848 1056 4920 ἐξήρανεν
1115 4847 1370 4902 ὑπόθεσιν
1425 4847 1658 4918 πολέμου
1707 4847 1978 4917 φέρουσαν

394 4941 653 5007 ἀδελφοῖς
683 4939 1052 5002 πλεονέκταις.
1078 4939 1143 4991 Ai
1180 4938 1237 4992 δὲ
1271 4938 1379 4992 τῶν
1411 4937 1712 5009 μελλόντων
1741 4953 1978 5008 προαγο-

399 5028 622 5100 ρεύσεις
657 5027 926 5093 τοιαῦται,
953 5025 1029 5088 ὡς
1062 5025 1229 5097 μηδὲν
1259 5026 1368 5081 τῶν
1394 5026 1570 5081 ἀλλων
1597 5025 1816 5080 ἀποδεῖν
1845 5042 1979 5098 προ-

398 5118 614 5190 φητῶν.
651 5119 761 5172 Καὶ
785 5117 923 5184 ὅλως
962 5118 1171 5190 μακρὸν
1211 5117 1276 5172 ἂν
1308 5117 1393 5189 εἴη
1423 5117 1516 5172 τοῦ
1554 5117 1747 5189 ἀνδρὸς
1775 5117 1980 5188 διηγεῖ-

401 5215 534 5269 σθαι
559 5213 630 5266 τά
661 5212 935 5283 θαύματα,
970 5211 1030 5276 ὃς
1049 5215 1117 5284 τῇ
1149 5210 1420 5283 ὑπερϐολῇ
1441 5210 1550 5264 τῶν
1571 5211 1628 5263 ὲν
1650 5208 1798 5280 αὐτῷ
1821 5226 1981 5282 χαρι-

387 5305 651 5376 σμάτων,
685 5305 792 5358 τῶν
830 5304 1236 5376 ἐνεργουμένων
1279 5301 1386 5355 ὑπὸ
1425 5300 1520 5357 τοῦ
1560 5299 1877 5372 Πνεύματος
1923 5301 1981 5353 έν

401 5396 559 5464 πάσῃ
605 5394 828 5466 δυνάμει
873 5397 966 5447 καὶ
1013 5393 1258 5464 σημείοις
1308 5390 1404 5445 καὶ
1461 5390 1673 5460 τέρασι,
1729 5388 1981 5462 δεύτερος

401 5484 647 5553 Μωῦσῆς
676 5485 801 5554 παρ’
837 5484 1014 5537 αὐτῶν
1041 5483 1151 5536 τῶν
1195 5481 1404 5553 ἐχθρῶν
1463 5481 1564 5550 τῆς
1594 5479 1850 5550 ἀληθείας
1880 5480 1980 5532 ἀν·

399 5575 702 5646 ηγορεύετο
724 5576 823 5648 (7).
873 5577 1059 5638 Οὕτως
1085 5575 1235 5645 αὐτῷ
1259 5577 1317 5627 ὲν
1356 5573 1517 5626 παντὶ
1543 5572 1684 5642 λόγῳ
1715 5572 1810 5625 καὶ
1835 5571 1983 5641 ἔργῳ

404 5669 523 5722 τῶν
546 5669 980 5739 ἔπιτελουμένων
1013 5665 1102 5719 διὰ
1121 5665 1216 5735 τῆς
1251 5665 1475 5734 χάριτος
1504 5655 1615 5715 οἷόν
1651 5677 1704 5712 τι
1736 5657 1855 5727 φῶς
1885 5660 1984 5711 έπ-

404 5761 651 5830 έλαμπε,
685 5762 910 5832 μήνυμα
935 5760 1029 5828 τῆς
1063 5758 1318 5828 οὐρανίου
1334 5756 1646 5825 δυνάμεως,
1665 5751 1768 5821 τῆς
1796 5753 1858 5806 ἐκ
1883 5749 1978 5804 τοῦ

2035 543 2256 600 modum
2297 560 2310 595 :
2355 537 2470 593 Nos
2517 539 2653 591 enim
2700 535 2791 604 qui
2839 543 2889 588 et
2937 533 3154 587 illorum
3337 529 3612 590 verborum

2037 635 2254 690 modum
2304 630 2626 694 didicimus,
2680 642 2769 680 nec
2812 626 3118 696 ignoramus
3170 621 3295 692 ﬁdei
3344 623 3610 691 gratiam,

2034 723 2240 796 gratias
2258 721 2465 791 agimus
2484 718 2659 780 Patri,
2691 717 2781 786 qui
2799 715 2948 769 nobis
2967 716 3078 768 suis
3101 713 3360 767 creaturis
3388 710 3616 779 prmiuit

2036 817 2400 872 universorum
2427 811 2757 866 Salvatorem
2783 825 2844 862 ac
2868 809 3154 862 Dominum
3171 817 3411 859 nostrum
3431 803 3618 859 Iesum

2038 905 2333 967 Christum,
2357 903 2442 956 cui
2457 902 2652 972 gloria,
2688 900 2942 968 majes'tas
2961 915 3080 951 cum
3107 907 3292 953 sancto
3322 896 3527 966 Spiritu
3561 897 3617 949 in

2037 996 2256 1052 saecula.
2290 995 2361 1047 At
2394 993 2462 1048 de
2484 991 2698 1046 caeteris
2733 989 2990 1045 fortassis
3024 987 3263 1043 dubitari
3281 987 3487 1057 possit,
3524 994 3620 1040 aut

2039 1088 2188 1144 credi
2222 1086 2436 1158 possint
2475 1084 2763 1138 immutata
2797 1096 2916 1135 eam
2964 1079 3237 1134 rationem
3282 1077 3521 1140 habere,
3562 1083 3624 1129 ut

2041 1182 2194 1237 fraus
2213 1193 2355 1250 aegre
2384 1173 2719 1247 deprehendi
2748 1172 2944 1244 possit,
2976 1186 3106 1226 cum
3126 1171 3182 1224 in
3217 1168 3381 1223 unica
3410 1166 3623 1238 syllaba

2041 1273 2281 1346 positum
2317 1271 2392 1325 sit
2420 1268 2738 1325 discrimen.
2767 1263 2972 1322 Verum
3001 1278 3122 1333 qua:
3161 1262 3412 1331 pluribus
3434 1258 3619 1313 verbis

2042 1368 2187 1422 dicta
2218 1363 2511 1419 citavimus
2534 1403 2549 1427 ,
2589 1376 2654 1418 ea
2693 1375 2795 1416 nec
2833 1357 3066 1414 insidias
3096 1355 3430 1416 admittunt,
3467 1360 3522 1406 et
3553 1349 3623 1404 ab

2045 1457 2180 1530 ipsis
2233 1456 2394 1512 libris
2444 1463 2692 1526 paratum
2739 1452 2944 1508 habent
2997 1446 3392 1505 testimonium.
3443 1441 3620 1496 Porro

2043 1552 2189 1624 quod
2230 1551 2434 1619 alioqui
2468 1548 2722 1604 fortassis
2767 1543 3035 1598 humilius
3070 1540 3233 1603 foret,
3267 1552 3431 1607 quam
3464 1543 3522 1588 ut
3561 1534 3619 1588 'm

2045 1645 2282 1701 medium
2315 1643 2640 1705 adducatur,
2675 1637 2770 1694 sed
2815 1637 2862 1690 ei
2917 1644 3101 1688 tamen
3142 1632 3236 1702 qui
3277 1631 3345 1684 de
3376 1627 3619 1682 novitate

2045 1744 2358 1801 accusatur,
2387 1735 2620 1805 perutile
2646 1739 2866 1801 propter
2893 1727 3160 1796 temporis
3204 1721 3616 1792 antiquitatem,

1987 1810 2152 1882 l3hoc
2198 1841 2422 1896 quoque
2467 1837 2618 1878 nunc
2670 1821 2982 1888 adjicimus.
3019 1815 3210 1871 Visum
3251 1823 3334 1868 est
3373 1812 3623 1882 patribus

2049 1919 2286 1984 nostris,
2323 1915 2622 1987 vespertini
2661 1911 2888 1966 luminis
2925 1908 3161 1979 gratiam
3193 1904 3624 1974 haudquaquam

2050 1981 2283 2067 silentio
2315 1981 2596 2079 accipere,
2639 2005 2735 2061 sed
2783 2017 2908 2056 mox
2940 2008 2998 2055 ut
3027 1997 3279 2069 apparuit
3311 2011 3474 2066 agere
3501 1981 3648 2065 ιιι-ια’

2052 2103 2178 2158 tias.
2215 2101 2351 2169 Quis
2390 2107 2573 2156 autem
2619 2096 2786 2152 fuerit
2813 2102 3008 2149 auctor
3036 2093 3252 2147 illorum
3296 2089 3627 2155 verborum,

2053 2208 2173 2265 quas
2219 2193 2480 2248 dicuntur
2525 2190 2581 2244 in
2623 2187 2925 2260 gratiarum
2972 2183 3189 2238 actione
3235 2180 3304 2235 ad
3349 2181 3622 2242 lucernas,

2057 2286 2243 2340 dicere
2297 2300 2410 2339 non
2470 2295 2784 2352 possumus.
2832 2277 3077 2346 Populus
3119 2283 3303 2342 tamen
3343 2273 3628 2341 antiquam

2055 2375 2265 2447 profert
2300 2389 2490 2430 vocem
2512 2412 2529 2438 ,
2567 2386 2748 2441 neque
2789 2371 3044 2439 cuiquam
3086 2381 3326 2435 unquam
3361 2365 3464 2420 visi
3501 2371 3631 2420 sunt

2056 2468 2391 2537 impietatem
2453 2464 2818 2526 committere,
2873 2461 2970 2532 qui
3034 2460 3261 2525 dicunt,
3321 2456 3630 2510 Laudamus

2058 2557 2278 2611 Patrem
2313 2567 2362 2612 et
2408 2555 2612 2611 Filium
2660 2564 2712 2608 et
2744 2552 3002 2622 Spiritum
3051 2561 3294 2606 sanctum
3323 2549 3442 2606 Dei.
3474 2548 3632 2614 Quod

2057 2647 2105 2701 si
2147 2647 2272 2716 quis
2304 2648 2469 2700 etiam
2521 2645 2674 2698 novit
2715 2642 3086 2713 Athenogenis
3133 2643 3428 2712 hymnum,
3468 2653 3631 2709 quem

2057 2746 2319 2810 tanquam
2345 2737 2566 2807 aliquod
2590 2738 2890 2791 amuletum
2927 2735 3212 2804 discipulis
3243 2734 3359 2788 suis
3386 2731 3632 2801 reliquit,

2059 2832 2329 2889 festinans
2362 2831 2480 2901 jam
2526 2830 2594 2884 ad
2629 2828 3158 2883 consummationem
3205 2841 3300 2896 per
3332 2826 3548 2895 ignem;
3588 2823 3638 2877 is

2046 2925 2216 2978 'novit
2247 2931 2302 2978 et
2338 2931 2641 2993 martyrum
2690 2921 3019 2976 sententiam
3051 2918 3119 2974 de
3163 2917 3390 2988 Spiritu.
3428 2915 3492 2970 Et
3521 2915 3639 2970 hac

2059 3013 2279 3084 quidem
2315 3013 2612 3068 hactenus.

2253 3189 2524 3244 Caeterum
2559 3187 2883 3258 Gregorium
2912 3187 3190 3259 Magnum,
3221 3196 3276 3244 et
3307 3188 3454 3244 illius
3476 3202 3640 3246 voces

2065 3296 2179 3352 quo
2227 3280 2348 3336 loco
2374 3279 2608 3350 ponam?
2638 3295 2820 3335 annon
2853 3295 2976 3335 cum
3016 3280 3279 3350 apostolis
3314 3288 3368 3334 et
3403 3279 3640 3350 prophe—

2063 3373 2175 3428 tis?
2204 3374 2380 3428 virum
2412 3373 2506 3442 qui
2535 3372 2726 3427 eodem
2758 3371 2964 3442 Spiritu
2981 3386 3090 3441 quo
3118 3371 3196 3425 illi
3220 3381 3492 3436 versatus,
3516 3369 3639 3441 qui-
3717 3368 3734 3382 ’

2066 3481 2175 3536 que
2206 3472 2528 3521 sanctorum
2549 3463 2797 3533 vestigiis
2829 3479 2926 3533 per
2950 3478 3168 3518 omnem
3201 3464 3367 3516 vitam
3398 3463 3639 3528 inhaesit,

2067 3556 2275 3628 quique
2317 3555 2647 3625 evangelica:
2680 3553 3114 3610 conversationis
3147 3557 3424 3625 vigerent,
3467 3568 3643 3623 quan-

2069 3649 2163 3704 diu
2192 3648 2346 3711 vixit,
2376 3647 2656 3716 praestitit.
2690 3645 2951 3717 Equidem
2996 3647 3100 3700 hoc
3132 3646 3365 3700 dixerim
3395 3663 3408 3698 :
3443 3643 3643 3714 lnjuria

2070 3738 2416 3794 aﬂ‘ecerimus
2447 3741 2756 3801 veritatem,
2787 3737 2834 3791 si
2867 3751 2977 3790 non
3005 3738 3246 3789 animam
3277 3736 3425 3789 illam
3467 3750 3647 3788 annu-

2071 3846 2346 3886 meremus
2375 3831 2445 3887 iis
2473 3831 2569 3900 qui
2599 3829 2712 3885 Deo
2732 3829 2915 3899 juncti
2945 3836 3096 3892 sunt,
3125 3828 3217 3897 qui
3241 3827 3389 3881 velut
3416 3826 3650 3898 insignis

2073 3935 2378 3991 magnaque
2403 3922 2629 3976 lucerna
2670 3920 2727 3974 in
2759 3921 3008 3976 Ecclesia
3032 3919 3129 3973 Dei
3158 3919 3520 3988 resplendnit,
3555 3919 3650 3989 qui

2073 4028 2105 4068 e
2137 4011 2375 4082 Spiritus
2408 4028 2510 4082 ope
2554 4011 2895 4067 tremendam
2927 4010 3117 4065 habuit
3149 4011 3415 4066 adversus
3443 4010 3648 4065 dmino-

2074 4119 2175 4160 nes
2225 4111 2549 4173 potestatem
2585 4121 2600 4172 ;
2634 4109 2843 4157 tantam
2897 4117 3032 4157 vero
3094 4104 3366 4158 sermonis
3418 4103 3652 4172 gratiam

2076 4205 2366 4266 acceperat
2411 4194 2481 4250 ad
2535 4194 2904 4250 obedientiam
2950 4194 3075 4249 fidei
3134 4195 3278 4249 inter
3328 4204 3550 4265 gentes,
3593 4203 3655 4250 ut

2076 4288 2319 4359 acceptis
2368 4303 2480 4344 non
2530 4289 2654 4359 plus
2703 4287 3096 4358 septemdecim
3148 4287 3477 4342 Christianis
3526 4290 3653 4343 uni-

2077 4396 2298 4436 versum
2345 4380 2609 4452 populum
2642 4387 2697 4434 et
2742 4380 3020 4434 urbanum
3067 4386 3122 4436 et
3169 4381 3512 4436 rusticanum
3561 4396 3658 4452 per

2081 4473 2412 4543 agnitionem
2441 4471 2759 4543 adiunxerit
2790 4471 2924 4527 Deo.
2953 4470 3049 4527 Ille
3070 4481 3126 4526 et
3158 4471 3446 4527 fluminum
3483 4488 3657 4544 aquas

2079 4564 2133 4619 in
2167 4563 2442 4620 diversum
2478 4565 2662 4630 vertit,
2693 4565 3020 4636 praecipiens
3049 4564 3160 4620 illis
3209 4567 3262 4620 in
3315 4581 3514 4637 magno
3553 4582 3655 4622 no-

2080 4658 2228 4713 mine
2257 4656 2492 4722 Christi,
2527 4667 2580 4712 et
2625 4659 2880 4728 paludem
2913 4658 3234 4723 exsiccavit,
3268 4658 3396 4712 belli
3429 4674 3653 4715 causam

2082 4748 2408 4818 praebentem
2438 4747 2706 4804 fratribus
2739 4749 2943 4803 avaris.
2975 4747 3241 4802 Cmterum
3272 4747 3657 4817 praedictiones

2080 4835 2149 4890 de
2175 4835 2373 4891 futuris
2409 4837 2681 4905 ejusmodi
2712 4846 2872 4901 sunt,
2903 4844 2962 4891 ut
2991 4835 3163 4891 nihilo
3194 4837 3265 4892 sit
3297 4837 3524 4894 inferior
3551 4857 3656 4896 ca:-

2083 4927 2216 4982 teris
2249 4926 2547 4997 prophetis.
2598 4925 2706 4982 Sed
2753 4925 2979 4980 omnino
3007 4925 3324 4998 perlongum
3355 4927 3519 4983 fuerit
3553 4931 3656 4986 viri

2084 5032 2413 5088 percensere
2442 5017 2707 5072 miracula
2735 5035 2750 5072 :
2791 5017 2886 5086 qui
2919 5024 3144 5088 propter
3177 5017 3445 5074 donorum
3476 5023 3654 5077 excel-

2083 5109 2304 5164 lentiam
2345 5123 2469 5178 quae
2509 5108 2566 5162 in
2592 5107 2728 5178 'ipso
2771 5109 3100 5178 operabatur
3145 5107 3383 5180 Spiritus
3422 5113 3478 5167 in
3507 5115 3656 5169 omni

2081 5199 2285 5253 virtute
2336 5204 2390 5252 et
2437 5196 2614 5268 signis
2654 5211 2720 5252 ac
2767 5197 3065 5269 prodigiis,
3117 5199 3185 5254 ab
3229 5199 3363 5270 ipsis
3408 5203 3659 5259 veritatis

2083 5290 2334 5346 hostibus
2371 5290 2508 5345 alter
2554 5287 2730 5345 Moses
2899 5292 3296 5361 appellabatur.
3349 5292 3406 5346 In
3441 5302 3655 5351 tantum

2085 5382 2142 5438 in
2179 5381 2274 5436 illo
2303 5381 2360 5435 in
2387 5380 2647 5438 omnibus
2679 5389 2796 5436 tm
2837 5381 3002 5438 dictis
3030 5389 3145 5435 tum
3187 5382 3377 5446 factis,
3409 5399 3530 5454 qua:
3565 5387 3661 5457 per

2082 5475 2314 5547 gratiam
2346 5475 2769 5544 peragebantur,
2795 5475 2963 5530 veluti
2991 5475 3170 5529 lumen
3200 5474 3470 5546 quoddam
3495 5478 3660 5533 reful-

2036 5598 2046 5605 -
2083 5566 2267 5633 gebat,
2314 5564 2556 5620 cmlestis
2597 5563 2817 5618 virtutis
2852 5562 3135 5628 indicium,
3177 5578 3299 5634 qua
3338 5578 3405 5619 ex
3444 5567 3661 5624 occulto

2087 5657 2467 5714 assectahatur
2518 5655 2884 5726 illum.llujus
2908 5655 3087 5709 adhuc
3122 5653 3420 5710 etiamnum
3461 5665 3661 5724 magna

2089 5764 2169 5806 est
2198 5752 2342 5821 apud
2365 5751 2486 5818 elus
2519 5749 2760 5820 regionis
2783 5747 3030 5802 homines
3062 5747 3384 5813 admiratio,
3412 5759 3664 5816 novaque
