4078 6292
446 290 548 350 807
1413 269 1784 351 canorus
1829 287 2285 350 DOGMATICA.
2325 312 2390 322 —
2431 286 2580 347 TtT.
2623 285 2764 345 xu.
3617 285 3713 352 808

453 438 516 477 ac
546 432 766 491 semper
808 432 1002 473 recens
1038 414 1297 471 memoria
1330 413 1409 467 sic
1442 413 1606 464 intixa
1635 421 1716 466 est
1744 411 2025 475 Et‘clesiis,

2140 421 2370 492 ὶφανοῦς
2391 421 2786 493 παρεπομένης
2810 415 2976 488 αὐτῷ,
2999 417 3203 471 Τούτου
3229 416 3370 488 μέγα
3391 417 3478 472 ἔτι
3502 419 3600 473 καὶ
3617 419 3708 474 νῦν

454 523 513 568 ut
543 513 694 568 nullo
738 520 982 581 tempore
1034 507 1362 562 obsolescat.
1409 500 1608 572 'ltaque
1662 518 1771 556 non
1825 502 2028 556 factum

454 605 696 674 aliquod,
732 618 840 657 non
861 603 1099 662 dictum,
1135 613 1240 652 non
1288 598 1451 651 ritum
1501 596 1670 649 ullum
1705 596 2026 666 mysticum,

457 695 598 746 ultra
630 706 793 762 quant
830 690 919 743 ille
952 687 1192 757 reliquit,
1223 687 1482 742 Ecclesia:
1510 686 1850 755 adjecerunt.
1887 685 2033 750 Qua-

457 791 678 854 propter
705 781 868 836 etiam
897 779 1066 832 multa
1101 794 1166 832 ex
1193 778 1278 832 his
1301 793 1422 848 qua:
1453 777 1597 848 apud
1630 777 1753 830 illos
1774 786 2032 848 aguntur,

457 873 775 945 imperfecta
837 887 960 926 esse
1024 871 1309 926 videnlur.
1378 882 1602 941 propter
1668 871 2034 924 institutionis

457 964 856 1034 antiquitatem.
900 960 1035 1014 Nam
1069 961 1162 1030 qui
1195 961 1250 1012 in
1277 958 1649 1014 Ecclesiarum
1680 959 2033 1014 administra-

456 1056 658 1109 tionem
699 1059 1120 1114 successerant,
1171 1051 1303 1104 nihil
1345 1067 1408 1104 ex
1445 1051 1529 1104 his
1568 1065 1687 1120 qua:
1727 1057 1848 1119 post
1882 1051 2033 1104 illum

458 1143 764 1212 excogitata
808 1148 969 1206 sunt,
1012 1142 1131 1194 loco
1162 1140 1518 1194 additamenti
1561 1139 1852 1194 voluerunt
1895 1139 2035 1195 reci-

458 1248 604 1304 pere.
639 1231 818 1286 Unum
847 1233 1029 1301 itaque
1052 1245 1117 1284 ex
1150 1229 1398 1300 Gregorii
1429 1229 1703 1284 institutis
1736 1235 1838 1294 est,
1871 1232 2034 1285 etiam

460 1321 551 1375 ille
595 1320 712 1391 ipse
744 1318 1162 1390 gloriﬁcationis
1197 1317 1424 1384 modus,
1464 1318 1552 1371 cui
1589 1334 1734 1372 nunc
1763 1319 2038 1373 contradi-

462 1414 626 1476 citur,
661 1429 729 1468 ex
775 1413 921 1467 illius
973 1413 1262 1468 traditione
1301 1414 1364 1467 in
1415 1412 1657 1469 Ecclesia
1705 1415 2034 1470 custoditus.

455 1501 573 1558 “Nec
593 1501 824 1556 multum
857 1500 1021 1554 fuerit
1041 1501 1266 1570 negotii,
1292 1502 1365 1567 ei,
1403 1503 1497 1571 qui
1531 1502 1638 1557 iter
1661 1503 1823 1558 breve
1851 1518 2040 1560 susce-

2131 517 2244 578 τοῖς
2268 515 2552 586 ἐγχωρίοις
2583 513 2644 566 τὸ
2677 511 2884 582 θαῦμα,
2915 512 3008 564 καὶ
3029 511 3200 582 νεαρὰ
3223 511 3316 565 καὶ
3342 512 3433 564 ἀεὶ
3467 511 3706 582 πρόσφα-

2133 622 2224 669 τος
2252 608 2284 676 ἠ
2319 608 2505 676 μνήμη
2533 605 2656 668 ταῖς
2697 602 3042 672 Ἐκκλησίαις
3075 601 3366 671 ἐνίδρυται,
3392 600 3575 653 οὐδενὶ
3595 601 3710 673 χρό-

2132 714 2207 767 νῳ
2239 693 2648 766 ἁμαυρουμένη,
2689 692 2898 745 Οὐκοῦν
2926 692 2985 743 ού
3027 691 3226 762 πρᾶξίν
3265 709 3405 758 τινα,
3443 691 3508 744 οὐ
3538 691 3706 760 λόγον,

2134 789 2194 840 οὐ
2216 787 2383 840 τύπον
2404 787 2526 838 τινὰ
2556 784 2840 856 μυστικὸν,
2866 783 2993 855 παρ’
3017 783 3074 836 ὃν
3097 785 3301 846 ἐκεῖνος
3432 782 3708 846 κατέλιπε,

2134 883 2200 949 τῇ
2247 877 2542 948 Ἐκκλησία
2577 875 2942 947 προσέθηκαν.
2977 875 3158 944 Ταύτῃ
3191 892 3274 928 τοι
3295 879 3390 928 καὶ
3417 872 3591 928 πολλὰ
3609 874 3710 928 τῶν

2136 967 2264 1038 παρ’
2289 968 2472 1028 αὐτοῖς
2499 964 2840 1034 τελουμένων
2875 964 3136 1027 ἐλλειπῶς
3162 963 3313 1034 ἔχειν
3345 964 3501 1018 δοκεῖ
3538 963 3626 1018 διὰ
3653 964 3712 1018 τδ

2135 1059 2234 1128 τῆς
2261 1055 2646 1117 καταστάσεως
2669 1053 3083 1124 ἀρχαιότροπον.
3112 1054 3276 1108 Οὐδὲν
3295 1055 3406 1126 γὰρ
3429 1054 3713 1126 ἠνέσχοντο

2136 1152 2185 1203 oi
2232 1150 2376 1204 κατὰ
2427 1147 2674 1216 διαδοχὴν
2725 1145 2822 1207 τὰς
2880 1144 3204 1216 Ἐκκλησίας
3263 1145 3712 1215 οἰκονομήσαντες

2136 1242 2246 1297 τῶν
2289 1244 2406 1313 μετ’
2459 1241 2663 1294 ἐκεῖνον
2719 1223 3118 1308 ἐφευρεθέντων
3167 1236 3585 1309 παραδέξασθαι
3640 1239 3713 1303 είς

2141 1334 2479 1406 προσθήκην.
2518 1332 2612 1384 Ἓν
2641 1329 2820 1381 τοίνυν
2847 1327 2956 1380 τῶν
2980 1328 3277 1400 Γρηγορίου
3313 1327 3413 1381 καὶ
3447 1330 3476 1382 6
3510 1327 3604 1382 νῦν
3624 1331 3711 1383 ἅν-

2138 1425 2482 1496 τιλεγόμενος
2523 1420 2722 1494 τρύπος
2774 1418 2872 1488 τῆς
2918 1417 3226 1490 δοξολογίας
3283 1420 3461 1483 ἐστὶν,
3508 1422 3572 1474 ὲκ
3623 1420 3713 1493 τῆς

2142 1520 2351 1572 ἐκείνου
2404 1517 2758 1588 παραδόσεως
2804 1521 2870 1588 τῇ
2932 1514 3226 1586 Ἐκκλησία
3281 1514 3709 1584 πεφυλαγμένος.

463 1596 622 1666 perit,
656 1609 818 1662 super
854 1592 938 1647 his
967 1592 1354 1648 Certitudinem
1390 1595 1661 1664 accipere.
1691 1593 1842 1648 lianc
1877 1595 2036 1649 ﬁdem

2141 1608 2252 1662 Kal.
2283 1608 2344 1660 οῦ
2385 1607 2552 1670 πολὺς
2585 1609 2611 1661 6
2643 1608 2806 1671 πόνος
2843 1608 3038 1678 μικρὸν
3067 1605 3340 1676 κινηθέντι
3365 1605 3469 1677 τὴν
3491 1607 3581 1658 ἐπὶ
3599 1607 3712 1660 τού-

460 1693 516 1739 et
565 1681 882 1736 Firmiliano
935 1690 1126 1736 nostro
1177 1682 1378 1748 fuisse,
1411 1691 1687 1737 testantur
1741 1684 1865 1738 libri
1900 1700 2039 1754 quos

464 1775 704 1844 reliquit.
753 1772 979 1841 insuper
1022 1781 1077 1825 et
1125 1772 1396 1827 Meletium
1449 1774 1600 1828 illum
1655 1775 2039 1829 admirandum

433 1863 522 1934 'in
556 1863 744 1919 eadem
791 1862 962 1917 fuisse
1006 1861 1310 1924 sententia,
1356 1873 1583 1916 narrant
1622 1864 1715 1934 qui
1766 1879 1891 1919 cum
1939 1865 2042 1919 illo

465 1957 741 2011 vixerunt.
773 1953 880 2009 Sed
908 1953 1036 2022 quid
1064 1968 1202 2023 opus
1231 1961 1316 2009 est
1357 1962 1538 2009 vetera
1572 1957 2044 2011 commemorare?

465 2047 563 2104 sed
593 2055 648 2103 et
677 2061 824 2102 nunc
855 2047 910 2100 in
939 2046 1182 2110 Oriente,
1211 2060 1390 2100 nonne
1423 2045 1529 2100 hoc
1557 2047 2040 2117 uno-potissimum

465 2155 561 2196 eos
604 2139 698 2209 qui
747 2140 835 2208 pie
886 2139 1130 2192 sentiunt
1177 2144 1520 2207 agnoscunt,
1557 2138 1662 2192 hac
1705 2153 1841 2194 voce
1873 2140 2042 2194 veluti

467 2230 701 2301 quodam
759 2230 916 2301 signo
971 2245 1104 2286 suos
1155 2230 1226 2284 ab
1278 2229 1473 2286 alienis
1524 2230 1937 2299 dijudicantes?
1979 2230 2045 2287 Ut

468 2329 650 2376 autem
679 2335 779 2392 ego
822 2335 852 2374 e
886 2319 1136 2390 quodam
1164 2320 1556 2391 Mesopotamio
1583 2321 1791 2386 audivi,
1823 2323 1942 2376 viro
1991 2331 2045 2377 et

470 2412 669 2476 linguae
698 2411 893 2480 perito,
923 2417 978 2466 et
1005 2413 1274 2466 sententia
1309 2413 1653 2482 incorrupto,
1683 2427 1750 2468 ne
1785 2413 1900 2467 ﬁeri
1931 2414 2047 2483 qui-

469 2501 593 2556 dem
633 2509 813 2571 potest
859 2510 916 2556 ut
958 2502 1116 2556 aliter
1160 2502 1342 2573 lingua
1385 2503 1680 2559 vernacula
1730 2504 2043 2573 loquantur,

467 2592 683 2647 etiamsi
723 2592 890 2646 velint
922 2610 934 2645 :
967 2591 1062 2646 sed
1091 2606 1319 2648 necesse
1355 2593 1465 2648 illis
1501 2600 1585 2649 est
1633 2601 1693 2647 ut
1739 2609 1834 2664 per
1883 2594 2048 2665 sylla-

469 2681 594 2737 bam
648 2692 727 2744 et,
801 2682 886 2736 vel
938 2683 1118 2751 potius
1163 2698 1259 2750 per
1292 2698 1452 2739 voces
1490 2700 1611 2754 quae
1652 2684 1793 2739 idem
1841 2686 2047 2755 pollent

470 2770 617 2840 quod
650 2771 761 2831 illa.
787 2771 940 2839 juxta
977 2772 1364 2841 proprietatem
1403 2773 1600 2842 lingua:
1625 2774 1866 2845 regionis
1897 2774 2046 2832 illius

2142 1716 2252 1762 τοις
2287 1698 2659 1770 πληροφορίαν
2684 1699 2889 1752 λαϐεῖν.
2920 1698 3137 1768 Ταύτην
3163 1698 3257 1750 καὶ
3279 1697 3620 1769 Φιρμιλιανῷ
3644 1697 3714 1768 τῷ

2140 1790 2394 1863 ἡμετέρῳ
2421 1791 2758 1862 μαρτυροῦσι
2779 1791 2877 1858 τὴν
2909 1790 3090 1842 πίστιν
3119 1791 3165 1842 οἱ
3198 1789 3346 1857 λόγοι
3373 1788 3470 1852 οὓς
3501 1789 3714 1843 καταλέο

2141 1886 2316 1938 λοιπε.
2472 1885 2589 1946 ,Καὶ
2630 1883 2894 1938 Μελέτιον
3082 1881 3172 1935 τὸν
3208 1900 3348 1936 πανυ
3392 1883 3487 1934 ἐπὶ
3526 1881 3713 1953 ταύτης

2143 1973 2283 2030 εἶναι
2319 1977 2418 2047 τῆς
2449 1975 2674 2048 γνώμης
2715 1978 2764 2029 oi
2801 1975 3190 2044 συγγεγονότες
3220 1973 3374 2042 φασί.
3422 1973 3534 2028 Καὶ
3563 1974 3614 2026 τί
3645 1973 3715 2026 δεί

2142 2067 2211 2121 τὰ
2253 2063 2462 2120 παλαιὰ
2499 2065 2714 2134 λέγειν;
2758 2065 2894 2120 ἀλλὰ
2927 2064 3023 2118 νῦν
3056 2064 3149 2118 ἐπὶ
3183 2063 3284 2135 τῆς
3311 2064 3467 2136 ἑῴας
3626 2064 3715 2134 οὐχ

2145 2159 2225 2211 ἐνὶ
2275 2156 2509 2228 μάλιστα
2553 2155 2728 2226 τούτῳ
2771 2155 2899 2219 τοὺς
2940 2153 3300 2219 εὐσεϐοῦντας
3341 2153 3714 2226 γνωρίζουσιν,

2143 2242 2254 2301 οἷόν
2301 2263 2406 2299 τινι
2454 2245 2664 2316 σημείῳ
2711 2247 2777 2316 τῇ
2827 2247 2977 2316 φωνῇ
3027 2243 3199 2317 ταύτῃ
3247 2244 3714 2314 φιλοκρινοῦντεςς

2157 2341 2244 2404 Ὧς
2275 2339 2331 2393 δὲ
2359 2338 2470 2408 ἐγώ
2495 2355 2642 2401 τινος
2808 2336 2919 2389 τῶν
2939 2338 3012 2388 ἐκ
3033 2336 3474 2405 Μεσοποταμίας
3500 2337 3715 2406 ηκουσα.

2144 2431 2334 2500 ἀνδρὸς
2354 2429 2570 2500 καὶτῆς
2598 2427 2848 2498 γλώσσης
2880 2425 3158 2497 ἐμπείρως
3183 2426 3430 2497 ἔχοντος,
3458 2427 3552 2480 καὶ
3578 2427 3715 2480 ἀδια-

2148 2520 2380 2591 στρόφου
2414 2518 2512 2590 τὴν
2539 2517 2789 2589 γνώμην,
2821 2517 2941 2571 οὐδὲ
2973 2517 3197 2570 δυνατὸν
3229 2518 3439 2590 ἑτέρως
3471 2521 3716 2590 είπεῖντῇ

2145 2607 2396 2679 ἐγχωρίῳ
2440 2609 2615 2678 φωνῇ,
2653 2606 2757 2660 κᾶν
2806 2605 3084 2673 ἐθέλωσιν,
3132 2606 3266 2661 ἀλλὰ
3312 2607 3408 2661 διὰ
3459 2609 3580 2680 τῆς,
3607 2609 3714 2672 καί,

2149 2695 2440 2765 συλλαϐῆς,
2470 2696 2669 2767 μᾶλλον
2692 2696 2749 2750 δὲ
2767 2695 2875 2748 τῶν
2895 2695 3330 2767 ίσοδυναμουσῶν
3348 2699 3496 2769 αὐτῇ
3515 2699 3715 2768 φωνῶν,

2147 2786 2290 2840 κατά
2321 2803 2372 2838 τι
2424 2785 2619 2858 ἰδίωμα
2649 2786 2897 2856 πάτριον,
2932 2787 3176 2857 ἀνάγκην
3223 2787 3416 2852 αὐτοῖς
3455 2786 3590 2842 εἶναι
3627 2788 3717 2859 τὴν

470 2859 919 2932 gloriﬁcationem
962 2861 1261 2931 proferant.
1307 2861 1450 2928 Quin
1493 2874 1545 2918 et
1579 2865 1937 2936 Cappadoces
1965 2869 2037 2923 sic

475 2951 622 2978 ιιι-νισι
656 2952 894 2978 ..σηιξη-εἰη
928 2966 1129 2978 nun-nm
1163 2952 1440 2978 1Απ..ἒ........
1509 2953 1612 2978 ιιι-..
1665 2963 1775 2978 ιη...
1832 2957 1883 2978 ε..
1941 2958 2009 2978 ιε..

2147 2877 2454 2946 δοξολογίαν
2487 2876 2802 2948 προφέρειν.
2835 2875 2947 2930 Καὶ
2979 2877 3342 2932 Καππαδόκαι
3371 2878 3436 2932 δὲ
3471 2879 3610 2934 οὕτω
3634 2879 3715 2932 λέ-

469 2952 626 3020 juxta
656 2952 896 3021 regionis
927 2966 1131 3006 morem
1163 2952 1460 3022 loquimur,
1502 2953 1615 3023 jam
1665 2963 1779 3010 tum
1832 2957 1890 3011 in
1939 2958 2037 3013 lin-

2146 2983 2317 3038 γομεν
2361 2967 2663 3037 ὲγχωρίως,
2701 2967 2781 3022 ἐτι
2809 2967 2932 3021 τότε
2963 2970 3020 3019 ὲν
3052 2971 3116 3039 τῇ
3146 2968 3256 3022 τῶν
3292 2969 3561 3040 γλωσσῶν
3594 2971 3718 3026 διαι·

471 3057 700 3113 gnarum
729 3043 1017 3106 divisione,
1055 3043 1355 3099 dictionum
1390 3047 1684 3103 utilitatem
1725 3050 2037 3118 providente

2150 3057 2296 3128 ρέσει
2327 3055 2388 3108 τὸ
2416 3057 2482 3108 ὲκ
2511 3056 2609 3126 τῆς
2641 3054 2836 3120 λέξεως
2861 3058 3130 3127 χρήσιμον
3158 3057 3607 3130 προϐλεψαμένου
3628 3060 3714 3114 τοῦ

475 3131 702 3202 Spiritu.
735 3133 876 3198 Quid
901 3147 1072 3202 porro
1114 3132 1381 3189 Occidens
1430 3145 1577 3193 totus
1598 3177 1612 3200 ,
1645 3141 2041 3209 propemodum

2144 3147 2484 3218 Πνεύματος.
2521 3146 2586 3201 Τί
2616 3145 2675 3199 δὲ
2703 3147 2739 3217 ἡ
2777 3145 2930 3210 δύσις
2961 3147 3168 3210 ἅπασα,
3216 3149 3422 3222 μικροῦ
3455 3151 3591 3215 δεῖν,
3617 3151 3717 3206 ἀπὸ

473 3224 542 3278 ab
569 3222 783 3296 lllyrico
818 3240 990 3295 usque
1017 3225 1084 3282 ad
1109 3223 1242 3280 ﬁnes
1270 3228 1444 3282 nostri
1474 3229 1669 3284 orbis?
1697 3245 1879 3286 nonne
1902 3232 2037 3288 hanc

2143 3238 2238 3292 τοῦ
2275 3236 2573 3309 Ἰλλυρικοῦ
2604 3237 2766 3309 μέχρι
2797 3236 2907 3290 τῶν
2937 3237 3080 3309 ὅρων
3105 3239 3203 3310 τῆς
3227 3240 3349 3294 καθ’
3373 3242 3524 3313 ἡμᾶς
3546 3245 3711 3296 οἰκον.

361 3319 368 3324 ’
467 3331 661 3370 vocem
690 3316 912 3370 tuetur?

659 3404 762 3470 Qui
795 3405 852 3458 ﬁt
873 3406 1062 3475 igitur,
1097 3416 1156 3460 ut
1179 3420 1281 3475 ego
1305 3407 1410 3461 sim
1439 3405 1754 3477 innovator,
1776 3416 1829 3465 et
1854 3426 2046 3466 recen-

475 3494 677 3550 tiorum
713 3497 1000 3550 verborum
1035 3498 1409 3553 architectus?
1439 3513 1563 3553 cum
1593 3507 1741 3555 totas
1773 3502 2043 3567 nationes,

2148 3330 2348 3402 μένης;
2379 3331 2499 3402 οὐχὶ
2530 3331 2628 3404 τὴν
2662 3335 2847 3406 φωνὴν
2878 3335 3080 3408 ταύτην
3113 3337 3444 3408 πρεσϐεύει;

2343 3424 2471 3487 ’Πῶς
2507 3421 2602 3478 οὖν
2649 3427 2968 3498 καινοτόμος
3012 3428 3144 3497 ἐγὼ,
3183 3429 3276 3484 καὶ
3314 3432 3596 3502 νεωτέρων
3623 3432 3705 3502 ρηο

2149 3515 2333 3584 μάτων
2369 3515 2722 3587 δημιουργὸς,
2767 3517 2896 3590 ἔθνη
2935 3519 3032 3574 ὅλα
3077 3521 3172 3575 καὶ
3217 3522 3423 3589 πόλεις,
3472 3523 3565 3577 καὶ
3600 3521 3710 3586 ἔθος
3813 3517 3836 3540 ⁸

471 3587 748 3650 civitates,
781 3594 834 3640 et
867 3588 1320 3644 consuetudinem
1349 3590 1498 3644 omni
1531 3590 1812 3647 hominum
1841 3610 2037 3649 memo-

2145 3607 2327 3678 πάσης
2361 3609 2579 3678 μνήμης
2610 3587 2958 3682 ἀνθρωπίνης
2990 3612 3380 3684 πρεσϐύτερον,
3411 3587 3503 3668 καὶ
3524 3614 3707 3680 ἄνδρας

477 3676 558 3730 ria
578 3678 952 3741 vetustiorem,
977 3679 1199 3748 insuper
1215 3687 1273 3734 et
1289 3680 1438 3735 viros
1459 3680 1718 3737 Ecclesiae
1736 3684 2043 3750 columnas,

2149 3699 2370 3764 στύλους
2400 3702 2497 3773 τῆς
2538 3703 2887 3774 Ἐκκλησίας,
2920 3703 2977 3758 ὲν
3007 3704 3154 3777 πάσῃ
3199 3707 3399 3774 γνώσει
3441 3707 3532 3762 καὶ
3564 3707 3710 3761 δυνά-

483 3767 635 3820 omni
678 3766 908 3822 scientia
937 3781 1001 3821 ac
1028 3768 1231 3823 virtute
1273 3767 1514 3838 Spiritus
1543 3771 1753 3838 claros,
1786 3775 1954 3829 duces
1984 3788 2037 3828 ac

2149 3808 2237 3862 μει
2269 3791 2583 3862 Πνεύματος
2607 3793 2949 3867 διαπρεπεῖς,
2987 3766 3264 3872 ἀρχηγοὺς
3285 3801 3382 3854 καὶ
3416 3801 3706 3872 προστάτας

479 3865 740 3925 patronos
773 3859 936 3929 hujus
976 3863 1128 3916 vocis
1167 3862 1500 3915 exhibeam"

523 4014 792 4084 Ejusdem,
822 4031 888 4070 ea:
919 4015 1158 4086 Εριειοία
1186 4016 1257 4070 ad
1285 4011 1627 4074 Eustatltium
1655 3974 1982 4070 Armenium.

530 4196 815 4254 Exsecrari
839 4208 1053 4268 oportet
1075 4212 1169 4253 eos
1197 4198 1286 4266 qui
1310 4197 1573 4267 Spiritum
1603 4207 1853 4254 sanctum
1883 4212 2038 4254 crea-

457 4301 568 4346 tum
599 4306 720 4346 esse
773 4289 982 4352 dicunt,
1037 4291 1239 4360 quique
1265 4291 1409 4346 sicut
1450 4294 1651 4345 natura
1700 4300 1924 4346 sanctus
1952 4303 2036 4346 est

2143 3884 2241 3953 τῆς
2269 3883 2453 3953 φωνῆς
2482 3885 2856 3956 παρεχόμενος
2883 3904 2897 3953 ;

2157 4017 2266 4072 Τοῦ
2295 4016 2480 4074 αὑτοῦ
2508 4015 2575 4072 ἐκ
2601 4016 2709 4090 τῆς
2738 4019 2890 4092 πρὸς
2919 4020 3263 4092 Εὑοξτάοιον
3287 4025 3398 4074 τὸν
3429 4021 3712 4092 ’Δρμένιον

2765 4087 3118 4160 ἐπιστολῆς.

2230 4178 2755 4253 ’Λναθεματίζεσθαι
2783 4182 2888 4254 χρὴ
2914 4182 3040 4248 τούς
3063 4201 3121 4236 τε
3148 4183 3409 4252 λέγοντας
3438 4183 3635 4251 κτίσμα
3657 4179 3710 4231 τὸ

2145 4273 2369 4344 Πνεῦμα
2409 4275 2470 4328 τὸ
2513 4274 2689 4343 ἅγιον,
2729 4277 2824 4328 καὶ
2861 4276 2989 4338 τοὺς
3035 4274 3109 4344 μὴ
3151 4273 3550 4343 ὁμολογοῦντας
3591 4267 3710 4325 αὐτὸ

454 4380 634 4445 Pater,
667 4391 722 4434 et
761 4388 953 4433 natura
983 4393 1208 4436 sanet-us
1236 4390 1319 4438 est
1373 4379 1564 4446 Filius,
1595 4397 1707 4438 non
1771 4383 1898 4438 item
1949 4382 2034 4452 ip—

2144 4370 2301 4438 φύσει
2330 4368 2486 4437 ἅγιον
2515 4365 2678 4436 εἶναι,
2705 4369 2780 4431 ὡς
2809 4369 2926 4422 ἔστι
2954 4368 3114 4436 φύσει
3148 4368 3300 4435 ἆγιος
3328 4369 3356 4419 6
3391 4365 3593 4436 Πατὴρ,
3623 4360 3705 4416 καὶ

2197 4466 2209 4481 ο
2333 4467 2354 4481 σο
2517 4466 2531 4481 ο
2562 4466 2646 4481 κιοοι
2749 4465 2852 4481 μὴ.»
2890 4466 2901 4481 9
2991 4466 3014 4481 ι
3113 4463 3139 4475 ο
3345 4464 3358 4481 ο
3407 4465 3421 4481 \
3459 4465 3511 4481 ul!
3571 4457 3703 4481 Δ-Ι..-

453 4490 573 4530 sum
609 4481 804 4527 natura
839 4480 1083 4526 sanctum
1117 4474 1619 4539 essecontitentur,
1661 4474 1755 4528 sed
1793 4489 1824 4527 a
1857 4473 2034 4535 (livius

451 4568 718 4635 beataque
770 4576 960 4620 natura
1009 4563 1244 4619 alienum
1302 4575 1575 4622 asserunt.
1634 4564 1803 4620 Recte
1853 4578 2036 4621 autem

450 4658 742 4716 sentientis
782 4658 1037 4714 indicium
1076 4667 1179 4725 est,
1219 4658 1263 4712 si
1299 4656 1473 4726 ipsum
1515 4673 1545 4712 a
1579 4657 1742 4714 Patre
1789 4657 2038 4730 Filioque

453 4767 561 4808 non
596 4768 842 4822 separes.
873 4751 1108 4824 Oportet
1131 4752 1278 4808 enim
1304 4766 1404 4808 nos
1431 4752 1508 4808 ita
1545 4753 1836 4823 baptizari,
1889 4755 2037 4810 sicut

455 4843 688 4902 instituti
719 4856 930 4909 sumus,
963 4843 1044 4899 sic
1076 4851 1256 4900 autem
1287 4843 1533 4908 credere,
1573 4852 1632 4898 ut
1660 4844 2033 4913 baptizatum;

451 4945 616 5006 atque
677 4937 752 4992 ita
813 4936 1142 5007 gloriﬁcare,
1191 4938 1328 4990 sicut
1381 4935 1654 4995 credimus
1710 4935 1928 4996 Patrem
1983 4946 2039 4991 et

446 5028 642 5085 Filium
713 5038 767 5083 et
825 5029 1083 5096 Spiritum
1136 5039 1406 5086 sanctum.
1451 5031 1538 5088 Ab
1588 5028 1697 5090 illis
1757 5043 1884 5086 vero
1943 5029 2034 5100 qui

445 5121 707 5192 Spiritum
745 5128 987 5180 creatum
1021 5132 1292 5184 asserunt,
1329 5130 1389 5176 ut
1413 5123 1486 5178 ab
1509 5123 1822 5180 hominibus
1849 5131 2038 5188 aperte

449 5212 898 5278 maledicentibus
933 5211 1253 5274 abhorrere,
1288 5212 1380 5266 illo
1441 5215 1719 5272 confesso.
1771 5213 2035 5270 Necessa-

445 5306 526 5366 ria
553 5307 700 5365 enim
748 5315 834 5363 est
887 5305 1094 5361 notatio
1128 5313 1352 5375 propter
1380 5305 1806 5364 eulmnniatores
1837 5347 1855 5372 ,
1881 5307 2034 5376 quod

447 5413 548 5462 nec
579 5399 877 5469 ingenitum
934 5398 1164 5465 dicimus
1203 5395 1468 5466 Spiritum
1515 5412 1789 5456 sanetum.
1855 5399 2033 5458 Unum

448 5493 594 5546 enim
622 5492 922 5559 ingenitum
959 5491 1207 5548 novimus
1253 5500 1312 5548 et
1370 5507 1534 5547 uum
1596 5507 1774 5547 rerum
1836 5495 2038 5561 princio

447 5582 596 5653 pium
625 5581 851 5640 Patrem
896 5583 1112 5640 Domini
1169 5584 1340 5640 nostri
1382 5583 1509 5642 Iesu
1563 5584 1788 5641 Christi.
1847 5585 2034 5656 Neque

447 5674 710 5744 genuum.
745 5674 923 5730 Unum
957 5676 1100 5732 enim
1132 5677 1184 5732 in
1221 5678 1341 5734 lidei
1374 5677 1718 5735 institutione
1766 5676 2030 5750 Unigeni-

2141 4466 2304 4536 φύσει
2329 4467 2482 4533 ἆγιος
2507 4466 2536 4518 6
2562 4466 2710 4529 Υἱὸς,
2740 4465 2852 4518 ἀλλ’
2877 4463 3273 4530 ἀποξενοῦντεις
3298 4464 3431 4516 αὐτὸ
3452 4465 3546 4527 τῆς
3571 4457 3703 4518 θείας

2139 4561 2233 4613 καὶ
2263 4557 2546 4629 μακαρίας
2575 4557 2813 4627 φύσεως.
2847 4557 3174 4624 Ἀποδείξεις
3200 4554 3255 4608 δὲ
3282 4554 3375 4609 τοῦ
3404 4551 3559 4624 ὀρθοῦ
3587 4565 3702 4618 φρθο

2139 4653 2384 4722 νήματος
2413 4652 2474 4704 τὸ
2512 4651 2587 4721 μὴ
2621 4652 2878 4721 χωρίζειν
2910 4649 3040 4703 αὐτὸ
3076 4648 3286 4720 [πατρὸς
3320 4650 3414 4701 καὶ
3451 4643 3596 4699 Υίοῦ.
3624 4640 3703 4696 Δεῖ

2139 4745 2248 4818 γὰρ
2292 4745 2440 4818 ἡμᾶς
2489 4743 2852 4816 βαπτίζεσθαι
2897 4743 3018 4814 μὲν,
3062 4741 3138 4806 ὡς
3185 4739 3581 4811 παρελάϐομεν,
3621 4750 3699 4784 1:.-

2140 4838 2350 4894 στεύειν
2375 4838 2429 4892 δὲ
2449 4880 2466 4905 ,
2498 4837 2574 4901 ώς
2607 4835 3023 4908 βαπτιζόμεθα,
3055 4834 3302 4900 δοξάζειν
3331 4833 3422 4898 δὲ,
3454 4831 3528 4894 ὡς
3555 4841 3698 4881 πεπι-

2141 4931 2455 5002 στεύκαμεν
2497 4930 2747 5000 Πατέρα,
2791 4931 2888 4982 καὶ
2936 4927 3081 4992 Υίὸν,
3130 4927 3224 4980 καὶ
3268 4924 3425 4994 ἅγιον
3473 4917 3694 4988 Πνεῦμα.

2138 5025 2472 5095 ἀφίστασθαι
2501 5025 2558 5078 δὲ
2588 5026 2687 5094 τῆς
2718 5022 3008 5084 κοινωνίας
3037 5020 3148 5102 τῶν
3176 5021 3385 5095 κτίσμα
3413 5015 3694 5081 λεγόντων.

2133 5118 2210 5182 ὡς
2243 5117 2499 5188 φανερῶς
2529 5115 3030 5186 βλασφημούντων,
3049 5114 3276 5168 ἐκείνου
3305 5104 3694 5182 διωμολογημέο

2135 5228 2252 5266 νου.
2290 5210 2594 5278 Ἀναγκαία
2629 5209 2737 5278 γὰρ
2771 5209 2805 5279 ἡ
2841 5207 3244 5278 ἐπισημείωσις
3274 5205 3364 5262 διὰ
3394 5203 3514 5262 τοὺς
3546 5208 3692 5250 συκο-

2137 5305 2347 5371 φάντας
2369 5318 2385 5334 ⁸
2421 5302 2504 5356 ὅτι
2539 5300 2665 5356 οὔτε
2701 5300 3002 5371 ἀγέννητον
3035 5297 3271 5367 λέγομεν
3307 5297 3368 5350 τὸ
3401 5289 3612 5356 Πνεῦμα
3638 5281 3693 5336 εδ

2136 5396 2296 5464 ἆγιον
2319 5413 2334 5426 ο
2365 5397 2464 5451 ἕνα
2491 5397 2601 5467 γὰρ
2629 5395 2853 5465 οἴδαμεν
2884 5393 3184 5461 ἀγέννητον
3213 5390 3311 5448 καὶ
3345 5387 3474 5462 μίαν
3499 5382 3600 5437 τῶν
3619 5376 3694 5430 ὃν·

2135 5509 2245 5546 των
2269 5490 2445 5561 ἀρχὴν
2468 5492 2563 5544 τὸν
2596 5489 2814 5558 Πατέρα
2838 5487 2932 5542 τοῦ
2964 5486 3168 5556 Κυρίου
3196 5484 3354 5556 ἡμῶν
3381 5475 3547 5552 Ἰησοῦ
3572 5472 3689 5540 XP"

2134 5581 2264 5636 ατοῦ
2289 5598 2305 5612 ·
2339 5581 2466 5634 οὔτε
2501 5585 2781 5653 γεννητόν.
2809 5582 2951 5636 Ἕνα
2981 5581 3090 5652 γὰρ
3118 5581 3398 5649 Μονοτενῆ
3425 5578 3482 5629 ἐν
3499 5573 3567 5642 τῇ
3595 5581 3686 5621 πα·

2141 5674 2356 5745 ραδὸσει
2382 5675 2482 5745 τῆς
2515 5676 2752 5740 πίστεως
2781 5674 3170 5744 δεδιδάγμεθα,
3197 5677 3257 5728 τὸ
3284 5674 3341 5728 δὲ
3365 5667 3579 5736 Πνεῦμα
3597 5660 3683 5726 τῆς

3975 1411 3982 1544 ἔ
