4078 6292
244 416 358 480 809

1220 417 1587 478 PANOPLIA
1633 419 2088 483 DOGMATICA.
2117 447 2187 460 -
2211 426 2352 487 ΤΙΤ.
2399 424 2536 486 XII.

3385 425 3488 487 810

250 532 512 604 ἀληθείας
544 536 608 586 ἑκ
637 549 668 584 τ
703 531 732 586 ὖ
767 532 979 602 Πατρξς
1011 533 1408 603 ἐκπορεύεσθαι
1443 533 1812 602 διδαχθέντες⁶

1935 546 2038 591 ιιιιιι
2060 539 2375 597 didicimus.
2399 542 2569 595 Porro
2594 556 2718 598 eum
2736 540 2994 609 Spiritum
3015 539 3262 594 veritatis
3279 554 3308 592 a
3327 539 3488 595 Patre

248 627 311 677 lx
338 622 433 677 τοῦ
463 622 595 676 Θεοῦ
627 617 766 675 εἶναι
796 623 1168 693 ὁμολογοῦμεν
1196 623 1488 686 ἀκτίστως.
1524 624 1823 694 Ἀναθεμα-

242 717 416 782 τ’ίξειν
462 715 520 769 δὲ
568 717 672 784 χρὴ
725 716 818 767 καὶ
861 715 989 777 τοὺς
1034 715 1414 785 λειτουργικδν
1458 715 1719 783 λέγοντας
1763 716 1824 768 τὸ

243 807 474 875 Πνεῦμα
499 807 560 859 τὸ
593 807 747 872 ἆγιον
767 845 780 867 ,
810 805 884 868 ὡς
916 805 1006 857 διὰ
1035 805 1136 874 τῆς
1165 805 1352 874 φωνῆς
1383 805 1587 874 ταύτης
1615 809 1694 868 είς
1722 809 1823 875 τὴν

242 899 336 951 τοῦ
365 900 667 968 κτίσματος
694 897 1109 965 καταγαγόντας
1132 897 1305 962 τάξιν.
1336 897 1417 948 Τἀ
1443 899 1552 968 γὰρ
1578 897 1823 968 λειτουρ-

241 989 378 1058 γικά
414 989 700 1056 πνεύματα
737 990 1009 1059 κτίσματσι
1049 992 1178 1060 ἡμῖν
1212 993 1246 1058 ή
1279 992 1473 1062 Γραφὴ
1509 994 1824 1063 παρέδωκεν

245 1081 516 1146 εἰποῦσα,
551 1081 632 1133 δτι
667 1081 864 1142 πάντες
899 1083 1007 1134 εἰσὶ
1041 1083 1392 1153 λειτουργικὰ
1427 1085 1711 1154 πνεύματα
1746 1087 1825 1149 εἰς

246 1174 529 1227 διακονίαν
559 1172 1022 1242 ἀποστελλόμενα.
1053 1175 1150 1227 Διά
1179 1175 1235 1228 δὲ
1264 1176 1388 1237 τοὺς
1420 1178 1597 1230 πάντα
1627 1177 1827 1246 φύρον-

247 1283 368 1328 τας,
413 1265 506 1318 καὶ
550 1265 627 1334 μὴ
670 1264 1044 1332 φυλάσσοντας
1080 1266 1179 1338 τὴν
1217 1268 1274 1318 ὲν
1310 1269 1420 1331 τοῖς
1469 1268 1824 1336 Εὑαγγελίοις

245 1357 595 1410 διδασκαλίαν
625 1357 920 1424 ἀναγκαῖόν
949 1359 1069 1411 ἐστι
1101 1359 1193 1411 καὶ
1223 1359 1382 1412 τοῦτο
1415 1359 1829 1428 προδιαστείλα-

247 1447 396 1509 σθαι,
436 1448 516 1499 ὅτι
558 1449 783 1514 φεύγειν
819 1448 900 1499 δεῖ
941 1449 1036 1500 καὶ
1074 1450 1196 1512 τοὺς
1235 1449 1336 1518 τὴν
1374 1451 1719 1515 ἀκολουθίαν,
1759 1450 1826 1520 ἢν

248 1539 566 1610 παρέδωκεν
595 1541 727 1607 ἡμῖν
757 1539 783 1591 ὁ
814 1540 1017 1607 Κύριος
1039 1579 1055 1602 ,
1087 1541 1478 1610 ὲναμείσοντας
1501 1581 1516 1606 ,
1551 1541 1624 1606 ὡς
1661 1559 1827 1609 φανε-

248 1628 358 1698 ρῶς
391 1627 735 1698 μαχομένους
762 1632 824 1698 τῇ
859 1630 1134 1700 εὐσεϐείᾳ,
1167 1633 1262 1682 καὶ
1293 1631 1420 1684 Υίδν
1455 1633 1553 1700 μὲν
1586 1631 1825 1704 προτάσ-

252 1735 446 1778 σοντας
489 1719 582 1769 τοῦ
630 1719 865 1787 Πατρδς,
911 1717 1040 1770 Υίοῦ
1091 1718 1148 1770 δὲ
1193 1719 1254 1770 τὸ
1304 1717 1528 1788 Πνεῦμα
1568 1717 1628 1770 τὸ
1675 1717 1828 1784 ἆγιον

251 1808 630 1878 προτιθέντας.
670 1809 953 1877 Ἀκίνητον
1001 1809 1144 1878 γὰρ,
1199 1810 1292 1861 καὶ
1345 1808 1826 1879 ἀπαρεγχείρητον

255 1901 554 1970 φυλάσσειν
588 1899 682 1969 τὴν
715 1901 1076 1962 ἀκολουθίαν,
1109 1902 1176 1970 ἥν
1213 1901 1268 1966 ὲξ
1305 1901 1474 1968 αὐτῆς
1506 1900 1607 1968 τῆς
1643 1898 1822 1966 φωνῆς

253 1994 346 2046 τοῦ
398 1993 605 2062 Κυρίου
657 1992 1058 2061 παρελάϐομεν,
1107 1993 1374 2054 είπόντος,
1430 1989 1825 2058 Πορευθέντες

249 2088 671 2155 μαθητεύσατε
691 2084 885 2137 πάντα
905 2084 977 2138 τὰ
999 2085 1166 2151 ἔθνη,
1185 2081 1579 2148 βαπτίζοντες
1602 2082 1827 2146 αὐτοὺς

249 2180 334 2243 εις
367 2176 434 2230 τὸ
464 2177 650 2244 ὄνομα
680 2175 787 2229 τοῦ
819 2177 1050 2243 Πατρός
1071 2217 1084 2240 ,
1118 2175 1213 2228 καὶ
1241 2175 1346 2228 τοῦ
1385 2173 1555 2238 Υίοῦ,
1589 2174 1688 2227 καί
1719 2173 1824 2226 τοῦ

251 2273 430 2339 ἁγίου
466 2272 828 2338 Πνεύματος.

255 2431 367 2486 Τοῦ
395 2431 581 2485 αὐτοῦ
609 2433 675 2484 ἐκ
704 2429 807 2483 τοῦ
837 2437 883 2495 γ
907 2428 1054 2553 πᾶἒνς
1089 2427 1381 2494 Εὐνόμιον
1409 2423 1826 2491 ἁντιρῤητικοῦ

1017 2515 1140 2553 TOU.

1017 2515 1140 2567 γου.

321 2659 429 2711 Δύο
605 2655 913 2723 λεγομένων
943 2654 1302 2723 πραγμάτων,
1343 2650 1597 2719 θεότητός
1631 2667 1692 2704 τε
1734 2651 1829 2703 καὶ

248 2751 503 2812 κτίσεως,
525 2747 618 2800 καὶ
647 2747 958 2808 δεσποτείας
988 2747 1081 2797 καὶ
1104 2743 1366 2806 δουλείας,
1385 2744 1480 2796 καὶ
1505 2741 1827 2810 ἀγιαστικῆς

248 2840 555 2907 δυνάμεως,
606 2837 698 2888 καὶ
737 2835 833 2902 τῆς
860 2833 1241 2902 ἁγιαζομὲνης,
1285 2831 1386 2899 τῆς
1431 2849 1490 2884 τε
1530 2830 1828 2896 ὲκςύσεως

252 2931 485 3002 ἐχούσης
535 2929 632 2999 τὴν
671 2929 872 2996 ἀρετὴν
933 2927 1025 2978 καὶ
1068 2927 1166 2993 τῆς
1215 2929 1278 2978 ἐκ
1314 2928 1683 2994 προαιρέσεως
1736 2941 1831 2976 κα-

253 3021 569 3090 τορθούσης,
610 3020 667 3070 ὲν
699 3019 825 3089 ποίᾳ
865 3017 1042 3086 μερίδι
1096 3017 1156 3068 τὸ
1185 3017 1408 3086 Πνεῦμα
1445 3017 1708 3083 τάξομεν;
1742 3017 1830 3067 Ἐν

250 3115 358 3173 τοῖς
401 3110 818 3179 ἁγιαζομένοις;
850 3108 964 3161 ἀλλ’
1004 3108 1136 3160 αὑτό
1186 3109 1333 3159 ἐστιν
1369 3109 1659 3176 ἀγιασμός.
1689 3110 1829 3160 Ἀλλ’

1927 631 2220 697 procedere
2248 631 2626 695 didicerimus,
2665 647 2738 684 ex
2758 631 2870 684 Deo
2894 630 3112 698 quidem
3174 645 3319 695 esse,
3375 647 3480 683 non

1925 727 2102 771 tamen
2117 720 2406 774 creationis
2427 719 2633 773 ratione
2644 720 2988 773 c<mlitemur.
3015 719 3296 772 Exsecrari
3317 719 3487 772 etiam

1925 819 2136 877 oportet
2155 825 2251 866 eos
2289 811 2381 876 Qui
2416 809 2680 878 Spiritum
2712 821 2966 864 sanctum
2997 809 3191 864 dicunt
3223 825 3346 864 esse
3377 810 3486 864 mi-

1927 902 2322 964 nistratorium,
2357 912 2415 955 ut
2443 917 2566 955 eum
2591 903 2694 956 hoc
2715 903 2881 957 verbo
2914 903 2968 956 in
3013 917 3191 957 rerum
3223 917 3482 970 procrea-

1927 1001 2100 1046 tarum
2153 992 2401 1048 ordinem
2438 994 2707 1063 redigant.
2738 995 3156 1049 Ministratorios
3198 995 3342 1048 enim
3375 995 3489 1063 epi-

1928 1087 2066 1138 ritus
2113 1097 2327 1139 creatos
2393 1101 2515 1141 esse
2567 1085 2850 1154 Scriptura
2891 1101 2992 1141 nos
3049 1086 3308 1151 docuit‘,
3368 1101 3490 1141 om-

1927 1191 2042 1240 nes,
2082 1177 2356 1246 inquiens,
2379 1193 2502 1232 esse
2532 1178 2962 1233 ministratorios
2993 1179 3216 1246 spiritus
3243 1180 3296 1234 in
3319 1180 3487 1233 mini-

1927 1269 2151 1321 sterium
2185 1268 2398 1323 missos.
2426 1269 2503 1323 Ac
2523 1279 2744 1338 propter
2765 1284 2862 1324 eos
2896 1270 2987 1338 qui
3021 1271 3206 1324 omnia
3229 1270 3483 1334 miscent,

1927 1374 2027 1413 nec.
2084 1359 2359 1428 Evangelii
2393 1361 2705 1414 doctrinam
2745 1360 3060 1424 observant,
3115 1361 3489 1416 necessarium

1927 1461 2010 1505 est
2060 1461 2114 1506 et
2142 1452 2272 1506 illud
2299 1453 2592 1521 explicare.
2655 1453 2965 1521 Fugiendos
2999 1453 3278 1515 _nimirum
3318 1454 3482 1506 etiam

1928 1543 2046 1596 illos
2085 1545 2176 1612 qui
2199 1543 2396 1598 seriem
2429 1558 2590 1612 quam
2615 1544 2880 1598 Dominus
2907 1543 3150 1608 tradidit,
3178 1544 3490 1609 immutant,

1927 1653 2051 1692 cum
2120 1636 2408 1706 perspicue
2466 1637 3149 1706 veritatemoppugnent,
3183 1647 3235 1690 et
3293 1636 3486 1690 Filium

1927 1729 2146 1798 quidem
2185 1737 2310 1782 ante
2336 1727 2556 1784 Patrem
2587 1731 2944 1794 constituant,
2972 1730 3113 1784 Filio
3145 1744 3275 1783 vero
3318 1728 3492 1798 Spiri-

1933 1833 2043 1874 tum
2063 1829 2417 1890 anteponant.
2483 1819 2729 1874 Firmum
2763 1820 2981 1875 enimet
3011 1821 3336 1874 inviolatum
3396 1821 3495 1872 ob-

1930 1926 2150 1966 servare
2179 1912 2446 1966 debemus
2475 1911 2745 1974 ordinem,
2776 1927 2940 1980 quem
2980 1928 3046 1967 ex
3099 1912 3220 1980 ipso
3273 1911 3484 1964 Domini

1930 2019 2025 2058 ore
2075 2004 2416 2072 percepimus
2463 2003 2695 2059 dicentis
2756 2021 2771 2056 :
2816 2003 3013 2058 Euntes
3059 2003 3326 2072 baptizata
3384 2018 3495 2056 σηι-

1931 2108 2019 2146 nes
2073 2103 2250 2161 gentes
2308 2093 2366 2145 in
2398 2092 2604 2146 nomine
2643 2093 2826 2147 Patris
2882 2103 2930 2144 et
2986 2090 3192 2146 Filiiet
3252 2090 3487 2159 Spiritu:

1930 2184 2097 2235 sancti
2133 2184 2170 2237 '.

2006 2425 2252 2494 Ejusdem
2282 2444 2344 2480 ex
2381 2429 2534 2481 tertia
2562 2427 2809 2483 adversus
2838 2427 3156 2483 Eunomium
3192 2429 3448 2498 oratione.

2003 2653 2138 2708 Cum
2169 2668 2256 2709 res
2286 2653 2404 2707 dua:
2422 2651 2697 2716 dicantur,
2719 2651 2894 2706 deitas
2935 2661 2990 2706 et
3019 2661 3288 2712 creatura,
3327 2652 3496 2703 domi-

1935 2747 2081 2800 nium
2094 2757 2150 2801 et
2165 2747 2418 2812 servitus,
2445 2749 2680 2816 potentia
2695 2745 3064 2810 sanctiﬁcans,
3085 2754 3137 2798 et
3153 2758 3274 2811 qua:
3291 2746 3498 2797 sancti-

1937 2843 2144 2906 licatur,
2172 2841 2407 2910 potentia
2422 2841 2709 2909 possidens
2727 2848 2916 2908 suapte
2936 2841 3138 2892 natura”
3151 2838 3426 2897 virtutem,
3443 2846 3498 2889 et

1935 2950 2055 3001 quae
2085 2948 2205 2987 eam
2234 2949 2302 2986 ex
2333 2933 2561 2988 arbitrio
2594 2941 2908 3001 comparat;
2937 2947 3045 3001 qua
3069 2931 3122 2984 in
3150 2940 3298 2998 parte
3323 2929 3497 2997 Spiri-

1937 3032 2048 3076 tum
2063 3021 2401 3076 locabimus?
2432 3021 2576 3075 lnter
2594 3036 2692 3076 eos
2711 3024 2808 3091 qui
2842 3021 3252 3075 sanctilicantur
3266 3019 3288 3070 ?
3304 3029 3356 3071 at
3379 3021 3495 3087 ipse

1933 3123 2018 3168 est
2066 3115 2446 3168 sanctiﬁcatio.
2500 3115 2582 3166 Au
2635 3114 2774 3167 inter
2821 3127 2915 3166 eos
2955 3114 3047 3181 qui
3101 3111 3368 3180 przeclaris
3427 3125 3490 3163 ac

244 3203 306 3254 ἐν
349 3204 461 3263 τοῖς
486 3200 545 3266 ἐξ
575 3199 1076 3268 ἀνδραγαθημάτων
1123 3199 1223 3267 τὴν
1278 3197 1478 3268 ἀρετὴν
1511 3199 1828 3266 κτομένοι;;

1935 3205 2166 3275 egregiis
2200 3204 2538 3259 facinoribus
2568 3204 2820 3257 virtutem
2862 3201 3039 3269 adepti
3098 3202 3266 3254 sunt?
3306 3209 3360 3254 at
3397 3203 3492 3253 bo-

248 3295 397 3350 ἀλλὰ
444 3293 599 3360 φύσει
654 3291 800 3343 ἐστὶν
857 3289 1079 3356 ἀγαθόν.
1131 3289 1274 3342 Ἀλλ’
1322 3291 1380 3341 ἐν
1429 3293 1538 3352 τοῖς
1589 3290 1829 3358 λειτουρ-

247 3390 473 3458 γικοῖςς
548 3385 664 3438 ἀλλ’
721 3384 881 3454 ἕτερά
945 3385 1053 3434 εἰσι
1125 3383 1473 3448 λειτουργικὰ
1544 3382 1830 3449 πνεύματα

249 3479 395 3546 πρὸς
441 3475 714 3528 διακονίαν
771 3475 1225 3542 ἀποστελλόμενα.
1279 3473 1355 3526 Οὐ
1392 3474 1570 3525 τοίνυν
1610 3472 1832 3540 ὁμόδουο

249 3571 350 3620 λον
407 3570 538 3636 ἡμῖν
598 3565 778 3634 λέγειν
842 3566 975 3618 αὐτὸ
1046 3565 1308 3635 θεμιτὸν,
1381 3563 1440 3616 τὸ
1508 3564 1832 3634 ἡγεμονικὸν

251 3664 322 3730 τῇ
375 3663 578 3727 φύσει,
639 3658 762 3712 οὔτε
818 3661 882 3726 τῇ
944 3658 1116 3711 κτίσει
1171 3655 1568 3725 συναριθμεῖν,
1641 3655 1702 3706 τὸ
1765 3658 1831 3724 τῇ

249 3749 380 3820 θείᾳ
432 3751 524 3801 καὶ
571 3748 817 3817 μακαρίᾳ
871 3747 1064 3816 Τριάδι
1121 3745 1642 3814 συναριθμούμενον.
1717 3748 1831 3814 Ἀρ-

254 3834 357 3904 χαὶ
389 3832 486 3900 μὲν
515 3830 642 3900 γὰρ,
672 3831 764 3882 καὶ
804 3830 1062 3895 ἐξουσίαι.
1099 3829 1194 3882 καὶ
1229 3829 1374 3879 πᾶσα
1410 3830 1442 3898 ἡ
1477 3829 1698 3898 τοιαύτη
1736 3827 1851 3880 κτί-

260 3939 372 3984 σις,
403 3923 467 3973 ὲκ
499 3922 771 3993 προσοχῆς
803 3922 895 3972 καὶ
927 3920 1240 3989 ἐπιμελείας
1266 3919 1355 3971 τὸν
1389 3919 1661 3987 ἁγιασμὸν
1701 3919 1851 3986 ἔχου-

262 4031 378 4073 σαι,
407 4013 506 4065 οὐκ
531 4011 596 4065 ἂν
629 4011 852 4075 εἰκότως
878 4011 1036 4079 φύσει
1067 4009 1219 4077 ἅγιαι
1244 4006 1378 4060 εἶναι
1407 4008 1666 4076 λέγοιντο.
1724 4007 1851 4058 Ἐπ-

261 4103 588 4174 ορεγὸμεναι
628 4105 735 4172 γάρ
768 4101 861 4154 τοῦ
895 4100 1082 4162 καλοῦ,
1126 4100 1264 4154 κατά
1303 4099 1400 4170 τὴν
1437 4097 1724 4165 ἀναλογίαν
1752 4097 1852 4166 τῆς

262 4198 406 4267 πρὸς
437 4197 527 4248 τὸν
555 4196 683 4248 Θεὸν
720 4196 958 4263 ἀγάπης,
997 4194 1090 4246 καὶ
1125 4191 1218 4245 τοῦ
1247 4191 1446 4262 μέτρου
1476 4190 1572 4260 τῆς
1608 4187 1850 4257 ἁγιωσύ-

262 4302 366 4352 νης
399 4283 896 4353 μεταλαμϐάνουσι.
930 4281 1039 4334 Καὶ
1071 4281 1260 4350 ὥσπερ
1283 4282 1312 4332 ὁ
1347 4279 1585 4350 σίδηρος,
1617 4281 1676 4330 ὲν
1701 4276 1852 4348 μέσῳ

263 4376 342 4444 τῷ
381 4376 514 4443 πυρὶ
551 4375 820 4444 κείμενος,
855 4375 915 4426 τὸ
965 4374 1062 4442 μὲν
1097 4373 1309 4443 σίδηρος
1342 4369 1479 4424 εἶναι
1516 4373 1616 4424 οὐκ
1648 4368 1850 4424 ἀποϐέ-

267 4467 461 4536 ϐληκε,
490 4468 556 4535 τῇ
595 4465 650 4518 δὲ
685 4466 1019 4535 σφοδροτάτῃ
1046 4463 1180 4532 πρὸς
1207 4463 1266 4515 τὸ
1296 4461 1405 4534 πῦρ
1431 4463 1617 4533 ὁμιλίᾳ
1644 4465 1850 4534 ἐκπυρ-

1924 3306 2022 3344 nus
2070 3299 2258 3343 natura
2307 3299 2411 3343 est.
2452 3288 2532 3341 An
2591 3289 2734 3340 inter
2759 3301 2856 3339 eos
2904 3286 2995 3354 qui
3057 3283 3412 3339 ministrant?
3446 3295 3498 3335 at

1925 3381 2013 3434 alii
2053 3391 2181 3434 sunt
2210 3380 2434 3447 spiritus
2467 3377 2868 3441 ministratorii,
2904 3377 2994 3444 qui
3037 3377 3104 3429 ad
3139 3374 3496 3429 miniswrium

1925 3473 2212 3524 mittuntur
2256 3471 2298 3522 ⁸.
2340 3468 2454 3521 Νοιι
2507 3483 2636 3536 ergo
2677 3467 3029 3535 principalem
3082 3477 3271 3518 natura
3323 3465 3499 3531 Spiri-

1929 3569 2062 3622 tum,
2095 3559 2174 3612 fas
2215 3569 2299 3612 est
2342 3559 2500 3612 nobis
2551 3572 2874 3611 conservum
2931 3558 3136 3617 dicere,
3186 3573 3360 3624 neth
3397 3569 3501 3608 uua

1928 3667 2049 3705 cum
2111 3650 2374 3705 creaturis
2429 3664 2716 3704 munerare
2769 3664 2918 3712 eum,
2956 3649 3048 3716 qui
3109 3650 3160 3701 in
3234 3649 3415 3700 divina
3451 3658 3505 3695 et

1927 3743 2084 3796 beata
2101 3741 2366 3796 Trinitate
2393 3741 2598 3810 pariter
2803 3750 3136 3794 muneratur.
3166 3738 3506 3804 Principatum

1929 3833 2154 3886 enimet
2192 3841 2510 3900 potestates,
2549 3845 2612 3882 ac
2649 3830 2872 3896 reliqua:
2905 3827 3166 3895 ejusmodi
3216 3833 3503 3884 creaturze,

1931 3939 2049 3989 qua:
2099 3939 2165 3976 ex
2225 3923 2526 3973 attentione
2562 3936 2626 3972 ac
2678 3921 2864 3994 studio
2891 3918 3376 3972 sanctiﬁcationem
3410 3918 3505 3969 Im-

1935 4016 2080 4074 liem,
2107 4013 2208 4066 dici
2245 4022 2434 4063 natura
2466 4021 2668 4064 sancta:
2692 4010 2812 4077 jure
2844 4025 2947 4061 uou
2983 4019 3228 4076 possunt.
3263 4009 3333 4059 Ita
3365 4010 3505 4060 enim

1935 4103 2132 4155 bonum
2167 4110 2446 4168 appetunt,
2492 4111 2549 4152 ut
2602 4117 2699 4167 pro
2745 4101 2954 4153 ratione
2999 4100 3200 4151 amoris
3248 4100 3300 4152 in
3337 4099 3508 4150 Deum

1935 4195 2039 4255 sui,
2071 4193 2378 4246 sanctitatis
2427 4207 2735 4245 mensuram
2777 4191 3067 4258 accipiant.
3104 4191 3166 4242 Et
3200 4191 3354 4242 sicuti
3405 4193 3512 4241 [ιιι--

1939 4301 2053 4335 ηιιιι
2108 4284 2158 4336 in
2219 4284 2395 4336 medio
2436 4283 2558 4350 igne
2602 4286 2858 4349 positum,
2902 4283 3105 4335 ferrum
3144 4283 3361 4347 quidem
3394 4299 3512 4335 esse

1937 4389 2044 4428 non
2099 4373 2321 4437 desinit,
2375 4373 2469 4428 sed
2534 4374 2603 4427 ob
2661 4374 3193 4428 vehementissimam
3229 4389 3350 4424 cum
3387 4373 3510 4434 igne
3578 4387 3582 4398 ·

1935 4466 2375 4535 coniunctionem
2431 4465 2661 4536 ignitum
2709 4465 2931 4528 factum,
2989 4479 3316 4528 omnemque
3373 4463 3512 4532 ignis

267 4555 556 4618 ακτωθεὶς,
590 4555 680 4608 καὶ
713 4557 889 4607 πᾶσαν
927 4556 1006 4616 είς
1039 4553 1227 4607 ἑαυτὸν
1253 4553 1351 4624 τὴν
1409 4553 1502 4605 τοῦ
1547 4553 1716 4626 πυρὸς
1750 4555 1836 4622 φύ·

1942 4567 2189 4609 naturam
2244 4554 2296 4608 in
2353 4569 2412 4608 se
2450 4555 2622 4622 ipsum
2663 4554 2951 4622 recipiens,
2988 4563 3098 4607 tum
3161 4554 3365 4617 colore,
3404 4564 3512 4604 tum

269 4664 355 4698 σιν
387 4644 803 4714 ὑποδεξάμενος,
842 4645 935 4696 καὶ
972 4644 1223 4713 χρώματι
1251 4643 1345 4696 καὶ
1374 4643 1595 4714 ἐνεργίᾳ
1624 4643 1758 4713 πρὸς
1790 4644 1850 4698 τὸ

269 4735 382 4806 πῦρ
410 4735 815 4806 μετοιϐἑϐηκῖν⁹
848 4733 988 4786 οὕτω
1017 4735 1108 4787 καὶ
1135 4735 1190 4785 αί
1216 4733 1366 4802 ἅγιαι
1388 4733 1646 4805 δυνάμεις
1669 4736 1731 4786 ὲκ
1753 4735 1852 4804 τῆς

267 4828 408 4897 πρὸς
441 4826 501 4879 τὸ
532 4827 688 4894 φύσει
729 4827 881 4893 ἅγιον
919 4825 1204 4886 κοινωνίας
1247 4824 1312 4877 δι’
1341 4825 1470 4894 ὅλης
1509 4826 1608 4894 τῆς
1643 4826 1851 4879 ἑαυτῶν

269 4919 624 4980 ὑποστάσεως
667 4917 1018 4986 κεχωρηκὸτα
1049 4917 1150 4985 ἤδη
1200 4915 1293 4968 καὶ
1331 4917 1852 4986 συμπεφυσιωμένον

268 5012 360 5064 τὸν
421 5010 690 5081 ἀγιασμὸν
744 5010 944 5079 ἔχουσι.
1002 5007 1244 5076 Διαφορά
1295 5006 1352 5058 δὲ
1403 5008 1591 5071 αὑταῖς
1617 5008 1752 5079 πρὸς
1792 5008 1852 5060 τὸ

268 5103 499 5172 Πνεῦμα
545 5103 605 5153 τὸ
640 5102 792 5168 am»,
826 5101 984 5168 αὕτη,
1017 5101 1098 5152 ὅτι
1134 5099 1212 5168 τῷ
1244 5099 1343 5168 μὲν
1370 5098 1529 5168 φύσις
1558 5100 1590 5168 ἡ
1619 5099 1853 5165 ἁγιωσύ-

268 5211 358 5263 νη,
400 5196 517 5255 ταῖς
571 5191 627 5244 δὲ
671 5194 733 5242 ἐκ
776 5190 1063 5260 μετουσίας
1106 5190 1341 5259 ὑπάρχει
1383 5189 1443 5240 τὸ
1492 5186 1848 5256 ἀγιάζεσθαι.

268 5281 366 5347 Οἷς
391 5285 448 5337 δὲ
480 5282 871 5337 ὲπισκευαστὸν
907 5283 999 5333 καὶ
1042 5280 1304 5349 ἑτέρωθεν
1335 5279 1706 5349 ἐπιδεδομένον
1747 5281 1854 5333 ὑπ·

269 5377 428 5446 άρχει
486 5374 546 5426 τὸ
609 5373 829 5440 ἀγαθὸν,
890 5371 988 5440 τῆς
1048 5371 1403 5440 μεταπτωτῆς
1462 5372 1567 5422 εἰσι
1617 5369 1850 5438 φύσεως.

265 5467 346 5518 υὺ
381 5465 487 5536 γὰρ
511 5463 575 5516 ἂν
604 5459 860 5528 ἐξέπεσέν
903 5466 929 5515 ὁ
974 5462 1280 5533 Ἐωσφόρος
1320 5465 1347 5515 ὀ
1384 5461 1527 5532 πρωῒ
1722 5464 1848 5515 ἀνα-

268 5557 491 5625 τέλλων,
523 5556 645 5609 οὔτε
678 5556 965 5626 συνετρίϐη
997 5556 1086 5606 ἐπὶ
1118 5555 1213 5625 τῆς
1251 5555 1374 5625 γῆς,
1413 5557 1460 5607 εί
1494 5555 1650 5622 φύσει
1679 5555 1858 5624 ὑπῆρ-

271 5665 336 5719 χε
392 5648 481 5701 τοῦ
531 5650 770 5721 χείρονος
821 5647 1190 5709 ἀνεπίδεκτος.
1237 5647 1360 5711 Πῶς
1401 5643 1491 5701 οὖν
1533 5646 1750 5710 εὐσεϐὲς
1788 5648 1854 5716 τῇ

330 5812 346 5842 ¹
387 5809 540 5862 ιιιοιετ.
591 5825 647 5866 ιι.
681 5809 766 5862 Η.
844 5812 865 5843 ⁸
903 5807 1093 5862 Matth.
1138 5824 1334 5870 χινιιι,
1374 5806 1460 5860 l9.

580 5929 844 5986 l’nnoc.
892 5928 1011 5986 Gn.
1056 5927 1100 5984 t3
1116 5927 1158 5983 Χ
1174 5925 1318 5986 XX.

1539 5808 1556 5835 ³
1589 5805 1751 5860 Hebr.
1788 5821 1822 5866 ι,
1857 5803 1940 5858 14.

1940 4645 2175 4700 eﬂicacia
2208 4646 2259 4698 in
2301 4645 2475 4714 ignem
2510 4646 2700 4699 transit
2727 4660 2741 4698 :
2767 4646 2846 4700 sic
2871 4654 2925 4699 ct
2963 4656 3166 4699 sancta:
3213 4651 3516 4712 potestates

1941 4752 2009 4790 ex
2040 4737 2530 4792 couununicationc
2559 4751 2721 4806 quam
2748 4738 2945 4790 habent
2978 4751 3100 4789 cum
3132 4749 3196 4787 eo
3231 4736 3321 4800 qui
3360 4745 3516 4787 uatu-

1945 4845 2004 4885 ra
2043 4839 2264 4884 sanctus
2291 4840 2394 4895 est,
2424 4829 2690 4898 ejusmodi
2721 4825 3140 4881 sanctimoniam
3173 4823 3367 4876 habent
3401 4839 3520 4891 qua:

1937 4921 2048 4990 jam
2103 4922 2401 4989 pervaserit
2461 4937 2556 4989 per
2610 4927 2775 4974 totam
2825 4931 3012 4970 carum
3053 4916 3429 4980 substantiam,
3464 4916 3517 4968 iu

1947 5029 2122 5080 eaque
2158 5013 2446 5066 coaluerit.
2481 5011 2612 5078 Ipsae
2646 5015 2825 5060 autem
2866 5005 2917 5058 in
2940 5018 3006 5058 eo
3037 5019 3066 5055 a
3100 5013 3287 5057 sancto
3317 5003 3519 5072 Spiritu

1949 5102 2227 5166 differunt,
2288 5102 2430 5169 quod
2493 5100 2649 5168 hujus
2707 5108 2899 5151 natura
2953 5097 3216 5150 sanctitas
3254 5106 3338 5150 est
3370 5114 3384 5149 :
3418 5097 3520 5150 illis

1953 5208 2079 5250 ισιὊ
2111 5210 2176 5247 ex
2215 5191 2625 5260 participatione
2686 5191 2828 5243 inest
2886 5189 3274 5245 sanctimonia.
3312 5189 3520 5253 Quibus

1952 5295 2131 5338 autem
2167 5284 2308 5336 inest
2330 5279 2984 5334 bonum.instauratitium
3015 5287 3070 5333 et
3101 5277 3316 5330 aliunde
3351 5275 3518 5328 colla-

1956 5387 2088 5433 tum,
2122 5389 2182 5426 ca
2217 5383 2339 5424 sunt
2368 5372 2642 5426 mutabilis
2677 5383 2900 5425 natura.
2949 5369 3066 5426 Non
3110 5370 3253 5424 enim
3293 5369 3522 5426 excidis-

1955 5477 2035 5516 srt
2061 5465 2294 5526 Lucifer,
2325 5465 2414 5531 qui
2451 5479 2607 5516 mane
2661 5467 2832 5516 oritur
2872 5469 2918 5526 ⁸,
2955 5477 3053 5516 nec
3102 5469 3244 5514 esset
3292 5459 3342 5511 in
3385 5469 3520 5511 terra

1959 5556 2244 5619 (uult‘iius,
2287 5556 2333 5610 si
2377 5554 2661 5608 deterioris
2717 5551 3043 5607 conditionis
3075 5548 3394 5615 recipiendae
3421 5566 3520 5604 non

1963 5648 2153 5702 fuisset
2183 5664 2351 5716 capax
2393 5656 2605 5700 natura.
2653 5642 2933 5712 Quomodo
2971 5641 3136 5710 igitur
3170 5641 3314 5708 pium
3341 5652 3422 5696 cst
3451 5643 3530 5695 in-

2020 5805 2041 5835 ⁴
2071 5805 2170 5857 lsa.
2205 5819 2315 5865 xw,
2369 5802 2449 5855 l2.

3009 5898 3184 5977 '26
