  <div class='ocr_page' id='page_1' title='image "/cluster/home/n/w/nwhite01/storage/ocr_20150623/130/mdp.39015078384255/413.png"; bbox 0 0 4078 6292; ppageno 0'>
   <div class='ocr_carea' id='block_1_1' title="bbox 584 404 3791 479">
    <p class='ocr_par' dir='ltr' id='par_1_1' title="bbox 584 404 3791 479">
     <span class='ocr_line' id='line_1_1' title="bbox 584 404 3791 479; baseline -0.005 -4"><span class='ocrx_word' id='word_1_1' title='bbox 584 412 687 479; x_wconf 77' lang='lat' dir='ltr'><strong>su</strong></span> <span class='ocrx_word' id='word_1_2' title='bbox 1807 405 2193 466; x_wconf 70' lang='lat' dir='ltr'><strong>summu</strong></span> <span class='ocrx_word' id='word_1_3' title='bbox 2231 404 2592 469; x_wconf 82' lang='lat' dir='ltr'><strong>ZIGABENI</strong></span> <span class='ocrx_word' id='word_1_4' title='bbox 3708 409 3791 473; x_wconf 64' lang='lat'><strong>312</strong></span> 
     </span>
    </p>
   </div>
   <div class='ocr_carea' id='block_1_2' title="bbox 592 545 2185 619">
    <p class='ocr_par' dir='ltr' id='par_1_2' title="bbox 592 545 2159 616">
     <span class='ocr_line' id='line_1_2' title="bbox 592 545 2159 616; baseline 0 -13"><span class='ocrx_word' id='word_1_5' title='bbox 592 562 671 604; x_wconf 85' lang='lat' dir='ltr'><strong>ter</strong></span> <span class='ocrx_word' id='word_1_6' title='bbox 717 556 997 603; x_wconf 71' lang='lat' dir='ltr'><strong>creaturas</strong></span> <span class='ocrx_word' id='word_1_7' title='bbox 1046 546 1305 616; x_wconf 80' lang='lat' dir='ltr'><strong>Spiritum</strong></span> <span class='ocrx_word' id='word_1_8' title='bbox 1366 545 1653 608; x_wconf 73' lang='lat' dir='ltr'><strong>collocare,</strong></span> <span class='ocrx_word' id='word_1_9' title='bbox 1713 545 1803 613; x_wconf 90' lang='lat' dir='ltr'><strong>qui</strong></span> <span class='ocrx_word' id='word_1_10' title='bbox 1870 547 2159 603; x_wconf 86' lang='lat' dir='ltr'><strong>intervallo</strong></span> 
     </span>
    </p>
   </div>
   <div class='ocr_carea' id='block_1_3' title="bbox 2276 545 3796 619">
    <p class='ocr_par' dir='ltr' id='par_1_3' title="bbox 2276 545 3796 619">
     <span class='ocr_line' id='line_1_3' title="bbox 2276 545 3796 619; baseline -0.013 -3"><span class='ocrx_word' id='word_1_11' title='bbox 2276 566 2437 617; x_wconf 68' lang='grc' dir='ltr'>κτίσει</span> <span class='ocrx_word' id='word_1_12' title='bbox 2461 560 2590 613; x_wconf 84' lang='grc' dir='ltr'>αὐτὸ</span> <span class='ocrx_word' id='word_1_13' title='bbox 2616 556 2948 616; x_wconf 84' lang='grc' dir='ltr'><strong>συντάττειν,</strong></span> <span class='ocrx_word' id='word_1_14' title='bbox 2994 548 3231 619; x_wconf 83' lang='grc' dir='ltr'>τοσούτῳ</span> <span class='ocrx_word' id='word_1_15' title='bbox 3267 548 3444 618; x_wconf 82' lang='grc' dir='ltr'>μέτρῳ</span> <span class='ocrx_word' id='word_1_16' title='bbox 3486 545 3796 618; x_wconf 78' lang='grc' dir='ltr'><strong>διωρισμένον</strong></span> 
     </span>
    </p>
   </div>
   <div class='ocr_carea' id='block_1_4' title="bbox 595 631 2185 722">
    <p class='ocr_par' dir='ltr' id='par_1_4' title="bbox 595 637 2160 706">
     <span class='ocr_line' id='line_1_4' title="bbox 595 637 2160 706; baseline 0.002 -14"><span class='ocrx_word' id='word_1_17' title='bbox 595 651 744 694; x_wconf 83' lang='lat' dir='ltr'><strong>tanto</strong></span> <span class='ocrx_word' id='word_1_18' title='bbox 776 656 805 693; x_wconf 88' lang='lat' dir='ltr'><strong>a</strong></span> <span class='ocrx_word' id='word_1_19' title='bbox 835 637 1106 694; x_wconf 71' lang='lat' dir='ltr'><strong>creaturis</strong></span> <span class='ocrx_word' id='word_1_20' title='bbox 1141 649 1426 706; x_wconf 80' lang='lat' dir='ltr'><strong>separatus</strong></span> <span class='ocrx_word' id='word_1_21' title='bbox 1459 638 1579 692; x_wconf 84' lang='lat' dir='ltr'><strong>est?</strong></span> <span class='ocrx_word' id='word_1_22' title='bbox 1616 640 1875 692; x_wconf 70' lang='lat' dir='ltr'><strong>Greatura</strong></span> <span class='ocrx_word' id='word_1_23' title='bbox 1907 643 2051 695; x_wconf 90' lang='lat' dir='ltr'><strong>enim</strong></span> <span class='ocrx_word' id='word_1_24' title='bbox 2088 645 2160 695; x_wconf 88' lang='lat' dir='ltr'><strong>ita</strong></span> 
     </span>
    </p>
   </div>
   <div class='ocr_carea' id='block_1_5' title="bbox 2276 631 3795 722">
    <p class='ocr_par' dir='ltr' id='par_1_5' title="bbox 2276 631 3795 722">
     <span class='ocr_line' id='line_1_5' title="bbox 2276 631 3795 722; baseline -0.013 -17"><span class='ocrx_word' id='word_1_25' title='bbox 2276 654 2361 722; x_wconf 77' lang='grc' dir='ltr'><strong>τῆς</strong></span> <span class='ocrx_word' id='word_1_26' title='bbox 2391 652 2617 710; x_wconf 80' lang='grc' dir='ltr'>κτίσεως</span> <span class='ocrx_word' id='word_1_27' title='bbox 2643 664 2657 711; x_wconf 85' lang='lat'><strong>;</strong></span> <span class='ocrx_word' id='word_1_28' title='bbox 2703 645 2765 697; x_wconf 82' lang='grc' dir='ltr'>Ἠ</span> <span class='ocrx_word' id='word_1_29' title='bbox 2792 643 2888 714; x_wconf 80' lang='grc' dir='ltr'><strong>μὲν</strong></span> <span class='ocrx_word' id='word_1_30' title='bbox 2915 639 3021 710; x_wconf 84' lang='grc' dir='ltr'><strong>γὰρ</strong></span> <span class='ocrx_word' id='word_1_31' title='bbox 3053 639 3228 702; x_wconf 83' lang='grc' dir='ltr'>κτίσις</span> <span class='ocrx_word' id='word_1_32' title='bbox 3252 638 3490 705; x_wconf 83' lang='grc' dir='ltr'>πέφυκεν</span> <span class='ocrx_word' id='word_1_33' title='bbox 3518 631 3663 688; x_wconf 82' lang='grc' dir='ltr'>ἆθλον</span> <span class='ocrx_word' id='word_1_34' title='bbox 3688 654 3795 709; x_wconf 65' lang='grc' dir='ltr'>προ.</span> 
     </span>
    </p>
   </div>
   <div class='ocr_carea' id='block_1_6' title="bbox 591 728 2163 802">
    <p class='ocr_par' dir='ltr' id='par_1_6' title="bbox 591 728 2163 802">
     <span class='ocr_line' id='line_1_6' title="bbox 591 728 2163 802; baseline 0.001 -17"><span class='ocrx_word' id='word_1_35' title='bbox 591 742 902 802; x_wconf 86' lang='lat' dir='ltr'><strong>comparata</strong></span> <span class='ocrx_word' id='word_1_36' title='bbox 935 740 1035 793; x_wconf 89' lang='lat' dir='ltr'><strong>est,</strong></span> <span class='ocrx_word' id='word_1_37' title='bbox 1065 741 1137 783; x_wconf 78' lang='grc' dir='ltr'>ιιιι</span> <span class='ocrx_word' id='word_1_38' title='bbox 1169 731 1213 785; x_wconf 90' lang='lat' dir='ltr'><strong>si</strong></span> <span class='ocrx_word' id='word_1_39' title='bbox 1255 743 1602 800; x_wconf 77' lang='lat' dir='ltr'><strong>progressum</strong></span> <span class='ocrx_word' id='word_1_40' title='bbox 1664 728 1897 796; x_wconf 82' lang='lat' dir='ltr'><strong>aliquem</strong></span> <span class='ocrx_word' id='word_1_41' title='bbox 1955 731 2163 798; x_wconf 74' lang='lat' dir='ltr'><strong>fecerit,</strong></span> 
     </span>
    </p>
   </div>
   <div class='ocr_carea' id='block_1_7' title="bbox 596 822 2163 893">
    <p class='ocr_par' dir='ltr' id='par_1_7' title="bbox 596 822 2163 893">
     <span class='ocr_line' id='line_1_7' title="bbox 596 822 2163 893; baseline 0 -17"><span class='ocrx_word' id='word_1_42' title='bbox 596 826 963 893; x_wconf 72' lang='lat' dir='ltr'><strong>placueritque</strong></span> <span class='ocrx_word' id='word_1_43' title='bbox 1019 822 1146 887; x_wconf 82' lang='lat' dir='ltr'><strong>Deo,</strong></span> <span class='ocrx_word' id='word_1_44' title='bbox 1201 837 1297 892; x_wconf 89' lang='lat' dir='ltr'><strong>pro</strong></span> <span class='ocrx_word' id='word_1_45' title='bbox 1364 824 1617 876; x_wconf 82' lang='lat' dir='ltr'><strong>mercede</strong></span> <span class='ocrx_word' id='word_1_46' title='bbox 1680 822 2163 878; x_wconf 82' lang='lat' dir='ltr'><strong>sanctiﬁcationem</strong></span> 
     </span>
    </p>
   </div>
   <div class='ocr_carea' id='block_1_8' title="bbox 598 913 2165 984">
    <p class='ocr_par' dir='ltr' id='par_1_8' title="bbox 598 913 2165 984">
     <span class='ocr_line' id='line_1_8' title="bbox 598 913 2165 984; baseline 0.001 -17"><span class='ocrx_word' id='word_1_47' title='bbox 598 916 850 984; x_wconf 88' lang='lat' dir='ltr'><strong>accipiat,</strong></span> <span class='ocrx_word' id='word_1_48' title='bbox 888 914 1322 983; x_wconf 83' lang='lat' dir='ltr'><strong>quandoquidem</strong></span> <span class='ocrx_word' id='word_1_49' title='bbox 1376 913 1544 968; x_wconf 89' lang='lat' dir='ltr'><strong>libero</strong></span> <span class='ocrx_word' id='word_1_50' title='bbox 1586 914 1754 968; x_wconf 91' lang='lat' dir='ltr'><strong>utitur</strong></span> <span class='ocrx_word' id='word_1_51' title='bbox 1786 913 2033 977; x_wconf 89' lang='lat' dir='ltr'><strong>arbitrio,</strong></span> <span class='ocrx_word' id='word_1_52' title='bbox 2071 930 2165 983; x_wconf 91' lang='lat' dir='ltr'><strong>po-</strong></span> 
     </span>
    </p>
   </div>
   <div class='ocr_carea' id='block_1_9' title="bbox 601 1002 2171 1072">
    <p class='ocr_par' dir='ltr' id='par_1_9' title="bbox 601 1002 2171 1072">
     <span class='ocr_line' id='line_1_9' title="bbox 601 1002 2171 1072; baseline 0 -16"><span class='ocrx_word' id='word_1_53' title='bbox 601 1015 810 1072; x_wconf 81' lang='lat' dir='ltr'><strong>testque</strong></span> <span class='ocrx_word' id='word_1_54' title='bbox 841 1004 893 1056; x_wconf 92' lang='lat' dir='ltr'><strong>in</strong></span> <span class='ocrx_word' id='word_1_55' title='bbox 928 1012 1211 1072; x_wconf 90' lang='lat' dir='ltr'><strong>utramque</strong></span> <span class='ocrx_word' id='word_1_56' title='bbox 1251 1010 1462 1071; x_wconf 89' lang='lat' dir='ltr'><strong>partem</strong></span> <span class='ocrx_word' id='word_1_57' title='bbox 1511 1002 1782 1067; x_wconf 85' lang='lat' dir='ltr'><strong>inclinari,</strong></span> <span class='ocrx_word' id='word_1_58' title='bbox 1823 1005 1889 1055; x_wconf 91' lang='lat' dir='ltr'><strong>ad</strong></span> <span class='ocrx_word' id='word_1_59' title='bbox 1931 1002 2057 1056; x_wconf 92' lang='lat' dir='ltr'><strong>boni</strong></span> <span class='ocrx_word' id='word_1_60' title='bbox 2108 1017 2171 1056; x_wconf 91' lang='lat' dir='ltr'><strong>ac</strong></span> 
     </span>
    </p>
   </div>
   <div class='ocr_carea' id='block_1_10' title="bbox 600 1094 2171 1166">
    <p class='ocr_par' dir='ltr' id='par_1_10' title="bbox 600 1094 2171 1166">
     <span class='ocr_line' id='line_1_10' title="bbox 600 1094 2171 1166; baseline -0.001 -15"><span class='ocrx_word' id='word_1_61' title='bbox 600 1095 726 1151; x_wconf 83' lang='lat' dir='ltr'><strong>mali</strong></span> <span class='ocrx_word' id='word_1_62' title='bbox 770 1095 1125 1163; x_wconf 74' lang='lat' dir='ltr'><strong>electionem;</strong></span> <span class='ocrx_word' id='word_1_63' title='bbox 1164 1096 1399 1166; x_wconf 85' lang='lat' dir='ltr'><strong>Spiritus</strong></span> <span class='ocrx_word' id='word_1_64' title='bbox 1433 1104 1612 1149; x_wconf 89' lang='lat' dir='ltr'><strong>autem</strong></span> <span class='ocrx_word' id='word_1_65' title='bbox 1666 1105 1886 1149; x_wconf 88' lang='lat' dir='ltr'><strong>sanctus</strong></span> <span class='ocrx_word' id='word_1_66' title='bbox 1933 1094 2051 1149; x_wconf 86' lang='lat' dir='ltr'><strong>l&#39;ons</strong></span> <span class='ocrx_word' id='word_1_67' title='bbox 2090 1106 2171 1150; x_wconf 76' lang='grc' dir='ltr'><strong>εει</strong></span> 
     </span>
    </p>
   </div>
   <div class='ocr_carea' id='block_1_11' title="bbox 596 1187 2171 1256">
    <p class='ocr_par' dir='ltr' id='par_1_11' title="bbox 596 1187 2171 1256">
     <span class='ocr_line' id='line_1_11' title="bbox 596 1187 2171 1256; baseline -0.001 -14"><span class='ocrx_word' id='word_1_68' title='bbox 596 1188 1060 1243; x_wconf 81' lang='lat' dir='ltr'><strong>sanctiﬁcationis.</strong></span> <span class='ocrx_word' id='word_1_69' title='bbox 1117 1187 1184 1242; x_wconf 85' lang='lat' dir='ltr'><strong>Et.</strong></span> <span class='ocrx_word' id='word_1_70' title='bbox 1211 1188 1661 1256; x_wconf 87' lang='lat' dir='ltr'><strong>quemadmodum</strong></span> <span class='ocrx_word' id='word_1_71' title='bbox 1712 1195 1901 1239; x_wconf 88' lang='lat' dir='ltr'><strong>natura</strong></span> <span class='ocrx_word' id='word_1_72' title='bbox 1951 1196 2171 1240; x_wconf 76' lang='lat' dir='ltr'><strong>sanctus</strong></span> 
     </span>
    </p>
   </div>
   <div class='ocr_carea' id='block_1_12' title="bbox 597 1277 2173 1346">
    <p class='ocr_par' dir='ltr' id='par_1_12' title="bbox 597 1277 2173 1346">
     <span class='ocr_line' id='line_1_12' title="bbox 597 1277 2173 1346; baseline -0.004 -10"><span class='ocrx_word' id='word_1_73' title='bbox 597 1292 681 1336; x_wconf 80' lang='lat' dir='ltr'><strong>est</strong></span> <span class='ocrx_word' id='word_1_74' title='bbox 711 1279 895 1346; x_wconf 86' lang='lat' dir='ltr'><strong>Pater,</strong></span> <span class='ocrx_word' id='word_1_75' title='bbox 920 1290 1112 1334; x_wconf 89' lang='lat' dir='ltr'><strong>natura</strong></span> <span class='ocrx_word' id='word_1_76' title='bbox 1149 1280 1333 1334; x_wconf 89' lang='lat' dir='ltr'><strong>itidem</strong></span> <span class='ocrx_word' id='word_1_77' title='bbox 1357 1286 1578 1333; x_wconf 88' lang='lat' dir='ltr'><strong>sanctus</strong></span> <span class='ocrx_word' id='word_1_78' title='bbox 1605 1289 1687 1332; x_wconf 88' lang='lat' dir='ltr'><strong>est</strong></span> <span class='ocrx_word' id='word_1_79' title='bbox 1714 1277 1879 1331; x_wconf 82' lang='lat' dir='ltr'><strong>Filius</strong></span> <span class='ocrx_word' id='word_1_80' title='bbox 1907 1292 1920 1331; x_wconf 91' lang='lat'>:</span> <span class='ocrx_word' id='word_1_81' title='bbox 1945 1278 2015 1331; x_wconf 88' lang='lat' dir='ltr'><strong>ita</strong></span> <span class='ocrx_word' id='word_1_82' title='bbox 2043 1295 2173 1346; x_wconf 83' lang='lat' dir='ltr'><strong>quu-</strong></span> 
     </span>
    </p>
   </div>
   <div class='ocr_carea' id='block_1_13' title="bbox 600 1369 2171 1442">
    <p class='ocr_par' dir='ltr' id='par_1_13' title="bbox 600 1369 2171 1442">
     <span class='ocr_line' id='line_1_13' title="bbox 600 1369 2171 1442; baseline -0.003 -18"><span class='ocrx_word' id='word_1_83' title='bbox 600 1387 705 1441; x_wconf 85' lang='lat' dir='ltr'><strong>que</strong></span> <span class='ocrx_word' id='word_1_84' title='bbox 752 1370 988 1442; x_wconf 81' lang='lat' dir='ltr'><strong>Spiritus</strong></span> <span class='ocrx_word' id='word_1_85' title='bbox 1023 1371 1113 1426; x_wconf 92' lang='lat' dir='ltr'><strong>ille</strong></span> <span class='ocrx_word' id='word_1_86' title='bbox 1158 1370 1402 1425; x_wconf 78' lang='lat' dir='ltr'><strong>veritatis</strong></span> <span class='ocrx_word' id='word_1_87' title='bbox 1440 1379 1633 1424; x_wconf 87' lang='lat' dir='ltr'><strong>natura</strong></span> <span class='ocrx_word' id='word_1_88' title='bbox 1686 1379 1905 1422; x_wconf 87' lang='lat' dir='ltr'><strong>sanctus</strong></span> <span class='ocrx_word' id='word_1_89' title='bbox 1932 1378 2051 1432; x_wconf 80' lang='lat' dir='ltr'><strong>est;</strong></span> <span class='ocrx_word' id='word_1_90' title='bbox 2101 1369 2171 1421; x_wconf 85' lang='lat' dir='ltr'><strong>ob</strong></span> 
     </span>
    </p>
   </div>
   <div class='ocr_carea' id='block_1_14' title="bbox 604 1459 2174 1536">
    <p class='ocr_par' dir='ltr' id='par_1_14' title="bbox 604 1459 2174 1536">
     <span class='ocr_line' id='line_1_14' title="bbox 604 1459 2174 1536; baseline -0.002 -18"><span class='ocrx_word' id='word_1_91' title='bbox 604 1466 765 1536; x_wconf 84' lang='lat' dir='ltr'><strong>idque</strong></span> <span class='ocrx_word' id='word_1_92' title='bbox 797 1470 1031 1521; x_wconf 84' lang='lat' dir='ltr'><strong>donatus</strong></span> <span class='ocrx_word' id='word_1_93' title='bbox 1055 1472 1140 1519; x_wconf 89' lang='lat' dir='ltr'><strong>est</strong></span> <span class='ocrx_word' id='word_1_94' title='bbox 1173 1464 1336 1518; x_wconf 86' lang='lat' dir='ltr'><strong>etiam</strong></span> <span class='ocrx_word' id='word_1_95' title='bbox 1364 1461 1537 1518; x_wconf 89' lang='lat' dir='ltr'><strong>sancti</strong></span> <span class='ocrx_word' id='word_1_96' title='bbox 1587 1459 1965 1529; x_wconf 84' lang='lat' dir='ltr'><strong>appellatione,</strong></span> <span class='ocrx_word' id='word_1_97' title='bbox 2004 1474 2174 1529; x_wconf 86' lang='lat' dir='ltr'><strong>caque</strong></span> 
     </span>
    </p>
   </div>
   <div class='ocr_carea' id='block_1_15' title="bbox 595 1556 1225 1627">
    <p class='ocr_par' dir='ltr' id='par_1_15' title="bbox 595 1556 1225 1627">
     <span class='ocr_line' id='line_1_15' title="bbox 595 1556 1225 1627; baseline -0.006 -15"><span class='ocrx_word' id='word_1_98' title='bbox 595 1559 857 1627; x_wconf 60' lang='lat' dir='ltr'><strong>mculiari</strong></span> <span class='ocrx_word' id='word_1_99' title='bbox 894 1573 956 1610; x_wconf 91' lang='lat' dir='ltr'><strong>ac</strong></span> <span class='ocrx_word' id='word_1_100' title='bbox 992 1556 1225 1626; x_wconf 85' lang='lat' dir='ltr'><strong>propria.</strong></span> 
     </span>
    </p>
   </div>
   <div class='ocr_carea' id='block_1_16' title="bbox 772 1638 2170 1715">
    <p class='ocr_par' dir='ltr' id='par_1_16' title="bbox 772 1638 2170 1715">
     <span class='ocr_line' id='line_1_16' title="bbox 772 1638 2170 1715; baseline -0.006 -16"><span class='ocrx_word' id='word_1_101' title='bbox 772 1646 976 1715; x_wconf 84' lang='lat' dir='ltr'><strong>Itaque,</strong></span> <span class='ocrx_word' id='word_1_102' title='bbox 1011 1646 1055 1700; x_wconf 87' lang='lat' dir='ltr'><strong>si</strong></span> <span class='ocrx_word' id='word_1_103' title='bbox 1104 1644 1366 1699; x_wconf 73' lang='lat' dir='ltr'><strong>sanctitas</strong></span> <span class='ocrx_word' id='word_1_104' title='bbox 1398 1643 1445 1697; x_wconf 91' lang='lat' dir='ltr'><strong>ei</strong></span> <span class='ocrx_word' id='word_1_105' title='bbox 1484 1652 1672 1695; x_wconf 85' lang='lat' dir='ltr'><strong>natura</strong></span> <span class='ocrx_word' id='word_1_106' title='bbox 1704 1649 1810 1704; x_wconf 80' lang='lat' dir='ltr'><strong>est,</strong></span> <span class='ocrx_word' id='word_1_107' title='bbox 1838 1639 1995 1693; x_wconf 81' lang='lat' dir='ltr'><strong>sicuti</strong></span> <span class='ocrx_word' id='word_1_108' title='bbox 2028 1638 2170 1693; x_wconf 85' lang='lat' dir='ltr'><strong>Patri</strong></span> 
     </span>
    </p>
   </div>
   <div class='ocr_carea' id='block_1_17' title="bbox 606 1728 2175 1807">
    <p class='ocr_par' dir='ltr' id='par_1_17' title="bbox 606 1728 2175 1807">
     <span class='ocr_line' id='line_1_17' title="bbox 606 1728 2175 1807; baseline -0.005 -16"><span class='ocrx_word' id='word_1_109' title='bbox 606 1748 659 1791; x_wconf 91' lang='lat' dir='ltr'><strong>et</strong></span> <span class='ocrx_word' id='word_1_110' title='bbox 688 1736 848 1803; x_wconf 87' lang='lat' dir='ltr'><strong>Filio,</strong></span> <span class='ocrx_word' id='word_1_111' title='bbox 878 1740 1150 1807; x_wconf 89' lang='lat' dir='ltr'><strong>quomodo</strong></span> <span class='ocrx_word' id='word_1_112' title='bbox 1178 1737 1354 1790; x_wconf 70' lang='lat' dir='ltr'><strong>tertia:</strong></span> <span class='ocrx_word' id='word_1_113' title='bbox 1394 1749 1456 1788; x_wconf 88' lang='lat' dir='ltr'><strong>ac</strong></span> <span class='ocrx_word' id='word_1_114' title='bbox 1487 1733 1674 1787; x_wconf 72' lang='lat' dir='ltr'><strong>aliena!</strong></span> <span class='ocrx_word' id='word_1_115' title='bbox 1710 1740 1914 1785; x_wconf 72' lang='lat' dir='ltr'><strong>naturae</strong></span> <span class='ocrx_word' id='word_1_116' title='bbox 1945 1729 2066 1784; x_wconf 83' lang='lat' dir='ltr'><strong>est?</strong></span> <span class='ocrx_word' id='word_1_117' title='bbox 2093 1728 2175 1785; x_wconf 91' lang='lat' dir='ltr'><strong>0b</strong></span> 
     </span>
    </p>
   </div>
   <div class='ocr_carea' id='block_1_18' title="bbox 2268 726 3798 811">
    <p class='ocr_par' dir='ltr' id='par_1_18' title="bbox 2268 726 3798 811">
     <span class='ocr_line' id='line_1_18' title="bbox 2268 726 3798 811; baseline -0.009 -17"><span class='ocrx_word' id='word_1_118' title='bbox 2268 741 2442 811; x_wconf 80' lang='grc' dir='ltr'>κοπῆς</span> <span class='ocrx_word' id='word_1_119' title='bbox 2494 739 2611 791; x_wconf 69' lang='grc' dir='ltr'>καὶι</span> <span class='ocrx_word' id='word_1_120' title='bbox 2639 736 2735 805; x_wconf 82' lang='grc' dir='ltr'>τῆς</span> <span class='ocrx_word' id='word_1_121' title='bbox 2779 734 2915 804; x_wconf 83' lang='grc' dir='ltr'>πρὸς</span> <span class='ocrx_word' id='word_1_122' title='bbox 2963 730 3094 783; x_wconf 84' lang='grc' dir='ltr'>Θεὸν</span> <span class='ocrx_word' id='word_1_123' title='bbox 3130 730 3534 800; x_wconf 77' lang='grc' dir='ltr'>εὐαρεστήσεως</span> <span class='ocrx_word' id='word_1_124' title='bbox 3567 726 3649 779; x_wconf 72' lang='grc' dir='ltr'>τὸν</span> <span class='ocrx_word' id='word_1_125' title='bbox 3671 728 3798 795; x_wconf 83' lang='grc' dir='ltr'>ἁγια-</span> 
     </span>
    </p>
   </div>
   <div class='ocr_carea' id='block_1_19' title="bbox 2271 817 3803 902">
    <p class='ocr_par' dir='ltr' id='par_1_19' title="bbox 2271 817 3803 902">
     <span class='ocr_line' id='line_1_19' title="bbox 2271 817 3803 902; baseline -0.012 -17"><span class='ocrx_word' id='word_1_126' title='bbox 2271 832 2404 902; x_wconf 85' lang='grc' dir='ltr'>σμὸν</span> <span class='ocrx_word' id='word_1_127' title='bbox 2431 831 2648 900; x_wconf 81' lang='grc' dir='ltr'>ἔχουσα,</span> <span class='ocrx_word' id='word_1_128' title='bbox 2676 825 2833 895; x_wconf 83' lang='grc' dir='ltr'>φύσει</span> <span class='ocrx_word' id='word_1_129' title='bbox 2864 823 2920 876; x_wconf 75' lang='grc' dir='ltr'><strong>δὲ</strong></span> <span class='ocrx_word' id='word_1_130' title='bbox 3090 820 3349 891; x_wconf 79' lang='grc' dir='ltr'><strong>χρωμένη</strong></span> <span class='ocrx_word' id='word_1_131' title='bbox 3380 817 3705 888; x_wconf 79' lang='grc' dir='ltr'>αὐτεξουσίῳ,</span> <span class='ocrx_word' id='word_1_132' title='bbox 3729 822 3803 873; x_wconf 68' lang='grc' dir='ltr'><strong>καὶ</strong></span> 
     </span>
    </p>
   </div>
   <div class='ocr_carea' id='block_1_20' title="bbox 2273 908 3805 993">
    <p class='ocr_par' dir='ltr' id='par_1_20' title="bbox 2273 908 3805 993">
     <span class='ocr_line' id='line_1_20' title="bbox 2273 908 3805 993; baseline -0.012 -18"><span class='ocrx_word' id='word_1_133' title='bbox 2273 920 2634 993; x_wconf 79' lang='grc' dir='ltr'>μεταρῤέπειν</span> <span class='ocrx_word' id='word_1_134' title='bbox 2701 917 2783 985; x_wconf 78' lang='grc' dir='ltr'><strong>ἐφ’</strong></span> <span class='ocrx_word' id='word_1_135' title='bbox 2844 914 3080 983; x_wconf 79' lang='grc' dir='ltr'>ἑκάτερα</span> <span class='ocrx_word' id='word_1_136' title='bbox 3133 910 3438 980; x_wconf 79' lang='grc' dir='ltr'>δυναμένη,</span> <span class='ocrx_word' id='word_1_137' title='bbox 3494 908 3623 979; x_wconf 69' lang='grc' dir='ltr'>πρὸς</span> <span class='ocrx_word' id='word_1_138' title='bbox 3686 910 3805 964; x_wconf 73' lang='grc' dir='ltr'>ἐκλο-</span> 
     </span>
    </p>
   </div>
   <div class='ocr_carea' id='block_1_21' title="bbox 2271 1001 3808 1085">
    <p class='ocr_par' dir='ltr' id='par_1_21' title="bbox 2271 1001 3808 1085">
     <span class='ocr_line' id='line_1_21' title="bbox 2271 1001 3808 1085; baseline -0.01 -18"><span class='ocrx_word' id='word_1_139' title='bbox 2271 1016 2373 1085; x_wconf 81' lang='grc' dir='ltr'><strong>γὴν</strong></span> <span class='ocrx_word' id='word_1_140' title='bbox 2427 1010 2521 1064; x_wconf 89' lang='grc' dir='ltr'><strong>τοῦ</strong></span> <span class='ocrx_word' id='word_1_141' title='bbox 2572 1008 2775 1077; x_wconf 80' lang='grc' dir='ltr'><strong>ἀγαθοῦ</strong></span> <span class='ocrx_word' id='word_1_142' title='bbox 2834 1007 2930 1059; x_wconf 67' lang='grc' dir='ltr'><strong>καὶ</strong></span> <span class='ocrx_word' id='word_1_143' title='bbox 2990 1004 3082 1057; x_wconf 87' lang='grc' dir='ltr'><strong>τοῦ</strong></span> <span class='ocrx_word' id='word_1_144' title='bbox 3118 1003 3388 1073; x_wconf 82' lang='grc' dir='ltr'>χείρονος’</span> <span class='ocrx_word' id='word_1_145' title='bbox 3424 1001 3483 1053; x_wconf 84' lang='grc' dir='ltr'><strong>τὸ</strong></span> <span class='ocrx_word' id='word_1_146' title='bbox 3522 1001 3575 1053; x_wconf 79' lang='grc' dir='ltr'><strong>δὲ</strong></span> <span class='ocrx_word' id='word_1_147' title='bbox 3621 1001 3808 1071; x_wconf 79' lang='grc' dir='ltr'>Πνεῦμα</span> 
     </span>
    </p>
   </div>
   <div class='ocr_carea' id='block_1_22' title="bbox 2270 1090 3810 1173">
    <p class='ocr_par' dir='ltr' id='par_1_22' title="bbox 2270 1090 3810 1173">
     <span class='ocr_line' id='line_1_22' title="bbox 2270 1090 3810 1173; baseline -0.012 -13"><span class='ocrx_word' id='word_1_148' title='bbox 2270 1108 2333 1159; x_wconf 81' lang='grc' dir='ltr'><strong>τὸ</strong></span> <span class='ocrx_word' id='word_1_149' title='bbox 2370 1105 2521 1173; x_wconf 82' lang='grc' dir='ltr'>ἆγιον</span> <span class='ocrx_word' id='word_1_150' title='bbox 2557 1100 2706 1171; x_wconf 88' lang='grc' dir='ltr'>πηγὴ</span> <span class='ocrx_word' id='word_1_151' title='bbox 2740 1095 3035 1167; x_wconf 79' lang='grc' dir='ltr'>ἁγιασμοῦ.</span> <span class='ocrx_word' id='word_1_152' title='bbox 3078 1095 3187 1147; x_wconf 87' lang='lat' dir='ltr'><strong>Kal</strong></span> <span class='ocrx_word' id='word_1_153' title='bbox 3214 1094 3401 1164; x_wconf 83' lang='grc' dir='ltr'>ὥσπερ</span> <span class='ocrx_word' id='word_1_154' title='bbox 3435 1090 3589 1161; x_wconf 87' lang='grc' dir='ltr'>φύσει</span> <span class='ocrx_word' id='word_1_155' title='bbox 3623 1092 3755 1160; x_wconf 69' lang='grc' dir='ltr'>ἅγιος</span> <span class='ocrx_word' id='word_1_156' title='bbox 3787 1097 3810 1147; x_wconf 81' lang='grc' dir='ltr'><strong>ὸ</strong></span> 
     </span>
    </p>
   </div>
   <div class='ocr_carea' id='block_1_23' title="bbox 2274 1183 3810 1267">
    <p class='ocr_par' dir='ltr' id='par_1_23' title="bbox 2274 1183 3810 1267">
     <span class='ocr_line' id='line_1_23' title="bbox 2274 1183 3810 1267; baseline -0.009 -17"><span class='ocrx_word' id='word_1_157' title='bbox 2274 1197 2480 1267; x_wconf 86' lang='grc' dir='ltr'>Πατὴρ,</span> <span class='ocrx_word' id='word_1_158' title='bbox 2537 1194 2632 1248; x_wconf 68' lang='lat' dir='ltr'><strong>ital</strong></span> <span class='ocrx_word' id='word_1_159' title='bbox 2678 1190 2836 1261; x_wconf 84' lang='grc' dir='ltr'>φύσει</span> <span class='ocrx_word' id='word_1_160' title='bbox 2880 1189 3033 1255; x_wconf 82' lang='grc' dir='ltr'>ἆγιος</span> <span class='ocrx_word' id='word_1_161' title='bbox 3078 1188 3106 1239; x_wconf 97' lang='lat'><strong>6</strong></span> <span class='ocrx_word' id='word_1_162' title='bbox 3136 1186 3282 1249; x_wconf 83' lang='grc' dir='ltr'>Υίὸς,</span> <span class='ocrx_word' id='word_1_163' title='bbox 3330 1185 3471 1237; x_wconf 80' lang='grc' dir='ltr'>οὕτω</span> <span class='ocrx_word' id='word_1_164' title='bbox 3501 1183 3649 1253; x_wconf 81' lang='grc' dir='ltr'>φύσει</span> <span class='ocrx_word' id='word_1_165' title='bbox 3684 1184 3810 1252; x_wconf 76' lang='grc' dir='ltr'>ἅγιον</span> 
     </span>
    </p>
   </div>
   <div class='ocr_carea' id='block_1_24' title="bbox 2275 1275 3811 1353">
    <p class='ocr_par' dir='ltr' id='par_1_24' title="bbox 2275 1275 3811 1353">
     <span class='ocr_line' id='line_1_24' title="bbox 2275 1275 3811 1353; baseline -0.01 -9"><span class='ocrx_word' id='word_1_166' title='bbox 2275 1294 2369 1344; x_wconf 71' lang='grc' dir='ltr'><strong>καὶ</strong></span> <span class='ocrx_word' id='word_1_167' title='bbox 2432 1288 2490 1341; x_wconf 70' lang='grc' dir='ltr'>τὸ</span> <span class='ocrx_word' id='word_1_168' title='bbox 2536 1283 2760 1353; x_wconf 80' lang='grc' dir='ltr'>Πνεῦμα</span> <span class='ocrx_word' id='word_1_169' title='bbox 2809 1281 2870 1333; x_wconf 85' lang='grc' dir='ltr'><strong>τὸ</strong></span> <span class='ocrx_word' id='word_1_170' title='bbox 2931 1280 3030 1349; x_wconf 76' lang='grc' dir='ltr'><strong>τῆς</strong></span> <span class='ocrx_word' id='word_1_171' title='bbox 3075 1276 3372 1349; x_wconf 82' lang='grc' dir='ltr'>ἀληθείας’</span> <span class='ocrx_word' id='word_1_172' title='bbox 3427 1275 3506 1329; x_wconf 85' lang='grc' dir='ltr'><strong>διὸ</strong></span> <span class='ocrx_word' id='word_1_173' title='bbox 3562 1275 3648 1328; x_wconf 75' lang='grc' dir='ltr'><strong>καί</strong></span> <span class='ocrx_word' id='word_1_174' title='bbox 3692 1275 3811 1341; x_wconf 79' lang='grc' dir='ltr'>ὲξαι-</span> 
     </span>
    </p>
   </div>
   <div class='ocr_carea' id='block_1_25' title="bbox 2281 1368 3814 1451">
    <p class='ocr_par' dir='ltr' id='par_1_25' title="bbox 2281 1368 3814 1451">
     <span class='ocr_line' id='line_1_25' title="bbox 2281 1368 3814 1451; baseline -0.007 -19"><span class='ocrx_word' id='word_1_175' title='bbox 2281 1382 2436 1451; x_wconf 82' lang='grc' dir='ltr'>ρέτου</span> <span class='ocrx_word' id='word_1_176' title='bbox 2493 1379 2587 1431; x_wconf 77' lang='grc' dir='ltr'>καὶ</span> <span class='ocrx_word' id='word_1_177' title='bbox 2630 1374 2937 1443; x_wconf 74' lang='grc' dir='ltr'>ίδιαζούσης</span> <span class='ocrx_word' id='word_1_178' title='bbox 2990 1371 3089 1442; x_wconf 77' lang='grc' dir='ltr'>τῆς</span> <span class='ocrx_word' id='word_1_179' title='bbox 3144 1368 3237 1423; x_wconf 84' lang='grc' dir='ltr'><strong>τοῦ</strong></span> <span class='ocrx_word' id='word_1_180' title='bbox 3276 1369 3433 1437; x_wconf 81' lang='grc' dir='ltr'>ἁγίου</span> <span class='ocrx_word' id='word_1_181' title='bbox 3491 1368 3814 1439; x_wconf 81' lang='grc' dir='ltr'><strong>προσηγορίας</strong></span> 
     </span>
    </p>
   </div>
   <div class='ocr_carea' id='block_1_26' title="bbox 2281 1472 2529 1540">
    <p class='ocr_par' dir='ltr' id='par_1_26' title="bbox 2281 1472 2529 1540">
     <span class='ocr_line' id='line_1_26' title="bbox 2281 1472 2529 1540; baseline -0.016 -15"><span class='ocrx_word' id='word_1_182' title='bbox 2281 1472 2529 1540; x_wconf 70' lang='grc' dir='ltr'>ἡξίωται.</span> 
     </span>
    </p>
   </div>
   <div class='ocr_carea' id='block_1_27' title="bbox 2436 1637 3815 1712">
    <p class='ocr_par' dir='ltr' id='par_1_27' title="bbox 2436 1637 3815 1712">
     <span class='ocr_line' id='line_1_27' title="bbox 2436 1637 3815 1712; baseline -0.007 -13"><span class='ocrx_word' id='word_1_183' title='bbox 2436 1646 2497 1699; x_wconf 85' lang='grc' dir='ltr'><strong>Εἰ</strong></span> <span class='ocrx_word' id='word_1_184' title='bbox 2527 1639 2619 1698; x_wconf 80' lang='grc' dir='ltr'><strong>οῦν</strong></span> <span class='ocrx_word' id='word_1_185' title='bbox 2658 1642 2817 1712; x_wconf 80' lang='grc' dir='ltr'>φύσις</span> <span class='ocrx_word' id='word_1_186' title='bbox 2864 1640 3012 1711; x_wconf 78' lang='grc' dir='ltr'>αῦτῷ</span> <span class='ocrx_word' id='word_1_187' title='bbox 3064 1643 3092 1694; x_wconf 92' lang='lat'><strong>6</strong></span> <span class='ocrx_word' id='word_1_188' title='bbox 3140 1639 3414 1709; x_wconf 77' lang='grc' dir='ltr'>ἁγιασμὸς</span> <span class='ocrx_word' id='word_1_189' title='bbox 3458 1639 3616 1699; x_wconf 80' lang='grc' dir='ltr'>ἐστιν,</span> <span class='ocrx_word' id='word_1_190' title='bbox 3664 1637 3815 1709; x_wconf 68' lang='grc' dir='ltr'>ὥσπερ</span> 
     </span>
    </p>
   </div>
   <div class='ocr_carea' id='block_1_28' title="bbox 2280 1730 3816 1807">
    <p class='ocr_par' dir='ltr' id='par_1_28' title="bbox 2280 1730 3816 1807">
     <span class='ocr_line' id='line_1_28' title="bbox 2280 1730 3816 1807; baseline -0.005 -18"><span class='ocrx_word' id='word_1_191' title='bbox 2280 1736 2455 1807; x_wconf 77' lang='grc' dir='ltr'>Πατρι</span> <span class='ocrx_word' id='word_1_192' title='bbox 2493 1735 2587 1788; x_wconf 80' lang='grc' dir='ltr'><strong>καὶ</strong></span> <span class='ocrx_word' id='word_1_193' title='bbox 2612 1731 2749 1803; x_wconf 83' lang='grc' dir='ltr'>Υίῷ,</span> <span class='ocrx_word' id='word_1_194' title='bbox 2786 1731 2904 1796; x_wconf 83' lang='grc' dir='ltr'><strong>πῶς</strong></span> <span class='ocrx_word' id='word_1_195' title='bbox 2938 1730 3127 1801; x_wconf 83' lang='grc' dir='ltr'>τρίτης</span> <span class='ocrx_word' id='word_1_196' title='bbox 3303 1730 3427 1782; x_wconf 76' lang='grc' dir='ltr'>ἐστὶ</span> <span class='ocrx_word' id='word_1_197' title='bbox 3456 1731 3546 1783; x_wconf 81' lang='grc' dir='ltr'><strong>καὶ</strong></span> <span class='ocrx_word' id='word_1_198' title='bbox 3577 1730 3816 1800; x_wconf 80' lang='grc' dir='ltr'>ἀλλοτρίας</span> 
     </span>
    </p>
   </div>
   <div class='ocr_carea' id='block_1_29' title="bbox 613 1806 2185 1909">
    <p class='ocr_par' dir='ltr' id='par_1_29' title="bbox 613 1806 2181 1894">
     <span class='ocr_line' id='line_1_29' title="bbox 613 1806 2181 1894; baseline -0.004 -15"><span class='ocrx_word' id='word_1_199' title='bbox 613 1825 665 1879; x_wconf 88' lang='lat' dir='ltr'><strong>id</strong></span> <span class='ocrx_word' id='word_1_200' title='bbox 695 1826 864 1891; x_wconf 91' lang='lat' dir='ltr'><strong>enim,</strong></span> <span class='ocrx_word' id='word_1_201' title='bbox 893 1806 1106 1894; x_wconf 85' lang='lat' dir='ltr'><strong>opinor,</strong></span> <span class='ocrx_word' id='word_1_202' title='bbox 1135 1833 1190 1878; x_wconf 91' lang='lat' dir='ltr'><strong>et</strong></span> <span class='ocrx_word' id='word_1_203' title='bbox 1217 1824 1359 1892; x_wconf 85' lang='lat' dir='ltr'><strong>apud</strong></span> <span class='ocrx_word' id='word_1_204' title='bbox 1385 1821 1575 1875; x_wconf 83' lang='lat' dir='ltr'><strong>Isaiam</strong></span> <span class='ocrx_word' id='word_1_205' title='bbox 1608 1820 1774 1873; x_wconf 85' lang='lat' dir='ltr'><strong>etiam</strong></span> <span class='ocrx_word' id='word_1_206' title='bbox 1807 1819 2067 1887; x_wconf 88' lang='lat' dir='ltr'><strong>scriptum</strong></span> <span class='ocrx_word' id='word_1_207' title='bbox 2095 1824 2181 1873; x_wconf 87' lang='lat' dir='ltr'><strong>est</strong></span> 
     </span>
    </p>
   </div>
   <div class='ocr_carea' id='block_1_30' title="bbox 2276 1806 3817 1909">
    <p class='ocr_par' dir='ltr' id='par_1_30' title="bbox 2276 1806 3817 1884">
     <span class='ocr_line' id='line_1_30' title="bbox 2276 1806 3817 1884; baseline -0.003 -18"><span class='ocrx_word' id='word_1_208' title='bbox 2276 1806 2485 1884; x_wconf 71' lang='grc' dir='ltr'>φύσεως</span> <span class='ocrx_word' id='word_1_209' title='bbox 2510 1829 2524 1875; x_wconf 91' lang='lat'><strong>;</strong></span> <span class='ocrx_word' id='word_1_210' title='bbox 2551 1812 2650 1864; x_wconf 83' lang='grc' dir='ltr'>Διὰ</span> <span class='ocrx_word' id='word_1_211' title='bbox 2677 1811 2837 1864; x_wconf 85' lang='grc' dir='ltr'>τοῦτο</span> <span class='ocrx_word' id='word_1_212' title='bbox 2877 1812 3006 1882; x_wconf 80' lang='grc' dir='ltr'>γὰρ,</span> <span class='ocrx_word' id='word_1_213' title='bbox 3035 1806 3210 1881; x_wconf 82' lang='grc' dir='ltr'>οἶμαι,</span> <span class='ocrx_word' id='word_1_214' title='bbox 3240 1810 3333 1864; x_wconf 77' lang='grc' dir='ltr'><strong>καὶ</strong></span> <span class='ocrx_word' id='word_1_215' title='bbox 3371 1810 3523 1880; x_wconf 75' lang='grc' dir='ltr'>παρὰ</span> <span class='ocrx_word' id='word_1_216' title='bbox 3552 1810 3625 1879; x_wconf 85' lang='grc' dir='ltr'>τῷ</span> <span class='ocrx_word' id='word_1_217' title='bbox 3658 1811 3817 1880; x_wconf 68' lang='grc' dir='ltr'>Ἠσαίᾳ</span> 
     </span>
    </p>
   </div>
   <div class='ocr_carea' id='block_1_31' title="bbox 604 1909 2182 1984">
    <p class='ocr_par' dir='ltr' id='par_1_31' title="bbox 604 1909 2182 1984">
     <span class='ocr_line' id='line_1_31' title="bbox 604 1909 2182 1984; baseline -0.003 -14"><span class='ocrx_word' id='word_1_218' title='bbox 604 1914 891 1984; x_wconf 87' lang='lat' dir='ltr'><strong>Seraphim</strong></span> <span class='ocrx_word' id='word_1_219' title='bbox 934 1923 1019 1970; x_wconf 90' lang='lat' dir='ltr'><strong>ter</strong></span> <span class='ocrx_word' id='word_1_220' title='bbox 1054 1923 1273 1969; x_wconf 85' lang='lat' dir='ltr'><strong>sanctus</strong></span> <span class='ocrx_word' id='word_1_221' title='bbox 1312 1912 1616 1966; x_wconf 79' lang='lat' dir='ltr'><strong>exclamare</strong></span> <span class='ocrx_word' id='word_1_222' title='bbox 1642 1912 1659 1942; x_wconf 85' lang='grc'>¹</span> <span class='ocrx_word' id='word_1_223' title='bbox 1692 1949 1706 1973; x_wconf 89' lang='grc'><strong>,</strong></span> <span class='ocrx_word' id='word_1_224' title='bbox 1741 1910 1882 1979; x_wconf 91' lang='lat' dir='ltr'><strong>quod</strong></span> <span class='ocrx_word' id='word_1_225' title='bbox 1920 1909 2182 1966; x_wconf 77' lang='lat' dir='ltr'><strong>naturalis</strong></span> 
     </span>
    </p>
   </div>
   <div class='ocr_carea' id='block_1_32' title="bbox 604 2001 2182 2076">
    <p class='ocr_par' dir='ltr' id='par_1_32' title="bbox 604 2001 2182 2076">
     <span class='ocr_line' id='line_1_32' title="bbox 604 2001 2182 2076; baseline -0.003 -15"><span class='ocrx_word' id='word_1_226' title='bbox 604 2007 865 2061; x_wconf 80' lang='lat' dir='ltr'><strong>sanctitas</strong></span> <span class='ocrx_word' id='word_1_227' title='bbox 913 2007 1088 2061; x_wconf 85' lang='lat' dir='ltr'><strong>tribus</strong></span> <span class='ocrx_word' id='word_1_228' title='bbox 1144 2006 1197 2059; x_wconf 90' lang='lat' dir='ltr'><strong>in</strong></span> <span class='ocrx_word' id='word_1_229' title='bbox 1243 2005 1623 2076; x_wconf 80' lang='lat' dir='ltr'><strong>hypostasibus</strong></span> <span class='ocrx_word' id='word_1_230' title='bbox 1670 2003 2015 2074; x_wconf 86' lang='lat' dir='ltr'><strong>perspicitur.</strong></span> <span class='ocrx_word' id='word_1_231' title='bbox 2070 2001 2182 2057; x_wconf 79' lang='lat' dir='ltr'><strong>Nec</strong></span> 
     </span>
    </p>
   </div>
   <div class='ocr_carea' id='block_1_33' title="bbox 604 2096 2181 2153">
    <p class='ocr_par' dir='ltr' id='par_1_33' title="bbox 604 2096 2181 2153">
     <span class='ocr_line' id='line_1_33' title="bbox 604 2096 2181 2153; baseline -0.001 -4"><span class='ocrx_word' id='word_1_232' title='bbox 604 2111 731 2152; x_wconf 87' lang='lat' dir='ltr'><strong>vero</strong></span> <span class='ocrx_word' id='word_1_233' title='bbox 754 2098 857 2153; x_wconf 88' lang='lat' dir='ltr'><strong>hoc</strong></span> <span class='ocrx_word' id='word_1_234' title='bbox 884 2098 1200 2153; x_wconf 85' lang='lat' dir='ltr'><strong>sanctitatis</strong></span> <span class='ocrx_word' id='word_1_235' title='bbox 1235 2112 1428 2152; x_wconf 83' lang='lat' dir='ltr'><strong>nomen</strong></span> <span class='ocrx_word' id='word_1_236' title='bbox 1468 2096 1517 2150; x_wconf 89' lang='lat' dir='ltr'><strong>ci</strong></span> <span class='ocrx_word' id='word_1_237' title='bbox 1550 2096 1722 2151; x_wconf 85' lang='lat' dir='ltr'><strong>solum</strong></span> <span class='ocrx_word' id='word_1_238' title='bbox 1769 2109 2057 2150; x_wconf 88' lang='lat' dir='ltr'><strong>commune</strong></span> <span class='ocrx_word' id='word_1_239' title='bbox 2096 2103 2181 2148; x_wconf 81' lang='lat' dir='ltr'><strong>est</strong></span> 
     </span>
    </p>
   </div>
   <div class='ocr_carea' id='block_1_34' title="bbox 604 2186 2181 2258">
    <p class='ocr_par' dir='ltr' id='par_1_34' title="bbox 604 2186 2181 2258">
     <span class='ocr_line' id='line_1_34' title="bbox 604 2186 2181 2258; baseline -0.002 -16"><span class='ocrx_word' id='word_1_240' title='bbox 604 2205 727 2244; x_wconf 91' lang='lat' dir='ltr'><strong>cum</strong></span> <span class='ocrx_word' id='word_1_241' title='bbox 778 2189 941 2245; x_wconf 84' lang='lat' dir='ltr'><strong>Patre</strong></span> <span class='ocrx_word' id='word_1_242' title='bbox 975 2201 1029 2245; x_wconf 86' lang='lat' dir='ltr'><strong>et</strong></span> <span class='ocrx_word' id='word_1_243' title='bbox 1058 2189 1220 2255; x_wconf 78' lang='lat' dir='ltr'><strong>Filio,</strong></span> <span class='ocrx_word' id='word_1_244' title='bbox 1254 2189 1347 2244; x_wconf 90' lang='lat' dir='ltr'><strong>sed</strong></span> <span class='ocrx_word' id='word_1_245' title='bbox 1384 2190 1494 2258; x_wconf 89' lang='lat' dir='ltr'><strong>ipsa</strong></span> <span class='ocrx_word' id='word_1_246' title='bbox 1524 2198 1606 2242; x_wconf 84' lang='lat' dir='ltr'><strong>est</strong></span> <span class='ocrx_word' id='word_1_247' title='bbox 1635 2188 1797 2242; x_wconf 89' lang='lat' dir='ltr'><strong>etiam</strong></span> <span class='ocrx_word' id='word_1_248' title='bbox 1841 2186 2063 2254; x_wconf 87' lang='lat' dir='ltr'><strong>spiritus</strong></span> <span class='ocrx_word' id='word_1_249' title='bbox 2086 2201 2181 2254; x_wconf 88' lang='lat' dir='ltr'><strong>ap-</strong></span> 
     </span>
    </p>
   </div>
   <div class='ocr_carea' id='block_1_35' title="bbox 601 2277 2180 2347">
    <p class='ocr_par' dir='ltr' id='par_1_35' title="bbox 601 2277 2180 2347">
     <span class='ocr_line' id='line_1_35' title="bbox 601 2277 2180 2347; baseline -0.002 -17"><span class='ocrx_word' id='word_1_250' title='bbox 601 2279 841 2347; x_wconf 88' lang='lat' dir='ltr'><strong>pellatio.</strong></span> <span class='ocrx_word' id='word_1_251' title='bbox 898 2279 1038 2333; x_wconf 78' lang='lat' dir='ltr'><strong>Deus</strong></span> <span class='ocrx_word' id='word_1_252' title='bbox 1080 2279 1225 2334; x_wconf 91' lang='lat' dir='ltr'><strong>enim</strong></span> <span class='ocrx_word' id='word_1_253' title='bbox 1274 2286 1350 2331; x_wconf 80' lang='lat' dir='ltr'><strong>est</strong></span> <span class='ocrx_word' id='word_1_254' title='bbox 1394 2278 1646 2345; x_wconf 78' lang='lat' dir='ltr'><strong>spiritus;</strong></span> <span class='ocrx_word' id='word_1_255' title='bbox 1682 2284 1733 2330; x_wconf 78' lang='lat' dir='ltr'><strong>et</strong></span> <span class='ocrx_word' id='word_1_256' title='bbox 1771 2291 1856 2330; x_wconf 80' lang='lat' dir='ltr'><strong>eos</strong></span> <span class='ocrx_word' id='word_1_257' title='bbox 1886 2277 1976 2345; x_wconf 87' lang='lat' dir='ltr'><strong>qui</strong></span> <span class='ocrx_word' id='word_1_258' title='bbox 2010 2277 2180 2343; x_wconf 86' lang='lat' dir='ltr'><strong>ipsum</strong></span> 
     </span>
    </p>
   </div>
   <div class='ocr_carea' id='block_1_36' title="bbox 601 2365 2182 2439">
    <p class='ocr_par' dir='ltr' id='par_1_36' title="bbox 601 2365 2182 2439">
     <span class='ocr_line' id='line_1_36' title="bbox 601 2365 2182 2439; baseline -0.001 -17"><span class='ocrx_word' id='word_1_259' title='bbox 601 2372 850 2434; x_wconf 85' lang='lat' dir='ltr'><strong>adorant,</strong></span> <span class='ocrx_word' id='word_1_260' title='bbox 880 2375 933 2425; x_wconf 89' lang='lat' dir='ltr'><strong>in</strong></span> <span class='ocrx_word' id='word_1_261' title='bbox 960 2373 1152 2439; x_wconf 85' lang='lat' dir='ltr'><strong>spiritu</strong></span> <span class='ocrx_word' id='word_1_262' title='bbox 1180 2380 1229 2424; x_wconf 84' lang='lat' dir='ltr'><strong>et</strong></span> <span class='ocrx_word' id='word_1_263' title='bbox 1279 2370 1499 2424; x_wconf 80' lang='lat' dir='ltr'><strong>ueritate</strong></span> <span class='ocrx_word' id='word_1_264' title='bbox 1543 2369 1767 2422; x_wconf 83' lang='lat' dir='ltr'><strong>adorare</strong></span> <span class='ocrx_word' id='word_1_265' title='bbox 1801 2376 2001 2436; x_wconf 79' lang='lat' dir='ltr'><strong>Oportet</strong></span> <span class='ocrx_word' id='word_1_266' title='bbox 2049 2369 2087 2409; x_wconf 77' lang='grc' dir='ltr'><strong><em>ὀ</em></strong></span> <span class='ocrx_word' id='word_1_267' title='bbox 2116 2365 2182 2421; x_wconf 81' lang='lat' dir='ltr'><strong>Et</strong></span> 
     </span>
    </p>
   </div>
   <div class='ocr_carea' id='block_1_37' title="bbox 607 2457 2181 2549">
    <p class='ocr_par' dir='ltr' id='par_1_37' title="bbox 607 2457 2181 2549">
     <span class='ocr_line' id='line_1_37' title="bbox 607 2457 2181 2549; baseline -0.003 -35"><span class='ocrx_word' id='word_1_268' title='bbox 607 2463 866 2530; x_wconf 81' lang='lat' dir='ltr'><strong>propheta</strong></span> <span class='ocrx_word' id='word_1_269' title='bbox 891 2464 967 2517; x_wconf 84' lang='lat' dir='ltr'><strong>ait</strong></span> <span class='ocrx_word' id='word_1_270' title='bbox 993 2474 1007 2514; x_wconf 86' lang='lat'><strong>:</strong></span> <span class='ocrx_word' id='word_1_271' title='bbox 1037 2460 1270 2549; x_wconf 66' lang='lat' dir='ltr'><strong>Spiritus</strong></span> <span class='ocrx_word' id='word_1_272' title='bbox 1298 2470 1418 2514; x_wconf 89' lang='lat' dir='ltr'><strong>ante</strong></span> <span class='ocrx_word' id='word_1_273' title='bbox 1458 2459 1649 2527; x_wconf 76' lang='lat' dir='ltr'><strong>faciem</strong></span> <span class='ocrx_word' id='word_1_274' title='bbox 1682 2469 1913 2511; x_wconf 85' lang='lat' dir='ltr'><strong>nostram</strong></span> <span class='ocrx_word' id='word_1_275' title='bbox 1939 2457 2181 2511; x_wconf 76' lang='lat' dir='ltr'><strong>Christus</strong></span> 
     </span>
    </p>
   </div>
   <div class='ocr_carea' id='block_1_38' title="bbox 608 2548 2183 2617">
    <p class='ocr_par' dir='ltr' id='par_1_38' title="bbox 608 2548 2183 2617">
     <span class='ocr_line' id='line_1_38' title="bbox 608 2548 2183 2617; baseline -0.001 -14"><span class='ocrx_word' id='word_1_276' title='bbox 608 2552 886 2615; x_wconf 83' lang='lat' dir='ltr'><strong>Dominus,</strong></span> <span class='ocrx_word' id='word_1_277' title='bbox 914 2552 1004 2605; x_wconf 83' lang='lat' dir='ltr'><strong>ubi</strong></span> <span class='ocrx_word' id='word_1_278' title='bbox 1038 2548 1274 2605; x_wconf 73' lang='lat' dir='ltr'><strong>diximus</strong></span> <span class='ocrx_word' id='word_1_279' title='bbox 1305 2564 1323 2603; x_wconf 90' lang='lat'><strong><em>:</em></strong></span> <span class='ocrx_word' id='word_1_280' title='bbox 1349 2549 1417 2603; x_wconf 83' lang='lat' dir='ltr'><strong>In</strong></span> <span class='ocrx_word' id='word_1_281' title='bbox 1462 2550 1646 2603; x_wconf 86' lang='lat' dir='ltr'><strong>umbra</strong></span> <span class='ocrx_word' id='word_1_282' title='bbox 1686 2548 1892 2601; x_wconf 86' lang='lat' dir='ltr'><strong>alarum</strong></span> <span class='ocrx_word' id='word_1_283' title='bbox 1925 2549 2087 2617; x_wconf 81' lang='lat' dir='ltr'><strong>ipsius</strong></span> <span class='ocrx_word' id='word_1_284' title='bbox 2106 2548 2183 2601; x_wconf 80' lang='lat' dir='ltr'><strong>oi—</strong></span> 
     </span>
    </p>
   </div>
   <div class='ocr_carea' id='block_1_39' title="bbox 606 2638 2183 2710">
    <p class='ocr_par' dir='ltr' id='par_1_39' title="bbox 606 2638 2183 2710">
     <span class='ocr_line' id='line_1_39' title="bbox 606 2638 2183 2710; baseline 0.001 -19"><span class='ocrx_word' id='word_1_285' title='bbox 606 2656 781 2692; x_wconf 77' lang='lat' dir='ltr'><strong>vemas</strong></span> <span class='ocrx_word' id='word_1_286' title='bbox 830 2640 872 2692; x_wconf 83' lang='lat'><strong>&#39;.</strong></span> <span class='ocrx_word' id='word_1_287' title='bbox 900 2640 1041 2707; x_wconf 82' lang='lat' dir='ltr'><strong>Quin</strong></span> <span class='ocrx_word' id='word_1_288' title='bbox 1074 2650 1128 2695; x_wconf 93' lang='lat' dir='ltr'><strong>et</strong></span> <span class='ocrx_word' id='word_1_289' title='bbox 1160 2640 1454 2710; x_wconf 75' lang='lat' dir='ltr'><strong>Apostolus</strong></span> <span class='ocrx_word' id='word_1_290' title='bbox 1504 2639 1917 2709; x_wconf 81' lang='lat' dir='ltr'><strong>appellationem</strong></span> <span class='ocrx_word' id='word_1_291' title='bbox 1962 2638 2183 2706; x_wconf 87' lang='lat' dir='ltr'><strong>spiritus</strong></span> 
     </span>
    </p>
   </div>
   <div class='ocr_carea' id='block_1_40' title="bbox 607 2729 2182 2797">
    <p class='ocr_par' dir='ltr' id='par_1_40' title="bbox 607 2729 2182 2797">
     <span class='ocr_line' id='line_1_40' title="bbox 607 2729 2182 2797; baseline -0.002 -14"><span class='ocrx_word' id='word_1_292' title='bbox 607 2732 659 2783; x_wconf 91' lang='lat' dir='ltr'><strong>in</strong></span> <span class='ocrx_word' id='word_1_293' title='bbox 690 2729 973 2785; x_wconf 85' lang='lat' dir='ltr'><strong>Dominum</strong></span> <span class='ocrx_word' id='word_1_294' title='bbox 1012 2733 1293 2797; x_wconf 77' lang='lat' dir='ltr'><strong>transfert,</strong></span> <span class='ocrx_word' id='word_1_295' title='bbox 1328 2746 1450 2786; x_wconf 80' lang='lat' dir='ltr'><strong>cum</strong></span> <span class='ocrx_word' id='word_1_296' title='bbox 1490 2732 1621 2785; x_wconf 82' lang='lat' dir='ltr'><strong>dicit</strong></span> <span class='ocrx_word' id='word_1_297' title='bbox 1650 2749 1665 2784; x_wconf 90' lang='lat'><strong>:</strong></span> <span class='ocrx_word' id='word_1_298' title='bbox 1700 2730 1962 2784; x_wconf 80' lang='lat' dir='ltr'><strong>Dominus</strong></span> <span class='ocrx_word' id='word_1_299' title='bbox 2005 2741 2182 2783; x_wconf 85' lang='lat' dir='ltr'><strong>autem</strong></span> 
     </span>
    </p>
   </div>
   <div class='ocr_carea' id='block_1_41' title="bbox 606 2822 2185 2890">
    <p class='ocr_par' dir='ltr' id='par_1_41' title="bbox 606 2822 2185 2890">
     <span class='ocr_line' id='line_1_41' title="bbox 606 2822 2185 2890; baseline -0.001 -16"><span class='ocrx_word' id='word_1_300' title='bbox 606 2823 824 2889; x_wconf 77' lang='lat' dir='ltr'><strong>spiritus</strong></span> <span class='ocrx_word' id='word_1_301' title='bbox 850 2831 928 2876; x_wconf 79' lang='lat' dir='ltr'><strong>est</strong></span> <span class='ocrx_word' id='word_1_302' title='bbox 972 2824 1017 2875; x_wconf 73' lang='grc' dir='ltr'><strong>δ.</strong></span> <span class='ocrx_word' id='word_1_303' title='bbox 1049 2825 1125 2877; x_wconf 70' lang='lat' dir='ltr'><strong>Ex</strong></span> <span class='ocrx_word' id='word_1_304' title='bbox 1156 2823 1241 2878; x_wconf 86' lang='lat' dir='ltr'><strong>his</strong></span> <span class='ocrx_word' id='word_1_305' title='bbox 1269 2834 1450 2879; x_wconf 84' lang='lat' dir='ltr'><strong>autem</strong></span> <span class='ocrx_word' id='word_1_306' title='bbox 1490 2822 1711 2877; x_wconf 85' lang='lat' dir='ltr'><strong>cuilibet</strong></span> <span class='ocrx_word' id='word_1_307' title='bbox 1741 2830 2073 2890; x_wconf 90' lang='lat' dir='ltr'><strong>compertum</strong></span> <span class='ocrx_word' id='word_1_308' title='bbox 2101 2828 2185 2873; x_wconf 85' lang='lat' dir='ltr'><strong>est</strong></span> 
     </span>
    </p>
   </div>
   <div class='ocr_carea' id='block_1_42' title="bbox 608 2912 2183 2982">
    <p class='ocr_par' dir='ltr' id='par_1_42' title="bbox 608 2912 2183 2982">
     <span class='ocr_line' id='line_1_42' title="bbox 608 2912 2183 2982; baseline -0.001 -17"><span class='ocrx_word' id='word_1_309' title='bbox 608 2927 672 2967; x_wconf 89' lang='lat' dir='ltr'><strong>ac</strong></span> <span class='ocrx_word' id='word_1_310' title='bbox 703 2920 1067 2982; x_wconf 84' lang='lat' dir='ltr'><strong>perspectum,</strong></span> <span class='ocrx_word' id='word_1_311' title='bbox 1098 2928 1202 2968; x_wconf 92' lang='lat' dir='ltr'><strong>non</strong></span> <span class='ocrx_word' id='word_1_312' title='bbox 1233 2923 1362 2968; x_wconf 89' lang='lat' dir='ltr'><strong>natu</strong></span> <span class='ocrx_word' id='word_1_313' title='bbox 1376 2928 1446 2967; x_wconf 65' lang='lat' dir='ltr'><strong>ra;</strong></span> <span class='ocrx_word' id='word_1_314' title='bbox 1489 2912 1897 2978; x_wconf 86' lang='lat' dir='ltr'><strong>alienationem,</strong></span> <span class='ocrx_word' id='word_1_315' title='bbox 1928 2913 2023 2966; x_wconf 89' lang='lat' dir='ltr'><strong>sed</strong></span> <span class='ocrx_word' id='word_1_316' title='bbox 2051 2925 2183 2965; x_wconf 83' lang='lat' dir='ltr'><strong>cou-</strong></span> 
     </span>
    </p>
   </div>
   <div class='ocr_carea' id='block_1_43' title="bbox 601 3001 2187 3073">
    <p class='ocr_par' dir='ltr' id='par_1_43' title="bbox 601 3001 2187 3073">
     <span class='ocr_line' id='line_1_43' title="bbox 601 3001 2187 3073; baseline 0 -17"><span class='ocrx_word' id='word_1_317' title='bbox 601 3001 936 3070; x_wconf 76' lang='lat' dir='ltr'><strong>iunctionem</strong></span> <span class='ocrx_word' id='word_1_318' title='bbox 966 3019 1088 3058; x_wconf 85' lang='lat' dir='ltr'><strong>cum</strong></span> <span class='ocrx_word' id='word_1_319' title='bbox 1116 3003 1279 3059; x_wconf 87' lang='lat' dir='ltr'><strong>Patre</strong></span> <span class='ocrx_word' id='word_1_320' title='bbox 1305 3014 1360 3059; x_wconf 89' lang='lat' dir='ltr'><strong>et</strong></span> <span class='ocrx_word' id='word_1_321' title='bbox 1402 3003 1541 3059; x_wconf 87' lang='lat' dir='ltr'><strong>Filio</strong></span> <span class='ocrx_word' id='word_1_322' title='bbox 1577 3018 1672 3073; x_wconf 85' lang='lat' dir='ltr'><strong>per</strong></span> <span class='ocrx_word' id='word_1_323' title='bbox 1712 3004 1988 3058; x_wconf 85' lang='lat' dir='ltr'><strong>nominum</strong></span> <span class='ocrx_word' id='word_1_324' title='bbox 2036 3016 2187 3057; x_wconf 87' lang='lat' dir='ltr'><strong>com-</strong></span> 
     </span>
    </p>
   </div>
   <div class='ocr_carea' id='block_1_44' title="bbox 611 3095 2188 3152">
    <p class='ocr_par' dir='ltr' id='par_1_44' title="bbox 611 3095 2188 3152">
     <span class='ocr_line' id='line_1_44' title="bbox 611 3095 2188 3152; baseline 0.001 -4"><span class='ocrx_word' id='word_1_325' title='bbox 611 3095 1027 3152; x_wconf 87' lang='lat' dir='ltr'><strong>municationem</strong></span> <span class='ocrx_word' id='word_1_326' title='bbox 1090 3097 1530 3152; x_wconf 89' lang='lat' dir='ltr'><strong>commonstrari.</strong></span> <span class='ocrx_word' id='word_1_327' title='bbox 1581 3097 1647 3152; x_wconf 87' lang='lat' dir='ltr'><strong>Et</strong></span> <span class='ocrx_word' id='word_1_328' title='bbox 1692 3096 1835 3152; x_wconf 87' lang='lat' dir='ltr'><strong>Deus</strong></span> <span class='ocrx_word' id='word_1_329' title='bbox 1883 3096 2060 3151; x_wconf 90' lang='lat' dir='ltr'><strong>dictus</strong></span> <span class='ocrx_word' id='word_1_330' title='bbox 2101 3102 2188 3150; x_wconf 83' lang='lat' dir='ltr'><strong>est</strong></span> 
     </span>
    </p>
   </div>
   <div class='ocr_carea' id='block_1_45' title="bbox 608 3194 2248 3270">
    <p class='ocr_par' dir='ltr' id='par_1_45' title="bbox 608 3194 2248 3270">
     <span class='ocr_line' id='line_1_45' title="bbox 608 3194 2248 3270; baseline -0.001 -22"><span class='ocrx_word' id='word_1_331' title='bbox 608 3194 802 3259; x_wconf 89' lang='lat' dir='ltr'><strong>bonus,</strong></span> <span class='ocrx_word' id='word_1_332' title='bbox 834 3202 890 3249; x_wconf 87' lang='lat' dir='ltr'><strong>et.</strong></span> <span class='ocrx_word' id='word_1_333' title='bbox 918 3203 1002 3249; x_wconf 85' lang='lat' dir='ltr'><strong>est</strong></span> <span class='ocrx_word' id='word_1_334' title='bbox 1033 3211 1048 3248; x_wconf 86' lang='lat'><strong>:</strong></span> <span class='ocrx_word' id='word_1_335' title='bbox 1086 3196 1259 3252; x_wconf 88' lang='lat' dir='ltr'><strong>bonus</strong></span> <span class='ocrx_word' id='word_1_336' title='bbox 1283 3204 1463 3252; x_wconf 87' lang='lat' dir='ltr'><strong>autem</strong></span> <span class='ocrx_word' id='word_1_337' title='bbox 1487 3205 1570 3251; x_wconf 88' lang='lat' dir='ltr'><strong>est</strong></span> <span class='ocrx_word' id='word_1_338' title='bbox 1588 3204 1643 3252; x_wconf 88' lang='lat' dir='ltr'><strong>et</strong></span> <span class='ocrx_word' id='word_1_339' title='bbox 1668 3194 1907 3265; x_wconf 87' lang='lat' dir='ltr'><strong>Spiritus</strong></span> <span class='ocrx_word' id='word_1_340' title='bbox 1936 3200 2180 3256; x_wconf 86' lang='lat' dir='ltr'><strong>sanctus,</strong></span> <span class='ocrx_word' id='word_1_341' title='bbox 2207 3213 2248 3270; x_wconf 73' lang='grc' dir='ltr'>ο</span> 
     </span>
    </p>
   </div>
   <div class='ocr_carea' id='block_1_46' title="bbox 608 3285 2185 3353">
    <p class='ocr_par' dir='ltr' id='par_1_46' title="bbox 608 3285 2185 3353">
     <span class='ocr_line' id='line_1_46' title="bbox 608 3285 2185 3353; baseline -0.002 -12"><span class='ocrx_word' id='word_1_342' title='bbox 608 3286 905 3344; x_wconf 85' lang='lat' dir='ltr'><strong>bonitatem</strong></span> <span class='ocrx_word' id='word_1_343' title='bbox 936 3289 1144 3345; x_wconf 87' lang='lat' dir='ltr'><strong>habens</strong></span> <span class='ocrx_word' id='word_1_344' title='bbox 1174 3304 1280 3344; x_wconf 89' lang='lat' dir='ltr'><strong>non</strong></span> <span class='ocrx_word' id='word_1_345' title='bbox 1316 3290 1693 3353; x_wconf 78' lang='lat' dir='ltr'><strong>adventitiam,</strong></span> <span class='ocrx_word' id='word_1_346' title='bbox 1728 3289 1821 3344; x_wconf 91' lang='lat' dir='ltr'><strong>sed</strong></span> <span class='ocrx_word' id='word_1_347' title='bbox 1855 3296 2047 3341; x_wconf 89' lang='lat' dir='ltr'><strong>natura</strong></span> <span class='ocrx_word' id='word_1_348' title='bbox 2083 3285 2185 3340; x_wconf 91' lang='lat' dir='ltr'><strong>sibi</strong></span> 
     </span>
    </p>
   </div>
   <div class='ocr_carea' id='block_1_47' title="bbox 609 3378 2184 3451">
    <p class='ocr_par' dir='ltr' id='par_1_47' title="bbox 609 3378 2184 3451">
     <span class='ocr_line' id='line_1_47' title="bbox 609 3378 2184 3451; baseline -0.001 -18"><span class='ocrx_word' id='word_1_349' title='bbox 609 3379 874 3435; x_wconf 88' lang='lat' dir='ltr'><strong>innatam.</strong></span> <span class='ocrx_word' id='word_1_350' title='bbox 903 3381 1115 3451; x_wconf 80' lang='lat' dir='ltr'><strong>Alioqui</strong></span> <span class='ocrx_word' id='word_1_351' title='bbox 1145 3380 1311 3436; x_wconf 83' lang='lat' dir='ltr'><strong>fuerit</strong></span> <span class='ocrx_word' id='word_1_352' title='bbox 1352 3382 1593 3437; x_wconf 88' lang='lat' dir='ltr'><strong>omnium</strong></span> <span class='ocrx_word' id='word_1_353' title='bbox 1640 3380 2112 3442; x_wconf 87' lang='lat' dir='ltr'><strong>absurdissimum,</strong></span> <span class='ocrx_word' id='word_1_354' title='bbox 2140 3378 2184 3432; x_wconf 91' lang='lat' dir='ltr'><strong>si</strong></span> 
     </span>
    </p>
   </div>
   <div class='ocr_carea' id='block_1_48' title="bbox 609 3471 1047 3538">
    <p class='ocr_par' dir='ltr' id='par_1_48' title="bbox 609 3471 1047 3538">
     <span class='ocr_line' id='line_1_48' title="bbox 609 3471 1047 3538; baseline 0.009 -15"><span class='ocrx_word' id='word_1_355' title='bbox 609 3471 731 3538; x_wconf 89' lang='lat' dir='ltr'><strong>quis</strong></span> <span class='ocrx_word' id='word_1_356' title='bbox 754 3472 900 3526; x_wconf 88' lang='lat' dir='ltr'><strong>dicat</strong></span> <span class='ocrx_word' id='word_1_357' title='bbox 924 3488 1047 3527; x_wconf 91' lang='lat' dir='ltr'><strong>eum</strong></span> 
     </span>
    </p>
   </div>
   <div class='ocr_carea' id='block_1_49' title="bbox 610 3563 2185 3633">
    <p class='ocr_par' dir='ltr' id='par_1_49' title="bbox 610 3563 2185 3633">
     <span class='ocr_line' id='line_1_49' title="bbox 610 3563 2185 3633; baseline -0.001 -19"><span class='ocrx_word' id='word_1_358' title='bbox 610 3568 715 3615; x_wconf 84' lang='lat' dir='ltr'><strong>tem</strong></span> <span class='ocrx_word' id='word_1_359' title='bbox 777 3570 966 3617; x_wconf 86' lang='lat' dir='ltr'><strong>natura</strong></span> <span class='ocrx_word' id='word_1_360' title='bbox 1021 3578 1124 3618; x_wconf 92' lang='lat' dir='ltr'><strong>non</strong></span> <span class='ocrx_word' id='word_1_361' title='bbox 1182 3564 1405 3630; x_wconf 83' lang='lat' dir='ltr'><strong>habere,</strong></span> <span class='ocrx_word' id='word_1_362' title='bbox 1469 3565 1563 3619; x_wconf 90' lang='lat' dir='ltr'><strong>sed</strong></span> <span class='ocrx_word' id='word_1_363' title='bbox 1600 3564 1886 3633; x_wconf 88' lang='lat' dir='ltr'><strong>quamdam</strong></span> <span class='ocrx_word' id='word_1_364' title='bbox 1932 3563 2185 3631; x_wconf 74' lang='lat' dir='ltr'><strong>deinceps</strong></span> 
     </span>
    </p>
   </div>
   <div class='ocr_carea' id='block_1_50' title="bbox 609 3653 2183 3724">
    <p class='ocr_par' dir='ltr' id='par_1_50' title="bbox 609 3653 2183 3724">
     <span class='ocr_line' id='line_1_50' title="bbox 609 3653 2183 3724; baseline 0 -19"><span class='ocrx_word' id='word_1_365' title='bbox 609 3655 1104 3719; x_wconf 89' lang='lat' dir='ltr'><strong>supervenientem,</strong></span> <span class='ocrx_word' id='word_1_366' title='bbox 1136 3656 1293 3724; x_wconf 87' lang='lat' dir='ltr'><strong>eique</strong></span> <span class='ocrx_word' id='word_1_367' title='bbox 1324 3654 1625 3710; x_wconf 80' lang='lat' dir='ltr'><strong>forinsecus</strong></span> <span class='ocrx_word' id='word_1_368' title='bbox 1654 3656 2015 3709; x_wconf 85' lang='lat' dir='ltr'><strong>accedentem.</strong></span> <span class='ocrx_word' id='word_1_369' title='bbox 2045 3653 2183 3718; x_wconf 84' lang='lat' dir='ltr'><strong>Quin</strong></span> 
     </span>
    </p>
   </div>
   <div class='ocr_carea' id='block_1_51' title="bbox 610 3744 2186 3816">
    <p class='ocr_par' dir='ltr' id='par_1_51' title="bbox 610 3744 2186 3816">
     <span class='ocr_line' id='line_1_51' title="bbox 610 3744 2186 3816; baseline 0 -20"><span class='ocrx_word' id='word_1_370' title='bbox 610 3745 776 3797; x_wconf 88' lang='lat' dir='ltr'><strong>etiam</strong></span> <span class='ocrx_word' id='word_1_371' title='bbox 822 3758 944 3799; x_wconf 84' lang='lat' dir='ltr'><strong>cum</strong></span> <span class='ocrx_word' id='word_1_372' title='bbox 1001 3745 1260 3800; x_wconf 88' lang='lat' dir='ltr'><strong>Dominus</strong></span> <span class='ocrx_word' id='word_1_373' title='bbox 1298 3746 1436 3801; x_wconf 76' lang='lat' dir='ltr'><strong>dixit.</strong></span> <span class='ocrx_word' id='word_1_374' title='bbox 1467 3764 1481 3800; x_wconf 92' lang='lat'><strong>:</strong></span> <span class='ocrx_word' id='word_1_375' title='bbox 1511 3745 1624 3816; x_wconf 83' lang='lat' dir='ltr'><strong>Ego</strong></span> <span class='ocrx_word' id='word_1_376' title='bbox 1656 3745 1846 3816; x_wconf 78' lang='lat' dir='ltr'><strong>rogabo</strong></span> <span class='ocrx_word' id='word_1_377' title='bbox 1875 3744 2107 3807; x_wconf 81' lang='lat' dir='ltr'><strong>Patrem,</strong></span> <span class='ocrx_word' id='word_1_378' title='bbox 2135 3753 2186 3798; x_wconf 75' lang='lat' dir='ltr'><strong>et</strong></span> 
     </span>
    </p>
   </div>
   <div class='ocr_carea' id='block_1_52' title="bbox 608 3833 2185 3909">
    <p class='ocr_par' dir='ltr' id='par_1_52' title="bbox 608 3833 2185 3909">
     <span class='ocr_line' id='line_1_52' title="bbox 608 3833 2185 3909; baseline 0.003 -21"><span class='ocrx_word' id='word_1_379' title='bbox 608 3834 771 3888; x_wconf 82' lang='lat' dir='ltr'><strong>alium</strong></span> <span class='ocrx_word' id='word_1_380' title='bbox 813 3833 1149 3891; x_wconf 81' lang='lat' dir='ltr'><strong>Paracletum</strong></span> <span class='ocrx_word' id='word_1_381' title='bbox 1184 3839 1327 3891; x_wconf 83' lang='lat' dir='ltr'><strong>dabit</strong></span> <span class='ocrx_word' id='word_1_382' title='bbox 1375 3839 1514 3892; x_wconf 82' lang='lat' dir='ltr'><strong>vobis</strong></span> <span class='ocrx_word' id='word_1_383' title='bbox 1557 3839 1602 3907; x_wconf 86' lang='grc'>⁸,</span> <span class='ocrx_word' id='word_1_384' title='bbox 1635 3847 1690 3895; x_wconf 85' lang='grc' dir='ltr'><strong>ει</strong></span> <span class='ocrx_word' id='word_1_385' title='bbox 1732 3840 1845 3909; x_wconf 88' lang='lat' dir='ltr'><strong>ipse</strong></span> <span class='ocrx_word' id='word_1_386' title='bbox 1874 3837 2185 3892; x_wconf 85' lang='lat' dir='ltr'><strong>Paracletus</strong></span> 
     </span>
    </p>
   </div>
   <div class='ocr_carea' id='block_1_53' title="bbox 612 3930 2186 4000">
    <p class='ocr_par' dir='ltr' id='par_1_53' title="bbox 612 3930 2186 4000">
     <span class='ocr_line' id='line_1_53' title="bbox 612 3930 2186 4000; baseline 0.003 -23"><span class='ocrx_word' id='word_1_387' title='bbox 612 3938 796 3981; x_wconf 87' lang='lat' dir='ltr'><strong>noster</strong></span> <span class='ocrx_word' id='word_1_388' title='bbox 824 3942 943 3983; x_wconf 86' lang='lat' dir='ltr'><strong>esse</strong></span> <span class='ocrx_word' id='word_1_389' title='bbox 982 3930 1310 3984; x_wconf 87' lang='lat' dir='ltr'><strong>ostenditur.</strong></span> <span class='ocrx_word' id='word_1_390' title='bbox 1353 3931 1530 3997; x_wconf 86' lang='lat' dir='ltr'><strong>Quare</strong></span> <span class='ocrx_word' id='word_1_391' title='bbox 1560 3930 1815 4000; x_wconf 87' lang='lat' dir='ltr'><strong>paracleti</strong></span> <span class='ocrx_word' id='word_1_392' title='bbox 1851 3945 2063 4000; x_wconf 86' lang='lat' dir='ltr'><strong>quoque</strong></span> <span class='ocrx_word' id='word_1_393' title='bbox 2091 3944 2186 3999; x_wconf 85' lang='lat' dir='ltr'><strong>ap-</strong></span> 
     </span>
    </p>
   </div>
   <div class='ocr_carea' id='block_1_54' title="bbox 611 4016 2186 4089">
    <p class='ocr_par' dir='ltr' id='par_1_54' title="bbox 611 4016 2186 4089">
     <span class='ocr_line' id='line_1_54' title="bbox 611 4016 2186 4089; baseline 0.003 -20"><span class='ocrx_word' id='word_1_394' title='bbox 611 4016 827 4085; x_wconf 84' lang='lat' dir='ltr'><strong>pellatio</strong></span> <span class='ocrx_word' id='word_1_395' title='bbox 881 4032 986 4071; x_wconf 90' lang='lat' dir='ltr'><strong>non</strong></span> <span class='ocrx_word' id='word_1_396' title='bbox 1041 4034 1230 4087; x_wconf 80' lang='lat' dir='ltr'><strong>parum</strong></span> <span class='ocrx_word' id='word_1_397' title='bbox 1276 4023 1340 4074; x_wconf 85' lang='lat' dir='ltr'><strong>ad</strong></span> <span class='ocrx_word' id='word_1_398' title='bbox 1406 4024 1884 4076; x_wconf 85' lang='lat' dir='ltr'><strong>demonstrandam</strong></span> <span class='ocrx_word' id='word_1_399' title='bbox 1950 4021 2186 4089; x_wconf 77' lang='lat' dir='ltr'><strong>Spiritus</strong></span> 
     </span>
    </p>
   </div>
   <div class='ocr_carea' id='block_1_55' title="bbox 609 4109 2148 4179">
    <p class='ocr_par' dir='ltr' id='par_1_55' title="bbox 609 4109 2148 4179">
     <span class='ocr_line' id='line_1_55' title="bbox 609 4109 2148 4179; baseline 0.001 -16"><span class='ocrx_word' id='word_1_400' title='bbox 609 4111 778 4164; x_wconf 89' lang='lat' dir='ltr'><strong>sancti</strong></span> <span class='ocrx_word' id='word_1_401' title='bbox 811 4109 1144 4179; x_wconf 71' lang='lat' dir='ltr'><strong>maiestatem</strong></span> <span class='ocrx_word' id='word_1_402' title='bbox 1182 4111 1408 4166; x_wconf 82' lang='lat' dir='ltr'><strong>confert.</strong></span> <span class='ocrx_word' id='word_1_403' title='bbox 2145 4125 2148 4129; x_wconf 79' lang='lat'><strong><em>&#39;</em></strong></span> 
     </span>
    </p>
   </div>
   <div class='ocr_carea' id='block_1_56' title="bbox 788 4291 2187 4360">
    <p class='ocr_par' dir='ltr' id='par_1_56' title="bbox 788 4291 2187 4360">
     <span class='ocr_line' id='line_1_56' title="bbox 788 4291 2187 4360; baseline 0 -16"><span class='ocrx_word' id='word_1_404' title='bbox 788 4292 851 4343; x_wconf 76' lang='lat' dir='ltr'><strong>Et</strong></span> <span class='ocrx_word' id='word_1_405' title='bbox 906 4292 1123 4344; x_wconf 79' lang='lat' dir='ltr'><strong>nomina</strong></span> <span class='ocrx_word' id='word_1_406' title='bbox 1169 4292 1384 4357; x_wconf 78' lang='lat' dir='ltr'><strong>quidem</strong></span> <span class='ocrx_word' id='word_1_407' title='bbox 1435 4307 1554 4360; x_wconf 70' lang='lat' dir='ltr'><strong>qum</strong></span> <span class='ocrx_word' id='word_1_408' title='bbox 1596 4291 1931 4360; x_wconf 73' lang='lat' dir='ltr'><strong>maiestatem</strong></span> <span class='ocrx_word' id='word_1_409' title='bbox 1980 4301 2187 4344; x_wconf 67' lang='lat' dir='ltr'><strong>naturae</strong></span> 
     </span>
    </p>
   </div>
   <div class='ocr_carea' id='block_1_57' title="bbox 613 4381 2185 4451">
    <p class='ocr_par' dir='ltr' id='par_1_57' title="bbox 613 4381 2185 4451">
     <span class='ocr_line' id='line_1_57' title="bbox 613 4381 2185 4451; baseline 0.002 -18"><span class='ocrx_word' id='word_1_410' title='bbox 613 4382 875 4446; x_wconf 88' lang='lat' dir='ltr'><strong>iudicant,</strong></span> <span class='ocrx_word' id='word_1_411' title='bbox 908 4392 1034 4436; x_wconf 90' lang='lat' dir='ltr'><strong>sunt</strong></span> <span class='ocrx_word' id='word_1_412' title='bbox 1070 4382 1334 4448; x_wconf 84' lang='lat' dir='ltr'><strong>ejusmodi</strong></span> <span class='ocrx_word' id='word_1_413' title='bbox 1370 4384 1756 4451; x_wconf 78' lang='lat' dir='ltr'><strong>:operationes</strong></span> <span class='ocrx_word' id='word_1_414' title='bbox 1790 4397 1921 4437; x_wconf 88' lang='lat' dir='ltr'><strong>vero</strong></span> <span class='ocrx_word' id='word_1_415' title='bbox 1949 4381 2185 4451; x_wconf 88' lang='lat' dir='ltr'><strong>Spiritus</strong></span> 
     </span>
    </p>
   </div>
   <div class='ocr_carea' id='block_1_58' title="bbox 617 4472 2187 4542">
    <p class='ocr_par' dir='ltr' id='par_1_58' title="bbox 617 4472 2187 4542">
     <span class='ocr_line' id='line_1_58' title="bbox 617 4472 2187 4542; baseline 0 -16"><span class='ocrx_word' id='word_1_416' title='bbox 617 4474 786 4528; x_wconf 86' lang='lat' dir='ltr'><strong>sancti</strong></span> <span class='ocrx_word' id='word_1_417' title='bbox 836 4473 1062 4541; x_wconf 79' lang='lat' dir='ltr'><strong>quales?</strong></span> <span class='ocrx_word' id='word_1_418' title='bbox 1111 4473 1279 4526; x_wconf 79' lang='lat' dir='ltr'><strong>Verbo</strong></span> <span class='ocrx_word' id='word_1_419' title='bbox 1311 4473 1544 4540; x_wconf 84' lang='lat' dir='ltr'><strong>Domini,</strong></span> <span class='ocrx_word' id='word_1_420' title='bbox 1591 4474 1785 4542; x_wconf 87' lang='lat' dir='ltr'><strong>inquit,</strong></span> <span class='ocrx_word' id='word_1_421' title='bbox 1824 4473 1941 4527; x_wconf 77' lang='lat' dir='ltr'><strong>caeli</strong></span> <span class='ocrx_word' id='word_1_422' title='bbox 1986 4472 2187 4541; x_wconf 76' lang='lat' dir='ltr'><strong>ﬁrmati</strong></span> 
     </span>
    </p>
   </div>
   <div class='ocr_carea' id='block_1_59' title="bbox 1259 3471 2188 3542">
    <p class='ocr_par' dir='ltr' id='par_1_59' title="bbox 1259 3471 2188 3542">
     <span class='ocr_line' id='line_1_59' title="bbox 1259 3471 2188 3542; baseline -0.005 -14"><span class='ocrx_word' id='word_1_423' title='bbox 1259 3474 1351 3542; x_wconf 86' lang='lat' dir='ltr'><strong>qui</strong></span> <span class='ocrx_word' id='word_1_424' title='bbox 1381 3482 1576 3528; x_wconf 89' lang='lat' dir='ltr'><strong>natura</strong></span> <span class='ocrx_word' id='word_1_425' title='bbox 1596 3483 1818 3528; x_wconf 89' lang='lat' dir='ltr'><strong>sanctus</strong></span> <span class='ocrx_word' id='word_1_426' title='bbox 1837 3481 1940 3536; x_wconf 88' lang='lat' dir='ltr'><strong>est,</strong></span> <span class='ocrx_word' id='word_1_427' title='bbox 1977 3471 2188 3525; x_wconf 80' lang='lat' dir='ltr'><strong>bonita-</strong></span> 
     </span>
    </p>
   </div>
   <div class='ocr_carea' id='block_1_60' title="bbox 2266 1898 3811 1975">
    <p class='ocr_par' dir='ltr' id='par_1_60' title="bbox 2266 1898 3811 1975">
     <span class='ocr_line' id='line_1_60' title="bbox 2266 1898 3811 1975; baseline -0.005 -17"><span class='ocrx_word' id='word_1_428' title='bbox 2266 1910 2336 1961; x_wconf 72' lang='grc' dir='ltr'>τὰ</span> <span class='ocrx_word' id='word_1_429' title='bbox 2364 1902 2616 1975; x_wconf 71' lang='grc' dir='ltr'>Σεραφὶμ</span> <span class='ocrx_word' id='word_1_430' title='bbox 2640 1900 2822 1972; x_wconf 85' lang='grc' dir='ltr'>τρίτον</span> <span class='ocrx_word' id='word_1_431' title='bbox 2851 1900 3126 1953; x_wconf 77' lang='grc' dir='ltr'>ὲκϐοῶντα</span> <span class='ocrx_word' id='word_1_432' title='bbox 3149 1900 3209 1952; x_wconf 73' lang='grc' dir='ltr'>τὸ</span> <span class='ocrx_word' id='word_1_433' title='bbox 3233 1898 3402 1969; x_wconf 79' lang='grc' dir='ltr'>ἅγιος</span> <span class='ocrx_word' id='word_1_434' title='bbox 3424 1900 3811 1969; x_wconf 82' lang='grc' dir='ltr'>ἀναγέγραπται,</span> 
     </span>
    </p>
   </div>
   <div class='ocr_carea' id='block_1_61' title="bbox 2269 1988 3815 2065">
    <p class='ocr_par' dir='ltr' id='par_1_61' title="bbox 2269 1988 3815 2065">
     <span class='ocr_line' id='line_1_61' title="bbox 2269 1988 3815 2065; baseline -0.007 -16"><span class='ocrx_word' id='word_1_435' title='bbox 2269 1997 2350 2049; x_wconf 82' lang='grc' dir='ltr'>ὅτι</span> <span class='ocrx_word' id='word_1_436' title='bbox 2381 1996 2438 2048; x_wconf 80' lang='grc' dir='ltr'><strong>ὲν</strong></span> <span class='ocrx_word' id='word_1_437' title='bbox 2463 1993 2608 2065; x_wconf 74' lang='grc' dir='ltr'>τρισὶ</span> <span class='ocrx_word' id='word_1_438' title='bbox 2641 1994 2761 2055; x_wconf 86' lang='grc' dir='ltr'>ταῖς</span> <span class='ocrx_word' id='word_1_439' title='bbox 2781 1990 3144 2044; x_wconf 83' lang='grc' dir='ltr'>ὑποστάσεσιν</span> <span class='ocrx_word' id='word_1_440' title='bbox 3174 1991 3202 2042; x_wconf 92' lang='lat'><strong>6</strong></span> <span class='ocrx_word' id='word_1_441' title='bbox 3225 1989 3367 2043; x_wconf 80' lang='grc' dir='ltr'>κατὰ</span> <span class='ocrx_word' id='word_1_442' title='bbox 3406 1988 3564 2059; x_wconf 86' lang='grc' dir='ltr'>φύσιν</span> <span class='ocrx_word' id='word_1_443' title='bbox 3594 1989 3815 2058; x_wconf 75' lang='grc' dir='ltr'>ἁγιασμὸς</span> 
     </span>
    </p>
   </div>
   <div class='ocr_carea' id='block_1_62' title="bbox 2270 2078 3814 2157">
    <p class='ocr_par' dir='ltr' id='par_1_62' title="bbox 2270 2078 3814 2157">
     <span class='ocr_line' id='line_1_62' title="bbox 2270 2078 3814 2157; baseline -0.005 -19"><span class='ocrx_word' id='word_1_444' title='bbox 2270 2084 2573 2157; x_wconf 79' lang='grc' dir='ltr'>θεωρεῖται.</span> <span class='ocrx_word' id='word_1_445' title='bbox 2621 2082 2695 2136; x_wconf 85' lang='grc' dir='ltr'><strong>Οὐ</strong></span> <span class='ocrx_word' id='word_1_446' title='bbox 2729 2078 2889 2133; x_wconf 88' lang='grc' dir='ltr'>τοῦτο</span> <span class='ocrx_word' id='word_1_447' title='bbox 2920 2079 2976 2132; x_wconf 84' lang='grc' dir='ltr'>δὲ</span> <span class='ocrx_word' id='word_1_448' title='bbox 3004 2079 3163 2149; x_wconf 88' lang='grc' dir='ltr'>μόνον</span> <span class='ocrx_word' id='word_1_449' title='bbox 3198 2078 3347 2149; x_wconf 82' lang='grc' dir='ltr'>αὐτῷ</span> <span class='ocrx_word' id='word_1_450' title='bbox 3380 2078 3559 2131; x_wconf 81' lang='grc' dir='ltr'>κοινὸν</span> <span class='ocrx_word' id='word_1_451' title='bbox 3586 2078 3705 2150; x_wconf 81' lang='grc' dir='ltr'>πρὸς</span> <span class='ocrx_word' id='word_1_452' title='bbox 3728 2078 3814 2131; x_wconf 72' lang='grc' dir='ltr'><strong>Πι-</strong></span> 
     </span>
    </p>
   </div>
   <div class='ocr_carea' id='block_1_63' title="bbox 2266 2170 3817 2247">
    <p class='ocr_par' dir='ltr' id='par_1_63' title="bbox 2266 2170 3817 2247">
     <span class='ocr_line' id='line_1_63' title="bbox 2266 2170 3817 2247; baseline -0.005 -17"><span class='ocrx_word' id='word_1_453' title='bbox 2266 2177 2402 2247; x_wconf 72' lang='grc' dir='ltr'>τέρα</span> <span class='ocrx_word' id='word_1_454' title='bbox 2428 2175 2521 2228; x_wconf 78' lang='grc' dir='ltr'><strong>καὶ</strong></span> <span class='ocrx_word' id='word_1_455' title='bbox 2547 2173 2674 2226; x_wconf 76' lang='grc' dir='ltr'>Υίδν</span> <span class='ocrx_word' id='word_1_456' title='bbox 2702 2172 2763 2225; x_wconf 85' lang='grc' dir='ltr'><strong>τὸ</strong></span> <span class='ocrx_word' id='word_1_457' title='bbox 2791 2171 2892 2242; x_wconf 82' lang='grc' dir='ltr'>τῆς</span> <span class='ocrx_word' id='word_1_458' title='bbox 2918 2170 3227 2240; x_wconf 83' lang='grc' dir='ltr'>ἁγιωσύνης</span> <span class='ocrx_word' id='word_1_459' title='bbox 3257 2170 3456 2242; x_wconf 75' lang='grc' dir='ltr'>ὄνομα,</span> <span class='ocrx_word' id='word_1_460' title='bbox 3484 2170 3611 2224; x_wconf 76' lang='grc' dir='ltr'>ἀλλὰ</span> <span class='ocrx_word' id='word_1_461' title='bbox 3638 2170 3719 2223; x_wconf 72' lang='grc' dir='ltr'>καὶ</span> <span class='ocrx_word' id='word_1_462' title='bbox 3742 2170 3817 2221; x_wconf 76' lang='grc' dir='ltr'><strong>αὑ·</strong></span> 
     </span>
    </p>
   </div>
   <div class='ocr_carea' id='block_1_64' title="bbox 2269 2263 3816 2339">
    <p class='ocr_par' dir='ltr' id='par_1_64' title="bbox 2269 2263 3816 2339">
     <span class='ocr_line' id='line_1_64' title="bbox 2269 2263 3816 2339; baseline -0.004 -18"><span class='ocrx_word' id='word_1_463' title='bbox 2269 2270 2337 2337; x_wconf 86' lang='grc' dir='ltr'>τὴ</span> <span class='ocrx_word' id='word_1_464' title='bbox 2389 2269 2420 2339; x_wconf 81' lang='grc' dir='ltr'><strong>ἡ</strong></span> <span class='ocrx_word' id='word_1_465' title='bbox 2468 2267 2560 2320; x_wconf 87' lang='grc' dir='ltr'><strong>τοῦ</strong></span> <span class='ocrx_word' id='word_1_466' title='bbox 2615 2265 2923 2336; x_wconf 85' lang='grc' dir='ltr'>πνεύματος</span> <span class='ocrx_word' id='word_1_467' title='bbox 2983 2263 3340 2334; x_wconf 74' lang='grc' dir='ltr'>προσηγορξα.</span> <span class='ocrx_word' id='word_1_468' title='bbox 3396 2263 3632 2332; x_wconf 76' lang='grc' dir='ltr'>Πνεῦμα</span> <span class='ocrx_word' id='word_1_469' title='bbox 3666 2263 3756 2333; x_wconf 78' lang='grc' dir='ltr'>γὰρ</span> <span class='ocrx_word' id='word_1_470' title='bbox 3790 2263 3816 2315; x_wconf 86' lang='grc' dir='ltr'><em>ό</em></span> 
     </span>
    </p>
   </div>
   <div class='ocr_carea' id='block_1_65' title="bbox 2275 2354 3816 2425">
    <p class='ocr_par' dir='ltr' id='par_1_65' title="bbox 2275 2354 3816 2425">
     <span class='ocr_line' id='line_1_65' title="bbox 2275 2354 3816 2425; baseline -0.006 -11"><span class='ocrx_word' id='word_1_471' title='bbox 2275 2358 2441 2425; x_wconf 80' lang='grc' dir='ltr'>Θεὸς,</span> <span class='ocrx_word' id='word_1_472' title='bbox 2475 2359 2571 2411; x_wconf 82' lang='grc' dir='ltr'>καὶ</span> <span class='ocrx_word' id='word_1_473' title='bbox 2596 2356 2738 2422; x_wconf 82' lang='grc' dir='ltr'>τοὺς</span> <span class='ocrx_word' id='word_1_474' title='bbox 2759 2354 3257 2423; x_wconf 79' lang='grc' dir='ltr'>προσκυνοῦντας</span> <span class='ocrx_word' id='word_1_475' title='bbox 3288 2354 3484 2407; x_wconf 82' lang='grc' dir='ltr'>αὐτὸν</span> <span class='ocrx_word' id='word_1_476' title='bbox 3506 2356 3572 2407; x_wconf 87' lang='grc' dir='ltr'>ὲν</span> <span class='ocrx_word' id='word_1_477' title='bbox 3597 2354 3816 2421; x_wconf 80' lang='grc' dir='ltr'>πνεύμα-</span> 
     </span>
    </p>
   </div>
   <div class='ocr_carea' id='block_1_66' title="bbox 2272 2446 3817 2518">
    <p class='ocr_par' dir='ltr' id='par_1_66' title="bbox 2272 2446 3817 2518">
     <span class='ocr_line' id='line_1_66' title="bbox 2272 2446 3817 2518; baseline -0.005 -12"><span class='ocrx_word' id='word_1_478' title='bbox 2272 2470 2328 2506; x_wconf 89' lang='grc' dir='ltr'><strong>τι</strong></span> <span class='ocrx_word' id='word_1_479' title='bbox 2377 2451 2476 2505; x_wconf 78' lang='grc' dir='ltr'>καὶ</span> <span class='ocrx_word' id='word_1_480' title='bbox 2522 2450 2773 2518; x_wconf 77' lang='grc' dir='ltr'>ἀληθείᾳ</span> <span class='ocrx_word' id='word_1_481' title='bbox 2804 2448 2899 2501; x_wconf 86' lang='grc' dir='ltr'><strong>δεῖ</strong></span> <span class='ocrx_word' id='word_1_482' title='bbox 2935 2446 3320 2516; x_wconf 78' lang='grc' dir='ltr'>προσκυνεῖν.</span> <span class='ocrx_word' id='word_1_483' title='bbox 3358 2447 3476 2501; x_wconf 84' lang='lat' dir='ltr'><strong>Kal</strong></span> <span class='ocrx_word' id='word_1_484' title='bbox 3514 2448 3541 2499; x_wconf 93' lang='lat'><strong>6</strong></span> <span class='ocrx_word' id='word_1_485' title='bbox 3582 2446 3817 2517; x_wconf 79' lang='grc' dir='ltr'>προφήτης</span> 
     </span>
    </p>
   </div>
   <div class='ocr_carea' id='block_1_67' title="bbox 2275 2532 3819 2611">
    <p class='ocr_par' dir='ltr' id='par_1_67' title="bbox 2275 2532 3819 2611">
     <span class='ocr_line' id='line_1_67' title="bbox 2275 2532 3819 2611; baseline -0.005 -19"><span class='ocrx_word' id='word_1_486' title='bbox 2275 2540 2438 2611; x_wconf 80' lang='grc' dir='ltr'>φησί’</span> <span class='ocrx_word' id='word_1_487' title='bbox 2476 2538 2719 2604; x_wconf 77' lang='grc' dir='ltr'><strong>Πνεῦμα</strong></span> <span class='ocrx_word' id='word_1_488' title='bbox 2748 2538 2859 2605; x_wconf 82' lang='grc' dir='ltr'>πρὸ</span> <span class='ocrx_word' id='word_1_489' title='bbox 2895 2534 3220 2604; x_wconf 80' lang='grc' dir='ltr'>προσώπου</span> <span class='ocrx_word' id='word_1_490' title='bbox 3414 2534 3578 2605; x_wconf 73' lang='grc' dir='ltr'>ἡμῶν</span> <span class='ocrx_word' id='word_1_491' title='bbox 3610 2532 3819 2602; x_wconf 80' lang='grc' dir='ltr'>Χριστὸς</span> 
     </span>
    </p>
   </div>
   <div class='ocr_carea' id='block_1_68' title="bbox 2273 2625 3820 2697">
    <p class='ocr_par' dir='ltr' id='par_1_68' title="bbox 2273 2625 3820 2697">
     <span class='ocr_line' id='line_1_68' title="bbox 2273 2625 3820 2697; baseline -0.006 -11"><span class='ocrx_word' id='word_1_492' title='bbox 2273 2632 2521 2697; x_wconf 82' lang='grc' dir='ltr'>Κύριος.</span> <span class='ocrx_word' id='word_1_493' title='bbox 2554 2625 2625 2685; x_wconf 82' lang='grc' dir='ltr'>οὖ</span> <span class='ocrx_word' id='word_1_494' title='bbox 2655 2631 2935 2697; x_wconf 68' lang='grc' dir='ltr'>εἴπαμεν*</span> <span class='ocrx_word' id='word_1_495' title='bbox 2984 2628 3088 2680; x_wconf 78' lang='grc' dir='ltr'>Ἐν</span> <span class='ocrx_word' id='word_1_496' title='bbox 3112 2626 3186 2693; x_wconf 77' lang='grc' dir='ltr'>τῇ</span> <span class='ocrx_word' id='word_1_497' title='bbox 3215 2625 3363 2692; x_wconf 83' lang='grc' dir='ltr'>σκιᾷ</span> <span class='ocrx_word' id='word_1_498' title='bbox 3415 2626 3534 2679; x_wconf 84' lang='grc' dir='ltr'>τῶν</span> <span class='ocrx_word' id='word_1_499' title='bbox 3562 2625 3820 2693; x_wconf 63' lang='grc' dir='ltr'>πτερύγων</span> 
     </span>
    </p>
   </div>
   <div class='ocr_carea' id='block_1_69' title="bbox 2275 2714 3816 2790">
    <p class='ocr_par' dir='ltr' id='par_1_69' title="bbox 2275 2714 3816 2790">
     <span class='ocr_line' id='line_1_69' title="bbox 2275 2714 3816 2790; baseline -0.005 -15"><span class='ocrx_word' id='word_1_500' title='bbox 2275 2722 2459 2777; x_wconf 84' lang='grc' dir='ltr'>αὐτοῦ</span> <span class='ocrx_word' id='word_1_501' title='bbox 2495 2720 2807 2790; x_wconf 80' lang='grc' dir='ltr'>ζησόμεθα.</span> <span class='ocrx_word' id='word_1_502' title='bbox 2844 2720 2952 2773; x_wconf 75' lang='lat' dir='ltr'><strong>Kal</strong></span> <span class='ocrx_word' id='word_1_503' title='bbox 2985 2719 3014 2771; x_wconf 92' lang='lat'><strong>6</strong></span> <span class='ocrx_word' id='word_1_504' title='bbox 3053 2719 3373 2781; x_wconf 81' lang='grc' dir='ltr'>Ἀπόστολος</span> <span class='ocrx_word' id='word_1_505' title='bbox 3425 2719 3523 2789; x_wconf 81' lang='grc' dir='ltr'>τὴν</span> <span class='ocrx_word' id='word_1_506' title='bbox 3568 2717 3652 2769; x_wconf 84' lang='grc' dir='ltr'><strong>τοῦ</strong></span> <span class='ocrx_word' id='word_1_507' title='bbox 3687 2714 3816 2768; x_wconf 81' lang='grc' dir='ltr'>πνεύ-</span> 
     </span>
    </p>
   </div>
   <div class='ocr_carea' id='block_1_70' title="bbox 2280 2806 3815 2885">
    <p class='ocr_par' dir='ltr' id='par_1_70' title="bbox 2280 2806 3815 2885">
     <span class='ocr_line' id='line_1_70' title="bbox 2280 2806 3815 2885; baseline -0.007 -18"><span class='ocrx_word' id='word_1_508' title='bbox 2280 2830 2449 2885; x_wconf 85' lang='grc' dir='ltr'>ματος</span> <span class='ocrx_word' id='word_1_509' title='bbox 2477 2812 2847 2885; x_wconf 82' lang='grc' dir='ltr'>προσηγορίαν</span> <span class='ocrx_word' id='word_1_510' title='bbox 2878 2811 2971 2864; x_wconf 76' lang='grc' dir='ltr'>ὲπι</span> <span class='ocrx_word' id='word_1_511' title='bbox 3001 2810 3091 2863; x_wconf 74' lang='grc' dir='ltr'><strong>τὸν</strong></span> <span class='ocrx_word' id='word_1_512' title='bbox 3118 2810 3322 2881; x_wconf 82' lang='grc' dir='ltr'>Κύριον</span> <span class='ocrx_word' id='word_1_513' title='bbox 3351 2808 3607 2879; x_wconf 79' lang='grc' dir='ltr'>ἀναφέρει</span> <span class='ocrx_word' id='word_1_514' title='bbox 3641 2806 3815 2874; x_wconf 83' lang='grc' dir='ltr'>λέγων’</span> 
     </span>
    </p>
   </div>
   <div class='ocr_carea' id='block_1_71' title="bbox 2290 2900 3819 2973">
    <p class='ocr_par' dir='ltr' id='par_1_71' title="bbox 2290 2900 3819 2973">
     <span class='ocr_line' id='line_1_71' title="bbox 2290 2900 3819 2973; baseline -0.008 -14"><span class='ocrx_word' id='word_1_515' title='bbox 2290 2909 2351 2959; x_wconf 89' lang='lat'><strong>&#39;0</strong></span> <span class='ocrx_word' id='word_1_516' title='bbox 2373 2905 2442 2958; x_wconf 85' lang='grc' dir='ltr'><strong>δὲ</strong></span> <span class='ocrx_word' id='word_1_517' title='bbox 2464 2905 2681 2973; x_wconf 87' lang='grc' dir='ltr'>Κύριος</span> <span class='ocrx_word' id='word_1_518' title='bbox 2710 2903 2775 2957; x_wconf 83' lang='grc' dir='ltr'>τὸ</span> <span class='ocrx_word' id='word_1_519' title='bbox 2810 2902 3047 2971; x_wconf 79' lang='grc' dir='ltr'>πνεῦμά</span> <span class='ocrx_word' id='word_1_520' title='bbox 3073 2902 3263 2955; x_wconf 75' lang='grc' dir='ltr'>ἐστιν.</span> <span class='ocrx_word' id='word_1_521' title='bbox 3310 2902 3408 2954; x_wconf 87' lang='grc' dir='ltr'>Ἐκ</span> <span class='ocrx_word' id='word_1_522' title='bbox 3429 2901 3484 2954; x_wconf 85' lang='grc' dir='ltr'><strong>δὲ</strong></span> <span class='ocrx_word' id='word_1_523' title='bbox 3505 2900 3693 2954; x_wconf 79' lang='grc' dir='ltr'>τούτοιν</span> <span class='ocrx_word' id='word_1_524' title='bbox 3712 2913 3819 2950; x_wconf 82' lang='grc' dir='ltr'>παν-</span> 
     </span>
    </p>
   </div>
   <div class='ocr_carea' id='block_1_72' title="bbox 2277 2985 3819 3068">
    <p class='ocr_par' dir='ltr' id='par_1_72' title="bbox 2277 2985 3819 3068">
     <span class='ocr_line' id='line_1_72' title="bbox 2277 2985 3819 3068; baseline -0.008 -18"><span class='ocrx_word' id='word_1_525' title='bbox 2277 2998 2331 3050; x_wconf 73' lang='grc' dir='ltr'><strong>τὶ</strong></span> <span class='ocrx_word' id='word_1_526' title='bbox 2361 2997 2539 3068; x_wconf 86' lang='grc' dir='ltr'>δῆλον,</span> <span class='ocrx_word' id='word_1_527' title='bbox 2572 2996 2653 3049; x_wconf 86' lang='grc' dir='ltr'>ὅτι</span> <span class='ocrx_word' id='word_1_528' title='bbox 2678 2994 2798 3064; x_wconf 68' lang='grc' dir='ltr'>οὐχὶ</span> <span class='ocrx_word' id='word_1_529' title='bbox 2826 2992 3181 3064; x_wconf 84' lang='grc' dir='ltr'>ἀλλοτρίωσιν</span> <span class='ocrx_word' id='word_1_530' title='bbox 3350 2993 3452 3062; x_wconf 84' lang='grc' dir='ltr'><strong>τῆς</strong></span> <span class='ocrx_word' id='word_1_531' title='bbox 3480 2990 3697 3059; x_wconf 82' lang='grc' dir='ltr'>φύσεως,</span> <span class='ocrx_word' id='word_1_532' title='bbox 3726 2985 3819 3040; x_wconf 81' lang='grc' dir='ltr'>ἀλλ’</span> 
     </span>
    </p>
   </div>
   <div class='ocr_carea' id='block_1_73' title="bbox 2239 3076 3821 3158">
    <p class='ocr_par' dir='ltr' id='par_1_73' title="bbox 2239 3076 3821 3158">
     <span class='ocr_line' id='line_1_73' title="bbox 2239 3076 3821 3158; baseline -0.009 -16"><span class='ocrx_word' id='word_1_533' title='bbox 2239 3111 2243 3115; x_wconf 64' lang='grc'><strong>’</strong></span> <span class='ocrx_word' id='word_1_534' title='bbox 2278 3088 2551 3142; x_wconf 81' lang='grc' dir='ltr'>οἰκείωσιν</span> <span class='ocrx_word' id='word_1_535' title='bbox 2577 3086 2713 3158; x_wconf 86' lang='grc' dir='ltr'>πρὸς</span> <span class='ocrx_word' id='word_1_536' title='bbox 2741 3086 2831 3139; x_wconf 83' lang='grc' dir='ltr'><strong>τὸν</strong></span> <span class='ocrx_word' id='word_1_537' title='bbox 2862 3084 3082 3155; x_wconf 79' lang='grc' dir='ltr'>Πατέρα</span> <span class='ocrx_word' id='word_1_538' title='bbox 3122 3084 3216 3137; x_wconf 78' lang='grc' dir='ltr'>καὶ</span> <span class='ocrx_word' id='word_1_539' title='bbox 3251 3083 3383 3136; x_wconf 88' lang='grc' dir='ltr'>Υίὸν</span> <span class='ocrx_word' id='word_1_540' title='bbox 3410 3085 3441 3153; x_wconf 82' lang='grc' dir='ltr'><strong>ἠ</strong></span> <span class='ocrx_word' id='word_1_541' title='bbox 3478 3080 3710 3135; x_wconf 83' lang='grc' dir='ltr'>κοινωνία</span> <span class='ocrx_word' id='word_1_542' title='bbox 3734 3076 3821 3129; x_wconf 85' lang='grc' dir='ltr'><strong>τῶν</strong></span> 
     </span>
    </p>
   </div>
   <div class='ocr_carea' id='block_1_74' title="bbox 2278 3172 3818 3251">
    <p class='ocr_par' dir='ltr' id='par_1_74' title="bbox 2278 3172 3818 3251">
     <span class='ocr_line' id='line_1_74' title="bbox 2278 3172 3818 3251; baseline -0.008 -19"><span class='ocrx_word' id='word_1_543' title='bbox 2278 3179 2555 3251; x_wconf 81' lang='grc' dir='ltr'>ὀνομάτων</span> <span class='ocrx_word' id='word_1_544' title='bbox 2606 3179 2927 3249; x_wconf 83' lang='grc' dir='ltr'>παρίστησι.</span> <span class='ocrx_word' id='word_1_545' title='bbox 2980 3178 3091 3230; x_wconf 77' lang='grc' dir='ltr'><strong>Καὶ</strong></span> <span class='ocrx_word' id='word_1_546' title='bbox 3138 3176 3344 3243; x_wconf 81' lang='grc' dir='ltr'>ἀγαθὸς</span> <span class='ocrx_word' id='word_1_547' title='bbox 3388 3176 3417 3226; x_wconf 91' lang='lat'><strong>6</strong></span> <span class='ocrx_word' id='word_1_548' title='bbox 3447 3172 3572 3238; x_wconf 81' lang='grc' dir='ltr'>Θεὸς</span> <span class='ocrx_word' id='word_1_549' title='bbox 3618 3172 3818 3241; x_wconf 80' lang='grc' dir='ltr'>εἴρηται,</span> 
     </span>
    </p>
   </div>
   <div class='ocr_carea' id='block_1_75' title="bbox 2279 3260 3821 3339">
    <p class='ocr_par' dir='ltr' id='par_1_75' title="bbox 2279 3260 3821 3339">
     <span class='ocr_line' id='line_1_75' title="bbox 2279 3260 3821 3339; baseline -0.008 -14"><span class='ocrx_word' id='word_1_550' title='bbox 2279 3273 2374 3325; x_wconf 73' lang='grc' dir='ltr'>καὶ</span> <span class='ocrx_word' id='word_1_551' title='bbox 2401 3270 2548 3323; x_wconf 78' lang='grc' dir='ltr'>ἔστιν</span> <span class='ocrx_word' id='word_1_552' title='bbox 2573 3286 2585 3301; x_wconf 87' lang='grc'><strong>·</strong></span> <span class='ocrx_word' id='word_1_553' title='bbox 2622 3269 2823 3339; x_wconf 83' lang='grc' dir='ltr'>ἀγαθὸν</span> <span class='ocrx_word' id='word_1_554' title='bbox 2862 3269 2918 3321; x_wconf 81' lang='grc' dir='ltr'><strong>δὲ</strong></span> <span class='ocrx_word' id='word_1_555' title='bbox 2959 3268 3054 3320; x_wconf 73' lang='grc' dir='ltr'><strong>καὶ</strong></span> <span class='ocrx_word' id='word_1_556' title='bbox 3091 3268 3151 3319; x_wconf 86' lang='grc' dir='ltr'><strong>τὸ</strong></span> <span class='ocrx_word' id='word_1_557' title='bbox 3193 3266 3420 3336; x_wconf 84' lang='grc' dir='ltr'>Πνεῦμα</span> <span class='ocrx_word' id='word_1_558' title='bbox 3459 3266 3519 3317; x_wconf 80' lang='grc' dir='ltr'>τὸ</span> <span class='ocrx_word' id='word_1_559' title='bbox 3554 3264 3709 3331; x_wconf 81' lang='grc' dir='ltr'>ἆγιον,</span> <span class='ocrx_word' id='word_1_560' title='bbox 3738 3260 3821 3312; x_wconf 81' lang='grc' dir='ltr'>οὐκ</span> 
     </span>
    </p>
   </div>
   <div class='ocr_carea' id='block_1_76' title="bbox 2279 3353 3822 3433">
    <p class='ocr_par' dir='ltr' id='par_1_76' title="bbox 2279 3353 3822 3433">
     <span class='ocr_line' id='line_1_76' title="bbox 2279 3353 3822 3433; baseline -0.008 -17"><span class='ocrx_word' id='word_1_561' title='bbox 2279 3362 2680 3433; x_wconf 80' lang='grc' dir='ltr'>ὲπισκευαστὴν</span> <span class='ocrx_word' id='word_1_562' title='bbox 2709 3361 2832 3432; x_wconf 76' lang='grc' dir='ltr'>ἔχον</span> <span class='ocrx_word' id='word_1_563' title='bbox 2860 3360 2959 3431; x_wconf 85' lang='grc' dir='ltr'>τὴν</span> <span class='ocrx_word' id='word_1_564' title='bbox 2993 3358 3339 3429; x_wconf 80' lang='grc' dir='ltr'>ἀγαθότητα,·</span> <span class='ocrx_word' id='word_1_565' title='bbox 3385 3356 3498 3410; x_wconf 87' lang='grc' dir='ltr'>ἀλλ’</span> <span class='ocrx_word' id='word_1_566' title='bbox 3536 3358 3595 3408; x_wconf 81' lang='grc' dir='ltr'>ὲκ</span> <span class='ocrx_word' id='word_1_567' title='bbox 3640 3353 3822 3423; x_wconf 80' lang='grc' dir='ltr'>φύσεως</span> 
     </span>
    </p>
   </div>
   <div class='ocr_carea' id='block_1_77' title="bbox 2279 3444 3821 3525">
    <p class='ocr_par' dir='ltr' id='par_1_77' title="bbox 2279 3444 3821 3525">
     <span class='ocr_line' id='line_1_77' title="bbox 2279 3444 3821 3525; baseline -0.009 -18"><span class='ocrx_word' id='word_1_568' title='bbox 2279 3454 2428 3525; x_wconf 85' lang='grc' dir='ltr'>αὐτῷ</span> <span class='ocrx_word' id='word_1_569' title='bbox 2461 3455 2928 3524; x_wconf 86' lang='grc' dir='ltr'>συνυπάρχουσαν.</span> <span class='ocrx_word' id='word_1_570' title='bbox 2961 3452 3032 3503; x_wconf 86' lang='grc' dir='ltr'><strong>Ἦ</strong></span> <span class='ocrx_word' id='word_1_571' title='bbox 3067 3450 3283 3504; x_wconf 80' lang='grc' dir='ltr'>πάντων</span> <span class='ocrx_word' id='word_1_572' title='bbox 3316 3449 3385 3503; x_wconf 78' lang='grc' dir='ltr'>ἂν</span> <span class='ocrx_word' id='word_1_573' title='bbox 3409 3449 3492 3518; x_wconf 72' lang='grc' dir='ltr'><strong>εἴη</strong></span> <span class='ocrx_word' id='word_1_574' title='bbox 3521 3444 3821 3514; x_wconf 85' lang='grc' dir='ltr'>ἀλογώτατον</span> 
     </span>
    </p>
   </div>
   <div class='ocr_carea' id='block_1_78' title="bbox 2278 3534 3818 3615">
    <p class='ocr_par' dir='ltr' id='par_1_78' title="bbox 2278 3534 3818 3615">
     <span class='ocr_line' id='line_1_78' title="bbox 2278 3534 3818 3615; baseline -0.006 -16"><span class='ocrx_word' id='word_1_575' title='bbox 2278 3547 2341 3599; x_wconf 83' lang='grc' dir='ltr'><strong>τὸ</strong></span> <span class='ocrx_word' id='word_1_576' title='bbox 2365 3545 2525 3615; x_wconf 89' lang='grc' dir='ltr'>φύσει</span> <span class='ocrx_word' id='word_1_577' title='bbox 2558 3545 2712 3613; x_wconf 75' lang='grc' dir='ltr'>ἅγιον</span> <span class='ocrx_word' id='word_1_578' title='bbox 2738 3544 2810 3615; x_wconf 75' lang='grc' dir='ltr'>μὴ</span> <span class='ocrx_word' id='word_1_579' title='bbox 2841 3544 2999 3613; x_wconf 87' lang='grc' dir='ltr'>φύσει</span> <span class='ocrx_word' id='word_1_580' title='bbox 3027 3542 3204 3611; x_wconf 87' lang='grc' dir='ltr'>λέγειν</span> <span class='ocrx_word' id='word_1_581' title='bbox 3233 3542 3331 3612; x_wconf 85' lang='grc' dir='ltr'>τὴν</span> <span class='ocrx_word' id='word_1_582' title='bbox 3363 3538 3662 3610; x_wconf 80' lang='grc' dir='ltr'>ἀγαθότητα</span> <span class='ocrx_word' id='word_1_583' title='bbox 3685 3534 3818 3603; x_wconf 77' lang='grc' dir='ltr'>ἔχειν.</span> 
     </span>
    </p>
   </div>
   <div class='ocr_carea' id='block_1_79' title="bbox 2278 3622 3820 3707">
    <p class='ocr_par' dir='ltr' id='par_1_79' title="bbox 2278 3622 3820 3707">
     <span class='ocr_line' id='line_1_79' title="bbox 2278 3622 3820 3707; baseline -0.004 -17"><span class='ocrx_word' id='word_1_584' title='bbox 2278 3637 2392 3691; x_wconf 80' lang='grc' dir='ltr'>ἀλλ’</span> <span class='ocrx_word' id='word_1_585' title='bbox 2410 3639 2665 3707; x_wconf 83' lang='grc' dir='ltr'>ὲπιγεννη</span> <span class='ocrx_word' id='word_1_586' title='bbox 2675 3636 2907 3707; x_wconf 83' lang='grc' dir='ltr'>ματικὴν</span> <span class='ocrx_word' id='word_1_587' title='bbox 3077 3634 3170 3687; x_wconf 76' lang='grc' dir='ltr'>καὶ</span> <span class='ocrx_word' id='word_1_588' title='bbox 3196 3632 3395 3699; x_wconf 74' lang='grc' dir='ltr'>ἔξωθεν</span> <span class='ocrx_word' id='word_1_589' title='bbox 3419 3622 3820 3703; x_wconf 84' lang='grc' dir='ltr'>προσγεγενημέ-</span> 
     </span>
    </p>
   </div>
   <div class='ocr_carea' id='block_1_80' title="bbox 2279 3712 3822 3800">
    <p class='ocr_par' dir='ltr' id='par_1_80' title="bbox 2279 3712 3822 3800">
     <span class='ocr_line' id='line_1_80' title="bbox 2279 3712 3822 3800; baseline -0.009 -18"><span class='ocrx_word' id='word_1_590' title='bbox 2279 3745 2377 3800; x_wconf 86' lang='grc' dir='ltr'><strong>νην</strong></span> <span class='ocrx_word' id='word_1_591' title='bbox 2401 3726 2567 3797; x_wconf 83' lang='grc' dir='ltr'>αὐτῷ.</span> <span class='ocrx_word' id='word_1_592' title='bbox 2614 3728 2702 3780; x_wconf 89' lang='grc' dir='ltr'><strong>Ἐν</strong></span> <span class='ocrx_word' id='word_1_593' title='bbox 2724 3719 2768 3794; x_wconf 81' lang='grc' dir='ltr'>ᾧ</span> <span class='ocrx_word' id='word_1_594' title='bbox 2798 3726 2856 3779; x_wconf 86' lang='grc' dir='ltr'><strong>δὲ</strong></span> <span class='ocrx_word' id='word_1_595' title='bbox 2881 3721 3034 3778; x_wconf 84' lang='grc' dir='ltr'>εἶπεν</span> <span class='ocrx_word' id='word_1_596' title='bbox 3059 3725 3087 3777; x_wconf 93' lang='lat'><strong>6</strong></span> <span class='ocrx_word' id='word_1_597' title='bbox 3108 3724 3308 3793; x_wconf 81' lang='grc' dir='ltr'>Κύριος</span> <span class='ocrx_word' id='word_1_598' title='bbox 3341 3724 3444 3787; x_wconf 84' lang='grc' dir='ltr'>ὅτι,</span> <span class='ocrx_word' id='word_1_599' title='bbox 3490 3721 3622 3789; x_wconf 76' lang='grc' dir='ltr'><strong>Ἐγὼ</strong></span> <span class='ocrx_word' id='word_1_600' title='bbox 3643 3712 3822 3785; x_wconf 66' lang='lat' dir='ltr'><strong>spumi-</strong></span> 
     </span>
    </p>
   </div>
   <div class='ocr_carea' id='block_1_81' title="bbox 2279 3807 3822 3887">
    <p class='ocr_par' dir='ltr' id='par_1_81' title="bbox 2279 3807 3822 3887">
     <span class='ocr_line' id='line_1_81' title="bbox 2279 3807 3822 3887; baseline -0.01 -13"><span class='ocrx_word' id='word_1_601' title='bbox 2279 3836 2370 3876; x_wconf 90' lang='grc' dir='ltr'><strong>σω</strong></span> <span class='ocrx_word' id='word_1_602' title='bbox 2416 3820 2522 3873; x_wconf 79' lang='grc' dir='ltr'><strong>τὸν</strong></span> <span class='ocrx_word' id='word_1_603' title='bbox 2565 3818 2817 3887; x_wconf 85' lang='grc' dir='ltr'>Πατέρα,</span> <span class='ocrx_word' id='word_1_604' title='bbox 2876 3818 2973 3871; x_wconf 80' lang='grc' dir='ltr'>καὶ</span> <span class='ocrx_word' id='word_1_605' title='bbox 3008 3818 3201 3872; x_wconf 72' lang='grc' dir='ltr'>ἄλλον</span> <span class='ocrx_word' id='word_1_606' title='bbox 3246 3816 3631 3883; x_wconf 70' lang='grc' dir='ltr'>Παράκλητον</span> <span class='ocrx_word' id='word_1_607' title='bbox 3674 3807 3822 3862; x_wconf 78' lang='grc' dir='ltr'>δώσει</span> 
     </span>
    </p>
   </div>
   <div class='ocr_carea' id='block_1_82' title="bbox 2281 3902 3818 3980">
    <p class='ocr_par' dir='ltr' id='par_1_82' title="bbox 2281 3902 3818 3980">
     <span class='ocr_line' id='line_1_82' title="bbox 2281 3902 3818 3980; baseline -0.01 -16"><span class='ocrx_word' id='word_1_608' title='bbox 2281 3910 2442 3980; x_wconf 75' lang='grc' dir='ltr'>ὑμῖν,</span> <span class='ocrx_word' id='word_1_609' title='bbox 2464 3908 2558 3963; x_wconf 73' lang='grc' dir='ltr'>καὶ</span> <span class='ocrx_word' id='word_1_610' title='bbox 2583 3909 2748 3971; x_wconf 79' lang='grc' dir='ltr'>αὐτὸς</span> <span class='ocrx_word' id='word_1_611' title='bbox 2779 3904 2917 3962; x_wconf 75' lang='grc' dir='ltr'>εἷναι</span> <span class='ocrx_word' id='word_1_612' title='bbox 2946 3907 3301 3979; x_wconf 84' lang='grc' dir='ltr'>Παράκλητος</span> <span class='ocrx_word' id='word_1_613' title='bbox 3330 3905 3487 3976; x_wconf 77' lang='grc' dir='ltr'>ἡμῶν</span> <span class='ocrx_word' id='word_1_614' title='bbox 3513 3902 3818 3956; x_wconf 78' lang='grc' dir='ltr'>ἐνδείκνυται.</span> 
     </span>
    </p>
   </div>
   <div class='ocr_carea' id='block_1_83' title="bbox 2284 3990 3821 4071">
    <p class='ocr_par' dir='ltr' id='par_1_83' title="bbox 2284 3990 3821 4071">
     <span class='ocr_line' id='line_1_83' title="bbox 2284 3990 3821 4071; baseline -0.005 -18"><span class='ocrx_word' id='word_1_615' title='bbox 2284 4002 2446 4054; x_wconf 83' lang='grc' dir='ltr'>Ὥστε</span> <span class='ocrx_word' id='word_1_616' title='bbox 2491 4002 2586 4054; x_wconf 76' lang='grc' dir='ltr'><strong>καὶ</strong></span> <span class='ocrx_word' id='word_1_617' title='bbox 2615 4003 2648 4071; x_wconf 85' lang='grc' dir='ltr'>ἡ</span> <span class='ocrx_word' id='word_1_618' title='bbox 2671 4000 2764 4053; x_wconf 90' lang='grc' dir='ltr'><strong>τοῦ</strong></span> <span class='ocrx_word' id='word_1_619' title='bbox 2801 4000 3150 4071; x_wconf 79' lang='grc' dir='ltr'>παρακλήτου</span> <span class='ocrx_word' id='word_1_620' title='bbox 3192 3998 3529 4070; x_wconf 83' lang='grc' dir='ltr'>προσηγορία</span> <span class='ocrx_word' id='word_1_621' title='bbox 3568 3996 3624 4048; x_wconf 82' lang='grc' dir='ltr'><strong>οὐ</strong></span> <span class='ocrx_word' id='word_1_622' title='bbox 3661 3990 3821 4064; x_wconf 77' lang='grc' dir='ltr'>μικρὸν</span> 
     </span>
    </p>
   </div>
   <div class='ocr_carea' id='block_1_84' title="bbox 2287 4090 2733 4165">
    <p class='ocr_par' dir='ltr' id='par_1_84' title="bbox 2287 4090 2733 4165">
     <span class='ocr_line' id='line_1_84' title="bbox 2287 4090 2733 4165; baseline -0.002 -20"><span class='ocrx_word' id='word_1_623' title='bbox 2287 4094 2422 4165; x_wconf 78' lang='grc' dir='ltr'>πρὸς</span> <span class='ocrx_word' id='word_1_624' title='bbox 2457 4090 2733 4157; x_wconf 81' lang='grc' dir='ltr'>ἀπόδειξιν</span> 
     </span>
    </p>
   </div>
   <div class='ocr_carea' id='block_1_85' title="bbox 2287 4184 2552 4237">
    <p class='ocr_par' dir='ltr' id='par_1_85' title="bbox 2287 4184 2552 4237">
     <span class='ocr_line' id='line_1_85' title="bbox 2287 4184 2552 4237; baseline -0.011 0"><span class='ocrx_word' id='word_1_625' title='bbox 2287 4184 2552 4237; x_wconf 85' lang='grc' dir='ltr'>συντελεῖ.</span> 
     </span>
    </p>
   </div>
   <div class='ocr_carea' id='block_1_86' title="bbox 2445 4259 3822 4345">
    <p class='ocr_par' dir='ltr' id='par_1_86' title="bbox 2445 4259 3822 4345">
     <span class='ocr_line' id='line_1_86' title="bbox 2445 4259 3822 4345; baseline -0.013 -16"><span class='ocrx_word' id='word_1_626' title='bbox 2445 4275 2554 4329; x_wconf 82' lang='lat' dir='ltr'><strong>Kal</strong></span> <span class='ocrx_word' id='word_1_627' title='bbox 2586 4274 2653 4328; x_wconf 85' lang='grc' dir='ltr'>τὰ</span> <span class='ocrx_word' id='word_1_628' title='bbox 2681 4275 2778 4345; x_wconf 84' lang='grc' dir='ltr'><strong>μὲν</strong></span> <span class='ocrx_word' id='word_1_629' title='bbox 2805 4274 3047 4344; x_wconf 83' lang='grc' dir='ltr'>ὀνόματα</span> <span class='ocrx_word' id='word_1_630' title='bbox 3074 4269 3298 4324; x_wconf 86' lang='grc' dir='ltr'>τοιαῦτα</span> <span class='ocrx_word' id='word_1_631' title='bbox 3319 4270 3413 4323; x_wconf 92' lang='grc' dir='ltr'><strong>τοῦ</strong></span> <span class='ocrx_word' id='word_1_632' title='bbox 3448 4265 3712 4339; x_wconf 86' lang='grc' dir='ltr'>μεγαλείου</span> <span class='ocrx_word' id='word_1_633' title='bbox 3743 4259 3822 4326; x_wconf 79' lang='grc' dir='ltr'>τῆς</span> 
     </span>
    </p>
   </div>
   <div class='ocr_carea' id='block_1_87' title="bbox 2285 4348 3821 4439">
    <p class='ocr_par' dir='ltr' id='par_1_87' title="bbox 2285 4348 3821 4439">
     <span class='ocr_line' id='line_1_87' title="bbox 2285 4348 3821 4439; baseline -0.012 -16"><span class='ocrx_word' id='word_1_634' title='bbox 2285 4370 2501 4439; x_wconf 82' lang='grc' dir='ltr'>φύσεως</span> <span class='ocrx_word' id='word_1_635' title='bbox 2525 4368 2830 4421; x_wconf 85' lang='grc' dir='ltr'>ὲνδεικτικά</span> <span class='ocrx_word' id='word_1_636' title='bbox 2849 4384 2862 4397; x_wconf 77' lang='grc'><em>’</em></span> <span class='ocrx_word' id='word_1_637' title='bbox 2894 4367 2949 4419; x_wconf 87' lang='lat' dir='ltr'><strong>al</strong></span> <span class='ocrx_word' id='word_1_638' title='bbox 2980 4365 3035 4418; x_wconf 82' lang='grc' dir='ltr'>δὲ</span> <span class='ocrx_word' id='word_1_639' title='bbox 3076 4364 3347 4435; x_wconf 78' lang='grc' dir='ltr'>ἐνέργειαι</span> <span class='ocrx_word' id='word_1_640' title='bbox 3376 4361 3471 4416; x_wconf 86' lang='grc' dir='ltr'><strong>τοῦ</strong></span> <span class='ocrx_word' id='word_1_641' title='bbox 3504 4359 3650 4427; x_wconf 85' lang='grc' dir='ltr'>ἁγίου</span> <span class='ocrx_word' id='word_1_642' title='bbox 3683 4348 3821 4409; x_wconf 84' lang='grc' dir='ltr'>Πνεύ-</span> 
     </span>
    </p>
   </div>
   <div class='ocr_carea' id='block_1_88' title="bbox 2287 4443 3820 4531">
    <p class='ocr_par' dir='ltr' id='par_1_88' title="bbox 2287 4443 3820 4531">
     <span class='ocr_line' id='line_1_88' title="bbox 2287 4443 3820 4531; baseline -0.021 -1"><span class='ocrx_word' id='word_1_643' title='bbox 2287 4477 2456 4531; x_wconf 81' lang='grc' dir='ltr'>ματος</span> <span class='ocrx_word' id='word_1_644' title='bbox 2584 4454 2729 4524; x_wconf 71' lang='grc' dir='ltr'>οἵαις</span> <span class='ocrx_word' id='word_1_645' title='bbox 2762 4457 2846 4523; x_wconf 81' lang='grc' dir='ltr'><strong>Τῷ</strong></span> <span class='ocrx_word' id='word_1_646' title='bbox 2872 4459 3033 4525; x_wconf 75' lang='grc' dir='ltr'><strong>λόγῳ</strong></span> <span class='ocrx_word' id='word_1_647' title='bbox 3061 4455 3169 4510; x_wconf 82' lang='grc' dir='ltr'><strong>τοῦ</strong></span> <span class='ocrx_word' id='word_1_648' title='bbox 3197 4455 3438 4524; x_wconf 80' lang='grc' dir='ltr'>Κυρίου,</span> <span class='ocrx_word' id='word_1_649' title='bbox 3470 4451 3643 4523; x_wconf 78' lang='grc' dir='ltr'>φησιν,</span> <span class='ocrx_word' id='word_1_650' title='bbox 3669 4449 3717 4500; x_wconf 83' lang='lat' dir='ltr'><strong>ot</strong></span> <span class='ocrx_word' id='word_1_651' title='bbox 3743 4443 3820 4497; x_wconf 84' lang='grc' dir='ltr'><strong>οὐ·</strong></span> 
     </span>
    </p>
   </div>
   <div class='ocr_carea' id='block_1_89' title="bbox 2925 4082 3821 4161">
    <p class='ocr_par' dir='ltr' id='par_1_89' title="bbox 2925 4082 3821 4161">
     <span class='ocr_line' id='line_1_89' title="bbox 2925 4082 3821 4161; baseline -0.039 3"><span class='ocrx_word' id='word_1_652' title='bbox 2925 4091 3023 4161; x_wconf 67' lang='grc' dir='ltr'><strong>τῆς</strong></span> <span class='ocrx_word' id='word_1_653' title='bbox 3050 4088 3206 4159; x_wconf 81' lang='grc' dir='ltr'>δόξης</span> <span class='ocrx_word' id='word_1_654' title='bbox 3236 4086 3330 4141; x_wconf 85' lang='grc' dir='ltr'><strong>τοῦ</strong></span> <span class='ocrx_word' id='word_1_655' title='bbox 3363 4088 3517 4154; x_wconf 84' lang='grc' dir='ltr'>ἁγίου</span> <span class='ocrx_word' id='word_1_656' title='bbox 3549 4082 3821 4151; x_wconf 81' lang='grc' dir='ltr'>Πνεύματος</span> 
     </span>
    </p>
   </div>
   <div class='ocr_carea' id='block_1_90' title="bbox 611 4531 2185 4634">
    <p class='ocr_par' dir='ltr' id='par_1_90' title="bbox 611 4560 2185 4634">
     <span class='ocr_line' id='line_1_90' title="bbox 611 4560 2185 4634; baseline 0.003 -21"><span class='ocrx_word' id='word_1_657' title='bbox 611 4576 752 4625; x_wconf 82' lang='lat' dir='ltr'><strong>sunt,</strong></span> <span class='ocrx_word' id='word_1_658' title='bbox 779 4575 825 4617; x_wconf 83' lang='lat' dir='ltr'><strong>et</strong></span> <span class='ocrx_word' id='word_1_659' title='bbox 851 4562 1053 4631; x_wconf 85' lang='lat' dir='ltr'><strong>Spiritu</strong></span> <span class='ocrx_word' id='word_1_660' title='bbox 1101 4565 1205 4617; x_wconf 76' lang='lat' dir='ltr'><strong>oris</strong></span> <span class='ocrx_word' id='word_1_661' title='bbox 1253 4564 1366 4634; x_wconf 83' lang='lat' dir='ltr'><strong>ejus</strong></span> <span class='ocrx_word' id='word_1_662' title='bbox 1400 4566 1565 4618; x_wconf 88' lang='lat' dir='ltr'><strong>omnis</strong></span> <span class='ocrx_word' id='word_1_663' title='bbox 1620 4565 1780 4618; x_wconf 79' lang='lat' dir='ltr'><strong>virtus</strong></span> <span class='ocrx_word' id='word_1_664' title='bbox 1814 4580 1994 4617; x_wconf 82' lang='lat' dir='ltr'><strong>eorum</strong></span> <span class='ocrx_word' id='word_1_665' title='bbox 2036 4564 2078 4616; x_wconf 82' lang='grc'><strong>⁸.</strong></span> <span class='ocrx_word' id='word_1_666' title='bbox 2118 4560 2185 4617; x_wconf 78' lang='lat' dir='ltr'><strong>Ut</strong></span> 
     </span>
    </p>
   </div>
   <div class='ocr_carea' id='block_1_91' title="bbox 2276 4531 3819 4634">
    <p class='ocr_par' dir='ltr' id='par_1_91' title="bbox 2282 4531 3819 4634">
     <span class='ocr_line' id='line_1_91' title="bbox 2282 4531 3819 4634; baseline -0.014 -25"><span class='ocrx_word' id='word_1_667' title='bbox 2282 4555 2451 4626; x_wconf 69' lang='grc' dir='ltr'>ραν-οὶ</span> <span class='ocrx_word' id='word_1_668' title='bbox 2491 4551 2960 4621; x_wconf 79' lang='grc' dir='ltr'>ἐστερεώθησαν,</span> <span class='ocrx_word' id='word_1_669' title='bbox 3015 4546 3114 4601; x_wconf 78' lang='grc' dir='ltr'>καὶ</span> <span class='ocrx_word' id='word_1_670' title='bbox 3154 4545 3235 4611; x_wconf 83' lang='grc' dir='ltr'>τῷ</span> <span class='ocrx_word' id='word_1_671' title='bbox 3258 4546 3554 4613; x_wconf 81' lang='grc' dir='ltr'>Πνεύματι</span> <span class='ocrx_word' id='word_1_672' title='bbox 3590 4538 3684 4593; x_wconf 87' lang='grc' dir='ltr'><strong>τοῦ</strong></span> <span class='ocrx_word' id='word_1_673' title='bbox 3708 4531 3819 4634; x_wconf 46' lang='grc' dir='ltr'>στόῖ</span> 
     </span>
    </p>
   </div>
   <div class='ocr_carea' id='block_1_92' title="bbox 616 4624 2185 4717">
    <p class='ocr_par' dir='ltr' id='par_1_92' title="bbox 616 4651 2185 4715">
     <span class='ocr_line' id='line_1_92' title="bbox 616 4651 2185 4715; baseline -0.002 -9"><span class='ocrx_word' id='word_1_674' title='bbox 616 4656 774 4712; x_wconf 65' lang='lat' dir='ltr'><strong>igitur</strong></span> <span class='ocrx_word' id='word_1_675' title='bbox 816 4653 956 4708; x_wconf 83' lang='lat' dir='ltr'><strong>Dens</strong></span> <span class='ocrx_word' id='word_1_676' title='bbox 1008 4652 1241 4705; x_wconf 74' lang='lat' dir='ltr'><strong>Vt-rhum</strong></span> <span class='ocrx_word' id='word_1_677' title='bbox 1299 4662 1512 4705; x_wconf 86' lang='lat' dir='ltr'><strong>creator</strong></span> <span class='ocrx_word' id='word_1_678' title='bbox 1546 4663 1627 4704; x_wconf 84' lang='lat' dir='ltr'><strong>est</strong></span> <span class='ocrx_word' id='word_1_679' title='bbox 1673 4652 1954 4715; x_wconf 63' lang='lat' dir='ltr'><strong>malorum,</strong></span> <span class='ocrx_word' id='word_1_680' title='bbox 2010 4651 2080 4703; x_wconf 86' lang='lat' dir='ltr'><strong>ita</strong></span> <span class='ocrx_word' id='word_1_681' title='bbox 2135 4656 2185 4703; x_wconf 83' lang='grc' dir='ltr'><strong>ει</strong></span> 
     </span>
    </p>
   </div>
   <div class='ocr_carea' id='block_1_93' title="bbox 2276 4624 3818 4717">
    <p class='ocr_par' dir='ltr' id='par_1_93' title="bbox 2282 4624 3818 4717">
     <span class='ocr_line' id='line_1_93' title="bbox 2282 4624 3818 4717; baseline -0.019 -14"><span class='ocrx_word' id='word_1_682' title='bbox 2282 4663 2470 4717; x_wconf 84' lang='grc' dir='ltr'>ματος</span> <span class='ocrx_word' id='word_1_683' title='bbox 2497 4644 2680 4698; x_wconf 85' lang='grc' dir='ltr'>αὑτοῦ</span> <span class='ocrx_word' id='word_1_684' title='bbox 2711 4641 2877 4696; x_wconf 76' lang='grc' dir='ltr'>πᾶσα</span> <span class='ocrx_word' id='word_1_685' title='bbox 2915 4642 2951 4708; x_wconf 76' lang='grc' dir='ltr'><em>ἠ</em></span> <span class='ocrx_word' id='word_1_686' title='bbox 2980 4638 3229 4708; x_wconf 80' lang='grc' dir='ltr'>δύναμις</span> <span class='ocrx_word' id='word_1_687' title='bbox 3253 4635 3470 4691; x_wconf 82' lang='grc' dir='ltr'><strong>αὐτῶν.</strong></span> <span class='ocrx_word' id='word_1_688' title='bbox 3513 4634 3595 4695; x_wconf 85' lang='grc' dir='ltr'>Ὠς</span> <span class='ocrx_word' id='word_1_689' title='bbox 3620 4628 3769 4682; x_wconf 86' lang='grc' dir='ltr'>τοίνυν</span> <span class='ocrx_word' id='word_1_690' title='bbox 3798 4624 3818 4674; x_wconf 86' lang='lat'><strong>6</strong></span> 
     </span>
    </p>
   </div>
   <div class='ocr_carea' id='block_1_94' title="bbox 612 4742 2187 4814">
    <p class='ocr_par' dir='ltr' id='par_1_94' title="bbox 612 4742 2187 4814">
     <span class='ocr_line' id='line_1_94' title="bbox 612 4742 2187 4814; baseline -0.004 -15"><span class='ocrx_word' id='word_1_691' title='bbox 612 4747 844 4814; x_wconf 79' lang='lat' dir='ltr'><strong>Spiritus</strong></span> <span class='ocrx_word' id='word_1_692' title='bbox 870 4755 1091 4797; x_wconf 76' lang='lat' dir='ltr'><strong>sanctus</strong></span> <span class='ocrx_word' id='word_1_693' title='bbox 1121 4742 1371 4796; x_wconf 84' lang='lat' dir='ltr'><strong>stabilem</strong></span> <span class='ocrx_word' id='word_1_694' title='bbox 1414 4757 1477 4795; x_wconf 88' lang='lat' dir='ltr'><strong>ac</strong></span> <span class='ocrx_word' id='word_1_695' title='bbox 1508 4744 1716 4794; x_wconf 87' lang='lat' dir='ltr'><strong>tirmam</strong></span> <span class='ocrx_word' id='word_1_696' title='bbox 1752 4742 2002 4794; x_wconf 83' lang='lat' dir='ltr'><strong>virtutem</strong></span> <span class='ocrx_word' id='word_1_697' title='bbox 2036 4750 2187 4808; x_wconf 81' lang='lat' dir='ltr'><strong>pote-</strong></span> 
     </span>
    </p>
   </div>
   <div class='ocr_carea' id='block_1_95' title="bbox 612 4826 2187 4901">
    <p class='ocr_par' dir='ltr' id='par_1_95' title="bbox 612 4826 2187 4901">
     <span class='ocr_line' id='line_1_95' title="bbox 612 4826 2187 4901; baseline -0.008 -10"><span class='ocrx_word' id='word_1_698' title='bbox 612 4837 840 4891; x_wconf 84' lang='lat' dir='ltr'><strong>statibus</strong></span> <span class='ocrx_word' id='word_1_699' title='bbox 874 4832 1190 4889; x_wconf 66' lang='lat' dir='ltr'><strong>cmtastibus</strong></span> <span class='ocrx_word' id='word_1_700' title='bbox 1234 4832 1494 4901; x_wconf 89' lang='lat' dir='ltr'><strong>impertit.</strong></span> <span class='ocrx_word' id='word_1_701' title='bbox 1530 4830 1596 4884; x_wconf 88' lang='lat' dir='ltr'><strong>Et</strong></span> <span class='ocrx_word' id='word_1_702' title='bbox 1623 4846 1809 4893; x_wconf 78' lang='lat' dir='ltr'><strong>rursus</strong></span> <span class='ocrx_word' id='word_1_703' title='bbox 1838 4829 1940 4883; x_wconf 82' lang='lat' dir='ltr'><strong>Job</strong></span> <span class='ocrx_word' id='word_1_704' title='bbox 1969 4847 1983 4884; x_wconf 88' lang='lat'><strong>:</strong></span> <span class='ocrx_word' id='word_1_705' title='bbox 2019 4826 2187 4893; x_wconf 85' lang='lat' dir='ltr'><strong>Spiri-</strong></span> 
     </span>
    </p>
   </div>
   <div class='ocr_carea' id='block_1_96' title="bbox 613 4923 2228 4995">
    <p class='ocr_par' dir='ltr' id='par_1_96' title="bbox 613 4923 2228 4995">
     <span class='ocr_line' id='line_1_96' title="bbox 613 4923 2228 4995; baseline -0.003 -13"><span class='ocrx_word' id='word_1_706' title='bbox 613 4941 694 4982; x_wconf 85' lang='lat' dir='ltr'><strong>tus</strong></span> <span class='ocrx_word' id='word_1_707' title='bbox 738 4927 970 4990; x_wconf 80' lang='lat' dir='ltr'><strong>Domini,</strong></span> <span class='ocrx_word' id='word_1_708' title='bbox 1018 4926 1109 4995; x_wconf 81' lang='lat' dir='ltr'><strong>qui</strong></span> <span class='ocrx_word' id='word_1_709' title='bbox 1148 4924 1269 4993; x_wconf 76' lang='lat' dir='ltr'><strong>fecit</strong></span> <span class='ocrx_word' id='word_1_710' title='bbox 1310 4940 1390 4978; x_wconf 86' lang='lat' dir='ltr'><strong>me</strong></span> <span class='ocrx_word' id='word_1_711' title='bbox 1424 4928 1443 4959; x_wconf 88' lang='grc'><strong>⁷</strong></span> <span class='ocrx_word' id='word_1_712' title='bbox 1481 4941 1493 4976; x_wconf 93' lang='lat'><strong>:</strong></span> <span class='ocrx_word' id='word_1_713' title='bbox 1525 4939 1633 4977; x_wconf 89' lang='lat' dir='ltr'><strong>non</strong></span> <span class='ocrx_word' id='word_1_714' title='bbox 1677 4924 1745 4978; x_wconf 92' lang='lat' dir='ltr'><strong>de</strong></span> <span class='ocrx_word' id='word_1_715' title='bbox 1785 4923 2077 4987; x_wconf 86' lang='lat' dir='ltr'><strong>creatione,</strong></span> <span class='ocrx_word' id='word_1_716' title='bbox 2130 4929 2188 4975; x_wconf 90' lang='lat' dir='ltr'><strong>ut</strong></span> <span class='ocrx_word' id='word_1_717' title='bbox 2214 4958 2228 4977; x_wconf 66' lang='grc' dir='ltr'><strong>ς</strong></span> 
     </span>
    </p>
   </div>
   <div class='ocr_carea' id='block_1_97' title="bbox 613 5015 2183 5085">
    <p class='ocr_par' dir='ltr' id='par_1_97' title="bbox 613 5015 2183 5085">
     <span class='ocr_line' id='line_1_97' title="bbox 613 5015 2183 5085; baseline -0.002 -14"><span class='ocrx_word' id='word_1_718' title='bbox 613 5021 870 5084; x_wconf 81' lang='lat' dir='ltr'><strong>arbitror,</strong></span> <span class='ocrx_word' id='word_1_719' title='bbox 910 5021 1004 5071; x_wconf 90' lang='lat' dir='ltr'><strong>sed</strong></span> <span class='ocrx_word' id='word_1_720' title='bbox 1042 5020 1107 5071; x_wconf 90' lang='lat' dir='ltr'><strong>de</strong></span> <span class='ocrx_word' id='word_1_721' title='bbox 1144 5018 1393 5071; x_wconf 75' lang='lat' dir='ltr'><strong>humana:</strong></span> <span class='ocrx_word' id='word_1_722' title='bbox 1439 5016 1656 5070; x_wconf 86' lang='lat' dir='ltr'><strong>virtutis</strong></span> <span class='ocrx_word' id='word_1_723' title='bbox 1700 5015 2032 5085; x_wconf 74' lang='lat' dir='ltr'><strong>perfeCtione</strong></span> <span class='ocrx_word' id='word_1_724' title='bbox 2073 5016 2183 5069; x_wconf 72' lang='lat' dir='ltr'><strong>dis~</strong></span> 
     </span>
    </p>
   </div>
   <div class='ocr_carea' id='block_1_98' title="bbox 614 5108 2189 5177">
    <p class='ocr_par' dir='ltr' id='par_1_98' title="bbox 614 5108 2189 5177">
     <span class='ocr_line' id='line_1_98' title="bbox 614 5108 2189 5177; baseline -0.006 -8"><span class='ocrx_word' id='word_1_725' title='bbox 614 5128 819 5169; x_wconf 82' lang='lat' dir='ltr'><strong>serens.</strong></span> <span class='ocrx_word' id='word_1_726' title='bbox 855 5110 994 5176; x_wconf 84' lang='lat' dir='ltr'><strong>Quin</strong></span> <span class='ocrx_word' id='word_1_727' title='bbox 1032 5112 1192 5163; x_wconf 81' lang='lat' dir='ltr'><strong>etiam</strong></span> <span class='ocrx_word' id='word_1_728' title='bbox 1232 5112 1453 5177; x_wconf 76' lang='lat' dir='ltr'><strong>Ioluens</strong></span> <span class='ocrx_word' id='word_1_729' title='bbox 1497 5110 1660 5164; x_wconf 88' lang='lat' dir='ltr'><strong>Isaias</strong></span> <span class='ocrx_word' id='word_1_730' title='bbox 1693 5124 1759 5163; x_wconf 82' lang='lat' dir='ltr'><strong>ex</strong></span> <span class='ocrx_word' id='word_1_731' title='bbox 1796 5108 2008 5162; x_wconf 83' lang='lat' dir='ltr'><strong>Domini</strong></span> <span class='ocrx_word' id='word_1_732' title='bbox 2063 5122 2189 5176; x_wconf 88' lang='lat' dir='ltr'><strong>per-</strong></span> 
     </span>
    </p>
   </div>
   <div class='ocr_carea' id='block_1_99' title="bbox 615 5199 2188 5268">
    <p class='ocr_par' dir='ltr' id='par_1_99' title="bbox 615 5199 2188 5268">
     <span class='ocr_line' id='line_1_99' title="bbox 615 5199 2188 5268; baseline -0.006 -9"><span class='ocrx_word' id='word_1_733' title='bbox 615 5220 766 5263; x_wconf 85' lang='lat' dir='ltr'><strong>sona.</strong></span> <span class='ocrx_word' id='word_1_734' title='bbox 810 5203 1059 5255; x_wconf 73' lang='lat' dir='ltr'><strong>videlicet</strong></span> <span class='ocrx_word' id='word_1_735' title='bbox 1089 5204 1381 5253; x_wconf 87' lang='lat' dir='ltr'><strong>secundum</strong></span> <span class='ocrx_word' id='word_1_736' title='bbox 1411 5202 1526 5268; x_wconf 80' lang='lat' dir='ltr'><strong>ejus</strong></span> <span class='ocrx_word' id='word_1_737' title='bbox 1554 5202 1940 5255; x_wconf 86' lang='lat' dir='ltr'><strong>humanitatem</strong></span> <span class='ocrx_word' id='word_1_738' title='bbox 1965 5215 1975 5249; x_wconf 93' lang='lat'>:</span> <span class='ocrx_word' id='word_1_739' title='bbox 2006 5199 2188 5252; x_wconf 80' lang='lat' dir='ltr'><strong>Domi—</strong></span> 
     </span>
    </p>
   </div>
   <div class='ocr_carea' id='block_1_100' title="bbox 617 5289 2187 5364">
    <p class='ocr_par' dir='ltr' id='par_1_100' title="bbox 617 5289 2187 5364">
     <span class='ocr_line' id='line_1_100' title="bbox 617 5289 2187 5364; baseline -0.006 -14"><span class='ocrx_word' id='word_1_740' title='bbox 617 5294 735 5362; x_wconf 82' lang='lat' dir='ltr'><strong>nus,</strong></span> <span class='ocrx_word' id='word_1_741' title='bbox 772 5292 966 5364; x_wconf 88' lang='lat' dir='ltr'><strong>inquit,</strong></span> <span class='ocrx_word' id='word_1_742' title='bbox 1005 5292 1145 5345; x_wconf 85' lang='lat' dir='ltr'><strong>misit</strong></span> <span class='ocrx_word' id='word_1_743' title='bbox 1179 5308 1276 5354; x_wconf 79' lang='lat' dir='ltr'><strong>me,</strong></span> <span class='ocrx_word' id='word_1_744' title='bbox 1311 5303 1357 5343; x_wconf 81' lang='lat' dir='ltr'><strong>et</strong></span> <span class='ocrx_word' id='word_1_745' title='bbox 1390 5290 1618 5359; x_wconf 78' lang='lat' dir='ltr'><strong>Spiritus</strong></span> <span class='ocrx_word' id='word_1_746' title='bbox 1650 5293 1762 5359; x_wconf 80' lang='lat' dir='ltr'><strong>ejus</strong></span> <span class='ocrx_word' id='word_1_747' title='bbox 1810 5289 1852 5345; x_wconf 84' lang='lat'><strong>&#39;.</strong></span> <span class='ocrx_word' id='word_1_748' title='bbox 1884 5290 1951 5343; x_wconf 85' lang='lat' dir='ltr'><strong>Et</strong></span> <span class='ocrx_word' id='word_1_749' title='bbox 1974 5305 2187 5342; x_wconf 86' lang='lat' dir='ltr'><strong>rursum</strong></span> 
     </span>
    </p>
   </div>
   <div class='ocr_carea' id='block_1_101' title="bbox 617 5381 2190 5455">
    <p class='ocr_par' dir='ltr' id='par_1_101' title="bbox 617 5381 2190 5455">
     <span class='ocr_line' id='line_1_101' title="bbox 617 5381 2190 5455; baseline -0.006 -13"><span class='ocrx_word' id='word_1_750' title='bbox 617 5388 855 5455; x_wconf 87' lang='lat' dir='ltr'><strong>Spiritus</strong></span> <span class='ocrx_word' id='word_1_751' title='bbox 917 5385 1175 5437; x_wconf 79' lang='lat' dir='ltr'><strong>virtutem</strong></span> <span class='ocrx_word' id='word_1_752' title='bbox 1241 5383 1487 5435; x_wconf 84' lang='lat' dir='ltr'><strong>universa</strong></span> <span class='ocrx_word' id='word_1_753' title='bbox 1548 5382 1849 5450; x_wconf 86' lang='lat' dir='ltr'><strong>pervasisse</strong></span> <span class='ocrx_word' id='word_1_754' title='bbox 1911 5381 2190 5434; x_wconf 84' lang='lat' dir='ltr'><strong>declarans</strong></span> 
     </span>
    </p>
   </div>
   <div class='ocr_carea' id='block_1_102' title="bbox 618 5472 2188 5550">
    <p class='ocr_par' dir='ltr' id='par_1_102' title="bbox 618 5472 2188 5550">
     <span class='ocr_line' id='line_1_102' title="bbox 618 5472 2188 5550; baseline -0.008 -15"><span class='ocrx_word' id='word_1_755' title='bbox 618 5480 900 5550; x_wconf 84' lang='lat' dir='ltr'><strong>psalmus:</strong></span> <span class='ocrx_word' id='word_1_756' title='bbox 930 5475 1046 5541; x_wconf 80' lang='lat' dir='ltr'><strong>Quo</strong></span> <span class='ocrx_word' id='word_1_757' title='bbox 1095 5475 1199 5536; x_wconf 83' lang='lat' dir='ltr'><strong>ibo,</strong></span> <span class='ocrx_word' id='word_1_758' title='bbox 1240 5474 1431 5539; x_wconf 83' lang='lat' dir='ltr'><strong>inquit,</strong></span> <span class='ocrx_word' id='word_1_759' title='bbox 1467 5493 1496 5525; x_wconf 81' lang='grc' dir='ltr'>(ι</span> <span class='ocrx_word' id='word_1_760' title='bbox 1545 5472 1742 5541; x_wconf 72' lang='lat' dir='ltr'><strong>Spiritu</strong></span> <span class='ocrx_word' id='word_1_761' title='bbox 1802 5483 1913 5538; x_wconf 89' lang='lat' dir='ltr'><strong>tuo,</strong></span> <span class='ocrx_word' id='word_1_762' title='bbox 1953 5482 1998 5525; x_wconf 89' lang='lat' dir='ltr'><strong>et</strong></span> <span class='ocrx_word' id='word_1_763' title='bbox 2030 5488 2133 5535; x_wconf 87' lang='lat' dir='ltr'><strong>quo</strong></span> <span class='ocrx_word' id='word_1_764' title='bbox 2160 5488 2188 5523; x_wconf 81' lang='grc' dir='ltr'><strong>α</strong></span> 
     </span>
    </p>
   </div>
   <div class='ocr_carea' id='block_1_103' title="bbox 621 5562 2191 5639">
    <p class='ocr_par' dir='ltr' id='par_1_103' title="bbox 621 5562 2191 5639">
     <span class='ocr_line' id='line_1_103' title="bbox 621 5562 2191 5639; baseline -0.007 -15"><span class='ocrx_word' id='word_1_765' title='bbox 621 5571 754 5639; x_wconf 78' lang='lat' dir='ltr'><strong>{acie</strong></span> <span class='ocrx_word' id='word_1_766' title='bbox 796 5579 886 5621; x_wconf 82' lang='lat' dir='ltr'><strong>tua</strong></span> <span class='ocrx_word' id='word_1_767' title='bbox 928 5566 1127 5635; x_wconf 75' lang='lat' dir='ltr'><strong>fugiant</strong></span> <span class='ocrx_word' id='word_1_768' title='bbox 1169 5562 1228 5615; x_wconf 71' lang='grc' dir='ltr'><strong>οἳ</strong></span> <span class='ocrx_word' id='word_1_769' title='bbox 1258 5562 1632 5615; x_wconf 67' lang='lat' dir='ltr'><strong>Bona-licentia:</strong></span> <span class='ocrx_word' id='word_1_770' title='bbox 1661 5572 1840 5616; x_wconf 84' lang='lat' dir='ltr'><strong>autem</strong></span> <span class='ocrx_word' id='word_1_771' title='bbox 1886 5577 2004 5630; x_wconf 77' lang='lat' dir='ltr'><strong>qua:</strong></span> <span class='ocrx_word' id='word_1_772' title='bbox 2036 5563 2102 5616; x_wconf 77' lang='lat' dir='ltr'><strong>al)</strong></span> <span class='ocrx_word' id='word_1_773' title='bbox 2129 5575 2191 5613; x_wconf 79' lang='lat' dir='ltr'><strong>eo</strong></span> 
     </span>
    </p>
   </div>
   <div class='ocr_carea' id='block_1_104' title="bbox 2285 4713 3820 4805">
    <p class='ocr_par' dir='ltr' id='par_1_104' title="bbox 2285 4713 3820 4805">
     <span class='ocr_line' id='line_1_104' title="bbox 2285 4713 3820 4805; baseline -0.015 -13"><span class='ocrx_word' id='word_1_774' title='bbox 2285 4713 2417 4801; x_wconf 80' lang='grc' dir='ltr'>Θεὸς</span> <span class='ocrx_word' id='word_1_775' title='bbox 2451 4738 2623 4805; x_wconf 82' lang='grc' dir='ltr'>Λόγος</span> <span class='ocrx_word' id='word_1_776' title='bbox 2653 4732 2982 4805; x_wconf 81' lang='grc' dir='ltr'>δημιουργός</span> <span class='ocrx_word' id='word_1_777' title='bbox 3014 4734 3130 4784; x_wconf 77' lang='grc' dir='ltr'>ἐστι</span> <span class='ocrx_word' id='word_1_778' title='bbox 3165 4728 3272 4783; x_wconf 82' lang='grc' dir='ltr'>τῶν</span> <span class='ocrx_word' id='word_1_779' title='bbox 3306 4726 3567 4800; x_wconf 80' lang='grc' dir='ltr'>οὐρανῶν,</span> <span class='ocrx_word' id='word_1_780' title='bbox 3600 4720 3725 4775; x_wconf 76' lang='grc' dir='ltr'>οὕτω</span> <span class='ocrx_word' id='word_1_781' title='bbox 3749 4713 3820 4767; x_wconf 73' lang='grc' dir='ltr'>καὶ</span> 
     </span>
    </p>
   </div>
   <div class='ocr_carea' id='block_1_105' title="bbox 2286 4811 3820 4900">
    <p class='ocr_par' dir='ltr' id='par_1_105' title="bbox 2286 4811 3820 4900">
     <span class='ocr_line' id='line_1_105' title="bbox 2286 4811 3820 4900; baseline -0.016 -13"><span class='ocrx_word' id='word_1_782' title='bbox 2286 4831 2346 4886; x_wconf 81' lang='grc' dir='ltr'><strong>τὸ</strong></span> <span class='ocrx_word' id='word_1_783' title='bbox 2383 4830 2606 4900; x_wconf 82' lang='grc' dir='ltr'>Πνεῦμα</span> <span class='ocrx_word' id='word_1_784' title='bbox 2641 4828 2700 4881; x_wconf 75' lang='grc' dir='ltr'><strong>τὸ</strong></span> <span class='ocrx_word' id='word_1_785' title='bbox 2732 4828 2885 4895; x_wconf 80' lang='grc' dir='ltr'>ἆγιον</span> <span class='ocrx_word' id='word_1_786' title='bbox 2912 4826 2974 4878; x_wconf 86' lang='grc' dir='ltr'>τὸ</span> <span class='ocrx_word' id='word_1_787' title='bbox 3007 4824 3222 4895; x_wconf 80' lang='grc' dir='ltr'>στερεὸν</span> <span class='ocrx_word' id='word_1_788' title='bbox 3254 4824 3348 4875; x_wconf 78' lang='grc' dir='ltr'><strong>καὶ</strong></span> <span class='ocrx_word' id='word_1_789' title='bbox 3392 4821 3583 4888; x_wconf 82' lang='grc' dir='ltr'>πάγιον</span> <span class='ocrx_word' id='word_1_790' title='bbox 3610 4815 3697 4885; x_wconf 80' lang='grc' dir='ltr'>τῆς</span> <span class='ocrx_word' id='word_1_791' title='bbox 3719 4811 3820 4900; x_wconf 62' lang='grc' dir='ltr'>ἀρξ-</span> 
     </span>
    </p>
   </div>
   <div class='ocr_carea' id='block_1_106' title="bbox 2286 4899 3821 4995">
    <p class='ocr_par' dir='ltr' id='par_1_106' title="bbox 2286 4899 3821 4995">
     <span class='ocr_line' id='line_1_106' title="bbox 2286 4899 3821 4995; baseline -0.025 -5"><span class='ocrx_word' id='word_1_792' title='bbox 2286 4924 2386 4995; x_wconf 78' lang='grc' dir='ltr'><strong>τῆς</strong></span> <span class='ocrx_word' id='word_1_793' title='bbox 2524 4899 2817 4993; x_wconf 68' lang='grc' dir='ltr'>παρέχεται</span> <span class='ocrx_word' id='word_1_794' title='bbox 2848 4919 2967 4981; x_wconf 84' lang='grc' dir='ltr'>ταῖς</span> <span class='ocrx_word' id='word_1_795' title='bbox 2998 4916 3276 4987; x_wconf 83' lang='grc' dir='ltr'>οὐρανίαις</span> <span class='ocrx_word' id='word_1_796' title='bbox 3307 4914 3582 4983; x_wconf 84' lang='grc' dir='ltr'>δυνάμεσι.</span> <span class='ocrx_word' id='word_1_797' title='bbox 3620 4907 3715 4960; x_wconf 80' lang='grc' dir='ltr'>Καὶ</span> 
     </span>
    </p>
   </div>
   <div class='ocr_carea' id='block_1_107' title="bbox 2288 4991 3821 5080">
    <p class='ocr_par' dir='ltr' id='par_1_107' title="bbox 2288 4991 3821 5080">
     <span class='ocr_line' id='line_1_107' title="bbox 2288 4991 3821 5080; baseline -0.011 -11"><span class='ocrx_word' id='word_1_798' title='bbox 2288 4991 2370 5068; x_wconf 81' lang='grc' dir='ltr'><strong>λιν</strong></span> <span class='ocrx_word' id='word_1_799' title='bbox 2398 5017 2426 5069; x_wconf 91' lang='lat'><strong>6</strong></span> <span class='ocrx_word' id='word_1_800' title='bbox 2462 4991 2615 5068; x_wconf 56' lang='grc' dir='ltr'><strong>Ίώϐλ</strong></span> <span class='ocrx_word' id='word_1_801' title='bbox 2653 5012 2894 5080; x_wconf 79' lang='grc' dir='ltr'>Πνεῦμα</span> <span class='ocrx_word' id='word_1_802' title='bbox 2944 5010 3165 5076; x_wconf 84' lang='grc' dir='ltr'>Κυρίου</span> <span class='ocrx_word' id='word_1_803' title='bbox 3203 5008 3269 5060; x_wconf 82' lang='grc' dir='ltr'>τὸ</span> <span class='ocrx_word' id='word_1_804' title='bbox 3310 5004 3574 5074; x_wconf 74' lang='grc' dir='ltr'>ποιῆσάν</span> <span class='ocrx_word' id='word_1_805' title='bbox 3606 5013 3705 5070; x_wconf 80' lang='grc' dir='ltr'><strong>με·</strong></span> <span class='ocrx_word' id='word_1_806' title='bbox 3744 4991 3821 5046; x_wconf 70' lang='grc' dir='ltr'>οὒκ</span> 
     </span>
    </p>
   </div>
   <div class='ocr_carea' id='block_1_108' title="bbox 2289 5081 3821 5177">
    <p class='ocr_par' dir='ltr' id='par_1_108' title="bbox 2289 5081 3821 5177">
     <span class='ocr_line' id='line_1_108' title="bbox 2289 5081 3821 5177; baseline -0.014 -15"><span class='ocrx_word' id='word_1_807' title='bbox 2289 5111 2383 5161; x_wconf 71' lang='grc' dir='ltr'>ἐπὶ</span> <span class='ocrx_word' id='word_1_808' title='bbox 2426 5107 2526 5176; x_wconf 82' lang='grc' dir='ltr'>τῆς</span> <span class='ocrx_word' id='word_1_809' title='bbox 2558 5104 2937 5177; x_wconf 86' lang='grc' dir='ltr'>δημιουργίας,</span> <span class='ocrx_word' id='word_1_810' title='bbox 2983 5101 3057 5164; x_wconf 83' lang='grc' dir='ltr'>ὼς</span> <span class='ocrx_word' id='word_1_811' title='bbox 3088 5094 3265 5169; x_wconf 83' lang='grc' dir='ltr'>οἶμαι,</span> <span class='ocrx_word' id='word_1_812' title='bbox 3303 5098 3416 5152; x_wconf 82' lang='grc' dir='ltr'>ἀλλ’</span> <span class='ocrx_word' id='word_1_813' title='bbox 3460 5096 3549 5149; x_wconf 77' lang='grc' dir='ltr'><strong>ἐπὶ</strong></span> <span class='ocrx_word' id='word_1_814' title='bbox 3596 5092 3686 5161; x_wconf 82' lang='grc' dir='ltr'>τῆς</span> <span class='ocrx_word' id='word_1_815' title='bbox 3712 5081 3821 5177; x_wconf 51' lang='grc' dir='ltr'><strong>καῖᾷ</strong></span> 
     </span>
    </p>
   </div>
   <div class='ocr_carea' id='block_1_109' title="bbox 2289 5172 3821 5273">
    <p class='ocr_par' dir='ltr' id='par_1_109' title="bbox 2289 5172 3821 5273">
     <span class='ocr_line' id='line_1_109' title="bbox 2289 5172 3821 5273; baseline -0.012 -20"><span class='ocrx_word' id='word_1_816' title='bbox 2289 5201 2388 5271; x_wconf 80' lang='grc' dir='ltr'>τὴν</span> <span class='ocrx_word' id='word_1_817' title='bbox 2438 5172 2781 5270; x_wconf 80' lang='grc' dir='ltr'>ἀνθρωπείαν</span> <span class='ocrx_word' id='word_1_818' title='bbox 2836 5193 3036 5265; x_wconf 82' lang='grc' dir='ltr'>ἀρετὴν</span> <span class='ocrx_word' id='word_1_819' title='bbox 3100 5190 3430 5252; x_wconf 83' lang='grc' dir='ltr'>τελειώσεως</span> <span class='ocrx_word' id='word_1_820' title='bbox 3480 5187 3659 5255; x_wconf 86' lang='grc' dir='ltr'>λέγων.</span> 
     </span>
    </p>
   </div>
   <div class='ocr_carea' id='block_1_110' title="bbox 2302 5267 3821 5360">
    <p class='ocr_par' dir='ltr' id='par_1_110' title="bbox 2302 5267 3821 5360">
     <span class='ocr_line' id='line_1_110' title="bbox 2302 5267 3821 5360; baseline -0.018 -13"><span class='ocrx_word' id='word_1_821' title='bbox 2302 5293 2526 5354; x_wconf 73' lang='grc' dir='ltr'>Ἠσαίας</span> <span class='ocrx_word' id='word_1_822' title='bbox 2554 5293 2618 5343; x_wconf 85' lang='grc' dir='ltr'><strong>ἐκ</strong></span> <span class='ocrx_word' id='word_1_823' title='bbox 2649 5286 2941 5360; x_wconf 84' lang='grc' dir='ltr'>προσώπου</span> <span class='ocrx_word' id='word_1_824' title='bbox 2970 5283 3177 5354; x_wconf 85' lang='grc' dir='ltr'>Κυρίου</span> <span class='ocrx_word' id='word_1_825' title='bbox 3208 5280 3599 5349; x_wconf 77' lang='grc' dir='ltr'>διαλεγόμενος,</span> <span class='ocrx_word' id='word_1_826' title='bbox 3634 5267 3754 5324; x_wconf 82' lang='grc' dir='ltr'>κατὰ</span> <span class='ocrx_word' id='word_1_827' title='bbox 3775 5267 3821 5313; x_wconf 65' lang='grc' dir='ltr'><strong>τί)</strong></span> 
     </span>
    </p>
   </div>
   <div class='ocr_carea' id='block_1_111' title="bbox 2291 5358 3817 5457">
    <p class='ocr_par' dir='ltr' id='par_1_111' title="bbox 2291 5358 3817 5457">
     <span class='ocr_line' id='line_1_111' title="bbox 2291 5358 3817 5457; baseline -0.016 -18"><span class='ocrx_word' id='word_1_828' title='bbox 2291 5384 2629 5457; x_wconf 76' lang='grc' dir='ltr'>ἀνθρώπινον</span> <span class='ocrx_word' id='word_1_829' title='bbox 2661 5358 2825 5434; x_wconf 77' lang='grc' dir='ltr'>αῦτοῦ</span> <span class='ocrx_word' id='word_1_830' title='bbox 2854 5375 3116 5448; x_wconf 79' lang='grc' dir='ltr'>δηλονότι,</span> <span class='ocrx_word' id='word_1_831' title='bbox 3162 5376 3375 5443; x_wconf 80' lang='grc' dir='ltr'>Κύριος</span> <span class='ocrx_word' id='word_1_832' title='bbox 3406 5358 3724 5457; x_wconf 58' lang='lat' dir='ltr'><strong>directa.le</strong></span> <span class='ocrx_word' id='word_1_833' title='bbox 3742 5370 3817 5457; x_wconf 49' lang='grc' dir='ltr'><strong>[ξεν</strong></span> 
     </span>
    </p>
   </div>
   <div class='ocr_carea' id='block_1_112' title="bbox 2293 5445 3817 5549">
    <p class='ocr_par' dir='ltr' id='par_1_112' title="bbox 2293 5445 3817 5549">
     <span class='ocr_line' id='line_1_112' title="bbox 2293 5445 3817 5549; baseline -0.024 -16"><span class='ocrx_word' id='word_1_834' title='bbox 2293 5445 2446 5549; x_wconf 73' lang='grc' dir='ltr'>φησὶ,</span> <span class='ocrx_word' id='word_1_835' title='bbox 2509 5476 2604 5529; x_wconf 80' lang='grc' dir='ltr'><strong>καί</strong></span> <span class='ocrx_word' id='word_1_836' title='bbox 2640 5474 2704 5526; x_wconf 84' lang='grc' dir='ltr'>τὸ</span> <span class='ocrx_word' id='word_1_837' title='bbox 2734 5445 2975 5539; x_wconf 61' lang='grc' dir='ltr'>Πνεῦμα</span> <span class='ocrx_word' id='word_1_838' title='bbox 3007 5467 3219 5523; x_wconf 83' lang='grc' dir='ltr'>αὐτοῦ.</span> <span class='ocrx_word' id='word_1_839' title='bbox 3257 5467 3365 5518; x_wconf 81' lang='lat' dir='ltr'><strong>Kal</strong></span> <span class='ocrx_word' id='word_1_840' title='bbox 3399 5461 3552 5515; x_wconf 79' lang='grc' dir='ltr'>πάλιν</span> <span class='ocrx_word' id='word_1_841' title='bbox 3579 5458 3603 5508; x_wconf 87' lang='lat'><strong>6</strong></span> <span class='ocrx_word' id='word_1_842' title='bbox 3628 5445 3817 5522; x_wconf 70' lang='grc' dir='ltr'>ψαλμὸς.</span> 
     </span>
    </p>
   </div>
   <div class='ocr_carea' id='block_1_113' title="bbox 2293 5551 3820 5635">
    <p class='ocr_par' dir='ltr' id='par_1_113' title="bbox 2293 5551 3820 5635">
     <span class='ocr_line' id='line_1_113' title="bbox 2293 5551 3820 5635; baseline -0.014 -11"><span class='ocrx_word' id='word_1_843' title='bbox 2293 5570 2359 5624; x_wconf 79' lang='grc' dir='ltr'><strong>δι’</strong></span> <span class='ocrx_word' id='word_1_844' title='bbox 2404 5570 2540 5623; x_wconf 78' lang='grc' dir='ltr'>ὅλων</span> <span class='ocrx_word' id='word_1_845' title='bbox 2578 5565 2952 5635; x_wconf 76' lang='grc' dir='ltr'>κεχωρηκέναι</span> <span class='ocrx_word' id='word_1_846' title='bbox 2998 5562 3227 5631; x_wconf 79' lang='grc' dir='ltr'>δύναμιν</span> <span class='ocrx_word' id='word_1_847' title='bbox 3275 5557 3365 5611; x_wconf 84' lang='grc' dir='ltr'><strong>τοῦ</strong></span> <span class='ocrx_word' id='word_1_848' title='bbox 3394 5553 3682 5621; x_wconf 76' lang='grc' dir='ltr'>Πνεύματος</span> <span class='ocrx_word' id='word_1_849' title='bbox 3710 5551 3820 5603; x_wconf 75' lang='grc' dir='ltr'><strong>παρ’</strong></span> 
     </span>
    </p>
   </div>
   <div class='ocr_carea' id='block_1_114' title="bbox 689 5711 3815 5812">
    <p class='ocr_par' dir='ltr' id='par_1_114' title="bbox 689 5711 3815 5812">
     <span class='ocr_line' id='line_1_114' title="bbox 689 5711 3815 5812; baseline -0.008 -12"><span class='ocrx_word' id='word_1_850' title='bbox 689 5750 708 5780; x_wconf 83' lang='grc'>¹</span> <span class='ocrx_word' id='word_1_851' title='bbox 747 5748 851 5802; x_wconf 87' lang='lat' dir='ltr'><strong>lsa.</strong></span> <span class='ocrx_word' id='word_1_852' title='bbox 887 5762 963 5812; x_wconf 77' lang='lat' dir='ltr'><strong>vi,</strong></span> <span class='ocrx_word' id='word_1_853' title='bbox 994 5745 1051 5798; x_wconf 81' lang='lat'><strong>&#39;5.</strong></span> <span class='ocrx_word' id='word_1_854' title='bbox 1130 5742 1331 5799; x_wconf 81' lang='lat' dir='ltr'><strong>&#39;Joan.</strong></span> <span class='ocrx_word' id='word_1_855' title='bbox 1362 5759 1432 5808; x_wconf 82' lang='lat' dir='ltr'><strong>tv,</strong></span> <span class='ocrx_word' id='word_1_856' title='bbox 1465 5742 1554 5795; x_wconf 74' lang='lat' dir='ltr'><strong>2t.</strong></span> <span class='ocrx_word' id='word_1_857' title='bbox 1635 5742 1654 5771; x_wconf 84' lang='grc'>³</span> <span class='ocrx_word' id='word_1_858' title='bbox 1680 5740 1883 5812; x_wconf 67' lang='lat' dir='ltr'><strong>Thrcn.</strong></span> <span class='ocrx_word' id='word_1_859' title='bbox 1924 5757 1996 5800; x_wconf 85' lang='lat' dir='ltr'><strong>tv.</strong></span> <span class='ocrx_word' id='word_1_860' title='bbox 2031 5740 2120 5793; x_wconf 67' lang='lat'><strong>‘20.</strong></span> <span class='ocrx_word' id='word_1_861' title='bbox 2201 5740 2220 5767; x_wconf 76' lang='lat'><strong>‘</strong></span> <span class='ocrx_word' id='word_1_862' title='bbox 2250 5740 2287 5792; x_wconf 94' lang='lat' dir='ltr'><strong>ll</strong></span> <span class='ocrx_word' id='word_1_863' title='bbox 2321 5741 2444 5795; x_wconf 83' lang='lat' dir='ltr'><strong>Cor.</strong></span> <span class='ocrx_word' id='word_1_864' title='bbox 2501 5757 2578 5805; x_wconf 90' lang='lat' dir='ltr'><strong>Ill,</strong></span> <span class='ocrx_word' id='word_1_865' title='bbox 2633 5739 2713 5793; x_wconf 85' lang='lat' dir='ltr'><strong>l7.</strong></span> <span class='ocrx_word' id='word_1_866' title='bbox 2791 5736 2991 5793; x_wconf 75' lang='lat' dir='ltr'><strong>&#39;Joau.</strong></span> <span class='ocrx_word' id='word_1_867' title='bbox 3036 5752 3144 5799; x_wconf 75' lang='lat' dir='ltr'><strong>xiv,</strong></span> <span class='ocrx_word' id='word_1_868' title='bbox 3177 5738 3264 5795; x_wconf 73' lang='grc' dir='ltr'>ιο.</span> <span class='ocrx_word' id='word_1_869' title='bbox 3341 5736 3359 5767; x_wconf 82' lang='grc'>⁸</span> <span class='ocrx_word' id='word_1_870' title='bbox 3394 5733 3531 5790; x_wconf 83' lang='lat' dir='ltr'><strong>Psal.</strong></span> <span class='ocrx_word' id='word_1_871' title='bbox 3580 5740 3729 5788; x_wconf 70' lang='lat' dir='ltr'><strong>nam,</strong></span> <span class='ocrx_word' id='word_1_872' title='bbox 3776 5711 3815 5763; x_wconf 68' lang='grc' dir='ltr'>σε</span> 
     </span>
    </p>
   </div>
   <div class='ocr_carea' id='block_1_115' title="bbox 625 5809 2300 5878">
    <p class='ocr_par' dir='ltr' id='par_1_115' title="bbox 625 5809 2300 5878">
     <span class='ocr_line' id='line_1_115' title="bbox 625 5809 2300 5878; baseline -0.004 -5"><span class='ocrx_word' id='word_1_873' title='bbox 625 5818 643 5848; x_wconf 83' lang='grc'><strong>⁷</strong></span> <span class='ocrx_word' id='word_1_874' title='bbox 672 5816 771 5873; x_wconf 79' lang='lat' dir='ltr'><strong>Job</strong></span> <span class='ocrx_word' id='word_1_875' title='bbox 800 5809 991 5877; x_wconf 67' lang='lat' dir='ltr'><strong>ututi,</strong></span> <span class='ocrx_word' id='word_1_876' title='bbox 1018 5814 1071 5868; x_wconf 69' lang='lat'><strong>4.</strong></span> <span class='ocrx_word' id='word_1_877' title='bbox 1150 5812 1291 5866; x_wconf 71' lang='lat' dir='ltr'><strong>&#39;lsa.</strong></span> <span class='ocrx_word' id='word_1_878' title='bbox 1329 5830 1516 5876; x_wconf 65' lang='grc' dir='ltr'>ιιι-ιιι,</span> <span class='ocrx_word' id='word_1_879' title='bbox 1552 5814 1638 5866; x_wconf 77' lang='grc'><strong>16.</strong></span> <span class='ocrx_word' id='word_1_880' title='bbox 1716 5816 1736 5844; x_wconf 82' lang='grc'><strong>⁹</strong></span> <span class='ocrx_word' id='word_1_881' title='bbox 1773 5809 1916 5867; x_wconf 82' lang='lat' dir='ltr'><strong>Psal.</strong></span> <span class='ocrx_word' id='word_1_882' title='bbox 1950 5825 2221 5878; x_wconf 79' lang='lat' dir='ltr'><strong>cxxxvtn,</strong></span> <span class='ocrx_word' id='word_1_883' title='bbox 2253 5812 2300 5866; x_wconf 83' lang='lat' dir='ltr'><strong>&#39;i.</strong></span> 
     </span>
    </p>
   </div>
  </div>
