4070 6290
300 444 417 508 813

1272 446 1645 501 Ι³ΑΝοΡΙΛΑ
1689 447 2145 506 υυυΜΑΤιρΑ.
2179 469 2248 478 -
2285 449 2436 508 ΤΙΤ.
2477 449 2618 513 XII.

3465 461 3570 525 ΒΗ

304 565 492 626 ιστὰς,
531 557 656 615 Ποῦ
682 556 978 627 πορευθῶ,
1014 531 1207 628 ’φησιη
1247 558 1345 612 καί
1387 559 1504 611 ἀπὸ
1534 557 1643 611 τοῦ
1701 560 1887 613 Πνεῦ-

1995 563 2055 618 ad
2077 578 2178 620 nos
2207 561 2530 629 deveniunt,
2568 567 2762 635 quales
2813 579 2942 624 sunt
2992 578 3048 624 ct
3106 573 3354 637 quantm?
3415 575 3570 630 Sicut

296 657 499 724 ματός
529 668 670 719 σου,
697 652 797 706 καί
821 651 942 706 ἀπὸ
967 652 1075 707 τοῦ
1105 650 1434 719 προσώπου
1467 666 1586 706 σου
1609 651 1728 706 ποῦ
1773 653 1887 721 φύ-

297 764 390 816 γω
408 763 427 811 ;
456 746 521 799 Ai
541 745 598 797 δὲ.
624 747 705 809 εἰς
734 747 882 815 ἡμᾶς
920 744 1017 798 ἀπ’
1051 743 1216 798 αὐτοῦ
1258 744 1889 816 φθάνουσαιεύεργεσίαι

298 838 494 892 ὁποῖαί
522 839 668 901 τινές
698 839 807 890 είσι
840 837 936 892 καὶ
962 838 1150 908 ἡλίκαι
1171 854 1188 905 ;
1209 837 1426 908 ’Ὠσπερ
1451 837 1614 903 αὐτὸς
1635 839 1665 891 6
1687 839 1891 910 Κύριος

304 931 512 984 ἔδωκεν
558 929 810 994 ἐξουσίαν
862 932 977 994 τοῖς
1015 930 1331 1003 δεξαμένοις
1371 934 1532 988 αὐτὸν
1575 935 1738 990 τέκνα
1765 936 1902 993 Θεοῦ

302 1020 601 1086 γενέσθαι,
663 1019 809 1074 οὕτω
885 1023 980 1076 καὶ
1035 1025 1098 1077 τὸ
1165 1024 1392 1096 Πνεῦμα
1457 1025 1611 1094 ἅγιον
1681 1029 1903 1101 Πνεῦμα

303 1109 586 1174 υἱοθεσίας
633 1110 772 1164 ἐστί.
838 1113 947 1166 Καὶ
1010 1113 1198 1186 ὥσπερ
1256 1115 1576 1182 διδάσκαλός
1757 1121 1901 1175 ἐστιν

301 1201 565 1272 ἀληθινὸς
600 1204 629 1255 6
651 1202 854 1274 Κύριος
882 1205 1041 1276 ἡμῶν
1062 1208 1204 1262 κατὰ
1230 1208 1292 1261 τὸ
1313 1209 1602 1282 εἰρημένον
1634 1229 1647 1241 ·
1716 1213 1902 1282 Ὑμεῖς

301 1292 381 1346 δὲ
402 1294 490 1363 μὴ
529 1293 831 1350 καλέσατε
862 1297 1240 1354 διδάσκαλον
1277 1301 1448 1370 ὑμῶν
1479 1304 1576 1356 ἐπὶ
1613 1304 1723 1373 τῆς
1752 1305 1898 1375 γῆς’

301 1380 401 1451 εἷς
440 1386 552 1454 γὰρ
577 1387 924 1456 καθηγητὴς
954 1389 1124 1459 ὑμῶν
1156 1391 1331 1446 ἐστιν
1367 1397 1400 1447 ὀ
1428 1397 1683 1464 Χριστός
1703 1413 1716 1426 ·
1757 1397 1902 1451 οὕτω

303 1477 407 1530 καὶ
432 1477 493 1530 τὸ
524 1477 748 1549 Πνεῦμα
772 1479 833 1532 τὸ
858 1479 1013 1549 ἅγιον
1034 1481 1308 1536 διδάσκειν
1339 1484 1548 1548 πάντας
1572 1488 1701 1548 τοὺς
1822 1490 1902 1550 εἰς

302 1567 376 1620 τὸ
407 1566 578 1638 ὄνομα
614 1568 710 1621 τοῦ
739 1570 946 1641 Κυρίου
989 1574 1420 1638 πεπιστευκότας
1440 1617 1454 1639 ,
1484 1576 1577 1628 ὑπ’
1608 1577 1772 1631 αὑτοῦ
1806 1578 1900 1631 τοῦ

303 1659 520 1728 Κυρίου
569 1660 1015 1733 μεμαρτύρηται,
1048 1665 1329 1728 εἰπόντος·
1386 1668 1450 1720 '0
1493 1668 1562 1721 δὲ
1592 1671 1902 1739 Παράκλη-

303 1767 418 1817 τος
463 1751 531 1805 τὸ
568 1752 815 1820 Πνεῦμα
854 1753 922 1806 τὸ
958 1755 1130 1824 ἅγιον
1163 1755 1195 1809 ὃ
1239 1755 1461 1827 πέμψει
1489 1763 1522 1813 ὁ
1667 1763 1899 1831 Πατὴρ,

1998 657 2258 713 Dominus
2289 660 2406 729 ipse
2428 661 2498 716 iis
2530 663 2624 730 qui
2649 663 2827 730 ipsum
2861 678 3177 734 suscepere,
3215 665 3357 720 istuc
3411 667 3564 722 dedit

2001 759 2062 804 ut
2095 752 2282 806 liceret
2308 751 2450 807 lilios
2479 752 2570 807 Dei
2599 755 2714 807 iicri
2748 757 2788 820 ',
2829 759 2909 809 sic
2945 767 3000 810 et
3035 757 3277 826 Spiritus
3341 769 3570 815 sanctus

1999 843 2237 912 Spiritus
2274 857 2328 899 et
2357 847 2728 916 adoptionis'.
2769 851 2829 902 Et
2879 852 3340 919 quemadmodum
3384 852 3574 906 Domi-

1989 942 2087 980 nus
2118 937 2304 983 noster
2331 932 2592 1001 magister
2620 949 2780 989 verus
2809 952 2912 1001 εει,
2937 937 3090 1005 juxta
3126 942 3176 993 id
3198 944 3340 1009 quod
3367 943 3570 996 dictum

1981 1027 2061 1070 est
2091 1038 2109 1069 ι
2150 1014 2253 1072 Vos
2281 1032 2454 1076 autem
2521 1025 2680 1078 nolite
2733 1043 2920 1079 vorare
2980 1036 3292 1099 magistrum
3346 1043 3572 1085 vestrum

1983 1109 2039 1161 in
2105 1117 2287 1172 terra:
2344 1129 2482 1167 unus
2535 1116 2672 1169 enim
2728 1120 2978 1186 magister
3043 1132 3210 1174 vester
3273 1134 3349 1176 est
3411 1121 3573 1176 Chri-

1983 1212 2098 1252 stus
2143 1205 2207 1266 ³;
2262 1204 2342 1257 sic
2403 1215 2459 1258 et
2513 1205 2777 1275 Spiritum
2831 1223 3076 1263 sanetum
3133 1229 3344 1278 munes,
3413 1225 3574 1284 quot-

1986 1301 2119 1358 quot
2164 1293 2218 1346 in
2280 1296 2497 1350 nomine
2555 1298 2764 1352 Domini
2818 1301 3172 1367 crediderint,
3230 1305 3430 1360 docere
3489 1318 3571 1363 te-

1988 1390 2160 1439 status
2211 1395 2297 1440 est
2336 1388 2595 1444 Dominus
2646 1391 2800 1461 ipse,
2850 1408 2970 1447 cum
3023 1396 3211 1449 dixit:
3257 1395 3570 1454 Paraetetus

1989 1486 2163 1530 autent
2206 1475 2440 1546 Spiritus
2468 1491 2686 1537 sanctus
2714 1500 2867 1554 quem
2913 1482 3073 1539 Pater
3112 1488 3303 1552 mittet,
3354 1490 3444 1543 ille
3487 1505 3574 1546 vos

1989 1570 2192 1624 docebit
2223 1574 2404 1626 omnia
2456 1569 2496 1628 ⁵.
2533 1573 2599 1628 Ει
2634 1574 2774 1630 sicut
2808 1576 2966 1630 Pater
3000 1581 3351 1648 operationes
3391 1582 3442 1635 in
3475 1599 3574 1639 eos

1987 1661 2079 1729 qui
2110 1664 2524 1732 operationibus
2565 1668 2926 1737 suscipiendis
2959 1669 3108 1739 digni
3163 1682 3332 1736 sunt,
3369 1673 3575 1728 dicitur

1986 1753 2250 1819 dividere,
2286 1756 2530 1826 itemque
2567 1757 2815 1814 dividere
2847 1759 3019 1816 Filius
3067 1763 3572 1820 administrationes

302 1842 546 1909 ἐκεῖνος
587 1843 746 1912 ὑμᾶς
777 1844 1004 1910 διδάξει
1037 1846 1252 1905 πάντα.
1291 1849 1400 1902 Καὶ¹
1441 1849 1629 1924 ὥσπερ
1676 1853 1901 1924 διαιρεῖν

1995 1845 2043 1897 in
2076 1846 2430 1914 dignitatibus
2472 1848 2760 1902 ministerii
2792 1865 2806 1899 :
2841 1850 2922 1902 sic
2951 1852 3196 1906 dividere
3223 1855 3391 1907 etiam
3427 1856 3567 1908 dona

302 1934 384 1988 τὰ
419 1935 770 2006 ἐνεργήματα
815 1939 896 2001 εἰς
940 1939 1068 2002 τοὺς
1111 1939 1296 2007 ἀξίους
1343 1941 1444 2010 τῆς
1478 1919 1745 2015 ὑποδοχῆς
1791 1919 1900 2001 τῶν

1995 1935 2041 1988 in
2066 1949 2162 1990 eos
2200 1937 2293 2006 qui
2328 1937 2487 1992 donis
2509 1939 2850 2008 excipiendis
2877 1941 3024 2010 digni
3057 1952 3208 2006 sunt,
3247 1946 3572 2012 perhibetur

303 2029 706 2101 ὲνεργημάτων
734 2031 763 2083 ὁ
789 2030 978 2103 Πατὴρ
1010 2032 1247 2102 λέγεται,
1282 2035 1376 2090 καὶ
1406 2035 1630 2107 διαιρεῖν
1661 2038 1758 2103 τὰς
1784 2040 1901 2094 δια-

304 2121 498 2185 κονίας
521 2123 550 2174 ὁ
573 2121 702 2185 Υίὸς
730 2121 788 2175 ὲν
812 2125 925 2186 τοῖς
956 2123 1056 2195 τῆς
1083 2125 1362 2190 διακονίας
1385 2125 1690 2198 ἀξιώμασιν
1709 2149 1723 2161 ·
1759 2132 1902 2187 οὕτω

300 2211 542 2284 διαιρεῖν
574 2213 670 2267 καὶ
705 2213 775 2268 τὰ
813 2215 1130 2286 χαρίσματα
1163 2216 1226 2270 τὸ
1267 2217 1494 2290 Πνεῦμα
1525 2221 1588 2273 τὸ
1628 2221 1780 2290 ἅγιον
1821 2226 1902 2289 είς

303 2305 442 2368 τοὺς
489 2305 672 2372 ἀξίους
713 2307 815 2377 τῆς
848 2307 956 2362 τῶν
990 2310 1348 2381 χαρισμάτων
1396 2313 1666 2384 ὑποδοχῆς
1697 2333 1903 2387 μαρτυ-

309 2397 512 2464 ρεῖται.
563 2396 890 2466 Διαιρέσεις
917 2401 1030 2469 γὰρ
1071 2402 1458 2473 χαρισμάτων
1601 2408 1759 2462 εἰσιν
1777 2449 1790 2472 ,
1830 2410 1898 2463 τὸ

305 2486 386 2540 δὲ
416 2488 563 2542 αὐτὸ
591 2490 861 2559 Πνεῦμαο
896 2491 994 2545 καὶ
1027 2491 1347 2564 διαιρέσεις
1377 2495 1696 2550 διακονιῶν
1720 2502 1896 2566 εἰσιν,

306 2578 346 2630 ὁ
382 2577 452 2630 δὲ
480 2580 662 2646 αὐτὸς
703 2582 946 2650 Κύριος*
981 2582 1081 2638 καὶ
1122 2584 1446 2654 διαιρέσεις
1485 2587 1901 2658 ἐνεργημάτων

306 2670 510 2735 εἰσὶν,
560 2675 593 2725 ό
620 2671 688 2725 δὲ
721 2675 905 2741 αὐτὸς
938 2677 1084 2742 Θεός
1237 2677 1412 2732 ἐστιν
1457 2682 1489 2733 ό
1534 2681 1792 2752 ἐνεργῶν
1833 2684 1906 2737 τὰ

309 2761 518 2816 πάντα
549 2763 618 2817 ὲν
666 2763 876 2820 πᾶσιν.
938 2767 1102 2839 Ὁρᾷς
1139 2769 1257 2834 πῶς
1305 2771 1397 2824 καὶ
1444 2772 1676 2827 ἐνταῦθα
1725 2777 1758 2845 ἡ
1809 2775 1902 2828 τοῦ

311 2854 478 2921 ἁγίου
530 2857 851 2927 Πνεῦματος
901 2860 1152 2930 ἐνέργεια
1205 2864 1610 2936 συντεταγμένη
1662 2868 1779 2920 ἐστὶ
1836 2870 1902 2940 τῇ

312 2945 532 3016 Πατρὸς
565 2947 660 2999 καὶ
691 2947 823 3000 Υίοῦ
961 2949 1254 3020 ἐνεργείας
1293 2950 1424 3006 Εἶτα
1453 2954 1549 3007 καί
1581 2957 1644 3007 ὲκ
1684 2955 1778 3008 τοῦ
1806 2957 1905 3010 ἐπ-

315 3037 590 3108 αγομένου
617 3038 881 3108 μειζόνως
909 3041 972 3094 τὸ
993 3041 1136 3095 θεῖον
1265 3044 1368 3114 τῆς
1391 3043 1606 3114 φύσεως
1625 3045 1719 3099 τοῦ
1747 3047 1904 3115 ἁγίου

314 3129 638 3200 Πνεύματος
683 3133 1034 3204 φανεροῦται.
1093 3135 1158 3187 Τί
1211 3136 1317 3206 γάρ
1365 3153 1531 3204 φησι;
1591 3138 1782 3192 Ταῦτα
1837 3130 1942 3193 δὲ⁸

310 3219 515 3273 πάντα
554 3222 785 3291 ἐνεργεῖ
826 3223 892 3277 τὸ
922 3223 992 3278 ἓν
1029 3225 1128 3278 καὶ
1174 3226 1242 3278 τὸ
1283 3226 1429 3281 αὐτὸ
1468 3229 1709 3298 Πνεῦμα
1753 3230 1902 3284 διαι-

1992 2026 2225 2095 Spiritus
2258 2037 2502 2084 sanctus.
2535 2028 2829 2084 Divisioues
2856 2033 2994 2085 enim
3022 2033 3280 2088 donorum
3304 2047 3452 2099 sunt,
3482 2039 3574 2091 sed

1989 2119 2124 2171 idem
2157 2119 2388 2187 Spiritus
2415 2138 2434 2175 :
2465 2130 2513 2176 et
2546 2123 2824 2177 divisiones
2855 2125 3275 2180 ministeriorum
3301 2140 3446 2195 sunt,
3479 2133 3571 2183 sed

1990 2200 2122 2257 idem
2155 2205 2412 2261 Dominus
2441 2223 2460 2262 :
2487 2219 2533 2262 et
2581 2211 2864 2265 divisiones
2909 2216 3274 2280 operatiouum
3302 2228 3445 2282 sunt,
3480 2223 3572 2273 sed

1989 2294 2124 2348 idem
2159 2307 2237 2350 est
2268 2297 2444 2366 Deus,
2475 2301 2699 2370 efﬁciens
2737 2304 2917 2356 omnia
2943 2304 3000 2358 iu
3033 2305 3275 2362 omnibus
3327 2313 3373 2364 ⁸.
3407 2308 3572 2366 Vides

1993 2390 2264 2455 quomodo
2289 2389 2378 2445 hic
2424 2405 2642 2461 quoque
2684 2394 2921 2463 Spiritus
2955 2398 3131 2450 sancti
3169 2400 3415 2466 operatio
3444 2416 3572 2468 ope.

1993 2479 2187 2534 rationi
2221 2480 2403 2536 Patris
2433 2498 2497 2536 ac
2535 2482 2656 2538 Filii
2695 2488 2983 2555 conjuncta
3017 2488 3134 2542 sit?
3165 2489 3368 2544 Deinde
3403 2506 3468 2544 cx
3509 2507 3574 2545 eo

1993 2570 2150 2624 etiam
2191 2575 2333 2642 quod
2365 2576 2636 2643 sequitur,
2690 2577 2951 2632 divinitas
2991 2591 3200 2635 natura:
3235 2585 3408 2638 sancti
3445 2583 3572 2654 Spi-

1994 2662 2127 2716 ritus
2149 2664 2385 2733 amplius
2416 2667 2747 2722 declaratur.
2783 2668 2923 2736 Quid
2951 2671 3094 2725 enim
3121 2675 3190 2727 ait
3213 2674 3236 2727 ?
3262 2673 3366 2729 Sed
3398 2679 3574 2729 omnia

1993 2754 2101 2807 hate
2134 2756 2283 2823 e/iieit
2317 2773 2453 2810 unus
2490 2769 2541 2811 et
2580 2759 2721 2812 idem
2755 2760 3012 2828 Spiritus,
3047 2763 3282 2818 dividens
3332 2769 3574 2834 privatim

1995 2849 2296 2916 unicuique,
2328 2851 2488 2904 siruti
2511 2852 2617 2906 vult
2670 2852 2712 2906 ⁸.
2747 2853 2892 2909 Nihil
2932 2855 3077 2910 aliud
3106 2855 3154 2911 ei
3187 2859 3430 2920 ascribit,
3471 2859 3573 2913 nisi

1995 2941 2304 2996 auctoritati
2336 2957 2401 2998 ac
2437 2945 2681 3000 dominio
2708 2947 3018 3016 adiunctam
3047 2945 3394 3018 potestatem.
3431 2951 3577 3018 Qua-

1995 3043 2215 3097 propter
2239 3034 2290 3087 in
2319 3033 2470 3090 Novo
2511 3037 2865 3094 Testamento
2899 3043 3175 3110 propheta:
3217 3043 3523 3097 clamaruul
3557 3063 3572 3099 :

1996 3119 2119 3174 "ac
2133 3122 2260 3175 dicit
2463 3124 2693 3194 Spiritus-
2726 3142 2939 3184 sanctus
2981 3130 3022 3184 ’.
3050 3130 3200 3186 Unde
3221 3143 3399 3187 autem
3420 3150 3575 3188 scru—

1995 3214 2124 3266 tatio
2171 3216 2592 3283 proiutnlitatntn
2646 3220 2735 3274 Dei
2783 3224 2936 3275 adest
2988 3223 3263 3292 Spiritui?
3306 3225 3576 3290 Quemad-

303 3311 469 3380 ροῦν
507 3313 625 3381 ἰδίᾳ
656 3315 910 3383 ἑκάστῳ,
947 3316 1142 3384 καθὼς
1179 3318 1488 3382 βούλεται.
1523 3321 1687 3374 Οὐδὲν
1717 3321 1901 3395 ἕτερον

1995 3306 2225 3372 modum,
2261 3308 2468 3376 inquit,
2517 3328 2666 3365 nemo
2709 3313 2978 3367 hominum
3033 3317 3174 3369 novit
3224 3334 3284 3370 eu
3324 3334 3441 3383 qua:
3481 3317 3577 3370 ho-

310 3405 348 3475 ἢ
384 3404 710 3479 αὐθεντικὴν
744 3410 838 3462 καὶ
871 3409 1198 3482 δεσποτικὴν
1229 3409 1478 3476 ἐξουσίαν
1506 3413 1654 3486 αὐτῷ
1692 3432 1903 3486 μαρτυ-

316 3499 426 3567 ρεῖ.
469 3497 664 3569 Διόπερ
699 3500 757 3552 ὲν
785 3502 852 3570 τῇ
883 3502 1058 3572 Καινῇ
1249 3502 1496 3576 Διαθήκῃ
1546 3507 1594 3557 oi
1629 3507 1903 3577 προφῆται

314 3589 629 3658 κεκράγασι
649 3607 664 3622 ο
697 3589 844 3643 Τάδε
868 3589 1029 3661 λέγει
1057 3591 1126 3645 τὸ
1155 3593 1397 3661 Πνεῦμα
1421 3593 1489 3646 τὸ
1520 3593 1708 3664 ἅγιον.
1746 3595 1818 3648 Τὸ
1847 3597 1903 3651 δὲ

309 3681 542 3751 ἐρευνᾷν
570 3681 636 3735 τὰ
667 3680 804 3753 βάθη
834 3681 927 3735 τοῦ
944 3682 1099 3747 Θεοῦ,
1131 3683 1295 3736 πόθεν
1318 3683 1395 3754 τῷ
1428 3685 1704 3756 Πνεῦματι
1736 3688 1903 3758 πρόσ-

307 3788 502 3836 εστιν;
531 3772 782 3841 Ὥσπερ,
822 3774 1008 3844 φησὶν,
1067 3775 1265 3841 οὐδεὶς
1295 3771 1458 3830 οἶδεν
1482 3777 1810 3845 ἀνθρώπων
1832 3783 1907 3836 τὰ

305 3862 421 3915 τοῦ
449 3864 763 3931 ἀνθρώπου
792 3867 844 3918 εί
879 3865 959 3933 μὴ
991 3865 1057 3919 τὸ
1085 3866 1324 3936 πνεῦμα
1350 3867 1456 3921 τοῦ
1491 3868 1804 3932 ἀνθρώπου
1839 3873 1904 3926 τὸ

1996 3398 2150 3451 minis
2179 3414 2324 3465 sunt,
2358 3403 2459 3455 nisi
2486 3402 2702 3470 spiritus
2732 3406 2959 3459 hominis
3002 3408 3093 3475 qui
3125 3417 3199 3460 est
3247 3409 3300 3461 in
3344 3425 3402 3461 eo
3445 3423 3464 3460 :
3500 3409 3577 3463 sic

1996 3500 2040 3544 et
2083 3507 2143 3545 ea
2171 3507 2290 3561 quia
2336 3504 2457 3546 sunt
2498 3494 2632 3560 Dei,
2682 3513 2833 3550 nemo
2881 3499 3143 3568 cognovit,
3193 3500 3296 3553 nisi
3343 3498 3576 3570 Spiritus

1997 3581 2090 3636 Dei
2145 3578 2185 3638 ⁸.
2224 3583 2291 3640 Ut
2323 3588 2468 3640 enim
2514 3587 2695 3642 nullus
2740 3590 2951 3644 alienus
2980 3600 3072 3645 aut
3124 3595 3444 3662 peregrinus
3485 3595 3569 3672 in:

1997 3681 2180 3728 ternas
2239 3675 2436 3730 animae
2478 3677 2838 3747 cogitationes
2891 3688 3071 3747 potest
3106 3680 3378 3750 inspicere
3424 3701 3440 3739 :
3491 3685 3573 3738 sic

1992 3762 2241 3830 profecto
2269 3764 2314 3820 si
2348 3766 2535 3820 arcani
2565 3767 2769 3835 aliquid
2801 3784 2924 3822 cmn
2958 3767 3067 3823 Deo
3097 3785 3384 3827 commune
3411 3775 3576 3830 habet

1997 3853 2251 3924 Spiritus,
2281 3873 2404 3910 cum
2438 3859 2506 3913 ab
2544 3872 2610 3912 eo
2636 3874 2813 3928 neque
2845 3860 3054 3916 alienus
3078 3862 3172 3924 sit,
3202 3877 3380 3931 neque
3415 3879 3575 3933 pere-

305 3953 384 4004 ἐν
419 3953 597 4018 αὐτῷ·
629 3954 782 4008 οὕτω
823 3955 924 4011 καί
963 3956 1036 4010 τὰ
1073 3955 1180 4010 τοῦ
1209 3956 1359 4010 Θεοῦ
1402 3955 1601 4023 οὐδεὶς
1642 3957 1901 4028 ἔγνωκεν

1998 3946 2210 4013 griuns,
2261 3947 2526 4016 profunda
2552 3951 2900 4017 ‘jndiciorum
2955 3952 3046 4007 Dei
3097 3955 3425 4022 perscrutari
3484 3972 3573 4023 po.

304 4046 360 4098 εί
385 4043 473 4113 μὴ
506 4044 573 4098 τὸ
608 4047 857 4117 Πνεῦμα
899 4048 1006 4102 τοῦ
1042 4046 1212 4104 Θεοῦ.
1257 4049 1346 4112 Ὠς
1389 4048 1500 4120 γὰρ
1533 4050 1709 4114 οὐδεὶς
1749 4049 1905 4104 ἀλλό-

307 4153 468 4207 τριος
499 4136 618 4190 οὐδὲ
651 4137 799 4202 ξένος
825 4141 951 4204 τοὺς
976 4140 1124 4194 ἔνδον
1157 4142 1445 4213 λογισμοὺς
1467 4142 1790 4197 ἐποπτεύειν
1816 4142 1907 4197 δῦ·-

313 4243 480 4280 ναται
509 4228 609 4297 τῆς
630 4227 826 4298 ψυχῆς,
857 4227 1002 4282 οὕτω
1032 4228 1294 4298 δηλονότι,
1320 4231 1415 4284 καὶ
1441 4230 1567 4284 εἴτι
1600 4231 1708 4285 τῶν
1732 4233 1904 4306 ἀπορ-

319 4321 502 4390 ρήτων
533 4324 781 4374 κοινωνεί
822 4321 899 4392 τῷ
938 4321 1078 4394 Θεῷ,
1123 4324 1225 4377 οὐκ
1253 4323 1534 4395 ἀλλότριον
1717 4326 1904 4392 αὑτοῦ,

313 4409 442 4462 οὐδὲ
476 4409 646 4475 ξένον,
695 4411 975 4484 διερευνᾷν
1019 4414 1087 4468 τὰ
1136 4414 1274 4486 βάθη
1320 4416 1429 4469 τῶν
1475 4416 1758 4488 χριμάτων
1811 4415 1904 4469 τοῦ

314 4500 458 4554 Θεοῦ
480 4502 723 4558 δύναται.
756 4499 892 4559 Εἶτα
915 4505 1007 4558 καὶ
1033 4509 1064 4578 ἡ
1095 4505 1208 4578 ζωὴ
1237 4508 1368 4578 ἡμῖν
1395 4507 1502 4560 ἀπὸ
1524 4506 1618 4560 τοῦ
1651 4507 1789 4561 Θεοῦ
1819 4508 1905 4562 διὰ

2001 4048 2128 4092 test.
2181 4037 2451 4095 Praeterea
2485 4050 2542 4095 et
2589 4043 2701 4096 vita
2747 4044 2904 4098 nobis
2949 4060 2976 4098 a
3024 4045 3135 4099 Deo
3170 4060 3266 4114 per
3299 4047 3578 4102 Citrislttttt

2001 4129 2054 4182 in
2089 4140 2278 4184 sancto
2303 4130 2510 4199 Spiritu
2535 4135 2932 4203 suppeditatur.
2961 4134 3208 4190 Vivilical
3235 4138 3380 4191 enim
3415 4140 3576 4200 Dens.

2003 4231 2060 4272 ttt
2091 4220 2162 4274 ait
2194 4219 2394 4276 Paulus
2431 4240 2444 4275 :
2482 4223 2747 4294 Pra'cipio
2793 4228 2890 4280 tibi
2927 4245 3108 4282 coram
3149 4229 3295 4295 Deo,
3335 4231 3426 4300 qui
3453 4234 3584 4286 vivi-

2001 4314 2122 4381 ﬁeat
2149 4315 2326 4368 omnia
2376 4317 2418 4370 ’.
2459 4314 2639 4371 Vitam
2665 4330 2844 4373 autem
2878 4320 3104 4391 largitur
3127 4321 3383 4376 Christus
3409 4342 3423 4377 :
3453 4324 3582 4378 Oves

1999 4423 2060 4458 en
2088 4423 2136 4458 ut
2165 4423 2316 4468 mete.
2351 4409 2546 4478 inquit,
2577 4426 2750 4465 vocem
2800 4429 2969 4466 meam
3001 4413 3251 4480 audiunt,
3291 4425 3340 4468 et
3377 4433 3471 4484 ego
3505 4418 3584 4470 vi-

2002 4511 2108 4552 tam
2148 4513 2400 4558 (etet-num
2446 4504 2514 4558 do
2567 4501 2674 4557 illis
2724 4499 2786 4560 “.
2840 4504 3192 4560 Vivilicamur
3250 4507 3435 4562 itidem
3491 4525 3584 4576 per
3689 4548 3691 4550 -

315 4595 560 4662 Χριστοῦ
593 4596 650 4649 ἐν
679 4597 820 4668 ἁγίῳ
847 4596 1126 4666 Πνεῦματι
1151 4595 1487 4669 χορηγεϊται,
1517 4600 1782 4652 Ζωοποιεῖ
1809 4599 1901 4668 μὲν

2007 4591 2294 4662 Spiritum,
2324 4599 2779 4664 quemadmodum
2812 4599 2886 4652 ait
2913 4597 3114 4654 Paulus
3147 4618 3160 4652 :
3195 4598 3299 4664 Qui
3332 4603 3576 4654 excitavit

323 4691 436 4764 γὰρ
459 4695 488 4746 ό
515 4691 666 4758 Θεὸς,
696 4693 772 4757 ὦς
803 4712 934 4765 φησι
965 4694 1198 4760 Παῦλος·
1245 4693 1646 4766 Παραγγέλλω
1673 4709 1770 4748 σοι
1821 4693 1914 4747 ὲν-

321 4784 515 4836 ώ.τιον
533 4783 640 4838 τοῦ
663 4784 810 4839 Θεοῦ
835 4785 940 4840 τοῦ
967 4784 1391 4850 ζωοποιοῦντος
1418 4787 1490 4838 τὰ
1505 4782 1699 4837 πάντα
1715 4800 1728 4812 ⁸
1756 4783 1902 4852 ζωὴν

324 4875 385 4927 δὲ
421 4874 630 4929 δίδωσιν
659 4877 688 4928 6
721 4877 954 4948 Χριστός
1003 4895 1018 4909 ·
1172 4877 1248 4931 Τὰ
1277 4878 1540 4954 πρόϐατα
1572 4874 1703 4944 γὰρ,
1745 4875 1898 4945 φησὶν

2019 4691 2287 4745 Christum
2323 4709 2352 4746 e
2393 4693 2638 4756 martvis,
2669 4691 2950 4760 viviﬁcabit
2980 4694 3136 4746 etiam
3177 4691 3423 4746 mortalia
3453 4708 3574 4746 cor-

2005 4800 2139 4852 pora
2181 4793 2389 4848 vestra,
2435 4801 2527 4853 per
2572 4785 2738 4853 ipsius
2791 4781 3048 4851 Spiritum
3086 4783 3465 4836 inhabitantem
3518 4785 3572 4840 in

2009 4876 2145 4927 vobis
2188 4877 2240 4932 “.

327 4965 403 5018 τὰ
431 4966 542 5035 ἐμὰ
575 4966 688 5036 τῆς
717 4967 922 5037 φωνῆς
955 4985 1076 5038 μου
1108 4969 1429 5033 ἀκούουσι,
1462 4967 1560 5021 καὶ
1601 4968 1716 5037 ἐγὼ
1749 4965 1901 5034 ζωὴν
1937 4967 2175 5019 αἰώνιον
2207 4967 2411 5037 δίδωμι
2443 4968 2663 5032 αὐτοῖς.
2731 4962 3151 5034 Ζωοποιούμεϐα
3211 4963 3266 5017 δε
3298 4963 3382 5017 διὰ
3411 4964 3576 5018 Πνεύέ

333 5077 524 5128 ματος,
564 5060 640 5124 ὥς
685 5076 817 5131 φησι
868 5061 1114 5124 Παῦλος·
1166 5061 1231 5114 '0
1273 5061 1504 5129 ἐγείρας
1545 5059 1802 5130 Χριστὸν
1840 5061 1908 5113 ἐκ
1946 5058 2174 5126 νεκρῶν
2211 5061 2554 5129 ζωοποιήσει
2596 5058 2692 5111 καὶ
2759 5055 2829 5109 τὰ
2877 5055 3061 5123 θνητὰ
3095 5055 3340 5110 σώιιατα
3412 5057 3569 5126 ὑμῶν

330 5149 432 5201 διὰ
469 5151 573 5205 τοῦ
602 5151 981 5218 ἐνοικοῦντος
1012 5150 1200 5206 αὐτοῦ
1230 5153 1573 5221 Πνεύματος
1598 5153 1669 5205 έν
1698 5151 1858 5218 ὑμῖν.

496 5242 635 5295 Ἀλλ’
665 5245 693 5296 6
720 5245 896 5297 πάντα
918 5242 1189 5315 τολμηρὸς
1216 5236 1390 5307 οὗτος,
1415 5244 1508 5296 καὶ
1535 5242 1609 5314 μὴ
1632 5243 1909 5313 ὑποπτήσ-

330 5354 441 5389 σων
489 5336 584 5390 τὸν
631 5337 1008 5408 ἐπηρτημένον
1061 5336 1302 5389 κίνδυνον
1351 5337 1464 5399 τοῖς
1667 5333 1902 5403 τολμῶσι

329 5428 651 5498 βλάσφημόν
681 5445 732 5481 τι
771 5429 921 5499 ῥῆμα
966 5429 1044 5492 εἰς
1077 5427 1138 5481 τὸ
1175 5425 1398 5499 Πνεῦμα
1442 5427 1504 5479 τὸ
1551 5426 1701 5494 ἆγιον
1733 5426 1908 5497 ἀπορ-

329 5517 506 5588 ρῖψαι,
536 5519 801 5589 ἀμέτοχον
829 5519 960 5572 αὐτὸ
993 5518 1246 5589 θεότητος
1275 5516 1656 5586 ἀποφαίνεται,
1684 5516 1909 5587 γράφων

324 5607 472 5661 οὕτω
498 5609 627 5679 περὶ
659 5609 753 5661 τοῦ
785 5607 1100 5677 Πνεύματος
1122 5625 1136 5640 ο

2181 5239 2382 5291 Verum
2435 5237 2524 5292 hic
2581 5237 2682 5291 iste
2735 5251 2856 5290 cum
2902 5235 3098 5290 audeat
3135 5235 3354 5298 omnia,
3400 5249 3574 5301 neque

2013 5327 2502 5404 periculum,quod
2537 5325 2763 5382 cuilibet
2795 5325 3163 5394 blasphemum
3199 5323 3416 5392 aliquod
3453 5337 3574 5374 ver-

2005 5426 2130 5481 bum
2163 5424 2216 5476 in
2251 5421 2515 5490 Spiritum
2548 5427 2792 5475 sanctum
2821 5420 3070 5475 emittere
3111 5416 3330 5470 audenti
3363 5415 3568 5482 impen-

2007 5519 2117 5573 det.
2150 5515 2358 5576 timeat,
2396 5520 2672 5578 expertem
2705 5525 2826 5565 eum
2858 5509 3072 5565 deitatis
3108 5505 3450 5576 pronuntiat,
3495 5507 3571 5559 sic

2005 5608 2074 5661 de
2101 5605 2304 5676 Spiritu
2335 5604 2579 5658 scribens
2611 5619 2624 5657 :

394 5806 409 5830 ’
441 5803 600 5861 Juau.
637 5822 675 5869 ι,
712 5806 796 5861 1‘2.
857 5803 1094 5877 _'_R_otn.
1148 5819 1267 5877 \‘lti.
1304 5805 1404 5877 15.7
1469 5805 1489 5836 ³
1529 5768 1712 5877 Matth.
1743 5819 1900 5864 unt,

1995 5808 2026 5860 ι.
2103 5804 2306 5862 ‘Jnan.
2341 5825 2453 5869 xw.
2490 5812 2581 5867 ‘26.
2660 5815 2722 5866 ⁸1
2756 5814 2884 5870 Cor.
2942 5833 3036 5877 stt.
3075 5819 3186 5877 4-5.
3268 5824 3285 5850 ⁸⁵
3333 5823 3463 5877 ib'd.
3501 5823 3582 5876 ll.

314 5876 334 5908 ’
373 5878 494 5929 Act.
543 5895 650 5934 ut.
688 5879 774 5930 il.
854 5875 874 5905 '
911 5873 930 5926 Ι
961 5873 1089 5929 αυτ.
1135 5890 1194 5938 ιι,
1236 5875 1438 5939 10,11.
1517 5875 1749 5928 ’l'l‘itn.
1789 5891 1860 5939 ιἰ,

2069 5877 2108 5907 ¹⁰
2141 5877 2275 5931 Joan
2311 5898 2362 5946 χ,
2402 5881 2494 5934 27.
2576 5886 2615 5915 ¹¹
2660 5882 2817 5938 Runt.
2849 5903 2964 5952 ιιει,
3005 5873 3086 5944 il.
