4078 6292
573 400 679 462 8ίὸ

654 549 786 604 Eun.
824 546 1043 603 Tertius
1092 547 1281 600 ordine
1323 554 1378 599 et
1421 553 1612 599 natura
1636 582 1652 604 ,
1711 541 1889 597 Patris
1928 542 2146 610 quidem
2179 545 2215 594 .\

580 649 873 708 praecepto,
904 636 1222 706 operatione
1265 649 1394 688 vero
1426 635 1549 690 Filii
1587 634 1782 698 factus,
1821 634 1982 686 tertio
2027 633 2147 685 loco

581 735 914 796 honoratus,
959 740 1213 799 tauquam
1261 729 1349 798 qui
1387 728 1458 781 sit
1492 729 1762 795 primum,
1795 725 2150 792 omniumque

580 824 910 883 maximum,
962 831 1016 876 et
1049 819 1222 874 solum
1268 819 1575 887 hujusmodi
1617 816 1890 885 opificium
1944 813 2146 884 Unige-

581 916 700 974 niti,
734 913 934 967 deitate
961 926 1025 966 ac
1057 911 1275 965 creandi
1311 911 1546 978 potu-mia
1578 925 1792 963 carens.

650 1003 775 1058 Bas.
813 1003 929 1057 Hoc
958 1002 1049 1071 qui
1077 1001 1241 1065 dicit,
1279 1015 1377 1055 nec
1406 1001 1660 1054 deitatem
1691 1001 1935 1055 habitare
1963 1000 2014 1052 in
2046 1014 2145 1051 no-

582 1093 665 1149 bis
702 1094 911 1147 videtur
949 1095 1194 1156 credere,
1249 1093 1349 1146 etsi
1398 1094 1464 1146 de
1514 1092 1622 1147 Deo
1668 1089 1903 1146 Joannes
1945 1092 2078 1145 dicit
2128 1108 2143 1146 :

579 1181 666 1237 Ea:
694 1187 792 1236 hoc
825 1185 1046 1249 scimus,
1083 1186 1222 1254 quod
1249 1185 1304 1236 in
1337 1183 1482 1237 nobis
1517 1198 1589 1236 est
1609 1222 1624 1246 ,
1654 1198 1718 1236 ea:
1746 1181 1967 1250 Spiritu,
1994 1197 2147 1252 quem
2187 1225 2193 1233 .

580 1274 727 1326 nobis
751 1275 897 1326 dedit
939 1277 952 1304 ¹
990 1291 1004 1339 ;
1045 1283 1100 1327 et
1116 1273 1407 1340 Apostolus
1433 1290 1446 1326 :
1480 1270 1707 1326 Nescitis
1738 1272 1877 1334 quod
1902 1271 2148 1338 (emplum

581 1365 677 1418 Dei
693 1365 840 1429 estis,
857 1375 903 1418 et
925 1363 1158 1431 Spiritus
1181 1364 1271 1417 Dei
1287 1365 1488 1416 habitat
1507 1363 1560 1416 in
1580 1363 1722 1416 vobis
1749 1365 1769 1394 ³
1795 1364 1818 1416 ?
1841 1371 1894 1416 et
1912 1377 2100 1416 rursus
2130 1378 2144 1414 :

582 1453 649 1508 In
677 1472 778 1525 quo
810 1457 976 1509 omnis
1010 1456 1294 1520 mdi/icatio
1319 1463 1682 1524 coagmentata
1700 1455 1892 1510 crescit
1922 1454 1978 1507 in
2013 1463 2146 1506 tem-

581 1548 726 1615 plum
764 1557 1003 1600 sanctum
1035 1547 1091 1600 in
1135 1545 1378 1610 Domino,
1419 1547 1475 1598 in
1505 1560 1608 1613 quo
1652 1554 1698 1596 et
1716 1559 1818 1598 τοι
1847 1543 2146 1612 coaediﬁca-

581 1636 712 1691 min-i
757 1638 812 1689 in
860 1637 1221 1690 habitaculum
1273 1636 1364 1688 Dei
1396 1636 1449 1687 in
1497 1634 1700 1703 Spiritu
1767 1633 1808 1690 ³.
1860 1633 2072 1702 Itaque,
2105 1633 2148 1686 si

585 1728 728 1783 Dens
759 1730 812 1782 in
837 1729 996 1783 nobis
1024 1743 1117 1794 per
1148 1727 1409 1795 Spiritum
1442 1725 1690 1780 habitare
1717 1724 1936 1788 dicitur,
1971 1739 2154 1779 nonne

586 1817 868 1872 manifesta
904 1818 1153 1885 impietas
1185 1826 1290 1881 est,
1323 1816 1500 1883 ipsum
1533 1814 1796 1883 Spiritum
1825 1815 2009 1868 dicere
2037 1815 2150 1870 dei-

585 1913 710 1967 tatis
741 1911 1057 1966 exsortem?
1089 1911 1175 1975 Et,
1201 1911 1243 1965 si
1268 1927 1360 1964 eos
1391 1910 1478 1978 qui
1513 1911 1713 1962 virtute
1741 1908 1964 1976 perfecti
1993 1919 2139 1972 sunt,

586 2007 718 2060 deos
745 2003 1111 2066 nominamus,
1137 2002 1398 2071 perfectio
1422 2011 1604 2054 autem
1634 2009 1718 2054 est
1743 2015 1838 2069 per
1859 1997 2152 2068 Spiritum;

586 2095 856 2166 quomodo
887 2095 978 2163 qui
1015 2093 1151 2148 alios
1183 2091 1347 2146 efficit
1396 2093 1549 2159 deos,
1591 2091 1680 2146 ille
1707 2091 1823 2160 ipse
1865 2090 2154 2145 destitutus

588 2190 788 2243 deitate
811 2187 936 2244 est?
973 2187 1086 2241 Nec
1112 2201 1242 2240 vero
1276 2185 1421 2253 pium
1449 2184 1613 2238 fuerit
1640 2185 1838 2247 dicere,
1877 2193 1935 2237 ut
1971 2184 2022 2236 in
2057 2182 2154 2235 ho-

589 2279 845 2344 minibus,
895 2277 968 2328 ita
994 2285 1048 2329 et
1077 2275 1129 2328 in
1160 2275 1368 2341 Spiritu
1402 2274 1659 2328 deitatem
1691 2287 1812 2342 quae
1851 2272 2151 2341 participa-

588 2370 734 2422 tione
771 2368 1036 2436 acquisita
1075 2366 1166 2427 sit,
1204 2366 1485 2431 honorari,
1516 2380 1620 2418 non
1658 2374 1840 2417 autem
1871 2373 2062 2418 natura
2099 2366 2151 2419 ei

585 2469 914 2528 competere.
959 2458 1060 2524 Qui
1089 2457 1231 2512 enim
1281 2457 1424 2510 dono
1450 2454 1682 2509 edicitur
1711 2454 1876 2517 Deus,
1917 2455 2152 2510 mutabi-

587 2554 652 2608 lis
679 2563 762 2608 cst
790 2562 1029 2615 naturae,
1061 2563 1180 2618 quae
1227 2562 1608 2616 nonnunquam
1640 2561 1736 2615 per
1767 2546 2148 2615 negligentiam

586 2660 614 2697 a
667 2643 911 2698 bonitate
943 2642 1182 2696 excidat.
1217 2640 1272 2694 Id
1318 2649 1497 2693 autem
1540 2648 1726 2708 aperte
1765 2638 2019 2692 salutaris
2051 2638 2149 2691 ba-

584 2735 766 2805 ptismi
796 2742 1058 2803 repugnat
1085 2731 1387 2786 traditioni.
1416 2730 1634 2794 Euam,
1663 2731 1862 2800 inquit,
1892 2729 2154 2796 baptizata

585 2831 640 2882 in
670 2828 878 2882 nomine
901 2823 1106 2888 Patris,
1137 2833 1184 2876 et
1214 2821 1370 2886 Filii,
1403 2831 1452 2875 et
1483 2821 1717 2887 Spiritus
1753 2821 1924 2873 sancti
1962 2817 1984 2850 ⁸
2012 2855 2027 2872 .
2061 2818 2156 2874 Est

584 2918 730 2982 enim
769 2915 1032 2984 baptisma
1072 2913 1306 2984 sigillum
1343 2911 1500 2972 ﬁdei.
1537 2911 1670 2964 fides
1720 2923 1850 2962 vero
1892 2921 2151 2962 assensus

585 3021 670 3063 est
726 3006 932 3061 deitati.
1005 3004 1138 3058 Nam
1194 3003 1414 3058 credere
1461 3002 1610 3071 prius
1664 3010 1911 3069 Oportet,
1964 3001 2158 3055 deinde

585 3099 912 3168 baptismate
941 3096 1237 3166 obsignari.
1272 3093 1368 3148 Est
1410 3105 1588 3148 autem
1625 3103 1807 3147 noster
1855 3092 2156 3163 baptismus

593 3204 657 3242 ex
677 3187 885 3244 Domini
921 3185 1234 3249 traditione,
1257 3184 1308 3238 in
1329 3199 1523 3238 nomen
1542 3182 1736 3247 Patris,
1759 3193 1815 3238 et
2013 3182 2154 3247 Filii,

1807 397 2184 459 EUTHYMH
2225 397 2584 458 ZIGABENI

3713 408 3800 470 836

2333 537 2490 590 ΕΥΝ.
2526 537 2720 607 Τρίτον
2755 535 2905 601 τάξει
2944 537 3037 590 καὶ
3234 536 3415 606 φύσει,
3461 541 3802 612 προστάγματι

2265 630 2364 700 μὲν
2399 628 2491 681 τοῦ
2527 629 2773 700 Πατρὸς,
2811 629 3061 699 ἐνεργείᾳ
3105 628 3164 682 δὲ
3209 629 3303 682 τοῦ
3360 629 3488 682 Υίοῦ
3527 633 3802 702 γενόμενον,

2261 723 2415 793 τρίτῃ
2443 720 2597 792 χώρᾳ.
2628 720 2957 792 τιμώμενον,
2989 719 3064 783 ὡς
3089 720 3304 790 πρῶτον
3331 721 3427 772 καὶ
3456 721 3631 790 μεῖζον
3656 723 3798 777 ἀπάν-

2261 833 2367 867 των
2389 856 2400 876 ,
2443 815 2538 868 καὶ
2591 815 2751 885 μόνον
2787 812 3025 867 τοιοῦτον
3073 813 3168 866 τοῦ
3217 813 3556 882 Μονογενοῦς
3599 816 3798 886 ποίημα,

2263 907 2512 976 Θεότητος
2539 907 2632 960 καὶ
2661 906 3057 976 δημιουργικῆς
3078 906 3361 975 δυνάμεως
3385 905 3797 975 ἀπολειπόμενον,

2333 999 2478 1050 ΒΑΣ.
2527 999 2583 1050 ’0
2612 997 2668 1050 δὲ
2700 996 2858 1050 τοῦτο
2893 996 3066 1064 λέγων
3116 996 3260 1049 ἔοικε
3298 998 3437 1066 μηδὲ
3461 997 3563 1067 ’τὴν
3605 998 3801 1070 θεότητα

2263 1091 2682 1144 πεπιστευκέναι
2714 1093 2770 1144 ἐν
2811 1092 2943 1161 ἡμῖν
2970 1090 3139 1142 οἰκεῖν
3173 1121 3193 1150 ,
3332 1090 3425 1142 τοῦ
3470 1091 3700 1144 Ἰωάννου
3729 1092 3801 1146 λέ-

2264 1201 2448 1253 γοντος
2485 1184 2610 1254 περὶ
2643 1182 2777 1236 Θεοῦ
2799 1198 2810 1211 ·
2858 1183 2952 1234 Ἐκ
2984 1183 3195 1235 τούτου
3225 1181 3612 1251 γινώσκομεν,
3645 1185 3720 1237 ὅτι
3748 1187 3804 1236 έν

2265 1275 2409 1343 ἡμῖν
2435 1274 2637 1334 ἐστιν,
2670 1273 2739 1324 ἐκ
2780 1271 2885 1326 τοῦ
2938 1271 3286 1339 Πνεύματος
3336 1267 3411 1324 οὗ
3441 1271 3584 1340 ἡμῖν
3612 1271 3800 1326 ἔδωκε’

2265 1366 2358 1418 καὶ
2404 1363 2497 1416 τοῦ
2554 1363 2911 1416 Ἀποστόλου·
2952 1364 3072 1415 Οὐκ
3117 1362 3340 1423 οἴδατε,
3383 1361 3470 1414 ὅτι
3507 1362 3644 1427 ναός
3680 1365 3802 1417 Θεοῦ

2265 1458 2421 1520 ἐστε,
2463 1458 2561 1511 καὶ
2591 1457 2656 1509 τὸ
2689 1457 2929 1525 Πνεῦμα
2962 1456 3067 1508 τοῦ
3105 1455 3253 1508 Θεοῦ
3270 1454 3421 1507 aliis?
3453 1455 3521 1506 ἐν
3541 1454 3700 1524 dph;
3729 1457 3799 1508 καὶ

2266 1551 2446 1605 πάλιν·
2487 1552 2583 1603 Ἑν
2605 1549 2651 1614 ᾧ
2675 1551 2712 1617 ἡ
2735 1548 2901 1604 πᾶσα
2926 1547 3208 1615 οἰκοδομὴ
3231 1548 3802 1617 συναρμολογουμένη

2267 1645 2434 1708 αὔξει
2473 1645 2558 1708 είς
2602 1644 2752 1696 ναὸν
2796 1641 2968 1709 ἅγιον
2997 1641 3066 1693 ἐν
3098 1640 3294 1706 Κυρίῳ
3313 1679 3328 1701 ,
3361 1639 3432 1691 ἐν
3461 1632 3508 1704 ᾧ
3539 1639 3629 1691 καὶ
3665 1640 3803 1707 ὑμεῖς

2268 1733 2798 1803 συνοικοδομεῖσθε
2837 1735 2920 1797 εἰς
2955 1729 3416 1796 κατοικητήριον
3449 1729 3554 1782 τοῦ
3596 1729 3725 1782 Θεοῦ
3748 1730 3804 1780 ἑν

2268 1827 2584 1894 Πνεύματι.
2617 1825 2678 1877 Εἰ
2700 1824 2878 1876 τοίνυν
2908 1825 2965 1874 ὲν
2993 1824 3126 1891 ἡμῖν
3153 1823 3180 1873 ὁ
3201 1819 3336 1883 Θεὸς
3371 1821 3594 1872 ἐνοικεῖν
3622 1818 3803 1886 λέγεται

2197 1907 2238 1958 Β
2267 1918 2355 1972 διὰ
2379 1918 2473 1971 τοῦ
2501 1917 2833 1987 Πνεύματος,
2866 1915 2981 1978 πῶς
3010 1915 3130 1983 οὐχὶ
3155 1914 3398 1984 φανερᾶς
3429 1912 3664 1974 ἀσεϐείας
3683 1913 3803 1963 ἐστὶν

2270 2009 2400 2063 αὐτὸ
2431 2009 2494 2061 τὸ
2520 2008 2742 2078 Πνεῦμα
2774 2007 2952 2074 λέγειν
2979 2005 3244 2075 ἀμέτοχον
3261 2004 3368 2072 τῆς
3398 2004 3669 2073 Θεὸτητος;
3696 2003 3800 2061 Καὶ.

2269 2102 2320 2154 εἰ
2348 2101 2501 2162 θεοὺς
2535 2097 2872 2170 ὀνομάζομεν
2899 2098 3025 2160 τοὺς
3052 2098 3171 2148 κατ’
3204 2094 3409 2165 ἀρετὴν
3442 2093 3684 2156 τελείους,
3708 2095 3736 2163 ἡ
3758 2092 3804 2145 δὲ

2268 2193 2543 2254 τελείωσις
2575 2191 2662 2244 διὰ
2701 2191 2794 2243 τοῦ
2833 2189 3178 2258 Πνεύματος,
3217 2187 3339 2251 πῶς
3373 2187 3434 2239 τὸ
3477 2185 3683 2256 ἑτέρους
3709 2184 3805 2236 Oeo-

2270 2284 2454 2338 ποιοῦν
2483 2283 2621 2338 αὐτὸ
2659 2283 2757 2352 τῆς
2792 2282 3040 2351 Οεότητος
3085 2281 3476 2351 ἀπολείπεταις
3529 2277 3675 2330 Ἀλλά
3718 2275 3803 2345 μὴν

2269 2377 2390 2429 οὐδὲ
2418 2373 2661 2437 εὐσεϐὲς,
2704 2371 2890 2443 ὥσπερ
2931 2373 3024 2423 ἐπὶ
3051 2370 3159 2422 τῶν
3203 2369 3510 2441 ἀνθρώπων
3532 2411 3547 2436 ,
3576 2368 3703 2420 οὕτω
3729 2365 3804 2418 καὶ

2270 2469 2360 2520 ἐπὶ
2390 2465 2483 2519 τοῦ
2528 2462 2864 2534 Πνεύματος,
2904 2463 3170 2532 μεθεκτὴν
3199 2461 3383 2530 λέγειν
3414 2460 3574 2514 αὐτοῦ
3601 2459 3690 2528 τὴν
3716 2457 3804 2510 θεό-

2269 2575 2408 2628 τητα
2428 2553 2751 2625 τετιμῆσθαι
2786 2586 2806 2613 ,
2940 2553 3035 2605 καὶ
3057 2552 3179 2622 οὐχὶ
3208 2551 3372 2620 φύσει
3399 2548 3544 2619 αὑτῴ
3571 2545 3805 2615 συνυπάρ-

2270 2665 2405 2718 χειν.
2450 2649 2507 2700 '0
2547 2648 2654 2716 γὰρ
2695 2644 2876 2714 χάριτι
2909 2642 3326 2712 Θεοποιούμενος
3359 2642 3456 2710 τῆς
3490 2641 3801 2711 μεταπτωτῆς

2271 2741 2386 2791 ἐστι
2429 2738 2660 2806 φύσεως,
2701 2735 2758 2800 ἐξ
2797 2733 3126 2806 ἀπροσεξίας
3158 2733 3288 2785 ποτὲ
3329 2733 3422 2785 καὶ
3471 2727 3801 2801 ἀπορρεούσης

2270 2832 2363 2885 τοῦ
2403 2829 2728 2900 κρείττονος.
2776 2827 2944 2880 Τοῦτο
2980 2827 3037 2879 δὲ
3072 2824 3260 2894 σαφῶς
3304 2823 3528 2894 μάχεται
3565 2825 3622 2891 τῇ
3654 2834 3798 2888 παρει-

2271 2923 2412 2977 δόσει
2433 2920 2526 2975 τοῦ
2548 2922 2811 2991 σωτηρίου
2838 2918 3226 2988 βαπτίσματος.
3255 2914 3653 2983 Πορευθέντες,
3675 2909 3800 2977 φησὶν

2271 3010 2579 3078 βαπτίζετε
2600 3013 2687 3076 εὶς
2711 3009 2776 3063 τὸ
2803 3009 2988 3076 ὄνομα
3010 3007 3114 3060 τοῦ
3144 3007 3399 3073 Πατρὸς,
3425 3005 3517 3056 καὶ
3545 3002 3640 3055 τοῦ
3671 2998 3800 3058 Υὶοῦ,

2228 3103 2369 3156 ικαὶ
2407 3102 2513 3156 τοῦ
2556 3102 2729 3170 ἁγίου
2775 3099 3142 3166 Πνεύματος,
3329 3097 3480 3147 ’Ἐστι
3505 3092 3608 3161 γὰρ
3633 3092 3686 3141 τὸ
3727 3088 3803 3156 βά-

2271 3209 2483 3261 πτισμα
2525 3191 2760 3262 σφραγὶς
2796 3189 2894 3259 τῆς
2924 3190 3175 3252 πίστεως,
3217 3187 3251 3255 ἡ
3285 3186 3343 3238 δὲ
3383 3185 3554 3245 πίστις
3590 3181 3804 3247 θεότητος

586 3292 641 3351 et
693 3279 926 3347 Spiritus
986 3278 1181 3343 sancti,
1251 3275 1393 3330 nulla
1436 3276 1706 3333 creatura,
1761 3287 1938 3341 neque
1993 3286 2156 3328 servo

2273 3283 2688 3355 συγκατάθεσις.
2723 3277 3014 3334 Πιστεῦσαι
3044 3278 3151 3347 γὰρ
3183 3277 3262 3330 δεῖ
3304 3277 3574 3347 πρότερον,
3602 3268 3706 3324 εἷτα
3740 3267 3803 3336 τῷ

587 3369 736 3422 Patri
779 3383 842 3421 ac.
882 3366 1022 3421 Filio
1077 3366 1390 3434 coniuncto,
1429 3381 1550 3418 cum
1610 3364 1860 3418 deitasin
1889 3363 2156 3419 Trinitate

589 3459 947 3526 centpleatur.
981 3457 1115 3510 Nam
1151 3457 1410 3524 quidquid
1442 3466 1594 3508 extra
1625 3458 1720 3507 hos
1763 3438 1844 3507 est
1867 3493 1881 3517 ,
1911 3454 1962 3508 id
1991 3469 2153 3508 omne

590 3564 908 3602 conservum
937 3557 1039 3609 est,
1070 3547 1278 3600 etiamsi
1313 3547 1546 3598 maxime
1570 3545 1639 3598 ob
1664 3544 1983 3610 dignitatum
2014 3558 2152 3612 pra:-

591 3642 843 3695 stantiam
878 3639 982 3691 alia
1010 3638 1130 3692 aliis
1155 3647 1569 3706 anteponantur.

2275 3375 2609 3445 βαπτίσματι
2641 3367 3159 3442 ὲπισφραγίσασοαι.
3196 3366 3272 3418 Τὸ
3296 3367 3354 3419 δὲ
3381 3365 3646 3434 βάπτισμα
3673 3357 3804 3427 ἡμῶν

2273 3469 2390 3520 ἐστι
2423 3464 2562 3518 κατά
2599 3465 2698 3536 τὴν
2728 3462 2822 3516 τοῦ
2993 3460 3198 3531 Κυρίου
3226 3457 3537 3527 παράδοσιν,
3565 3453 3638 3514 εἰς
3663 3450 3801 3514 ὄνομα

2275 3558 2487 3628 Πατρὸς
2549 3556 2643 3610 καὶ
2695 3555 2827 3609 Υἱοῦ
2886 3555 2981 3607 καὶ
3029 3551 3184 3624 ἁγίου
3236 3549 3577 3617 Πνεύματοςο
3623 3536 3800 3628 ossae;

2273 3653 2593 3720 κτίσματος,
2627 3649 2746 3701 οὐδὲ
2779 3646 2962 3699 δούλου
2994 3643 3165 3712 Harp!
3197 3643 3294 3694 καὶ
3335 3637 3445 3707 Υἱῷ
3481 3620 3798 3720 συντεταγμέ-

591 3747 700 3794 νου.
730 3730 806 3795 ὡς
845 3733 943 3800 τῆς
995 3733 1247 3802 Θεότητος
1280 3701 1363 3783 ⁷ιὶν
1398 3733 1589 3802 Τριάδι
1627 3730 2151 3800 συμπληρουμένης.
2521 3701 2728 3780 τούτων
2756 3722 3046 3790 ὁμόδουλον
3091 3701 3235 3773 ἅπαν
3289 3701 3435 3782 ἐστὶ,
3488 3711 3585 3764 κᾶν
3612 3707 3674 3761 τὰ
3719 3701 3805 3771 μά-

592 3836 745 3884 iusta.
786 3829 1114 3900 ὑπερϐολαῖς
1145 3829 1476 3898 ἀξιωμάτων
1509 3829 1645 3883 ἄλλα
1679 3829 1856 3882 ἄλλων
1891 3826 2338 3898 προτετιμημένα
2376 3824 2623 3894 τυγχάνῃ

663 3922 770 3979 Nec
828 3924 961 3980 mihi
999 3939 1192 3978 rursus
1242 3925 1509 3995 sapientia
1545 3922 1639 3977 illa
1673 3923 1839 3975 verba
1877 3920 2109 3990 obiicias
2147 3937 2160 3973 :

593 4015 726 4072 Eua.
784 4015 839 4071 Si
892 4027 1142 4073 creatura
1205 4033 1310 4072 non
1364 4023 1468 4078 est,
1525 4015 1693 4085 igitur
1748 4016 2000 4086 genitura
2073 4021 2168 4066 aut

601 4107 897 4180 ingenitus.
945 4105 1098 4161 Unus
1129 4114 1310 4160 autem
1355 4102 1500 4159 Deus
1537 4112 1622 4159 est
1664 4100 1934 4172 principio
1969 4113 2163 4153 carens

600 4210 765 4270 atque
811 4198 1102 4266 ingenitus.
1151 4196 1334 4266 Neque
1369 4210 1499 4249 vero
1543 4193 1791 4264 genitura
1823 4204 1927 4247 est.
1973 4191 2164 4245 Restat

600 4305 730 4358 ergo
751 4300 810 4343 ut
833 4289 948 4358 ipse
976 4297 1226 4342 creatura
1262 4287 1580 4355 facturaque
1617 4284 1945 4338 nominetur.

674 4379 796 4436 Bas.
845 4378 958 4447 Ego
1001 4393 1163 4444 vero,
1191 4378 1237 4432 si
1287 4386 1479 4432 cuncta
1518 4376 1817 4445 judicarem
1861 4375 2170 4442 cognitione

605 4479 784 4523 nostra
835 4469 1215 4538 comprehendi
1274 4483 1454 4536 posse,
1509 4483 1594 4522 me
1651 4469 1884 4522 fortasse
1940 4469 2172 4534 puderet

606 4556 967 4625 ignorantiam
1004 4557 1272 4610 confiteri.
1309 4556 1462 4610 Nunc
1495 4567 1677 4610 autem
1712 4558 2025 4621 innumera,
2062 4572 2167 4610 non

2345 3917 2453 3970 Καὶ
2486 3917 2558 3982 μή
2599 3931 2691 3981 μοι
2721 3911 2882 3965 πάλιν
2916 3909 2988 3963 τὰ
3015 3909 3154 3975 σοφὰ
3187 3906 3381 3958 ταῦτα·

2340 3978 2504 4062 ΕΥΝζ
2544 3978 2677 4060 ίεάν
2721 4004 2796 4072 μὴ
2827 4001 3033 4071 κτίσμα
3061 4000 3231 4060 ἐστὶν,
3287 3978 3798 4061 manem,an

2269 4094 2587 4165 ἀγέννητον.
2759 4085 2854 4154 Εἷς
2881 4090 2936 4144 δὲ
2967 4091 3200 4162 ἄναρχος
3230 4087 3362 4151 Θεὸς
3401 4083 3490 4139 καὶ
3517 4082 3789 4150 ἀγέννητος·

2271 4183 2406 4236 υῦτε
2438 4182 2543 4253 μὴν
2571 4183 2836 4252 γέννημα.
2865 4180 3124 4234 Λείπεται
3154 4172 3246 4230 οὗν
3274 4175 3473 4245 κτίσμα
3502 4173 3588 4226 καὶ
3613 4168 3788 4235 ποίημα

2270 4274 2400 4327 αὐτὸ
2427 4273 2806 4343 ὀνομάζεσθαι.

2339 4379 2486 4431 ΒΑΣ.
2539 4376 2678 4445 Ἐγὼ
2723 4376 2800 4439 δὲ,
2845 4379 2892 4428 εί
2945 4375 3042 4444 μὲν
3090 4373 3267 4426 πάντα
3311 4367 3620 4440 διωριζόμην
3650 4373 3787 4413 καταο

2269 4469 2451 4540 ληπτά
2484 4469 2641 4539 ἡμῶν
2663 4465 2799 4520 εἶναι
2827 4470 2892 4536 τῇ
2919 4464 3138 4535 γνώσει,
3171 4461 3442 4534 ᾐσχύνθην
3467 4458 3528 4511 ἂν
3554 4455 3666 4512 ἴσως
3687 4451 3788 4540 be?-

2269 4561 2496 4630 λογῆσαι
2545 4560 2641 4627 τὴν
2678 4560 2899 4624 ἄγνοιαν
2919 4573 2934 4588 ο
2980 4555 3075 4609 νῦν
3105 4555 3160 4607 δὲ
3199 4554 3366 4625 μυρία
3539 4546 3592 4598 οὐ
3623 4541 3713 4595 τῶν
3737 4539 3787 4630 ἓν

604 4648 778 4702 solum
814 4662 880 4703 ex
911 4648 976 4702 iis
1003 4662 1122 4716 qua:
1151 4648 1307 4704 nobis
1339 4647 1393 4700 in
1422 4648 1605 4702 futuro
1631 4647 1833 4700 saeculo
1869 4647 2163 4701 recondun-

2268 4651 2344 4722 τῷ
2371 4652 2616 4721 μέλλοντι
2641 4652 2799 4704 αἰῶνι
2819 4647 3196 4716 ἀποκειμένων
3217 4647 3350 4715 ἡμῖν
3381 4641 3550 4713 μόνον,
3572 4633 3678 4688 οὔτε
3701 4627 3786 4722 τῶν

605 4748 716 4806 tur,
747 4748 804 4795 et
827 4755 892 4796 ex
931 4739 998 4795 iis
1031 4755 1151 4809 quae
1186 4754 1326 4794 nunc
1357 4740 1408 4794 in
1448 4737 1601 4792 caelis
1641 4725 1787 4800 sunt,
1825 4737 1990 4791 latent
2033 4723 2168 4791 nos:

605 4834 700 4887 sed
730 4847 908 4903 neque
942 4847 1004 4887 ea
1051 4847 1172 4902 quae
1203 4830 1256 4885 in
1291 4840 1483 4886 nostro
1516 4843 1742 4898 corpore
1773 4828 1999 4891 insunt,
2030 4830 2174 4882 clare

606 4939 671 4978 ac
711 4925 992 4981 evidenter
1025 4924 1558 4994 comprehendimus.
1609 4920 1850 4991 Exempli
1898 4935 2063 4976 causa
2110 4921 2175 4974 de

605 5015 756 5079 visu,
798 5024 1013 5082 utrum,
1038 5017 1164 5069 dum
1198 5030 1380 5070 rerum
1414 5013 1706 5070 visibilium
1738 5012 2006 5082 susceptis
2040 5011 2175 5064 ima-

606 5105 852 5177 ginibus,
887 5105 959 5158 ita
990 5105 1206 5158 demum
1239 5105 1450 5174 objecta
1489 5105 1850 5175 percipiamus
1896 5122 1908 5156 :
1946 5112 2000 5156 et
2042 5117 2175 5169 quo-

608 5197 767 5252 modo
805 5196 1162 5250 maximorum
1214 5197 1472 5250 montium
1495 5236 1511 5261 ,
1545 5197 1934 5264 immensaque
1981 5207 2171 5257 terrae,

607 5299 661 5343 et
687 5288 880 5344 infiniti
914 5287 1120 5353 maris,
1153 5303 1218 5341 ac
1261 5287 1382 5342 caeli
1429 5289 1601 5356 ipsius
1645 5288 1825 5359 imago
1871 5289 1922 5348 in
1979 5289 2170 5357 exigua

609 5392 808 5437 nostra:
849 5379 1063 5450 pupillae
1107 5393 1358 5432 mensura
1408 5379 1804 5455 contineatur:
1857 5393 1922 5431 an
1972 5394 2091 5432 cum
2144 5395 2171 5428 a

610 5473 764 5528 nobis
794 5473 1067 5542 quidpiam
1099 5470 1423 5535 emittimus,
1461 5470 1620 5538 idque
1651 5470 1718 5522 ad
1750 5469 1987 5523 visibilia
2011 5484 2170 5523 acce—

611 5562 704 5627 dit,
738 5562 816 5615 sic
847 5562 1043 5615 cadant
1071 5563 1170 5615 sub
1197 5573 1416 5613 sensum
1453 5567 1543 5612 :et
1569 5561 1696 5627 quid
1724 5561 1774 5612 id
1809 5559 1880 5612 sit
1910 5569 1965 5613 et
1997 5573 2172 5626 quan-

612 5660 758 5714 tum;
791 5650 924 5705 adeo
955 5661 1012 5704 ut
1047 5664 1342 5718 expansum
1373 5646 1599 5701 sufﬁciat
1628 5659 1786 5701 terrm
1813 5648 2079 5716 marique,
2114 5663 2175 5699 ac

686 5841 703 5872 ³
733 5842 749 5894 l
778 5839 933 5894 Joan.
977 5857 1060 5905 Ill,
1089 5844 1180 5896 2i.
1215 5845 1234 5874 ’
1262 5843 1282 5896 Ι
1313 5845 1438 5900 Cor.
1468 5859 1548 5910 ιιιι,
1585 5841 1670 5896 16.
1749 5843 1767 5872 ³
1811 5840 2009 5909 Ephcs.
2050 5857 2109 5906 ιι,
2142 5841 2235 5907 21,
2281 5842 2368 5894 9.2.

2271 4742 2366 4795 νῦν
2400 4743 2568 4795 ὄντων
2601 4744 2657 4794 ὲν
2687 4743 2798 4803 τοῖς
2830 4741 3078 4810 οὐρανοῖς
3113 4737 3537 4805 ἀποκέκρυπται,
3563 4724 3664 4780 ἀλλ’
3689 4716 3785 4772 οὗτε

2268 4833 2376 4886 τῶν
2405 4833 2755 4904 ὑπαρχόντων
2787 4833 2917 4901 ἡμῖν
2945 4832 3002 4884 ὲν
3033 4829 3110 4898 τῷ
3141 4826 3349 4896 σώματι
3371 4821 3531 4894 τρανὴ
3553 4816 3637 4883 καὶ
3661 4813 3786 4905 ἀναξν

2269 4925 2526 4997 τίρρητός
2560 4927 2706 4976 εστιν
2755 4925 2787 4991 ἠ
2836 4919 3160 4990 κατάληψις.
3197 4913 3322 4972 Οἷον
3359 4913 3538 4985 ἀμέλει
3568 4904 3678 4974 περὶ
3710 4904 3785 4997 τῆς

2270 5018 2464 5088 ὅψεως,
2485 5016 2711 5086 πότερον
2743 5014 3107 5083 εἰσδεχόμενοι
3129 5011 3229 5073 τὰς
3250 5008 3455 5068 εἰκόνας
3481 5000 3577 5053 τῶν
3596 4999 3782 5088 operm,

2271 5081 2410 5163 ουτω
2451 5081 2550 5171 τὰς
2592 5081 2919 5176 ἀ-ντιλήψειξ
2947 5081 3282 5172 ποιούμεθα·
3315 5099 3405 5151 καὶ
3437 5093 3545 5153 πῶς
3586 5081 3706 5176 δρῶν
3738 5089 3782 5124 τε

2274 5198 2667 5271 παμμεγεθῶν,
2702 5175 2807 5268 γῆς
2831 5213 2890 5248 τε
2912 5195 3164 5258 ἀπλέτου,
3189 5193 3282 5245 καὶ
3302 5188 3514 5258 ἀπείρου
3537 5175 3783 5271 Galeam:

2273 5265 2438 5345 ἔτιδὲ
2481 5265 2491 5268 -
2607 5265 2894 5344 καὶαὺτοῦ
2923 5286 3017 5341 τοῦ
3043 5283 3274 5357 οὐρανοῦ
3303 5287 3335 5353 ὴ
3366 5275 3516 5333 εἰκὼν
3539 5268 3607 5362 τῷ
3630 5265 3781 5362 βραχξξ

2278 5384 2462 5454 μέτρῳ
2495 5382 2592 5452 τῆς
2627 5381 2795 5452 κόρης
2827 5379 2982 5450 ἡμῶν
3016 5377 3351 5449 περιέχεται·
3391 5371 3422 5440 ἢ
3466 5360 3780 5454 ἐκπέμποντῇ

2274 5495 2325 5529 τι
2375 5476 2505 5546 παρ’
2557 5471 2787 5536 ἑαυτῶν,
2843 5470 2937 5524 καὶ
2985 5466 3445 5541 προσπελάζοντος
3492 5453 3653 5508 τούτου
3690 5450 3778 5546 amvi

2285 5523 2324 5529 "
2382 5523 2481 5546 ""t'
2563 5523 2680 5526 ν-ίίί
2719 5523 2787 5536 ⁷⁷1
2867 5523 2872 5524 γ
3030 5523 3043 5541 ,
3281 5523 3297 5529 _

2274 5567 2512 5635 ὁρατοῖς,
2561 5562 2733 5625 οὕτως
2777 5561 2954 5615 αὐτῶν
2990 5562 3090 5628 τὴν
3125 5559 3371 5630 αἴσθησιν
3403 5552 3593 5620 ἔχομεν.
3633 5533 3706 5590 κειὶ
3737 5523 3777 5632 Si

2277 5659 2392 5708 ἐστι
2422 5656 2577 5708 τοῦτο
2604 5656 2696 5707 καὶ
2726 5656 2908 5714 πόσον,
2945 5654 3082 5706 ὥστε
3113 5656 3182 5720 γῇ
3211 5653 3303 5705 καὶ
3331 5645 3550 5708 θαλάσσῃ
3577 5632 3775 5697 ἐξαρκείν

2451 5841 2469 5869 ⁵
2501 5840 2691 5894 Matth.
2723 5855 2908 5900 xxi-nt,
2958 5839 3044 5893 19.
