4070 6290
279 416 396 480 817

1207 412 1577 475 I‘ANOPLIA
1627 412 2084 473 DOGMATICA.
2115 437 2181 447 —
2207 410 2352 471 Tl'l‘.
2394 407 2527 471 ΧΠ.

3425 405 3533 470 813

285 545 724 616 ὲφαπλούμενον,
766 545 859 598 καὶ
905 545 1078 615 περᾷν
1123 542 1222 614 μὲν
1266 542 1358 594 τὸν
1405 543 1608 613 μεταξὺ
1642 543 1744 614 γῆς
1778 544 1871 596 καὶ

1977 556 2136 595 ocum
2177 541 2316 594 inter
2361 548 2560 592 terram
2613 547 2669 594 et
2710 537 2902 594 (telum
2943 539 3374 600 intercedentem
3428 557 3520 610 pe-

285 635 523 708 οὐρανοῦ
557 636 738 700 τόπον,
773 633 922 704 αύτῷ
951 652 1009 686 τε
1047 632 1403 704 προσϐάλλειν
1433 634 1510 705 τῷ
1540 634 1754 712 ούρανῷ
1784 652 1871 688 το-

290 729 470 798 σούτῳ
494 728 646 798 τάχει
668 727 1006 797 κινούμενον,
1037 725 1177 778 ὥστε
1202 728 1257 779 ἐν
1285 725 1383 796 ίσῳ
1408 727 1583 798 χρόνῳ
1609 727 1669 780 τό
1693 745 1750 780 τε
1779 745 1874 781 πε-

293 819 604 890 ρικείμενον
635 818 794 888 σῶμα
817 859 830 882 ,
866 818 1114 880 καὶτοὺς
1154 819 1212 870 ὲν
1253 817 1466 888 οὐρανῷ
1503 817 1740 890 ἀστέρας
1777 835 1875 869 κα-

287 909 755 980 ταμανθάνεσθαι.
788 911 897 962 Καὶ
923 909 974 961 τί
1004 909 1086 964 δεῖ
1111 908 1279 962 τάλλα
1312 909 1489 976 λέγειν
1531 925 1547 973 ;
1716 907 1874 961 Ἀλλά

289 1002 437 1054 αὐτά
464 1000 533 1053 τὰ
559 1000 651 1053 τοῦ
697 999 788 1054 νοῦ
831 1002 1127 1072 κινήματα,
1176 1000 1407 1071 πότερον
1443 998 1707 1070 κτίζεινῆ
1749 1016 1872 1068 γεν-

289 1095 391 1163 νᾷν
420 1093 662 1160 πέφυκεν
705 1094 742 1162 ἡ
769 1092 944 1162 ψυχὴ,
975 1092 1058 1156 τίς
1090 1092 1156 1145 ἂν
1190 1091 1433 1162 ἀκριϐῶς
1466 1092 1640 1156 sinat;
1675 1090 1739 1143 Τί
1779 1085 1872 1142 οῦν

291 1183 609 1253 θαυμαστὸν
654 1183 748 1236 καὶ
798 1183 926 1255 περὶ
958 1183 1052 1236 τοῦ
1095 1182 1252 1252 ἁγίου
1291 1182 1605 1252 Πνεύματος
1651 1183 1873 1235 ἀνεπαι-

294 1275 541 1345 σχόντως
574 1277 721 1346 ἡμᾶς
770 1275 866 1347 τὴν
918 1276 1138 1344 ἄγνοιαν
1185 1273 1504 1344 ὁμολογεῖν;
1555 1273 1650 1344 τὴν
1694 1273 1873 1343 μέντοι

290 1368 706 1438 ἀναντιρρήτως
749 1366 898 1437 αύτῷ
937 1366 1533 1438 προσμαρτυρουμένην
1571 1364 1873 1433 δοξολογίαν

291 1459 644 1525 ὰποδιδόναι;
684 1461 806 1513 ’Ότι
851 1461 949 1530 μὲν
997 1460 1106 1530 γὰρ
1150 1459 1292 1530 ὑπὲρ
1341 1459 1438 1530 τὴν
1481 1459 1656 1512 κτίσιν
1705 1456 1873 1517 ἐστὶν,

295 1548 501 1612 ἱκανῶς
533 1551 664 1619 ἡμῖν
697 1550 990 1621 παρίστησι
1024 1551 1093 1604 τά
1121 1550 1208 1604 διὰ
1239 1550 1347 1603 τῶν
1380 1549 1611 1622 Γραφῶν
1644 1548 1872 1619 παραδι-

297 1641 502 1711 δόμενα
555 1673 572 1698 ,
721 1643 907 1711 ἐπειδή
960 1659 1024 1710 γε
1071 1643 1330 1697 ἀδύνατον
1375 1641 1476 1711 τῆς
1523 1640 1692 1711 αὐτῆς
1737 1635 1876 1692 εἶναι

299 1732 521 1802 φύσεως
553 1732 611 1785 τό
645 1750 703 1785 τε
740 1732 962 1800 ἁγιάζον
1007 1734 1101 1787 καί⁴
1140 1733 1208 1787 τά
1239 1731 1596 1801 ἀγιαζόμενα,
1639 1729 1699 1783 τὸ
1731 1730 1876 1784 διδά-

299 1840 434 1874 σκον
475 1824 566 1876 καὶ
613 1822 680 1875 τὰ
728 1823 1110 1893 διδασκόμενα,
1153 1822 1214 1874 τὸ
1246 1820 1626 1875 ἀποκαλύπτον
1674 1821 1767 1874 καὶ
1808 1818 1876 1873 τὰ

294 1912 402 1980 τῆς
428 1911 824 1980 ἀποκαλύψεως
850 1911 1238 1982 προσδεόμενα.
1282 1910 1594 1981 Ἀγέννητον
1622 1908 1678 1961 δὲ
1703 1907 1875 1970 οὐδεὶς

293 2001 472 2064 οὕτως
500 2000 603 2066 ἔξω
637 2001 913 2066 παντελῶς
945 2005 1060 2055 ἐστι
1101 2001 1194 2055 τοῦ
1231 2004 1466 2071 φρονεῖν,
1501 2000 1640 2054 ὥστε
1671 2000 1873 2070 τολμῆ-

297 2109 393 2145 σαι
423 2093 608 2164 ἕτερον
638 2094 776 2163 πλὴν
804 2093 896 2146 τοῦ
931 2093 1063 2146 Θεοῦ
1098 2093 1205 2146 τῶν
1235 2093 1370 2146 ὅλων
1406 2092 1876 2163 προσαγορεῦσαι,

294 2183 437 2236 ἀλλὰ
469 2184 575 2256 μὴν
611 2185 730 2236 οὐδὲ
767 2185 914 2247 Υίὸν,
946 2184 1023 2256 τῷ
1049 2184 1144 2236 ἕνα
1173 2180 1310 2236 εἶναι
1345 2184 1436 2236 τὸν
1477 2183 1780 2252 Μονογενῆ.
1811 2183 1874 2236 Τί

290 2269 392 2326 οὖν
422 2274 551 2326 αὐτὸ
575 2274 677 2344 χρὴ
703 2273 886 2326 καλεῖν
931 2293 944 2340 ;
1083 2273 1306 2342 Πνεῦμα
1323 2276 1500 2342 ἆγιον,
1528 2273 1622 2326 καὶ
1651 2271 1876 2342 Πνεῦμα

290 2363 456 2425 Θεοῦ,
504 2363 597 2416 καὶ
629 2362 848 2433 Πνεῦμα
900 2362 1178 2433 ἀληθείας,
1219 2362 1676 2433 ἀποστελλόμενον
1724 2360 1876 2432 παρά

288 2453 455 2517 Θεοῦ,
482 2453 567 2506 διὰ
603 2452 726 2504 Υίοῦ
758 2452 1182 2523 χορηγούμενον,
1215 2453 1274 2505 ού
1319 2452 1524 2516 δοῦλον,
1553 2451 1666 2504 ἀλλ’
1697 2452 1874 2518 ἅγιον,

285 2543 521 2612 ἀγαθὸν.
578 2544 900 2614 ἡγεμονικόν
926 2561 941 2574 ο
1000 2543 1225 2613 Πνεῦμα
1280 2541 1595 2607 ζωοποιοῦν,
1649 2541 1874 2610 Πνεῦμα

290 2635 590 2697 υἱοθεσίας,
623 2635 982 2704 ἐπιστάμενον
1010 2635 1186 2687 πάντα
1218 2635 1287 2688 τὰ
1314 2633 1408 2687 τοῦ
1441 2634 1596 2688 Θεοῦ.
1624 2631 1780 2686 Οὕτω
1808 2632 1872 2703 δὴ

288 2732 391 2784 καὶ
429 2732 488 2782 ὲν
672 2733 737 2799 τῇ
783 2727 970 2798 Τριάδι
1012 2729 1041 2780 ό
1068 2727 1170 2797 τῆς
1213 2727 1439 2798 μονάδος
1477 2727 1874 2797 διασωθήσεται

283 2822 472 2889 λόγος,
504 2821 600 2872 ἕνα
631 2820 728 2890 μὲν
763 2821 983 2890 Πατέρα
1010 2819 1434 2890 ὁμολογούντων,
1466 2819 1560 2873 καὶ
1587 2819 1682 2872 ἕνα
1715 2817 1870 2884 Υἱὸν,

289 2912 394 2964 καὶ
423 2909 481 2962 ἓν
511 2909 734 2979 Πνεῦμα
769 2910 943 2976 ἅγιον.

459 3003 756 3071 Κομίζουσι
784 3001 842 3054 δὲ
867 2999 1190 3064 ἀποδείξεις,
1227 2997 1364 3069 πρὸς
1393 2998 1458 3067 τὸ
1486 2998 1695 3067 κτίσμα
1721 2996 1872 3068 εἰρῆ-

298 3093 426 3145 σθαι
454 3093 515 3145 τὸ
546 3093 767 3162 Πνεῦμα
791 3091 850 3144 τὸ
876 3091 1050 3160 ἅγιον,
1081 3091 1208 3161 μίαν
1253 3090 1349 3160 μὲν
1381 3092 1446 3142 ὲκ
1471 3089 1564 3141 τοῦ
1592 3089 1870 3159 προφήτου

292 3183 572 3249 λέγοντος⁹
606 3181 658 3233 '0
685 3179 945 3248 στερεῶν
957 3180 1248 3247 βροντὴν,
1271 3177 1371 3232 καί
1389 3176 1596 3236 κτίζων
1617 3175 1868 3245 πνεῦμω

1960 652 2168 704 netret,
2204 639 2312 692 imo
2356 638 2424 691 ad
2458 638 2632 705 ipsum
2664 636 2860 691 cwlum
2910 639 3228 705 perveniat,
3265 646 3526 706 tantaque

1959 739 2240 784 insveatur
2267 728 2577 792 celeritate,
2613 736 2673 781 ut
2705 727 2903 796 aequali
2959 740 3204 794 tempore
3237 738 3294 783 et
3325 743 3544 796 corpus.

1960 819 2422 888 circumpositum,
2445 826 2502 872 et
2528 816 2695 872 stella:
2725 832 2848 886 qua:
2886 817 2938 869 in
2971 816 3111 871 coelo
3147 827 3522 888 sunt,.cngnu-

1960 921 2204 966 scantur.
2238 911 2304 964 Et
2334 910 2463 979 quid
2506 909 2702 963 attinet
2731 909 2938 978 reliqua
2971 909 3185 962 dicere?
3223 908 3337 963 lmo
3383 911 3550 977 ipsos.

1962 1004 2160 1057 mentis
2186 1011 2361 1056 motus
2389 1015 2577 1056 creare
2603 1014 2670 1052 an
2697 1012 2954 1071 generare
2979 998 3152 1053 soleat
3190 999 3529 1069 anima,quis

1962 1103 2111 1147 certo
2145 1092 2334 1146 dicat?
2362 1090 2500 1157 Quid
2537 1091 2703 1158 igitur
2742 1091 2864 1144 miri
2915 1089 3100 1154 fuerit,
3133 1091 3178 1143 si
3216 1105 3432 1158 quoque
3464 1092 3530 1145 de

1963 1185 2164 1251 Spiritu
2191 1193 2381 1238 saneto
2414 1185 2554 1238 citra
2585 1183 2842 1236 ruborem
2872 1183 3237 1250 ignorantiam
3265 1185 3529 1236 conﬁtea-

1961 1291 2106 1340 ntur,
2141 1285 2195 1329 et
2226 1285 2406 1329 tamen
2436 1253 2888 1344 gloriﬁcationem
2913 1313 2926 1336 ,
2958 1288 3078 1343 quae
3128 1272 3176 1325 ei
3221 1275 3554 1329 testintonim

1962 1365 2162 1420 invicto
2213 1365 2492 1428 tribuitur,
2542 1365 2957 1433 persolvamus?
3011 1364 3220 1418 Etenim
3273 1381 3391 1434 qua:
3437 1383 3549 1433 per-

1965 1462 2275 1532 Scripturas
2353 1465 2662 1523 tradttutur,
2729 1474 2793 1514 ea
2854 1459 3030 1527 ipsum
3099 1471 3264 1525 snpra
3315 1465 3534 1510 creatu-

1963 1569 2080 1609 ram
2111 1569 2231 1610 esse
2265 1555 2399 1610 satis
2448 1554 2600 1608 nobis
2643 1554 3055 1612 demonstrant,
3089 1548 3546 1618 quandoquidem.

1967 1645 2082 1700 ﬁeri
2124 1659 2231 1700 non
2262 1654 2456 1714 potest,
2509 1652 2567 1697 ut
2607 1643 2659 1697 id
2691 1644 2834 1712 quod
2864 1641 3192 1704 sanctilicat,
3220 1648 3279 1691 et
3318 1654 3378 1692 ea
3413 1655 3531 1706 qutt-

1969 1738 2396 1800 sanctiticantur,
2429 1736 2478 1790 id
2510 1737 2653 1804 quod
2684 1737 2874 1797 docet,
2909 1742 2962 1786 et
2994 1748 3056 1786 ca
3095 1748 3216 1799 qua:
3250 1732 3529 1792 docentur,

1973 1832 2024 1884 id
2055 1830 2195 1898 quod
2243 1829 2462 1892 revelat,
2509 1837 2562 1880 et
2592 1841 2654 1880 ea
2706 1842 2823 1894 qua:
2882 1823 3210 1878 revelationc
3270 1823 3555 1891 indigent,

1972 1921 2210 1988 ejusdem
2261 1921 2370 1973 sint
2423 1929 2650 1972 tratum.
2715 1917 2883 1970 Nemo
2939 1924 3118 1968 autem
3173 1915 3252 1968 sic
3308 1930 3534 1985 prorsus

1968 2015 2190 2066 demens
2240 2022 2348 2074 est,
2396 2021 2455 2062 ut
2497 2010 2659 2062 alium
2705 2019 2902 2076 praeter
2947 2007 3112 2061 Deum
3155 2008 3557 2060 universorum-

1970 2105 2163 2156 audeat
2221 2102 2524 2171 ingenitum"
2570 2101 2878 2169 appellare,
2951 2108 3004 2151 at
3071 2113 3246 2166 neque
3302 2098 3532 2158 Filium.

1969 2195 2112 2262 quod
2159 2209 2294 2246 unus
2337 2195 2408 2246 sit
2460 2191 2797 2261 Uuigenitus.
2857 2190 3138 2256 Quomodo
3186 2190 3351 2256 igitur
3409 2205 3530 2244 eum

1970 2285 2149 2338 vocari
2197 2284 2446 2353 oportet?
2489 2283 2752 2352 Spiritum
2788 2292 3036 2336 sanctum
3065 2321 3080 2343 ,
3119 2281 3380 2348 Spiritum
3415 2281 3528 2341 Dei,

1973 2373 2234 2440 Spiritum
2285 2373 2551 2435 veritatis,
2606 2374 2696 2440 qui
2741 2371 2976 2424 mittitur
3023 2386 3051 2422 a
3109 2369 3240 2435 Deo,
3279 2371 3532 2438 suppedi-

1975 2471 2114 2519 tatur
2138 2479 2233 2532 per
2266 2463 2460 2517 Filium
2498 2480 2510 2516 :
2547 2477 2651 2515 non
2692 2476 2943 2524 servum,
2983 2461 3078 2514 sed
3119 2468 3364 2512 sanctum
3394 2503 3406 2521 ,
3439 2459 3532 2512 bo-

1973 2570 2120 2619 num,
2152 2537 2528 2622 principalem,
2557 2552 2816 2622 Spiritum
2847 2550 3234 2614 vivificantem,
3267 2550 3528 2618 Spiritum

1971 2645 2297 2711 adoptionis,
2329 2645 2571 2698 omnium
2599 2658 2721 2712 qua:
2751 2642 2840 2695 Dei
2863 2651 2997 2695 sunt
3013 2656 3261 2709 gnarum.
3293 2642 3386 2695 Sic
3416 2656 3531 2709 pro-

1973 2736 2113 2792 tecto
2142 2737 2192 2789 in
2229 2734 2496 2790 ’l‘rinitate
2538 2733 2952 2788 conservabitur
2989 2732 3212 2784 unitatis
3255 2733 3393 2783 ratio
3419 2771 3432 2792 ,
3485 2735 3529 2782 si

1971 2842 2134 2880 ttnum
2166 2825 2400 2889 Patrem,
2442 2839 2605 2877 unum
2646 2821 2863 2886 Filium,
2894 2838 3060 2876 unttm
3093 2821 3354 2890 Spiritum
3400 2838 3528 2874 san-

1971 2929 2118 2974 ctum
2142 2916 2519 2971 conﬁteamur.

2131 3006 2386 3079 Jamvero
2413 3003 2644 3058 alterunt
2669 3012 2989 3070 argumenta
3017 3042 3031 3064 ,
3064 3001 3264 3070 quibus
3305 3001 3531 3054 demon—

1973 3109 2148 3155 strent
2180 3099 2441 3166 Spiritum
2467 3105 2713 3149 sanctum
2739 3096 2941 3148 dictum
2971 3094 3138 3148 fuisse
3172 3102 3482 3146 creaturam
3515 3110 3532 3143 :

1973 3210 2136 3250 unum
2169 3191 2385 3260 quidem
2418 3205 2479 3244 ex
2511 3189 2769 3258 propheta
2797 3188 3042 3241 dicente:
3065 3186 3166 3250 Qui
3191 3186 3366 3250 ﬁmat
3399 3185 3531 3237 torti-

293 3270 494 3340 ἑτέραν
522 3268 578 3322 δὲ
605 3269 704 3340 τὴν
731 3272 794 3322 ὲκ
822 3268 915 3323 τοῦ
943 3267 1272 3336 Εὑαγγελίου
1307 3269 1410 3331 ὅτι,
1444 3266 1645 3319 Πάντα
1666 3264 1740 3317 δι’
1769 3264 1872 3316 αὑ-

1973 3279 2965 3346 truum.etcreatspiritum‘:alterutn
3043 3285 3173 3323 vero
3243 3285 3309 3323 ex
3369 3277 3539 3328 Evan—

291 3361 406 3416 τοῦ
431 3353 690 3423 ἐγένετο.
728 3353 918 3422 Ἡμεῖς
945 3352 1002 3404 δὲ
1023 3352 1114 3404 τὸν
1135 3354 1470 3424 προφητικὸν
1493 3353 1650 3420 λόγον
1671 3351 1772 3403 οὐκ
1799 3351 1879 3412 εἰς

292 3448 361 3501 τὸ
414 3446 638 3518 Πνεῦμα
676 3445 737 3498 τὸ
775 3446 950 3513 ἅγιον,
1001 3445 1118 3498 ἀλλ’
1170 3447 1250 3510 εἰς
1299 3445 1399 3516 τὴν
1450 3443 1632 3512 κοινὴν
1676 3441 1877 3512 ταύτην

294 3538 498 3608 πνοὴν.
540 3537 600 3590 τὸ
637 3535 731 3590 τοῦ
771 3536 930 3608 ἀέρος
985 3535 1221 3606 πνεῦμα,
1274 3533 1616 3603 πεπείσμεθα
1666 3533 1872 3602 φέρειν.

294 3627 468 3696 Δῆλον
508 3626 564 3678 δὲ
598 3623 825 3678 ἐκεῖθεν.
859 3624 933 3676 Ού
969 3623 1077 3695 γὰρ
1107 3622 1279 3686 εἶπεν,
1321 3625 1378 3676 Ὀ
1402 3622 1594 3682 κτίσας
1638 3619 1872 3688 πνεῦμα,

295 3713 415 3767 ἀλλ’
463 3715 514 3764 '0
550 3711 753 3772 κτίζων
785 3711 1038 3779 πνεῦμα.
1084 3712 1168 3774 Ὠς
1201 3711 1308 3782 γὰρ
1354 3713 1386 3781 ὴ
1437 3709 1632 3780 βροντὴ
1682 3709 1781 3761 οὑκ
1818 3710 1874 3760 ὲν

297 3804 596 3858 ὑποστάσει
635 3803 739 3856 τινί
774 3803 888 3854 ἐστι
923 3805 1207 3873 σωματικῇ
1239 3801 1388 3865 ἅπαξ
1419 3801 1724 3864 κτισθεῖσα,
1759 3798 1873 3853 ἀλλ’

293 3895 389 3948 ἀεὶ
412 3893 546 3964 πρὸς
579 3894 639 3946 τὸ
662 3892 754 3945 τοῦ
790 3891 926 3944 Θεοῦ
963 3891 1207 3962 βούλημα
1237 3892 1328 3945 ἐπὶ
1355 3892 1504 3962 φόϐῳ
1528 3891 1636 3944 τῶν
1664 3889 1873 3960 ἀνθρώ-

293 4002 416 4038 πων
459 3984 826 4055 ἐνεργουμένη
867 3983 1111 4051 γίνεσθαι
1145 3984 1238 4035 καὶ
1267 3982 1580 4036 διαλύεσθαι
1611 3982 1871 4049 πέφυκεν,

292 4074 438 4126 οὕτω
487 4074 578 4126 καὶ
609 4073 668 4124 τὸ
715 4072 932 4142 πνεῦμα
983 4089 996 4104 ·
1179 4072 1272 4124 νῦν
1319 4072 1418 4142 μὲν
1466 4071 1676 4141 γίνεται
1719 4071 1874 4141 δίκην

293 4165 542 4235 ποταμοῦ
577 4164 788 4234 ῥέοντος
817 4161 911 4215 τοῦ
941 4162 1101 4233 ἀέρος
1123 4181 1135 4191 ·
1170 4161 1331 4215 πάλιν
1366 4163 1422 4215 δὲ
1454 4161 1686 4215 παύεται
1716 4162 1876 4232 ἀτρε-

296 4256 527 4326 μοῦντος
554 4253 645 4306 τοῦ
680 4255 943 4325 πρότερον
981 4254 1323 4323 κινουμένου,
1360 4253 1501 4306 κατά
1539 4253 1600 4304 τὸ
1629 4251 1874 4322 βούλημα

291 4347 392 4400 τοῦ
435 4346 504 4398 τὰ
533 4346 710 4399 πάντα
747 4346 839 4398 ἐπὶ
874 4345 1118 4414 σωτηρία
1167 4346 1261 4398 καὶ
1303 4344 1558 4396 συστάσει
1590 4343 1698 4396 τῶν
1737 4343 1873 4396 ὅλων

292 4434 703 4508 οἰκονομοῦντος
724 4449 736 4461 ⁸
781 4433 920 4485 ὥστε
953 4433 1041 4484 διὰ
1071 4433 1250 4502 πάσης
1287 4433 1384 4504 τῆς
1423 4432 1674 4498 κτίσεως,
1720 4432 1784 4485 ἔκ
1815 4449 1872 4484 τε

296 4527 534 4597 βροντῶν
561 4527 654 4579 καὶ
681 4524 898 4594 ἀνέμων
921 4525 1015 4577 καὶ
1043 4525 1140 4594 τῆς
1169 4523 1360 4592 λοιπῆς
1395 4523 1754 4593 δημιουργίας
1781 4521 1872 4574 τὸν

1985 3352 2123 3419 gelio
2161 3368 2176 3404 :
2222 3353 2412 3405 Omnia
2444 3367 2535 3414 per
2581 3353 2748 3419 ipsum
2789 3355 2928 3418 facta
2965 3363 3084 3403 sunt
3131 3358 3173 3405 ι.
3218 3351 3284 3403 At
3321 3354 3558 3421 propbe~.

1985 3439 2147 3489 ticum
2189 3437 2391 3492 dictum
2439 3455 2542 3491 non
2587 3438 2651 3492 ad
2700 3448 2946 3492 sanctum
2997 3439 3293 3507 Spiritum,
3333 3443 3428 3496 sed
3469 3444 3538 3496 ad

1977 3542 2317 3581 communem
2357 3534 2499 3583 hunc
2544 3530 2764 3593 ﬂatum,
2799 3533 2944 3586 aeris
2975 3533 3226 3586 videlicet
3253 3533 3498 3602 spiritum
3523 3561 3555 3602 ,έ

1975 3619 2247 3671 credimus
2295 3619 2583 3686 pertinere.
2640 3621 2793 3686 Quod
2845 3622 2969 3675 inde
3017 3632 3184 3690 patet.
3231 3621 3348 3678 Non
3395 3627 3548 3678 enim

1976 3708 2130 3770 dixit,
2164 3708 2264 3774 Qui
2293 3710 2496 3763 creavit
2525 3711 2796 3780 spiritum,
2820 3711 2937 3775 sed,
2974 3712 3077 3777 Qui
3099 3722 3241 3767 creat
3273 3715 3540 3781 spiritum.

1975 3799 2437 3865 Quemadmodum
2463 3802 2607 3855 enim
2640 3804 2938 3857 tonitruum
2965 3805 3054 3856 ubi
3084 3805 3254 3858 semel
3291 3814 3374 3858 est
3396 3821 3544 3859 crea-

1979 3899 2111 3953 tum,
2147 3889 2198 3943 iu
2234 3890 2532 3946 substantia
2575 3893 2809 3960 quadam
2844 3894 3110 3962 corporali
3155 3910 3260 3949 non
3293 3906 3411 3959 est;
3445 3898 3544 3950 sed

1974 3994 2190 4047 semper
2233 3979 2512 4035 voluntate
2557 3983 2651 4036 Dei
2697 3985 2764 4038 ad
2801 3986 3083 4040 terrendos
3130 3985 3380 4040 homines
3416 4002 3540 4056 pro-

1973 4070 2213 4139 ductum,
2244 4071 2357 4127 ﬁeri
2390 4087 2454 4126 ac
2482 4073 2698 4126 dissolvi
2738 4073 2874 4128 solet
2905 4093 2918 4128 :
2953 4076 3023 4129 ita
3060 4087 3120 4129 et
3150 4074 3373 4144 spiritus
3399 4092 3559 4131 nunc-

1974 4163 2191 4229 quidem
2224 4165 2300 4230 iit,
2333 4163 2534 4218 ﬂuente
2558 4164 2729 4217 instar
2749 4163 2983 4219 ﬂuminis
3007 4181 3164 4220 aere:
3201 4182 3390 4222 rursus
3415 4183 3562 4220 vero.

1973 4263 2150 4307 cessat
2192 4262 2341 4319 tum,
2376 4269 2498 4308 cum
2537 4255 2680 4324 quod
2720 4254 2870 4321 prius
2906 4257 3222 4312 movebatur
3269 4259 3497 4326 quieSeit
3523 4297 3555 4322 ,.

1974 4344 2272 4398 secundum
2330 4343 2660 4400 voluntatem
2708 4344 2864 4413 ejus,
2917 4346 3008 4414 qui
3044 4347 3111 4400 ad
3162 4347 3540 4402 universorum

1974 4434 2400 4490 incolumitatem
2430 4434 3005 4510 conservationemque
3027 4438 3296 4509 gubernat
3329 4441 3536 4503 omnia,

1974 4535 2032 4577 ut
2083 4540 2177 4592 per
2217 4540 2430 4580 onmem
2473 4538 2777 4583 creaturam
2809 4540 2863 4586 et
2895 4530 3151 4586 tonitruis
3190 4541 3245 4584 et
3289 4534 3465 4588 ventis
3490 4541 3545 4585 et

292 4616 626 4688 δημιουργὸν
662 4615 1115 4683 ἀναγγέλλεσθαι.
1162 4615 1359 4686 Διόπερ
1392 4614 1529 4684 μετά
1567 4614 1626 4666 τὸ
1667 4615 1867 4666 είπείνο

1976 4613 2196 4680 reliquis
2225 4615 2482 4683 operibus
2511 4618 2759 4672 conditor
2791 4620 3166 4673 annuntietur.
3198 4619 3542 4688 Quapropter

306 4709 370 4762 ὐ
417 4706 677 4775 στερεῶν
729 4706 1032 4773 βροντὴν,
1085 4706 1182 4759 καὶ
1219 4705 1424 4766 κτίζων
1467 4706 1718 4775 πνεῦμα,
1767 4722 1869 4776 φη-

297 4799 399 4852 σίν·
451 4799 560 4852 Καὶ
606 4797 1001 4866 ἀπαγγέλλων
1050 4797 1175 4864 τοῖς
1223 4797 1554 4866 ἀνθρώποις
1599 4798 1702 4851 τὸν
1744 4800 1868 4865 Χρι-

293 4890 448 4941 στε’ν
490 4887 698 4942 αὑτοῦ.
742 4889 828 4950 Ὠς
869 4889 977 4954 γὰρ
1005 4891 1054 4939 ot
1099 4888 1316 4958 οὐρανοὶ
1362 4887 1668 4958 διηγοῦνται
1713 4887 1870 4950 δόξαν

292 4978 430 5031 Θεοῦ
471 4981 582 5040 τοῖς
623 4978 938 5048 δυναμένοις
987 4979 1043 5043 ἐξ
1084 4977 1264 5030 αὐτῶν
1288 4979 1384 5047 τὴν
1409 4979 1500 5030 τοῦ
1540 4979 1868 5048 δημιουργοῦ

292 5067 490 5136 τέχνην
536 5067 974 5134 ἀναλογίζεσθαι,
1011 5065 1154 5119 οὕτω
1196 5067 1291 5118 καὶ
1331 5066 1557 5136 βροντῆς
1583 5063 1726 5137 ἦχοι,
1777 5065 1870 5119 καί

295 5159 622 5226 πνευμάτων
680 5159 941 5225 κινήσεις,
991 5156 1081 5209 τὸν
1133 5157 1460 5226 δημιουργὸν
1511 5157 1689 5209 αὐτῶν
1738 5158 1868 5209 ἀνα-

295 5248 648 5320 κηρύττουσι.
676 5247 826 5317 Τάχα
864 5248 908 5301 δ’
957 5247 1022 5300 ἀν
1067 5246 1226 5300 τοῦτο
1271 5249 1365 5299 καὶ
1406 5248 1708 5318 προφητεία
1755 5249 1869 5317 εῐη,

295 5342 435 5411 πρὸς
499 5341 598 5410 τὴν
675 5337 1086 5410 ὲνανθρὼπησιν
1157 5337 1251 5390 τοῦ
1313 5338 1518 5408 Κυρίου
1589 5338 1868 5408 φέρουσα·

294 5432 386 5483 ὅτε
445 5433 478 5501 ἡ
544 5432 642 5500 μὲν
693 5429 864 5500 φωνὴ,
918 5433 950 5500 ἡ
1015 5430 1278 5501 γενομένη
1507 5426 1566 5492 ἐξ
1621 5430 1872 5498 οὐρανοῦ,

295 5524 495 5592 βροντὴ
535 5523 710 5574 ἐδόκει
744 5524 859 5581 τοῖς
898 5519 1195 5573 ἀκούσασιν
1237 5515 1398 5582 εἶναι,
1435 5519 1625 5588 ἥντινα
1666 5519 1874 5587 ἀφῆκεν

292 5616 326 5667 ὁ
373 5614 512 5676 θεὸς
571 5615 668 5666 καὶ
727 5615 912 5682 Πατὴρ
937 5652 951 5675 ,
986 5612 1144 5665 ιῶστε
1207 5613 1273 5664 δι’
1324 5611 1495 5678 αὐτῆς
1552 5611 1873 5678 ἀναγγεῖλαι

410 5845 614 5897 'Aums
643 5861 716 5905 ιγ,
745 5845 824 5896 l3.
905 5845 924 5873 ¹
961 5840 1118 5896 Joan.
1151 5857 1190 5903 ι,
1225 5843 1278 5896 5.
1358 5842 1376 5872 ³
1409 5839 1576 5896 Amos
1600 5857 1670 5904 tv,
1705 5839 1786 5893 15.

1865 5838 1885 5870 ⁸
1912 5837 2042 5893 ibid.

1975 4707 2256 4766 postquam
2295 4699 2467 4753 dixit:
2501 4698 2603 4764 Qui
2629 4700 2804 4767 ﬁrmat
2841 4705 3130 4756 tonitruum
3163 4715 3209 4756 et
3257 4716 3397 4755 creat
3430 4706 3541 4768 spi-

1978 4789 2136 4840 ritum
2171 4799 2223 4853 8,
2252 4790 2326 4841 ait
2364 4804 2378 4842 :
2411 4790 2477 4843 Et
2511 4792 2600 4860 qui
2634 4794 2913 4846 annuntiat
2942 4793 3235 4847 hominibus
3278 4794 3558 4847 Christum.

1979 4896 2130 4932 suum
2153 4881 2176 4911 ⁸
2205 4919 2219 4933 .
2241 4880 2392 4934 Sicut
2416 4883 2556 4935 enim
2579 4883 2696 4937 caeli
2725 4894 2978 4936 euarrant
3002 4883 3227 4951 gloriam
3261 4883 3351 4936 Dei
3413 4886 3478 4938 iis
3517 4887 3537 4916 '

1977 4968 2066 5034 qui
2097 4983 2158 5021 ex
2188 4969 2318 5036 ipsis
2345 4979 2566 5038 possunt
2599 4971 2892 5025 conditoris
2915 4981 3086 5025 artem
3115 4975 3384 5029 aestimare
3413 4995 3426 5030 :
3462 4977 3542 5030 sic

1979 5057 2140 5109 etiam
2168 5058 2386 5111 tonitrui
2411 5056 2594 5125 fragor
2617 5074 2679 5111 ac
2705 5059 2990 5126 spirituum
3013 5071 3189 5117 motus
3212 5067 3564 5119 conditorem.

1979 5162 2135 5199 suum
2156 5149 2470 5215 praedicant.
2491 5143 2746 5202 Fortasse
2759 5159 2934 5204 autem
2954 5153 3238 5222 hocipsum
3262 5157 3562 5223 pmplietia

1979 5247 2082 5300 cst,
2108 5253 2224 5306 qiue
2254 5239 2318 5291 ad
2334 5238 2541 5292 Domini
2567 5241 2986 5297 incarnationem
3014 5254 3219 5314 spectat
3240 5262 3257 5312 ;
3277 5245 3544 5314 siquidem

1981 5341 2080 5383 vox
2127 5345 2247 5397 qua:
2277 5330 2343 5382 de
2384 5330 2522 5385 cmlo
2562 5331 2702 5386 facta
2745 5342 2860 5396 est,
2895 5336 3189 5387 tonitruum
3223 5350 3342 5388 esse
3387 5336 3536 5389 vide-

1987 5423 2144 5475 batur
2177 5421 2516 5476 audientibus
2553 5429 2574 5457 ⁵
2606 5440 2620 5477 :
2647 5440 2806 5494 quam
2865 5427 3002 5480 Deus
3041 5437 3094 5480 et
3141 5425 3303 5479 Pater
3333 5427 3542 5490 emisit,

1983 5524 2037 5566 ut
2072 5529 2168 5582 per
2198 5530 2314 5567 eam
2347 5514 2620 5569 Christum
2666 5518 2974 5572 hominibus
3019 5516 3385 5589 annuntiarpt.
3420 5519 3540 5584 Spi-

1983 5618 2116 5658 rttns
2163 5615 2340 5658 autent
2396 5609 2484 5672 qui
2535 5608 2749 5660 excitati
2792 5619 2934 5669 sunt,
2969 5617 3023 5662 et
3055 5622 3203 5662 mare
3251 5609 3555 5663 conturbas-

2122 5839 2142 5870 ⁵
2177 5837 2294 5890 Psd
2323 5853 2477 5900 xvttt,
2513 5835 2568 5895 ἓ,
2648 5835 2667 5865 ⁶
2697 5829 2965 5893 1ιιειιι.τ‹ιι,
3004 5832 3096 5890 ἙΩ.
