4078 6292
586 414 649 473 82
660 414 701 471 υ

1829 412 2210 476 EU'FIIYMJJ
2252 415 2611 477 ZIGABENI
3236 366 3239 369 ν
3452 398 3457 406 ’
3732 427 3821 492 sto

588 560 735 613 runt,
767 549 861 605 sed
885 552 1226 622 postmodum
1255 549 1577 617 quieverunt
1621 548 1773 616 jussu
1809 547 2041 611 Domin’,
2073 546 2157 599 vel

2290 553 2379 603 τὸν
2420 546 2653 619 Χριστὸν
2700 550 2810 611 τοῖς
2860 544 3193 618 ἀνθρὼποις’
3240 548 3311 601 τὰ
3356 549 3414 602 δὲ
3466 549 3732 622 πνεύματα
3768 561 3822 611 τὰ

587 648 689 714 ipsi
744 644 864 713 ejus
920 644 1195 699 Christum
1252 642 1566 695 hominibus
1624 642 1802 709 palam
1866 640 2156 694 annuntia-

590 739 720 790 bant
768 743 807 788 ι.
830 736 901 788 At
925 749 1052 787 vero
1080 734 1226 799 illttd,
1255 732 1445 788 Omnia
1475 748 1567 800 per
1588 732 1755 798 ipsum
1782 733 1923 800 facta
1944 742 2067 786 sunt
2104 741 2155 795 ',

596 842 935 897 nequaquam
966 835 1207 878 creatum
1263 837 1383 877 esse
1409 822 1673 892 Spiritum
1706 832 1956 876 sanctum
2007 822 2159 874 nobis

590 920 845 984 ostendit,
874 916 1027 985 quasi
1066 914 1299 982 Spiritus
1327 928 1431 966 una
1468 928 1588 964 eum
1618 912 1869 965 omnibus
1898 927 2157 963 numere-

594 1028 699 1067 tur.
736 1013 948 1067 Etenim
996 1010 1040 1064 si
1075 1026 1215 1063 unus
1255 1018 1338 1062 est
1384 1007 1616 1077 Spiritus
1646 1017 1866 1060 sanctus
1907 1016 1959 1059 et
1985 1005 2153 1070 suius,

591 1106 859 1176 quomodo
893 1103 983 1172 qui
1014 1102 1307 1171 singularis
1352 1100 1631 1169 cujusdam
1665 1108 1869 1151 naturze
1914 1108 2017 1161 est,
2045 1113 2149 1151 una

594 1213 716 1250 cunt
749 1195 1001 1249 omnibus
1053 1190 1442 1262 comprehendi
1484 1189 1695 1259 potest?
1721 1189 1787 1242 Et
1834 1205 1988 1242 nemo
2015 1199 2165 1257 putet

599 1287 933 1358 hypostasim
1001 1285 1227 1346 aboleri,
1270 1284 1314 1337 si
1372 1283 1634 1351 Spiritum
1692 1291 1995 1333 creaturam
2043 1295 2167 1335 esse

599 1394 877 1447 negemus.
932 1377 1068 1432 Nam
1118 1378 1220 1445 piae
1264 1374 1459 1429 mentis
1494 1383 1598 1435 est,
1632 1387 1749 1437 qua:
1793 1388 1820 1426 a
1868 1373 2169 1440 Scripturis

600 1471 803 1525 sanctis
834 1470 1159 1533 reticentur,
1197 1482 1259 1521 ea
1290 1465 1467 1519 vereri
1505 1466 1571 1517 de
1616 1463 1817 1531 Spiritu
1856 1473 2048 1516 saneto
2076 1464 2159 1514 di-

598 1579 763 1617 cere:
795 1562 1019 1616 credere
1069 1573 1195 1613 vero
1253 1556 1497 1610 notitiam
1551 1554 1692 1623 ejus,
1730 1562 1893 1621 atque
1940 1564 2172 1604 accura-

602 1668 706 1710 tam
744 1651 1279 1721 comprehensionem
1326 1648 1380 1701 in
1426 1646 1666 1699 futurum
1713 1642 1970 1697 saeculum
2016 1639 2172 1694 nobis

604 1746 889 1809 reservari,
926 1759 1069 1807 cum,
1115 1752 1354 1809 tempore
1399 1740 1523 1803 hoc,
1570 1737 1621 1789 itt
1670 1751 1776 1804 quo
1837 1733 2035 1788 veritas
2077 1746 2174 1800 per

605 1841 882 1910 speculum
916 1849 968 1890 et
990 1836 1215 1903 :enigma
1242 1832 1458 1885 videtur
1487 1839 1537 1892 ³,
1567 1838 1860 1888 transacto,
1892 1838 2011 1878 eam
2043 1835 2174 1876 eon-

2289 640 2609 711 κινούμενα,
2639 641 2735 693 καὶ
2777 641 2872 711 τὴν
2916 640 3191 695 θάλασσαν
3234 642 3689 714 συνταράσσοντα,
3732 644 3825 700 εἶτα

2290 733 2603 786 κοπάσαντα
2645 732 2724 802 τῷ
2765 733 3145 803 προστάγματι
3168 732 3260 785 τοῦ
3292 734 3522 805 Κυρίου,
3554 736 3723 801 σαφῶς
3751 742 3823 793 καὶ

2291 823 2429 875 αὑτά
2474 821 2759 892 ἀνήγγειλε
2797 825 2908 884 τοῖς
2958 821 3269 894 ἀνθρώποις
3302 822 3394 875 τὸν
3431 823 3820 893 Χριπὸναὺτοῦ.

2290 914 2363 966 Τὸ
2388 915 2463 977 δὲ,
2499 913 2701 966 Πάντα
2727 912 2799 965 δι’
2830 913 3015 967 αὐτοῦ
3031 914 3287 982 ἐγένετο,
3318 913 3566 983 οὐδαμῶς
3589 917 3709 985 ἡμῖν
3736 936 3825 971 κτι-

2293 1006 2415 1059 στὺν
2436 1002 2573 1059 εἶναι
2618 1005 2678 1058 τὸ
2714 1006 2937 1075 Πνεῦμα
2965 1006 3025 1058 τὸ
3065 1005 3217 1073 ἅγιον
3249 1005 3597 1075 παρίστησιν,
3630 1008 3697 1071 ὼς
3724 1026 3824 1062 συν-

2291 1096 2689 1166 αριθμουμένου
2723 1099 2835 1159 τοῖς
2860 1098 2995 1149 πᾶσι
3036 1095 3131 1148 τοῦ
3188 1094 3529 1165 Πνεύματος.
3564 1097 3622 1149 Εί
3664 1099 3757 1169 γὰρ
3781 1100 3825 1151 ἓν

2294 1186 2515 1259 Πνεῦμα
2552 1189 2706 1256 ἅγιον
2738 1190 2833 1241 καὶ
2864 1188 3044 1259 μόνον,
3084 1188 3200 1250 πῶς
3241 1188 3269 1239 ὃ
3297 1188 3398 1258 τῆς
3433 1188 3708 1258 μοναδικῆς
3733 1193 3825 1243 ἐστι

2295 1279 2545 1357 φύσεως,
2587 1283 2701 1343 τοῖς
2750 1281 2884 1332 πᾶσι
2932 1278 3569 1350 συμπαραλαμϐάνεσθαι
3609 1280 3823 1347 δύναται;

2295 1371 2401 1423 Καὶ
2438 1372 2625 1441 μηδεὶς
2667 1373 2858 1425 οἰέσθω
2909 1373 3163 1443 ἀθέτησιν
3201 1369 3343 1424 εἶναι
3382 1372 3482 1441 τῆς
3524 1372 3826 1438 ὑποστάσεως

2292 1462 2389 1531 τὴν
2422 1462 2646 1532 ἄρνησιν
2671 1463 2763 1516 τοῦ
2797 1465 2998 1534 κτίσμα
3025 1460 3160 1517 εἶναι
3207 1462 3269 1515 τὸ
3317 1463 3563 1533 Πνεῦμα.
3596 1465 3825 1529 Εὐσεϐοῦς

2293 1554 2400 1625 γάρ
2442 1555 2557 1608 ἐστι
2581 1555 2813 1620 διανοίας
2858 1557 2925 1610 τὰ
2970 1555 3429 1627 ἀποσιωπηθέντα
3457 1557 3514 1607 ὲν
3540 1558 3652 1615 ταῖς
3678 1555 3825 1624 ἁγίαις

2294 1645 2537 1716 ι’ραφαῖς
2560 1646 2902 1701 εὐλαϐεῖσθαι
2926 1646 3278 1718 ἐπιφημίζειν
3303 1646 3383 1717 τῷ
3411 1645 3548 1716 ἁγίῳ
3572 1646 3822 1716 Πνεύματι,

2294 1735 2584 1790 πεπεῖσθαι
2642 1738 2698 1791 δὲ
2725 1739 2826 1809 τὴν
2853 1738 3146 1810 ἐμπειρίαν
3192 1737 3363 1792 αὐτοῦ
3401 1738 3494 1791 καὶ
3538 1738 3718 1809 ἀκρισῆ
3746 1755 3824 1792 κα-

2293 1837 2524 1908 τάληψιν
2578 1838 2658 1900 εἰς
2711 1837 2803 1889 τὸν
2848 1836 3072 1906 ὕστερον
3126 1838 3261 1906 ἡμῖν
3317 1834 3631 1887 ἀποκεῖσθαι
3667 1833 3822 1898 αίῶνα,

614 1932 1017 2001 temptationem
1053 1941 1173 1994 qua:
1213 1925 1277 1975 ad
1321 1922 1513 1974 faciem
1543 1928 1625 1971 est
1684 1917 1944 1969 fuerimus
1970 1925 2172 1967 conse-

2293 1931 2442 1992 ὅταν,
2471 1929 2754 1992 διαϐάντες
2777 1930 2836 1982 τὸ
2868 1929 2935 1982 δι’
2968 1928 3232 1997 ἐσόπτρου
3260 1927 3359 1980 καὶ
3391 1926 3696 1996 αἰνίγματος
3718 1926 3824 1995 ὁρᾷν

599 2029 730 2080 Ulli.

604 2206 737 2264 Item
788 2211 852 2261 de
903 2208 1106 2278 Spiritu
1159 2218 1343 2262 sancto
1397 2218 1580 2262 contra
1647 2207 2175 2278 l’neumatomuchos,

673 2284 735 2336 ὃ.
768 2276 1005 2351 Gregorii
1034 2279 1279 2348 Tlteologi
1306 2296 1369 2331 ea:
1392 2282 1634 2333 oratione
1657 2284 1722 2329 tle
1744 2276 1946 2345 Spiritu
1975 2290 2178 2330 sancto.

666 2536 724 2589 Si
787 2537 890 2590 fuit
960 2545 1175 2599 tempus
1232 2549 1357 2588 eunt
1420 2548 1530 2587 non
1592 2540 1740 2586 esset
1787 2528 1993 2594 Pater,
2070 2528 2175 2583 fuit

594 2645 814 2699 quoque
876 2646 997 2683 cum
1065 2645 1174 2683 non
1222 2638 1369 2684 esset
1428 2626 1619 2680 Filius.
1682 2624 1737 2678 Si
1797 2623 1904 2677 fuit
1957 2630 2176 2689 tempus

600 2736 725 2771 eum
807 2735 914 2771 non
978 2726 1127 2771 esset
1191 2716 1385 2779 Filius,
1468 2715 1577 2769 fuit
1650 2726 1870 2781 quoque
1925 2724 2051 2763 cum
2111 2720 2180 2761 ne

603 2812 846 2880 Spiritus
884 2810 1105 2879 quidem
1140 2820 1309 2863 esset.
1352 2807 1407 2862 Si
1464 2822 1631 2861 unum
1671 2822 1702 2860 a
1732 2804 2002 2874 principio
2038 2812 2177 2863 erat,

598 2908 786 2974 uzique
805 2914 858 2958 et
886 2905 1008 2957 tria.
1046 2902 1101 2957 Si
1133 2917 1302 2955 unum
1328 2899 1731 2970 dejicis,audax
1759 2898 1861 2952 hoc
1882 2896 2085 2958 dicam,
2112 2910 2181 2949 ne

597 3000 707 3051 duo
733 2998 957 3067 quidem
990 2995 1279 3063 superiore
1313 2995 1432 3048 loco
1448 2993 1705 3047 colloces.
1737 2989 1869 3056 Quae
1889 2989 2039 3042 enim
2075 2990 2172 3039 iut-

599 3090 851 3160 perfectas
871 3088 1094 3143 deitatis
1116 3088 1371 3142 utilitas?
1394 3087 1504 3141 lnto
1528 3100 1652 3155 quae
1677 3084 1877 3148 deitas,
1895 3082 1941 3139 si
1974 3084 2178 3150 imper-

599 3183 788 3238 lecta?
826 3181 1070 3236 Perfecta
1097 3188 1275 3233 autem
1299 3178 1576 3248 quomodo
1599 3180 1724 3237 erit,
1746 3175 1799 3229 in
1826 3190 1931 3244 qua
1959 3174 2024 3227 ad
2059 3188 2187 3242 per-

2293 2022 2392 2093 τὴν
2427 2021 2701 2094 ἀλήθειαν,
2735 2021 2832 2089 τῆς
2882 2020 3018 2090 πρὸς
3072 2019 3367 2091 πρόσωπον
3427 2016 3645 2085 θεωρίας
3689 2016 3820 2081 ἀξιω-

2292 2113 2493 2183 θῶμεν.

2288 2209 2409 2260 Ἔτι
2480 2211 2616 2278 περὶ
2651 2209 2754 2263 τοῦ
2835 2208 3008 2279 ἁγίου
3089 2213 3443 2280 Πνεύματος
3525 2211 3663 2265 κατὰ
3722 2208 3817 2263 τῶν

2354 2280 2895 2349 Πνευματομάχων,
2954 2282 3061 2335 τοῦ
3112 2282 3291 2349 ἁγίου
3348 2285 3671 2351 Γρηγσρίυυ
3733 2280 3818 2334 τοῦ

2352 2353 2654 2472 ggoldrov
2675 2350 2746 2404 ἐκ
2786 2353 2894 2405 τοῦ
2937 2352 3072 2421 περὶ
3112 2352 3221 2406 τεῦ
3280 2350 3458 2423 ἁγίου
3516 2355 3818 2422 llr-stipato:

2434 2438 2563 2473 νου.

2360 2517 2421 2569 Εἰ
2461 2514 2529 2587 ἦν
2590 2521 2678 2572 ὅτε
2714 2522 2815 2573 οὐκ
2879 2515 2949 2591 ἦν
2998 2523 3026 2575 ὁ
3082 2521 3299 2593 Πατὴρ,
3354 2518 3424 2593 ἦν
3464 2522 3550 2576 ὅτε
3583 2521 3673 2574 οὐκ
3699 2516 3756 2589 ἦν
3798 2519 3819 2571 6

2288 2610 2433 2671 Υἱός.
2462 2610 2523 2663 Εἰ
2558 2606 2623 2680 ἦν
2650 2611 2738 2663 ὅτε
2774 2611 2875 2664 οὐκ
2914 2607 2981 2681 ἦν
3004 2613 3031 2664 ὁ
3064 2611 3208 2678 Υἱὸς,
3239 2608 3311 2684 ἦν
3347 2613 3436 2665 ὅτε
3465 2611 3583 2664 οὐδὲ
3608 2612 3662 2663 τὸ
3686 2609 3822 2663 1]νεῦ-

2287 2718 2366 2769 μα
2405 2702 2465 2754 τὸ
2509 2702 2683 2769 ἆγιον.
2748 2702 2811 2755 Ei
2843 2703 2905 2755 τὸ
2933 2701 2992 2754 ἓν
3018 2698 3087 2772 ἦν
3114 2700 3211 2755 ἀπ’
3240 2701 3441 2773 ἀρχῆς,
3470 2703 3561 2755 καὶ
3606 2701 3668 2753 τὰ
3717 2699 3818 2767 τρία

2287 2790 2376 2864 ἦν.
2436 2795 2497 2846 ΕΞ
2548 2795 2610 2846 τὸ
2666 2794 2726 2847 ἓν
2753 2794 2906 2847 κάτω
2966 2794 3211 2865 βάλλεις,
3273 2793 3483 2862 τολμῶ,
3553 2793 3640 2844 καὶ
3682 2790 3819 2856 λέγω,

2292 2887 2426 2955 μηδὲ
2488 2888 2558 2939 τὰ
2605 2888 2696 2940 δύο
2747 2889 2844 2958 θῇς
2891 2888 3024 2941 ἄνω.
3058 2886 3155 2950 Τίς
3186 2888 3295 2959 γάρ
3329 2884 3551 2949 ἀτελοῦς
3603 2884 3819 2951 θεότητσς

2286 2981 2510 3049 evrum;
2586 2981 2809 3048 Μᾶλλον
2865 2980 2925 3034 δὲ
2981 2981 3065 3044 τίς
3123 2980 3346 3051 θεότης,
3408 2982 3456 3033 εἰ
3510 2978 3582 3049 μὴ
3634 2974 3823 3037 τελείαὶ

2291 3068 2486 3121 Τελεία
2524 3067 2583 3120 δὲ
2616 3068 2755 3134 πῶς,
2848 3068 3003 3121 him
3063 3087 3120 3122 τι
3148 3070 3286 3137 πρὸς
3320 3068 3631 3133 τελείωσιν;
3661 3065 3823 3119 Asina

2290 3162 2348 3214 δέ
2380 3179 2521 3224 πως,
2561 3162 2636 3232 μὴ
2669 3163 2873 3234 ἐχούσῃ
2894 3165 2956 3215 τὸ
2985 3162 3164 3231 ἅγιον.
3198 3161 3361 3231 Ἐχοι
3415 3161 3461 3215 δ’
3499 3160 3564 3212 ἀν
3590 3158 3717 3221 πῶς,
3766 3153 3826 3223 μὴ

598 3276 891 3333 lectionem
909 3273 1116 3341 aliquid
1141 3270 1529 3326 desideretur?
1559 3267 1909 3323 Desideratur
1943 3265 2116 3328 enim,
2136 3264 2177 3318 si

2290 3252 2451 3307 τοῦτο
2510 3254 2750 3323 ἔχουσα;
2831 3254 2890 3307 Εί
2949 3254 3060 3323 γὰρ
3115 3254 3250 3324 ἄλλη
3307 3271 3395 3317 τις
3458 3255 3602 3323 παρά
3635 3248 3825 3314 τοῦτοή

598 3369 887 3423 sanctitate
911 3373 1116 3419 careat.
1139 3364 1289 3416 Hanc
1307 3377 1473 3432 porro
1492 3359 1769 3437 quomodo
1791 3359 1994 3411 habere
2015 3365 2180 3426 queat

605 3464 665 3516 ni
701 3462 963 3530 Spiritum
987 3456 1227 3511 habeat?
1272 3457 1329 3510 Si
1362 3457 1508 3510 enim
1563 3454 1668 3508 alia
1703 3452 1950 3522 quaedam
1984 3458 2182 3520 praeter

603 3554 761 3607 illum
807 3550 1069 3603 sanctitas
1100 3556 1208 3612 est,
1264 3561 1386 3614 qua:
1420 3541 1640 3598 tandem
1684 3542 1771 3595 illa
1833 3538 2183 3608 intelligenda

600 3646 672 3698 sit
702 3643 850 3697 dicat
881 3640 1191 3711 quispiam:
1218 3647 1333 3704 aut,
1377 3637 1422 3692 si
1463 3636 1686 3706 quidem
1714 3633 1905 3687 cadent
1945 3633 2061 3686 haec
2078 3640 2184 3696 est,

606 3737 738 3807 quid
777 3734 960 3789 alferri
1017 3743 1218 3802 potest,
1278 3730 1638 3799 quamobrem
1686 3741 1795 3780 non
1820 3725 1930 3795 jam
1997 3723 2124 3777 inde
2155 3738 2185 3775 a

608 3830 879 3901 principio
901 3827 1099 3882 fuerit?
1117 3833 1152 3891 LI
1166 3824 1283 3879 uasi
1302 3838 1434 3878 vero
1454 3821 1772 3893 praestiterit
1792 3821 1922 3883 Deo,
1941 3818 2189 3887 aliquan-

606 3924 677 3979 do
705 3922 1082 3992 imperfectum
1117 3917 1414 3978 exstitisse,
1430 3930 1495 3969 ac
1512 3913 1753 3983 Spiritus
1767 3921 2069 3979 expertem.
2085 3908 2140 3963 Si
2160 3924 2189 3963 a

2288 3347 2537 3419 ἀγιὸτης,
2569 3348 2662 3401 καὶ
2693 3348 2815 3417 ἣτις
2832 3347 2971 3417 αῦτη
2997 3349 3222 3414 νοεῖται,
3254 3348 3461 3415 λεγέτω
3483 3357 3590 3410 τις⁹
3635 3345 3665 3414 ἢ
3692 3343 3825 3408 ειπερ

2288 3440 2323 3509 ἢ
2371 3440 2532 3509 αὐτὴν
2565 3441 2687 3504 πῶς
2744 3442 2845 3494 οὐκ
2901 3442 2995 3494 ἀπ’
3036 3441 3250 3512 ἀρχῆς;
3318 3441 3505 3510 ὥσπερ
3532 3440 3733 3508 ἄμεινον
3777 3432 3825 3486 ὃν

2290 3533 2367 3602 τῷ
2392 3534 2532 3603 θεῷ,
2561 3530 2705 3589 εἶναι
2740 3552 2873 3588 ποτε
2902 3534 3107 3599 ἀτελεῖ,
3138 3537 3232 3589 καὶ
3261 3536 3389 3606 δίχα
3405 3534 3497 3589 τοῦ
3529 3531 3825 3601 Πνεύματος·

2295 3628 2359 3682 ιιι
2394 3627 2469 3697 μὴ
2497 3626 2591 3680 ἀπ’
2614 3628 2791 3698 ἀρχῆς
2809 3623 2899 3698 ἦν,
2932 3628 3051 3699 μετ’
3075 3629 3209 3701 ἐμοῦ
3237 3632 3516 3691 τέτακται,
3568 3625 3654 3679 καὶ
3679 3623 3722 3674 εἰ
3750 3637 3820 3689 μι-

2299 3721 2432 3791 κρὸν
2482 3720 2590 3790 πρὸ
2621 3720 2778 3791 ἐμοῦ·
2835 3722 3014 3793 χρόνῳ
3050 3722 3160 3791 γὰρ
3223 3722 3333 3775 ἀπὸ
3362 3719 3495 3774 Θεοῦ
3532 3711 3819 3787 τεμνόμεθα.

2300 3813 2363 3867 Εί
2390 3817 2652 3867 τέτακται
2681 3814 2799 3884 μετ’
2830 3814 2988 3884 ἐμοῦ,
3023 3814 3140 3877 πῶς
3174 3816 3275 3884 ἐμὲ
3305 3817 3447 3869 ποιεῖ
3484 3812 3637 3874 θεὸνς
3669 3807 3698 3876 ἢ
3729 3802 3820 3862 πῶς

2302 3906 2563 3960 συνάπτει
2597 3906 2813 3977 θεότητι
2842 3925 2856 3975 ;

606 4017 877 4090 principio
908 4033 1018 4069 non
1050 4027 1190 4079 erat,
1220 4027 1356 4066 mea:
1407 4010 1602 4064 classis
1637 4020 1802 4077 atque
1828 4005 2039 4059 ordinis
2069 4015 2175 4069 εει,
2214 4002 2433 4058 etiamsi
2491 4018 2579 4057 me
2634 4003 2884 4058 nonnihil
2948 4002 3255 4069 antecedat.
3294 3998 3574 4069 Temporis
3602 3991 3728 4050 enim
3755 3990 3821 4042 in-

604 4117 838 4171 terstitio
868 4134 896 4166 a
926 4113 1035 4166 Deo
1055 4110 1389 4165 dirimimur.
1417 4108 1590 4163 Porro
1645 4107 1688 4162 si
1741 4107 1988 4173 ejusdem
2032 4116 2250 4157 mecum
2290 4101 2483 4156 classis
2530 4110 2651 4165 est,
2686 4116 2797 4170 quo
2853 4110 3013 4170 pacto
3046 4116 3131 4156 me
3174 4100 3342 4154 deum
3374 4094 3573 4154 ellicit!
3612 4101 3696 4146 aut
3736 4099 3822 4157 quo

608 4222 763 4281 parto
796 4229 916 4262 t'llltl
943 4212 1141 4263 civitate
1184 4208 1513 4277 coniungit?

1105 4344 1188 4395 Ea;
1210 4345 1392 4398 eadem
1425 4343 1687 4395 oratione.

684 4479 950 4546 Spiritum
1020 4488 1269 4530 sant-tum
1323 4477 1611 4533 Sadducaei
1660 4480 1878 4547 penitus
1934 4494 2043 4532 non
2065 4495 2187 4534 esse

2735 4344 2834 4395 Ἐκ
2864 4342 2971 4396 τοῦ
3026 4342 3218 4397 αὑτοῦ
3244 4345 3452 4411 λόγου.
3564 4410 3567 4415 _

2368 4483 2442 4534 Τὸ
2468 4480 2693 4550 Πνεῦμα
2717 4482 2779 4533 to
2804 4478 2959 4549 ἅγιον
2985 4480 3331 4535 Σαδδουκαῖοι
3365 4483 3463 4554 μὲν
3490 4477 3602 4533 οὐδὲ
3632 4469 3748 4530 εἶναι
3769 4467 3816 4521 τὸ

608 4577 984 4632 censuerunt;
1008 4566 1465 4637 quemadmodum
1492 4584 1589 4622 nec
1608 4568 1851 4637 angelos,
1878 4584 1980 4625 nec
2006 4585 2177 4625 resur-

2300 4575 2566 4643 παράπαν
2595 4574 2875 4644 ἐνόμισαν*
2896 4576 3017 4628 οὐδὲ
3042 4577 3152 4645 γὰρ
3174 4577 3463 4644 ἀγγέλους,
3491 4573 3603 4627 οὐδὲ
3627 4567 3814 4623 ἀνάστα·

612 4658 906 4711 rectionetn
945 4675 959 4710 :
991 4655 1197 4725 quibus
1231 4656 1375 4711 haud
1398 4658 1514 4712 scio
1549 4658 1679 4725 quid
1711 4659 1999 4727 acciderit,
2020 4668 2079 4714 ut
2112 4669 2193 4715 tot

616 4770 678 4803 :tt'
701 4759 849 4803 tanta
872 4750 938 4802 de
965 4764 1033 4803 eo
1063 4749 1116 4802 in
1157 4750 1526 4804 luatrumeuto
1544 4748 1732 4805 Veteri
1759 4752 2072 4806 testimonia
2089 4770 2190 4823 pro

611 4845 783 4898 nihilo
822 4844 1109 4898 haberent.
1149 4842 1253 4909 Qui
1276 4854 1457 4898 autem
1490 4844 1635 4915 apud
1677 4845 1934 4902 ethnicos
1974 4847 2188 4902 theolo-

611 4939 711 5007 giw
770 4938 933 4992 laude
968 4939 1141 5007 magis
1161 4938 1562 4999 excelluerunt.
1599 4939 1937 5008 propiusque
1988 4940 2055 4994 ad
2093 4958 2192 4997 nos

612 5036 998 5109 accesserunt,
1032 5044 1130 5098 per
1162 5030 1459 5100 imaginem
1502 5031 2039 5100 quamdamipsum,
2067 5048 2190 5087 meo

612 5120 837 5191 quidem
892 5120 1126 5190 judicio,
1161 5131 1559 5191 conceperuut,
1595 5124 1811 5177 tametsi
1857 5124 1911 5177 in
1966 5126 2190 5179 nomine

613 5212 999 5278 dissenserint,
1028 5211 1416 5269 Universitatis
1472 5231 1672 5285 nempe
1707 5227 1970 5283 mentem,
2005 5229 2063 5272 et
2096 5233 2193 5271 ex-

617 5309 910 5359 trinsecam
933 5314 1196 5369 mentem,
1215 5306 1448 5374 aliisque
1470 5307 1520 5360 id
1544 5308 2192 5375 genusnom'tnibuseum

616 5397 976 5467 upprllantcs.
1011 5396 1301 5451 Nostrates
1334 5413 1466 5451 vero
1494 5400 1789 5467 sapientes,
1822 5401 2022 5468 partim
2081 5400 2191 5454 vim

616 5491 910 5560 quamdam
929 5498 983 5543 et
1004 5488 1323 5544 lacultatem
1348 5490 1525 5558 ipsum
1561 5491 1974 5558 existimarunt,
1992 5494 2191 5561 partim

617 5596 970 5650 creaturam,
1042 5585 1240 5653 partim
1308 5583 1525 5645 Deum,
1582 5584 1816 5652 partim,
1891 5597 2015 5638 utro
2092 5600 2195 5653 pu-

620 5687 726 5728 tus
775 5679 997 5729 nomine
1063 5676 1348 5730 vocandus
1417 5686 1583 5740 t-Sset,
1680 5677 1906 5731 minime
1977 5689 2188 5732 certum

698 5874 710 5901 ⁸
757 5877 918 5929 Matth
951 5895 1063 5935 \‘lll.
1096 5882 1187 5941 ‘21.
1223 5881 1308 5937 ’27.
1396 5886 1412 5911 ³
1449 5882 1608 5937 Joan.
1642 5900 1678 5945 ι,
1703 5884 1757 5939 5.

2301 4681 2404 4718 σιν·
2425 4664 2524 4717 οὐκ
2539 4660 2636 4718 οἶδ’
2660 4665 2785 4719 ὅθεν
2809 4666 2907 4729 τὰς
2930 4666 3202 4727 τοσαύτας
3223 4668 3352 4738 περὶ
3374 4663 3534 4720 αὑτοῦ
3561 4654 3814 4733 μαρτυρία

2298 4760 2357 4809 ἐν
2381 4760 2446 4827 τῇ
2476 4749 2692 4829 Παλαιᾷ
2718 4758 3139 4824 διαπτύσαντες.
3176 4760 3447 4831 Ἐλλήνων
3474 4758 3529 4811 δὲ
3552 4757 3596 4809 oi
3625 4750 3813 4814 θεοληι·

2303 4848 2557 4914 κώτεροι,
2588 4850 2684 4901 καὶ
2714 4848 2911 4918 μᾶλλον
2937 4850 3068 4919 ἡμῖν
3092 4850 3567 4919 προσσγγίσαντες.
3596 4837 3811 4910 Μαντὼ

2301 4936 2476 5006 θησαν
2506 4938 2718 5007 μὲνιὼς
2741 4939 2865 5007 ἐμοὶ
2886 4939 3054 4991 δοκεῖ’
3082 4940 3212 5010 περὶ
3239 4941 3302 4994 δὲ
3335 4940 3432 5010 τὴν
3449 4938 3626 5004 κλῆσιν
3645 4924 3811 4991 διηνιι·

2302 5030 2496 5100 θησαν,
2516 5029 2643 5084 νοῦν
2672 5031 2764 5084 τοῦ
2787 5032 3010 5096 παντὸς,
3041 5034 3137 5087 καὶ
3161 5033 3255 5088 τὸν
3282 5032 3507 5103 θύραθεν
3520 5027 3650 5088 νοῦν,
3670 5016 3809 5074 vi“

2300 5123 2523 5177 τοιαῦτα
2547 5124 3112 5194 προσαγορεύσαντες.
3137 5126 3261 5180 Τῶν
3284 5127 3340 5181 δὲ
3365 5122 3625 5193 καθ’ἡμᾶς
3645 5110 3803 5181 σοφῶν*

2299 5216 2351 5267 οἱ
2380 5215 2481 5284 μὲν
2510 5217 2795 5285 ἐνέργειαν
2827 5216 2991 5271 τοῦτο
3019 5217 3311 5284 ὑπέλαϐον,
3335 5220 3382 5271 oi
3406 5218 3459 5271 δὲ
3486 5206 3744 5279 κτίσμανόί
3764 5198 3807 5249 δὲ

2300 5307 2455 5373 Θεὸν,
2510 5309 2561 5361 οι
2590 5309 2647 5360 δὲ
2678 5309 2777 5362 οὐκ
2803 5310 3049 5376 ἔγνωσαν
3076 5312 3337 5380 ὁπότερον
3361 5308 3571 5369 τούτων,
3595 5298 3712 5355 allici
3733 5291 3807 5355 τῆς

2302 5400 2525 5470 Γραφῆς
2557 5401 2631 5465 ὦὶ
2663 5420 2851 5470 φασιν,
2903 5402 2980 5467 ὡς
3018 5404 3173 5458 οὐδὲν
3203 5405 3390 5476 ἕτερον
3421 5398 3591 5467 σαφῶς
3609 5382 3805 5459 δηλωσά’

2308 5510 2427 5561 σης.
2459 5494 2569 5547 Καὶ
2596 5495 2688 5547 διά
2706 5494 2885 5563 τοῦτο,
2916 5494 3046 5549 οὗτε
3076 5495 3345 5562 σέϐουσιν,
3373 5492 3489 5547 οὔτε
3520 5480 3799 5563 ἀτιμάζουσιν

2309 5587 2493 5652 μέσως
2528 5605 2646 5651 πως
2684 5588 2814 5657 περὶ
2854 5587 3022 5643 αὐτοῦ
3073 5589 3425 5660 διακείμενοι,
3459 5579 3635 5655 μᾶλλον
3658 5562 3801 5660 aut

2308 5678 2428 5730 λίαν
2460 5680 2679 5744 ἀθλίως.
2708 5681 2818 5734 Καὶ
2843 5682 2951 5736 τῶν
2978 5681 3109 5735 Θεὸν
3130 5657 3513 5754 ὑπειληφότων,
3540 5671 3581 5723 σί
3604 5664 3686 5737 μὲν
3705 5657 3801 5725 ἄχρι

1838 5886 1855 5913 ³
1889 5885 1905 5938 ι
1942 5885 2069 5939 Cur.
2106 5902 2224 5951 xm,
2292 5885 2373 5937 lii.
