4070 6290
332 349 446 416 821

1249 355 1622 420 PANOPLIA
1660 359 2119 426 DOGMATICA.
2159 389 2227 404 --
2267 369 2418 430 ΤΙΤ.
2459 368 2607 434 ΧΠ.

3483 377 3591 445 Si?

339 488 584 552 διανοίας
624 490 764 542 εἰσιν
793 489 1056 557 εὐσεϐεῖς,
1084 491 1132 544 οἱ
1162 489 1219 544 δὲ
1251 489 1524 560 τολμῶσιν
1553 491 1796 545 εὐσεϐεῖν
1824 493 1900 546 κα⁴

2019 512 2073 556 ει
2123 501 2459 572 exploratum
2505 505 2832 572 habuerunt,
2887 521 2988 573 ea,
3028 516 3087 562 ut
3137 509 3331 575 aiunt,
3380 510 3590 568 ratione

336 580 460 641 τοῖς
487 578 739 649 χείλεσιν.
771 579 978 632 Ἀλλων
1003 580 1060 633 δὲ
1087 581 1299 650 ἥκουσα
1323 580 1662 652 μετρούντων
1687 581 1917 653 θεότητα

271 664 281 718 ῗ
340 667 670 738 σοφωτέρων
711 705 726 730 ,
865 669 914 722 οἳ
947 669 1073 740 τρία
1104 669 1203 740 μὲν
1227 665 1366 723 εἶναι
1393 670 1516 725 καθ’
1551 672 1699 742 ἡμᾶς
1728 672 1919 742 ὁμολο-

336 758 502 825 γοῦσι
533 758 602 811 τά
639 759 920 830 νοούμενα,
951 759 1202 814 τοσοῦτον
1242 761 1299 814 δὲ
1336 760 1580 832 ἀλλήλων
1608 762 1916 833 διέστησαν,

337 848 422 912 ὡς
450 849 511 902 τὺ
542 850 660 920 μὲν,
698 853 792 904 καὶ
832 850 988 922 οὐσίᾳ
1030 853 1123 905 καὶ
1162 852 1391 923 δυνάμει
1430 855 1602 906 ποιεῖν
1630 853 1913 924 ἀόριστον·

340 943 404 994 τὸ
430 942 508 1006 δὲ,
533 942 759 1013 δυνάμει
801 943 918 1012 μὲν,
946 945 1046 997 οὐκ
1084 944 1241 1016 οὐσία
1272 945 1329 998 δέ
1351 961 1364 974 ·
1395 945 1461 998 τὸ
1491 945 1550 997 δὲ
1589 945 1917 1015 ἀμφοτέροις

337 1036 748 1105 περιγραπτόν·
789 1035 946 1090 ἄλλον
994 1036 1191 1107 τρόπον
1247 1037 1594 1108 μιμούμενοι,
1639 1039 1766 1100 τοὺς
1815 1038 1911 1107 δη-

341 1127 624 1198 μιουργὸν,
651 1128 745 1181 καὶ
771 1144 892 1180 συνε
902 1128 1050 1198 ργὸν,
1076 1128 1170 1182 καὶ⁸
1194 1129 1502 1199 λειτουργὸν
1525 1128 1909 1198 ὀνομάζοντας,

338 1220 440 1271 καὶ
463 1218 559 1288 τὴν
599 1220 658 1272 ὲν
685 1222 800 1284 τοῖς
835 1219 1058 1290 ὀνόμασι
1089 1220 1240 1285 τάξιν
1279 1222 1374 1274 καὶ
1415 1221 1595 1293 χάριν,
1633 1220 1742 1274 τῶν
1771 1237 1912 1291 πρα-

335 1310 568 1379 γμάτων
736 1311 1054 1365 ἀκολουθίαν
1083 1307 1221 1364 εῖναι
1259 1311 1601 1380 νομίζοντας.
1625 1333 1628 1337 ·

2018 593 2162 646 ducti
2196 634 2213 659 ,
2292 595 2432 662 quod
2500 595 2776 663 Scriptura
2854 611 3102 653 neutrum
3168 600 3361 654 borum
3430 601 3604 668 plane-

2018 693 2310 754 aperteque
2371 686 2813 743 demonstrasset.
2876 690 2955 744 Ac
3003 691 3232 759 proinde
3258 706 3360 746 nec
3411 692 3584 760 ipsum

2018 783 2366 838 venerantur,
2427 789 2526 830 nec
2590 789 2968 844 contemnunt,
3015 781 3110 834 sed
3147 781 3326 836 medio
3350 782 3584 850 quodam

2020 861 2195 924 modo,
2249 862 2332 916 vel
2360 861 2543 931 potius
2572 866 2765 920 misere
2791 868 3104 936 perditeque
3151 883 3283 939 erga
3309 885 3432 925 eum
3471 871 3598 925 ali.

2018 951 2253 1006 ciuntur.
2276 953 2352 1006 Ex
2379 953 2467 1009 his
2492 969 2654 1024 porro
2679 957 2772 1024 qui
2811 957 2978 1010 Deum
3013 957 3187 1026 ipsum
3228 960 3479 1024 credunt,
3494 962 3598 1016 alii-

2019 1043 2198 1096 animo
2218 1051 2375 1099 tenus
2400 1045 2471 1112 pii
2518 1055 2680 1114 atque
2726 1049 3012 1104 orthodoxi
3072 1060 3234 1118 sunt;
3288 1051 3377 1106 alil
3427 1052 3588 1108 labiis

2016 1147 2231 1202 quoque
2257 1135 2390 1203 ipsis
2417 1136 2670 1204 pietatem
2696 1139 2936 1207 profiteri
2985 1156 3091 1195 non
3124 1152 3398 1196 verentur.
3434 1142 3588 1199 Alios

2015 1225 2177 1278 etiam
2210 1227 2471 1294 quosdam
2506 1229 2867 1296 sapientiores
2898 1233 3099 1296 audivi,
3123 1233 3215 1300 qui
3243 1234 3580 1287 divinitatem

2017 1314 2332 1381 metiuntur,
2361 1329 2426 1368 ac
2458 1316 2558 1368 tria
2584 1317 2824 1385 quidem,
2863 1318 3082 1386 perinde
3110 1334 3174 1374 ac
3205 1334 3324 1382 nos,
3358 1319 3578 1386 intelligi

315 1408 673 1469 conﬁtentur,
701 1405 796 1460 sed
823 1419 888 1460 ea
917 1405 993 1460 ita
1025 1405 1167 1460 inter
1183 1419 1244 1461 se
1275 1405 1607 1472 disiungunt,
1644 1414 1706 1459 ut
1733 1419 1896 1459 unum
1935 1419 2122 1460 eorum
2153 1413 2221 1460 et'
2265 1405 2499 1462 essentia
2549 1413 2607 1460 et
2673 1414 2958 1473 potestate,
3001 1407 3269 1462 infinitum
3322 1418 3586 1476 statuant,

317 1501 555 1557 alterum
589 1506 886 1568 potestate,
945 1513 1050 1553 non
1081 1500 1206 1552 item
1256 1498 1514 1558 essentia,
1567 1508 1898 1564 postremum
1940 1508 2169 1568 utroque
2193 1497 2688 1568 circumscriptum.
2719 1497 2812 1553 Sic
2853 1498 2959 1552 alio
2987 1501 3219 1568 quodam
3281 1503 3438 1555 modo
3493 1518 3587 1559 eos

317 1585 628 1656 imitantur,
653 1595 744 1662 qui
771 1593 1045 1661 opificem,
1104 1601 1159 1646 et
1192 1593 1589 1659 cooperarium.
1676 1602 1732 1645 et
1797 1593 2100 1646 ministrqu
2135 1595 2438 1656 nominant,
2494 1603 2658 1660 atque
2714 1593 2961 1649 ordinem
3007 1603 3061 1648 et
3131 1595 3384 1662 gratiam,
3460 1613 3582 1663 qua:

318 1686 634 1743 nominibus
662 1687 822 1749 inest,
880 1700 1059 1739 rerum
1093 1698 1311 1753 quoque
1355 1685 1550 1738 seriem
1596 1697 1718 1738 esse
1754 1683 2105 1740 arbitrantur.

531 1775 690 1843 Ἡμῖν
730 1774 786 1827 δὲ
825 1775 960 1845 πρὸς
997 1776 1097 1845 μὲν
1130 1775 1258 1838 τοὺς
1300 1775 1421 1828 οὐδὲ
1449 1775 1588 1828 εἶναι
1627 1777 1972 1847 ὑπειληφόιη

318 1881 450 1928 τας,
476 1864 653 1929 οὐδεὶς
831 1864 1010 1934 λόγος,
1045 1865 1079 1937 ἢ
1122 1868 1250 1930 τοὺς
1292 1865 1594 1939 ληροῦντας
1629 1871 1688 1922 ἐν
1719 1869 1916 1941 Ἔλλη-

320 1973 432 2008 σιν.
478 1955 632 2026 Μηδὲ
677 1958 788 2028 γάρ
826 1957 1168 2028 ἁμαρτωλῶν
1213 1957 1378 2029 ἐλαίῳ
1429 1959 1790 2030 πιανθείημεν
1832 1962 1916 2024 είς

314 2049 416 2100 τὸν
449 2046 627 2115 λόγον.
686 2049 832 2119 Πρὸς
881 2048 939 2101 δὲ
978 2049 1104 2112 τοὺς
1161 2048 1354 2112 ἄλλους
1405 2049 1548 2103 οὓτω
1607 2049 1916 2120 διαλεξόμε-

315 2137 396 2192 θα
432 2155 446 2172 ’
598 2139 660 2192 τὸ
701 2137 928 2210 Πνεῦμα
955 2139 1016 2191 τὸ
1046 2140 1221 2207 ἅγιον,
1257 2141 1289 2210 ἢ
1325 2139 1430 2194 τῶν
1464 2141 1566 2195 καθ
1751 2142 1910 2196 ἑαυτὸ

314 2230 730 2300 ὑφεστηκότων,
789 2229 1008 2294 πάντως
1054 2230 1373 2294 ὑποθετέον,
1417 2230 1449 2301 ἢ
1497 2231 1604 2284 τῶν
1642 2232 1700 2283 ὲν
1742 2232 1914 2302 ἑτέρῳ

321 2321 720 2392 θεωρουμένων
745 2337 758 2353 ·
792 2315 867 2377 ὧν
907 2321 968 2376 τὸ
1021 2323 1141 2393 μὲν,
1185 2322 1372 2376 οὐσίαν
1410 2323 1667 2377 καλοῦσιν
1699 2325 1749 2377 oi
1783 2325 1913 2391 περὶ

316 2411 500 2464 ταῦτα
569 2413 773 2476 δεινοὶ,
824 2412 885 2466 τὸ
941 2411 1037 2479 δὲ,
1103 2413 1470 2484 συμϐεϐηκός.
1528 2414 1592 2467 Ei
1663 2413 1762 2484 μὲν
1819 2409 1914 2468 οὖν

315 2502 710 2573 συμϐέϐηκεν,
761 2503 1012 2574 ἐνέργεια
1057 2502 1216 2557 τοῦτο
1249 2503 1313 2557 ἂν
1373 2504 1458 2575 εἴη
1491 2503 1648 2560 Θεοῦ.
1689 2505 1754 2558 Τί
1801 2515 1909 2579 γαρ

307 2595 530 2666 ἕτερον,
587 2593 621 2665 ἢ
655 2593 829 2660 τίνος;
868 2595 1024 2649 τοῦτο
1066 2595 1176 2667 γάρ
1225 2613 1344 2659 πως
1377 2597 1596 2667 μᾶλλον,
1631 2597 1726 2650 καὶ
1777 2605 1909 2666 φεύ-

309 2704 405 2754 γει
473 2684 740 2740 σύνθεσιν.
819 2687 930 2741 Katl
989 2689 1046 2741 εί
1114 2689 1400 2760 ἐνέργεια,
1449 2687 1909 2762 Δἐνεργηθήσετιῖιι

307 2777 563 2850 δηλονότι
615 2812 633 2839 ,
806 2779 906 2832 οὐκ
958 2779 1265 2852 ἐνεργήσει,
1315 2782 1409 2836 καὶ
1459 2781 1594 2853 ὁμοῦ
1635 2781 1714 2853 τῷ
1765 2785 1911 2855 ἐνερ-

307 2866 577 2937 γηθῆναι,
609 2865 898 2920 παύσεται.
940 2867 1193 2923 Τοιοῦτον
1231 2870 1341 2942 γάρ
1392 2871 1426 2942 ἡ
1472 2872 1744 2944 ἐνέργεια.
1783 2872 1910 2937 Πῶς

309 2953 407 3010 οὖν
451 2959 684 3030 ἐνεργεῖ,
725 2960 819 3012 καὶ
860 2959 987 3013 τάδε
1024 2959 1195 3028 λέγει,
1231 2961 1326 3014 καὶ
1360 2961 1630 3034 ἀφορίζει,
1678 2963 1771 3018 καὶ
1809 2963 1906 3018 λυ-

308 3051 516 3114 πεῖται,
555 3050 650 3102 καὶ
684 3049 1067 3121 παροξύνεται,
1103 3052 1199 3104 καὶ
1229 3051 1329 3106 ὅσα
1362 3053 1683 3123 κινουμένου
1719 3055 1906 3124 σαφῶς

2181 1775 2290 1832 Nos
2313 1791 2466 1840 vero,
2496 1791 2596 1832 nec
2620 1792 2744 1833 cum
2773 1777 2840 1831 iis
2896 1777 2987 1848 qui
3039 1793 3106 1831 ne
3158 1778 3421 1846 Spiritum
3447 1783 3570 1848 qui-

1996 1868 2117 1924 dem
2140 1882 2260 1923 esse
2301 1877 2547 1932 censent,
2601 1883 2700 1922 nec
2755 1883 2876 1921 cum
2940 1869 3294 1940 nugatoribus
3339 1871 3575 1925 ειΙιιιίεἰς

1996 1956 2160 2013 verba
2194 1956 2281 2009 illa
2315 1957 2790 2011 commutabimus.
2847 1955 2998 2011 Absit
3051 1959 3194 2010 enim
3241 1967 3298 2012 ut
3327 1970 3577 2028 peccato-

1997 2064 2114 2103 rum
2148 2048 2270 2102 oleo
2295 2062 2602 2103 sermonem
2629 2057 2872 2103 uostrttm
2909 2048 3308 2119 impinguemus
3375 2048 3415 2103 '.
3437 2051 3589 2106 Cum.

1993 2139 2206 2196 caeteris
2239 2147 2421 2194 autem
2449 2139 2516 2193 ad
2557 2139 2701 2192 hunc
2725 2139 2942 2192 modum
2992 2141 3424 2208 disputabimus:
3453 2141 3574 2211 Spi-

1994 2233 2133 2288 ritus
2159 2240 2398 2297 sanctus,
2456 2231 2538 2286 vel
2573 2247 2638 2284 ex
2686 2245 2873 2285 eorum
2931 2247 3176 2296 numero,
3231 2247 3350 2299 qua:
3385 2249 3483 2300 per
3515 2251 3572 2286 se

1995 2325 2318 2387 subsistunt,
2370 2321 2592 2376 omnino
2655 2313 2977 2376 statuendus
3025 2330 3130 2385 est,
3185 2321 3272 2374 vel
3329 2321 3566 2375 interea

1992 2415 2358 2478 collocandus,
2411 2429 2531 2484 quae
2581 2413 2634 2467 in
2690 2413 2795 2468 alio
2837 2413 3292 2479 considerantur;
3331 2428 3562 2482 quorum

1992 2509 2220 2562 alterum
2254 2505 2639 2569 substantiam,
2677 2504 2907 2558 alterum
2937 2504 3191 2560 accidens
3246 2505 3568 2570 vocant,qui

1993 2599 2183 2650 harum
2217 2610 2398 2651 rerum
2440 2594 2722 2650 scientiam
2757 2592 2978 2648 callent.
3038 2593 3117 2646 Ac
3151 2594 3196 2648 si
3225 2593 3441 2662 quidem
3475 2608 3568 2646 ac-

1992 2689 2197 2752 cidens,
2222 2688 2304 2740 vis
2331 2687 2516 2755 utique
2547 2697 2602 2740 ει
2666 2685 2901 2740 facultas
2950 2686 3198 2752 quaedam
3266 2685 3356 2740 Dei
3385 2684 3566 2739 fuerit.

1991 2781 2129 2845 Quid
2161 2779 2304 2834 enim
2341 2779 2507 2842 aliud,
2565 2787 2658 2831 aut
2705 2776 2926 2847 cujusi-
2956 2774 3070 2830 Hoc
3121 2775 3367 2846 profecto
3398 2777 3570 2844 magis

1992 2879 2436 2934 consentaneum,
2492 2866 3009 2938 compositioniqu
3053 2881 3269 2935 expers.
3320 2866 3377 2920 Si
3410 2867 3489 2920 vis
3515 2876 3569 2920 et

1992 2961 2243 3024 facultas,
2280 2973 2469 3031 agetur
2497 2962 2636 3016 haud
2666 2961 2850 3026 dubie,
2891 2977 2998 3016 non
3051 2970 3176 3029 aget
3214 2976 3229 3014 :
3276 2958 3567 3026 simulque,

1991 3063 2050 3107 ut
2082 3064 2236 3109 actus
2263 3053 2447 3116 fuerit,
2481 3054 2710 3108 desinet.
2756 3053 3057 3123 Ejusmodi.
3099 3053 3298 3121 quippe
3348 3059 3432 3104 est
3483 3064 3568 3101 ac-

303 3140 482 3203 ὲστιν,
511 3141 572 3194 ού
603 3142 866 3211 κινήσεως
894 3161 906 3206 ;
940 3143 1004 3196 El
1029 3142 1085 3195 δὲ
1113 3143 1271 3196 οὐσία
1299 3161 1402 3209 τις,
1427 3144 1487 3197 οὐ
1517 3143 1626 3198 τῶν
1649 3146 1778 3215 περὶ
1806 3145 1900 3215 τὴν

1996 3150 2078 3198 tus
2123 3153 2339 3198 natura.
2397 3142 2497 3209 Qui
2554 3143 2612 3197 lit
2655 3158 2821 3213 ergo,
2897 3153 2957 3197 tu
3000 3153 3125 3214 agat
3182 3143 3338 3212 ipse,
3405 3150 3582 3209 atque-

297 3231 517 3294 οὐσίαν,
579 3233 699 3305 ἤτοι
755 3234 963 3305 κτίσμα
1016 3233 1461 3306 ύποληφθήσεται
1505 3275 1521 3301 ,
1674 3236 1707 3308 ἢ
1747 3234 1898 3300 Θεὸς·

304 3321 476 3393 μέσον
509 3323 617 3394 γάρ
648 3340 701 3376 τι
731 3321 960 3390 τούτων,
992 3324 1110 3395 ἦτοι
1160 3325 1457 3396 μηδετέρου
1495 3326 1742 3397 μετέχον,
1773 3325 1806 3398 ἦ
1843 3327 1904 3392 ἐξ

301 3415 516 3483 ἀμφοῖν
547 3413 827 3478 σύνθετον,
845 3413 966 3466 οὐδ’
997 3413 1065 3468 ἂν
1086 3415 1137 3467 οἱ
1165 3415 1291 3479 τοὺς
1321 3416 1696 3488 τραγελάφους
1728 3418 1900 3472 πλάτ-

302 3520 498 3564 τοντες
525 3504 857 3575 ὲννοήσαιεν.
899 3505 1040 3558 Ἀλλ’
1062 3507 1110 3558 εί
1137 3506 1234 3578 μὲν
1260 3507 1482 3579 κτίσμα,
1511 3509 1628 3574 πῶς
1658 3511 1738 3575 είς
1768 3511 1901 3564 αὐτὸ

298 3594 659 3666 πιστεύομεν,
689 3596 723 3667 ἢ
755 3599 815 3650 ὲν
856 3595 1005 3668 αύτῷ
1034 3597 1422 3670 τελειούμεθα;
1463 3601 1525 3654 οὐ
1561 3601 1669 3672 γάρ
1701 3603 1899 3656 ταυτόν

297 3691 424 3742 ἐστι
461 3687 737 3742 πιστεύειν
775 3688 856 3752 εἷς
890 3707 966 3754 τι,
1007 3691 1101 3743 καὶ⁸
1135 3692 1265 3761 περὶ
1305 3690 1470 3744 αὑτοῦ
1501 3692 1794 3746 πιστεύειν.
1825 3693 1900 3746 Τὸ

302 3777 410 3844 μὲν
453 3778 563 3848 γάρ
613 3779 727 3832 ἐστι
765 3776 1040 3849 θεότητος,
1087 3778 1149 3832 τὸ
1195 3779 1252 3832 δὲ
1305 3781 1506 3843 παντὸς
1546 3780 1895 3852 πράγματος.

304 3871 373 3922 Εἰ
403 3869 460 3922 δὲ
493 3869 646 3933 Θεὸς,
681 3869 796 3922 ἀλλ’
826 3871 888 3923 οὐ
923 3870 1149 3941 κτίσμα,
1193 3871 1315 3925 οὐδὲ
1349 3873 1586 3942 ποίημα,
1612 3873 1734 3926 οὐδὲ
1768 3867 1896 3927 σὺν-

298 3960 510 4023 δουλον,
535 3961 644 4013 οὐδ’
674 3961 811 4022 ὅλως
840 3962 894 4013 τὶ
931 3961 1040 4014 τῶν
1073 3965 1346 4016 ταπεινῶν
1378 3964 1681 4033 ὀνομάτων.

1995 3235 2107 3290 haec
2131 3243 2184 3288 et
2213 3234 2304 3288 illa
2334 3234 2498 3298 dicat,
2526 3244 2582 3289 et
2631 3240 2882 3304 segreget
2918 3234 2948 3264 "
2971 3271 2988 3299 ,
3028 3242 3085 3289 et
3119 3232 3474 3286 contristetur
3511 3231 3569 3292 ³,

1992 3334 2049 3380 et
2069 3325 2134 3379 ad
2160 3325 2292 3378 iram
2325 3324 2602 3390 incitetur,
2671 3333 2728 3380 et
2785 3338 3124 3395 quaecunque
3173 3323 3248 3377 rei
3282 3332 3428 3376 motu
3456 3323 3570 3392 agi-

1997 3425 2120 3470 tatae
2153 3415 2436 3483 perspicue
2480 3423 2642 3480 sunt,
2682 3427 2786 3469 non
2828 3423 3008 3468 autem
3060 3414 3313 3467 motionis
3367 3412 3569 3481 ipsius?

1991 3506 2086 3560 Sin
2118 3515 2295 3560 autem
2323 3504 2622 3560 substantia
2645 3513 2748 3570 est,
2771 3517 2878 3559 non
2897 3503 3176 3567 accidens,
3204 3502 3290 3557 vel
3316 3511 3568 3556 creatura

1988 3599 2317 3664 censebitur,
2373 3598 2472 3652 vel
2503 3597 2664 3651 Deus.
2723 3595 2958 3651 Medium
3014 3597 3160 3650 enim
3193 3594 3398 3664 aliquid
3420 3595 3566 3646 inter

1989 3689 2125 3752 Ιιενε,
2145 3698 2236 3743 aut
2259 3689 2400 3758 quod
2430 3689 2680 3744 neutrius
2709 3689 2984 3756 particeps
3011 3688 3106 3749 sit,
3132 3694 3230 3740 aut
3250 3701 3316 3740 ex
3335 3694 3583 3754 utroque-1

1988 3783 2344 3850 compositum
2581 3791 2744 3846 atque
2781 3777 3106 3840 conﬂatum,
3165 3791 3233 3831 ne
3255 3777 3290 3830 ii
3325 3776 3562 3844 quidem,

1987 3871 2092 3939 qui.
2112 3871 2448 3939 tragelapltos
2475 3869 2880 3932 confinxerunt,
2907 3868 3212 3938 intelligere
3245 3877 3471 3936 queant.
3506 3868 3589 3920 Si.

1986 3969 2259 4020 creatura,
2289 3963 2556 4026 quomodo
2590 3960 2643 4013 in
2677 3973 2799 4012 euut
2831 3960 3127 4022 credimus,
3151 3968 3247 4012 aut
3273 3959 3325 4010 in
3354 3974 3420 4012 eo
3445 3975 3566 4026 perv

299 4052 552 4108 ficimur?
578 4051 760 4120 Neque
788 4051 934 4105 enim
991 4048 1132 4102 idem
1185 4057 1288 4112 est,
1322 4049 1543 4102 credere
1593 4047 1646 4100 in
1678 4047 1900 4116 aliquid,
1934 4060 2000 4105 ειι
2054 4053 2277 4108 credere
2315 4054 2382 4108 de
2436 4053 2636 4122 aliquo.
2663 4055 2801 4110 Illud
2827 4057 2977 4112 enim
3005 4058 3566 4125 divinitaticonvenit,

302 4150 408 4200 hoc
431 4146 649 4200 cuilibet
681 4147 778 4201 rei.
809 4145 866 4200 Si
889 4154 1071 4199 autem
1114 4143 1276 4206 Deus,
1323 4153 1473 4196 certe
1546 4156 1646 4196 nec
1705 4153 1953 4199 creatura
1993 4157 2099 4210 cst,
2129 4141 2226 4202 nec
2262 4149 2493 4211 factura,
2530 4165 2626 4202 nec
2656 4165 2971 4214 conservus,
3001 4170 3102 4209 nec
3135 4157 3367 4224 denique
3402 4157 3564 4211 ullum

296 4241 444 4298 aliud
478 4239 679 4294 humile
709 4246 869 4307 atque
897 4236 1162 4305 abiectum
1187 4248 1402 4289 nomen.

484 4333 746 4388 Ἐνταῦθα
773 4332 864 4396 σὸς
892 4334 921 4385 ὁ
951 4331 1128 4399 λόγος,
1161 4331 1218 4384 αἱ
1251 4329 1534 4399 σφενδόναι
1562 4330 1880 4400 ιτιεμτιτέσθω⁹

296 4442 420 4490 σαν,
441 4425 492 4476 oi
522 4423 870 4493 συλλογισμοὶ
891 4421 1298 4475 πλεκέσθωσαν.
1332 4421 1402 4473 Ἥ
1427 4421 1723 4491 ἀγέννητον
1751 4423 1886 4476 πάν-

2217 4329 2333 4384 Jatn
2401 4330 2579 4395 ltngua
2639 4339 2726 4382 tua
2765 4330 2830 4383 ad
2878 4330 3258 4399 tliSptttanduut
3294 4335 3593 4401 prosiliat,.

1998 4422 2178 4475 fundae
2204 4422 2499 4488 jactentur,
2531 4431 2848 4488 argumenta
2884 4434 3193 4476 nectuntur.
3219 4422 3328 4476 Aut
3357 4425 3568 4495 ingeni-

293 4505 490 4586 τως,ἦ
542 4515 821 4586 γεννητόν.
887 4515 996 4568 Καὶ
1044 4514 1093 4566 εί
1156 4513 1255 4583 μὲν
1309 4511 1626 4584 ἀγέννητον,
1683 4515 1777 4567 δύο
1816 4515 1884 4568 τά

1996 4521 2084 4568 tus
2117 4513 2336 4565 omnino
2359 4521 2464 4576 est,
2524 4511 2725 4579 inquis,
2771 4521 2864 4565 aut
2909 4513 3141 4583 genitus.
3175 4513 3232 4567 Si
3271 4493 3582 4584 ingenitusP

292 4608 528 4677 ἄναρχοι.
568 4607 631 4659 Ei
663 4605 720 4658 δὲ
756 4604 1033 4674 γεννητὸν,
1060 4603 1362 4672 ύποδιαίρει
1533 4602 1720 4658 πάλιν
1757 4605 1789 4674 ἢ
1820 4607 1885 4659 ὲκ

292 4697 388 4750 τοῦ
419 4695 633 4767 [ἰατρὸς
669 4692 850 4756 τοῦτο,
888 4694 920 4764 ἦ
956 4696 1020 4746 έκ
1042 4694 1135 4746 τοῦ
1169 4692 1322 4746 Υίοῦ.
1350 4693 1461 4748 Καὶ
1493 4696 1541 4747 εί
1578 4694 1676 4764 μὲν
1702 4697 1765 4747 ὲκ
1791 4695 1881 4748 τοῦ

295 4789 532 4860 Ιιατρὸς,
573 4788 696 4840 Υἱοὶ
724 4787 817 4840 δύο
852 4787 946 4840 καλ⁵
973 4785 1211 4855 ἀδελφοί.
1243 4786 1315 4837 Σὺ
1343 4785 1400 4838 δέ
1437 4803 1527 4856 μοι
1559 4785 1758 4838 πλάττε
1793 4787 1884 4840 καὶ

291 4877 571 4948 διδύμους,
599 4879 648 4929 εί
681 4876 879 4947 βούλει,
915 4875 948 4947 ἢ
996 4875 1086 4930 τὸν
1136 4875 1236 4946 μὲν
1281 4875 1670 4946 πρεσϐύτερον,
1705 4875 1799 4929 τὸν
1828 4876 1884 4930 δὲ

294 4969 585 5040 νεώτερονο
619 4967 806 5040 ἐπειδὴ
843 4968 966 5020 λίαν
1003 4961 1056 5019 εἴ
1093 4964 1489 5036 φιλοσώματος.
1519 4968 1582 5020 El
1603 4968 1660 5021 δὲ
1690 4969 1753 5020 ἐκ
1784 4968 1882 5020 τοῦ

295 5056 449 5120 Υίοῦ,
485 5056 716 5126 πέφηνε,
749 5056 905 5127 φησϊ,
942 5055 1036 5108 καὶ
1069 5056 1260 5118 υἱωνὸς
1290 5058 1424 5128 ἡμῖν
1455 5056 1615 5120 Θεός⁸
1646 5052 1708 5110 οὗ
1738 5059 1790 5111 τί
1818 5059 1884 5112 ἂν

293 5150 508 5219 γένοιτο
539 5149 968 5220 παραδοξότερον
997 5167 1010 5211 ;
1050 5148 1225 5201 ταῦτα
1271 5148 1370 5218 μὲν
1413 5145 1505 5202 οὖν
1533 5151 1580 5203 οί
1608 5153 1761 5222 σοφοὶ
1789 5152 1882 5206 τοῦ

294 5241 684 5310 κακοποιῆσαι,
709 5239 778 5293 τὰ
799 5239 855 5292 δὲ
886 5239 1064 5306 ἀγαθά
1094 5238 1328 5308 γράφειν
1351 5240 1412 5292 ού
1443 5239 1706 5305 θέλοντες.
1741 5243 1882 5310 Ἐγὼ

290 5333 352 5386 δὲ
381 5334 430 5384 εί
461 5331 562 5402 μὲν
600 5331 787 5403 ἐώρων
827 5332 1133 5399 ἀναγκαίαν
1163 5331 1260 5402 τὴν
1293 5330 1575 5402 διαίρεσιν,
1612 5333 1881 5406 ἐδεξάμην

291 5421 360 5474 ἂν
393 5425 462 5474 τὰ
490 5421 812 5492 πράγματα,
845 5423 906 5474 ού
945 5420 1201 5491 φοϐηθεὶς
1233 5420 1303 5481 τά
1334 5420 1599 5492 ὀνόματα.
1643 5425 1717 5476 Οὐ
1749 5424 1878 5496 γάρ,

293 5511 486 5582 ἐπειδὴ
513 5512 654 5565 κατά
672 5529 792 5564 τινα
823 5511 1005 5581 σχέσιν
1026 5511 1362 5583 ὑψηλοτέραν
1381 5511 1508 5577 Υἱὸς
1531 5515 1560 5566 ό
1688 5516 1840 5580 ’Υἱὸς
1860 5556 1876 5581 ,

293 5602 354 5656 οὐ
377 5601 715 5666 δυνηθέντων
735 5602 890 5673 ἡμῶν
912 5602 1106 5666 ἄλλως,
1131 5604 1355 5674 ἧοῦτως
1375 5605 1713 5673 ἐνδείξασθαι
1733 5607 1790 5661 τὸ
1814 5613 1878 5664 ὲκ

381 5755 401 5786 ⁸
434 5753 573 5810 Psal.
605 5769 728 5820 οτι,
755 5756 807 5810 5.
888 5757 908 5786 ³
939 5758 1058 5811 Act.
1091 5771 1206 5821 χιιι,
1230 5768 1290 5816 Δ,
1359 5757 1379 5789 ³
1407 5756 1612 5826 prcs.
1653 5775 1726 5823 tv,
1767 5759 1858 5814 50.

1993 4618 2124 4672 ergo
2152 4607 2260 4658 duo
2281 4612 2442 4656 erttnt
2475 4602 2728 4672 principii
2783 4613 3054 4672 expertes.
3122 4604 3179 4658 Si
3212 4613 3390 4658 autem
3411 4608 3575 4676 geni-

1993 4699 2100 4755 tus,
2143 4706 2332 4745 rursus
2381 4691 2712 4745 subdividis:
2768 4700 2861 4745 aut
2912 4707 2978 4747 ex
3012 4692 3170 4746 Patre
3218 4694 3432 4762 genitus
3458 4705 3569 4759 cst,

1992 4793 2088 4838 aut
2117 4798 2184 4836 ex
2220 4782 2377 4836 Filio.
2407 4783 2464 4837 Si
2491 4797 2555 4836 ex
2583 4782 2767 4850 Patre,
2801 4784 2910 4838 duo
2966 4783 3126 4852 igitur
3163 4795 3291 4839 sunt
3333 4784 3455 4838 Filii
3505 4801 3570 4840 at:

1993 4879 2208 4929 lratres.
2242 4873 2514 4929 Gemellos
2539 4875 2702 4928 etiam
2745 4876 2905 4942 tinge,
2940 4873 2984 4928 si
3017 4873 3312 4939 lubet,.aut
3335 4876 3566 4931 alterum

1994 4975 2122 5019 natu
2155 4964 2438 5033 majorem,
2467 4964 2694 5018 alterum
2721 4965 3018 5029 minorem;
3045 4978 3169 5018 eum
3197 4965 3269 5018 ita
3287 4969 3568 5036 corporeis

1993 5056 2156 5109 rebus
2177 5055 2468 5110 immersus
2507 5069 2594 5108 es.
2623 5054 2680 5108 Si
2715 5065 2893 5107 autem
2923 5070 2990 5109 ea
3033 5055 3196 5122 Filio,
3225 5056 3339 5127 iam
3386 5059 3586 5124 nobis,

1993 5144 2228 5212 iuquies,
2257 5157 2424 5211 nepos
2489 5142 2629 5196 Deus
2692 5144 2918 5200 exstitit.
2951 5145 3092 5212 ρεπεν
3117 5146 3247 5215 quid
3281 5148 3566 5203 absurdius

1988 5235 2116 5303 ﬁngi
2147 5233 2352 5303 possit?
2415 5234 2541 5290 Ilaec
2587 5236 2835 5291 homines
2867 5239 2933 5291 ad
2993 5237 3441 5294 malefaciendum
3475 5255 3560 5295 sa-

1990 5325 2199 5392 pientes
2247 5326 2274 5356 δ
2307 5335 2362 5378 ει
2386 5324 2672 5395 ingeniosi,
2707 5327 2848 5382 bona
2908 5337 3087 5383 autem
3141 5331 3380 5385 scribere
3407 5346 3563 5386 recu-

1985 5425 2191 5468 santes.
2233 5415 2349 5486 Ego
2378 5431 2530 5483 vero,
2585 5417 2628 5470 si
2664 5418 2984 5473 divisionem
3026 5421 3165 5475 hanc
3197 5422 3560 5476 necessariam

1985 5504 2247 5569 viderem,
2309 5523 2395 5562 res
2450 5509 2593 5578 ipsas
2653 5510 2900 5580 profecto
2955 5510 3578 5580 excepissent,uotnina.

1987 5598 2122 5651 ui’ltil
2158 5601 2382 5654 veritus.
2413 5601 2527 5657 Non
2569 5603 2735 5666 enim,
2783 5603 2912 5671 quia
2948 5602 3251 5658 “eundum
3287 5604 3558 5664 excelsio-

1937 5759 1960 5793 ⁸
1982 5757 2184 5818 Jerem.
2216 5777 2290 5827 tv,
2322 5763 2411 5817 92.
