4078 6292
596 422 698 483 333

1822 409 2210 474 EUTHYMH
2253 412 2611 471 ZIGABEM

3705 418 3793 485 816

596 548 711 587 rem
756 530 1046 599 quamdam
1089 527 1409 583 relationem
1435 521 1605 577 Filius
1628 531 1707 576 est
1740 520 1910 581 Filius
1967 523 2156 589 (quod

2259 517 2353 571 τοῦ
2387 517 2524 571 Θεοῦ
2555 520 2647 571 καὶ
2712 518 3020 589 ὀμοούσιον,
3080 522 3185 595 ἤδη
3221 523 3318 578 καὶ
3379 525 3560 588 πάσας
3612 528 3795 597 οἰητέον

596 620 848 674 videlicet
878 618 1253 685 aliterhquam
1273 615 1375 670 hoc
1410 612 1591 674 modo,
1628 610 1875 665 indicare
1910 623 2153 679 nequea-

540 740 549 761 ι
600 725 724 765 mus
769 709 822 763 id
869 708 1015 777 quod
1056 722 1133 768 ex.
1158 705 1270 760 Deo
1307 715 1412 768 est,
1457 703 1805 770 essentiaque
1858 702 1999 756 idem
2032 716 2158 756 cum

597 804 761 872 ipso),
783 801 990 855 idcirco
1009 809 1224 852 terrena
1251 812 1469 865 quoque
1482 796 1666 851 omnia
1695 793 2155 862 cognationisque

596 903 795 947 nosti-ie
826 893 1043 945 nomina
1076 887 1145 943 ad
1183 889 1350 941 Deum
1400 886 1712 941 necessario
1767 883 2148 939 transferenda

597 997 718 1036 esse
739 980 1039 1050 putandum
1059 989 1163 1032 est.
1205 977 1448 1047 Alioqui,
1483 978 1612 1045 quid
1647 977 1900 1046 impedit,
1936 981 2159 1043 quomi-

595 1087 705 1126 nus
730 1070 921 1126 eadem
955 1070 1165 1125 ratione
1192 1069 1521 1131 masculum,
1548 1068 1716 1121 Deum
1748 1075 1996 1121 nostrum
2044 1067 2161 1121 exi~

597 1164 804 1227 stimes,
835 1163 1095 1232 quoniam
1128 1161 1270 1215 Deus
1289 1168 1344 1215 et
1385 1162 1540 1214 Pater
1579 1160 1931 1214 nominatur?
1963 1160 2041 1213 Ac
2085 1159 2163 1212 l‘e-

598 1254 837 1307 mineum
883 1254 1162 1323 quiddam,
1205 1254 1488 1318 Deitatem,
1522 1261 1787 1321 quantum
1824 1252 2046 1320 quidem
2094 1269 2161 1306 ex

596 1350 747 1399 vocis
780 1361 980 1413 genere
998 1344 1257 1399 aestimari
1276 1354 1449 1413 potest
1474 1344 1494 1396 ?
1512 1344 1582 1398 Et
1608 1343 1845 1411 denique
1869 1343 2159 1413 Spiritum,

597 1449 878 1499 neutrum,
910 1438 1164 1503 quoniam
1204 1435 1573 1502 nihilgignit?
1605 1434 1761 1499 Quod
1791 1435 1835 1487 si
1872 1435 2027 1501 juxta
2066 1452 2159 1489 ve-

600 1531 745 1581 teres
767 1529 977 1584 fabulas
1007 1538 1061 1583 et
1085 1544 1256 1598 nugas
1290 1528 1394 1581 hoc
1419 1541 1640 1596 quoque
1661 1528 1824 1580 modo
1853 1526 2075 1588 luseris,
2105 1538 2165 1581 ut

2264 610 2562 676 ἀναγκαῖον
2593 604 2733 662 εῐναι
2752 611 2851 673 τὰς
2885 612 3035 664 κάτω
3056 614 3298 682 κλήσεις,
3352 616 3446 667 καὶ
3495 616 3592 686 τῆς
3624 619 3793 687 ἡμετέ-

2269 718 2367 769 ρας
2401 701 2741 769 συγγενείας,
2772 702 3102 771 μεταφέρειν
3147 706 3243 758 ἐπὶ
3274 706 3335 757 τὸ
3364 708 3524 769 θεῖον.
3590 710 3656 761 Ἢ
3677 712 3796 781 τάχα

2266 794 2335 846 ἂν
2369 792 2432 845 σύ
2465 809 2529 860 γε
2562 793 2653 846 καὶ
2676 793 2882 863 ἄρρενα
2907 794 2999 847 τὸν
3031 794 3165 848 Θεὸν
3187 798 3319 865 ἡμῖν
3340 797 3647 865 ὑπολάϐοις,
3677 804 3798 856 κατὰ

2268 887 2360 938 τὸν
2390 885 2546 950 λόγον
2578 885 2788 949 τοῦτον,
2825 887 2906 938 ὅτι
2935 887 3065 945 Θεὸς
3093 887 3444 955 ὀνομάζεται,
3476 891 3567 943 καὶ
3598 891 3767 963 Πατήρ
3784 911 3799 960 ;

2264 977 2357 1028 καὶ
2389 976 2522 1043 θῆλύ
2582 993 2634 1029 τι
2692 977 2791 1045 τὴν
2843 977 3091 1045 θεότητα,
3127 979 3252 1031 ὅσον
3286 981 3375 1031 ἐπὶ
3422 981 3540 1038 ταῖς
3566 980 3798 1051 κλήσεσι,

2272 1069 2367 1121 καὶ
2396 1067 2724 1135 τὸ·Πνεῦμα
2784 1070 3093 1140 οὐδέτερον,
3114 1110 3127 1121 μ
3148 1071 3230 1123 ὅτι
3270 1071 3343 1140 μὴ
3390 1076 3731 1141 γεννητικόν;
3761 1079 3802 1129 εἰ

2272 1161 2329 1214 δέ
2372 1178 2454 1215 σοι
2491 1161 2786 1232 καὶτοῦτο
2826 1162 3105 1232 παιχθείη,
3154 1167 3220 1233 τῇ
3260 1164 3459 1217 ἑαυτοῦ
3494 1166 3699 1234 θελήσει
3727 1168 3803 1220 τὸν

2268 1252 2399 1304 Θεὸν
2434 1254 2851 1322 συγγενόμενον,
2886 1254 3029 1307 κατὰ
3065 1254 3190 1318 τοὺς
3213 1256 3485 1316 παλαιοὺς
3513 1256 3693 1325 λήρους
3722 1260 3800 1309 καὶ

2279 1343 2505 1412 μύθους,
2543 1347 2911 1413 γεννήσασθαι
2963 1348 3054 1398 τὸν
3094 1345 3241 1412 Υἱὸν,
3293 1349 3523 1418 εἰσήχθη
3576 1367 3656 1410 τις
3690 1351 3800 1418 ἡμῖν

2271 1435 2363 1488 καὶ
2401 1436 2725 1506 Μαρκίωνος
2748 1478 2762 1500 ,
2799 1437 2895 1491 καὶ
2926 1437 3246 1491 Βαλεντίνου
3279 1438 3412 1501 Θεὸς
3442 1439 3794 1511 αρρενόθηλυς,

2268 1525 2363 1576 τοῦ
2403 1527 2528 1587 τοὺς
2580 1530 2797 1589 καινοὺς
2835 1526 3038 1588 αἰῶνας
3077 1525 3556 1591 ἀνατυπὼσαντος.

601 1623 769 1686 dicas,
801 1625 967 1678 Deum
1001 1639 1121 1677 cum
1150 1623 1430 1677 voluntate
1460 1636 1558 1675 sua
1575 1635 1926 1687 congressum
1956 1621 2155 1675 Filium
2190 1622 2459 1692 genuisse,
2508 1619 2800 1677 Marcionis
2827 1622 3049 1691 quidem
3076 1637 3141 1676 ac
3173 1621 3476 1686 Valentini,
3529 1625 3616 1692 qui
3658 1638 3802 1680 novos

600 1728 782 1768 scenas
810 1723 1152 1767 commentus
1179 1720 1284 1773 est,
1336 1711 1839 1777 bermaphroditum
1874 1712 2161 1779 quemdam
2197 1712 2362 1767 Deum
2398 1712 2698 1767 induxeris.

674 1808 947 1873 Quoniam
1028 1820 1194 1874 porro
1263 1805 1585 1859 divisionem
1666 1814 1812 1860 tuam
1900 1805 2156 1874 primam,
2200 1814 2240 1867 Β

601 1904 707 1958 qua
751 1889 892 1942 inter
928 1888 1222 1955 ingenitum
1253 1899 1305 1939 et
1348 1888 1586 1953 genitum
1622 1886 1752 1937 nihil
1791 1885 2028 1937 medimu
2056 1900 2175 1937 esse

605 1980 914 2040 arbitraris,
946 1978 1360 2045 haudquaquam
1394 1978 1751 2038 admittimus,
1801 1982 2048 2045 protinus
2078 1978 2169 2033 tibi

604 2084 725 2123 cum
757 2069 1010 2137 praeclara
1063 2078 1151 2121 tua
1209 2068 1478 2121 divisione
1509 2068 1705 2123 fratres
1759 2069 1831 2123 illi
1862 2080 1918 2123 et
1951 2080 2174 2139 nepotes

602 2160 876 2227 peribunt,
909 2169 965 2211 ut
1006 2159 1119 2226 qui,
1180 2159 1353 2226 primo
1417 2158 1913 2227 illoﬂisputalionis
1944 2170 2046 2214 tua:
2085 2177 2173 2214 ca-

602 2252 732 2319 pite,
756 2251 908 2318 quasi
945 2249 1254 2315 multiplicis
1289 2248 1569 2316 cujusdam
1607 2265 1778 2305 nexus
1815 2251 1967 2304 initio
2002 2253 2175 2317 primo

600 2336 961 2397 sotutn,simnl
990 2352 1202 2405 qtioque
1228 2337 1385 2391 soluti
1408 2340 1469 2390 a'c
1485 2337 1672 2407 dilapsi
1866 2341 1996 2403 sint,
2014 2350 2176 2409 atque

606 2449 632 2479 ιι
675 2430 1246 2483 divinitatisdoctrina
1304 2444 1424 2483 sese
1472 2431 1844 2484 subduxerint.
1882 2431 1980 2486 Ubi
2006 2433 2171 2494 enim,

607 2536 812 2585 quazso,
839 2536 1006 2587 pones
1034 2520 1105 2583 id,
1138 2521 1280 2588 quod
1313 2521 1574 2589 procedit,
1606 2525 1750 2589 quod
1793 2524 2009 2591 quidem
2034 2526 2176 2578 inter

602 2614 737 2662 duas
774 2611 1056 2663 divisionis
1106 2621 1208 2665 tua:
1246 2622 1444 2679 partes
1506 2611 1852 2680 interjectum
1901 2626 2022 2666 esse
2046 2628 2177 2667 cou-

601 2712 729 2765 stat,
763 2711 925 2769 atque
974 2718 1003 2753 a
1049 2703 1321 2771 tbcologo,
1353 2703 1520 2756 multo
1576 2714 1628 2757 te
1673 2705 2056 2771 praestantiori,
2094 2707 2172 2758 ni-

603 2790 797 2841 mirum
828 2805 856 2840 a
888 2789 1169 2843 Salvatore
1193 2801 1401 2855 nostro,
1436 2792 1827 2847 introducitur?
1856 2792 1969 2847 Nisi
2013 2794 2173 2860 forte,

603 2892 824 2949 pmpter
853 2881 1071 2935 tertium
1127 2891 1276 2935 tuum
1336 2883 1764 2947 Testamentum,
1819 2900 2001 2940 vocem
2030 2887 2173 2941 illam

602 2989 667 3023 rx
726 2972 1025 3040 Evangeliis
1084 2974 1411 3036 sustuleris,
1459 2975 1691 3043 Spiritus
1751 2989 1987 3045 sanctus,
2012 2983 2103 3050 qui
2142 2998 2175 3035 α

602 3060 767 3112 Patre
802 3062 1035 3127 procedit
1099 3068 1114 3095 ί
1146 3063 1300 3131 ;qui,
1352 3074 1619 3131 quatenus
1671 3065 1736 3116 ab
1784 3065 1872 3118 illo
1909 3067 2173 3133 procedit,

602 3166 845 3208 creatura
880 3168 983 3208 non
1009 3164 1092 3209 εει
1122 3172 1135 3209 ζ
1170 3164 1439 3223 quatenus
1478 3169 1668 3210 l'lll‘SUS
1696 3156 1909 3224 genitus
1945 3172 2047 3209 llOll
2070 3168 2169 3221 εει,

2251 3183 2341 3219 σου
2366 3165 2466 3230 τὰς
2489 3166 2597 3219 τῶν
2631 3166 3006 3236 συλλογισμῶν
3036 3167 3207 3235 ἄρκυς
3229 3164 3512 3235 διαφυγὼν
3548 3206 3563 3230 ,

601 3244 766 3298 Filius
795 3261 899 3299 non
926 3254 1035 3301 est:
1064 3256 1332 3314 quatenus
1365 3257 1545 3299 autent
1604 3247 1747 3300 inter
1782 3247 2080 3316 ingenitum
2121 3261 2173 3303 et

603 3339 840 3401 geuitmn
862 3338 1071 3391 medius
1088 3347 1189 3401 est,
1212 3337 1350 3392 Deus
1373 3348 1477 3392 est.
1496 3340 1673 3404 Atque
1698 3339 1771 3390 ita
1800 3339 1983 3392 vitatis
2012 3341 2170 3410 syllo-

603 3428 902 3497 gismorum
979 3437 1188 3481 tuorum
1226 3429 1452 3495 laqueis.
1507 3430 1647 3481 Deus
1693 3429 1977 3483 manifeste
2008 3446 2173 3499 appa-

606 3520 736 3581 ruit,
765 3519 1120 3572 divisionibus
1152 3519 1255 3572 tuis
1281 3518 1487 3571 [irinior
1512 3529 1566 3572 et
1594 3519 1876 3574 valentior.
1898 3520 2025 3585 Qua:
2048 3536 2173 3590 ergo

603 3619 686 3662 est
708 3611 825 3662 iure
856 3609 1162 3676 processio?
1192 3609 1421 3677 inquies.
1464 3610 1556 3663 Dic
1583 3619 1636 3664 tu
1666 3626 1784 3679 quae
1828 3610 2001 3664 Patris
2029 3612 2167 3681 iuge-

606 3701 783 3753 uitura
815 3702 905 3765 sit,
951 3711 1006 3754 et
1058 3714 1158 3769 ego
1188 3699 1309 3754 Filii
1370 3703 1796 3770 generationem,
1859 3715 1912 3756 et
1939 3701 2175 3773 Spiritus

605 3794 1007 3861 processionem
1042 3791 1316 3859 explicare
1340 3792 1646 3861 aggrediar,
1672 3804 1780 3861 quo
1806 3794 1896 3848 ﬁet
1930 3807 1986 3848 ut
2014 3798 2175 3851 ambo

607 3884 914 3947 deliremus,
947 3881 999 3937 iu
1022 3879 1116 3935 Dei
1152 3884 1406 3949 mysteria
1435 3882 1952 3953 oculosinjicientes
1975 3903 1989 3938 :
2016 3885 2175 3953 idque

605 3977 694 4044 qui
732 3972 990 4028 tandem?
1049 3971 1251 4040 Nempe
1307 3974 1397 4041 qui
1443 3990 1508 4027 ne
1536 3990 1596 4028 ea
1652 3978 2031 4044 quidemquae
2053 3987 2176 4030 ante

608 4068 770 4135 pedes
797 4078 944 4132 sunt,
977 4067 1141 4132 scire,
1196 4081 1295 4121 nec
1350 4082 1570 4122 arenam
1608 4069 1795 4133 maris,
1853 4082 1945 4123 aut
1981 4072 2176 4140 pluvia:

598 4174 798 4231 gnttas,
821 4175 875 4218 et
898 4166 1014 4218 dies
1044 4165 1228 4219 smculi
1260 4180 1580 4217 enumerare
1617 4180 1928 4232 possumus.
1977 4165 2174 4218 nedum

2338 1805 2494 1859 Ἐπεὶ
2554 1807 2612 1859 δέ
2649 1823 2744 1860 σου
2799 1807 2899 1877 τὴν
2966 1809 3191 1877 πρώτην
3264 1809 3534 1876 διαίρεσιν
3584 1810 3641 1862 οὐ
3674 1810 3804 1881 δεχό-

2257 1886 2416 1956 μεθα.
2457 1887 2556 1958 τὴν
2590 1888 2756 1957 μηδὲν
2788 1889 3084 1960 ἀγεννήτου
3114 1889 3207 1941 καὶ
3231 1887 3497 1959 γεννητοῦ
3527 1888 3675 1958 μέσον
3696 1890 3804 1944 ὑπο-

2254 1976 2654 2045 λαμὸάνουσαν,
2679 1977 2880 2030 αὐτίκα
2909 1978 3213 2047 οἰχήσονταί
3238 1995 3321 2030 σοι
3356 1978 3493 2048 μετὰ
3517 1980 3609 2049 τῆς
3630 1979 3801 2049 σεμνῆς

2250 2070 2565 2139 διαιρέσεως
2615 2073 2664 2122 οἱ
2698 2072 2915 2141 ἀδελφοὶ
2957 2072 3051 2124 καί.
3091 2074 3139 2124 οἰ
3192 2073 3417 2135 υἱωνοὶ,
3466 2072 3645 2144 ὥσπερ
3677 2073 3799 2135 τινὸς

2251 2160 2451 2231 δεσμοῦ
2514 2160 2851 2215 πολυπλόκου
2908 2163 3007 2233 τῆς
3072 2162 3293 2233 πρώτης
3344 2164 3520 2235 ἀρχῆς
3572 2164 3799 2217 διαλυθεί-

2254 2270 2354 2323 σης
2397 2294 2414 2318 ,
2557 2253 3019 2321 συνδιαλυθέντες,
3062 2255 3154 2307 καὶ
3183 2258 3278 2325 τῆς
3312 2254 3589 2324 θεολογίας
3616 2257 3797 2326 ὑποχω·

2255 2346 2533 2415 ρήσαντες.
2571 2343 2680 2397 Ποῦ
2713 2345 2821 2417 γὰρ
2854 2347 3038 2417 θήσεις
3078 2346 3142 2400 τὸ
3179 2348 3532 2418 ὲκπορευτὸν,
3563 2348 3673 2400 εἰπέ
3700 2364 3792 2415 μοι,

2253 2436 2416 2505 μέσον
2457 2437 2727 2505 ἁναφανὲν
2766 2440 2863 2507 τῆς
2899 2439 2997 2509 σῆς
3183 2438 3523 2510 διαιρέσεως.
3564 2438 3651 2491 καὶ
3678 2437 3801 2506 παρὰ

2250 2525 2566 2595 κρείσσονος
2597 2526 2629 2597 ἢ
2662 2528 2803 2581 κατὰ
2837 2527 2894 2579 σὲ
2925 2525 3198 2596 θεολόγον,
3233 2526 3332 2579 τοῦ
3370 2528 3615 2597 Σωτῆρος
3642 2525 3795 2596 ἡμῶν,

2250 2615 2603 2685 εἰσαγόμενον
2648 2634 2663 2682 ;
2802 2616 2865 2669 Εἰ
2897 2618 2971 2687 μὴ
2999 2617 3098 2685 τὴν
3134 2616 3316 2687 φωνὴν
3349 2618 3561 2687 ἐκείνην
3584 2616 3681 2669 τῶν
3711 2616 3798 2668 σῶν

2248 2705 2450 2770 ἐξεῖλες
2483 2709 2852 2777 Εὑαγγελίων,
2888 2708 2976 2762 διὰ
3015 2709 3131 2778 τὴν,
3162 2710 3359 2779 τρίτην
3409 2727 3501 2762 σου
3539 2709 3796 2776 Διαθήκην,

2248 2798 2312 2850 τὸ
2346 2799 2590 2869 Πνεῦμα
2608 2800 2673 2853 τὸ
2696 2800 2885 2869 ἅγιον,
2911 2799 2942 2853 ὃ
2967 2801 3127 2867 παρὰ
3146 2799 3249 2854 τοῦ
3272 2801 3508 2867 Πατρός
3523 2799 3799 2867 ἐκπορεύε-

2245 2906 2370 2943 ται*
2406 2889 2435 2942 ὃ
2474 2891 2595 2945 καθ’
2637 2892 2761 2944 ὅσον
2805 2893 2903 2960 μὲν
2940 2890 3149 2944 ἐκεῖθεν
3190 2891 3580 2962 ἐκπορεύεται,
3619 2890 3675 2941 οὑ
3702 2887 3797 2941 κτί-

2248 2998 2392 3050 σμα·
2434 2980 2554 3034 καθ’
2596 2983 2719 3035 ὅσον
2744 2982 2801 3035 δὲ
2824 2983 2883 3035 οὺ
2919 2983 3196 3052 γεννητὸν,
3236 2984 3337 3052 οὐχ
3382 2983 3536 3043 Υἱός·
3566 2980 3676 3034 καθ’
3696 2980 3797 3030 ὅσον

2243 3072 2299 3125 δὲ
2315 3059 2610 3143 ἀγεννήτου
2636 3074 2731 3126 καὶ
2753 3073 3010 3143 γεννητοῦ
3031 3073 3214 3144 μέσον,
3237 3072 3373 3137 Θεός
3393 3114 3405 3127 .
3426 3073 3529 3126 Καἰ
3678 3064 3799 3120 οὕτω

3683 3158 3798 3220 Θεὸς

2244 3258 2587 3328 ἀναπέφηνε,
2633 3257 2741 3310 τῶν
2787 3258 2894 3311 σῶν
2940 3257 3256 3328 διαιρέσεων
3476 3253 3796 3325 ἰσχυρότερος·

2244 3350 2341 3412 Τίς
2369 3344 2462 3402 οὖν
2492 3352 2524 3419 ὴ
2560 3350 2924 3419 ὲκπόρευσις;
2962 3348 3098 3401 Εἰπὲ
3135 3351 3199 3402 σὺ
3241 3346 3344 3417 τὴν
3377 3345 3687 3415 ἀγεννησίαν
3719 3338 3798 3394 τοῦ

2246 3440 2480 3511 Πατρὸς,
2510 3438 2665 3508 κάγὼ
2690 3440 2788 3511 τὴν
2830 3439 3083 3507 γέννησιν
3119 3436 3213 3490 τοῦ
3256 3437 3389 3489 Υἱοῦ
3430 3432 3797 3505 φυσιολογήσω.

2245 3532 2339 3583 καὶ
2364 3531 2463 3601 τὴν
2487 3531 2809 3602 ἐκπόρευσιν
2838 3530 2932 3582 τοῦ
2962 3527 3301 3597 Πνεύματος,
3333 3527 3428 3579 καί
3458 3518 3797 3595 παραπληκτί-

2247 3638 2411 3691 σομεν
2577 3621 2750 3691 ἄμφω
2778 3622 2856 3682 εἰς
2875 3619 3010 3672 Θεοῦ
3046 3620 3323 3690 μυστήρια
3348 3615 3787 3685 παρακύπτοντες·

2244 3712 2336 3762 καὶ
2368 3710 2541 3763 ταῦτα
2576 3710 2749 3772 τίνες;
2782 3710 2843 3761 Οἱ
2876 3707 3011 3785 μηδὲ
3052 3707 3119 3759 τὰ
3155 3707 3212 3758 ἐν
3242 3707 3400 3759 ποσὶν
3443 3705 3632 3757 εἰδέναι
3658 3699 3792 3753 δυνά-

2246 3818 2417 3871 μενοι,
2455 3801 2589 3871 μηδὲ
2620 3800 2846 3871 ψάμμον
2885 3798 3194 3860 θαλασσῶν,
3226 3800 3321 3851 καί
3354 3797 3607 3864 σταγόνας
3634 3790 3786 3851 ὑετοῦ.

2243 3893 2336 3944 καὶ
2368 3891 2581 3963 ἡμέρας
2620 3892 2815 3954 αἰῶνος
2861 3889 3293 3960 ἐξαριθμεῖσθαι,
3332 3890 3405 3959 μὴ
3455 3888 3534 3940 ὅτι
3573 3902 3633 3953 γε
3674 3878 3787 3934 Θεοῦ

2243 3981 2465 4051 βάθεσιν
2509 3984 2862 4054 ἐμϐατεύειν,
2910 3985 3004 4037 καὶ
3049 3985 3207 4052 λόγον
3242 3984 3465 4052 ὑπέχειν
3512 3981 3605 4050 τῆς
3642 3977 3789 4036 οὕτως

2241 4076 2483 4145 ἀρρήτου
2524 4076 2616 4129 καὶ
2639 4076 2779 4147 ὑπὲρ
2813 4077 2970 4145 λόγον
2997 4076 3231 4144 φύσεως.

2227 4167 2280 4220 in
2326 4165 2420 4221 Dei
2463 4164 2725 4235 profunda
2750 4178 3053 4238 penetrare,
3103 4178 3419 4236 naturaeque
3447 4169 3577 4252 adeo
3596 4179 3794 4225 arcanre.

599 4265 759 4323 atque
781 4274 992 4310 omnem
1030 4259 1253 4310 rationis
1294 4258 1601 4311 [πριιιιδο-ιη
1638 4275 1810 4327 usque
1846 4262 1980 4312 adeo
2005 4262 2311 4327 superantis
2342 4263 2576 4316 rationes
2598 4263 2844 4318 reddere.

1095 4393 1174 4444 EI
1193 4394 1371 4444 mrtem
1404 4399 1661 4449 oratione.

2715 4396 2815 4450 Ἐκ
2849 4395 2954 4449 τοῦ
2986 4396 3171 4449 αὐτοῦ
3204 4401 3410 4466 λόγου.

669 4527 809 4591 Quid
848 4542 977 4597 ergo
1013 4540 1115 4591 est,
1147 4529 1421 4595 inquiunt,
1460 4534 1601 4599 quod
1634 4534 1861 4602 Spiritui
1898 4536 2070 4602 deest,
2096 4536 2164 4591 ad

2344 4521 2409 4572 Τί
2464 4516 2557 4573 οὖν
2618 4524 2757 4583 ἐστι,
2822 4525 3007 4591 φησὶν,
3060 4525 3087 4577 ὃ
3145 4527 3329 4579 λείπει
3395 4525 3472 4596 τῷ
3526 4523 3793 4593 Πνεύματιν

602 4620 705 4675 hoc
729 4630 788 4674 ut
816 4622 888 4675 sit
916 4620 1124 4676 Filius?
1151 4622 1265 4677 Nisi
1296 4641 1442 4679 enim
1485 4627 1688 4695 aliquid
1720 4628 1959 4690 deesset,
1985 4628 2161 4685 Filius

599 4724 764 4768 esset.
786 4712 982 4768 Deesse
997 4715 1130 4767 nihil
1146 4714 1404 4771 dicimus.
1425 4715 1540 4770 Non
1561 4719 1705 4770 enim
1733 4716 1842 4772 Deo
1870 4720 2163 4788 quidquam

598 4805 769 4859 deest.
807 4805 1003 4861 Verum
1045 4808 1529 4873 manifestationis,
1580 4818 1640 4863 ut
1672 4810 1743 4864 ita
1771 4812 1970 4878 dicam,
2044 4831 2162 4868 mu-

600 4906 813 4965 tuoque
830 4914 1017 4952 eorum
1036 4901 1318 4955 relationis
1333 4901 1666 4965 differentia,
1699 4903 1916 4957 diversa
1948 4920 2164 4974 quoque

598 4990 731 5056 ipsis
762 4994 982 5045 notnina
1012 4995 1342 5061 procreavit.
1378 4994 1569 5063 Neque
1599 4996 1748 5049 enim
1779 4995 1921 5050 Filio
1953 4998 2158 5065 aliquid

597 5081 768 5136 deest,
826 5081 893 5133 ad
924 5084 1023 5134 hoc
1055 5092 1112 5134 ut
1141 5085 1209 5136 sit
1241 5086 1397 5138 l’ater
1424 5086 1441 5144 (
1449 5101 1547 5139 nec
1574 5087 1750 5156 enim!
1774 5087 2022 5142 deiectus
2084 5096 2171 5142 est

605 5168 836 5235 tiliatio),
870 5185 970 5223 nec
996 5182 1286 5240 prepterea
1313 5185 1491 5230 tamen
1528 5177 1685 5231 Pater
1712 5190 1812 5233 est.
1847 5178 2167 5248 Alioquiea-

600 5260 721 5311 dem
753 5260 961 5313 ratione
982 5261 1125 5314 Patri
1146 5263 1350 5332 aliqttid
1371 5266 1566 5329 deerit,
1589 5269 1655 5321 ad
1682 5270 1783 5321 hoc
1803 5280 1863 5322 ut
1879 5271 1950 5323 sit
1968 5270 2159 5325 Filius.

601 5350 717 5405 Nec
738 5354 881 5405 enim
908 5354 1066 5407 Pater
1081 5353 1249 5409 Filius
1281 5367 1382 5410 est.
1408 5358 1515 5412 Sed
1541 5361 1654 5413 tunc
1675 5362 1949 5415 defectum
1974 5364 2162 5426 procul

596 5442 765 5496 dubio
796 5445 1163 5515 undequaquc
1198 5462 1305 5500 non
1339 5461 1596 5517 arguunt,
1629 5466 1727 5505 nec
1760 5454 2011 5507 essentia:
2035 5454 2161 5507 sub-

600 5534 955 5592 missionem:
997 5537 1128 5607 quin
1166 5539 1347 5607 potius
1365 5554 1431 5592 ex
1468 5540 1558 5595 bis
1587 5542 1805 5596 verbis:
1843 5542 1994 5606 Quod
2024 5547 2166 5613 geni-

605 5634 688 5678 tus
721 5643 826 5680 non
856 5631 945 5695 sit,
969 5642 1023 5684 et
1050 5632 1189 5700 quod
1228 5633 1460 5701 genitus,
1489 5644 1545 5687 et
1571 5634 1712 5702 quod
1759 5635 2024 5703 procedat,
2063 5636 2167 5691 hoc

677 5808 691 5834 ³
722 5804 879 5857 luat).
918 5824 1002 5870 xv,
1028 5809 1122 5862 9.6.

2272 4611 2405 4681 πρὸς
2455 4613 2514 4662 τὸ
2570 4607 2710 4665 εἶναι
2766 4614 2936 4679 Υἱὸν;
3001 4615 3059 4666 Εἰ
3111 4618 3221 4685 γὰρ
3252 4619 3327 4687 μὴ
3380 4617 3562 4670 λεῖπόν
3622 4631 3669 4667 τι
3718 4609 3790 4679 ἦν.

2276 4700 2403 4764 Υἰὸς
2438 4701 2503 4753 ἃν
2548 4698 2637 4772 ἦν.
2689 4706 2762 4756 Οὐ
2796 4705 3005 4758 λείπειν
3066 4708 3267 4777 φαμέν*
3327 4709 3450 4761 οὐδὲ
3502 4709 3602 4777 γὰρ
3655 4704 3794 4756 ἐλλει-

2273 4797 2379 4865 πὴς
2445 4797 2598 4859 θεῖός⁹
2642 4796 2703 4848 τδ
2763 4797 2820 4848 δὲ
2882 4798 2984 4867 τῆς
3058 4801 3399 4869 ἑκφάνσεως,
3459 4800 3709 4859 ἵνόῠτως
3732 4793 3795 4847 εί-

2274 4904 2383 4951 πωο
2412 4889 2442 4958 ἦ
2479 4889 2580 4958 τῆς
2609 4890 2747 4957 πρὸς
2779 4890 2987 4961 ἄλληλα
3016 4895 3255 4962 σχέσεως
3274 4895 3547 4964 διάφορον,
3571 4892 3789 4957 διάφορον

2274 4981 2453 5033 αὐτῶν
2498 4982 2589 5034 καί
2621 4982 2718 5051 τὴν
2753 4982 2944 5050 κλῆσιν
2970 4986 3293 5050 πεποίηκεν.
3336 4986 3471 5038 Οὐδὲ
3502 4982 3679 5053 γὰρτῷ
3704 4976 3793 5045 1⁸ἱῷ

2269 5072 2441 5126 λείπει
2467 5091 2520 5125 τι
2581 5074 2716 5145 πρὸς
2761 5076 2819 5127 τὸ
2872 5073 3014 5129 εἶναι
3050 5079 3271 5145 Πατέρα
3330 5078 3469 5148 (οὐδὲ
3529 5078 3627 5143 γὰρ
3650 5071 3793 5123 ἔλλει-

2265 5165 2356 5233 ψις
2388 5168 2421 5236 ἡ
2463 5165 2695 5237 υἰότης),
2726 5168 2842 5219 ἀλλ’
2871 5168 2931 5220 οὐ
2972 5172 3124 5238 παρὰ
3152 5171 3308 5222 τοῦτο
3351 5170 3553 5237 Πατήρ.
3588 5166 3648 5217 Ἦ
3676 5160 3793 5213 οὕτω

2267 5277 2329 5326 γε
2374 5260 2467 5312 καὶ
2524 5261 2603 5330 τῷ
2643 5262 2825 5328 Πατρὶ
2872 5262 3047 5314 λείπει
3084 5280 3138 5314 τι
3176 5264 3333 5329 πρὸς
3395 5260 3455 5312 τὸ
3506 5254 3633 5310 εἶναι
3669 5251 3790 5303 Υἰόνο

2262 5353 2323 5402 οὐ
2350 5352 2461 5419 γὰρ
2507 5352 2632 5414 Υἱὸς
2681 5354 2709 5403 ὁ
2750 5354 2964 5422 Πατήρ.
3002 5353 3144 5406 Ἀλλ’
3168 5356 3267 5406 οὐκ
3318 5351 3596 5419 ἐλλείψεως
3646 5335 3789 5394 ταῦτά

2270 5447 2459 5509 ποθεν,
2494 5447 2615 5499 οὐδὲ
2638 5446 2737 5515 τῆς
2762 5449 2906 5500 κατὰ
2944 5447 3043 5514 τὴν
3073 5446 3267 5500 οὐσίαν
3300 5448 3559 5513 ὑφέσεως·
3608 5436 3720 5491 αὐτὸ
3739 5431 3784 5482 δὲ

2260 5539 2348 5607 ,τδο
2375 5538 2469 5604 Μὴ
2508 5536 2890 5607 γεγενῆσθαι,
2941 5539 3033 5591 καὶ
3091 5539 3154 5590 τὸ
3199 5535 3565 5608 γεγενῆσθαι,
3616 5527 3696 5580 καὶ
3742 5521 3787 5572 τδ

2267 5634 2724 5702 ἐκπορεύεσθαι,
2777 5636 2866 5687 τὸν
2900 5635 2999 5705 μὲν
3051 5636 3289 5705 Πατέρα,
3350 5634 3436 5688 τὸν
3463 5632 3513 5685 δὲ
3563 5625 3691 5686 TW,
3736 5615 3783 5667 τδ
