4078 6292
564 411 668 471 82Ἱ

1814 398 2194 462 EUTHYMII
2231 399 2399 457 ZlGA
2412 395 2555 455 BEN
2567 397 2589 455 Ι

3680 404 3766 468 828

566 538 729 592 clem,
762 538 884 592 qua:
922 536 1031 577 non
1066 520 1166 576 nisi
1199 520 1473 575 intellectu
1514 516 1917 587 percipiuntur.
1942 516 2127 585 Neque
2154 563 2162 576 ,

2247 513 2279 565 :i
2304 511 2495 575 ταῦτα,
2532 509 2695 579 φασιν
2713 525 2729 576 ;
2765 509 2840 564 Οὐ
2871 510 2980 579 γὰρ
3024 507 3120 563 τοῦ
3148 509 3285 575 ἑνὸς,
3314 510 3376 563 τὸ
3409 510 3507 578 μιν
3532 513 3765 584 γέννημα.

566 617 715 670 enim
753 616 867 671 ﬁeri
928 623 1125 680 potest,
1160 620 1219 665 ut
1241 611 1421 679 imago
1447 609 1554 663 ulla
1588 620 1645 663 et
1670 608 1996 671 similitudo,
2058 608 2134 662 rei

567 708 853 762 veritatem
874 708 1034 774 plane
1057 702 1407 773 perleeteque
1424 710 1768 769 assequatur.
1798 699 1901 755 Sed
1920 699 2134 763 dicunt,

571 795 1011 863 quersumhzec?
1062 794 1171 849 Nec
1203 794 1350 847 enim
1388 793 1550 847 unius
1574 791 1952 861 ejusdemque,
1996 791 2135 843 alter

579 887 766 950 Filius,
801 887 940 939 alter
968 883 1120 937 aliud
1168 882 1492 952 quidquam.
1534 880 1674 947 Quid
1709 879 1915 947 igitur?
1945 879 2056 934 Eva
2077 886 2135 932 et

572 977 726 1041 Seth,
791 990 972 1028 nonne
1005 990 1072 1028 ex
1096 975 1287 1028 eodem
1312 974 1521 1028 Adamo
1549 973 1710 1029 sunt?
1742 972 1816 1025 Ex
1848 986 1955 1039 quo
1985 970 2133 1025 enim

569 1069 676 1121 alio
696 1067 718 1119 ?
749 1064 942 1120 Utrum
965 1076 1147 1119 autem
1162 1065 1323 1119 ambo
1347 1080 1414 1119 ex
1435 1079 1499 1120 eo
1517 1065 1682 1135 geniti
1706 1073 1835 1118 sunt
1850 1068 1872 1116 ἴ
1888 1062 2135 1116 Minime.

568 1160 708 1223 Quid
740 1159 915 1228 ergo?
940 1160 1121 1212 Altera
1159 1165 1504 1227 segmentum
1570 1166 1678 1221 est,
1741 1156 1880 1210 alter
1949 1155 2135 1209 ﬁlius:

571 1253 723 1318 atqui
773 1252 934 1305 ambo
970 1252 1115 1305 inter
1151 1266 1209 1305 se
1240 1251 1384 1306 idem
1442 1258 1614 1305 sunt:
1652 1250 1901 1304 homines
1947 1249 2136 1303 enim:

570 1355 733 1392 nemo
759 1348 844 1394 est
873 1343 963 1407 qui
1006 1342 1297 1396 inﬁcietur.
1334 1341 1632 1395 Desinesne
1670 1340 1835 1407 igitur
1861 1340 2142 1394 ‘adversus

2240 605 2301 656 τὸ
2324 604 2381 657 δὲ
2400 604 2533 657 ἄλλο
2554 620 2631 655 τι.
2662 602 2728 656 Τί
2759 601 2852 657 οὖν
2875 602 2991 668 ;’Ἦ
3022 601 3132 656 Εὔα
3184 602 3278 656 καὶ
3308 605 3337 657 ὁ
3371 603 3500 671 Σὴθ,
3555 606 3664 674 οὐχὶ
3684 610 3761 660 τοῦ

2240 701 2403 755 αὑτοῦ
2428 700 2524 753 τοῦ
2547 699 2721 768 Ἀδάμ
2747 717 2763 767 ;
2815 700 2974 761 Τίνος
3019 702 3126 768 γὰρ
3150 698 3311 753 ἄλλου
3334 715 3349 764 ;
3383 693 3460 751 Ἦ
3503 700 3593 751 καὶ
3621 702 3770 781 ἐμφό-

2240 810 2389 864 τεροι
2419 792 2767 861 γεννήματας
2803 791 3088 860 Οὐδαμῶς.
3115 791 3277 846 Ἀλλὰ
3307 790 3361 843 τι
3382 808 3399 858 ;
3418 792 3490 846 Τὸ
3530 791 3627 862 μὲν
3654 797 3772 863 cui}.

2246 902 2341 955 μα,
2374 884 2437 937 τὺ
2467 882 2523 936 δὲ
2554 884 2819 952 γέννημα·
2859 885 2954 937 καὶ
2988 885 3093 951 μὴν
3125 884 3424 951 ἀμφότεροι
3468 884 3655 938 ταυτὸν
3683 887 3767 938 ἀλα

2241 976 2445 1046 λήλοιςο
2481 974 2759 1045 ἄνθρωποι
2786 974 2917 1045 γάρ’
2968 974 3142 1037 οὐδεὶς
3176 975 3417 1044 ἀντερεῖ.
3460 974 3641 1048 [latim
3686 973 3766 1031 οὖν

2244 1066 2673 1135 ἀπομαχόμενος
2728 1065 2866 1134 πρὸς
2911 1065 2974 1118 τὸ
3032 1066 3279 1135 Πνεῦμα,
3356 1065 3429 1128 ὡς
3481 1066 3514 1133 ἢ
3552 1067 3770 1138 γέννημα

2246 1157 2484 1221 πάντως,
2510 1156 2543 1227 ἢ
2574 1158 2648 1226 μὴ
2675 1156 2983 1220 ὁμοούσιον,
3016 1158 3152 1228 μηδὲ
3174 1157 3329 1221 Θεὸν,
3360 1156 3457 1211 καὶ
3497 1160 3559 1211 ὲκ
3578 1159 3675 1212 τῶν
3697 1161 3775 1212 ἀν-

2246 1249 2533 1320 θρωπίνων
2566 1249 2628 1302 τὸ
2657 1248 2882 1303 δυνατὸν
2910 1248 3093 1302 λαϐὼν
3138 1248 3242 1319 τῆς
3270 1249 3547 1318 ἡμετέρας
3596 1249 3775 1319 ὑπολή-

2246 1340 2392 1411 ψεως
2418 1356 2434 1409 ;

571 1430 837 1499 Spiritum
871 1436 1154 1498 dimicare,
1214 1434 1366 1504 quasi
1393 1435 1647 1489 videlicet
1700 1445 1796 1490 aut
1833 1436 2051 1503 genitus
2091 1433 2317 1490 omnino
2356 1436 2449 1503 sit,
2491 1442 2588 1490 aut
2639 1436 3122 1494 consubstantialis
3176 1451 3288 1492 non
3340 1437 3437 1501 sit,
3490 1449 3587 1491 nec
3639 1434 3774 1503 Deus,

579 1528 879 1596 praesertim
926 1542 1049 1582 cum
1075 1542 1143 1581 ex
1196 1526 1433 1583 humana
1484 1543 1705 1599 quoque
1772 1528 2133 1585 similitudine
2167 1532 2494 1588 sententiam
2524 1540 2772 1587 nostram
2815 1532 3238 1602 haudquaquam
3267 1530 3648 1603 impossibilem
3675 1545 3772 1586 esse

576 1622 946 1681 intellexeris?

1072 1781 1155 1837 Ea:
1184 1781 1367 1837 eadem
1394 1784 1653 1838 oratione.

648 1922 754 1977 Sed
799 1921 941 1989 quis,
1002 1921 1259 1988 inquies,
1325 1919 1586 1989 Spiritum
1648 1920 1932 1974 adoravit?
1984 1921 2142 1989 Quis,

575 2016 662 2071 vel
696 2027 958 2077 veterum,
993 2014 1074 2068 vel
1109 2016 1443 2069 recentium?
1475 2016 1602 2081 Quis
1631 2032 1750 2070 eum
1797 2018 2007 2072 oravit?
2036 2020 2148 2086 Quo

583 2107 874 2174 St-ripturte
900 2105 1016 2159 loco
1051 2121 1170 2158 eum
1200 2106 1531 2159 adorandum
1573 2117 1663 2157 aut
1710 2109 1970 2161 orandum
2032 2124 2150 2165 esse

584 2198 852 2264 proditum
889 2196 1012 2249 est?
1065 2196 1215 2249 Unde
1266 2197 1365 2249 huc
1409 2198 1666 2250 hausisti?
1698 2198 1805 2253 Nos
1856 2201 2013 2269 hujus
2074 2201 2150 2254 rei

583 2287 874 2354 pleniorem
928 2300 1144 2338 causam
1194 2298 1372 2352 anIea
1430 2289 1741 2350 reddemus,
1774 2303 1893 2339 cum
1948 2290 2014 2342 de
2047 2305 2150 2344 non

583 2379 802 2444 scriptis
833 2379 1172 2443 dogmatibus
1213 2378 1560 2430 disseremus.
1594 2377 1746 2431 Nunc
1778 2394 1907 2434 vero
1949 2380 2050 2434 hoc
2072 2382 2154 2435 di-

584 2484 708 2521 cere
740 2469 982 2521 suilit'iet.
1010 2468 1241 2536 Spiritus
1269 2477 1372 2533 est,
1410 2469 1459 2521 in
1491 2482 1599 2536 quo
1646 2471 1951 2537 adoramus,
1979 2481 2033 2525 et
2062 2486 2158 2538 per

586 2574 742 2624 quem
775 2573 1014 2610 oramus.
1054 2559 1285 2624 Spiritus
1308 2558 1462 2618 enim.
1490 2558 1685 2626 inquit,
1704 2568 1780 2612 est
1808 2558 1947 2613 Deus
1967 2575 1984 2613 :
2006 2573 2157 2629 atque

586 2664 691 2707 eos,
734 2648 823 2715 qui
849 2649 1017 2715 ipsum
1050 2648 1300 2710 adorant,
1330 2650 1382 2699 in
1419 2645 1618 2716 Spiritu
1650 2659 1697 2701 et
1735 2650 1949 2703 veritate
2001 2666 2157 2719 opor-

588 2748 653 2789 tet
685 2738 907 2787 adorare
958 2740 997 2791 ¹.
1032 2736 1106 2788 Ac
1135 2750 1358 2808 rursus,
1393 2737 1531 2801 Quid
1558 2739 1695 2790 enim
1719 2754 1942 2801 oremus,
1977 2756 2159 2807 quem-

586 2832 870 2879 admodum
923 2838 1144 2894 oportet,
1203 2829 1481 2880 nescimus.
1529 2827 1631 2882 Sed
1691 2828 1921 2894 Spiritus
1948 2830 2052 2897 ipse
2077 2832 2161 2885 in-

591 2915 930 2977 τετρεμαίνω
952 2914 1092 2965 nobis
1110 2915 1384 2980 gemitibus
1404 2915 1844 2968 inenarrabilibus
1896 2915 1941 2973 ³.
1962 2915 2027 2969 Et
2053 2917 2158 2970 alio

592 3007 746 3057 loco:
785 3004 959 3056 ()rabo
1006 3001 1226 3071 Spiritu,
1275 3007 1434 3059 orabo
1472 3017 1517 3059 et
1549 3016 1715 3059 mente
1767 3007 1789 3037 ³
1819 3047 1835 3072 ,
1880 3007 1932 3060 id
1966 3018 2069 3072 est,
2106 3008 2160 3060 in

2668 1782 2765 1837 Ἐκ
2794 1781 2901 1838 τοῦ
2921 1781 3109 1838 αὑτοῦ
3132 1782 3347 1852 λόγου.

2356 1922 2519 1975 Ἀλλά
2558 1922 2640 1982 τίς
2679 1923 3064 1992 προσεκύνησε
3118 1923 3200 1993 τῷ
3254 1920 3560 1993 Πνεύματι,
3603 1921 3775 1992 φησῑν;

2243 1997 2324 2060 τίς
2364 1998 2396 2067 ἢ
2439 1998 2548 2051 τῶν
2577 1998 2847 2064 παλαιῶν,
2884 1999 2918 2068 ἢ
2966 1997 3075 2052 τῶν
3121 1999 3299 2067 νέων;
3344 1998 3429 2063 τις
3471 1999 3526 2052 δὲ
3575 2000 3779 2070 προσηύ-

2248 2088 2404 2152 ξατο;
2446 2087 2549 2139 ποῦ
2583 2088 2671 2141 δαὶ
2869 2087 2929 2141 τὸ
2977 2089 3171 2159 χρῆναι
3211 2093 3536 2160 προσκυνεῖν
3568 2091 3599 2162 ἢ
3647 2109 3780 2163 προσ·

2249 2177 2503 2247 εύχεσοαι
2570 2178 2876 2248 γέγραπται
2922 2194 2936 2241 ;
3004 2179 3099 2230 καὶ
3190 2178 3361 2233 πόθεν
3417 2180 3569 2234 τοῦτο
3634 2180 3782 2235 λαθὼν

2248 2268 2434 2338 ἔχεις;
2499 2267 2609 2338 Τὴν
2677 2268 2775 2338 μὲν
2841 2267 3177 2340 τελεωτέραν
3239 2271 3421 2325 αἰτίαν
3478 2270 3782 2342 ἀποδώσομεν

2250 2360 2495 2431 ὕστερον,
2532 2360 2696 2431 ⁴ἡνίκα.
2726 2360 2792 2413 ἂν
2826 2361 2954 2431 περὶ
2989 2360 3083 2413 τοῦ
3130 2362 3385 2431 ἀγράφου
3412 2362 3780 2433 διαλεγώμεθαο

2251 2451 2345 2506 νῦν
2369 2452 2425 2504 δὲ
2462 2451 2712 2505 τοσοῦτον
2746 2453 2919 2505 εἰπεῖν
2961 2452 3277 2524 ἐξαρκέσει·
3312 2453 3385 2505 Τὸ
3426 2451 3635 2523 Πνεῦμά
3666 2455 3784 2506 ἐστιν

2252 2545 2310 2596 ὲν
2329 2536 2373 2610 ᾧ
2398 2543 2827 2615 προσκυνοῦμεν,
2853 2542 2946 2596 καὶ
2965 2543 3031 2595 δι’
3052 2536 3113 2596 οῦ
3135 2545 3560 2615 προσευχόμεθα.
3584 2544 3786 2613 Πνεῦμα

2252 2636 2385 2707 γὰρ,
2417 2637 2599 2706 φησιν,
2631 2639 2663 2689 ὁ
2699 2637 2862 2702 Θεὸς,
2897 2636 2995 2690 καὶ
3028 2635 3169 2700 τοὺς
3200 2634 3680 2704 προσκυνοῦντας
3710 2636 3786 2687 αὐ-

2254 2729 2381 2794 τὸν,
2421 2729 2489 2781 ἐν
2533 2729 2831 2797 Πνεύματι
2865 2728 2962 2781 καὶ
3003 2727 3255 2795 ἀληθείᾳ
3297 2727 3391 2780 δεῖ
3426 2727 3784 2796 προσκυνεῖν·

2256 2820 2349 2873 καὶ
2387 2819 2582 2872 πάλινο
2636 2819 2707 2871 Τὸ
2749 2818 2859 2887 γὰρ
2892 2818 2950 2871 τί
2991 2816 3462 2886 προσευξόμεθα,
3499 2816 3617 2871 καθ’
3643 2815 3671 2868 ὃ
3699 2813 3784 2877 δεῖ,

2256 2910 2368 2962 οὐκ
2403 2907 2671 2977 οἴδαμεν,
2717 2907 2855 2962 ἀλλ’
2898 2906 3042 2961 αὐτὸ
3075 2907 3141 2960 τὸ
3187 2907 3435 2976 Πνεῦμα
3470 2910 3787 2974 ὑπερεντυγ-

2257 2999 2427 3070 χάνει
2636 2998 2790 3067 ὑπὲρ
2844 2998 3015 3067 ἡμῶν
3060 2999 3418 3069 στεναγμοῖς
3464 2998 3786 3063 ἀλαλήτοιςο

592 3102 769 3147 mente
800 3102 853 3145 ct
888 3092 1111 3161 Spiritu.
1146 3094 1284 3163 Ergo
1323 3095 1524 3164 Spiritu
1572 3097 1817 3160 adorare,
1854 3098 1936 3149 vel
1980 3110 2159 3159 orare,

2261 3088 2375 3152 καὶ,
2411 3087 2824 3156 Προσεύξομαι
2859 3086 2939 3151 τῷ
2971 3090 3290 3158 Πνεύματι,
3334 3089 3706 3157 προσεύξομαι
3733 3085 3789 3139 δὲ

593 3184 720 3238 mihi
756 3184 884 3238 nihil
910 3185 1050 3239 aliud
1081 3199 1202 3239 esse
1231 3186 1442 3239 videtur
1466 3227 1481 3251 ,
1510 3202 1671 3256 quam
1728 3188 1901 3255 ipsum
1955 3188 2161 3256 sibiipsi

591 3277 890 3329 orationem
921 3277 1003 3329 vel
1038 3278 1404 3332 adorationem
1434 3277 1646 3333 θίγοι-τε.
1684 3279 1921 3350 Eamque
1945 3289 2166 3335 senten-

595 3366 720 3416 tiam
763 3366 883 3432 quis
925 3377 1008 3418 est
1061 3367 1149 3433 qui
1190 3382 1293 3421 non
1331 3371 1776 3436 comprobaturus
1829 3371 1920 3435 sit,
1952 3371 2015 3425 de
2044 3386 2163 3424 ma-

594 3458 712 3525 gnis
758 3472 820 3509 ac
857 3457 1055 3511 divinis
1099 3457 1228 3511 viris
1298 3457 1507 3530 loquor,
1534 3461 1734 3527 quique
1758 3463 1924 3529 probe
1948 3471 2162 3526 norunt,

601 3548 757 3599 unius
786 3546 1156 3611 adorationein
1193 3547 1351 3600 trium
1383 3548 1751 3618 adorationem
1780 3562 1919 3611 esse,
1950 3558 2169 3617 propter

598 3639 858 3706 {aqualem
890 3640 1051 3692 trium
1086 3653 1436 3707 personarum
1463 3640 1776 3707 dignitatem
1811 3654 1875 3695 ac
1917 3639 2169 3694 divinita-

600 3738 707 3782 tem
736 3728 759 3781 ?
790 3728 894 3782 Sed
927 3744 993 3782 ne.
1021 3729 1148 3782 illud
1178 3729 1394 3798 quidem
1424 3732 1793 3795 extimescam,
1822 3731 1964 3801 quod
1986 3732 2166 3786 omnia

601 3835 694 3887 per
712 3819 901 3873 Filium
934 3819 1073 3873 facta
1108 3834 1225 3875 esse
1256 3822 1507 3875 dicuntur
1540 3828 1595 3887 δ,
1625 3832 1876 3892 tanquam
1903 3824 1957 3877 in
1985 3837 2163 3877 rerum

602 3912 1005 3966 universitatem
1031 3910 1266 3981 Spiritus
1291 3908 1504 3982 quoque
1551 3925 1767 3970 sanctus
1796 3917 2167 3987 aggregandus

605 4006 693 4058 sit.
723 4004 913 4059 Omnia
953 4006 1120 4069 enim,
1150 4020 1480 4075 quaecunque
1505 4005 1643 4059 facta
1669 4016 1812 4069 sunt,
1852 4007 1981 4061 dicit
2044 4007 2173 4061 dicit

607 4096 933 4167 evangelista
984 4095 1031 4162 ³,
1064 4109 1170 4149 non
1209 4096 1389 4149 omnia
1417 4096 1751 4165 simpliciter.
1784 4096 1915 4149 Nam
1960 4109 2026 4149 ne
2059 4094 2171 4161 ipse

611 4188 824 4253 quidem
850 4188 1041 4252 Pater,
1075 4202 1176 4241 nec
1222 4187 1400 4241 omnia
1451 4201 1531 4249 ea,
1563 4200 1681 4255 quae
1709 4184 1847 4239 facta
1878 4201 1980 4239 non
2026 4189 2167 4236 sunt.

598 4282 771 4337 Proba
794 4296 921 4349 ergo
950 4281 1210 4348 Spiritum
1239 4281 1440 4335 factum
1470 4295 1533 4333 ac
1576 4288 1913 4347 procreatum
1947 4287 2086 4341 esse,
2110 4290 2174 4329 ae

599 4388 711 4431 tum
733 4373 870 4429 Filio
892 4386 1013 4426 eum
1036 4374 1124 4435 da,
1145 4380 1199 4426 et
1222 4371 1275 4424 in
1298 4381 1668 4426 creaturarum
1697 4383 1922 4422 numero
1948 4367 2162 4421 colloca.

2278 4364 2701 4434 συναρίθμησον.
2728 4362 2876 4424 Ἕως
2914 4361 2958 4413 δ’
3001 4361 3067 4415 ἂν
3099 4360 3173 4432 μὴ
3206 4359 3367 4413 τοῦτο

600 4463 848 4531 Quandiu
906 4470 1083 4515 autem
1128 4461 1180 4515 id
1208 4462 1441 4530 probare
1471 4468 1632 4528 atque
1664 4461 1953 4512 ostendere
1983 4455 2175 4523 nequi-

606 4558 767 4620 veris,
796 4553 929 4609 nihil
960 4552 1055 4607 tibi
1112 4552 1177 4607 ad
1232 4552 1573 4620 impietatem
1615 4549 1907 4619 adiumenti
1944 4546 2177 4615 comple—

601 4649 691 4702 xio
725 4646 811 4700 illa
861 4644 1087 4699 allatura
1137 4651 1240 4696 est.
1279 4641 1334 4695 Si
1364 4644 1507 4695 enim
1539 4640 1713 4693 factus
1741 4647 1857 4702 est,
1896 4653 1991 4705 per
2017 4636 2176 4690 Chri-

601 4750 743 4791 stum
773 4735 962 4804 ulique
997 4752 1009 4788 :
1044 4748 1111 4787 ne
1143 4732 1256 4801 ipse
1287 4729 1503 4799 quidem
1535 4727 1745 4781 inﬁcias
1774 4728 1941 4781 ivero.
1996 4723 2050 4779 Si
2081 4739 2178 4776 au-

605 4839 709 4881 ta-m
739 4828 914 4881 factus
940 4840 1046 4878 non
1080 4831 1186 4885 est,
1216 4820 1505 4890 quomodo,
1543 4827 1633 4872 aut
1684 4832 1865 4870 rerum
1895 4816 2179 4868 universa-

606 4935 721 4972 rum
756 4932 983 4971 numero
1014 4914 1343 4981 includetur,
1405 4920 1498 4965 aus
1552 4922 1649 4979 per
1690 4907 1968 4962 Christum
2010 4905 2182 4959 factus

605 5008 743 5061 erit?
782 5006 1015 5059 Proinde
1043 5005 1252 5066 desine,
1273 5010 1325 5055 et
1363 4999 1603 5065 Patrem,
1657 4999 1710 5051 in
1744 4996 1861 5051 Filii
1904 5004 2181 5050 conteme-

608 5098 732 5150 liam
783 5097 919 5149 male
973 5094 1244 5147 honorare
1303 5091 1320 5160 (
1370 5090 1544 5144 malus
1578 5090 1720 5142 enim
1748 5090 1923 5141 honor
1942 5096 2043 5149 est,
2078 5086 2183 5139 Pa-

610 5198 744 5248 trem
780 5186 916 5241 Filio
950 5185 1187 5253 privare,
1246 5193 1520 5251 utcunque
1579 5195 1702 5236 eum
1754 5179 2183 5249 praestantiorem

605 5289 912 5334 creaturam
939 5289 1058 5328 esse
1083 5271 1474 5337 concesseris).
1502 5280 1557 5324 et
1606 5268 1801 5323 Filium
1853 5268 1904 5320 in
1954 5268 2186 5334 Spiritus

606 5371 779 5427 sancti
815 5368 1186 5438 ignominiam.
1226 5361 1343 5417 Non
1392 5363 1537 5416 enim
1585 5361 1830 5415 conservi
1873 5358 2053 5427 opifex
2079 5366 2182 5422 est,

607 5464 699 5515 sed
727 5476 850 5515 cum
887 5474 973 5522 eo,
1004 5458 1093 5526 qui
1121 5455 1237 5524 pari
1267 5453 1533 5522 dignitate
1575 5461 1680 5511 est,
1705 5451 2057 5520 gloriﬁcatur.
2093 5449 2186 5502 Ni-

607 5555 681 5607 hil
705 5553 956 5607 Trinitati
988 5567 1052 5605 ex
1084 5550 1256 5618 teipse
1288 5547 1480 5609 tribue,
1514 5559 1627 5599 nea
1655 5543 1918 5597 Trinitate
1944 5543 2184 5596 excidas.

610 5646 765 5701 Nullo
808 5644 968 5699 modo
996 5657 1161 5697 unam
1193 5641 1340 5696 illam
1379 5647 1625 5693 naturam
1657 5650 1720 5691 ac
1750 5648 2000 5705 peraque
2027 5647 2190 5686 vene-

2262 3176 2363 3229 καὶ
2398 3175 2477 3242 τῷ
2505 3178 2631 3230 νοΐ·
2671 3174 2815 3229 τοῦτ’
2867 3175 3033 3243 ἔστιν,
3079 3178 3138 3231 ὲν
3164 3177 3247 3232 νοῒ
3293 3180 3388 3232 καὶ
3424 3179 3698 3250 Πνεύματι.
3728 3178 3789 3231 Ti)

2261 3264 2353 3323 οῦν
2386 3266 2814 3343 προσκυνεῖνίτῷ
2840 3268 3142 3339 Πνεύματι,
3168 3270 3201 3341 ἢ
3233 3270 3636 3343 προσεύχεσθαι,
3662 3269 3789 3322 οὐδὲν

2248 3359 2389 3413 κᾶλλο
2434 3355 2571 3412 εἷναί
2609 3342 2729 3430 μοι’
2758 3358 3029 3428 φαίνεται,
3072 3360 3108 3430 ἢ
3152 3342 3291 3415 αὑτό
3329 3361 3499 3432 ἑαυτῷ
3525 3362 3615 3432 τὴν
3652 3359 3790 3429 εὐχὴν

2262 3452 2557 3522 προσάγειν
2615 3452 2711 3504 καὶ
2765 3450 2865 3521 τὴν
2915 3449 3309 3523 προσκύνησιν.
3356 3454 3422 3506 '0
3473 3452 3553 3516 τίς
3610 3450 3698 3503 οὐκ
3736 3449 3790 3500 ἂν

2263 3544 2567 3597 ἐπαινέσειε
2595 3542 2703 3595 τῶν
2741 3543 2959 3608 ἐνθέων,
3003 3544 3096 3597 καὶ
3120 3541 3228 3597 τῶν
3264 3541 3324 3598 εὖ
3357 3544 3581 3608 εἰδότων,
3609 3543 3681 3594 ὅτι
3713 3539 3790 3591 καὶ

2264 3636 2298 3705 ἡ
2336 3634 2431 3686 τοῦ
2467 3634 2585 3697 ἐνὸς
2622 3632 3027 3705 προσκύνησις,
3071 3634 3180 3687 τῶν
3223 3633 3392 3705 τριῶν
3439 3636 3548 3686 ἐστι
3585 3626 3789 3702 προσκύ-

2267 3742 2442 3793 νησις,
2476 3724 2566 3778 διὰ
2597 3726 2659 3778 τὸ
2690 3726 2748 3778 ὲν
2775 3728 2887 3788 τοῖς
2915 3724 3093 3797 τρισὶν
3116 3725 3379 3795 ὁμότιμον
3404 3724 3498 3794 τῆς
3524 3723 3683 3788 ἀξίας,
3714 3716 3789 3771 καὶ

2266 3815 2364 3885 τῆς
2390 3815 2671 3886 θεότητος;
2702 3818 2813 3870 Καὶ
2842 3816 2948 3887 μὴν
2968 3816 3087 3869 οὐδὲ
3109 3817 3287 3869 ἐκεῖνο
3422 3810 3757 3879 φοϐηθήσομαι
3774 3845 3787 3868 ν

2268 3904 2329 3956 τὸ
2364 3905 2545 3960 πάντα
2585 3906 2674 3959 διὰ
2702 3904 2796 3958 τοῦ
2831 3904 2961 3958 Υἱοῦ
2996 3902 3279 3971 γεγονέναι
3313 3898 3574 3970 λέγεσθαι,
3601 3895 3669 3957 ὡς
3694 3891 3789 3952 ὲνὺς

2270 3994 2378 4047 τῶν
2414 3996 2627 4050 πάντων
2662 3995 2812 4058 ὄντος
2852 3996 2947 4048 καὶ
2976 3993 3069 4046 τοῦ
3101 3992 3257 4061 ἁγίου
3290 3990 3611 4060 Πνεὺματος.
3636 3982 3788 4038 Πάντα

2221 4096 2237 4115 ¹
2272 4087 2380 4158 γὰρ
2408 4089 2507 4142 ὃσα
2539 4089 2781 4157 γέγονεν,
2808 4088 3046 4158 εἴρηται,
3074 4086 3174 4155 οὐχ
3213 4084 3396 4147 ἁπλῶς
3430 4084 3656 4136 ἅπανταο
3694 4069 3791 4126 οὐδὲ

2272 4178 2381 4251 γὰρ
2415 4182 2444 4232 ὁ
2477 4180 2683 4250 Πατὴρ,
2720 4178 2828 4231 οὐδ’
2860 4180 2959 4231 ὅσα
2995 4177 3068 4246 μὴ
3099 4176 3339 4243 γέγονεν.
3382 4173 3554 4236 Δεῖξον
3700 4160 3791 4217 οὖν.

2275 4274 2358 4327 ὅτι
2392 4273 2604 4343 γέγονε,
2637 4271 2731 4323 καὶ
2763 4270 2887 4322 τότε
2916 4270 2993 4340 τῷ
3022 4269 3137 4340 Υἱῷ
3178 4268 3288 4333 δὸς,
3328 4267 3420 4321 καὶ
3453 4265 3560 4324 τοῖς
3583 4260 3795 4324 κτίσμασι

3542 4347 3761 4405 δεικνύεις
3781 4378 3794 4402 ,

2275 4428 2428 4505 οὐδὲν
2450 4428 2529 4520 τῷ
2558 4428 2941 4520 περιληπτικῷ
2976 4428 3142 4519 βοηθῇ
3163 4428 3315 4517 ’πρὸς
3358 4441 3615 4497 ἀσέσειαν.
3642 4434 3693 4486 ει
3719 4428 3796 4499 μὲν

2275 4543 2385 4614 γὰρ
2427 4542 2642 4610 γέγονε,
2672 4540 2761 4593 διὰ
2806 4539 3045 4610 Χριστοῦ
3079 4538 3296 4598 πάντως
3322 4553 3336 4566 ·
3372 4533 3492 4587 οὐδὲ
3535 4524 3680 4582 αὐτὸς
3718 4521 3797 4587 ἀρ·

2278 4637 2552 4705 νήσωμαι.
2730 4633 2793 4686 Et
2826 4632 2883 4684 δὲ
2910 4632 2974 4683 οὐ
3006 4630 3221 4699 γέγονε,
3256 4628 3377 4689 πῶς
3416 4626 3450 4696 ἢ
3489 4621 3590 4675 τῶν
3623 4615 3797 4669 πάντων

2278 4726 2357 4789 ἓν,
2391 4726 2424 4795 ἦ
2463 4724 2551 4777 διὰ
2578 4723 2848 4795 Χριστοῦξ
2887 4721 3102 4774 Παῦσαι
3130 4717 3222 4773 οὖν
3250 4719 3343 4772 καὶ
3379 4716 3468 4769 τὸν
3504 4708 3699 4777 Πατέρα
3723 4714 3797 4795 κεξ·

2279 4787 2641 4884 κῶς-τιμῶν,
2667 4814 2809 4868 κατὰ
2855 4812 2948 4865 τοῦ
3008 4809 3351 4880 Μονογενοῦς
3396 4802 3557 4872 (κακὴ
3600 4800 3651 4851 δὲ
3690 4787 3795 4884 “id?

2281 4907 2485 4976 κτίσμα
2500 4876 2722 4959 ’διδόντα
2762 4905 2824 4957 τὸ
2866 4876 3189 4974 τιμιώτερον
3221 4896 3535 4967 ἀποστερεῖν
3557 4876 3797 4976 ΠΜ

2282 4999 2371 5051 τὸν
2402 4971 2534 5051 Ῠῑὸν
2585 4997 2729 5051 κατὰ
2780 4997 2876 5050 τοῦ
2912 4971 3249 5065 Πνεύματος.
3289 4992 3363 5045 Οὐ
3411 4989 3514 5057 γὰρ
3558 4971 3795 5065 ὁμοδούξεξυ

2282 5089 2633 5159 δημιουργὸς,
2685 5088 2800 5141 ἀλλ’
2847 5059 3095 5157 ὁμοτὶμιρ
3155 5079 3610 5148 συνδοξαζόμενος-
3650 5059 3796 5159 Μηᾷιν

2288 5156 2427 5251 μετὰ
2457 5156 2687 5234 σεαυτοῦ
2729 5180 2828 5250 θῇς
2875 5156 2975 5249 τῆς
3000 5178 3250 5249 Τριάδος,
3281 5174 3354 5245 μὴ
3388 5172 3484 5239 τῆς
3509 5161 3707 5233 Τριόδος
3727 5156 3796 5206 ἐν

2288 5274 2481 5345 πέσῃς.
2513 5273 2720 5343 Μηδενὶ
2764 5270 3071 5343 περικόψῃς
3108 5270 3209 5341 τὴν
3238 5267 3361 5338 μίαν
3520 5253 3696 5345 ὁμοίιίκ

2288 5331 2537 5431 ὅάσίλιον.
2577 5331 2665 5425 Ὧς
2694 5362 2775 5415 ὅτι
2808 5331 2873 5413 s'v
2908 5331 3212 5429 τών-τριιῦν
3239 5331 3485 5424 παθέλῃςν
3516 5345 3573 5397 τὸ

2287 5416 2639 5526 καθξλρηκὼς,
2665 5453 2864 5524 μᾶλλον
2882 5451 2939 5504 δὲ
2966 5449 3060 5503 τοῦ
3084 5416 3299 5511 ’παντὸς
3329 5429 3683 5526 ἐκπεπτωκώξ-

2289 5516 2639 5614 τιονυξιίκρὰν
2665 5516 2770 5613 ’τῆς
2811 5541 3055 5603 ὲνώσεως
3090 5537 3389 5610 φαντασίαν
3430 5526 3615 5585 λαϐεῖν,
3637 5516 3665 5588 ἢ
3687 5520 3793 5563 πα*

2284 5636 2413 5707 τελῆ
2447 5637 2719 5707 τολμῆσαι
2756 5633 3096 5689 δυσσέϐειαν.

700 5856 716 5886 ¹
745 5853 903 5908 Joan.
943 5869 1015 5916 tv,
1049 5850 1139 5907 Ἡ.
1218 5855 1237 5884 ¹
1266 5851 1400 5906 Rom
1429 5866 1550 5916 vut,
1591 5847 1683 5904 26.
1762 5846 1781 5879 ³
1806 5843 1825 5899 Ι
1854 5842 1979 5899 Cor.
2014 5857 2124 5907 xtv,
2161 5859 2162 5866 ‘

2320 5842 2339 5873 ’⁵
2380 5837 2536 5894 Joan.
2610 5854 2647 5899 ι,
2674 5840 2725 5894 ’5.
2799 5840 2815 5869 ⁵
2856 5836 2985 5890 ibid.
