4078 6292
309 425 433 489 829

1278 423 1654 487 PANOPLIA
1694 425 2153 489 DOGMATICA.
2187 451 2259 465 -
2285 427 2436 491 TIT.
2477 427 2616 491 XIl.

3455 424 3563 488 830

319 536 548 590 randum
580 542 793 589 trunca.
825 533 1043 603 Alioqui
1068 534 1114 589 si
1148 534 1275 604 quid
1304 550 1369 589 ex
1417 536 1592 590 tribus
1615 534 1901 598 everteris,
1952 542 2123 589 totum
2150 538 2437 601 everteris,
2490 538 2599 591 imo
2623 551 2653 590 a
2696 543 2815 591 toto
2847 533 3141 592 excideris.
3184 534 3409 592 Perstat
3436 540 3558 591 exi-

230 624 251 638 '
315 644 488 697 gnum
545 629 815 699 quoddam
848 628 1070 683 unionis
1088 627 1236 683 illius
1269 628 1618 683 simulacrum
1666 643 1883 698 capere,
1912 642 2074 696 quam
2100 628 2379 700 proﬂigata
2404 632 2636 699 quadam
2668 632 2892 685 audacia
2932 632 2986 685 in
3039 642 3256 687 omnem
3303 634 3467 698 imp‘e
3495 648 3553 683 a-

318 731 435 775 lettt
462 734 841 790 prorumpere.

400 811 564 863 Ἦκει
615 808 674 861 δὲ
724 808 858 878 ἡμῖν
889 807 918 860 ὁ
953 807 1108 874 λόγος
1141 808 1228 859 ἐπ’
1270 806 1404 859 αὐτὸ
1441 805 1505 860 τὸ
1559 806 1888 875 κεφάλαιονο

2065 807 2228 863 Venit
2276 822 2387 876 Jam
2442 809 2507 861 ad
2571 808 2898 877 praecipuum
2963 808 3348 875 disputationis
3398 821 3564 877 caput

319 896 417 959 καὶ
460 894 629 947 στένω
662 895 779 964 μὲν,
812 897 895 949 ὅτι
931 897 1097 951 πάλαι
1133 898 1392 967 τεθνηκὸς
1432 897 1673 968 ζήτημα,
1717 898 1811 948 καὶ
1839 896 1909 966 τῇ

318 987 504 1039 πίστει
556 988 988 1059 παραχωρῆσαν,
1020 988 1114 1042 νῦν
1148 989 1584 1052 ἀνακαινίζεται·
1619 989 1809 1058 στῆναι
1850 988 1907 1043 δὲ

315 1081 485 1148 ὅμως
536 1079 835 1143 ἀναγκαῖον
890 1080 1027 1151 πρὸς
1087 1081 1214 1144 τοὺς
1268 1081 1630 1152 λογολέσχας,
1684 1082 1778 1133 καὶ
1832 1083 1907 1154 μὴ

317 1174 539 1241 ἐρήμην
585 1171 809 1235 ἁλῶναι,
852 1173 1024 1240 Λόγον
1063 1172 1307 1243 ἔχοντας,
1343 1175 1438 1227 καὶ
1472 1173 1908 1245 συνηγοροῦντας

311 1264 620 1334 Πνεύματι.
683 1264 747 1317 Εἰ
779 1263 933 1328 Θεὸς,
967 1265 1099 1333 φασὶ
1134 1303 1147 1326 ,
1317 1268 1409 1319 καὶ
1443 1268 1595 1330 Θεὸς.
1631 1268 1725 1320 καὶ
1750 1268 1905 1331 Θεὸς,

312 1354 437 1418 πῶς
471 1355 589 1425 οὐχὶ
627 1358 776 1425 τρεῖς
817 1354 929 1408 θεοί
949 1373 965 1424 ;
999 1357 1031 1427 ἢ
1071 1356 1188 1416 πῶς
1217 1357 1279 1409 ού
1321 1358 1629 1430 πολυαρχία
1657 1359 1717 1410 τὸ
1754 1359 1907 1424 δοξα-

313 1446 577 1515 ζόμενονς
615 1445 801 1499 Ταῦτα
834 1448 1014 1511 τίνες;
1043 1448 1106 1501 Οἱ
1135 1448 1454 1519 τελεώτεροι
1638 1451 1736 1522 τὴν
1781 1450 1910 1504 ἀσέ-

315 1535 498 1597 ϐειαν,
544 1536 577 1606 ἦ
616 1539 711 1589 καὶ
738 1538 788 1590 οἱ
823 1538 921 1609 τῆς
960 1538 1220 1609 δευτέρας
1410 1542 1648 1611 μερίδος,
1683 1541 1825 1611 λέγω
1853 1542 1910 1595 δὲ

317 1631 454 1692 τοὺς
500 1630 626 1700 περὶ
672 1629 763 1682 τὸν
814 1630 938 1683 Υίόν
988 1647 1105 1694 πως
1146 1632 1518 1701 εὐγνώμονας.
1560 1634 1618 1686 'O
1669 1634 1767 1704 μὲν
1799 1635 1909 1705 γὰρ

318 1718 505 1780 κοινός
537 1735 625 1788 μοι
679 1718 813 1787 πρὸς
862 1719 1210 1790 ἀμφοτέρους
1258 1720 1432 1788 λόγος,
1464 1725 1492 1774 ὁ
1534 1722 1592 1776 δὲ
1626 1723 1762 1793 πρὸς
1793 1724 1886 1777 τού

315 1827 451 1874 τους
502 1810 647 1873 ἴδιος.
688 1811 747 1863 '0
781 1810 880 1878 μὲν
919 1803 1009 1864 οὖν
1058 1812 1196 1882 πρὸς
1243 1812 1486 1877 τούτους,
1536 1813 1797 1879 τοιοῦτος.
1842 1815 1908 1868 Ti

321 1914 466 1966 φατε
509 1902 619 1961 τοῖς
660 1900 957 1969 τριθεῖταις
1142 1904 1295 1973 ἡμῖν,
1337 1905 1389 1956 οἱ
1432 1905 1523 1958 τὸν
1554 1905 1681 1961 Υίὸν
1728 1906 1909 1960 σέϐον-

316 2006 450 2051 τες,
494 1993 541 2042 εἰ
586 1991 677 2043 καὶ
720 1990 814 2043 τοῦ
848 1992 1163 2063 Πνεύματος
1204 1996 1581 2066 ἀφεστήκατες
1622 1999 1812 2068 Ὑμεῖς
1849 1997 1909 2054 δὲ

317 2083 389 2134 οὐ
421 2080 646 2136 διθεῖται
683 2100 700 2148 ;
867 2085 931 2138 Et
963 2086 1061 2156 μὲν
1089 2087 1199 2156 γὰρ
1240 2087 1490 2156 ἁρνεῖσθε
1522 2089 1616 2141 καὶ
1657 2089 1751 2141 τοῦ
1792 2090 1907 2143 Μο-

1976 899 2181 963 oratio;
2212 914 2277 950 ac
2316 895 2669 963 quaestionem
2702 896 2939 962 quidem,
2976 907 3095 961 qua:
3116 892 3442 962 jampridem
3469 912 3562 963 op-

1978 1003 2166 1059 pressa
2201 998 2283 1043 est
2316 995 2370 1041 et
2401 986 2693 1051 exstincta,
2724 995 2888 1052 atque
2917 982 3038 1037 fidei
3069 984 3255 1046 cessit,
3288 985 3388 1038 hoc
3431 994 3566 1038 tem-

1980 1094 2111 1149 pore
2150 1078 2399 1133 renovari
2435 1077 2592 1130 doleo
2622 1086 2677 1131 et
2715 1074 3055 1142 ingemisco:
3090 1076 3355 1129 adversus
3403 1076 3555 1130 rabu-

1981 1174 2064 1228 las
2095 1182 2275 1225 tamen
2310 1182 2455 1225 stare
2480 1183 2701 1224 necesse
2731 1176 2835 1232 est,
2872 1182 2937 1221 ac
2956 1166 3261 1236 providere,
3306 1182 3372 1220 ne
3419 1168 3563 1219 velut

1980 1266 2192 1319 deserta
2228 1276 2390 1317 causa
2413 1262 2718 1323 vincamur,
2748 1258 2838 1326 qui
2872 1256 3104 1312 Verbum
3133 1256 3411 1322 habemus,
3440 1257 3562 1326 Spi-

1985 1356 2227 1423 ritusque
2257 1353 2619 1423 patrocinium
2648 1349 2990 1419 suscipimus.
3010 1347 3064 1401 Si
3102 1347 3263 1415 Deus,
3287 1349 3558 1417 inquiunt,

1982 1457 2037 1502 et
2063 1448 2223 1515 Deus,
2254 1458 2306 1502 et
2331 1447 2491 1508 Dens,
2523 1447 2649 1514 quid
2673 1460 2849 1500 causa:
2882 1460 3002 1500 esse
3045 1453 3239 1515 potest,
3278 1448 3404 1514 quin
3456 1456 3566 1500 tres

1984 1542 2094 1594 sint
2130 1541 2227 1604 dii,
2250 1549 2340 1593 aut
2368 1541 2497 1609 quin
2535 1538 2766 1606 plurium
2816 1537 3034 1590 deorum
3089 1536 3446 1606 principatum
3473 1552 3563 1591 co-

1985 1632 2196 1686 lamus?
2223 1632 2453 1697 Quinam
2488 1631 2637 1684 haec?
2665 1628 2726 1682 Hi
2766 1643 2977 1696 nempe,
3014 1629 3105 1697 qui
3138 1627 3487 1696 perfectiores
3510 1629 3562 1682 in

1985 1725 2262 1792 impietate
2289 1735 2437 1785 sunt,
2493 1731 2587 1776 aut
2632 1724 2795 1776 etiam
2847 1721 2938 1791 qui
2971 1723 3237 1777 secundas
3272 1732 3454 1792 partes
3490 1730 3569 1776 te-

1986 1825 2134 1880 nent,
2167 1815 2269 1869 huc
2298 1823 2402 1876 est,
2427 1813 2518 1881 qui
2561 1813 2628 1867 de
2654 1812 2793 1866 Filio
2845 1812 3047 1866 rectius
3077 1812 3332 1867 sentiunt.
3376 1811 3570 1865 Sermo

1986 1907 2127 1958 enim
2153 1904 2304 1967 mihi,
2336 1904 2530 1972 partim
2563 1904 2825 1956 adversus
2880 1902 3072 1956 ambos
3121 1903 3424 1956 communis
3462 1914 3566 1964 est,

1988 1997 2181 2061 partim
2206 1994 2467 2048 adversus
2498 1995 2597 2048 hos
2628 1994 2877 2062 proprius
2909 2002 2962 2046 et
3002 1992 3312 2060 peculiaris.
3338 1991 3415 2045 Ac
3445 2008 3570 2046 cum

1988 2084 2075 2140 his
2097 2085 2314 2153 quidem
2362 2084 2428 2137 ad
2483 2085 2624 2138 hunc
2680 2084 2899 2138 modum
2931 2097 3172 2151 agemus.
3208 2083 3344 2149 Quid
3389 2082 3570 2137 tridei~

318 2172 577 2241 νογενοῦς
604 2173 702 2245 τὴν
730 2177 1120 2249 προσκύνησιν,
1150 2180 1336 2249 σαφῶς
1364 2180 1591 2251 τέταχθε
1634 2181 1774 2251 μετὰ
1798 2181 1908 2235 τῶν

1998 2176 2059 2229 Lis
2091 2176 2248 2237 nobis
2275 2176 2474 2241 dicitis,
2507 2178 2596 2245 qui
2631 2175 2824 2230 Filium
2883 2176 3076 2236 colitis,
3140 2176 3240 2228 etsi
3292 2190 3318 2226 τι
3371 2176 3570 2241 Spiritu

318 2262 616 2316 ἐναντίων·
673 2266 767 2318 καὶ
817 2267 869 2319 τί
918 2268 1481 2341 φιλανθρωπευόμεθα
1537 2272 1675 2343 πρὸς
1734 2273 1903 2343 ὑμᾶς,

314 2354 399 2417 ὡς
438 2355 497 2407 οὐ
545 2355 717 2427 πάντη
763 2360 1226 2429 νενεκρωμένους;
1273 2363 1337 2415 Ei
1381 2362 1441 2417 δὲ
1496 2362 1762 2426 σέϐεσθε,
1816 2365 1909 2417 καὶ

322 2446 491 2515 μέχρι
537 2444 723 2498 τούτου
751 2447 1024 2501 διάκεισθε
1069 2450 1354 2522 σωτηρίως
1394 2494 1411 2519 ,
1565 2454 1711 2522 ὑμᾶς
1754 2454 1898 2523 ὲρω-

317 2539 593 2607 τήσομεν·
628 2540 723 2603 Τίς
765 2542 793 2591 ὁ
840 2540 997 2610 λόγος
1045 2542 1146 2611 τῆς
1194 2543 1398 2607 διθεῖας
1443 2545 1589 2615 ὑμῖν,
1636 2545 1702 2602 ἂν
1753 2545 1908 2598 τοῦτο

319 2629 660 2700 ἐγκαλῆσθε;
713 2632 776 2683 Εἰ
824 2631 940 2684 ἔστι
993 2632 1149 2701 λόγος
1208 2635 1496 2699 συνέσεως,
1547 2637 1905 2709 ἀποκρίθητε,

317 2722 442 2774 δότε
489 2723 581 2775 καὶ
622 2725 752 2793 ἡμῖν
804 2724 920 2776 ὁδὸν
969 2725 1331 2796 ἀποκρίσεως.
1370 2722 1465 2789 Οἷς
1493 2727 1602 2796 γὰρ
1643 2728 1708 2781 ἂν
1751 2729 1907 2797 ὑμεῖς

218 2820 223 2821 ⁷
318 2812 422 2884 τὴν
470 2813 672 2867 διθεϊαν
720 2815 1135 2887 ἀποκρούσησθε
1188 2816 1401 2885 λόγοις,
1450 2812 1595 2870 οὗτοι
1636 2820 1731 2872 καὶ
1775 2821 1907 2890 ἡμῖν

320 2906 466 2959 κατὰ
506 2906 604 2976 τῆς
636 2906 877 2978 τριθεῖας
924 2908 1249 2979 ἀρκέσουσιν
1272 2925 1286 2938 ’
1324 2911 1421 2962 καὶ
1462 2909 1605 2962 οὕτω
1641 2910 1902 2980 νικῶμεν,

330 2999 455 3067 ὑμῖν
497 3000 611 3062 τοῖς
659 3000 1003 3071 κατηγόροις,
1041 3000 1361 3071 συνηγόροις
1408 3000 1711 3071 χρώμενοι·
1748 2996 1808 3054 οὗ
1852 3002 1906 3053 τί

328 3091 700 3160 γενναιότερον
717 3106 735 3156 ;

1990 2266 2335 2320 descivistis?
2370 2266 2474 2321 Vos
2500 2277 2677 2324 autem
2709 2282 2812 2320 non
2847 2265 3102 2320 bideitze?
3126 2264 3257 2317 Nam
3290 2265 3333 2317 si
3384 2264 3573 2334 Unige-

1993 2357 2088 2411 niti
2123 2372 2338 2427 quoque
2362 2358 2564 2411 cultum
2597 2367 2650 2411 et
2680 2357 3050 2413 adoratiouem
3097 2355 3379 2425 abjuratis,
3434 2356 3571 2409 haud

1992 2446 2154 2500 dubie
2183 2446 2250 2500 ab
2272 2447 2706 2502 adversariorum
2740 2445 2986 2515 partibus
3014 2445 3169 2499 statis
3197 2462 3210 2497 :
3247 2459 3311 2498 ac
3337 2444 3562 2511 proinde

1992 2538 2122 2605 quid
2156 2548 2259 2602 est,
2298 2538 2647 2606 quamobrem
2679 2537 2848 2592 lenius
2873 2535 3273 2604 humaniusque
3296 2537 3572 2590 vobiscum

1993 2645 2238 2695 agamus,
2271 2640 2527 2699 tanquam
2584 2643 2695 2690 non
2744 2629 2967 2682 omnino
3014 2627 3242 2681 mortuis
3280 2636 3334 2679 et
3371 2626 3574 2680 exstin-

1994 2722 2137 2775 etis?
2167 2721 2224 2776 Si
2254 2734 2433 2776 autem
2462 2721 2659 2785 colitis,
2692 2731 2858 2790 atque
3086 2721 3351 2773 hactenus
3381 2718 3571 2773 saltem

1995 2816 2290 2869 salubriter
2311 2814 2485 2870 alfecti
2512 2815 2666 2877 estis,
2702 2827 2768 2867 ex
2797 2812 2948 2867 vobis
2970 2826 3275 2883 quaeremus
3303 2850 3319 2876 ,
3361 2826 3464 2878 qua
3498 2826 3578 2862 ra-

1999 2908 2143 2960 tione
2169 2921 2197 2959 a
2235 2906 2512 2961 bideitatis
2538 2906 2766 2960 crimine
2789 2915 2999 2959 vosmet
3030 2903 3308 2957 vindicare
3338 2902 3573 2970 queatis.

1997 2997 2041 3049 si
2075 2994 2197 3063 quis
2223 3010 2341 3048 eam
2382 2996 2534 3049 vobis
2559 2993 2816 3062 objiciut?
2854 2993 2908 3045 Si
2945 3003 3030 3046 est
3059 2992 3208 3045 vobis
3246 3005 3425 3045 sermo
3450 3005 3577 3057 pru-

1997 3088 2215 3152 dentiae,
2248 3089 2586 3156 respondete,
2619 3087 2879 3153 nobisque
2900 3088 3062 3141 etiam
3091 3076 3579 3150 respondendf'an-

329 3204 450 3246 sam
493 3187 746 3256 praebete.
779 3185 884 3239 Illae
911 3183 1054 3238 enim
1088 3182 1352 3243 rationes,
1385 3178 1587 3248 quibus
1633 3175 1910 3234 bideitatis
1945 3177 2153 3233 crimen
2208 3177 2629 3246 propulsabitis,
2679 3179 2880 3232 eaedem
2934 3168 3154 3247 quoqub
3181 3178 3339 3233 nobis
3374 3182 3440 3233 ad
3477 3182 3581 3236 tri-

330 3282 557 3336 deitatis
596 3278 803 3333 crimen
850 3273 1255 3345 prepellendum
1293 3270 1578 3328 sulllcient.
1637 3270 1814 3338 Atque
1849 3271 1923 3323 ita
1960 3284 2177 3325 causam
2225 3269 2633 3338 obtinebimus,
2689 3284 2786 3326 vos
2813 3309 2831 3335 ,
2874 3272 2966 3341 qui
3017 3281 3364 3330 accusatores
3416 3277 3577 3342 estis,

333 3382 598 3443 patronos
623 3365 887 3420 habituri.
914 3364 1032 3429 Quo
1062 3362 1194 3431 quid
1214 3362 1410 3416 fortius
1436 3369 1490 3416 et
1525 3359 1880 3430 generosius?

422 3463 483 3515 '0
509 3463 565 3515 δὲ
625 3462 803 3521 κοινὸς
845 3459 976 3527 ἡμῖν
1034 3458 1170 3525 πρὸς
1224 3455 1565 3525 ἀμφοτέρους
1623 3455 1703 3516 τίς
1758 3452 1908 3522 ἀγών

2068 3456 2154 3508 ηΔι
2220 3470 2349 3509 vero
2413 3454 2685 3523 quodnam
2754 3457 2914 3514 nobis
2970 3464 3055 3513 est
3107 3471 3233 3513 cum
3331 3458 3583 3530 utrisque

333 3574 399 3611 τε
444 3557 539 3606 καὶ
588 3554 780 3622 λόγος;
847 3550 1011 3619 Ἡμῖν
1062 3542 1143 3610 εἷς
1189 3548 1343 3613 Θεὸς,
1396 3550 1478 3601 ὅτι
1542 3545 1643 3615 μία
1694 3546 1908 3616 θεότηςο

2014 3557 2312 3607 eertamen,
2337 3557 2393 3601 et
2417 3562 2663 3615 quaenam
2690 3551 2911 3604 oratio?
2935 3548 3104 3606 Nobis
3131 3547 3274 3607 Deus
3308 3566 3453 3608 unus
3476 3559 3581 3606 est.

336 3641 436 3692 καὶ
468 3644 600 3711 πρὸς
634 3641 691 3695 ἓν
738 3642 807 3695 τὰ
857 3641 916 3706 ἐξ
965 3642 1129 3695 αὑτοῦ
1167 3644 1267 3713 τὴν
1314 3645 1585 3713 ἀναφορὰν
1638 3644 1771 3714 ἔχει,
1811 3648 1908 3699 κᾶν

2019 3645 2275 3712 quoniam
2313 3657 2418 3695 una
2452 3641 2660 3707 deitas;
2700 3652 2859 3711 atque
2884 3643 2948 3697 ad
2976 3658 3164 3703 unum.
3189 3658 3249 3697 ea
3281 3657 3402 3713 quae
3427 3656 3493 3696 ex
3522 3656 3587 3696 eo

332 3732 467 3803 τρία
496 3733 842 3803 πιστεύηται.
874 3735 948 3787 Οὑ
981 3734 1110 3805 γὰρ,
1146 3735 1208 3787 τὸ
1246 3734 1345 3805 μὲν
1378 3736 1576 3806 μᾶλλον
1607 3771 1624 3798 ,
1762 3736 1822 3787 τὸ
1853 3735 1911 3787 δὲ

335 3820 503 3892 ἧττον
533 3824 694 3887 Θεόςο
735 3826 855 3878 οὐδὲ
897 3826 957 3879 τὸ
991 3826 1088 3895 μὲν
1131 3827 1416 3896 πρότερον,
1456 3824 1519 3878 τδ
1562 3826 1619 3878 δὲ
1646 3825 1907 3897 ὕστερον

334 3915 461 3968 οὐδὲ
487 3915 731 3985 βουλήσει
761 3917 1036 3987 τέμνεται,
1059 3916 1180 3969 οὐδὲ
1208 3917 1432 3988 δυνάμει
1462 3917 1762 3988 μερίζεται,
1787 3917 1911 3970 οὐδέ

333 4023 395 4058 τι
425 4006 533 4059 τῶν
565 4007 665 4059 ὅσα
702 3999 813 4069 τοῖς
858 4010 1135 4078 μεριστοῖς
1327 4010 1583 4078 ὑπάρχει,
1634 4005 1912 4059 κάνταῦθα

335 4096 523 4149 λαϐεῖν
556 4097 699 4150 ἔστιν
724 4116 736 4127 ·
769 4098 903 4150 ἀλλά
923 4099 1217 4169 ἀμέριστος
1336 4140 1337 4143 η
1382 4100 1440 4150 ἐν
1468 4096 1910 4169 μεμερισμένοις,

336 4190 392 4241 εί
414 4189 497 4241 δεῖ
530 4189 805 4259 συντόμως
844 4192 1037 4251 εἰπεῖν,
1069 4192 1101 4261 ἡ
1133 4191 1321 4262 θεότης
1342 4207 1355 4220 ·
1394 4190 1486 4243 καὶ
1518 4182 1629 4241 οἷον
1660 4191 1716 4243 ὲν
1744 4187 1913 4258 ἠλίοις

334 4281 517 4349 τρισὶν
548 4282 823 4351 ἐχομένοις
850 4280 1113 4349 ἀλλήλων,
1153 4283 1251 4351 μία
1272 4280 1365 4335 τοῦ
1392 4280 1567 4349 φωτὸς
1590 4278 1911 4349 σύγκρασις.

338 4371 511 4424 Ὅταν
542 4372 639 4441 μὲν
666 4370 761 4424 οὖν
791 4373 926 4443 πρὸς
958 4373 1054 4443 τὴν
1085 4372 1311 4443 θεότητα
1345 4371 1649 4441 βλέψωμεν,
1683 4370 1777 4422 καὶ
1813 4367 1912 4439 τὴν

336 4461 565 4532 πρώτην
597 4463 795 4527 αἰτίαν,
828 4464 921 4517 καὶ
945 4464 1043 4534 τὴν
1081 4463 1397 4534 μοναρχίαν,
1430 4462 1489 4514 ἓν
1533 4463 1663 4533 ἡμῖν
1690 4461 1751 4512 τὸ
1779 4477 1913 4527 φαν-

334 4552 634 4623 ταζόμενον
655 4570 668 4583 ·
698 4555 824 4607 ὅταν
854 4555 910 4607 δὲ
940 4554 1073 4625 πρὸς
1104 4554 1173 4607 τὰ
1214 4556 1271 4607 ὲν
1305 4550 1384 4616 οἷς
1418 4555 1452 4623 ἡ
1484 4553 1692 4621 θεότης,
1719 4551 1814 4603 καὶ
1845 4549 1913 4603 τὰ

334 4654 405 4697 εκ
433 4644 530 4714 τῆς
561 4644 780 4716 πρώτης
808 4647 985 4709 αἰτίας
1010 4646 1251 4715 ἀχρόνως
1279 4646 1485 4699 ἐκεῖθεν
1513 4645 1642 4698 ὄντα
1669 4645 1763 4696 καὶ
1786 4645 1913 4713 ὁμο-

334 4737 528 4803 δόξως,
558 4738 682 4809 τρία
709 4738 778 4791 τὰ
814 4738 1278 4809 προσκυνούμενα.

544 5007 607 5060 Τί
638 5008 753 5073 δαί;
790 5009 910 5078 οὐχὶ
937 5010 1029 5061 καὶ
1060 5010 1189 5079 παρ’
1227 5008 1476 5079 Ἕλλησι,
1505 5012 1660 5078 φαῖεν
1690 5010 1776 5073 ἂν,
1814 5010 1909 5081 μία

334 5099 553 5169 θεότης,
572 5100 649 5163 ὡς
676 5101 724 5152 οἱ
750 5099 818 5153 τὰ
845 5099 1146 5171 τελεώτερα
1169 5101 1298 5171 παρ’
1316 5100 1542 5164 ἐκείνοις
1564 5099 1912 5169 φιλοσοφοῦν-

332 5209 455 5256 τες,
487 5193 578 5245 καὶ
613 5193 742 5264 παρ’
772 5194 905 5263 ἡμῖν
937 5191 1293 5262 ἁνθρωπότης
1328 5192 1447 5262 μία,
1478 5192 1539 5245 τὸ
1559 5192 1713 5259 γένος
1730 5193 1909 5257 ἆπαν;

355 5276 499 5329 Ἀλλ’
532 5279 679 5348 ὅμως
717 5280 829 5331 θεοὶ
869 5278 1072 5343 πολλοὶ,
1109 5279 1201 5332 καὶ
1240 5280 1337 5349 οὐχ
1365 5273 1464 5343 εἷς,
1502 5280 1577 5343 ὼς
1608 5280 1670 5351 δὴ
1703 5281 1793 5333 καὶ
1823 5280 1915 5334 ἄν-

338 5368 583 5439 θρωποι;
622 5371 759 5425 Ἀλλ’
790 5374 905 5425 ἐκεῖ
945 5372 1043 5442 μὲν
1077 5372 1111 5441 ἡ
1142 5371 1390 5441 κοινότης
1421 5371 1483 5424 τὸ
1514 5371 1572 5425 ἒν
1609 5371 1722 5443 ἔχει
1754 5372 1914 5443 μόνον

339 5460 557 5531 ἐπινοίᾳ
586 5461 861 5533 θεωρητόν
894 5479 910 5495 ο
1063 5461 1130 5514 τὰ
1162 5461 1220 5514 δὲ
1249 5462 1372 5516 καθ’
1403 5461 1633 5516 ἕκαστον
1663 5461 1914 5517 πλεῖστον

340 5549 613 5620 ἀλλήλων,
644 5554 737 5606 καὶ
761 5552 839 5624 τῷ
869 5553 1068 5626 χρόνῳ,
1099 5555 1195 5610 καὶ
1220 5557 1333 5618 τοῖς
1361 5553 1580 5617 πάθεσι,
1612 5556 1704 5608 καὶ
1729 5558 1797 5627 τῇ
1826 5556 1917 5608 δυ-

336 5644 506 5712 νάμει
540 5646 935 5716 μεμερισμένα.
986 5648 1176 5714 Ἡμεῖς
1204 5663 1262 5700 τε
1291 5647 1400 5717 γὰρ
1429 5646 1489 5699 ού
1537 5646 1780 5700 σύνθετοι
1817 5647 1915 5717 μό-

338 5748 459 5791 νον,
512 5732 645 5784 ἀλλὰ
702 5735 795 5786 καὶ
844 5736 1128 5800 ἀντίθετοι,
1185 5737 1279 5789 καὶ
1326 5735 1595 5806 ἀλλήλοις,
1646 5736 1740 5789 καὶ
1783 5739 1917 5806 ἡμῖν

341 5823 550 5884 αὺτοῖς,
590 5822 709 5875 οὐδὲ
756 5826 845 5877 ἐπὶ
910 5828 1036 5895 μιᾶς
1082 5827 1295 5897 ἡμέρας
1353 5827 1403 5879 οἱ
1455 5825 1610 5880 αὐτοὶ
1663 5826 1918 5897 καθαρῶς

2013 3743 2159 3799 sunt,
2204 3732 2531 3794 referuntur,
2567 3732 2777 3786 etiamsi
2811 3742 2919 3787 tres
2977 3746 3238 3802 personas
3278 3733 3583 3787 credamus.

2012 3821 2197 3890 Neque
2222 3824 2364 3875 enim
2385 3823 2486 3877 hoc
2504 3824 2694 3893 magis,
2722 3822 2849 3875 illud
2869 3823 3048 3878 minus
3067 3832 3150 3877 est
3172 3824 3308 3876 Deus
3326 3865 3341 3886 ,
3369 3838 3465 3877 nec
3483 3824 3586 3877 hoc

2013 3914 2179 3977 prius,
2210 3913 2336 3967 illud
2374 3912 2792 3981 posterius.Nec
2814 3912 3089 3969 voluntate
3113 3914 3452 3978 scinduntur,
3485 3929 3584 3968 nec

2014 4005 2251 4072 potentia
2281 4004 2615 4069 dividuntur,
2644 4019 2747 4057 nec
2782 4004 3013 4073 denique
3038 4005 3331 4073 quidquam
3372 4020 3582 4071 eorum,

2011 4109 2130 4162 qua:
2152 4093 2384 4149 dividnis
2417 4094 2580 4149 rebus
2610 4095 2953 4163 contingunt,
3002 4097 3090 4151 hic
3139 4109 3351 4164 quoque
3380 4097 3589 4164 νεβρεῖα

2011 4192 2116 4237 tur.
2149 4181 2253 4237 Sed
2272 4184 2539 4237 individua
2563 4185 2614 4238 in
2640 4185 2891 4251 dividuis,
2911 4194 2969 4240 ut
2986 4201 3091 4241 uno
3117 4188 3277 4240 verbo
3296 4185 3590 4251 dicam,est

2012 4274 2282 4338 divinitas,
2312 4290 2375 4329 ac
2392 4276 2535 4329 velut
2558 4275 2612 4330 in
2645 4276 2816 4332 tribus
2840 4277 3043 4333 solibus
3068 4278 3208 4332 inter
3229 4292 3287 4331 se
3307 4279 3593 4331 cohaerem-

2010 4364 2155 4417 tibns
2184 4379 2285 4417 una
2321 4364 2455 4418 lucis
2487 4367 2791 4420 commistio
2822 4376 2877 4421 et
2911 4368 3252 4436 temperatio.
3283 4365 3416 4420 Cum
3452 4379 3596 4434 ergo.

2012 4457 2077 4509 ad
2107 4456 2465 4523 divinitatem,
2491 4457 2829 4528 primamque
2870 4458 3015 4514 illam
3043 4474 3287 4526 causam,
3320 4459 3593 4525 uniusque

2011 4547 2372 4615 principatum
2407 4557 2462 4602 et
2501 4548 2781 4618 imperium
2834 4552 3255 4620 respexerimus,
3309 4566 3472 4603 unum
3500 4559 3583 4601 est

2013 4641 2152 4708 quod
2168 4640 2361 4692 mentis
2380 4650 2577 4695 nostra
2605 4640 2776 4696 oculis
2796 4639 3133 4697 obversatur.
3158 4638 3291 4695 Cum
3318 4640 3582 4693 rnrsusad

1944 4773 1987 4826 Β
2013 4744 2096 4792 ea,
2127 4732 2178 4783 in
2216 4731 2413 4799 quibus
2464 4742 2547 4786 est
2592 4732 2871 4799 divinitas,
2908 4742 2961 4788 et
3006 4748 3127 4803 qua:
3162 4748 3224 4785 ex
3262 4732 3435 4799 prima
3492 4730 3583 4783 illa

2012 4835 2209 4885 causa,
2262 4823 2401 4877 citra
2441 4823 2607 4878 ullam
2671 4825 2933 4893 temporis
2976 4822 3471 4892 intercapedinem,
3519 4835 3585 4874 ac

2012 4914 2127 4982 pari
2165 4914 2334 4984 gloria
2364 4924 2509 4979 sunt,
2543 4916 2647 4971 tria
2678 4927 2806 4972 sunt
2837 4931 2957 4985 quae
2983 4918 3296 4970 adorantur.

2245 5005 2383 5071 Quid
2439 5015 2643 5069 autem,
2675 5007 2912 5059 dixerint
2948 5005 3201 5071 fortasse,
3235 5016 3412 5058 nonne
3441 5004 3581 5072 apud

2008 5095 2259 5151 ethnicos
2287 5110 2506 5165 quoque
2533 5096 2710 5150 deitas
2741 5110 2847 5150 una
2883 5107 2987 5160 εει,
3031 5106 3089 5151 ιιι
3123 5098 3320 5152 docent
3356 5096 3448 5165 qui
3476 5094 3583 5165 ple-

2011 5182 2133 5238 nius
2159 5185 2299 5252 apud
2337 5185 2458 5239 illos
2487 5184 2888 5256 perfectiusque
2918 5187 3393 5258 philosophantur,
3421 5195 3581 5255 atque

2011 5275 2150 5343 apud
2195 5290 2291 5329 nos
2344 5291 2513 5346 genus
2580 5277 2915 5346 universum,
2958 5280 3269 5336 humanitas
3317 5280 3463 5333 una?
3513 5280 3577 5332 Et

2013 5376 2191 5420 tamen
2243 5366 2424 5437 plures
2465 5377 2592 5423 sunt
2625 5369 2721 5437 dii,
2777 5380 2832 5426 et
2878 5386 2987 5427 non
3021 5388 3183 5437 unus,
3221 5372 3363 5424 sicut
3411 5371 3574 5424 etiam

2013 5456 2167 5511 multi
2201 5458 2485 5513 homines?
2516 5460 2586 5513 At
2619 5460 2727 5517 illic
2773 5462 3141 5518 communitas
3174 5462 3435 5516 unitatem
3480 5461 3580 5514 ha-

2013 5549 2129 5613 bet,
2157 5566 2279 5618 qnae
2321 5552 2654 5621 cegitatione
2686 5554 2800 5609 sola
2850 5555 3190 5613 considerari
3226 5552 3397 5622 possit
3429 5573 3440 5608 :
3471 5553 3583 5607 sin-

2017 5642 2221 5709 gularia
2260 5652 2468 5710 autem,
2498 5655 2555 5701 et
2590 5655 2853 5715 tempore,
2893 5655 2948 5702 et
2989 5645 3383 5709 affectionibus,
3424 5654 3584 5714 atque

2017 5735 2153 5790 adeo
2191 5737 2429 5806 potentia
2457 5747 2510 5792 et
2552 5738 2804 5794 facultate
2831 5738 3126 5808 plurimum
3157 5738 3298 5794 inter
3325 5753 3386 5795 se
3409 5737 3579 5794 divisa

2017 5837 2164 5882 sunt.
2217 5827 2350 5881 Nam
2397 5843 2515 5894 nos,
2547 5843 2650 5883 non
2694 5826 2867 5885 solum
2910 5829 3192 5898 compositi
3249 5843 3455 5896 sumus,
3488 5829 3581 5882 sed
