4070 6290
271 381 394 440 Silii

825 471 847 494 \

1247 391 1618 452 PANOPLIA
1661 393 2112 455 DOGMATICA.
2157 417 2224 430 -
2257 397 2403 458 'l'lT.
2432 400 2567 462 XII.

3420 412 3527 474 83L

265 522 522 592 ἀριθμῷ,
557 524 658 576 κᾶν
683 526 936 597 διέστηκε
965 529 1062 600 τὴν
1103 529 1262 598 φύσιν
1337 532 1394 584 ἒν
1423 533 1498 596 δὲ,
1531 534 1624 585 καὶ
1651 533 1729 594 ἓν,
1769 553 1835 586 κα

1963 539 2042 590 vel
2091 539 2372 606 imperitus
2407 541 2584 606 potius
2625 557 2766 606 sum,
2795 552 2853 596 ut
2877 545 2978 599 tria
3013 547 3228 614 quidem
3255 565 3317 603 ea
3353 553 3531 607 norni-

263 613 355 667 ἓν.
386 614 560 678 ἄλλως
590 617 688 679 τὰς
721 619 984 683 τοσαύτας
1015 621 1268 689 μονάδας,
1299 623 1402 676 κᾶν
1435 627 1498 694 τῇ
1546 626 1704 696 οὐσίᾳ
1732 643 1857 678 συν-

264 703 579 764 άπτωνται,
609 708 670 758 ού
707 707 842 776 πρὸς
885 710 953 762 τὰ
1000 711 1300 782 πράγματα
1331 713 1529 783 μᾶλλον
1553 715 1791 784 ἀφορῶν,
1821 717 1855 784 ἢ

268 797 335 848 τὸ
372 797 536 852 ποσὸν
565 800 671 852 τῶν
702 804 1063 872 πραγμάτων,
1101 805 1220 858 καθ’
1259 799 1332 858 ὧν
1371 808 1404 876 ή
1539 805 1853 875 ἀρίθμησις.

279 888 445 941 Ἐπεὶ
503 890 558 942 δὲ
611 891 731 944 λίαν
785 896 1012 966 περιέχῃ
1060 897 1152 949 τοῦ
1200 899 1550 969 γράμματος,
1608 899 1853 968 καίτοιγε

265 980 534 1049 πολεμῶν
572 983 648 1052 τῷ
694 985 982 1055 γράμματι
1021 1024 1037 1048 ,
1179 990 1389 1042 ἐκεῖθέν
1431 1008 1518 1060 μοι
1575 990 1706 1044 λάϐε
1750 991 1853 1054 τὰς

243 1069 580 1134 ’ἀποδείξεις
606 1090 617 1100 ·
660 1075 793 1140 Ἰξοία
838 1078 894 1126 ἐν
937 1078 1054 1137 ταῖς
1081 1077 1408 1148 Παροιμίαις
1443 1077 1634 1138 ἐστὶν,
1675 1077 1712 1129 ἂ
1749 1078 1850 1129 εὐ-

263 1159 429 1225 όδως
483 1165 795 1230 πορεύεται
822 1183 834 1195 ⁸
876 1168 1052 1230 λέων,
1101 1168 1198 1221 καὶ
1246 1168 1476 1236 τράγος,
1516 1168 1615 1220 καί
1669 1169 1850 1222 ἀλεκ-

263 1250 470 1317 τρυών
492 1268 505 1280 ·
542 1253 654 1314 καὶ,
682 1256 984 1322 ,ϐασιλεὺς
1007 1257 1359 1326 (inﬁrmem-6w
1386 1259 1454 1311 ἐν
1487 1259 1642 1312 ἔθνει
1666 1295 1681 1319 ι
1791 1258 1850 1311 τὸ

264 1341 569 1412 τέταρτον·
626 1345 711 1397 ἵνα
760 1348 832 1416 μὴ
887 1348 1030 1416 λέγω
1075 1349 1172 1412 τὰς
1228 1348 1392 1412 ἄλλας
1438 1352 1552 1401 ἐκεῖ
1589 1350 1850 1419 τετράδας

264 1432 704 1503 ἀριθμουμένας,
732 1441 796 1508 τῇ
827 1439 884 1490 δὲ
917 1439 1071 1506 φύσει
1106 1441 1457 1513 διῃρημένας.
1504 1441 1611 1494 Καὶ
1641 1442 1732 1494 δύο
1772 1440 1848 1511 τῷ

266 1523 463 1576 Μωσεῖ
490 1528 752 1597 χερουϐὶμ
897 1531 1136 1600 εὑρίσκω
1168 1531 1470 1601 μοναδικῶς
1509 1533 1848 1603 ἀριθμούμε-

271 1631 358 1667 να.
388 1614 510 1678 Πῶς
548 1613 670 1681 οὖν,
700 1619 731 1688 ἢ
765 1621 945 1674 ἐκεῖνα
982 1622 1130 1695 τρία,
1167 1624 1303 1676 κατὰ
1335 1624 1433 1694 τὴν
1475 1624 1572 1694 σὴν
1601 1624 1847 1693 τεχνολο-

261 1703 414 1770 γίαν,
449 1707 695 1761 τοσοῦτον
738 1710 982 1781 ἀλλήλων
1013 1714 1410 1783 ἁπερρηγμένα
1442 1718 1560 1776 ταῖς
1588 1716 1843 1782 φύσεσινς

259 1795 300 1865 ἢ
347 1796 518 1849 ταῦτα
563 1800 844 1868 μοναδικὰ,
890 1803 1142 1855 τοσοῦτον
1193 1804 1442 1875 ἀλλήλοις
1489 1805 1701 1874 ὁμοφυῆ
1753 1805 1846 1856 καὶ

1961 641 2101 688 nem,
2127 643 2245 695 quae
2283 630 2503 682 totidem
2546 647 2767 687 numero
2795 645 2938 694 sunt,
2969 638 3182 691 etiamsi
3215 643 3516 697 substantia

1958 717 2204 770 dilferant
2237 734 2249 769 :
2281 735 2442 771 unum
2475 731 2677 781 autem.
2705 731 2760 777 et
2787 740 2972 789 unum,
2999 737 3053 780 et
3085 744 3270 795 unum,
3304 733 3526 788 totidem

1958 809 2215 872 unitates,
2249 810 2464 862 eiiamsi
2493 815 2797 867 substantia
2827 817 3246 887 conjungantur,
3279 839 3384 876 non
3413 840 3526 875 ma-

1955 900 2034 966 gis
2068 901 2314 953 videlicet
2359 918 2443 953 res
2480 904 2623 971 ipsas
2668 905 2906 972 intuens,
2937 925 3097 976 quam
3133 927 3312 964 rermn
3351 932 3523 980 quan-

1956 989 2187 1053 titatem,
2221 992 2373 1059 juxta
2407 1008 2565 1059 quam
2602 1001 2940 1052 enumeratio
2984 999 3096 1067 ipsa
3133 1004 3224 1055 sit.
3259 1002 3521 1068 Quoniam

1953 1092 2133 1132 autem
2169 1083 2441 1138 mordicus
2493 1084 2727 1138 littcratn
2767 1090 2987 1153 retines,
3019 1093 3116 1146 etsi
3152 1095 3350 1162 alioqui
3384 1097 3524 1150 litte-

1953 1187 2026 1224 ra:
2064 1172 2261 1224 bellmn
2316 1174 2574 1240 inferens,
2612 1178 2760 1232 illinc
2791 1181 2918 1232 mihi
2974 1185 3324 1248 probationes
3364 1188 3525 1242 hasce

1951 1263 2156 1330 accipe.
2197 1261 2322 1316 Tria
2349 1267 2405 1318 in
2434 1265 2740 1322 Proverbiis
2763 1283 2904 1332 sunt,
2933 1288 3047 1340 qum
3077 1283 3210 1325 recte
3254 1278 3520 1340 incedunt,

1950 1348 2050 1412 leo,
2077 1350 2275 1413 hircus,
2308 1363 2353 1404 et
2385 1353 2588 1420 gallus;
2619 1363 2671 1409 et
2699 1370 2891 1426 quarto
2925 1359 3064 1423 loco,
3109 1379 3201 1414 rex
3244 1367 3383 1432 apud
3432 1384 3522 1434 po-

1947 1441 2160 1505 pulares
2207 1458 2328 1494 suos
2372 1447 2671 1499 concionem
2719 1448 2911 1502 habens
2953 1456 3006 1516 ¹;
3039 1462 3091 1505 ut
3138 1455 3376 1524 reliquas
3404 1459 3521 1512 illas

1951 1542 2142 1586 natura
2189 1535 2473 1590 distinctas
2522 1544 2936 1609 quaternitates,
2993 1560 3112 1612 qua:
3169 1546 3277 1601 illic
3339 1564 3520 1602 recen-

1947 1634 2156 1683 sentur,
2195 1626 2410 1679 silentio
2462 1638 2803 1696 praitercam.
2841 1631 2981 1686 Duos
3029 1635 3191 1687 etiam
3243 1639 3517 1692 cherubim

1948 1721 2086 1783 apud
2116 1717 2349 1785 Moysem
2385 1719 2619 1782 invenio,
2642 1723 2732 1790 qui
2757 1726 3047 1791 separatim
3079 1739 3430 1782 numerantur
3475 1736 3514 1784 '.

1948 1807 2227 1872 Quomodo
2261 1825 2411 1879 ergo,
2443 1812 2524 1864 vel
2558 1812 2644 1865 illa
2681 1815 2780 1867 tria
2805 1825 2953 1880 sunt,
2978 1817 3119 1872 sicut
3148 1834 3234 1872 ars
3263 1829 3348 1872 tua
3379 1835 3516 1888 prae-

263 1890 636 1959 συγκείμενα;
679 1895 740 1945 El
769 1895 878 1965 γὰρ
904 1894 1119 1966 λέγοιμι
1143 1895 1276 1950 Θεὸν
1301 1897 1394 1950 καὶ
1420 1898 1725 1967 Μαμωνᾶν,
1751 1895 1835 1948 δύο

1952 1899 2164 1962 scribit,
2197 1914 2316 1953 cum
2360 1912 2552 1955 natura
2578 1913 2740 1972 atque
2772 1906 3069 1960 substantia
3109 1911 3242 1963 adeo
3288 1887 3427 1964 inter
3461 1927 3518 1966 se

258 1980 492 2049 κυρίους
519 1983 597 2044 είς
622 1983 678 2034 ἒν
709 1985 1160 2056 ἀριθμουμένους,
1182 1987 1419 2056 τοσούτῳ
1443 1987 1659 2058 μακρὰν
1684 1985 1843 2049 ὄντας

260 2071 534 2141 ἀλλήλων,
566 2074 707 2144 τάχα
737 2075 802 2128 ἂν
843 2078 935 2129 καὶ
966 2078 1168 2147 μᾶλλον
1207 2079 1530 2150 γελασθείην
1572 2080 1669 2149 τῆς
1721 2093 1845 2128 συν-

258 2161 392 2230 αριο
401 2165 637 2234 μήσεως.

1950 1989 2260 2059 discrepent
2293 2007 2304 2043 :
2341 2003 2434 2045 aut
2475 1993 2586 2046 haec
2637 1995 2952 2064 singularia,
2986 2014 3104 2065 quae
3147 2010 3335 2052 natura
3381 2001 3518 2056 inter

1949 2095 2006 2134 se
2034 2080 2168 2135 adeo
2198 2083 2423 2150 mqualia
2469 2094 2615 2147 sunt,
2643 2096 2696 2137 et
2719 2087 3002 2153 copulata?
3035 2087 3164 2141 Nam
3198 2092 3241 2142 si
3275 2092 3517 2146 deminos

1949 2169 2071 2223 illos
2121 2171 2256 2223 duos
2303 2172 2467 2226 Deum
2518 2184 2574 2227 et
2617 2178 3016 2228 mannimnam3
3089 2194 3516 2234 commemorare

258 2255 568 2324 velim,qui
609 2273 836 2314 numero
881 2277 986 2316 uno
1023 2263 1344 2328 efferuntur,
1379 2279 1499 2317 eum
1556 2265 1866 2333 usqueadeo
1906 2263 2045 2317 inter
2092 2281 2150 2320 se
2189 2243 2446 2332 disjuncti
2496 2269 2626 2335 sint,
2671 2271 2840 2340 magis
2907 2288 3119 2340 quoque
3158 2273 3382 2328 fortasse
3431 2292 3516 2330 me

259 2345 340 2400 ob
375 2350 511 2401 hanc
536 2355 1068 2408 connumerationem
1098 2356 1375 2409 ridendum
1402 2357 1767 2425 propinaretu.

499 2438 633 2490 Ἀλλ’
676 2442 822 2511 ἐμοὶ,
871 2446 1069 2514 φησὶν,
1122 2446 1307 2498 ἐκεῖνα
1362 2445 1838 2516 συναριθμούμενα

255 2528 503 2596 λέγεται,
547 2533 768 2604 καὶτῆς
821 2537 989 2606 αὐτῆς
1037 2538 1245 2600 οὐσίας,
1293 2532 1374 2601 οἷς
1413 2540 1838 2607 συνεκφωνεῖται

257 2621 637 2693 καταλλήλως,
675 2626 769 2678 καὶ
805 2627 871 2680 τὰ
905 2627 1142 2698 ὀνόματα
1163 2646 1175 2658 ·
1204 2624 1333 2693 οἷον,
1372 2629 1646 2699 ἄνθρωποι
1669 2633 1835 2701 τρεῖς,

258 2712 361 2766 καὶ
383 2711 494 2766 θεοὶ
518 2718 687 2784 τρεῖς,
712 2717 833 2787 οὐχὶ
854 2719 979 2789 τρία
991 2721 1136 2782 τάδε,
1157 2721 1250 2774 καὶ
1266 2722 1413 2774 τάδε.
1557 2722 1651 2784 Τίς
1681 2721 1838 2792 γὰρὴ

257 2805 530 2870 ἀντίδοσις
567 2829 610 2876 ;-
736 2810 894 2862 τοῦτο
917 2811 1331 2881 νομοθετοῦντός
1361 2813 1477 2865 ἐστι
1505 2814 1615 2874 τοῖς
1635 2812 1832 2882 ὀνόμα-

260 2910 372 2959 σιν,
403 2896 500 2948 οὐκ
529 2895 901 2967 ἀληθεύοντος.
943 2900 1092 2953 Ἐπεὶ
1121 2901 1286 2971 κάμοὶ
1317 2901 1541 2974 Πέτρος,
1573 2903 1666 2956 καὶ
1690 2902 1835 2956 Παύ-

258 2984 376 3050 λος,
424 2985 518 3038 καὶ
559 2987 829 3060 Ἰωάννης.
863 2991 923 3042 οὐ
951 2993 1118 3060 τρεῖς,
1161 2993 1280 3045 οὐδὲ
1309 2993 1602 3062 ὁμοούσιοι.
1627 2993 1731 3057 ἓως
1768 2993 1832 3047 ἂν

262 3077 344 3146 μὴ
365 3079 511 3145 τρεῖς
536 3079 754 3148 Πέτροι,
795 3081 887 3133 καὶ
913 3084 1058 3153 τρεῖς
1100 3082 1322 3145 Παῢλοι,
1351 3084 1444 3136 καὶ
1481 3083 1721 3137 Ἰωάνναι
1743 3101 1831 3136 το-

257 3166 443 3221 σοῦτοι
474 3168 741 3237 λέγονται.

253 3259 640 3332 γενικωτέρων
683 3261 986 3331 ὀνομάτων,
1026 3263 1183 3316 τοῦτο
1215 3265 1310 3316 καὶ
1341 3267 1503 3335 ἡμεῖς
1531 3267 1834 3334 ἀπαιτήσο-

257 3364 364 3418 μεν
390 3348 483 3425 ἐπὶ
510 3349 618 3402 τῶν
641 3349 998 3420 εἰδικωτέρων
1159 3352 1299 3406 κατά
1334 3354 1434 3422 τὴν
1462 3355 1559 3425 σὴν
1595 3354 1836 3409 ἀνάπλα-

254 3455 376 3493 σιν·
405 3423 454 3510 ἥ’
485 3440 780 3512 ἀδικήσεις,
818 3443 891 3514 μὴ
937 3443 1109 3506 διδοὺς
1142 3444 1277 3513 ὅπερ
1323 3423 1567 3514 είληφας.
1597 3447 1660 3498 Τί
1690 3445 1775 3498 δαὶ
1806 3447 1835 3498 6

266 3530 554 3600 Ἰωάννης;
595 3533 756 3603 Τρεῖς
785 3529 920 3588 εἶναι
965 3536 1090 3599 τοὺς
1127 3535 1538 3606 μαρτυροῦντας
1568 3536 1744 3605 λέγων
1775 3539 1832 3590 ὲν

252 3624 380 3684 ταῖς
402 3623 753 3688 Καθολικαῖς,
779 3627 839 3678 τὸ
866 3627 1108 3697 Πνεῦμα,
1148 3628 1208 3680 τὸ
1237 3627 1398 3699 ὕδωρ,
1437 3629 1498 3681 τὸ
1664 3624 1829 3698 αἷμα,

253 3707 371 3783 ἇρά
419 3729 498 3766 σοι
541 3714 726 3785 ληρεῖν
780 3717 1061 3785 φαίνεται;
1109 3719 1329 3789 Πρῶτον
1366 3719 1484 3788 μὲν,
1529 3721 1611 3773 ὅτι
1658 3719 1727 3771 τὰ
1756 3721 1831 3790 μὴ

253 3804 516 3875 ὁμοούσια
548 3807 944 3878 συναριθμῆσαι
973 3809 1324 3878 τετόλμηκεν,
1349 3809 1376 3860 ὂ
1395 3812 1504 3872 τοῖς
1531 3811 1834 3879 ὀμοουσίοις

255 3899 322 3950 σὺ
353 3897 524 3961 δίδως.
552 3899 669 3968 (Τίς
692 3899 800 3970 γὰρ
824 3899 889 3952 ἂν
919 3901 1063 3953 εἴποι
1087 3900 1256 3952 ταῦτα
1287 3902 1414 3970 μιᾶς
1437 3900 1620 3964 οὐσίας
1641 3902 1678 3970 ;)
1702 3900 1832 3952 Δεύ-

251 4003 413 4058 τερον
441 3987 518 4053 δὲ,
546 3989 627 4042 ὅτι
664 3990 736 4060 μὴ
771 3991 1121 4060 καταλλήλως
1150 3991 1287 4061 ἔχων
1320 3992 1630 4060 ἀπήντησεν
1651 4008 1664 4022 ·
1696 3991 1832 4045 ἀλλὰ

253 4079 319 4131 τὸ
359 4081 508 4149 τρεῖς
542 4081 845 4152 ἀρρενικῶς
873 4083 1112 4153 προθείς,
1154 4082 1220 4134 τὰ
1247 4082 1371 4153 τρία
1411 4082 1705 4153 οὐδετέρως
1743 4084 1832 4134 ἐπε

251 4173 474 4242 ήνεγκε,
507 4172 659 4243 παρά
689 4173 814 4237 τοὺς
847 4176 992 4237 σοὺς,
1025 4175 1119 4227 καὶ
1145 4175 1240 4244 τῆς
1268 4175 1364 4244 σῆς
1512 4190 1828 4244 γραμματι-

252 4261 360 4330 κῆς
385 4261 544 4332 ὄρους
588 4265 680 4316 καὶ
725 4265 940 4334 νόμους.
994 4265 1184 4318 Καίτοι
1218 4265 1270 4317 τί
1306 4265 1570 4335 διαφέρει,
1602 4265 1634 4334 ἢ
1681 4268 1830 4335 τρεῖς

253 4351 548 4422 προθέντα,
585 4353 662 4418 ἒν,
694 4356 786 4407 καὶ
819 4355 896 4418 ἒν,
929 4357 1022 4409 καὶ
1065 4356 1123 4408 ἓν
1153 4357 1484 4423 ἐπενεγκεῖν,
1521 4356 1552 4427 ἦ
1588 4355 1704 4418 ἕνα,
1737 4356 1830 4408 καὶ

250 4442 370 4499 ἕνα,
402 4442 492 4494 καὶ
521 4442 617 4496 ἕνα
649 4443 892 4512 λέγοντα,
927 4447 1000 4516 μὴ
1032 4447 1201 4516 τρεῖς,
1234 4446 1368 4498 ἀλλὰ
1396 4446 1519 4516 τρία
1554 4461 1828 4514 προσαγο-

253 4529 469 4601 ρεύειν;
507 4533 643 4603 ὅπερ
692 4535 852 4599 αὐτὸς
896 4536 1150 4602 ἀπαξιοῖς
1191 4536 1284 4588 ἐπὶ
1325 4537 1423 4602 τῆς
1457 4535 1726 4606 θεότητος.
1763 4536 1828 4588 Τί

250 4620 338 4672 δαί
372 4639 453 4673 σοι
485 4623 513 4673 6
546 4625 823 4694 καρκίνος,
869 4627 930 4678 τό
957 4644 1015 4679 τε
1052 4625 1207 4691 ζῶον,
1237 4627 1294 4680 τό
1341 4644 1398 4679 τε
1427 4626 1672 4698 ὄργανον,
1713 4628 1740 4680 ὃ
1766 4644 1825 4678 τε

250 4713 463 4781 ἀστήρ;
493 4713 544 4764 τί
573 4714 659 4766 δαὶ
687 4718 714 4767 6
743 4717 909 4780 κύων,
939 4718 966 4769 ὃ
999 4735 1059 4769 τε
1103 4720 1373 4788 χερσαῖος,
1406 4717 1499 4770 καὶ
1528 4718 1556 4768 6
1584 4716 1820 4788 ἔνυδρος,

253 4803 345 4855 καὶ
374 4804 403 4855 6
435 4804 714 4875 ούράνιος;
759 4808 820 4858 οὐ
858 4810 1005 4877 τρεῖς
1049 4807 1302 4875 λέγεσθαί
1329 4824 1410 4859 σοι
1442 4804 1658 4860 δοκοῦσι
1683 4824 1816 4876 καρ-

251 4896 388 4946 κῖνοι
431 4895 525 4947 καὶ
558 4895 753 4962 κύνες;
791 4899 1014 4961 Πάντως
1049 4916 1132 4967 γε.
1160 4894 1305 4968 Ἀρα
1346 4894 1438 4951 οὖν
1481 4896 1632 4967 παρὰ
1666 4893 1822 4949 τοῦτο

254 4984 344 5036 καὶ
372 4983 678 5053 δμοούσιοι;
717 4987 811 5049 Τίς
840 4984 1002 5054 φήσει
1029 4987 1138 5038 τῶν
1169 4986 1294 5038 νοῦν
1328 4985 1590 5055 ἐχόντων;
1637 4983 1820 5053 Ὁρᾷς,

256 5079 402 5138 ὅπως
442 5093 524 5128 σοι
578 5074 957 5130 διαπέπτωκεν
1005 5073 1033 5124 ὁ
1067 5075 1194 5142 περὶ
1229 5073 1325 5136 τῆς
1358 5068 1816 5136 συναριθμήσεως

258 5169 433 5235 λόγος,
457 5167 729 5229 τοσούτοις
749 5166 1105 5236 ἐληλεγμένος
1131 5163 1234 5230 ’;,Εί
1251 5163 1358 5227 γὰρ
1378 5162 1516 5229 μήτε
1531 5160 1595 5210 τὰ
1625 5158 1817 5226 6300-5-

261 5277 348 5312 σια
381 5259 600 5320 πάντως
629 5257 1064 5326 συναριθμεῖται,
1098 5256 1190 5307 καὶ
1216 5253 1624 5319 συναριθμεῖται
1649 5252 1716 5302 τὰ
1748 5248 1822 5318 μὴ

261 5352 541 5419 ὁμοούσια,
565 5350 600 5419 ἥ
618 5366 676 5401 τε
703 5351 811 5402 τῶν
853 5349 1131 5417 ὀνομάτωι
1164 5346 1566 5411 συνεκφώνησι,
1600 5341 1684 5393 ἐπ’
1710 5343 1822 5411 ἀμ-

266 5446 403 5512 φοῖν,
433 5442 486 5493 τί
520 5451 602 5493 σοι
639 5439 799 5493 πλέον
829 5433 902 5493 ὧν
924 5437 1310 5507 ἐδογμάτισας.

2157 2443 2247 2506 At,
2269 2442 2465 2510 inquis,
2486 2458 2545 2496 ea
2561 2446 2936 2498 connumerari
2959 2447 3222 2511 dicuntur,
3243 2450 3512 2518 ejusdem-

1941 2547 2048 2602 que
2073 2534 2324 2586 essenlia:
2363 2547 2506 2598 esse,
2535 2535 2730 2604 quibus
2777 2539 2990 2589 nomina
3023 2537 3136 2603 ipsa
3167 2541 3509 2607 reSpondt-nt,

1938 2642 2060 2680 cum
2090 2624 2390 2680 eﬂ‘eruntur
2505 2645 2522 2686 ;
2665 2637 2721 2678 ut
2753 2627 2999 2680 homines
3033 2643 3162 2690 tres,
3191 2639 3244 2682 et
3271 2632 3341 2684 dii
3375 2643 3508 2699 tres,

1942 2733 2046 2770 non
2079 2725 2259 2770 autem
2291 2717 2393 2769 tria
2427 2717 2561 2781 hzec,
2587 2724 2677 2770 aut
2707 2718 2814 2771 illa.
2847 2718 2972 2783 Qua:
3001 2719 3143 2773 enim
3171 2734 3250 2774 est
3276 2722 3390 2776 haec
3422 2740 3510 2777 re-

1939 2805 2045 2859 lata
2077 2806 2388 2873 responsio?
2412 2805 2675 2858 Nimirum
2702 2807 2802 2860 hoc
2823 2809 2933 2875 jam
2974 2809 3206 2863 hominis
3230 2822 3310 2863 est
3339 2812 3508 2878 legent

1940 2895 2249 2949 nominibus
2296 2896 2718 2964 prznscribenlis,
2754 2912 2854 2949 non
2907 2913 3088 2951 verum
3138 2901 3316 2954 dicere
3359 2905 3510 2956 iusti-

1941 2987 2157 3039 lnentis.
2185 2986 2395 3053 Alioqui
2424 2985 2552 3039 mihi
2591 3002 2802 3054 quoque
2830 2989 2945 3056 pari
2975 2990 3160 3043 eadem
3185 2993 3388 3046 ratione
3413 2994 3508 3048 l’e-

1941 3086 2074 3136 Irus,
2110 3084 2164 3128 et
2192 3075 2410 3140 Paulus,
2435 3085 2488 3128 et
2513 3073 2750 3130 Joannes
2777 3092 2881 3130 non
2915 3087 3027 3130 tres
3050 3094 3230 3142 erunt,
3259 3097 3353 3135 nec
3380 3099 3508 3136 con-

925 3175 989 3226 Ὃ
1032 3173 1139 3244 γὰρ
1174 3174 1238 3226 σὺ
1274 3176 1578 3245 τετήρηκας
1607 3174 1832 3228 ἐπὶτῶν

1940 3167 2333 3230 substantiales,
2394 3166 2629 3232 quandiu
2697 3182 2801 3219 non
2864 3177 2970 3221 tres
3027 3168 3194 3236 Petri,
3252 3184 3344 3224 aut
3399 3183 3508 3229 tres

1937 3255 2106 3317 l’auli,
2164 3264 2256 3307 aut
2305 3257 2525 3307 totidem
2586 3253 2819 3309 Joannes
2879 3273 2983 3310 non
3043 3259 3311 3316 dicentur.
3352 3261 3504 3329 Quod

1934 3347 2076 3398 enim
2136 3354 2188 3396 tu
2241 3344 2291 3396 in
2335 3346 2676 3412 generalibus
2729 3346 3034 3401 nominibus
3072 3349 3365 3416 retinuisti,
3400 3351 3504 3407 hoc

1934 3449 2032 3488 nos
2065 3448 2278 3502 quoque
2301 3432 2456 3502 ju\ta
2497 3446 2860 3488 commentum
2893 3446 3041 3490 tuum
3087 3439 3136 3491 in
3182 3441 3506 3507 specialibus

1934 3525 2288 3594 postulamus.
2329 3525 2526 3592 lnjuste
2571 3527 2714 3578 enim
2764 3526 2980 3593 feceris,
3009 3529 3135 3594 nisi,
3168 3534 3310 3599 quod
3351 3547 3505 3586 acce-

1934 3615 2084 3684 pisti,
2134 3616 2371 3670 dederis.
2419 3615 2557 3682 Quid
2602 3616 2878 3672 Joannes?
2911 3619 3041 3673 Cum
3092 3621 3144 3673 in
3208 3620 3504 3675 Catholicis

1933 3708 2174 3777 epistolis
2214 3708 2328 3762 suis
2358 3717 2467 3761 tres
2502 3722 2621 3762 esse
2643 3709 2721 3762 ait
2748 3712 2767 3742 ⁸
2791 3748 2806 3774 ,
2830 3711 2922 3779 qui
2951 3713 3319 3766 testimonium
3349 3714 3500 3778 dant,

1934 3800 2218 3870 Spiritum,
2249 3816 2467 3868 aquam,
2503 3810 2558 3853 et
2587 3802 2924 3869 sanguinem,
2955 3805 3236 3858 videturne
3277 3805 3370 3858 tibi
3410 3808 3504 3860 de-

1933 3891 2134 3946 lirare?
2161 3891 2424 3957 Primum,
2456 3893 2580 3959 quia
2635 3907 2720 3945 res
2765 3894 3068 3946 substantia
3101 3893 3342 3948 diversas
3370 3911 3500 3949 con-

1933 3995 2221 4035 numerare
2279 3997 2446 4036 ausus
2499 3991 2602 4046 est,
2632 3983 2772 4049 quod
2836 3991 2891 4036 tu
2945 3984 3498 4040 consubstantialibus

1935 4082 2142 4126 talltum
2191 4073 2407 4128 tribuis.
2452 4072 2584 4138 Quis
2627 4073 2768 4125 enim
2812 4073 2926 4128 haec
2964 4074 3121 4128 unius
3143 4075 3493 4145 ejusdemque

1933 4165 2247 4218 substantiae
2286 4178 2406 4220 esse
2433 4163 2669 4218 dixerit?
2691 4164 2954 4227 Alterum,
2988 4167 3110 4234 quia
3156 4169 3314 4222 modo
3338 4169 3500 4222 mini-

1933 4274 2017 4311 me
2067 4257 2385 4326 congruenti
2433 4271 2592 4312 voces
2639 4267 2928 4326 sequentes
2973 4257 3350 4327 subjunxerit;
3405 4263 3498 4315 sed

1935 4367 2055 4402 cum
2107 4361 2217 4403 tres
2271 4350 2569 4403 masculino
2597 4365 2791 4419 genere
2820 4352 3212 4419 proposuisset,
3247 4354 3342 4406 tria
3377 4370 3499 4408 neu-

1935 4450 2018 4492 tro
2053 4454 2247 4506 genere
2299 4441 2596 4508 subjunxit,
2630 4451 2815 4493 contra
2867 4455 3026 4508 quam
3061 4453 3183 4506 tuae,
3221 4451 3380 4510 atque
3414 4443 3496 4511 ip-

1933 4533 2044 4583 sius
2096 4533 2258 4582 etiam
2313 4532 2674 4596 grammatica:
2716 4532 2860 4600 leges
2901 4532 3098 4584 ferant.
3133 4531 3326 4585 Verum
3369 4535 3497 4602 quid

1934 4623 2180 4684 interest,
2217 4632 2309 4672 aut
2351 4637 2473 4674 cum
2501 4633 2610 4675 tres
2647 4623 2942 4676 masculino
2965 4637 3162 4692 genere
3193 4639 3495 4692 prwposue-

1933 4713 2024 4774 ris,
2061 4725 2244 4775 umnn,
2287 4723 2343 4766 et
2387 4729 2570 4776 unum,
2608 4725 2663 4767 et
2697 4731 2858 4768 unum
2905 4715 3170 4784 subjicere
3203 4727 3333 4768 :aut
3374 4734 3496 4770 cum

1929 4820 2114 4867 ιιιιιιιιι,
2148 4815 2201 4855 et
2239 4820 2424 4867 utmm,
2458 4814 2512 4858 et
2567 4820 2732 4858 unum
2787 4805 3010 4868 dixeris,
3063 4820 3166 4858 non
3227 4817 3356 4870 tres,
3402 4811 3495 4860 sed

1931 4897 2030 4947 tria
2064 4893 2368 4962 appellare?
2396 4893 2448 4947 Id
2477 4895 2616 4962 quod
2653 4903 2706 4946 tu
2742 4893 2794 4946 in
2831 4896 3029 4948 deitate
3063 4881 3349 4949 admittere
3375 4912 3498 4964 gra-

1930 4985 2092 5037 varis.
2137 4982 2279 5047 Jam,
2306 4983 2436 5050 quid
2485 4982 2579 5036 tibi
2615 4995 2832 5048 cancer,
2856 4984 2948 5052 qui
2980 4994 3035 5038 et
3072 4985 3274 5038 animal
3299 4997 3402 5052 est,
3433 4998 3489 5040 et

1927 5082 2210 5135 organum,
2236 5081 2291 5125 et
2320 5069 2511 5124 sidus?
2534 5067 2673 5134 Quid
2710 5070 2889 5136 canis,
2922 5071 3015 5139 qui
3049 5076 3324 5131 terrestris
3380 5091 3490 5146 est,

1927 5171 1979 5214 et
2018 5163 2281 5228 marinus,
2315 5171 2369 5215 et
2399 5161 2682 5218 ccelestis?
2711 5163 2901 5219 Nonne
2960 5173 3069 5220 tres
3126 5171 3328 5235 cancri,
3394 5183 3490 5226 aut

1930 5266 2092 5304 canes
2137 5252 2233 5303 tibi
2269 5251 2372 5304 diei
2404 5251 2697 5305 videntur?
2760 5253 2834 5306 Ita
2891 5257 3154 5322 profecto.
3208 5262 3289 5310 Λιι
3357 5277 3488 5329 ergo

1932 5349 2160 5415 proinde
2189 5363 2408 5416 quoque
2435 5350 2933 5406 consubstantiales
2960 5355 3126 5408 sunt?
3158 5355 3290 5419 Quis
3319 5371 3487 5409 sanus

1931 5441 2034 5493 hoc
2051 5439 2244 5493 dixerit
2266 5442 2288 5494 ?
2311 5440 2541 5496 Videsne
2568 5443 2840 5511 quomodo
2871 5446 2966 5498 tibi
2996 5446 3097 5498 hoc
3123 5461 3490 5501 connumera-

273 5535 430 5590 tinnis
461 5542 861 5602 argumentum,
930 5539 1008 5585 tot
1057 5531 1327 5598 tantisque
1382 5527 1684 5580 rationibus
1718 5528 2084 5591 confutatam,
2121 5530 2433 5583 corruerit?
2493 5531 2625 5587 Nam
2667 5551 2790 5589 cum
2845 5550 2946 5588 nec
3007 5535 3493 5589 consubstanliuha

273 5642 485 5694 semper
514 5634 998 5688 connumerentur,
1031 5632 1084 5676 et
1117 5637 1236 5690 quze
1271 5621 1502 5688 disparis
1529 5621 1779 5675 essentia:
1835 5631 1983 5686 sunt,
2012 5621 2290 5675 interdum
2333 5638 2818 5691 connumerentur,
2855 5639 2906 5681 et
2937 5636 3114 5682 tamen
3151 5628 3204 5681 in
3243 5633 3492 5701 utrisque

279 5720 490 5776 nomina
520 5718 683 5772 simul
713 5717 894 5770 efferri
922 5716 1330 5784 perspiciamus,
1359 5728 1424 5765 ex
1457 5714 1564 5764 tuis
1599 5713 1946 5781 dogmatibus
1983 5713 2111 5782 quid
2147 5713 2238 5766 tibi
2282 5715 2549 5768 accessit?

343 5813 360 5842 '
396 5810 553 5864 Prov.
593 5824 717 5875 nx,
743 5809 831 5876 29,
864 5810 952 5862 50.

1027 5809 1046 5837 ’
1068 5805 1242 5860 Exod.
1270 5821 1474 5874 xxxv”,
1502 5808 1550 5859 7.
1581 5820 1732 5874 seqq.
1786 5805 1804 5835 ³
1837 5804 2026 5858 Matth.
2074 5823 2139 5864 τι.
2175 5805 2264 5858 24.

2345 5803 2364 5834 ⁸
2391 5803 2410 5857 Ι
2437 5803 2594 5858 Joan.
2627 5821 2678 5870 v,
2707 5806 2759 5860 8.
