4078 6292
619 373 725 441 8ῒῦ

1856 366 2234 429 ΕΗἸἩῩΜΙΙ
2282 367 2405 426 ZlG
2429 365 2638 427 \BENI

3730 370 3809 430 876

690 482 833 549 Quin
903 479 1033 534 illud
1096 479 1256 533 etiam
1325 479 1591 546 expende,
1651 494 1749 532 nec
1812 478 2045 534 fortasse
2108 491 2189 535 tc-

2367 480 2548 532 Σκοτῶ
2608 478 2665 530 δὲ
2728 476 2951 529 κάκεῖνο
2981 515 2996 539 ,
3060 473 3158 528 καὶ
3214 472 3343 535 ἴσως
3382 473 3483 526 οὐκ
3513 473 3612 538 ἔξω
3657 475 3809 546 λόγου.

622 592 770 631 mere
824 587 985 645 atque
1020 575 1271 630 absurde.
1311 571 1488 627 Unum
1524 582 1579 626 et
1618 589 1809 636 unum,
1843 588 2020 626 nonne
2050 587 2198 625 com-

622 667 792 733 posita
851 668 955 716 duo
1008 660 1390 716 constituunt?
1463 661 1574 712 Duo
1630 675 1834 721 rursus,
1900 676 2076 712 nonne
2142 661 2194 713 in

623 773 786 810 unum
820 766 873 808 et
904 771 1064 806 unum
1093 750 1478 806 resolvuntur?
1512 751 1591 803 Ita
1630 767 1782 804 sane.
1814 751 1869 804 Si
1906 766 2036 817 ergo
2068 768 2195 804 cou-

622 846 998 903 substantialia
1055 845 1271 913 quidem
1333 852 1475 903 sunt,
1519 856 1636 910 quae
1692 855 2107 910 componuntur,
2138 854 2195 895 ut

626 941 737 1007 ipse
765 936 1053 1006 argutaris,
1082 935 1308 988 diversze
1348 946 1525 987 autem
1559 934 1870 987 substantia:
1899 944 2042 995 sunt,
2078 950 2193 1000 quae

625 1039 896 1093 secantur,
928 1027 1054 1094 quid
1106 1042 1170 1080 ex
1225 1041 1289 1080 eo
1344 1024 1744 1094 consequetur?
1787 1025 2051 1077 Nimirum
2112 1041 2196 1078 res

622 1120 862 1181 easdem,
879 1128 929 1168 ιιι
948 1116 1208 1183 ejusdem,
1231 1126 1282 1170 et
1300 1118 1524 1169 diversae
1539 1116 1790 1169 essentia:
1805 1131 1943 1169 esse.
1956 1115 2059 1169 Nec
2076 1131 2203 1168 vero

626 1203 802 1257 facere
830 1220 1069 1270 possunt,
1279 1204 1405 1272 quin
1444 1214 1561 1256 tuas
1593 1205 2113 1269 praenumerationes
2142 1220 2205 1258 ac

624 1294 1128 1347 sulmumeratioues
1153 1293 1376 1354 rideam,
1398 1294 1593 1362 quibus
1617 1306 1666 1346 tu
1691 1295 1912 1361 perinde
1934 1294 2202 1361 gIOriaris,

625 1401 689 1440 ac
713 1386 756 1439 si
792 1400 877 1438 res
908 1386 1036 1454 ipsae
1063 1385 1117 1437 in
1150 1385 1534 1439 vocabulorum
1560 1386 1749 1438 ordine
1778 1385 1895 1438 sitze
1918 1386 2046 1439 sint.
2071 1385 2202 1438 Nam

629 1479 672 1532 si
698 1478 768 1530 ita
792 1486 893 1538 est,
918 1477 1045 1543 quid
1066 1474 1309 1543 impedit,
1329 1476 1811 1542 quominuscadem
1834 1475 2059 1538 ratione,
2077 1489 2207 1541 quo-

632 1571 772 1621 niam
793 1569 997 1625 eadem.
1017 1578 1234 1636 propter
1250 1568 1507 1636 arqualem
1526 1577 1729 1619 natura:
1750 1567 2134 1633 praestantiam,
2152 1566 2203 1617 in

630 1674 785 1711 sacra
843 1658 1119 1727 Scriptura
1168 1674 1311 1712 nunc
1352 1658 1543 1727 priori,
1586 1672 1727 1710 nunc
1766 1657 2048 1726 posteriori
2089 1658 2206 1709 loco

629 1757 1009 1810 numerantur,
1039 1748 1149 1801 sint
1178 1762 1389 1818 quoque
1415 1749 1529 1816 ipsa
1558 1747 1773 1815 seipsis,
1799 1758 1907 1800 tum
1933 1747 2205 1800 excellen-

634 1840 793 1901 tiora,
847 1848 955 1890 ttnn
990 1838 1318 1904 ahjecliora?
1350 1838 1498 1903 Quod
1542 1839 1680 1890 idem
1716 1839 1997 1890 dicendum
2042 1839 2205 1890 etiam

633 1930 802 1983 habeo
826 1932 889 1983 de
912 1932 991 1983 his
1016 1932 1254 1993 vocibus,
1280 1930 1412 1983 Deus
1431 1940 1483 1982 et
1504 1929 1782 1993 Dominus;
1806 1936 1964 1996 atque
1991 1932 2208 1997 insuper

634 2024 697 2072 de
764 2021 844 2073 his
900 2020 1386 2088 pra'positiouibus,
1449 2036 1511 2072 ea:
1555 2037 1677 2087 quo,
1734 2037 2037 2088 per‘quem,
2079 2021 2207 2074 etin

633 2127 733 2178 quo
774 2116 817 2174 ',
883 2112 1077 2179 quibus
1141 2122 1194 2164 tu
1246 2112 1484 2165 divinum
1543 2112 1668 2164 illud
1730 2127 1926 2164 nomen
1978 2111 2041 2164 ad
2076 2112 2207 2166 artis

640 2203 1014 2270 prmscriptum
1047 2204 1246 2270 exigis,
1279 2204 1505 2271 primam
1555 2203 1757 2257 scilicet
1785 2204 1951 2267 Patri,
1984 2204 2207 2257 alteram

637 2291 792 2353 Filio,
821 2293 1035 2345 tertiam
1066 2293 1287 2361 Spiritui
1322 2303 1513 2347 sancto
1548 2294 1855 2363 assignans.
1882 2294 2018 2360 Quid
2055 2297 2200 2348 enim

638 2382 879 2443 fet-isses,
915 2383 958 2435 si
992 2382 1245 2450 quaelibet
1291 2398 1354 2437 ex
1388 2383 1471 2437 his
1492 2384 1960 2451 praepositionibus
1994 2388 2206 2439 unicui-

2298 575 2371 627 Τὸ
2400 574 2477 635 ἓν,
2516 574 2609 626 καὶ
2640 573 2701 625 τὸ
2734 572 2814 633 ἒν,
2844 571 2943 624 οὐκ
2973 574 3052 636 εἰς
3078 571 3170 625 δύο
3202 568 3534 635 συντίθεται;
3561 569 3626 624 τὰ
3651 571 3728 626 δύο
3750 574 3809 639 δὲ,

2296 668 2395 719 οὐκ
2424 667 2502 730 είς
2534 665 2612 727 ἓν,
2645 666 2735 718 καὶ
2760 664 2837 726 ἒν,
2868 663 3193 728 ἀναλύεται;
3224 662 3389 731 Δῆλον
3415 663 3514 715 ὅτι.
3671 665 3723 716 Ei
3742 662 3811 718 οὖν

2296 754 2555 824 ὀμοούσια
2594 755 2692 823 μὲν
2736 754 2802 806 τὰ
2840 753 3200 823 συντιθέμενα
3232 754 3372 806 κατὰ
3419 752 3505 805 τὸν
3554 752 3636 805 σὺν
3670 754 3813 822 λόγον,

2300 847 2580 916 ἐτερούσια
2751 847 2807 899 δὲ
2839 846 2909 898 τά
2958 846 3289 916 τεμνόμενα,
3328 846 3380 897 τί
3422 845 3716 913 συμϐαίνεις
3753 848 3817 900 Τὰ

2300 937 2439 989 αὑτά
2466 939 2726 1008 ὁμοούσια
2755 955 2812 989 τε
2840 934 2978 990 εἶναι
3007 938 3100 989 καὶ
3131 937 3461 1007 ὲτεροούσια.
3486 936 3624 987 Γελῶ
3645 955 3724 991 σου
3747 942 3817 994 καὶ

2299 1032 2396 1092 τὰς
2429 1030 2884 1101 προαριθμήσεις,
2916 1029 3134 1092 καὶτὰς
3165 1027 3583 1099 ὑπαριθμήσεις,
3749 1018 3817 1086 αἷς

2306 1122 2367 1173 σὺ
2396 1122 2535 1191 μέγα
2575 1125 2809 1192 φρονεῖς,
2845 1120 3032 1187 ῶσπερ
3064 1122 3119 1171 ὲν
3144 1123 3211 1191 τῇ
3247 1118 3395 1183 τάξει
3432 1118 3536 1171 τῶν
3568 1117 3817 1187 ὀνομάτων,

2303 1214 2571 1282 κειμένων
2603 1212 2710 1266 τῶν
2754 1213 3111 1284 πραγμάτων.
3149 1214 3211 1265 Εἰ
3240 1212 3352 1281 γὰρ
3380 1210 3555 1272 τοῦτο,
3583 1209 3631 1262 τί
3664 1208 3820 1262 κωλύει

2304 1304 2443 1356 κατά
2472 1304 2559 1358 τὸν
2594 1305 2755 1357 αὑτὸν
2796 1306 2974 1373 λόγον,
3022 1303 3211 1374 ἐπειδὴ
3248 1303 3319 1356 τὰ
3359 1302 3494 1355 αὑτά
3521 1303 3608 1355 καὶ
3645 1319 3822 1373 προσρι-

2305 1395 2538 1464 θμεῖται,
2571 1397 2662 1448 καὶ
2694 1396 3082 1466 ὑπαριθμεῖται
3106 1393 3256 1464 παρά
3284 1397 3350 1465 τῇ
3375 1394 3493 1464 θείᾳ
3652 1395 3819 1464 Γραφῇ.

2305 1485 2392 1538 διὰ
2432 1487 2530 1555 τὴν
2566 1486 2836 1558 ἰσοτιμίαν
2872 1488 2972 1555 τῆς
3026 1486 3259 1554 φύσεως.
3307 1466 3450 1537 αὐτᾶ
3485 1484 3676 1537 ἑαυτῶν
3715 1479 3822 1537 εἶναι

2304 1575 2604 1645 τιμιώτερα
2647 1593 2703 1627 τε
2748 1577 2841 1628 καὶ
2869 1577 3192 1646 ἀτιμότερα;
3233 1575 3293 1627 '0
3339 1574 3397 1626 δὲ
3445 1574 3596 1636 αὑτός
3627 1591 3721 1643 μοι,
3753 1573 3823 1624 καὶ

2307 1669 2434 1738 περὶ
2457 1668 2552 1738 τῆς
2588 1667 2731 1733 Θεὸς
2760 1669 2941 1737 φωνῆς
2977 1669 3068 1721 καὶ
3101 1670 3339 1736 Κύριος,
3366 1666 3519 1734 λόγος
3537 1682 3549 1695 ”
3577 1665 3648 1718 ἔτι
3671 1665 3717 1717 δὲ
3741 1664 3821 1717 τῶν

2306 1759 2636 1829 προθέσεων,
2670 1760 2768 1829 τῆς
2796 1761 2863 1824 ἐξ
2893 1758 2985 1825 οὗ,
3020 1762 3112 1815 καὶ
3149 1760 3221 1814 δι’
3248 1754 3345 1822 οὗ,
3380 1758 3474 1813 καὶ
3501 1759 3566 1812 ἐν
3681 1753 3752 1821 αἶς
3776 1758 3822 1809 σὺ

2306 1849 2781 1918 κατατεχνολογείς
2825 1852 2953 1920 ἡμῖν
2997 1850 3057 1903 τὸ
3105 1851 3266 1912 θεῖον,
3317 1848 3415 1919 τὴν
3461 1849 3552 1917 μὲν
3589 1846 3658 1915 τῷ
3689 1847 3823 1915 [Iath

2305 1939 2499 2004 διδοὺς,
2530 1940 2629 2011 τὴν
2658 1940 2713 1993 δὲ
2737 1940 2812 2010 τῷ
2848 1940 2980 2011 Υῐῷ,
3016 1940 3115 2010 τὴν
3140 1940 3195 1992 δὲ
3221 1939 3302 2010 τῷ
3326 1940 3464 2009 ἁγίῳ
3488 1937 3748 2006 Πνεὺματι.
3775 1934 3823 1986 Τί

2306 2032 2414 2104 γὰρ
2460 2032 2525 2086 ἂν
2576 2035 2857 2104 ἐποίησας,
2908 2033 3117 2100 παγίως
3149 2032 3381 2086 ἑκάστου
3423 2030 3615 2084 τούτων
3659 2028 3824 2093 ἑκάστῳ

2308 2122 2708 2193 νενεμημένουο
2765 2124 2926 2177 ὀπότε
2979 2124 3194 2177 πάντων
3232 2125 3370 2176 πᾶσι
3421 2118 3822 2188 συντεταγμένων,

2308 2213 2381 2277 ὡς
2412 2215 2569 2285 δῆλον
2618 2218 2729 2278 τοῖς
2765 2216 3088 2284 φιλοπόνως.
3129 2214 3402 2286 τοσαύτην
3453 2214 3515 2265 σὺ
3559 2211 3637 2264 διὰ
3668 2210 3823 2262 τούτων

2310 2306 2547 2373 εἰσάγεις
2577 2306 2671 2358 καὶ
2706 2306 2804 2375 τῆς
2834 2306 3013 2372 ἀξίας,
3042 2305 3137 2358 καὶ
3163 2306 3264 2375 τῆς
3308 2304 3519 2374 φύσεως
3557 2300 3824 2369 ἀνισότητες

2322 2397 2559 2467 Ἀπόχρη
2592 2396 2687 2448 καὶ
2712 2396 2884 2449 ταῦτα
2909 2399 3019 2457 τοῖς
3050 2394 3123 2465 μὴ
3150 2395 3271 2447 λίαν
3301 2396 3620 2465 ἀγνώμοσιν.
3658 2388 3825 2442 Ἐπειδὶη

636 2494 740 2546 que
772 2496 1017 2549 personae
1045 2478 1362 2536 constanter
1394 2483 1762 2545 tribueretur;
1829 2497 1947 2535 cum
1978 2522 1993 2543 .
2034 2482 2246 2537 tametsi
2280 2498 2474 2539 omnes
2517 2498 2639 2537 cum
2690 2480 2943 2535 omnibus
2993 2482 3309 2551 promiscue
3355 2476 3736 2542 construantur.
3780 2495 3825 2536 ιιι

636 2576 893 2630 studiosis
926 2585 978 2628 et
1030 2578 1309 2630 accuratis
1357 2578 1652 2629 lectoribus
1698 2579 2044 2646 perspicuum
2102 2588 2207 2642 εει,
2248 2585 2454 2629 tantam
2514 2576 2629 2644 ipse
2690 2590 2783 2642 per
2833 2589 2948 2636 eas,
3019 2583 3070 2627 et
3126 2576 3430 2640 dignitatis,
3472 2587 3525 2631 et
3554 2586 3734 2629 natura:
3762 2576 3825 2629 di-

636 2671 949 2724 versitatem
978 2670 1241 2722 inducas?
1270 2669 1554 2723 Sulﬁciuut
1582 2670 1696 2725 hwc
1722 2673 1944 2740 quidem
1978 2670 2285 2723 hominibus
2314 2685 2420 2723 non
2459 2668 2622 2723 nimis
2655 2668 2859 2736 iniquis
2884 2682 2946 2722 ac
2982 2670 3351 2737 prmpusteris.

1137 2800 1218 2852 la‘x
1248 2801 1429 2854 eadem
1459 2803 1719 2854 oratione.

706 2934 862 3002 Quod
886 2936 951 2999 si,
975 2937 1099 3005 quia
1131 2954 1232 2990 non
1261 2938 1553 2992 admodum
1575 2939 1807 2993 dilucide
1833 2942 1882 2993 in
1908 2938 2209 3008 Scriptura,

638 3044 735 3081 nec
751 3044 893 3094 saepe
913 3030 1229 3081 nominatim
1254 3030 1391 3083 Dens
1409 3031 1730 3098 appelletur,
1751 3034 2212 3098 quemadmodum

2743 2803 2842 2858 Ἕκ
2865 2803 2972 2858 τοῦ
3001 2803 3188 2857 αὐτοῦ
3205 2805 3418 2870 λόγου.

2382 2942 2442 2994 Εἰ
2474 2942 2527 2992 δὲ
2562 2942 2621 2994 τὸ
2656 2942 2729 3011 μὴ
2759 2942 2877 2995 λίαν
2929 2943 3116 3010 σαφῶς
3163 2942 3480 3013 γεγράφθαι
3546 2943 3684 3005 Θεὶν,
3714 2941 3823 3007 μηδὲ

2312 3035 2569 3095 πολλάκις
2599 3036 2879 3103 ὀνομαστὶ,
2907 3036 3093 3106 ὥσπερ
3112 3035 3201 3089 τὸν
3218 3039 3434 3105 Πατέρα
3457 3035 3718 3105 πρότερον,
3754 3036 3825 3083 καὶ

638 3119 793 3173 Pater
816 3122 990 3187 prius,
1020 3131 1073 3174 et
1102 3133 1287 3188 postea
1321 3121 1514 3188 Filius,
1552 3124 1900 3192 blasphemiae
1936 3138 1999 3179 ac
2025 3140 2207 3193 supcr-

2309 3126 2399 3178 τὸν
2432 3124 2558 3175 Υἱὸν
2593 3123 2842 3192 ὕστερον,
2879 3124 3057 3177 αἴτιόν
3105 3142 3188 3177 σοι
3241 3127 3451 3193 γίνεται
3505 3126 3824 3195 βλασφημίας,

635 3224 887 3263 vacaneze
920 3212 1441 3279 hujusloquacitatis
1467 3221 1523 3265 et
1549 3214 1845 3282 impietatis
1862 3229 2049 3269 ansam
2078 3232 2214 3285 prae-

644 3301 753 3364 bet,
781 3314 880 3352 nos
911 3300 1007 3352 tibi
1038 3303 1138 3352 hoc
1176 3301 1582 3354 incommodum
1609 3303 1965 3371 depellemus,
1996 3316 2212 3371 postea-

637 3405 801 3458 quam
834 3390 900 3443 de
922 3390 1087 3444 rebus
1133 3400 1187 3443 et
1233 3391 1570 3457 nominibus,
1626 3409 1687 3447 ac
1747 3396 2091 3461 potissimum
2145 3399 2213 3452 de

637 3481 935 3549 Scripturae
964 3496 1117 3535 more
1143 3490 1308 3551 atque
1340 3498 1438 3537 usu
1464 3485 1710 3538 nonnihil
1747 3487 2070 3543 dixerimus.

709 3568 907 3624 Rerum
961 3587 1089 3642 ergo
1154 3574 1274 3627 alia:
1346 3590 1453 3627 non
1534 3585 1685 3637 sunt,
1755 3578 1849 3631 sed
1917 3580 2209 3645 dicuntur;

640 3663 761 3715 alia:
861 3679 986 3716 cum
1095 3664 1247 3726 sint,
1365 3668 1590 3721 minime
1681 3668 2003 3735 dicuntur;
2091 3670 2209 3724 alite

641 3764 744 3804 uec
774 3760 920 3815 sunt,
957 3767 1055 3806 nec
1086 3753 1377 3820 dicuntur;
1425 3757 1546 3812 aliae
1601 3759 1834 3827 denique
1884 3769 1939 3815 et
1984 3772 2108 3815 sunt
2160 3772 2217 3816 et

641 3840 919 3894 dicuntur.
957 3840 1157 3895 llorum
1188 3846 1536 3912 probationes
1566 3863 1593 3900 a
1627 3865 1711 3901 me
1735 3852 2028 3920 exposcis?
2058 3851 2219 3919 Impi-

641 3946 735 4001 ger
763 3930 1056 3988 exhibebo.
1099 3934 1306 3990 Dormit
1341 3942 1360 3969 ’
1410 3940 1459 3990 iu
1494 3939 1774 4007 Scriptura
1808 3942 1967 4006 Deus,
2001 3953 2054 3997 et
2083 3944 2218 4013 vigi-

643 4024 715 4077 lat
781 4023 827 4088 ³,
873 4032 929 4077 et
984 4027 1238 4082 irascitur
1279 4028 1300 4059 ’⁵
1332 4070 1346 4093 ,
1399 4042 1449 4084 et
1494 4033 1854 4098 proﬁciscitur
1912 4038 1958 4100 ⁸,
2016 4047 2066 4089 et
2121 4053 2217 4104 pro

641 4114 836 4170 throno
883 4118 1213 4174 clteruhinos
1282 4120 1301 4148 ⁸
1364 4122 1541 4175 habet.
1590 4122 1729 4189 Quid
1770 4125 1968 4179 audio?
2020 4127 2217 4181 Fuitne

641 4221 875 4274 unquam
914 4208 1001 4260 ille
1028 4208 1402 4266 alfectiouihus
1431 4214 1730 4268 olmoxius?
1772 4216 1997 4282 Quando
2049 4217 2212 4271 Dcuut

639 4311 761 4350 esse
784 4314 982 4367 corpus
1009 4302 1246 4355 audisti?
1277 4303 1414 4371 Ergo
1433 4305 1555 4367 hoc,
1584 4322 1704 4358 cum
1735 4322 1839 4359 non
1867 4308 1957 4371 sit,
1986 4306 2216 4362 efﬁctutn

639 4396 741 4441 est.
787 4389 861 4440 Ex
898 4392 1098 4444 nostris
1126 4394 1269 4444 enim
1317 4395 1480 4447 rebus
1528 4411 1616 4456 ea,
1657 4412 1773 4462 quze
1822 4398 1910 4452 Dei
1964 4408 2112 4465 sunt,
2163 4409 2218 4454 ut

2312 3217 2405 3269 καὶ
2426 3218 2522 3285 τῆς
2553 3221 2814 3286 περιττῆς
2854 3218 3057 3285 ταύτης
3074 3218 3456 3286 γλωσσαλγίας
3471 3220 3560 3271 καὶ
3588 3216 3823 3274 ἀσεϐείας

2314 3309 2475 3378 ἡμεῖς
2506 3327 2588 3362 σοι
2622 3309 2856 3379 λύσομεν
2890 3310 3092 3377 ταύτην
3140 3311 3242 3377 τὴν
3276 3310 3501 3380 βλάϐην,
3528 3313 3685 3380 μικρά
3724 3308 3827 3376 περὶ

2316 3404 2659 3468 πραγμάτων
2694 3403 2785 3454 καὶ
2826 3402 3128 3469 ὀνομάτων,
3181 3405 3278 3455 καὶ
3339 3403 3568 3471 μάλιστα
3617 3400 3749 3470 παρὰ
3778 3400 3827 3465 τῇ

2315 3491 2411 3559 τῆς
2454 3493 2676 3563 Γραφῆς
2710 3494 2970 3561 συνηθείᾳ
3002 3496 3489 3564 φιλοσοφήσαντες.

2386 3583 2506 3636 Τῶν
2543 3586 2907 3652 πραγμάτων,
2948 3589 3015 3639 τὰ
3070 3587 3169 3654 μὲν
3210 3589 3315 3639 οὐκ
3344 3586 3479 3649 ἔστι,
3529 3586 3724 3653 λέγεται
3758 3582 3819 3636 δέ·

2315 3673 2383 3724 τὰ
2409 3675 2465 3725 δὲ
2493 3673 2643 3735 ὄντα,
2685 3676 2746 3726 οὺ
2772 3675 3011 3741 λέγεταιο
3040 3677 3111 3728 τά
3137 3676 3194 3729 δὲ
3236 3676 3360 3729 οὔτε
3388 3676 3555 3740 ἐστιν,
3607 3674 3717 3730 οὔτε
3761 3673 3825 3724 λί-

2293 3777 2468 3831 γεται·
2494 3762 2563 3815 τὰ
2602 3764 2659 3815 δὲ
2702 3765 2889 3833 ἄμφω,
2938 3764 3032 3815 καὶ
3066 3763 3201 3821 ἔστι.
3245 3763 3340 3815 καὶ
3371 3764 3597 3830 λέγεται.
3645 3760 3823 3812 Τούτων

2294 3855 2547 3917 ἀπαιτεῖς
2595 3872 2663 3923 με
2728 3855 2826 3916 τὰς
2877 3852 3216 3918 ἀποδείξεις;
3289 3855 3581 3924 παρασχεῖν
3627 3850 3820 3917 ἕτοιμος.

2306 3942 2495 3996 Ὑπνοῖ
2531 3945 2595 4013 τῇ
2628 3943 2816 4014 Γραφῇ
2844 3942 2994 4007 Θεὸς,
3019 3943 3114 3996 καὶ
3139 3945 3429 4015 γρηγορεῖ,
3461 3942 3547 3993 καὶ
3574 3937 3821 4009 ὀργίζεται,

2294 4037 2390 4090 καὶ
2424 4034 2651 4106 βαδίζει,
2691 4036 2785 4087 καὶ
2838 4035 3026 4104 θρόνον
3061 4032 3174 4103 ἔχει
3229 4033 3301 4087 τὰ
3351 4030 3623 4103 χερουὸίμ·
3663 4027 3821 4081 καίτοι.

2296 4128 2428 4181 πότε
2452 4128 2675 4197 γέγονεν
2700 4127 2952 4197 ἐμπαθὴς
2973 4143 2986 4191 ;
3022 4126 3151 4178 πότε
3175 4124 3233 4177 δὲ
3260 4124 3418 4195 σῶμα
3447 4121 3570 4175 Θεὸν
3591 4120 3819 4189 ἀκήκοαςῖ

2297 4218 2471 4272 Τοῦτο
2494 4220 2595 4271 οὐκ
2616 4218 2675 4270 δν
2704 4217 3035 4288 ἀνεπλάσθη.
3082 4216 3461 4287 Ὠνομάσαμεν
3481 4214 3601 4283 γὰρ,
3628 4210 3694 4272 ὡς
3719 4206 3822 4277 ἡμῖν

2298 4313 2540 4380 ἐφικτὸν.
2577 4313 2641 4364 ἐκ
2674 4311 2780 4363 τῶν
2811 4309 3096 4382 ἡμετέρων
3118 4308 3188 4362 τὰ
3212 4307 3311 4363 τοῦ
3341 4306 3493 4362 Θεοῦ.
3520 4304 3588 4358 Τὸ
3622 4301 3706 4369 μὲν
3722 4300 3823 4367 ἡρε-

2303 4407 2422 4474 μεῖν
2457 4403 2619 4457 αὐτὸν
2646 4404 2738 4472 ἀφ’
2767 4403 2943 4474 ἡμῶν,
2982 4402 3076 4455 καὶ
3107 4396 3219 4455 οἷον
3250 4399 3489 4472 ἀμελεῖν,
3530 4394 3592 4448 δι’
3612 4393 3670 4456 ἃς
3697 4385 3824 4445 αὑτὸς

640 4478 934 4544 potuimus,
973 4483 1393 4537 nominavimus.
1456 4485 1588 4538 Cum
1644 4490 1869 4542 seorsim
1921 4491 2135 4558 quidem
2187 4506 2207 4543 ε

2302 4493 2444 4550 οἶδεν
2478 4498 2678 4559 αἰτίας,
2731 4495 2952 4550 ὑπνοῦν.
2982 4495 3056 4548 Τὸ
3102 4494 3212 4565 γὰρ
3236 4494 3501 4565 ἡμέτερον
3664 4476 3823 4534 ὑπνοῦν

640 4567 796 4621 nobis
827 4570 1079 4636 quiescit,
1106 4587 1170 4626 ac
1202 4574 1349 4628 velut
1377 4579 1543 4631 nostri
1576 4594 1787 4643 curam,
1840 4582 1909 4635 ob
1938 4596 2049 4640 eas,
2083 4599 2207 4650 quas

2298 4588 2560 4652 τοιοῦτον,
2578 4589 2940 4659 ἀνενέργητόν
2964 4605 3022 4639 τε
3043 4587 3135 4640 καὶ
3157 4586 3456 4657 ἄπρακτον.
3492 4581 3561 4633 Τὸ
3582 4578 3633 4631 δὲ
3654 4570 3823 4643 ἀθρόως

640 4661 755 4726 ipse
814 4673 1127 4730 perspectas
1186 4665 1370 4731 habet,
1436 4683 1645 4733 causas,
1709 4670 1919 4740 abjicit,
1979 4674 2207 4728 dormire

2302 4679 2361 4738 εὖ
2399 4686 2573 4737 ποιεῖν
2605 4685 2668 4736 ὲκ
2690 4682 3018 4753 μεταϐολῆς,
3057 4682 3376 4752 γρηγορεῖν.
3414 4676 3613 4729 ’Υπνον
3640 4669 3731 4737 γὰρ
3753 4664 3824 4753 λύξ

636 4752 857 4806 dicitur.
906 4752 1039 4806 Nam
1093 4772 1191 4811 nos
1237 4773 1472 4828 quoque,
1528 4760 1654 4814 dum
1706 4763 2020 4826 dormimus,
2070 4766 2207 4817 omni

2304 4794 2411 4839 σις,
2451 4751 2800 4846 ἐγρήγορσις,
2839 4774 3026 4845 ὥσπερ
3052 4751 3427 4843 ἀποστροφῆς,
3457 4761 3729 4831 ἐπίσκεψις·

637 4843 829 4915 agt-udi
895 4843 1151 4899 facultate
1210 4862 1483 4904 caremus.
1537 4850 1704 4914 Idem,
1764 4866 1883 4902 cum
1939 4852 2207 4919 repentina

2301 4864 2359 4918 δὲ
2385 4842 2675 4927 κολάζεινξ
2694 4842 3007 4933 ὀργίζεσθαι
3029 4842 3425 4931 πεποιήκαμεν
3456 4853 3589 4908 οὕτω
3613 4849 3705 4917 γὰρ
3722 4842 3821 4933 ii???

640 4936 943 4988 unitatioue
1002 4936 1281 4993 beneﬁciis
1338 4956 1438 4995 nos
1486 4940 1675 5005 allicit,
1724 4942 1947 5007 vigilare
1996 4942 2207 4995 dicitur.

2303 4956 2361 5020 εξ
2386 4956 2611 5025 ὀργῆςὴ
2646 4928 2886 5018 κόλασις.
2924 4953 2998 5005 Τὸ
3029 4953 3085 5005 δὲ
3124 4928 3224 5004 νῦν
3257 4928 3355 5020 μέν
3526 4942 3655 5014 τῇδε»
3680 4928 3821 5025 νδνῧ

643 5026 831 5077 Sonni
888 5027 1031 5081 enim
1074 5030 1317 5098 depulsio
1367 5042 1450 5087 est
1496 5034 1708 5103 vigilia,
1763 5036 2207 5100 quemadmodum

2302 5021 2431 5116 τῇδε
2467 5021 2741 5116 ἐνεργεῖν,
2769 5044 3027 5115 βαδίζειν.
3064 5043 3129 5096 Ἠ
3160 5041 3269 5112 γὰρ
3292 5041 3385 5093 ἀπ’
3418 5037 3568 5093 ἄλλον
3593 5030 3707 5101 πρὸς
3726 5021 3821 5116 ἆὶῆο

640 5118 1001 5171 aversatinuis
1038 5120 1297 5177 visitatio.
1331 5124 1451 5178 Jam
1483 5142 1604 5179 cum
1645 5126 1695 5179 in
1717 5125 1947 5195 aliquem
1981 5126 2207 5179 animad‘

2309 5114 2624 5208 μετάϐασις,
2664 5114 2943 5209 βαδισμός.
2998 5136 3071 5190 Τὸ
3108 5135 3165 5189 δὲ
3220 5128 3582 5187 ἀναπαύεσθαι
3680 5207 3688 5209 Δ
3732 5114 3821 5209 τξῖῖ

643 5206 824 5267 νει-ιιι,
874 5208 1034 5262 irasci
1077 5224 1200 5262 eum
1258 5212 1528 5270 linximus.
1579 5214 1669 5268 Sic
1717 5216 1865 5268 enim
1897 5230 1995 5269 nos
2037 5217 2115 5269 ira
2149 5217 2207 5269 ad

2304 5203 2490 5299 ἀγίαις
2522 5203 2805 5297 δυνάμεσι,
2826 5203 2935 5281 ’καὶ
2963 5222 3074 5279 οἷον
3120 5222 3529 5295 ὲμφιλοχωρεῖν,
3552 5203 3818 5299 καθέζεσθαι

638 5299 967 5367 puniendum
1017 5302 1321 5357 incitamur.
1366 5307 1516 5370 Quod
1550 5318 1726 5361 autem
1758 5322 1899 5361 nunc
1936 5308 2042 5371 hic,
2077 5323 2207 5361 ιιιιιι(

2307 5294 2400 5377 καὶ
2431 5294 2794 5395 θρονίζεσθαι,
2824 5321 2918 5374 καὶ
2948 5318 3107 5383 τοῦτο
3141 5294 3425 5388 ἡμέτερον.
3445 5307 3617 5364 Οὐδενὶ

641 5391 750 5445 illic
792 5404 1065 5460 operatur,
1114 5394 1367 5450 incedere
1412 5398 1627 5450 dicitur.
1681 5399 1764 5452 Ab
1813 5398 1918 5452 alio
1954 5399 2097 5452 enim
2145 5400 2207 5451 ad

2306 5432 2430 5476 τως,
2469 5414 2544 5475 ὡς
2566 5417 2676 5478 τοῖς
2701 5411 2876 5481 ἁγίοις
2907 5412 2967 5464 τὸ
2995 5411 3136 5464 θεῖον
3163 5404 3573 5463 ὲναναπαύεται.
3704 5388 3760 5441 Τὸ
3777 5384 3817 5481 δέ

640 5482 785 5536 aliud
816 5484 1093 5549 transitus,
1124 5485 1390 5555 profectio
1426 5497 1525 5541 est.
1576 5487 1724 5553 Quod
1761 5503 1888 5543 vero
1931 5488 1981 5541 iu
2013 5490 2207 5543 sanctis

2306 5506 2643 5575 ὀξυκίνητον,
2672 5506 2887 5576 πτῆσιν·
2910 5504 3009 5572 τὴν
3038 5502 3094 5555 δὲ
3121 5497 3445 5565 ἐπισκοπὴν,
3478 5488 3745 5576 “Paw?”
3770 5472 3815 5524 τὸ

641 5571 748 5627 illis
777 5578 832 5629 et
863 5576 1174 5632 coelestibus
1209 5579 1480 5634 mentibus
1529 5583 1901 5650 conquiescat,
1955 5597 2018 5637 ac
2072 5584 2207 5635 velut

2306 5596 2507 5649 διδόναι
2534 5597 2590 5649 δὲ
2621 5599 2714 5649 καὶ
2747 5594 3064 5666 προσίεσθαι
3109 5630 3123 5651 ,
3298 5590 3469 5659 χεῖρω
3497 5580 3580 5635 καὶ
3614 5573 3723 5637 άλλη
3752 5578 3815 5622 τις

726 5769 745 5802 ⁸
770 5766 929 5822 Roin.
964 5789 1037 5837 ιιι,
1071 5772 1160 5828 56.
1239 5777 1258 5804 ²
1292 5773 1436 5833 Psal.
1461 5790 1667 5844 Lxxvn,
1700 5776 1789 5831 65.
1866 5778 1885 5807 ³
1917 5775 2051 5831 Dan.
2084 5794 2157 5845 Ix,
2205 5792 2207 5799 ί

2363 5783 2379 5809 ‘
2408 5778 2511 5835 ιω.
2545 5798 2596 5837 v.
2795 5784 2810 5814 ε
2848 5781 2959 5838 Gen
2990 5799 3065 5849 XI,
3099 5785 3152 5839 5.
3231 5782 3252 5815 ⁶
3280 5780 3381 5837 lsa.
3413 5793 3593 5844 xxxvu,
3617 5773 3687 5829 16.
