  <div class='ocr_page' id='page_1' title='image "/cluster/home/n/w/nwhite01/storage/ocr_20150623/130/mdp.39015078384255/426.png"; bbox 0 0 4070 6290; ppageno 0'>
   <div class='ocr_carea' id='block_1_1' title="bbox 308 353 3557 437">
    <p class='ocr_par' dir='ltr' id='par_1_1' title="bbox 308 353 3557 437">
     <span class='ocr_line' id='line_1_1' title="bbox 308 353 3557 437; baseline 0.013 -42"><span class='ocrx_word' id='word_1_1' title='bbox 308 353 423 419; x_wconf 68' lang='lat'><strong>337</strong></span> <span class='ocrx_word' id='word_1_2' title='bbox 1279 353 1661 415; x_wconf 85' lang='lat' dir='ltr'><strong>PANOPLIA</strong></span> <span class='ocrx_word' id='word_1_3' title='bbox 1701 355 2162 419; x_wconf 81' lang='lat' dir='ltr'><strong>DOGMATICA.</strong></span> <span class='ocrx_word' id='word_1_4' title='bbox 2203 381 2267 394; x_wconf 90' lang='lat'><strong>—</strong></span> <span class='ocrx_word' id='word_1_5' title='bbox 2307 357 2455 419; x_wconf 86' lang='lat' dir='ltr'><strong>TlT.</strong></span> <span class='ocrx_word' id='word_1_6' title='bbox 2492 359 2601 419; x_wconf 82' lang='lat' dir='ltr'><strong>XI.</strong></span> <span class='ocrx_word' id='word_1_7' title='bbox 3449 372 3557 437; x_wconf 86' lang='lat'><strong>838</strong></span> 
     </span>
    </p>
   </div>
   <div class='ocr_carea' id='block_1_2' title="bbox 307 464 1865 545">
    <p class='ocr_par' dir='ltr' id='par_1_2' title="bbox 307 464 1865 537">
     <span class='ocr_line' id='line_1_2' title="bbox 307 464 1865 537; baseline 0.002 -16"><span class='ocrx_word' id='word_1_8' title='bbox 307 470 452 531; x_wconf 81' lang='grc' dir='ltr'>ὅλως</span> <span class='ocrx_word' id='word_1_9' title='bbox 482 468 594 522; x_wconf 89' lang='grc' dir='ltr'><strong>τῶν</strong></span> <span class='ocrx_word' id='word_1_10' title='bbox 625 464 722 523; x_wconf 80' lang='grc' dir='ltr'>τοῦ</span> <span class='ocrx_word' id='word_1_11' title='bbox 755 466 894 523; x_wconf 81' lang='grc' dir='ltr'>Θεοῦ</span> <span class='ocrx_word' id='word_1_12' title='bbox 916 467 1204 536; x_wconf 76' lang='grc' dir='ltr'><strong>δυνάμεων</strong></span> <span class='ocrx_word' id='word_1_13' title='bbox 1236 466 1270 537; x_wconf 73' lang='grc' dir='ltr'><strong>ἢ</strong></span> <span class='ocrx_word' id='word_1_14' title='bbox 1315 468 1628 537; x_wconf 71' lang='grc' dir='ltr'><strong>ἐνεργειῶν·</strong></span> <span class='ocrx_word' id='word_1_15' title='bbox 1661 470 1792 523; x_wconf 81' lang='grc' dir='ltr'>ἄλλο</span> <span class='ocrx_word' id='word_1_16' title='bbox 1822 488 1865 524; x_wconf 85' lang='grc' dir='ltr'><strong>τι</strong></span> 
     </span>
    </p>
   </div>
   <div class='ocr_carea' id='block_1_3' title="bbox 1967 464 3554 545">
    <p class='ocr_par' dir='ltr' id='par_1_3' title="bbox 1983 472 3554 545">
     <span class='ocr_line' id='line_1_3' title="bbox 1983 472 3554 545; baseline 0.013 -21"><span class='ocrx_word' id='word_1_17' title='bbox 1983 472 2215 527; x_wconf 87' lang='lat' dir='ltr'><strong>libenter</strong></span> <span class='ocrx_word' id='word_1_18' title='bbox 2275 475 2619 535; x_wconf 76' lang='lat' dir='ltr'><strong>immoratur,</strong></span> <span class='ocrx_word' id='word_1_19' title='bbox 2657 476 2848 531; x_wconf 79' lang='lat' dir='ltr'><strong>sedere</strong></span> <span class='ocrx_word' id='word_1_20' title='bbox 2895 482 3061 545; x_wconf 86' lang='lat' dir='ltr'><strong>atque</strong></span> <span class='ocrx_word' id='word_1_21' title='bbox 3099 476 3154 532; x_wconf 86' lang='lat' dir='ltr'><strong>in</strong></span> <span class='ocrx_word' id='word_1_22' title='bbox 3193 479 3388 539; x_wconf 78' lang='lat' dir='ltr'><strong>throno</strong></span> <span class='ocrx_word' id='word_1_23' title='bbox 3432 504 3554 544; x_wconf 89' lang='lat' dir='ltr'><strong>esse</strong></span> 
     </span>
    </p>
   </div>
   <div class='ocr_carea' id='block_1_4' title="bbox 306 558 1865 639">
    <p class='ocr_par' dir='ltr' id='par_1_4' title="bbox 306 558 1457 630">
     <span class='ocr_line' id='line_1_4' title="bbox 306 558 1457 630; baseline 0 -17"><span class='ocrx_word' id='word_1_24' title='bbox 306 562 417 613; x_wconf 91' lang='grc' dir='ltr'><strong>τῶν</strong></span> <span class='ocrx_word' id='word_1_25' title='bbox 452 560 781 628; x_wconf 76' lang='grc' dir='ltr'><strong>σωματικῶν</strong></span> <span class='ocrx_word' id='word_1_26' title='bbox 806 561 939 630; x_wconf 77' lang='grc' dir='ltr'>ἡμῖν</span> <span class='ocrx_word' id='word_1_27' title='bbox 964 558 1457 628; x_wconf 78' lang='grc' dir='ltr'>ἀνεζωγράφησεν.</span> 
     </span>
    </p>
   </div>
   <div class='ocr_carea' id='block_1_5' title="bbox 1967 558 3548 639">
    <p class='ocr_par' dir='ltr' id='par_1_5' title="bbox 1984 564 3548 639">
     <span class='ocr_line' id='line_1_5' title="bbox 1984 564 3548 639; baseline 0.011 -24"><span class='ocrx_word' id='word_1_28' title='bbox 1984 564 2455 630; x_wconf 86' lang='lat' dir='ltr'><strong>nuncupavimus;</strong></span> <span class='ocrx_word' id='word_1_29' title='bbox 2491 568 2635 634; x_wconf 89' lang='lat' dir='ltr'><strong>quod</strong></span> <span class='ocrx_word' id='word_1_30' title='bbox 2664 566 2842 637; x_wconf 85' lang='lat' dir='ltr'><strong>ipsum</strong></span> <span class='ocrx_word' id='word_1_31' title='bbox 2870 583 3091 639; x_wconf 89' lang='lat' dir='ltr'><strong>quoque</strong></span> <span class='ocrx_word' id='word_1_32' title='bbox 3149 582 3397 627; x_wconf 89' lang='lat' dir='ltr'><strong>nostrum</strong></span> <span class='ocrx_word' id='word_1_33' title='bbox 3443 587 3548 632; x_wconf 91' lang='lat' dir='ltr'><strong>est.</strong></span> 
     </span>
    </p>
   </div>
   <div class='ocr_carea' id='block_1_6' title="bbox 306 650 3542 733">
    <p class='ocr_par' dir='ltr' id='par_1_6' title="bbox 306 650 3542 733">
     <span class='ocr_line' id='line_1_6' title="bbox 306 650 3542 733; baseline 0.006 -31"><span class='ocrx_word' id='word_1_34' title='bbox 306 650 454 707; x_wconf 89' lang='lat' dir='ltr'><strong>Deus</strong></span> <span class='ocrx_word' id='word_1_35' title='bbox 482 652 623 706; x_wconf 81' lang='lat' dir='ltr'><strong>enim</strong></span> <span class='ocrx_word' id='word_1_36' title='bbox 657 651 806 706; x_wconf 90' lang='lat' dir='ltr'><strong>nulla</strong></span> <span class='ocrx_word' id='word_1_37' title='bbox 840 652 898 705; x_wconf 89' lang='lat' dir='ltr'><strong>in</strong></span> <span class='ocrx_word' id='word_1_38' title='bbox 931 665 989 704; x_wconf 91' lang='lat' dir='ltr'><strong>re</strong></span> <span class='ocrx_word' id='word_1_39' title='bbox 1033 650 1259 719; x_wconf 83' lang='lat' dir='ltr'><strong>perinde</strong></span> <span class='ocrx_word' id='word_1_40' title='bbox 1297 658 1356 704; x_wconf 93' lang='lat' dir='ltr'><strong>ut</strong></span> <span class='ocrx_word' id='word_1_41' title='bbox 1422 651 1474 704; x_wconf 94' lang='lat' dir='ltr'><strong>in</strong></span> <span class='ocrx_word' id='word_1_42' title='bbox 1531 653 1769 715; x_wconf 89' lang='lat' dir='ltr'><strong>sanctis,</strong></span> <span class='ocrx_word' id='word_1_43' title='bbox 1807 656 2130 724; x_wconf 87' lang='lat' dir='ltr'><strong>acquiescit.</strong></span> <span class='ocrx_word' id='word_1_44' title='bbox 2187 655 2306 709; x_wconf 83' lang='lat' dir='ltr'><strong>Jam</strong></span> <span class='ocrx_word' id='word_1_45' title='bbox 2360 658 2633 712; x_wconf 78' lang='lat' dir='ltr'><strong>levitatem</strong></span> <span class='ocrx_word' id='word_1_46' title='bbox 2663 659 2783 728; x_wconf 84' lang='lat' dir='ltr'><strong>ejus</strong></span> <span class='ocrx_word' id='word_1_47' title='bbox 2830 671 3125 733; x_wconf 89' lang='lat' dir='ltr'><strong>motusque</strong></span> <span class='ocrx_word' id='word_1_48' title='bbox 3183 667 3542 733; x_wconf 77' lang='lat' dir='ltr'><strong>celeritatem,</strong></span> 
     </span>
    </p>
   </div>
   <div class='ocr_carea' id='block_1_7' title="bbox 307 744 3550 829">
    <p class='ocr_par' dir='ltr' id='par_1_7' title="bbox 307 744 3550 829">
     <span class='ocr_line' id='line_1_7' title="bbox 307 744 3550 829; baseline 0.006 -33"><span class='ocrx_word' id='word_1_49' title='bbox 307 746 550 798; x_wconf 83' lang='lat' dir='ltr'><strong>volatum</strong></span> <span class='ocrx_word' id='word_1_50' title='bbox 572 745 821 815; x_wconf 61' lang='lat' dir='ltr'><strong>fappellat</strong></span> <span class='ocrx_word' id='word_1_51' title='bbox 846 744 1164 814; x_wconf 76' lang='lat' dir='ltr'><strong>Scriptura;</strong></span> <span class='ocrx_word' id='word_1_52' title='bbox 1211 745 1595 807; x_wconf 86' lang='lat' dir='ltr'><strong>visitationem,</strong></span> <span class='ocrx_word' id='word_1_53' title='bbox 1624 747 1854 813; x_wconf 86' lang='lat' dir='ltr'><strong>vultum,</strong></span> <span class='ocrx_word' id='word_1_54' title='bbox 1904 749 2241 819; x_wconf 73' lang='lat' dir='ltr'><strong>largitionem</strong></span> <span class='ocrx_word' id='word_1_55' title='bbox 2272 751 2435 804; x_wconf 86' lang='lat' dir='ltr'><strong>etiam</strong></span> <span class='ocrx_word' id='word_1_56' title='bbox 2472 760 2527 804; x_wconf 91' lang='lat' dir='ltr'><strong>et</strong></span> <span class='ocrx_word' id='word_1_57' title='bbox 2560 755 2952 821; x_wconf 87' lang='lat' dir='ltr'><strong>acceptionem,</strong></span> <span class='ocrx_word' id='word_1_58' title='bbox 2984 772 3243 826; x_wconf 86' lang='lat' dir='ltr'><strong>manum;</strong></span> <span class='ocrx_word' id='word_1_59' title='bbox 3273 771 3457 829; x_wconf 86' lang='lat' dir='ltr'><strong>atque,</strong></span> <span class='ocrx_word' id='word_1_60' title='bbox 3493 773 3550 816; x_wconf 89' lang='lat' dir='ltr'><strong>nt</strong></span> 
     </span>
    </p>
   </div>
   <div class='ocr_carea' id='block_1_8' title="bbox 302 837 3542 921">
    <p class='ocr_par' dir='ltr' id='par_1_8' title="bbox 302 837 3542 921">
     <span class='ocr_line' id='line_1_8' title="bbox 302 837 3542 921; baseline 0.006 -33"><span class='ocrx_word' id='word_1_61' title='bbox 302 837 358 890; x_wconf 93' lang='lat' dir='ltr'><strong>in</strong></span> <span class='ocrx_word' id='word_1_62' title='bbox 388 852 599 891; x_wconf 81' lang='lat' dir='ltr'><strong>summa</strong></span> <span class='ocrx_word' id='word_1_63' title='bbox 621 837 823 904; x_wconf 89' lang='lat' dir='ltr'><strong>dicam,</strong></span> <span class='ocrx_word' id='word_1_64' title='bbox 862 838 965 891; x_wconf 83' lang='lat' dir='ltr'><strong>alia</strong></span> <span class='ocrx_word' id='word_1_65' title='bbox 1005 838 1251 907; x_wconf 67' lang='lat' dir='ltr'><strong>quaedam</strong></span> <span class='ocrx_word' id='word_1_66' title='bbox 1279 838 1370 891; x_wconf 87' lang='lat' dir='ltr'><strong>Dei</strong></span> <span class='ocrx_word' id='word_1_67' title='bbox 1420 839 1503 893; x_wconf 89' lang='lat' dir='ltr'><strong>vis</strong></span> <span class='ocrx_word' id='word_1_68' title='bbox 1553 846 1606 891; x_wconf 90' lang='lat' dir='ltr'><strong>et</strong></span> <span class='ocrx_word' id='word_1_69' title='bbox 1653 837 1904 904; x_wconf 79' lang='lat' dir='ltr'><strong>facultas,</strong></span> <span class='ocrx_word' id='word_1_70' title='bbox 1958 841 2103 895; x_wconf 91' lang='lat' dir='ltr'><strong>aliud</strong></span> <span class='ocrx_word' id='word_1_71' title='bbox 2131 842 2407 911; x_wconf 84' lang='lat' dir='ltr'><strong>quidpiam</strong></span> <span class='ocrx_word' id='word_1_72' title='bbox 2439 860 2616 897; x_wconf 90' lang='lat' dir='ltr'><strong>rerum</strong></span> <span class='ocrx_word' id='word_1_73' title='bbox 2667 860 3052 915; x_wconf 87' lang='lat' dir='ltr'><strong>corporearum</strong></span> <span class='ocrx_word' id='word_1_74' title='bbox 3089 851 3246 906; x_wconf 80' lang='lat' dir='ltr'><strong>nobis</strong></span> <span class='ocrx_word' id='word_1_75' title='bbox 3279 854 3542 921; x_wconf 85' lang='lat' dir='ltr'><strong>depinxit.</strong></span> 
     </span>
    </p>
   </div>
   <div class='ocr_carea' id='block_1_9' title="bbox 382 930 1876 1001">
    <p class='ocr_par' dir='ltr' id='par_1_9' title="bbox 382 930 1876 1001">
     <span class='ocr_line' id='line_1_9' title="bbox 382 930 1876 1001; baseline 0.001 -17"><span class='ocrx_word' id='word_1_76' title='bbox 382 931 549 984; x_wconf 81' lang='grc' dir='ltr'>Πάλιν</span> <span class='ocrx_word' id='word_1_77' title='bbox 579 932 643 985; x_wconf 80' lang='grc' dir='ltr'><strong>σὺ</strong></span> <span class='ocrx_word' id='word_1_78' title='bbox 688 930 853 985; x_wconf 86' lang='grc' dir='ltr'>πόθεν</span> <span class='ocrx_word' id='word_1_79' title='bbox 876 931 938 983; x_wconf 79' lang='grc' dir='ltr'><strong>τὸ</strong></span> <span class='ocrx_word' id='word_1_80' title='bbox 969 931 1266 998; x_wconf 76' lang='grc' dir='ltr'><strong>ἀγέννητον</strong></span> <span class='ocrx_word' id='word_1_81' title='bbox 1296 930 1486 984; x_wconf 75' lang='grc' dir='ltr'>λαϐὼν</span> <span class='ocrx_word' id='word_1_82' title='bbox 1521 932 1684 1001; x_wconf 77' lang='grc' dir='ltr'>ἔχεις,</span> <span class='ocrx_word' id='word_1_83' title='bbox 1748 935 1781 1000; x_wconf 84' lang='grc' dir='ltr'>ἢ</span> <span class='ocrx_word' id='word_1_84' title='bbox 1815 933 1876 985; x_wconf 83' lang='grc' dir='ltr'><strong>τὸ</strong></span> 
     </span>
    </p>
   </div>
   <div class='ocr_carea' id='block_1_10' title="bbox 304 1007 1876 1095">
    <p class='ocr_par' dir='ltr' id='par_1_10' title="bbox 304 1007 1876 1095">
     <span class='ocr_line' id='line_1_10' title="bbox 304 1007 1876 1095; baseline 0.001 -18"><span class='ocrx_word' id='word_1_85' title='bbox 304 1026 567 1095; x_wconf 79' lang='grc' dir='ltr'><strong>ἄναρχον,</strong></span> <span class='ocrx_word' id='word_1_86' title='bbox 617 1025 717 1087; x_wconf 80' lang='grc' dir='ltr'>τὰς</span> <span class='ocrx_word' id='word_1_87' title='bbox 766 1024 863 1087; x_wconf 83' lang='grc' dir='ltr'>σὰς</span> <span class='ocrx_word' id='word_1_88' title='bbox 912 1024 1264 1093; x_wconf 81' lang='grc' dir='ltr'><strong>ἀκροπόλεις,</strong></span> <span class='ocrx_word' id='word_1_89' title='bbox 1409 1024 1505 1078; x_wconf 74' lang='grc' dir='ltr'><strong>καὶ</strong></span> <span class='ocrx_word' id='word_1_90' title='bbox 1572 1027 1757 1094; x_wconf 79' lang='grc' dir='ltr'>ἡμεῖς,</span> <span class='ocrx_word' id='word_1_91' title='bbox 1813 1026 1876 1078; x_wconf 79' lang='grc' dir='ltr'><strong>τὸ</strong></span> 
     </span>
    </p>
   </div>
   <div class='ocr_carea' id='block_1_11' title="bbox 302 1115 1872 1188">
    <p class='ocr_par' dir='ltr' id='par_1_11' title="bbox 302 1115 1872 1188">
     <span class='ocr_line' id='line_1_11' title="bbox 302 1115 1872 1188; baseline -0.001 -18"><span class='ocrx_word' id='word_1_92' title='bbox 302 1116 615 1183; x_wconf 80' lang='grc' dir='ltr'>ἀθάνατον;</span> <span class='ocrx_word' id='word_1_93' title='bbox 648 1115 834 1181; x_wconf 80' lang='grc' dir='ltr'>Δεῖξον</span> <span class='ocrx_word' id='word_1_94' title='bbox 889 1116 1064 1171; x_wconf 80' lang='grc' dir='ltr'>ταῦτα</span> <span class='ocrx_word' id='word_1_95' title='bbox 1114 1118 1462 1187; x_wconf 71' lang='grc' dir='ltr'>όνομαστὶ,ἦ</span> <span class='ocrx_word' id='word_1_96' title='bbox 1499 1119 1872 1188; x_wconf 82' lang='grc' dir='ltr'>ἁθετήσομεν,</span> 
     </span>
    </p>
   </div>
   <div class='ocr_carea' id='block_1_12' title="bbox 300 1208 1872 1279">
    <p class='ocr_par' dir='ltr' id='par_1_12' title="bbox 300 1208 1872 1279">
     <span class='ocr_line' id='line_1_12' title="bbox 300 1208 1872 1279; baseline 0 -17"><span class='ocrx_word' id='word_1_97' title='bbox 300 1208 492 1278; x_wconf 66' lang='grc' dir='ltr'>ἐπειδὴ</span> <span class='ocrx_word' id='word_1_98' title='bbox 521 1209 583 1261; x_wconf 85' lang='grc' dir='ltr'><strong>οὐ</strong></span> <span class='ocrx_word' id='word_1_99' title='bbox 622 1210 953 1277; x_wconf 81' lang='grc' dir='ltr'>γέγραπται,</span> <span class='ocrx_word' id='word_1_100' title='bbox 989 1209 1019 1275; x_wconf 87' lang='grc' dir='ltr'>ἦ</span> <span class='ocrx_word' id='word_1_101' title='bbox 1055 1208 1452 1277; x_wconf 77' lang='grc' dir='ltr'>διαγράψομεν.</span> <span class='ocrx_word' id='word_1_102' title='bbox 1512 1210 1621 1261; x_wconf 78' lang='grc' dir='ltr'><strong>Καὶ</strong></span> <span class='ocrx_word' id='word_1_103' title='bbox 1680 1210 1872 1279; x_wconf 86' lang='grc' dir='ltr'>τέθνη-</span> 
     </span>
    </p>
   </div>
   <div class='ocr_carea' id='block_1_13' title="bbox 297 1299 1867 1369">
    <p class='ocr_par' dir='ltr' id='par_1_13' title="bbox 297 1299 1867 1369">
     <span class='ocr_line' id='line_1_13' title="bbox 297 1299 1867 1369; baseline -0.002 -15"><span class='ocrx_word' id='word_1_104' title='bbox 297 1319 406 1364; x_wconf 83' lang='grc' dir='ltr'><strong>κας</strong></span> <span class='ocrx_word' id='word_1_105' title='bbox 438 1304 502 1354; x_wconf 85' lang='grc' dir='ltr'>ὲκ</span> <span class='ocrx_word' id='word_1_106' title='bbox 538 1300 648 1354; x_wconf 88' lang='grc' dir='ltr'><strong>τῶν</strong></span> <span class='ocrx_word' id='word_1_107' title='bbox 677 1300 785 1353; x_wconf 90' lang='grc' dir='ltr'><strong>σῶν</strong></span> <span class='ocrx_word' id='word_1_108' title='bbox 809 1300 1144 1363; x_wconf 81' lang='grc' dir='ltr'>ὑποθέσεων,</span> <span class='ocrx_word' id='word_1_109' title='bbox 1177 1299 1615 1369; x_wconf 81' lang='grc' dir='ltr'><strong>καθαιρεθέντων</strong></span> <span class='ocrx_word' id='word_1_110' title='bbox 1649 1318 1731 1352; x_wconf 90' lang='grc' dir='ltr'><strong>σοι</strong></span> <span class='ocrx_word' id='word_1_111' title='bbox 1758 1300 1867 1353; x_wconf 88' lang='grc' dir='ltr'><strong>τῶν</strong></span> 
     </span>
    </p>
   </div>
   <div class='ocr_carea' id='block_1_14' title="bbox 2067 935 3553 1016">
    <p class='ocr_par' dir='ltr' id='par_1_14' title="bbox 2067 935 3553 1016">
     <span class='ocr_line' id='line_1_14' title="bbox 2067 935 3553 1016; baseline 0.009 -29"><span class='ocrx_word' id='word_1_112' title='bbox 2067 935 2307 990; x_wconf 81' lang='lat' dir='ltr'><strong>Rursum</strong></span> <span class='ocrx_word' id='word_1_113' title='bbox 2347 937 2620 992; x_wconf 82' lang='lat' dir='ltr'><strong>undenam</strong></span> <span class='ocrx_word' id='word_1_114' title='bbox 2689 950 2743 993; x_wconf 92' lang='lat' dir='ltr'><strong>tu</strong></span> <span class='ocrx_word' id='word_1_115' title='bbox 2796 958 2950 997; x_wconf 82' lang='lat' dir='ltr'><strong>arces</strong></span> <span class='ocrx_word' id='word_1_116' title='bbox 3002 944 3125 999; x_wconf 87' lang='lat' dir='ltr'><strong>illas</strong></span> <span class='ocrx_word' id='word_1_117' title='bbox 3200 954 3342 1011; x_wconf 86' lang='lat' dir='ltr'><strong>tuas,</strong></span> <span class='ocrx_word' id='word_1_118' title='bbox 3401 948 3553 1016; x_wconf 61' lang='lat' dir='ltr'><strong>ingv-</strong></span> 
     </span>
    </p>
   </div>
   <div class='ocr_carea' id='block_1_15' title="bbox 1983 1027 3547 1107">
    <p class='ocr_par' dir='ltr' id='par_1_15' title="bbox 1983 1027 3547 1107">
     <span class='ocr_line' id='line_1_15' title="bbox 1983 1027 3547 1107; baseline 0.006 -26"><span class='ocrx_word' id='word_1_119' title='bbox 1983 1027 2156 1081; x_wconf 91' lang='lat' dir='ltr'><strong>nitum</strong></span> <span class='ocrx_word' id='word_1_120' title='bbox 2183 1038 2277 1083; x_wconf 86' lang='lat' dir='ltr'><strong>aut</strong></span> <span class='ocrx_word' id='word_1_121' title='bbox 2332 1032 2790 1101; x_wconf 89' lang='lat' dir='ltr'><strong>anarchum(hoc</strong></span> <span class='ocrx_word' id='word_1_122' title='bbox 2841 1043 2924 1087; x_wconf 86' lang='lat' dir='ltr'><strong>est</strong></span> <span class='ocrx_word' id='word_1_123' title='bbox 2976 1037 3235 1104; x_wconf 89' lang='lat' dir='ltr'><strong>principii</strong></span> <span class='ocrx_word' id='word_1_124' title='bbox 3285 1038 3547 1107; x_wconf 74' lang='lat' dir='ltr'><strong>expers),</strong></span> 
     </span>
    </p>
   </div>
   <div class='ocr_carea' id='block_1_16' title="bbox 1982 1120 3549 1185">
    <p class='ocr_par' dir='ltr' id='par_1_16' title="bbox 1982 1120 3549 1185">
     <span class='ocr_line' id='line_1_16' title="bbox 1982 1120 3549 1185; baseline 0.008 -14"><span class='ocrx_word' id='word_1_125' title='bbox 1982 1120 2261 1185; x_wconf 83' lang='lat' dir='ltr'><strong>accepisti,</strong></span> <span class='ocrx_word' id='word_1_126' title='bbox 2294 1131 2388 1175; x_wconf 87' lang='lat' dir='ltr'><strong>aut</strong></span> <span class='ocrx_word' id='word_1_127' title='bbox 2440 1137 2539 1176; x_wconf 90' lang='lat' dir='ltr'><strong>nos</strong></span> <span class='ocrx_word' id='word_1_128' title='bbox 2577 1124 2738 1176; x_wconf 91' lang='lat' dir='ltr'><strong>etiam</strong></span> <span class='ocrx_word' id='word_1_129' title='bbox 2798 1124 3125 1181; x_wconf 89' lang='lat' dir='ltr'><strong>immortalis</strong></span> <span class='ocrx_word' id='word_1_130' title='bbox 3155 1143 3341 1182; x_wconf 89' lang='lat' dir='ltr'><strong>vocem</strong></span> <span class='ocrx_word' id='word_1_131' title='bbox 3370 1130 3392 1181; x_wconf 89' lang='lat'><strong>?</strong></span> <span class='ocrx_word' id='word_1_132' title='bbox 3425 1130 3549 1184; x_wconf 76' lang='lat' dir='ltr'><strong>Haec</strong></span> 
     </span>
    </p>
   </div>
   <div class='ocr_carea' id='block_1_17' title="bbox 1981 1210 3547 1287">
    <p class='ocr_par' dir='ltr' id='par_1_17' title="bbox 1981 1210 3547 1287">
     <span class='ocr_line' id='line_1_17' title="bbox 1981 1210 3547 1287; baseline 0.008 -24"><span class='ocrx_word' id='word_1_133' title='bbox 1981 1210 2301 1264; x_wconf 85' lang='lat' dir='ltr'><strong>nominatim</strong></span> <span class='ocrx_word' id='word_1_134' title='bbox 2337 1219 2390 1265; x_wconf 90' lang='lat' dir='ltr'><strong>et</strong></span> <span class='ocrx_word' id='word_1_135' title='bbox 2424 1228 2680 1281; x_wconf 74' lang='lat' dir='ltr'><strong>expresse</strong></span> <span class='ocrx_word' id='word_1_136' title='bbox 2709 1218 2959 1281; x_wconf 85' lang='lat' dir='ltr'><strong>ostende,</strong></span> <span class='ocrx_word' id='word_1_137' title='bbox 3000 1231 3062 1272; x_wconf 89' lang='lat' dir='ltr'><strong>ea</strong></span> <span class='ocrx_word' id='word_1_138' title='bbox 3097 1218 3177 1271; x_wconf 88' lang='lat' dir='ltr'><strong>vel</strong></span> <span class='ocrx_word' id='word_1_139' title='bbox 3212 1220 3547 1287; x_wconf 89' lang='lat' dir='ltr'><strong>rejiciemus,</strong></span> 
     </span>
    </p>
   </div>
   <div class='ocr_carea' id='block_1_18' title="bbox 1981 1302 3611 1380">
    <p class='ocr_par' dir='ltr' id='par_1_18' title="bbox 1981 1302 3611 1380">
     <span class='ocr_line' id='line_1_18' title="bbox 1981 1302 3611 1380; baseline 0.008 -23"><span class='ocrx_word' id='word_1_140' title='bbox 1981 1306 2110 1373; x_wconf 86' lang='lat' dir='ltr'><strong>quia</strong></span> <span class='ocrx_word' id='word_1_141' title='bbox 2161 1306 2213 1358; x_wconf 91' lang='lat' dir='ltr'><strong>in</strong></span> <span class='ocrx_word' id='word_1_142' title='bbox 2250 1304 2535 1374; x_wconf 88' lang='lat' dir='ltr'><strong>Scriptura</strong></span> <span class='ocrx_word' id='word_1_143' title='bbox 2565 1322 2676 1361; x_wconf 92' lang='lat' dir='ltr'><strong>non</strong></span> <span class='ocrx_word' id='word_1_144' title='bbox 2735 1302 2972 1373; x_wconf 79' lang='lat' dir='ltr'><strong>exstant,</strong></span> <span class='ocrx_word' id='word_1_145' title='bbox 3006 1310 3092 1363; x_wconf 89' lang='lat' dir='ltr'><strong>vel</strong></span> <span class='ocrx_word' id='word_1_146' title='bbox 3148 1325 3543 1380; x_wconf 79' lang='lat' dir='ltr'><strong>expungemus.</strong></span> <span class='ocrx_word' id='word_1_147' title='bbox 3603 1364 3611 1370; x_wconf 90' lang='lat'><strong>.</strong></span> 
     </span>
    </p>
   </div>
   <div class='ocr_carea' id='block_1_19' title="bbox 294 1386 1865 1471">
    <p class='ocr_par' dir='ltr' id='par_1_19' title="bbox 294 1386 1865 1463">
     <span class='ocr_line' id='line_1_19' title="bbox 294 1386 1865 1463; baseline 0.001 -19"><span class='ocrx_word' id='word_1_148' title='bbox 294 1395 605 1463; x_wconf 81' lang='grc' dir='ltr'>ὀνομάτων,</span> <span class='ocrx_word' id='word_1_149' title='bbox 654 1396 748 1446; x_wconf 81' lang='grc' dir='ltr'><strong>καὶ</strong></span> <span class='ocrx_word' id='word_1_150' title='bbox 786 1392 881 1445; x_wconf 79' lang='grc' dir='ltr'>τοῦ</span> <span class='ocrx_word' id='word_1_151' title='bbox 939 1392 1150 1461; x_wconf 89' lang='grc' dir='ltr'>τείχους</span> <span class='ocrx_word' id='word_1_152' title='bbox 1194 1394 1293 1461; x_wconf 88' lang='grc' dir='ltr'>τῆς</span> <span class='ocrx_word' id='word_1_153' title='bbox 1344 1395 1670 1461; x_wconf 75' lang='grc' dir='ltr'>καταφυγῆς</span> <span class='ocrx_word' id='word_1_154' title='bbox 1709 1392 1795 1461; x_wconf 74' lang='grc' dir='ltr'><strong>ἐφ’</strong></span> <span class='ocrx_word' id='word_1_155' title='bbox 1824 1386 1865 1458; x_wconf 80' lang='grc' dir='ltr'><strong>ᾧ</strong></span> 
     </span>
    </p>
   </div>
   <div class='ocr_carea' id='block_1_20' title="bbox 1967 1386 3548 1471">
    <p class='ocr_par' dir='ltr' id='par_1_20' title="bbox 1977 1399 3548 1471">
     <span class='ocr_line' id='line_1_20' title="bbox 1977 1399 3548 1471; baseline 0.004 -21"><span class='ocrx_word' id='word_1_156' title='bbox 1977 1399 2154 1464; x_wconf 86' lang='lat' dir='ltr'><strong>Atque</strong></span> <span class='ocrx_word' id='word_1_157' title='bbox 2178 1399 2249 1451; x_wconf 84' lang='lat' dir='ltr'><strong>ita</strong></span> <span class='ocrx_word' id='word_1_158' title='bbox 2284 1400 2507 1454; x_wconf 86' lang='lat' dir='ltr'><strong>tuismet</strong></span> <span class='ocrx_word' id='word_1_159' title='bbox 2558 1399 2672 1469; x_wconf 91' lang='lat' dir='ltr'><strong>ipse</strong></span> <span class='ocrx_word' id='word_1_160' title='bbox 2718 1402 2999 1470; x_wconf 88' lang='lat' dir='ltr'><strong>principiis</strong></span> <span class='ocrx_word' id='word_1_161' title='bbox 3035 1416 3330 1471; x_wconf 81' lang='lat' dir='ltr'><strong>Oppressus</strong></span> <span class='ocrx_word' id='word_1_162' title='bbox 3382 1407 3548 1458; x_wconf 89' lang='lat' dir='ltr'><strong>inter-</strong></span> 
     </span>
    </p>
   </div>
   <div class='ocr_carea' id='block_1_21' title="bbox 296 1483 1865 1560">
    <p class='ocr_par' dir='ltr' id='par_1_21' title="bbox 296 1483 1865 1553">
     <span class='ocr_line' id='line_1_21' title="bbox 296 1483 1865 1553; baseline -0.004 -11"><span class='ocrx_word' id='word_1_163' title='bbox 296 1487 634 1550; x_wconf 83' lang='grc' dir='ltr'>ὲπεποίθεις.</span> <span class='ocrx_word' id='word_1_164' title='bbox 672 1487 741 1540; x_wconf 86' lang='grc' dir='ltr'><em>Ἦ</em></span> <span class='ocrx_word' id='word_1_165' title='bbox 761 1486 939 1553; x_wconf 85' lang='grc' dir='ltr'>δῆλον,</span> <span class='ocrx_word' id='word_1_166' title='bbox 959 1485 1044 1537; x_wconf 81' lang='grc' dir='ltr'><strong>ὅτι</strong></span> <span class='ocrx_word' id='word_1_167' title='bbox 1073 1484 1137 1537; x_wconf 78' lang='grc' dir='ltr'>ὲκ</span> <span class='ocrx_word' id='word_1_168' title='bbox 1167 1484 1277 1537; x_wconf 85' lang='grc' dir='ltr'><strong>τῶν</strong></span> <span class='ocrx_word' id='word_1_169' title='bbox 1298 1483 1471 1537; x_wconf 80' lang='grc' dir='ltr'>ταῦτα</span> <span class='ocrx_word' id='word_1_170' title='bbox 1505 1486 1865 1553; x_wconf 82' lang='grc' dir='ltr'>συναγόντων,</span> 
     </span>
    </p>
   </div>
   <div class='ocr_carea' id='block_1_22' title="bbox 1967 1483 3548 1560">
    <p class='ocr_par' dir='ltr' id='par_1_22' title="bbox 1976 1487 3548 1560">
     <span class='ocr_line' id='line_1_22' title="bbox 1976 1487 3548 1560; baseline 0.003 -20"><span class='ocrx_word' id='word_1_171' title='bbox 1976 1487 2101 1549; x_wconf 90' lang='lat' dir='ltr'><strong>ibis,</strong></span> <span class='ocrx_word' id='word_1_172' title='bbox 2119 1487 2325 1541; x_wconf 88' lang='lat' dir='ltr'><strong>eversis</strong></span> <span class='ocrx_word' id='word_1_173' title='bbox 2354 1488 2612 1541; x_wconf 86' lang='lat' dir='ltr'><strong>nimirum</strong></span> <span class='ocrx_word' id='word_1_174' title='bbox 2640 1490 2731 1542; x_wconf 82' lang='lat' dir='ltr'><strong>tibi</strong></span> <span class='ocrx_word' id='word_1_175' title='bbox 2753 1491 3033 1545; x_wconf 80' lang='lat' dir='ltr'><strong>vocabulis</strong></span> <span class='ocrx_word' id='word_1_176' title='bbox 3056 1491 3184 1553; x_wconf 89' lang='lat' dir='ltr'><strong>illis,</strong></span> <span class='ocrx_word' id='word_1_177' title='bbox 3206 1491 3548 1560; x_wconf 73' lang='lat' dir='ltr'><strong>perfugiique</strong></span> 
     </span>
    </p>
   </div>
   <div class='ocr_carea' id='block_1_23' title="bbox 293 1560 1865 1650">
    <p class='ocr_par' dir='ltr' id='par_1_23' title="bbox 293 1560 1865 1650">
     <span class='ocr_line' id='line_1_23' title="bbox 293 1560 1865 1650; baseline -0.004 -16"><span class='ocrx_word' id='word_1_178' title='bbox 293 1582 408 1636; x_wconf 77' lang='grc' dir='ltr'><strong>κᾶν</strong></span> <span class='ocrx_word' id='word_1_179' title='bbox 450 1580 525 1650; x_wconf 83' lang='grc' dir='ltr'><strong>μὴ</strong></span> <span class='ocrx_word' id='word_1_180' title='bbox 557 1560 730 1633; x_wconf 77' lang='grc' dir='ltr'>ταῦτα</span> <span class='ocrx_word' id='word_1_181' title='bbox 770 1577 1036 1648; x_wconf 86' lang='grc' dir='ltr'>λέγηται;</span> <span class='ocrx_word' id='word_1_182' title='bbox 1069 1576 1242 1628; x_wconf 88' lang='grc' dir='ltr'>Τίνων</span> <span class='ocrx_word' id='word_1_183' title='bbox 1268 1576 1511 1643; x_wconf 85' lang='grc' dir='ltr'>τούτων;</span> <span class='ocrx_word' id='word_1_184' title='bbox 1555 1577 1706 1645; x_wconf 77' lang='grc' dir='ltr'><strong>Ἐγώ</strong></span> <span class='ocrx_word' id='word_1_185' title='bbox 1752 1578 1865 1644; x_wconf 72' lang='grc' dir='ltr'>ειμι</span> 
     </span>
    </p>
   </div>
   <div class='ocr_carea' id='block_1_24' title="bbox 1967 1560 3542 1650">
    <p class='ocr_par' dir='ltr' id='par_1_24' title="bbox 1976 1579 3542 1649">
     <span class='ocr_line' id='line_1_24' title="bbox 1976 1579 3542 1649; baseline 0.002 -19"><span class='ocrx_word' id='word_1_186' title='bbox 1976 1579 2267 1640; x_wconf 59' lang='lat' dir='ltr'><strong>manibus,</strong></span> <span class='ocrx_word' id='word_1_187' title='bbox 2295 1580 2345 1632; x_wconf 92' lang='lat' dir='ltr'><strong>in</strong></span> <span class='ocrx_word' id='word_1_188' title='bbox 2379 1580 2579 1646; x_wconf 85' lang='lat' dir='ltr'><strong>quibus</strong></span> <span class='ocrx_word' id='word_1_189' title='bbox 2602 1580 2937 1635; x_wconf 84' lang='lat' dir='ltr'><strong>conﬁdebas.</strong></span> <span class='ocrx_word' id='word_1_190' title='bbox 2972 1581 3162 1634; x_wconf 81' lang='lat' dir='ltr'><strong>Nonne</strong></span> <span class='ocrx_word' id='word_1_191' title='bbox 3191 1583 3542 1649; x_wconf 89' lang='lat' dir='ltr'><strong>perspicuum</strong></span> 
     </span>
    </p>
   </div>
   <div class='ocr_carea' id='block_1_25' title="bbox 293 1668 1865 1748">
    <p class='ocr_par' dir='ltr' id='par_1_25' title="bbox 293 1668 1865 1744">
     <span class='ocr_line' id='line_1_25' title="bbox 293 1668 1865 1744; baseline -0.004 -15"><span class='ocrx_word' id='word_1_192' title='bbox 293 1670 554 1744; x_wconf 76' lang='grc' dir='ltr'>πρῶτος,</span> <span class='ocrx_word' id='word_1_193' title='bbox 581 1672 812 1743; x_wconf 76' lang='grc' dir='ltr'>καὶέγὼ</span> <span class='ocrx_word' id='word_1_194' title='bbox 843 1672 995 1741; x_wconf 73' lang='grc' dir='ltr'>μετὰ</span> <span class='ocrx_word' id='word_1_195' title='bbox 1028 1673 1235 1727; x_wconf 84' lang='grc' dir='ltr'>ταῦτα·</span> <span class='ocrx_word' id='word_1_196' title='bbox 1276 1670 1392 1733; x_wconf 74' lang='grc' dir='ltr'>καὶ,</span> <span class='ocrx_word' id='word_1_197' title='bbox 1422 1670 1543 1735; x_wconf 83' lang='grc' dir='ltr'>Πρὸ</span> <span class='ocrx_word' id='word_1_198' title='bbox 1571 1668 1721 1738; x_wconf 85' lang='grc' dir='ltr'><strong>ἐμοῦ</strong></span> <span class='ocrx_word' id='word_1_199' title='bbox 1754 1670 1865 1723; x_wconf 77' lang='grc' dir='ltr'>οὐκ</span> 
     </span>
    </p>
   </div>
   <div class='ocr_carea' id='block_1_26' title="bbox 1967 1668 3538 1748">
    <p class='ocr_par' dir='ltr' id='par_1_26' title="bbox 1975 1671 3538 1742">
     <span class='ocr_line' id='line_1_26' title="bbox 1975 1671 3538 1742; baseline 0 -18"><span class='ocrx_word' id='word_1_200' title='bbox 1975 1680 2079 1734; x_wconf 86' lang='lat' dir='ltr'><strong>est,</strong></span> <span class='ocrx_word' id='word_1_201' title='bbox 2100 1673 2213 1725; x_wconf 65' lang='lat' dir='ltr'><strong>haic</strong></span> <span class='ocrx_word' id='word_1_202' title='bbox 2243 1673 2310 1725; x_wconf 90' lang='lat' dir='ltr'><strong>de</strong></span> <span class='ocrx_word' id='word_1_203' title='bbox 2340 1671 2407 1726; x_wconf 92' lang='lat' dir='ltr'><strong>iis</strong></span> <span class='ocrx_word' id='word_1_204' title='bbox 2430 1684 2646 1740; x_wconf 88' lang='lat' dir='ltr'><strong>sumpta</strong></span> <span class='ocrx_word' id='word_1_205' title='bbox 2676 1688 2818 1732; x_wconf 83' lang='lat' dir='ltr'><strong>esse,</strong></span> <span class='ocrx_word' id='word_1_206' title='bbox 2844 1674 3140 1742; x_wconf 74' lang='lat' dir='ltr'><strong>exquibus</strong></span> <span class='ocrx_word' id='word_1_207' title='bbox 3175 1674 3538 1740; x_wconf 76' lang='lat' dir='ltr'><strong>colliguntur,</strong></span> 
     </span>
    </p>
   </div>
   <div class='ocr_carea' id='block_1_27' title="bbox 288 1762 1865 1834">
    <p class='ocr_par' dir='ltr' id='par_1_27' title="bbox 288 1762 1865 1832">
     <span class='ocr_line' id='line_1_27' title="bbox 288 1762 1865 1832; baseline -0.004 -11"><span class='ocrx_word' id='word_1_208' title='bbox 288 1770 468 1822; x_wconf 76' lang='grc' dir='ltr'>ἔστιν</span> <span class='ocrx_word' id='word_1_209' title='bbox 490 1767 681 1831; x_wconf 67' lang='grc' dir='ltr'>ἄλλος</span> <span class='ocrx_word' id='word_1_210' title='bbox 699 1764 866 1830; x_wconf 79' lang='grc' dir='ltr'>Θεὸς,</span> <span class='ocrx_word' id='word_1_211' title='bbox 893 1764 991 1818; x_wconf 79' lang='grc' dir='ltr'><strong>καί</strong></span> <span class='ocrx_word' id='word_1_212' title='bbox 1034 1765 1165 1832; x_wconf 82' lang='grc' dir='ltr'>μετ’</span> <span class='ocrx_word' id='word_1_213' title='bbox 1191 1762 1298 1832; x_wconf 79' lang='grc' dir='ltr'><strong>ἐμὲ</strong></span> <span class='ocrx_word' id='word_1_214' title='bbox 1329 1766 1441 1817; x_wconf 82' lang='grc' dir='ltr'>οὐκ</span> <span class='ocrx_word' id='word_1_215' title='bbox 1463 1762 1659 1816; x_wconf 80' lang='grc' dir='ltr'>ἔσται.</span> <span class='ocrx_word' id='word_1_216' title='bbox 1706 1762 1865 1828; x_wconf 82' lang='grc' dir='ltr'>Ὀλον</span> 
     </span>
    </p>
   </div>
   <div class='ocr_carea' id='block_1_28' title="bbox 1967 1762 3545 1834">
    <p class='ocr_par' dir='ltr' id='par_1_28' title="bbox 1972 1763 3545 1834">
     <span class='ocr_line' id='line_1_28' title="bbox 1972 1763 3545 1834; baseline -0.001 -17"><span class='ocrx_word' id='word_1_217' title='bbox 1972 1764 2186 1817; x_wconf 89' lang='lat' dir='ltr'><strong>tametsi</strong></span> <span class='ocrx_word' id='word_1_218' title='bbox 2212 1764 2436 1817; x_wconf 89' lang='lat' dir='ltr'><strong>minime</strong></span> <span class='ocrx_word' id='word_1_219' title='bbox 2458 1763 2749 1818; x_wconf 86' lang='lat' dir='ltr'><strong>dicantur?</strong></span> <span class='ocrx_word' id='word_1_220' title='bbox 2770 1765 2983 1830; x_wconf 88' lang='lat' dir='ltr'><strong>Quibus</strong></span> <span class='ocrx_word' id='word_1_221' title='bbox 3014 1766 3227 1818; x_wconf 89' lang='lat' dir='ltr'><strong>tandem</strong></span> <span class='ocrx_word' id='word_1_222' title='bbox 3254 1766 3277 1817; x_wconf 85' lang='lat'><strong>?</strong></span> <span class='ocrx_word' id='word_1_223' title='bbox 3305 1765 3413 1834; x_wconf 87' lang='lat' dir='ltr'><strong>Ego</strong></span> <span class='ocrx_word' id='word_1_224' title='bbox 3430 1782 3545 1819; x_wconf 77' lang='lat' dir='ltr'><strong>sum</strong></span> 
     </span>
    </p>
   </div>
   <div class='ocr_carea' id='block_1_29' title="bbox 291 1854 1868 1930">
    <p class='ocr_par' dir='ltr' id='par_1_29' title="bbox 291 1854 1868 1930">
     <span class='ocr_line' id='line_1_29' title="bbox 291 1854 1868 1930; baseline -0.005 -16"><span class='ocrx_word' id='word_1_225' title='bbox 291 1861 411 1930; x_wconf 82' lang='grc' dir='ltr'>γὰρ</span> <span class='ocrx_word' id='word_1_226' title='bbox 438 1860 498 1913; x_wconf 82' lang='grc' dir='ltr'>τὺ</span> <span class='ocrx_word' id='word_1_227' title='bbox 521 1861 714 1921; x_wconf 79' lang='grc' dir='ltr'>ἐστιν,</span> <span class='ocrx_word' id='word_1_228' title='bbox 757 1856 909 1927; x_wconf 79' lang='grc' dir='ltr'><strong>έμόν⁸</strong></span> <span class='ocrx_word' id='word_1_229' title='bbox 939 1855 1065 1909; x_wconf 76' lang='grc' dir='ltr'>οὔτε</span> <span class='ocrx_word' id='word_1_230' title='bbox 1087 1857 1390 1925; x_wconf 75' lang='grc' dir='ltr'>ἠργμένον,</span> <span class='ocrx_word' id='word_1_231' title='bbox 1418 1854 1542 1907; x_wconf 78' lang='grc' dir='ltr'>οὔτε</span> <span class='ocrx_word' id='word_1_232' title='bbox 1586 1854 1868 1922; x_wconf 89' lang='grc' dir='ltr'>παυσόμε-</span> 
     </span>
    </p>
   </div>
   <div class='ocr_carea' id='block_1_30' title="bbox 289 1945 1869 2018">
    <p class='ocr_par' dir='ltr' id='par_1_30' title="bbox 289 1945 1869 2018">
     <span class='ocr_line' id='line_1_30' title="bbox 289 1945 1869 2018; baseline -0.006 -11"><span class='ocrx_word' id='word_1_233' title='bbox 289 1950 611 2007; x_wconf 87' lang='grc' dir='ltr'>νον.Ταῦτα</span> <span class='ocrx_word' id='word_1_234' title='bbox 627 1950 830 2012; x_wconf 81' lang='grc' dir='ltr'>λαῦὼν,</span> <span class='ocrx_word' id='word_1_235' title='bbox 851 1950 913 2003; x_wconf 77' lang='grc' dir='ltr'>τὸ</span> <span class='ocrx_word' id='word_1_236' title='bbox 936 1951 1060 2018; x_wconf 80' lang='grc' dir='ltr'>μὲν,</span> <span class='ocrx_word' id='word_1_237' title='bbox 1082 1947 1157 2017; x_wconf 86' lang='grc' dir='ltr'><strong>μὴ</strong></span> <span class='ocrx_word' id='word_1_238' title='bbox 1180 1945 1320 2001; x_wconf 77' lang='grc' dir='ltr'><strong>εἷναί</strong></span> <span class='ocrx_word' id='word_1_239' title='bbox 1339 1966 1391 2001; x_wconf 87' lang='grc' dir='ltr'><strong>τι</strong></span> <span class='ocrx_word' id='word_1_240' title='bbox 1416 1948 1522 2017; x_wconf 74' lang='grc' dir='ltr'><strong>πρδ</strong></span> <span class='ocrx_word' id='word_1_241' title='bbox 1544 1946 1733 2007; x_wconf 84' lang='grc' dir='ltr'>αὐτοῦ,</span> <span class='ocrx_word' id='word_1_242' title='bbox 1761 1962 1869 2015; x_wconf 83' lang='grc' dir='ltr'>μη-</span> 
     </span>
    </p>
   </div>
   <div class='ocr_carea' id='block_1_31' title="bbox 290 2039 1862 2112">
    <p class='ocr_par' dir='ltr' id='par_1_31' title="bbox 290 2039 1862 2112">
     <span class='ocr_line' id='line_1_31' title="bbox 290 2039 1862 2112; baseline -0.006 -15"><span class='ocrx_word' id='word_1_243' title='bbox 290 2046 355 2097; x_wconf 75' lang='grc' dir='ltr'>δὲ</span> <span class='ocrx_word' id='word_1_244' title='bbox 391 2043 769 2112; x_wconf 79' lang='grc' dir='ltr'>πρεσϐυτέραν</span> <span class='ocrx_word' id='word_1_245' title='bbox 810 2043 991 2094; x_wconf 73' lang='grc' dir='ltr'>αἰτίαν</span> <span class='ocrx_word' id='word_1_246' title='bbox 1026 2041 1194 2111; x_wconf 74' lang='grc' dir='ltr'>ἔχειν,</span> <span class='ocrx_word' id='word_1_247' title='bbox 1222 2040 1460 2110; x_wconf 80' lang='grc' dir='ltr'>ἄναρχον</span> <span class='ocrx_word' id='word_1_248' title='bbox 1482 2039 1862 2109; x_wconf 83' lang='grc' dir='ltr'>προσηγόρευ-</span> 
     </span>
    </p>
   </div>
   <div class='ocr_carea' id='block_1_32' title="bbox 296 2126 1859 2204">
    <p class='ocr_par' dir='ltr' id='par_1_32' title="bbox 296 2126 1859 2204">
     <span class='ocr_line' id='line_1_32' title="bbox 296 2126 1859 2204; baseline -0.006 -14"><span class='ocrx_word' id='word_1_249' title='bbox 296 2153 421 2200; x_wconf 83' lang='grc' dir='ltr'>σας,</span> <span class='ocrx_word' id='word_1_250' title='bbox 443 2135 537 2190; x_wconf 79' lang='grc' dir='ltr'>καὶ</span> <span class='ocrx_word' id='word_1_251' title='bbox 563 2135 883 2204; x_wconf 80' lang='grc' dir='ltr'><strong>ἀγέννητον·</strong></span> <span class='ocrx_word' id='word_1_252' title='bbox 905 2132 969 2187; x_wconf 82' lang='grc' dir='ltr'>τὸ</span> <span class='ocrx_word' id='word_1_253' title='bbox 997 2133 1075 2195; x_wconf 81' lang='grc' dir='ltr'><strong>δὲ,</strong></span> <span class='ocrx_word' id='word_1_254' title='bbox 1106 2133 1179 2201; x_wconf 83' lang='grc' dir='ltr'>μὴ</span> <span class='ocrx_word' id='word_1_255' title='bbox 1226 2132 1525 2200; x_wconf 74' lang='grc' dir='ltr'>στήσεσθαι</span> <span class='ocrx_word' id='word_1_256' title='bbox 1576 2130 1675 2183; x_wconf 82' lang='grc' dir='ltr'>τοῦ</span> <span class='ocrx_word' id='word_1_257' title='bbox 1697 2126 1859 2196; x_wconf 81' lang='grc' dir='ltr'>εἶναι,</span> 
     </span>
    </p>
   </div>
   <div class='ocr_carea' id='block_1_33' title="bbox 291 2221 1860 2295">
    <p class='ocr_par' dir='ltr' id='par_1_33' title="bbox 291 2221 1860 2295">
     <span class='ocr_line' id='line_1_33' title="bbox 291 2221 1860 2295; baseline -0.006 -12"><span class='ocrx_word' id='word_1_258' title='bbox 291 2229 568 2283; x_wconf 79' lang='grc' dir='ltr'>ἀθάνατον</span> <span class='ocrx_word' id='word_1_259' title='bbox 584 2229 681 2283; x_wconf 72' lang='grc' dir='ltr'>καὶ</span> <span class='ocrx_word' id='word_1_260' title='bbox 691 2226 1017 2295; x_wconf 81' lang='grc' dir='ltr'>ἀνώλεθρον.</span> <span class='ocrx_word' id='word_1_261' title='bbox 1044 2226 1108 2278; x_wconf 81' lang='lat' dir='ltr'><strong>Ai</strong></span> <span class='ocrx_word' id='word_1_262' title='bbox 1133 2224 1231 2294; x_wconf 79' lang='grc' dir='ltr'><strong>μὲν</strong></span> <span class='ocrx_word' id='word_1_263' title='bbox 1245 2224 1309 2292; x_wconf 83' lang='grc' dir='ltr'><strong>δὴ</strong></span> <span class='ocrx_word' id='word_1_264' title='bbox 1327 2222 1543 2292; x_wconf 88' lang='grc' dir='ltr'>πρῶται</span> <span class='ocrx_word' id='word_1_265' title='bbox 1580 2221 1860 2291; x_wconf 76' lang='grc' dir='ltr'>συζυγίαι,</span> 
     </span>
    </p>
   </div>
   <div class='ocr_carea' id='block_1_34' title="bbox 291 2310 1865 2384">
    <p class='ocr_par' dir='ltr' id='par_1_34' title="bbox 291 2310 1865 2384">
     <span class='ocr_line' id='line_1_34' title="bbox 291 2310 1865 2384; baseline -0.006 -12"><span class='ocrx_word' id='word_1_266' title='bbox 291 2318 570 2381; x_wconf 84' lang='grc' dir='ltr'>τοιαῦται,</span> <span class='ocrx_word' id='word_1_267' title='bbox 606 2318 703 2371; x_wconf 75' lang='grc' dir='ltr'>καὶ</span> <span class='ocrx_word' id='word_1_268' title='bbox 740 2314 915 2378; x_wconf 77' lang='grc' dir='ltr'>οὕτως</span> <span class='ocrx_word' id='word_1_269' title='bbox 961 2316 1211 2384; x_wconf 81' lang='grc' dir='ltr'>έχουσαι.</span> <span class='ocrx_word' id='word_1_270' title='bbox 1276 2313 1413 2366; x_wconf 87' lang='grc' dir='ltr'>Τίνα</span> <span class='ocrx_word' id='word_1_271' title='bbox 1445 2312 1503 2365; x_wconf 84' lang='grc' dir='ltr'>δὲ</span> <span class='ocrx_word' id='word_1_272' title='bbox 1533 2310 1658 2364; x_wconf 72' lang='grc' dir='ltr'>οὔτε</span> <span class='ocrx_word' id='word_1_273' title='bbox 1696 2312 1865 2376; x_wconf 74' lang='grc' dir='ltr'>ἔστιν,</span> 
     </span>
    </p>
   </div>
   <div class='ocr_carea' id='block_1_35' title="bbox 286 2404 1865 2477">
    <p class='ocr_par' dir='ltr' id='par_1_35' title="bbox 286 2404 1865 2477">
     <span class='ocr_line' id='line_1_35' title="bbox 286 2404 1865 2477; baseline -0.006 -14"><span class='ocrx_word' id='word_1_274' title='bbox 286 2410 420 2463; x_wconf 79' lang='grc' dir='ltr'>οὔτε</span> <span class='ocrx_word' id='word_1_275' title='bbox 443 2409 666 2477; x_wconf 85' lang='grc' dir='ltr'>λέγεται</span> <span class='ocrx_word' id='word_1_276' title='bbox 686 2423 703 2474; x_wconf 88' lang='grc'>;</span> <span class='ocrx_word' id='word_1_277' title='bbox 738 2405 983 2475; x_wconf 84' lang='grc' dir='ltr'>Πονηρὸν</span> <span class='ocrx_word' id='word_1_278' title='bbox 1003 2405 1068 2458; x_wconf 84' lang='grc' dir='ltr'><strong>τδ</strong></span> <span class='ocrx_word' id='word_1_279' title='bbox 1098 2404 1267 2468; x_wconf 83' lang='grc' dir='ltr'>θεῖον,</span> <span class='ocrx_word' id='word_1_280' title='bbox 1288 2405 1323 2472; x_wconf 79' lang='grc' dir='ltr'><strong>ἠ</strong></span> <span class='ocrx_word' id='word_1_281' title='bbox 1350 2406 1561 2472; x_wconf 77' lang='grc' dir='ltr'>σφαῖρα</span> <span class='ocrx_word' id='word_1_282' title='bbox 1582 2404 1865 2472; x_wconf 83' lang='grc' dir='ltr'>τετράγω-</span> 
     </span>
    </p>
   </div>
   <div class='ocr_carea' id='block_1_36' title="bbox 290 2495 1865 2571">
    <p class='ocr_par' dir='ltr' id='par_1_36' title="bbox 290 2495 1865 2571">
     <span class='ocr_line' id='line_1_36' title="bbox 290 2495 1865 2571; baseline -0.004 -16"><span class='ocrx_word' id='word_1_283' title='bbox 290 2519 410 2566; x_wconf 86' lang='grc' dir='ltr'>νος,</span> <span class='ocrx_word' id='word_1_284' title='bbox 433 2504 494 2555; x_wconf 79' lang='grc' dir='ltr'><strong>τὸ</strong></span> <span class='ocrx_word' id='word_1_285' title='bbox 506 2499 784 2571; x_wconf 80' lang='grc' dir='ltr'>παρελθὸν</span> <span class='ocrx_word' id='word_1_286' title='bbox 803 2498 1101 2568; x_wconf 67' lang='grc' dir='ltr'>ἐνέστηκεν</span> <span class='ocrx_word' id='word_1_287' title='bbox 1143 2496 1206 2550; x_wconf 83' lang='grc' dir='ltr'><strong>οὐ</strong></span> <span class='ocrx_word' id='word_1_288' title='bbox 1232 2495 1492 2550; x_wconf 85' lang='grc' dir='ltr'>σύνθετον</span> <span class='ocrx_word' id='word_1_289' title='bbox 1512 2497 1538 2549; x_wconf 90' lang='grc' dir='ltr'><strong>ό</strong></span> <span class='ocrx_word' id='word_1_290' title='bbox 1555 2496 1865 2565; x_wconf 76' lang='grc' dir='ltr'>ἄνθρωπος’</span> 
     </span>
    </p>
   </div>
   <div class='ocr_carea' id='block_1_37' title="bbox 288 2587 1865 2663">
    <p class='ocr_par' dir='ltr' id='par_1_37' title="bbox 288 2587 1865 2663">
     <span class='ocr_line' id='line_1_37' title="bbox 288 2587 1865 2663; baseline -0.007 -15"><span class='ocrx_word' id='word_1_291' title='bbox 288 2595 434 2648; x_wconf 89' lang='grc' dir='ltr'>Τίνα</span> <span class='ocrx_word' id='word_1_292' title='bbox 460 2595 569 2663; x_wconf 80' lang='grc' dir='ltr'>γὰρ</span> <span class='ocrx_word' id='word_1_293' title='bbox 594 2594 676 2656; x_wconf 87' lang='grc' dir='ltr'><strong>είς</strong></span> <span class='ocrx_word' id='word_1_294' title='bbox 698 2592 958 2645; x_wconf 83' lang='grc' dir='ltr'>τοσοῦτον</span> <span class='ocrx_word' id='word_1_295' title='bbox 1010 2587 1324 2659; x_wconf 69' lang='grc' dir='ltr'>ἐμπληξίας</span> <span class='ocrx_word' id='word_1_296' title='bbox 1368 2587 1502 2640; x_wconf 80' lang='grc' dir='ltr'>ποτὲ</span> <span class='ocrx_word' id='word_1_297' title='bbox 1526 2587 1865 2657; x_wconf 83' lang='grc' dir='ltr'>ἀφικόμενον</span> 
     </span>
    </p>
   </div>
   <div class='ocr_carea' id='block_1_38' title="bbox 288 2676 1866 2755">
    <p class='ocr_par' dir='ltr' id='par_1_38' title="bbox 288 2676 1866 2755">
     <span class='ocr_line' id='line_1_38' title="bbox 288 2676 1866 2755; baseline -0.009 -14"><span class='ocrx_word' id='word_1_298' title='bbox 288 2689 487 2755; x_wconf 79' lang='grc' dir='ltr'>ἔγνως,</span> <span class='ocrx_word' id='word_1_299' title='bbox 523 2685 665 2740; x_wconf 84' lang='grc' dir='ltr'>ὥστε</span> <span class='ocrx_word' id='word_1_300' title='bbox 698 2701 753 2737; x_wconf 88' lang='grc' dir='ltr'><strong>τι</strong></span> <span class='ocrx_word' id='word_1_301' title='bbox 804 2682 1068 2748; x_wconf 85' lang='grc' dir='ltr'>τοιοῦτον,</span> <span class='ocrx_word' id='word_1_302' title='bbox 1124 2681 1155 2749; x_wconf 80' lang='grc' dir='ltr'>ἢ</span> <span class='ocrx_word' id='word_1_303' title='bbox 1186 2680 1441 2747; x_wconf 72' lang='grc' dir='ltr'>ἐννοῆσαι</span> <span class='ocrx_word' id='word_1_304' title='bbox 1473 2678 1770 2746; x_wconf 86' lang='grc' dir='ltr'>τολμῆσαι,</span> <span class='ocrx_word' id='word_1_305' title='bbox 1832 2676 1866 2748; x_wconf 77' lang='grc' dir='ltr'><strong>ἢ</strong></span> 
     </span>
    </p>
   </div>
   <div class='ocr_carea' id='block_1_39' title="bbox 284 2766 1860 2849">
    <p class='ocr_par' dir='ltr' id='par_1_39' title="bbox 284 2766 1860 2849">
     <span class='ocr_line' id='line_1_39' title="bbox 284 2766 1860 2849; baseline -0.01 -16"><span class='ocrx_word' id='word_1_306' title='bbox 284 2776 683 2849; x_wconf 81' lang='grc' dir='ltr'>ἀποφήνασθαι</span> <span class='ocrx_word' id='word_1_307' title='bbox 704 2792 721 2843; x_wconf 79' lang='grc'>;</span> <span class='ocrx_word' id='word_1_308' title='bbox 752 2775 1017 2830; x_wconf 81' lang='grc' dir='ltr'>Λείπεται</span> <span class='ocrx_word' id='word_1_309' title='bbox 1067 2771 1241 2837; x_wconf 82' lang='grc' dir='ltr'>δεῖξαι</span> <span class='ocrx_word' id='word_1_310' title='bbox 1288 2768 1413 2822; x_wconf 90' lang='grc' dir='ltr'>τίνα</span> <span class='ocrx_word' id='word_1_311' title='bbox 1445 2769 1541 2821; x_wconf 84' lang='grc' dir='ltr'>καὶ</span> <span class='ocrx_word' id='word_1_312' title='bbox 1576 2767 1720 2831; x_wconf 77' lang='grc' dir='ltr'>ἐστι,</span> <span class='ocrx_word' id='word_1_313' title='bbox 1763 2766 1860 2845; x_wconf 68' lang='grc' dir='ltr'><strong>καὶ</strong></span> 
     </span>
    </p>
   </div>
   <div class='ocr_carea' id='block_1_40' title="bbox 291 2857 1868 2937">
    <p class='ocr_par' dir='ltr' id='par_1_40' title="bbox 291 2857 1868 2937">
     <span class='ocr_line' id='line_1_40' title="bbox 291 2857 1868 2937; baseline -0.009 -15"><span class='ocrx_word' id='word_1_314' title='bbox 291 2869 539 2937; x_wconf 82' lang='grc' dir='ltr'>λέγεται·</span> <span class='ocrx_word' id='word_1_315' title='bbox 568 2866 722 2931; x_wconf 76' lang='grc' dir='ltr'>Θεὸς,</span> <span class='ocrx_word' id='word_1_316' title='bbox 753 2863 1064 2934; x_wconf 76' lang='grc' dir='ltr'>ἄνθρωπος,</span> <span class='ocrx_word' id='word_1_317' title='bbox 1094 2860 1348 2929; x_wconf 78' lang='grc' dir='ltr'>ἄγγελος,</span> <span class='ocrx_word' id='word_1_318' title='bbox 1397 2858 1598 2929; x_wconf 86' lang='grc' dir='ltr'>κρίσις,</span> <span class='ocrx_word' id='word_1_319' title='bbox 1640 2857 1868 2926; x_wconf 83' lang='grc' dir='ltr'>ματαιό-</span> 
     </span>
    </p>
   </div>
   <div class='ocr_carea' id='block_1_41' title="bbox 291 2950 1866 3032">
    <p class='ocr_par' dir='ltr' id='par_1_41' title="bbox 291 2950 1866 3032">
     <span class='ocr_line' id='line_1_41' title="bbox 291 2950 1866 3032; baseline -0.01 -16"><span class='ocrx_word' id='word_1_320' title='bbox 291 2979 417 3032; x_wconf 80' lang='grc' dir='ltr'>της,</span> <span class='ocrx_word' id='word_1_321' title='bbox 445 2963 495 3014; x_wconf 82' lang='lat' dir='ltr'><strong>oi</strong></span> <span class='ocrx_word' id='word_1_322' title='bbox 521 2959 755 3014; x_wconf 86' lang='grc' dir='ltr'>τοιοῦτοι</span> <span class='ocrx_word' id='word_1_323' title='bbox 783 2955 1159 3024; x_wconf 74' lang='grc' dir='ltr'>συλλογισμοὶ,</span> <span class='ocrx_word' id='word_1_324' title='bbox 1196 2954 1292 3006; x_wconf 77' lang='grc' dir='ltr'>καὶ</span> <span class='ocrx_word' id='word_1_325' title='bbox 1324 2951 1424 3021; x_wconf 81' lang='grc' dir='ltr'>τῆς</span> <span class='ocrx_word' id='word_1_326' title='bbox 1464 2951 1700 3013; x_wconf 82' lang='grc' dir='ltr'>πίστεως</span> <span class='ocrx_word' id='word_1_327' title='bbox 1734 2950 1866 3002; x_wconf 81' lang='grc' dir='ltr'><strong>ἀνα-</strong></span> 
     </span>
    </p>
   </div>
   <div class='ocr_carea' id='block_1_42' title="bbox 293 3046 1382 3124">
    <p class='ocr_par' dir='ltr' id='par_1_42' title="bbox 293 3046 1382 3124">
     <span class='ocr_line' id='line_1_42' title="bbox 293 3046 1382 3124; baseline -0.012 -15"><span class='ocrx_word' id='word_1_328' title='bbox 293 3053 496 3124; x_wconf 82' lang='grc' dir='ltr'>τροπὴ,</span> <span class='ocrx_word' id='word_1_329' title='bbox 532 3054 626 3107; x_wconf 77' lang='grc' dir='ltr'>καὶ</span> <span class='ocrx_word' id='word_1_330' title='bbox 656 3050 754 3105; x_wconf 83' lang='grc' dir='ltr'>τοῦ</span> <span class='ocrx_word' id='word_1_331' title='bbox 788 3049 1096 3120; x_wconf 84' lang='grc' dir='ltr'>μυστηρίου</span> <span class='ocrx_word' id='word_1_332' title='bbox 1128 3046 1382 3106; x_wconf 82' lang='grc' dir='ltr'>κένωσις.</span> 
     </span>
    </p>
   </div>
   <div class='ocr_carea' id='block_1_43' title="bbox 1972 1855 3544 1923">
    <p class='ocr_par' dir='ltr' id='par_1_43' title="bbox 1972 1855 3544 1923">
     <span class='ocr_line' id='line_1_43' title="bbox 1972 1855 3544 1923; baseline 0.001 -17"><span class='ocrx_word' id='word_1_333' title='bbox 1972 1856 2194 1923; x_wconf 83' lang='lat' dir='ltr'><strong>primus,</strong></span> <span class='ocrx_word' id='word_1_334' title='bbox 2263 1865 2309 1906; x_wconf 86' lang='lat' dir='ltr'><strong>et</strong></span> <span class='ocrx_word' id='word_1_335' title='bbox 2342 1870 2434 1923; x_wconf 84' lang='lat' dir='ltr'><strong>ego</strong></span> <span class='ocrx_word' id='word_1_336' title='bbox 2484 1865 2601 1922; x_wconf 79' lang='lat' dir='ltr'><strong>post</strong></span> <span class='ocrx_word' id='word_1_337' title='bbox 2642 1857 2750 1909; x_wconf 59' lang='lat' dir='ltr'><strong>haec</strong></span> <span class='ocrx_word' id='word_1_338' title='bbox 2788 1855 2827 1908; x_wconf 87' lang='grc'><strong>¹.</strong></span> <span class='ocrx_word' id='word_1_339' title='bbox 2894 1856 2984 1920; x_wconf 87' lang='lat' dir='ltr'><strong>Et,</strong></span> <span class='ocrx_word' id='word_1_340' title='bbox 3019 1857 3152 1908; x_wconf 82' lang='lat' dir='ltr'><strong>Ante</strong></span> <span class='ocrx_word' id='word_1_341' title='bbox 3200 1874 3278 1910; x_wconf 86' lang='lat' dir='ltr'><strong>me</strong></span> <span class='ocrx_word' id='word_1_342' title='bbox 3314 1874 3416 1910; x_wconf 82' lang='lat' dir='ltr'><strong>non</strong></span> <span class='ocrx_word' id='word_1_343' title='bbox 3470 1866 3544 1910; x_wconf 79' lang='lat' dir='ltr'><strong>est</strong></span> 
     </span>
    </p>
   </div>
   <div class='ocr_carea' id='block_1_44' title="bbox 1971 1946 3543 2015">
    <p class='ocr_par' dir='ltr' id='par_1_44' title="bbox 1971 1946 3543 2015">
     <span class='ocr_line' id='line_1_44' title="bbox 1971 1946 3543 2015; baseline 0.001 -14"><span class='ocrx_word' id='word_1_344' title='bbox 1971 1947 2115 2001; x_wconf 73' lang='lat' dir='ltr'><strong>alius</strong></span> <span class='ocrx_word' id='word_1_345' title='bbox 2141 1946 2301 2009; x_wconf 78' lang='lat' dir='ltr'><strong>Deus,</strong></span> <span class='ocrx_word' id='word_1_346' title='bbox 2332 1956 2379 2000; x_wconf 86' lang='lat' dir='ltr'><strong>et</strong></span> <span class='ocrx_word' id='word_1_347' title='bbox 2431 1955 2545 2015; x_wconf 78' lang='lat' dir='ltr'><strong>post</strong></span> <span class='ocrx_word' id='word_1_348' title='bbox 2598 1964 2681 2001; x_wconf 81' lang='lat' dir='ltr'><strong>me</strong></span> <span class='ocrx_word' id='word_1_349' title='bbox 2737 1964 2839 2001; x_wconf 85' lang='lat' dir='ltr'><strong>non</strong></span> <span class='ocrx_word' id='word_1_350' title='bbox 2868 1950 2971 2002; x_wconf 81' lang='lat' dir='ltr'><strong>erit</strong></span> <span class='ocrx_word' id='word_1_351' title='bbox 3000 1950 3041 2003; x_wconf 82' lang='lat'><strong>’.</strong></span> <span class='ocrx_word' id='word_1_352' title='bbox 3074 1948 3271 2002; x_wconf 85' lang='lat' dir='ltr'><strong>Totum</strong></span> <span class='ocrx_word' id='word_1_353' title='bbox 3308 1950 3450 2003; x_wconf 88' lang='lat' dir='ltr'><strong>enim</strong></span> <span class='ocrx_word' id='word_1_354' title='bbox 3475 1950 3543 2002; x_wconf 95' lang='lat' dir='ltr'><strong>il-</strong></span> 
     </span>
    </p>
   </div>
   <div class='ocr_carea' id='block_1_45' title="bbox 1968 2041 3530 2110">
    <p class='ocr_par' dir='ltr' id='par_1_45' title="bbox 1968 2041 3530 2110">
     <span class='ocr_line' id='line_1_45' title="bbox 1968 2041 3530 2110; baseline 0 -16"><span class='ocrx_word' id='word_1_355' title='bbox 1968 2041 2062 2095; x_wconf 89' lang='lat' dir='ltr'><strong>lud</strong></span> <span class='ocrx_word' id='word_1_356' title='bbox 2096 2049 2196 2104; x_wconf 77' lang='lat' dir='ltr'><strong>est,</strong></span> <span class='ocrx_word' id='word_1_357' title='bbox 2232 2048 2554 2105; x_wconf 87' lang='lat' dir='ltr'><strong>meumest;</strong></span> <span class='ocrx_word' id='word_1_358' title='bbox 2609 2055 2708 2095; x_wconf 90' lang='lat' dir='ltr'><strong>nec</strong></span> <span class='ocrx_word' id='word_1_359' title='bbox 2761 2042 3090 2110; x_wconf 87' lang='lat' dir='ltr'><strong>principium</strong></span> <span class='ocrx_word' id='word_1_360' title='bbox 3154 2042 3377 2106; x_wconf 72' lang='lat' dir='ltr'><strong>habens,</strong></span> <span class='ocrx_word' id='word_1_361' title='bbox 3430 2055 3530 2095; x_wconf 84' lang='lat' dir='ltr'><strong>nec</strong></span> 
     </span>
    </p>
   </div>
   <div class='ocr_carea' id='block_1_46' title="bbox 1972 2131 3537 2201">
    <p class='ocr_par' dir='ltr' id='par_1_46' title="bbox 1972 2131 3537 2201">
     <span class='ocr_line' id='line_1_46' title="bbox 1972 2131 3537 2201; baseline -0.001 -16"><span class='ocrx_word' id='word_1_362' title='bbox 1972 2132 2131 2185; x_wconf 79' lang='lat' dir='ltr'><strong>tinem</strong></span> <span class='ocrx_word' id='word_1_363' title='bbox 2184 2132 2522 2186; x_wconf 88' lang='lat' dir='ltr'><strong>habiturum.</strong></span> <span class='ocrx_word' id='word_1_364' title='bbox 2567 2131 2661 2186; x_wconf 88' lang='lat' dir='ltr'><strong>His</strong></span> <span class='ocrx_word' id='word_1_365' title='bbox 2691 2147 2721 2185; x_wconf 86' lang='lat' dir='ltr'><strong>a</strong></span> <span class='ocrx_word' id='word_1_366' title='bbox 2749 2132 3032 2201; x_wconf 87' lang='lat' dir='ltr'><strong>Scriptura</strong></span> <span class='ocrx_word' id='word_1_367' title='bbox 3083 2134 3342 2201; x_wconf 81' lang='lat' dir='ltr'><strong>acceptis,</strong></span> <span class='ocrx_word' id='word_1_368' title='bbox 3407 2132 3537 2184; x_wconf 89' lang='lat' dir='ltr'><strong>illud</strong></span> 
     </span>
    </p>
   </div>
   <div class='ocr_carea' id='block_1_47' title="bbox 1969 2224 3538 2293">
    <p class='ocr_par' dir='ltr' id='par_1_47' title="bbox 1969 2224 3538 2293">
     <span class='ocr_line' id='line_1_47' title="bbox 1969 2224 3538 2293; baseline -0.003 -15"><span class='ocrx_word' id='word_1_369' title='bbox 1969 2226 2216 2293; x_wconf 88' lang='lat' dir='ltr'><strong>quidem,</strong></span> <span class='ocrx_word' id='word_1_370' title='bbox 2248 2226 2391 2292; x_wconf 91' lang='lat' dir='ltr'><strong>quod</strong></span> <span class='ocrx_word' id='word_1_371' title='bbox 2430 2234 2557 2277; x_wconf 88' lang='lat' dir='ltr'><strong>ante</strong></span> <span class='ocrx_word' id='word_1_372' title='bbox 2580 2239 2701 2277; x_wconf 90' lang='lat' dir='ltr'><strong>eum</strong></span> <span class='ocrx_word' id='word_1_373' title='bbox 2738 2224 2873 2276; x_wconf 89' lang='lat' dir='ltr'><strong>nihil</strong></span> <span class='ocrx_word' id='word_1_374' title='bbox 2909 2225 3000 2286; x_wconf 88' lang='lat' dir='ltr'><strong>sit,</strong></span> <span class='ocrx_word' id='word_1_375' title='bbox 3034 2239 3133 2277; x_wconf 92' lang='lat' dir='ltr'><strong>nec</strong></span> <span class='ocrx_word' id='word_1_376' title='bbox 3160 2224 3538 2290; x_wconf 83' lang='lat' dir='ltr'><strong>antiquiorem</strong></span> 
     </span>
    </p>
   </div>
   <div class='ocr_carea' id='block_1_48' title="bbox 1973 2317 3536 2387">
    <p class='ocr_par' dir='ltr' id='par_1_48' title="bbox 1973 2317 3536 2387">
     <span class='ocr_line' id='line_1_48' title="bbox 1973 2317 3536 2387; baseline -0.002 -15"><span class='ocrx_word' id='word_1_377' title='bbox 1973 2320 2138 2373; x_wconf 87' lang='lat' dir='ltr'><strong>ullam</strong></span> <span class='ocrx_word' id='word_1_378' title='bbox 2165 2319 2281 2387; x_wconf 87' lang='lat' dir='ltr'><strong>ipse</strong></span> <span class='ocrx_word' id='word_1_379' title='bbox 2308 2334 2527 2373; x_wconf 86' lang='lat' dir='ltr'><strong>causam</strong></span> <span class='ocrx_word' id='word_1_380' title='bbox 2560 2318 2779 2381; x_wconf 88' lang='lat' dir='ltr'><strong>habeat,</strong></span> <span class='ocrx_word' id='word_1_381' title='bbox 2831 2319 3126 2371; x_wconf 88' lang='lat' dir='ltr'><strong>anarchmn</strong></span> <span class='ocrx_word' id='word_1_382' title='bbox 3156 2326 3210 2372; x_wconf 90' lang='lat' dir='ltr'><strong>et</strong></span> <span class='ocrx_word' id='word_1_383' title='bbox 3233 2317 3536 2384; x_wconf 74' lang='lat' dir='ltr'><strong>ingenitum</strong></span> 
     </span>
    </p>
   </div>
   <div class='ocr_carea' id='block_1_49' title="bbox 1973 2409 3539 2480">
    <p class='ocr_par' dir='ltr' id='par_1_49' title="bbox 1973 2409 3539 2480">
     <span class='ocr_line' id='line_1_49' title="bbox 1973 2409 3539 2480; baseline -0.003 -17"><span class='ocrx_word' id='word_1_384' title='bbox 1973 2411 2267 2480; x_wconf 86' lang='lat' dir='ltr'><strong>appellasti</strong></span> <span class='ocrx_word' id='word_1_385' title='bbox 2296 2428 2310 2463; x_wconf 88' lang='lat'>:</span> <span class='ocrx_word' id='word_1_386' title='bbox 2345 2410 2489 2477; x_wconf 88' lang='lat' dir='ltr'><strong>quod</strong></span> <span class='ocrx_word' id='word_1_387' title='bbox 2553 2418 2735 2464; x_wconf 83' lang='lat' dir='ltr'><strong>autem</strong></span> <span class='ocrx_word' id='word_1_388' title='bbox 2770 2424 3046 2477; x_wconf 85' lang='lat' dir='ltr'><strong>nunquam</strong></span> <span class='ocrx_word' id='word_1_389' title='bbox 3082 2423 3207 2462; x_wconf 90' lang='lat' dir='ltr'><strong>esse</strong></span> <span class='ocrx_word' id='word_1_390' title='bbox 3254 2409 3539 2463; x_wconf 76' lang='lat' dir='ltr'><strong>desiturus</strong></span> 
     </span>
    </p>
   </div>
   <div class='ocr_carea' id='block_1_50' title="bbox 1970 2502 3543 2572">
    <p class='ocr_par' dir='ltr' id='par_1_50' title="bbox 1970 2502 3543 2572">
     <span class='ocr_line' id='line_1_50' title="bbox 1970 2502 3543 2572; baseline -0.003 -15"><span class='ocrx_word' id='word_1_391' title='bbox 1970 2504 2064 2569; x_wconf 87' lang='lat' dir='ltr'><strong>sit,</strong></span> <span class='ocrx_word' id='word_1_392' title='bbox 2122 2503 2454 2565; x_wconf 87' lang='lat' dir='ltr'><strong>immortale,</strong></span> <span class='ocrx_word' id='word_1_393' title='bbox 2486 2512 2651 2572; x_wconf 91' lang='lat' dir='ltr'><strong>atque</strong></span> <span class='ocrx_word' id='word_1_394' title='bbox 2704 2502 2961 2556; x_wconf 89' lang='lat' dir='ltr'><strong>interitus</strong></span> <span class='ocrx_word' id='word_1_395' title='bbox 3026 2516 3239 2570; x_wconf 82' lang='lat' dir='ltr'><strong>expers.</strong></span> <span class='ocrx_word' id='word_1_396' title='bbox 3302 2503 3379 2554; x_wconf 84' lang='lat' dir='ltr'><strong>Ac</strong></span> <span class='ocrx_word' id='word_1_397' title='bbox 3431 2502 3543 2554; x_wconf 89' lang='lat' dir='ltr'><strong>duo</strong></span> 
     </span>
    </p>
   </div>
   <div class='ocr_carea' id='block_1_51' title="bbox 1971 2591 3528 2661">
    <p class='ocr_par' dir='ltr' id='par_1_51' title="bbox 1971 2591 3528 2661">
     <span class='ocr_line' id='line_1_51' title="bbox 1971 2591 3528 2661; baseline 0.002 -19"><span class='ocrx_word' id='word_1_398' title='bbox 1971 2592 2146 2657; x_wconf 88' lang='lat' dir='ltr'><strong>prima</strong></span> <span class='ocrx_word' id='word_1_399' title='bbox 2199 2606 2383 2645; x_wconf 85' lang='lat' dir='ltr'><strong>rerum</strong></span> <span class='ocrx_word' id='word_1_400' title='bbox 2417 2607 2617 2661; x_wconf 76' lang='lat' dir='ltr'><strong>genera</strong></span> <span class='ocrx_word' id='word_1_401' title='bbox 2648 2591 2711 2645; x_wconf 87' lang='lat' dir='ltr'><strong>ad</strong></span> <span class='ocrx_word' id='word_1_402' title='bbox 2744 2591 2893 2645; x_wconf 87' lang='lat' dir='ltr'><strong>hunc</strong></span> <span class='ocrx_word' id='word_1_403' title='bbox 2918 2591 3140 2644; x_wconf 85' lang='lat' dir='ltr'><strong>modum</strong></span> <span class='ocrx_word' id='word_1_404' title='bbox 3192 2606 3253 2645; x_wconf 88' lang='lat' dir='ltr'><strong>se</strong></span> <span class='ocrx_word' id='word_1_405' title='bbox 3300 2592 3528 2645; x_wconf 78' lang='lat' dir='ltr'><strong>habent.</strong></span> 
     </span>
    </p>
   </div>
   <div class='ocr_carea' id='block_1_52' title="bbox 1969 2681 3542 2752">
    <p class='ocr_par' dir='ltr' id='par_1_52' title="bbox 1969 2681 3542 2752">
     <span class='ocr_line' id='line_1_52' title="bbox 1969 2681 3542 2752; baseline 0 -18"><span class='ocrx_word' id='word_1_406' title='bbox 1969 2683 2229 2749; x_wconf 64' lang='lat' dir='ltr'><strong>Quaenam</strong></span> <span class='ocrx_word' id='word_1_407' title='bbox 2255 2695 2456 2748; x_wconf 90' lang='lat' dir='ltr'><strong>autem,</strong></span> <span class='ocrx_word' id='word_1_408' title='bbox 2486 2697 2584 2737; x_wconf 85' lang='lat' dir='ltr'><strong>nec</strong></span> <span class='ocrx_word' id='word_1_409' title='bbox 2612 2693 2763 2743; x_wconf 87' lang='lat' dir='ltr'><strong>sunt,</strong></span> <span class='ocrx_word' id='word_1_410' title='bbox 2783 2698 2882 2736; x_wconf 92' lang='lat' dir='ltr'><strong>nec</strong></span> <span class='ocrx_word' id='word_1_411' title='bbox 2913 2681 3221 2736; x_wconf 86' lang='lat' dir='ltr'><strong>dicuntur?</strong></span> <span class='ocrx_word' id='word_1_412' title='bbox 3250 2683 3542 2752; x_wconf 84' lang='lat' dir='ltr'><strong>[mprobus</strong></span> 
     </span>
    </p>
   </div>
   <div class='ocr_carea' id='block_1_53' title="bbox 1971 2774 3539 2843">
    <p class='ocr_par' dir='ltr' id='par_1_53' title="bbox 1971 2774 3539 2843">
     <span class='ocr_line' id='line_1_53' title="bbox 1971 2774 3539 2843; baseline 0.002 -16"><span class='ocrx_word' id='word_1_413' title='bbox 1971 2774 2133 2837; x_wconf 88' lang='lat' dir='ltr'><strong>Deus,</strong></span> <span class='ocrx_word' id='word_1_414' title='bbox 2151 2774 2411 2843; x_wconf 88' lang='lat' dir='ltr'><strong>quadrata</strong></span> <span class='ocrx_word' id='word_1_415' title='bbox 2441 2774 2678 2842; x_wconf 78' lang='lat' dir='ltr'><strong>sphaera,</strong></span> <span class='ocrx_word' id='word_1_416' title='bbox 2706 2775 3036 2842; x_wconf 68' lang='lat' dir='ltr'><strong>praeteritum</strong></span> <span class='ocrx_word' id='word_1_417' title='bbox 3067 2786 3276 2842; x_wconf 84' lang='lat' dir='ltr'><strong>tempus</strong></span> <span class='ocrx_word' id='word_1_418' title='bbox 3301 2790 3539 2841; x_wconf 72' lang='lat' dir='ltr'><strong>praesens</strong></span> 
     </span>
    </p>
   </div>
   <div class='ocr_carea' id='block_1_54' title="bbox 1968 2867 3538 2935">
    <p class='ocr_par' dir='ltr' id='par_1_54' title="bbox 1968 2867 3538 2935">
     <span class='ocr_line' id='line_1_54' title="bbox 1968 2867 3538 2935; baseline -0.001 -14"><span class='ocrx_word' id='word_1_419' title='bbox 1968 2878 2072 2933; x_wconf 83' lang='lat' dir='ltr'><strong>est,</strong></span> <span class='ocrx_word' id='word_1_420' title='bbox 2100 2868 2263 2922; x_wconf 93' lang='lat' dir='ltr'><strong>homo</strong></span> <span class='ocrx_word' id='word_1_421' title='bbox 2296 2868 2630 2934; x_wconf 89' lang='lat' dir='ltr'><strong>compositus</strong></span> <span class='ocrx_word' id='word_1_422' title='bbox 2666 2881 2772 2920; x_wconf 90' lang='lat' dir='ltr'><strong>non</strong></span> <span class='ocrx_word' id='word_1_423' title='bbox 2807 2877 2909 2921; x_wconf 90' lang='lat' dir='ltr'><strong>est.</strong></span> <span class='ocrx_word' id='word_1_424' title='bbox 2948 2867 3183 2935; x_wconf 80' lang='lat' dir='ltr'><strong>Ecquem</strong></span> <span class='ocrx_word' id='word_1_425' title='bbox 3225 2870 3372 2921; x_wconf 92' lang='lat' dir='ltr'><strong>enim</strong></span> <span class='ocrx_word' id='word_1_426' title='bbox 3439 2884 3538 2921; x_wconf 90' lang='lat' dir='ltr'><strong>un-</strong></span> 
     </span>
    </p>
   </div>
   <div class='ocr_carea' id='block_1_55' title="bbox 1972 2954 3536 3025">
    <p class='ocr_par' dir='ltr' id='par_1_55' title="bbox 1972 2954 3536 3025">
     <span class='ocr_line' id='line_1_55' title="bbox 1972 2954 3536 3025; baseline 0.001 -20"><span class='ocrx_word' id='word_1_427' title='bbox 1972 2968 2137 3022; x_wconf 90' lang='lat' dir='ltr'><strong>quam</strong></span> <span class='ocrx_word' id='word_1_428' title='bbox 2168 2968 2232 3007; x_wconf 85' lang='lat' dir='ltr'><strong>eo</strong></span> <span class='ocrx_word' id='word_1_429' title='bbox 2260 2954 2499 3023; x_wconf 88' lang='lat' dir='ltr'><strong>stuporis</strong></span> <span class='ocrx_word' id='word_1_430' title='bbox 2523 2969 2871 3023; x_wconf 72' lang='lat' dir='ltr'><strong>progressum</strong></span> <span class='ocrx_word' id='word_1_431' title='bbox 2906 2956 3227 3025; x_wconf 74' lang='lat' dir='ltr'><strong>cognovisti,</strong></span> <span class='ocrx_word' id='word_1_432' title='bbox 3259 2957 3536 3025; x_wconf 77' lang='lat' dir='ltr'><strong>ntaliquid</strong></span> 
     </span>
    </p>
   </div>
   <div class='ocr_carea' id='block_1_56' title="bbox 1888 3036 3537 3113">
    <p class='ocr_par' dir='ltr' id='par_1_56' title="bbox 1888 3036 3537 3113">
     <span class='ocr_line' id='line_1_56' title="bbox 1888 3036 3537 3113; baseline 0.004 -19"><span class='ocrx_word' id='word_1_433' title='bbox 1888 3036 1930 3094; x_wconf 79' lang='grc' dir='ltr'><strong>ο</strong></span> <span class='ocrx_word' id='word_1_434' title='bbox 1969 3044 2073 3097; x_wconf 78' lang='lat' dir='ltr'><strong>tale</strong></span> <span class='ocrx_word' id='word_1_435' title='bbox 2127 3044 2210 3097; x_wconf 87' lang='lat' dir='ltr'><strong>vel</strong></span> <span class='ocrx_word' id='word_1_436' title='bbox 2243 3045 2481 3113; x_wconf 79' lang='lat' dir='ltr'><strong>cogitare</strong></span> <span class='ocrx_word' id='word_1_437' title='bbox 2511 3046 2592 3099; x_wconf 91' lang='lat' dir='ltr'><strong>vel</strong></span> <span class='ocrx_word' id='word_1_438' title='bbox 2622 3046 2977 3113; x_wconf 88' lang='lat' dir='ltr'><strong>pronuntiare</strong></span> <span class='ocrx_word' id='word_1_439' title='bbox 3002 3062 3171 3102; x_wconf 88' lang='lat' dir='ltr'><strong>ausus</strong></span> <span class='ocrx_word' id='word_1_440' title='bbox 3207 3049 3327 3101; x_wconf 85' lang='lat' dir='ltr'><strong>sit?</strong></span> <span class='ocrx_word' id='word_1_441' title='bbox 3386 3048 3537 3103; x_wconf 69' lang='lat' dir='ltr'><strong>Reli-</strong></span> 
     </span>
    </p>
   </div>
   <div class='ocr_carea' id='block_1_57' title="bbox 286 3139 3537 3223">
    <p class='ocr_par' dir='ltr' id='par_1_57' title="bbox 286 3139 3537 3223">
     <span class='ocr_line' id='line_1_57' title="bbox 286 3139 3537 3223; baseline -0.004 -15"><span class='ocrx_word' id='word_1_442' title='bbox 286 3167 462 3223; x_wconf 89' lang='lat' dir='ltr'><strong>quum</strong></span> <span class='ocrx_word' id='word_1_443' title='bbox 486 3159 571 3207; x_wconf 87' lang='lat' dir='ltr'><strong>est</strong></span> <span class='ocrx_word' id='word_1_444' title='bbox 613 3156 673 3202; x_wconf 91' lang='lat' dir='ltr'><strong>ut</strong></span> <span class='ocrx_word' id='word_1_445' title='bbox 701 3143 981 3203; x_wconf 82' lang='lat' dir='ltr'><strong>ostendam</strong></span> <span class='ocrx_word' id='word_1_446' title='bbox 1028 3158 1149 3212; x_wconf 64' lang='lat' dir='ltr'><strong>quae</strong></span> <span class='ocrx_word' id='word_1_447' title='bbox 1196 3142 1306 3196; x_wconf 92' lang='lat' dir='ltr'><strong>sint</strong></span> <span class='ocrx_word' id='word_1_448' title='bbox 1356 3155 1419 3196; x_wconf 90' lang='lat' dir='ltr'><strong>ea</strong></span> <span class='ocrx_word' id='word_1_449' title='bbox 1463 3156 1587 3210; x_wconf 78' lang='lat' dir='ltr'><strong>quae</strong></span> <span class='ocrx_word' id='word_1_450' title='bbox 1616 3148 1669 3195; x_wconf 89' lang='lat' dir='ltr'><strong>et</strong></span> <span class='ocrx_word' id='word_1_451' title='bbox 1699 3150 1827 3195; x_wconf 89' lang='lat' dir='ltr'><strong>sunt</strong></span> <span class='ocrx_word' id='word_1_452' title='bbox 1863 3147 1917 3193; x_wconf 91' lang='lat' dir='ltr'><strong>et</strong></span> <span class='ocrx_word' id='word_1_453' title='bbox 1970 3140 2244 3193; x_wconf 82' lang='lat' dir='ltr'><strong>dicuntur.</strong></span> <span class='ocrx_word' id='word_1_454' title='bbox 2274 3139 2435 3204; x_wconf 89' lang='lat' dir='ltr'><strong>Deus,</strong></span> <span class='ocrx_word' id='word_1_455' title='bbox 2467 3140 2650 3205; x_wconf 92' lang='lat' dir='ltr'><strong>homo,</strong></span> <span class='ocrx_word' id='word_1_456' title='bbox 2676 3141 2923 3209; x_wconf 80' lang='lat' dir='ltr'><strong>angelus,</strong></span> <span class='ocrx_word' id='word_1_457' title='bbox 2953 3140 3248 3210; x_wconf 87' lang='lat' dir='ltr'><strong>judicium,</strong></span> <span class='ocrx_word' id='word_1_458' title='bbox 3304 3147 3537 3205; x_wconf 72' lang='lat' dir='ltr'><strong>vanitas,</strong></span> 
     </span>
    </p>
   </div>
   <div class='ocr_carea' id='block_1_58' title="bbox 285 3229 2854 3314">
    <p class='ocr_par' dir='ltr' id='par_1_58' title="bbox 285 3229 2854 3314">
     <span class='ocr_line' id='line_1_58' title="bbox 285 3229 2854 3314; baseline -0.003 -17"><span class='ocrx_word' id='word_1_459' title='bbox 285 3258 404 3314; x_wconf 89' lang='lat' dir='ltr'><strong>qua</strong></span> <span class='ocrx_word' id='word_1_460' title='bbox 434 3237 751 3307; x_wconf 89' lang='lat' dir='ltr'><strong>hujusmodi</strong></span> <span class='ocrx_word' id='word_1_461' title='bbox 780 3242 1099 3306; x_wconf 76' lang='lat' dir='ltr'><strong>argumenta</strong></span> <span class='ocrx_word' id='word_1_462' title='bbox 1154 3232 1541 3298; x_wconf 81' lang='lat' dir='ltr'><strong>coniiciuntur,</strong></span> <span class='ocrx_word' id='word_1_463' title='bbox 1582 3230 1817 3299; x_wconf 82' lang='lat' dir='ltr'><strong>ﬁdeique</strong></span> <span class='ocrx_word' id='word_1_464' title='bbox 1843 3229 2155 3297; x_wconf 90' lang='lat' dir='ltr'><strong>subversio,</strong></span> <span class='ocrx_word' id='word_1_465' title='bbox 2185 3240 2240 3284; x_wconf 90' lang='lat' dir='ltr'><strong>et</strong></span> <span class='ocrx_word' id='word_1_466' title='bbox 2271 3233 2513 3301; x_wconf 84' lang='lat' dir='ltr'><strong>mysterii</strong></span> <span class='ocrx_word' id='word_1_467' title='bbox 2557 3235 2854 3289; x_wconf 83' lang='lat' dir='ltr'><strong>cvacnatio.</strong></span> 
     </span>
    </p>
   </div>
   <div class='ocr_carea' id='block_1_59' title="bbox 365 3327 1866 3403">
    <p class='ocr_par' dir='ltr' id='par_1_59' title="bbox 365 3327 1866 3403">
     <span class='ocr_line' id='line_1_59' title="bbox 365 3327 1866 3403; baseline -0.008 -13"><span class='ocrx_word' id='word_1_468' title='bbox 365 3333 650 3403; x_wconf 83' lang='grc' dir='ltr'>Τοσαύτης</span> <span class='ocrx_word' id='word_1_469' title='bbox 696 3327 793 3387; x_wconf 85' lang='grc' dir='ltr'><strong>οὖν</strong></span> <span class='ocrx_word' id='word_1_470' title='bbox 848 3330 1017 3399; x_wconf 75' lang='grc' dir='ltr'>οὔσης</span> <span class='ocrx_word' id='word_1_471' title='bbox 1068 3329 1339 3398; x_wconf 86' lang='grc' dir='ltr'>διαφορᾶς</span> <span class='ocrx_word' id='word_1_472' title='bbox 1393 3328 1452 3379; x_wconf 76' lang='grc' dir='ltr'>έν</span> <span class='ocrx_word' id='word_1_473' title='bbox 1487 3329 1602 3389; x_wconf 76' lang='grc' dir='ltr'>τοῖς</span> <span class='ocrx_word' id='word_1_474' title='bbox 1635 3327 1866 3394; x_wconf 84' lang='grc' dir='ltr'>ὀνόμασι</span> 
     </span>
    </p>
   </div>
   <div class='ocr_carea' id='block_1_60' title="bbox 284 3417 1866 3496">
    <p class='ocr_par' dir='ltr' id='par_1_60' title="bbox 284 3417 1866 3496">
     <span class='ocr_line' id='line_1_60' title="bbox 284 3417 1866 3496; baseline -0.009 -12"><span class='ocrx_word' id='word_1_475' title='bbox 284 3431 521 3491; x_wconf 75' lang='grc' dir='ltr'>καὶτοῖς</span> <span class='ocrx_word' id='word_1_476' title='bbox 542 3428 856 3496; x_wconf 82' lang='grc' dir='ltr'>πράγμασι,</span> <span class='ocrx_word' id='word_1_477' title='bbox 914 3418 1035 3485; x_wconf 80' lang='grc' dir='ltr'><strong>πῶς</strong></span> <span class='ocrx_word' id='word_1_478' title='bbox 1060 3419 1204 3475; x_wconf 74' lang='grc' dir='ltr'>οὕτω</span> <span class='ocrx_word' id='word_1_479' title='bbox 1232 3420 1296 3473; x_wconf 86' lang='grc' dir='ltr'><strong>σὺ</strong></span> <span class='ocrx_word' id='word_1_480' title='bbox 1329 3421 1447 3472; x_wconf 82' lang='grc' dir='ltr'>λίαν</span> <span class='ocrx_word' id='word_1_481' title='bbox 1485 3418 1759 3481; x_wconf 82' lang='grc' dir='ltr'>δουλεύεις</span> <span class='ocrx_word' id='word_1_482' title='bbox 1788 3417 1866 3488; x_wconf 86' lang='grc' dir='ltr'><strong>τῷ</strong></span> 
     </span>
    </p>
   </div>
   <div class='ocr_carea' id='block_1_61' title="bbox 286 3512 1865 3595">
    <p class='ocr_par' dir='ltr' id='par_1_61' title="bbox 286 3512 1865 3595">
     <span class='ocr_line' id='line_1_61' title="bbox 286 3512 1865 3595; baseline -0.01 -15"><span class='ocrx_word' id='word_1_483' title='bbox 286 3525 616 3595; x_wconf 83' lang='grc' dir='ltr'>γράμματι,</span> <span class='ocrx_word' id='word_1_484' title='bbox 646 3519 745 3575; x_wconf 74' lang='grc' dir='ltr'>καὶ</span> <span class='ocrx_word' id='word_1_485' title='bbox 773 3518 903 3589; x_wconf 76' lang='grc' dir='ltr'>γίνῃ</span> <span class='ocrx_word' id='word_1_486' title='bbox 939 3516 1082 3586; x_wconf 82' lang='grc' dir='ltr'>μετὰ</span> <span class='ocrx_word' id='word_1_487' title='bbox 1135 3515 1235 3584; x_wconf 84' lang='grc' dir='ltr'>τῆς</span> <span class='ocrx_word' id='word_1_488' title='bbox 1285 3513 1587 3582; x_wconf 82' lang='grc' dir='ltr'>Ἰουδαϊκῆς</span> <span class='ocrx_word' id='word_1_489' title='bbox 1648 3512 1865 3580; x_wconf 83' lang='grc' dir='ltr'>σοφίας,</span> 
     </span>
    </p>
   </div>
   <div class='ocr_carea' id='block_1_62' title="bbox 288 3605 1862 3677">
    <p class='ocr_par' dir='ltr' id='par_1_62' title="bbox 288 3605 1862 3677">
     <span class='ocr_line' id='line_1_62' title="bbox 288 3605 1862 3677; baseline -0.01 -6"><span class='ocrx_word' id='word_1_490' title='bbox 288 3618 392 3671; x_wconf 77' lang='grc' dir='ltr'>καὶ</span> <span class='ocrx_word' id='word_1_491' title='bbox 423 3614 719 3676; x_wconf 75' lang='grc' dir='ltr'>συλλαϐαῖς</span> <span class='ocrx_word' id='word_1_492' title='bbox 744 3609 1088 3675; x_wconf 82' lang='grc' dir='ltr'>ἀκολουθείς,</span> <span class='ocrx_word' id='word_1_493' title='bbox 1119 3607 1280 3677; x_wconf 81' lang='grc' dir='ltr'>ἀφεὶς</span> <span class='ocrx_word' id='word_1_494' title='bbox 1308 3607 1378 3659; x_wconf 85' lang='grc' dir='ltr'>τὰ</span> <span class='ocrx_word' id='word_1_495' title='bbox 1418 3607 1760 3675; x_wconf 85' lang='grc' dir='ltr'>πράγματα;</span> <span class='ocrx_word' id='word_1_496' title='bbox 1797 3605 1862 3659; x_wconf 85' lang='lat' dir='ltr'><strong>Ei</strong></span> 
     </span>
    </p>
   </div>
   <div class='ocr_carea' id='block_1_63' title="bbox 286 3695 1864 3770">
    <p class='ocr_par' dir='ltr' id='par_1_63' title="bbox 286 3695 1864 3770">
     <span class='ocr_line' id='line_1_63' title="bbox 286 3695 1864 3770; baseline -0.01 -6"><span class='ocrx_word' id='word_1_497' title='bbox 286 3712 351 3765; x_wconf 78' lang='grc' dir='ltr'>δὲ</span> <span class='ocrx_word' id='word_1_498' title='bbox 384 3708 477 3761; x_wconf 79' lang='grc' dir='ltr'>σοῦ</span> <span class='ocrx_word' id='word_1_499' title='bbox 501 3707 574 3760; x_wconf 83' lang='grc' dir='ltr'>τὰ</span> <span class='ocrx_word' id='word_1_500' title='bbox 601 3707 683 3769; x_wconf 75' lang='grc' dir='ltr'><strong>δὶς</strong></span> <span class='ocrx_word' id='word_1_501' title='bbox 702 3705 866 3758; x_wconf 80' lang='grc' dir='ltr'>πέντε</span> <span class='ocrx_word' id='word_1_502' title='bbox 893 3702 1168 3769; x_wconf 79' lang='grc' dir='ltr'>λέγοντος,</span> <span class='ocrx_word' id='word_1_503' title='bbox 1196 3698 1320 3770; x_wconf 75' lang='grc' dir='ltr'>ἠτὰ</span> <span class='ocrx_word' id='word_1_504' title='bbox 1336 3698 1418 3760; x_wconf 60' lang='grc' dir='ltr'>ἃς</span> <span class='ocrx_word' id='word_1_505' title='bbox 1451 3697 1609 3759; x_wconf 77' lang='grc' dir='ltr'>ἑπτὰ,</span> <span class='ocrx_word' id='word_1_506' title='bbox 1641 3697 1708 3750; x_wconf 77' lang='grc' dir='ltr'>τὰ</span> <span class='ocrx_word' id='word_1_507' title='bbox 1730 3695 1864 3748; x_wconf 82' lang='grc' dir='ltr'>δέκα</span> 
     </span>
    </p>
   </div>
   <div class='ocr_carea' id='block_1_64' title="bbox 289 3785 1862 3869">
    <p class='ocr_par' dir='ltr' id='par_1_64' title="bbox 289 3785 1862 3869">
     <span class='ocr_line' id='line_1_64' title="bbox 289 3785 1862 3869; baseline -0.011 -15"><span class='ocrx_word' id='word_1_508' title='bbox 289 3803 555 3869; x_wconf 80' lang='grc' dir='ltr'>συνῆγον,</span> <span class='ocrx_word' id='word_1_509' title='bbox 585 3798 620 3866; x_wconf 78' lang='grc' dir='ltr'><strong>ἢ</strong></span> <span class='ocrx_word' id='word_1_510' title='bbox 645 3797 909 3865; x_wconf 82' lang='grc' dir='ltr'>τέσσαρες</span> <span class='ocrx_word' id='word_1_511' title='bbox 944 3796 1040 3847; x_wconf 74' lang='grc' dir='ltr'><strong>καὶ</strong></span> <span class='ocrx_word' id='word_1_512' title='bbox 1066 3792 1199 3845; x_wconf 84' lang='grc' dir='ltr'>δέκα</span> <span class='ocrx_word' id='word_1_513' title='bbox 1230 3793 1295 3843; x_wconf 79' lang='grc' dir='ltr'>ὲκ</span> <span class='ocrx_word' id='word_1_514' title='bbox 1326 3790 1435 3842; x_wconf 86' lang='grc' dir='ltr'><strong>τῶν</strong></span> <span class='ocrx_word' id='word_1_515' title='bbox 1458 3787 1796 3857; x_wconf 80' lang='grc' dir='ltr'>λεγομένων·</span> <span class='ocrx_word' id='word_1_516' title='bbox 1829 3785 1862 3855; x_wconf 84' lang='grc' dir='ltr'>ἦ</span> 
     </span>
    </p>
   </div>
   <div class='ocr_carea' id='block_1_65' title="bbox 290 3874 1866 3957">
    <p class='ocr_par' dir='ltr' id='par_1_65' title="bbox 290 3874 1866 3957">
     <span class='ocr_line' id='line_1_65' title="bbox 290 3874 1866 3957; baseline -0.01 -11"><span class='ocrx_word' id='word_1_517' title='bbox 290 3900 364 3946; x_wconf 83' lang='grc' dir='ltr'>ὲκ</span> <span class='ocrx_word' id='word_1_518' title='bbox 390 3892 511 3956; x_wconf 83' lang='grc' dir='ltr'>τοῦ,</span> <span class='ocrx_word' id='word_1_519' title='bbox 545 3891 684 3956; x_wconf 81' lang='grc' dir='ltr'>ζῶον</span> <span class='ocrx_word' id='word_1_520' title='bbox 732 3887 975 3957; x_wconf 78' lang='grc' dir='ltr'>λογικὸν,</span> <span class='ocrx_word' id='word_1_521' title='bbox 1009 3887 1228 3957; x_wconf 85' lang='grc' dir='ltr'>θνητὸν,</span> <span class='ocrx_word' id='word_1_522' title='bbox 1260 3883 1354 3936; x_wconf 80' lang='grc' dir='ltr'>τὸν</span> <span class='ocrx_word' id='word_1_523' title='bbox 1383 3882 1697 3957; x_wconf 78' lang='grc' dir='ltr'>ἄνθρωπον,</span> <span class='ocrx_word' id='word_1_524' title='bbox 1754 3874 1866 3948; x_wconf 85' lang='grc' dir='ltr'>ἆρα</span> 
     </span>
    </p>
   </div>
   <div class='ocr_carea' id='block_1_66' title="bbox 287 3972 1858 4053">
    <p class='ocr_par' dir='ltr' id='par_1_66' title="bbox 287 3972 1858 4053">
     <span class='ocr_line' id='line_1_66' title="bbox 287 3972 1858 4053; baseline -0.011 -13"><span class='ocrx_word' id='word_1_525' title='bbox 287 3988 359 4041; x_wconf 70' lang='grc' dir='ltr'>ἄν</span> <span class='ocrx_word' id='word_1_526' title='bbox 386 4001 472 4036; x_wconf 87' lang='grc' dir='ltr'><strong>σοι</strong></span> <span class='ocrx_word' id='word_1_527' title='bbox 504 3983 693 4053; x_wconf 83' lang='grc' dir='ltr'>ληρεῖν</span> <span class='ocrx_word' id='word_1_528' title='bbox 720 3980 1052 4049; x_wconf 74' lang='grc' dir='ltr'>ενομίσθην;</span> <span class='ocrx_word' id='word_1_529' title='bbox 1100 3976 1199 4030; x_wconf 71' lang='grc' dir='ltr'><strong>καὶ</strong></span> <span class='ocrx_word' id='word_1_530' title='bbox 1232 3976 1371 4041; x_wconf 88' lang='grc' dir='ltr'>πῶς,</span> <span class='ocrx_word' id='word_1_531' title='bbox 1430 3973 1497 4027; x_wconf 80' lang='grc' dir='ltr'><strong>τὰ</strong></span> <span class='ocrx_word' id='word_1_532' title='bbox 1528 3972 1598 4026; x_wconf 80' lang='grc' dir='ltr'>σὰ</span> <span class='ocrx_word' id='word_1_533' title='bbox 1632 3973 1813 4039; x_wconf 80' lang='grc' dir='ltr'>λέγων</span> <span class='ocrx_word' id='word_1_534' title='bbox 1843 3987 1858 4035; x_wconf 90' lang='lat'><strong>;</strong></span> 
     </span>
    </p>
   </div>
   <div class='ocr_carea' id='block_1_67' title="bbox 2040 3326 3537 3409">
    <p class='ocr_par' dir='ltr' id='par_1_67' title="bbox 2040 3326 3537 3409">
     <span class='ocr_line' id='line_1_67' title="bbox 2040 3326 3537 3409; baseline 0.008 -30"><span class='ocrx_word' id='word_1_535' title='bbox 2040 3326 2170 3380; x_wconf 89' lang='lat' dir='ltr'><strong>Cum</strong></span> <span class='ocrx_word' id='word_1_536' title='bbox 2250 3342 2381 3409; x_wconf 72' lang='lat' dir='ltr'><strong>ergo</strong></span> <span class='ocrx_word' id='word_1_537' title='bbox 2466 3328 2520 3380; x_wconf 86' lang='lat' dir='ltr'><strong>in</strong></span> <span class='ocrx_word' id='word_1_538' title='bbox 2598 3330 2909 3384; x_wconf 85' lang='lat' dir='ltr'><strong>nominibus</strong></span> <span class='ocrx_word' id='word_1_539' title='bbox 2962 3342 3019 3385; x_wconf 88' lang='lat' dir='ltr'><strong>et</strong></span> <span class='ocrx_word' id='word_1_540' title='bbox 3096 3335 3259 3393; x_wconf 82' lang='lat' dir='ltr'><strong>rebus</strong></span> <span class='ocrx_word' id='word_1_541' title='bbox 3329 3345 3537 3391; x_wconf 89' lang='lat' dir='ltr'><strong>tantum</strong></span> 
     </span>
    </p>
   </div>
   <div class='ocr_carea' id='block_1_68' title="bbox 1966 3414 3539 3487">
    <p class='ocr_par' dir='ltr' id='par_1_68' title="bbox 1966 3414 3539 3487">
     <span class='ocr_line' id='line_1_68' title="bbox 1966 3414 3539 3487; baseline 0.006 -18"><span class='ocrx_word' id='word_1_542' title='bbox 1966 3414 2261 3471; x_wconf 84' lang='lat' dir='ltr'><strong>discrimen</strong></span> <span class='ocrx_word' id='word_1_543' title='bbox 2294 3418 2622 3487; x_wconf 88' lang='lat' dir='ltr'><strong>reperiatur,</strong></span> <span class='ocrx_word' id='word_1_544' title='bbox 2654 3422 2783 3487; x_wconf 89' lang='lat' dir='ltr'><strong>quid</strong></span> <span class='ocrx_word' id='word_1_545' title='bbox 2834 3438 3014 3476; x_wconf 66' lang='lat' dir='ltr'><strong>causae</strong></span> <span class='ocrx_word' id='word_1_546' title='bbox 3066 3434 3151 3479; x_wconf 91' lang='lat' dir='ltr'><strong>est</strong></span> <span class='ocrx_word' id='word_1_547' title='bbox 3201 3442 3297 3480; x_wconf 92' lang='lat' dir='ltr'><strong>cur</strong></span> <span class='ocrx_word' id='word_1_548' title='bbox 3348 3429 3539 3484; x_wconf 76' lang='lat' dir='ltr'><strong>litterm</strong></span> 
     </span>
    </p>
   </div>
   <div class='ocr_carea' id='block_1_69' title="bbox 1964 3511 3535 3590">
    <p class='ocr_par' dir='ltr' id='par_1_69' title="bbox 1964 3511 3535 3590">
     <span class='ocr_line' id='line_1_69' title="bbox 1964 3511 3535 3590; baseline 0.009 -29"><span class='ocrx_word' id='word_1_549' title='bbox 1964 3516 2245 3576; x_wconf 88' lang='lat' dir='ltr'><strong>tantopere</strong></span> <span class='ocrx_word' id='word_1_550' title='bbox 2300 3513 2531 3576; x_wconf 84' lang='lat' dir='ltr'><strong>servias,</strong></span> <span class='ocrx_word' id='word_1_551' title='bbox 2585 3511 2930 3584; x_wconf 70' lang='lat' dir='ltr'><strong>.ludaictequc</strong></span> <span class='ocrx_word' id='word_1_552' title='bbox 2977 3518 3262 3586; x_wconf 74' lang='lat' dir='ltr'><strong>sapientiae</strong></span> <span class='ocrx_word' id='word_1_553' title='bbox 3302 3523 3535 3590; x_wconf 92' lang='lat' dir='ltr'><strong>teipsum</strong></span> 
     </span>
    </p>
   </div>
   <div class='ocr_carea' id='block_1_70' title="bbox 1966 3599 3543 3674">
    <p class='ocr_par' dir='ltr' id='par_1_70' title="bbox 1966 3599 3543 3674">
     <span class='ocr_line' id='line_1_70' title="bbox 1966 3599 3543 3674; baseline 0.008 -22"><span class='ocrx_word' id='word_1_554' title='bbox 1966 3599 2251 3670; x_wconf 75' lang='lat' dir='ltr'><strong>adiungas,</strong></span> <span class='ocrx_word' id='word_1_555' title='bbox 2304 3603 2616 3671; x_wconf 78' lang='lat' dir='ltr'><strong>relictisque</strong></span> <span class='ocrx_word' id='word_1_556' title='bbox 2693 3606 2854 3661; x_wconf 88' lang='lat' dir='ltr'><strong>rebus</strong></span> <span class='ocrx_word' id='word_1_557' title='bbox 2904 3607 3140 3674; x_wconf 79' lang='lat' dir='ltr'><strong>syllabas</strong></span> <span class='ocrx_word' id='word_1_558' title='bbox 3172 3613 3543 3665; x_wconf 77' lang='lat' dir='ltr'><strong>consecteris?</strong></span> 
     </span>
    </p>
   </div>
   <div class='ocr_carea' id='block_1_71' title="bbox 1963 3693 3535 3769">
    <p class='ocr_par' dir='ltr' id='par_1_71' title="bbox 1963 3693 3535 3769">
     <span class='ocr_line' id='line_1_71' title="bbox 1963 3693 3535 3769; baseline 0.01 -26"><span class='ocrx_word' id='word_1_559' title='bbox 1963 3693 2115 3757; x_wconf 87' lang='lat' dir='ltr'><strong>Quod</strong></span> <span class='ocrx_word' id='word_1_560' title='bbox 2149 3693 2195 3746; x_wconf 89' lang='lat' dir='ltr'><strong>si</strong></span> <span class='ocrx_word' id='word_1_561' title='bbox 2242 3701 2296 3748; x_wconf 85' lang='lat' dir='ltr'><strong>te</strong></span> <span class='ocrx_word' id='word_1_562' title='bbox 2332 3695 2415 3748; x_wconf 88' lang='lat' dir='ltr'><strong>bis</strong></span> <span class='ocrx_word' id='word_1_563' title='bbox 2442 3695 2705 3764; x_wconf 88' lang='lat' dir='ltr'><strong>quinque,</strong></span> <span class='ocrx_word' id='word_1_564' title='bbox 2766 3707 2863 3751; x_wconf 86' lang='lat' dir='ltr'><strong>aut</strong></span> <span class='ocrx_word' id='word_1_565' title='bbox 2917 3699 2997 3752; x_wconf 84' lang='lat' dir='ltr'><strong>bis</strong></span> <span class='ocrx_word' id='word_1_566' title='bbox 3046 3702 3252 3769; x_wconf 78' lang='lat' dir='ltr'><strong>septem</strong></span> <span class='ocrx_word' id='word_1_567' title='bbox 3301 3706 3535 3765; x_wconf 83' lang='lat' dir='ltr'><strong>dicente.</strong></span> 
     </span>
    </p>
   </div>
   <div class='ocr_carea' id='block_1_72' title="bbox 1961 3785 3536 3865">
    <p class='ocr_par' dir='ltr' id='par_1_72' title="bbox 1961 3785 3536 3865">
     <span class='ocr_line' id='line_1_72' title="bbox 1961 3785 3536 3865; baseline 0.007 -27"><span class='ocrx_word' id='word_1_568' title='bbox 1961 3785 2150 3839; x_wconf 89' lang='lat' dir='ltr'><strong>decem</strong></span> <span class='ocrx_word' id='word_1_569' title='bbox 2178 3795 2273 3839; x_wconf 87' lang='lat' dir='ltr'><strong>aut</strong></span> <span class='ocrx_word' id='word_1_570' title='bbox 2302 3789 2717 3854; x_wconf 88' lang='lat' dir='ltr'><strong>quatuordecim</strong></span> <span class='ocrx_word' id='word_1_571' title='bbox 2747 3804 2811 3843; x_wconf 80' lang='lat' dir='ltr'><strong>ex</strong></span> <span class='ocrx_word' id='word_1_572' title='bbox 2844 3791 3027 3845; x_wconf 81' lang='lat' dir='ltr'><strong>verbis</strong></span> <span class='ocrx_word' id='word_1_573' title='bbox 3062 3793 3166 3847; x_wconf 89' lang='lat' dir='ltr'><strong>tuis</strong></span> <span class='ocrx_word' id='word_1_574' title='bbox 3199 3795 3536 3865; x_wconf 77' lang='lat' dir='ltr'><strong>colligerem;</strong></span> 
     </span>
    </p>
   </div>
   <div class='ocr_carea' id='block_1_73' title="bbox 1961 3882 3540 3959">
    <p class='ocr_par' dir='ltr' id='par_1_73' title="bbox 1961 3882 3540 3959">
     <span class='ocr_line' id='line_1_73' title="bbox 1961 3882 3540 3959; baseline 0.009 -26"><span class='ocrx_word' id='word_1_575' title='bbox 1961 3890 2047 3933; x_wconf 91' lang='lat' dir='ltr'><strong>aut</strong></span> <span class='ocrx_word' id='word_1_576' title='bbox 2082 3895 2148 3936; x_wconf 80' lang='lat' dir='ltr'><strong>ex</strong></span> <span class='ocrx_word' id='word_1_577' title='bbox 2178 3894 2265 3942; x_wconf 89' lang='lat' dir='ltr'><strong>eo,</strong></span> <span class='ocrx_word' id='word_1_578' title='bbox 2290 3882 2435 3951; x_wconf 91' lang='lat' dir='ltr'><strong>quod</strong></span> <span class='ocrx_word' id='word_1_579' title='bbox 2464 3883 2686 3959; x_wconf 81' lang='lat' dir='ltr'><strong>animal</strong></span> <span class='ocrx_word' id='word_1_580' title='bbox 2721 3886 2929 3940; x_wconf 84' lang='lat' dir='ltr'><strong>ratione</strong></span> <span class='ocrx_word' id='word_1_581' title='bbox 2963 3889 3248 3956; x_wconf 66' lang='lat' dir='ltr'><strong>praeditum</strong></span> <span class='ocrx_word' id='word_1_582' title='bbox 3298 3900 3354 3946; x_wconf 93' lang='lat' dir='ltr'><strong>ct</strong></span> <span class='ocrx_word' id='word_1_583' title='bbox 3393 3909 3540 3948; x_wconf 90' lang='lat' dir='ltr'><strong>mor-</strong></span> 
     </span>
    </p>
   </div>
   <div class='ocr_carea' id='block_1_74' title="bbox 1963 3972 3535 4049">
    <p class='ocr_par' dir='ltr' id='par_1_74' title="bbox 1963 3972 3535 4049">
     <span class='ocr_line' id='line_1_74' title="bbox 1963 3972 3535 4049; baseline 0.01 -23"><span class='ocrx_word' id='word_1_584' title='bbox 1963 3972 2324 4037; x_wconf 83' lang='lat' dir='ltr'><strong>talediceres,</strong></span> <span class='ocrx_word' id='word_1_585' title='bbox 2356 3973 2628 4029; x_wconf 88' lang='lat' dir='ltr'><strong>hominem</strong></span> <span class='ocrx_word' id='word_1_586' title='bbox 2677 3991 2802 4032; x_wconf 85' lang='lat' dir='ltr'><strong>esse</strong></span> <span class='ocrx_word' id='word_1_587' title='bbox 2850 3981 3257 4049; x_wconf 88' lang='lat' dir='ltr'><strong>concluderem,</strong></span> <span class='ocrx_word' id='word_1_588' title='bbox 3314 3999 3382 4039; x_wconf 90' lang='lat' dir='ltr'><strong>an</strong></span> <span class='ocrx_word' id='word_1_589' title='bbox 3436 3987 3535 4041; x_wconf 91' lang='lat' dir='ltr'><strong>tibi</strong></span> 
     </span>
    </p>
   </div>
   <div class='ocr_carea' id='block_1_75' title="bbox 290 4065 1865 4145">
    <p class='ocr_par' dir='ltr' id='par_1_75' title="bbox 290 4065 1859 4145">
     <span class='ocr_line' id='line_1_75' title="bbox 290 4065 1859 4145; baseline -0.009 -14"><span class='ocrx_word' id='word_1_590' title='bbox 290 4078 374 4131; x_wconf 84' lang='grc' dir='ltr'><strong>Οὐ</strong></span> <span class='ocrx_word' id='word_1_591' title='bbox 410 4079 519 4145; x_wconf 81' lang='grc' dir='ltr'>γὰρ</span> <span class='ocrx_word' id='word_1_592' title='bbox 545 4075 637 4127; x_wconf 83' lang='grc' dir='ltr'>τοῦ</span> <span class='ocrx_word' id='word_1_593' title='bbox 668 4073 919 4142; x_wconf 78' lang='grc' dir='ltr'>λέγοντος</span> <span class='ocrx_word' id='word_1_594' title='bbox 949 4072 1158 4141; x_wconf 83' lang='grc' dir='ltr'>μᾶλλον</span> <span class='ocrx_word' id='word_1_595' title='bbox 1184 4070 1236 4123; x_wconf 81' lang='lat' dir='ltr'><strong>oi</strong></span> <span class='ocrx_word' id='word_1_596' title='bbox 1273 4068 1446 4136; x_wconf 87' lang='grc' dir='ltr'>λόγοι,</span> <span class='ocrx_word' id='word_1_597' title='bbox 1480 4067 1513 4137; x_wconf 79' lang='grc' dir='ltr'>ἢ</span> <span class='ocrx_word' id='word_1_598' title='bbox 1548 4065 1645 4119; x_wconf 81' lang='grc' dir='ltr'>τοῦ</span> <span class='ocrx_word' id='word_1_599' title='bbox 1673 4066 1859 4134; x_wconf 84' lang='grc' dir='ltr'>λέγειν</span> 
     </span>
    </p>
   </div>
   <div class='ocr_carea' id='block_1_76' title="bbox 1967 4065 3536 4145">
    <p class='ocr_par' dir='ltr' id='par_1_76' title="bbox 1967 4065 3536 4144">
     <span class='ocr_line' id='line_1_76' title="bbox 1967 4065 3536 4144; baseline 0.011 -28"><span class='ocrx_word' id='word_1_600' title='bbox 1967 4065 2162 4134; x_wconf 77' lang='lat' dir='ltr'><strong>nugari</strong></span> <span class='ocrx_word' id='word_1_601' title='bbox 2194 4065 2450 4120; x_wconf 85' lang='lat' dir='ltr'><strong>viderer?</strong></span> <span class='ocrx_word' id='word_1_602' title='bbox 2481 4068 2543 4123; x_wconf 84' lang='lat' dir='ltr'><strong>Et</strong></span> <span class='ocrx_word' id='word_1_603' title='bbox 2567 4084 2678 4137; x_wconf 92' lang='lat' dir='ltr'><strong>quo</strong></span> <span class='ocrx_word' id='word_1_604' title='bbox 2728 4079 2887 4138; x_wconf 87' lang='lat' dir='ltr'><strong>pacto</strong></span> <span class='ocrx_word' id='word_1_605' title='bbox 2917 4071 2970 4125; x_wconf 88' lang='lat' dir='ltr'><strong>id</strong></span> <span class='ocrx_word' id='word_1_606' title='bbox 3006 4072 3122 4128; x_wconf 81' lang='lat' dir='ltr'><strong>ﬁeri</strong></span> <span class='ocrx_word' id='word_1_607' title='bbox 3172 4089 3373 4144; x_wconf 89' lang='lat' dir='ltr'><strong>posset,</strong></span> <span class='ocrx_word' id='word_1_608' title='bbox 3410 4093 3536 4133; x_wconf 88' lang='lat' dir='ltr'><strong>cum</strong></span> 
     </span>
    </p>
   </div>
   <div class='ocr_carea' id='block_1_77' title="bbox 292 4155 1865 4240">
    <p class='ocr_par' dir='ltr' id='par_1_77' title="bbox 292 4157 1861 4235">
     <span class='ocr_line' id='line_1_77' title="bbox 292 4157 1861 4235; baseline -0.008 -13"><span class='ocrx_word' id='word_1_609' title='bbox 292 4168 823 4235; x_wconf 78' lang='grc' dir='ltr'>συναναγκάζοντος.</span> <span class='ocrx_word' id='word_1_610' title='bbox 889 4164 1098 4233; x_wconf 83' lang='grc' dir='ltr'>’Ὥσπερ</span> <span class='ocrx_word' id='word_1_611' title='bbox 1118 4157 1212 4215; x_wconf 82' lang='grc' dir='ltr'><strong>οὖν</strong></span> <span class='ocrx_word' id='word_1_612' title='bbox 1262 4159 1500 4213; x_wconf 73' lang='grc' dir='ltr'>ἐνταῦθα</span> <span class='ocrx_word' id='word_1_613' title='bbox 1542 4159 1643 4211; x_wconf 78' lang='grc' dir='ltr'><strong>οὐκ</strong></span> <span class='ocrx_word' id='word_1_614' title='bbox 1688 4157 1758 4211; x_wconf 79' lang='grc' dir='ltr'>ἂν</span> <span class='ocrx_word' id='word_1_615' title='bbox 1791 4157 1861 4209; x_wconf 82' lang='grc' dir='ltr'>τὰ</span> 
     </span>
    </p>
   </div>
   <div class='ocr_carea' id='block_1_78' title="bbox 1967 4155 3539 4240">
    <p class='ocr_par' dir='ltr' id='par_1_78' title="bbox 1970 4155 3539 4240">
     <span class='ocr_line' id='line_1_78' title="bbox 1970 4155 3539 4240; baseline 0.01 -30"><span class='ocrx_word' id='word_1_616' title='bbox 1970 4164 2063 4210; x_wconf 83' lang='lat' dir='ltr'><strong>tua</strong></span> <span class='ocrx_word' id='word_1_617' title='bbox 2089 4155 2512 4227; x_wconf 70' lang='lat' dir='ltr'><strong>dicamiNeque</strong></span> <span class='ocrx_word' id='word_1_618' title='bbox 2542 4160 2688 4214; x_wconf 90' lang='lat' dir='ltr'><strong>enim</strong></span> <span class='ocrx_word' id='word_1_619' title='bbox 2710 4162 2876 4217; x_wconf 85' lang='lat' dir='ltr'><strong>verba</strong></span> <span class='ocrx_word' id='word_1_620' title='bbox 2920 4165 3092 4234; x_wconf 77' lang='lat' dir='ltr'><strong>magis</strong></span> <span class='ocrx_word' id='word_1_621' title='bbox 3123 4177 3252 4221; x_wconf 88' lang='lat' dir='ltr'><strong>sunt</strong></span> <span class='ocrx_word' id='word_1_622' title='bbox 3294 4169 3411 4239; x_wconf 86' lang='lat' dir='ltr'><strong>ejus</strong></span> <span class='ocrx_word' id='word_1_623' title='bbox 3441 4172 3539 4240; x_wconf 88' lang='lat' dir='ltr'><strong>qui</strong></span> 
     </span>
    </p>
   </div>
   <div class='ocr_carea' id='block_1_79' title="bbox 294 4248 1865 4329">
    <p class='ocr_par' dir='ltr' id='par_1_79' title="bbox 294 4248 1863 4329">
     <span class='ocr_line' id='line_1_79' title="bbox 294 4248 1863 4329; baseline -0.008 -15"><span class='ocrx_word' id='word_1_624' title='bbox 294 4261 575 4329; x_wconf 84' lang='grc' dir='ltr'>λεγόμενα</span> <span class='ocrx_word' id='word_1_625' title='bbox 601 4259 805 4328; x_wconf 80' lang='grc' dir='ltr'>μᾶλλον</span> <span class='ocrx_word' id='word_1_626' title='bbox 842 4257 1138 4318; x_wconf 77' lang='grc' dir='ltr'>ἐσκόπουν,</span> <span class='ocrx_word' id='word_1_627' title='bbox 1168 4255 1202 4324; x_wconf 82' lang='grc' dir='ltr'>ἢ</span> <span class='ocrx_word' id='word_1_628' title='bbox 1242 4253 1311 4307; x_wconf 86' lang='grc' dir='ltr'>τὰ</span> <span class='ocrx_word' id='word_1_629' title='bbox 1338 4252 1635 4321; x_wconf 76' lang='grc' dir='ltr'>νοούμεναο</span> <span class='ocrx_word' id='word_1_630' title='bbox 1687 4248 1863 4313; x_wconf 76' lang='grc' dir='ltr'>οὕτως</span> 
     </span>
    </p>
   </div>
   <div class='ocr_carea' id='block_1_80' title="bbox 1967 4248 3537 4329">
    <p class='ocr_par' dir='ltr' id='par_1_80' title="bbox 1971 4249 3537 4326">
     <span class='ocr_line' id='line_1_80' title="bbox 1971 4249 3537 4326; baseline 0.01 -24"><span class='ocrx_word' id='word_1_631' title='bbox 1971 4249 2233 4319; x_wconf 87' lang='lat' dir='ltr'><strong>loquitur,</strong></span> <span class='ocrx_word' id='word_1_632' title='bbox 2277 4265 2439 4321; x_wconf 91' lang='lat' dir='ltr'><strong>quam</strong></span> <span class='ocrx_word' id='word_1_633' title='bbox 2495 4253 2642 4310; x_wconf 88' lang='lat' dir='ltr'><strong>illius</strong></span> <span class='ocrx_word' id='word_1_634' title='bbox 2697 4256 2790 4325; x_wconf 94' lang='lat' dir='ltr'><strong>qui</strong></span> <span class='ocrx_word' id='word_1_635' title='bbox 2843 4256 3095 4326; x_wconf 87' lang='lat' dir='ltr'><strong>loquendi</strong></span> <span class='ocrx_word' id='word_1_636' title='bbox 3148 4263 3537 4317; x_wconf 83' lang='lat' dir='ltr'><strong>necessitatem</strong></span> 
     </span>
    </p>
   </div>
   <div class='ocr_carea' id='block_1_81' title="bbox 291 4324 1865 4425">
    <p class='ocr_par' dir='ltr' id='par_1_81' title="bbox 291 4324 1860 4419">
     <span class='ocr_line' id='line_1_81' title="bbox 291 4324 1860 4419; baseline -0.01 -10"><span class='ocrx_word' id='word_1_637' title='bbox 291 4324 507 4409; x_wconf 41' lang='grc' dir='ltr'>οὑδὲ-εἷ</span> <span class='ocrx_word' id='word_1_638' title='bbox 535 4324 747 4405; x_wconf 24' lang='grc' dir='ltr'>τιίἀλλο</span> <span class='ocrx_word' id='word_1_639' title='bbox 770 4348 881 4403; x_wconf 88' lang='grc' dir='ltr'><strong>τῶν</strong></span> <span class='ocrx_word' id='word_1_640' title='bbox 916 4348 993 4419; x_wconf 85' lang='grc' dir='ltr'>μὴ</span> <span class='ocrx_word' id='word_1_641' title='bbox 1017 4345 1352 4416; x_wconf 83' lang='grc' dir='ltr'>λεγομένων,</span> <span class='ocrx_word' id='word_1_642' title='bbox 1387 4344 1420 4414; x_wconf 83' lang='grc' dir='ltr'>ἢ</span> <span class='ocrx_word' id='word_1_643' title='bbox 1457 4343 1532 4413; x_wconf 84' lang='grc' dir='ltr'>μὴ</span> <span class='ocrx_word' id='word_1_644' title='bbox 1572 4341 1761 4409; x_wconf 74' lang='grc' dir='ltr'>σαφῶς</span> <span class='ocrx_word' id='word_1_645' title='bbox 1796 4343 1860 4394; x_wconf 77' lang='grc' dir='ltr'>ὲκ</span> 
     </span>
    </p>
   </div>
   <div class='ocr_carea' id='block_1_82' title="bbox 1967 4324 3537 4425">
    <p class='ocr_par' dir='ltr' id='par_1_82' title="bbox 1967 4324 3537 4425">
     <span class='ocr_line' id='line_1_82' title="bbox 1967 4324 3537 4425; baseline 0.011 -31"><span class='ocrx_word' id='word_1_646' title='bbox 1967 4341 2142 4396; x_wconf 76' lang='lat' dir='ltr'><strong>affert.</strong></span> <span class='ocrx_word' id='word_1_647' title='bbox 2195 4342 2660 4408; x_wconf 84' lang='lat' dir='ltr'><strong>Quemadmodum</strong></span> <span class='ocrx_word' id='word_1_648' title='bbox 2707 4324 3026 4418; x_wconf 75' lang='lat' dir='ltr'><strong>igiturhic,</strong></span> <span class='ocrx_word' id='word_1_649' title='bbox 3089 4367 3197 4407; x_wconf 92' lang='lat' dir='ltr'><strong>non</strong></span> <span class='ocrx_word' id='word_1_650' title='bbox 3244 4368 3309 4409; x_wconf 88' lang='lat' dir='ltr'><strong>ea</strong></span> <span class='ocrx_word' id='word_1_651' title='bbox 3361 4360 3537 4425; x_wconf 86' lang='lat' dir='ltr'><strong>magis</strong></span> 
     </span>
    </p>
   </div>
   <div class='ocr_carea' id='block_1_83' title="bbox 291 4433 1865 4516">
    <p class='ocr_par' dir='ltr' id='par_1_83' title="bbox 291 4436 1862 4516">
     <span class='ocr_line' id='line_1_83' title="bbox 291 4436 1862 4516; baseline -0.009 -17"><span class='ocrx_word' id='word_1_652' title='bbox 291 4447 398 4516; x_wconf 82' lang='grc' dir='ltr'><strong>τῆς</strong></span> <span class='ocrx_word' id='word_1_653' title='bbox 454 4444 676 4515; x_wconf 64' lang='grc' dir='ltr'>Γραφῐκ</span> <span class='ocrx_word' id='word_1_654' title='bbox 730 4442 1024 4510; x_wconf 85' lang='grc' dir='ltr'>νοούμενον</span> <span class='ocrx_word' id='word_1_655' title='bbox 1074 4438 1359 4507; x_wconf 74' lang='grc' dir='ltr'>εὕρισκον,</span> <span class='ocrx_word' id='word_1_656' title='bbox 1410 4438 1612 4505; x_wconf 77' lang='grc' dir='ltr'>ἔφυγον</span> <span class='ocrx_word' id='word_1_657' title='bbox 1664 4436 1731 4489; x_wconf 83' lang='grc' dir='ltr'><strong>ἂν</strong></span> <span class='ocrx_word' id='word_1_658' title='bbox 1761 4436 1862 4501; x_wconf 79' lang='grc' dir='ltr'><strong>τὴν</strong></span> 
     </span>
    </p>
   </div>
   <div class='ocr_carea' id='block_1_84' title="bbox 1967 4433 3536 4516">
    <p class='ocr_par' dir='ltr' id='par_1_84' title="bbox 1969 4433 3536 4512">
     <span class='ocr_line' id='line_1_84' title="bbox 1969 4433 3536 4512; baseline 0.006 -27"><span class='ocrx_word' id='word_1_659' title='bbox 1969 4446 2090 4500; x_wconf 69' lang='lat' dir='ltr'><strong>quae</strong></span> <span class='ocrx_word' id='word_1_660' title='bbox 2116 4433 2390 4498; x_wconf 89' lang='lat' dir='ltr'><strong>dicuntur,</strong></span> <span class='ocrx_word' id='word_1_661' title='bbox 2410 4449 2574 4504; x_wconf 89' lang='lat' dir='ltr'><strong>quam</strong></span> <span class='ocrx_word' id='word_1_662' title='bbox 2609 4452 2730 4507; x_wconf 82' lang='lat' dir='ltr'><strong>quae</strong></span> <span class='ocrx_word' id='word_1_663' title='bbox 2756 4439 3155 4510; x_wconf 81' lang='lat' dir='ltr'><strong>intelliguntur,</strong></span> <span class='ocrx_word' id='word_1_664' title='bbox 3181 4443 3536 4512; x_wconf 75' lang='lat' dir='ltr'><strong>respicerent;</strong></span> 
     </span>
    </p>
   </div>
   <div class='ocr_carea' id='block_1_85' title="bbox 294 4525 1865 4607">
    <p class='ocr_par' dir='ltr' id='par_1_85' title="bbox 294 4527 1863 4607">
     <span class='ocr_line' id='line_1_85' title="bbox 294 4527 1863 4607; baseline -0.008 -16"><span class='ocrx_word' id='word_1_665' title='bbox 294 4536 633 4607; x_wconf 74' lang='grc' dir='ltr'>έκφώνησιν,</span> <span class='ocrx_word' id='word_1_666' title='bbox 686 4532 1019 4602; x_wconf 79' lang='grc' dir='ltr'>φοϐούμενος</span> <span class='ocrx_word' id='word_1_667' title='bbox 1078 4532 1138 4584; x_wconf 75' lang='grc' dir='ltr'>σὲ</span> <span class='ocrx_word' id='word_1_668' title='bbox 1208 4530 1302 4583; x_wconf 83' lang='grc' dir='ltr'>τὸν</span> <span class='ocrx_word' id='word_1_669' title='bbox 1360 4531 1706 4597; x_wconf 82' lang='grc' dir='ltr'>συκοφάντην</span> <span class='ocrx_word' id='word_1_670' title='bbox 1763 4527 1863 4597; x_wconf 79' lang='grc' dir='ltr'>τὴν</span> 
     </span>
    </p>
   </div>
   <div class='ocr_carea' id='block_1_86' title="bbox 1967 4525 3539 4607">
    <p class='ocr_par' dir='ltr' id='par_1_86' title="bbox 1970 4525 3539 4604">
     <span class='ocr_line' id='line_1_86' title="bbox 1970 4525 3539 4604; baseline 0.007 -26"><span class='ocrx_word' id='word_1_671' title='bbox 1970 4525 2160 4578; x_wconf 80' lang='lat' dir='ltr'><strong>eodem</strong></span> <span class='ocrx_word' id='word_1_672' title='bbox 2193 4527 2359 4581; x_wconf 90' lang='lat' dir='ltr'><strong>modo</strong></span> <span class='ocrx_word' id='word_1_673' title='bbox 2404 4542 2524 4594; x_wconf 83' lang='lat' dir='ltr'><strong>nec,</strong></span> <span class='ocrx_word' id='word_1_674' title='bbox 2579 4531 2623 4583; x_wconf 89' lang='lat' dir='ltr'><strong>si</strong></span> <span class='ocrx_word' id='word_1_675' title='bbox 2658 4530 2788 4598; x_wconf 89' lang='lat' dir='ltr'><strong>quid</strong></span> <span class='ocrx_word' id='word_1_676' title='bbox 2837 4532 2983 4586; x_wconf 90' lang='lat' dir='ltr'><strong>aliud</strong></span> <span class='ocrx_word' id='word_1_677' title='bbox 3040 4548 3229 4588; x_wconf 91' lang='lat' dir='ltr'><strong>eorum</strong></span> <span class='ocrx_word' id='word_1_678' title='bbox 3283 4551 3401 4604; x_wconf 66' lang='lat' dir='ltr'><strong>quae</strong></span> <span class='ocrx_word' id='word_1_679' title='bbox 3454 4537 3539 4590; x_wconf 77' lang='lat' dir='ltr'><strong>vel</strong></span> 
     </span>
    </p>
   </div>
   <div class='ocr_carea' id='block_1_87' title="bbox 293 4616 3536 4701">
    <p class='ocr_par' dir='ltr' id='par_1_87' title="bbox 293 4616 3536 4701">
     <span class='ocr_line' id='line_1_87' title="bbox 293 4616 3536 4701; baseline 0.003 -31"><span class='ocrx_word' id='word_1_680' title='bbox 293 4630 605 4701; x_wconf 75' lang='grc' dir='ltr'>ὀνομάτων,</span> <span class='ocrx_word' id='word_1_681' title='bbox 1972 4616 2118 4670; x_wconf 89' lang='lat' dir='ltr'><strong>nullo</strong></span> <span class='ocrx_word' id='word_1_682' title='bbox 2153 4616 2335 4682; x_wconf 91' lang='lat' dir='ltr'><strong>modo,</strong></span> <span class='ocrx_word' id='word_1_683' title='bbox 2364 4620 2448 4673; x_wconf 91' lang='lat' dir='ltr'><strong>vel</strong></span> <span class='ocrx_word' id='word_1_684' title='bbox 2475 4629 2623 4674; x_wconf 84' lang='lat' dir='ltr'><strong>certe</strong></span> <span class='ocrx_word' id='word_1_685' title='bbox 2653 4637 2763 4675; x_wconf 90' lang='lat' dir='ltr'><strong>non</strong></span> <span class='ocrx_word' id='word_1_686' title='bbox 2791 4622 2925 4677; x_wconf 84' lang='lat' dir='ltr'><strong>satis</strong></span> <span class='ocrx_word' id='word_1_687' title='bbox 2950 4633 3137 4692; x_wconf 85' lang='lat' dir='ltr'><strong>aperte</strong></span> <span class='ocrx_word' id='word_1_688' title='bbox 3169 4626 3446 4691; x_wconf 86' lang='lat' dir='ltr'><strong>dicuntur,</strong></span> <span class='ocrx_word' id='word_1_689' title='bbox 3468 4642 3536 4679; x_wconf 83' lang='lat' dir='ltr'><strong>ex</strong></span> 
     </span>
    </p>
   </div>
   <div class='ocr_carea' id='block_1_88' title="bbox 298 4710 3535 4790">
    <p class='ocr_par' dir='ltr' id='par_1_88' title="bbox 298 4710 3535 4790">
     <span class='ocr_line' id='line_1_88' title="bbox 298 4710 3535 4790; baseline -0.003 -12"><span class='ocrx_word' id='word_1_690' title='bbox 298 4723 584 4790; x_wconf 87' lang='lat' dir='ltr'><strong>Scriptura</strong></span> <span class='ocrx_word' id='word_1_691' title='bbox 649 4730 827 4775; x_wconf 87' lang='lat' dir='ltr'><strong>tamen</strong></span> <span class='ocrx_word' id='word_1_692' title='bbox 894 4718 1120 4788; x_wconf 79' lang='lat' dir='ltr'><strong>intelligi</strong></span> <span class='ocrx_word' id='word_1_693' title='bbox 1190 4716 1483 4787; x_wconf 76' lang='lat' dir='ltr'><strong>colligique</strong></span> <span class='ocrx_word' id='word_1_694' title='bbox 1533 4711 1853 4782; x_wconf 85' lang='lat' dir='ltr'><strong>reperirem,</strong></span> <span class='ocrx_word' id='word_1_695' title='bbox 1893 4710 2030 4765; x_wconf 85' lang='lat' dir='ltr'><strong>adeo</strong></span> <span class='ocrx_word' id='word_1_696' title='bbox 2088 4716 2140 4763; x_wconf 87' lang='lat' dir='ltr'><strong>te</strong></span> <span class='ocrx_word' id='word_1_697' title='bbox 2184 4710 2570 4765; x_wconf 88' lang='lat' dir='ltr'><strong>vocabulorum</strong></span> <span class='ocrx_word' id='word_1_698' title='bbox 2612 4713 3004 4782; x_wconf 86' lang='lat' dir='ltr'><strong>sycophantam</strong></span> <span class='ocrx_word' id='word_1_699' title='bbox 3071 4716 3535 4783; x_wconf 86' lang='lat' dir='ltr'><strong>pertimescerem,</strong></span> 
     </span>
    </p>
   </div>
   <div class='ocr_carea' id='block_1_89' title="bbox 298 4807 1332 4877">
    <p class='ocr_par' dir='ltr' id='par_1_89' title="bbox 298 4807 1332 4877">
     <span class='ocr_line' id='line_1_89' title="bbox 298 4807 1332 4877; baseline -0.007 -9"><span class='ocrx_word' id='word_1_700' title='bbox 298 4824 358 4868; x_wconf 91' lang='lat' dir='ltr'><strong>ut</strong></span> <span class='ocrx_word' id='word_1_701' title='bbox 380 4814 448 4866; x_wconf 87' lang='lat' dir='ltr'><strong>ab</strong></span> <span class='ocrx_word' id='word_1_702' title='bbox 476 4811 848 4866; x_wconf 80' lang='lat' dir='ltr'><strong>enuntiatione</strong></span> <span class='ocrx_word' id='word_1_703' title='bbox 869 4809 984 4877; x_wconf 87' lang='lat' dir='ltr'><strong>ipsa</strong></span> <span class='ocrx_word' id='word_1_704' title='bbox 1006 4807 1332 4877; x_wconf 77' lang='lat' dir='ltr'><strong>refugerem.</strong></span> 
     </span>
    </p>
   </div>
   <div class='ocr_carea' id='block_1_90' title="bbox 745 4890 1865 4968">
    <p class='ocr_par' dir='ltr' id='par_1_90' title="bbox 745 4899 1432 4968">
     <span class='ocr_line' id='line_1_90' title="bbox 745 4899 1432 4968; baseline -0.004 -12"><span class='ocrx_word' id='word_1_705' title='bbox 745 4904 839 4956; x_wconf 84' lang='grc' dir='ltr'>Ἐκ</span> <span class='ocrx_word' id='word_1_706' title='bbox 871 4902 980 4955; x_wconf 80' lang='grc' dir='ltr'>τοῦ</span> <span class='ocrx_word' id='word_1_707' title='bbox 1009 4900 1196 4954; x_wconf 81' lang='grc' dir='ltr'>αὐτοῦ</span> <span class='ocrx_word' id='word_1_708' title='bbox 1219 4899 1432 4968; x_wconf 74' lang='grc' dir='ltr'>λόγου.</span> 
     </span>
    </p>
   </div>
   <div class='ocr_carea' id='block_1_91' title="bbox 1967 4890 3053 4968">
    <p class='ocr_par' dir='ltr' id='par_1_91' title="bbox 2455 4890 3053 4947">
     <span class='ocr_line' id='line_1_91' title="bbox 2455 4890 3053 4947; baseline 0.005 -4"><span class='ocrx_word' id='word_1_709' title='bbox 2455 4890 2541 4944; x_wconf 72' lang='lat' dir='ltr'><strong>Ex</strong></span> <span class='ocrx_word' id='word_1_710' title='bbox 2570 4890 2752 4944; x_wconf 81' lang='lat' dir='ltr'><strong>eadem</strong></span> <span class='ocrx_word' id='word_1_711' title='bbox 2793 4895 3053 4947; x_wconf 79' lang='lat' dir='ltr'><strong>oratione.</strong></span> 
     </span>
    </p>
   </div>
   <div class='ocr_carea' id='block_1_92' title="bbox 381 4978 1865 5067">
    <p class='ocr_par' dir='ltr' id='par_1_92' title="bbox 381 4988 1865 5067">
     <span class='ocr_line' id='line_1_92' title="bbox 381 4988 1865 5067; baseline -0.007 -15"><span class='ocrx_word' id='word_1_712' title='bbox 381 4997 689 5067; x_wconf 82' lang='grc' dir='ltr'>Ἐκήρυσσε</span> <span class='ocrx_word' id='word_1_713' title='bbox 729 4992 984 5065; x_wconf 81' lang='grc' dir='ltr'>φανερῶς</span> <span class='ocrx_word' id='word_1_714' title='bbox 1033 4994 1067 5063; x_wconf 75' lang='grc' dir='ltr'><strong>ἠ</strong></span> <span class='ocrx_word' id='word_1_715' title='bbox 1115 4991 1332 5044; x_wconf 84' lang='grc' dir='ltr'>Παλαιὰ</span> <span class='ocrx_word' id='word_1_716' title='bbox 1374 4990 1465 5042; x_wconf 85' lang='grc' dir='ltr'><strong>τδν</strong></span> <span class='ocrx_word' id='word_1_717' title='bbox 1497 4988 1734 5059; x_wconf 84' lang='grc' dir='ltr'>Πατέρα,</span> <span class='ocrx_word' id='word_1_718' title='bbox 1780 4988 1865 5042; x_wconf 78' lang='grc' dir='ltr'><strong>τὸν</strong></span> 
     </span>
    </p>
   </div>
   <div class='ocr_carea' id='block_1_93' title="bbox 1967 4978 3541 5067">
    <p class='ocr_par' dir='ltr' id='par_1_93' title="bbox 2041 4978 3541 5063">
     <span class='ocr_line' id='line_1_93' title="bbox 2041 4978 3541 5063; baseline 0.005 -29"><span class='ocrx_word' id='word_1_719' title='bbox 2041 4978 2209 5036; x_wconf 79' lang='lat' dir='ltr'><strong>Vetus</strong></span> <span class='ocrx_word' id='word_1_720' title='bbox 2240 4980 2646 5063; x_wconf 85' lang='lat' dir='ltr'><strong>Testamentum</strong></span> <span class='ocrx_word' id='word_1_721' title='bbox 2679 4981 2894 5037; x_wconf 85' lang='lat' dir='ltr'><strong>Patrem</strong></span> <span class='ocrx_word' id='word_1_722' title='bbox 2956 4995 3163 5052; x_wconf 79' lang='lat' dir='ltr'><strong>aperte,</strong></span> <span class='ocrx_word' id='word_1_723' title='bbox 3202 4983 3395 5040; x_wconf 81' lang='lat' dir='ltr'><strong>Filium</strong></span> <span class='ocrx_word' id='word_1_724' title='bbox 3440 4988 3541 5042; x_wconf 79' lang='lat' dir='ltr'><strong>ob-</strong></span> 
     </span>
    </p>
   </div>
   <div class='ocr_carea' id='block_1_94' title="bbox 300 5078 1865 5160">
    <p class='ocr_par' dir='ltr' id='par_1_94' title="bbox 300 5080 1865 5160">
     <span class='ocr_line' id='line_1_94' title="bbox 300 5080 1865 5160; baseline -0.007 -13"><span class='ocrx_word' id='word_1_725' title='bbox 300 5094 433 5147; x_wconf 82' lang='grc' dir='ltr'>Υίὸν</span> <span class='ocrx_word' id='word_1_726' title='bbox 462 5089 850 5160; x_wconf 79' lang='grc' dir='ltr'>ἀμυδρότερον.</span> <span class='ocrx_word' id='word_1_727' title='bbox 893 5087 1270 5154; x_wconf 82' lang='grc' dir='ltr'>Ἐφανέρωσεν</span> <span class='ocrx_word' id='word_1_728' title='bbox 1301 5084 1333 5153; x_wconf 78' lang='grc' dir='ltr'><strong>ἡ</strong></span> <span class='ocrx_word' id='word_1_729' title='bbox 1374 5081 1554 5152; x_wconf 83' lang='grc' dir='ltr'>Καινὴ</span> <span class='ocrx_word' id='word_1_730' title='bbox 1595 5082 1687 5135; x_wconf 78' lang='grc' dir='ltr'>τὸν</span> <span class='ocrx_word' id='word_1_731' title='bbox 1716 5080 1865 5146; x_wconf 76' lang='grc' dir='ltr'>Υίὸν,</span> 
     </span>
    </p>
   </div>
   <div class='ocr_carea' id='block_1_95' title="bbox 1967 5078 3537 5160">
    <p class='ocr_par' dir='ltr' id='par_1_95' title="bbox 1974 5078 3537 5148">
     <span class='ocr_line' id='line_1_95' title="bbox 1974 5078 3537 5148; baseline 0.003 -13"><span class='ocrx_word' id='word_1_732' title='bbox 1974 5080 2188 5135; x_wconf 81' lang='lat' dir='ltr'><strong>scurius</strong></span> <span class='ocrx_word' id='word_1_733' title='bbox 2256 5079 2588 5148; x_wconf 65' lang='lat' dir='ltr'><strong>praedicavit.</strong></span> <span class='ocrx_word' id='word_1_734' title='bbox 2650 5078 2859 5131; x_wconf 83' lang='lat' dir='ltr'><strong>Novum</strong></span> <span class='ocrx_word' id='word_1_735' title='bbox 2929 5089 3107 5136; x_wconf 86' lang='lat' dir='ltr'><strong>autem</strong></span> <span class='ocrx_word' id='word_1_736' title='bbox 3158 5097 3279 5137; x_wconf 92' lang='lat' dir='ltr'><strong>cum</strong></span> <span class='ocrx_word' id='word_1_737' title='bbox 3341 5082 3537 5140; x_wconf 89' lang='lat' dir='ltr'><strong>Filium</strong></span> 
     </span>
    </p>
   </div>
   <div class='ocr_carea' id='block_1_96' title="bbox 295 5172 1865 5247">
    <p class='ocr_par' dir='ltr' id='par_1_96' title="bbox 295 5172 1865 5247">
     <span class='ocr_line' id='line_1_96' title="bbox 295 5172 1865 5247; baseline -0.009 -10"><span class='ocrx_word' id='word_1_738' title='bbox 295 5182 547 5247; x_wconf 78' lang='grc' dir='ltr'>ὑπέδειξε</span> <span class='ocrx_word' id='word_1_739' title='bbox 569 5181 663 5234; x_wconf 80' lang='grc' dir='ltr'><strong>τοῦ</strong></span> <span class='ocrx_word' id='word_1_740' title='bbox 692 5178 829 5233; x_wconf 82' lang='grc' dir='ltr'>Πνεύ</span> <span class='ocrx_word' id='word_1_741' title='bbox 838 5194 1006 5247; x_wconf 88' lang='grc' dir='ltr'>ματος</span> <span class='ocrx_word' id='word_1_742' title='bbox 1030 5176 1132 5246; x_wconf 85' lang='grc' dir='ltr'>τὴν</span> <span class='ocrx_word' id='word_1_743' title='bbox 1154 5174 1380 5243; x_wconf 84' lang='grc' dir='ltr'>θεότητα</span> <span class='ocrx_word' id='word_1_744' title='bbox 1402 5189 1419 5203; x_wconf 82' lang='grc'><em>’</em></span> <span class='ocrx_word' id='word_1_745' title='bbox 1451 5172 1865 5243; x_wconf 75' lang='grc' dir='ltr'>ἑμπολιτεύεται</span> 
     </span>
    </p>
   </div>
   <div class='ocr_carea' id='block_1_97' title="bbox 1967 5172 3538 5247">
    <p class='ocr_par' dir='ltr' id='par_1_97' title="bbox 1976 5173 3538 5240">
     <span class='ocr_line' id='line_1_97' title="bbox 1976 5173 3538 5240; baseline 0.004 -11"><span class='ocrx_word' id='word_1_746' title='bbox 1976 5174 2265 5229; x_wconf 76' lang='lat' dir='ltr'><strong>manifeste</strong></span> <span class='ocrx_word' id='word_1_747' title='bbox 2294 5173 2613 5238; x_wconf 88' lang='lat' dir='ltr'><strong>ostenderit,</strong></span> <span class='ocrx_word' id='word_1_748' title='bbox 2646 5173 2879 5240; x_wconf 84' lang='lat' dir='ltr'><strong>Spiritus</strong></span> <span class='ocrx_word' id='word_1_749' title='bbox 2905 5176 3238 5233; x_wconf 88' lang='lat' dir='ltr'><strong>divinitatem</strong></span> <span class='ocrx_word' id='word_1_750' title='bbox 3295 5181 3538 5235; x_wconf 88' lang='lat' dir='ltr'><strong>subindi-</strong></span> 
     </span>
    </p>
   </div>
   <div class='ocr_carea' id='block_1_98' title="bbox 295 5264 1865 5342">
    <p class='ocr_par' dir='ltr' id='par_1_98' title="bbox 295 5264 1861 5342">
     <span class='ocr_line' id='line_1_98' title="bbox 295 5264 1861 5342; baseline -0.011 -9"><span class='ocrx_word' id='word_1_751' title='bbox 295 5280 392 5333; x_wconf 81' lang='grc' dir='ltr'><strong>νῦν</strong></span> <span class='ocrx_word' id='word_1_752' title='bbox 419 5276 482 5328; x_wconf 84' lang='grc' dir='ltr'><strong>τὸ</strong></span> <span class='ocrx_word' id='word_1_753' title='bbox 506 5273 728 5342; x_wconf 85' lang='grc' dir='ltr'>Πνεῦμα</span> <span class='ocrx_word' id='word_1_754' title='bbox 764 5270 1105 5339; x_wconf 76' lang='grc' dir='ltr'>σαφεστέραν</span> <span class='ocrx_word' id='word_1_755' title='bbox 1130 5269 1262 5336; x_wconf 63' lang='grc' dir='ltr'><strong>⁴ἡμῖν</strong></span> <span class='ocrx_word' id='word_1_756' title='bbox 1285 5266 1522 5336; x_wconf 84' lang='grc' dir='ltr'>παρέχον</span> <span class='ocrx_word' id='word_1_757' title='bbox 1545 5264 1644 5335; x_wconf 81' lang='grc' dir='ltr'>τὴν</span> <span class='ocrx_word' id='word_1_758' title='bbox 1666 5265 1861 5319; x_wconf 76' lang='grc' dir='ltr'>ἑαυτοῦ</span> 
     </span>
    </p>
   </div>
   <div class='ocr_carea' id='block_1_99' title="bbox 1967 5264 3540 5342">
    <p class='ocr_par' dir='ltr' id='par_1_99' title="bbox 1970 5264 3540 5333">
     <span class='ocr_line' id='line_1_99' title="bbox 1970 5264 3540 5333; baseline 0.004 -12"><span class='ocrx_word' id='word_1_759' title='bbox 1970 5265 2132 5321; x_wconf 89' lang='lat' dir='ltr'><strong>cavit.</strong></span> <span class='ocrx_word' id='word_1_760' title='bbox 2164 5264 2235 5317; x_wconf 82' lang='lat' dir='ltr'><strong>At</strong></span> <span class='ocrx_word' id='word_1_761' title='bbox 2259 5280 2400 5318; x_wconf 92' lang='lat' dir='ltr'><strong>nunc</strong></span> <span class='ocrx_word' id='word_1_762' title='bbox 2451 5264 2683 5333; x_wconf 76' lang='lat' dir='ltr'><strong>Spiritus</strong></span> <span class='ocrx_word' id='word_1_763' title='bbox 2734 5269 3011 5324; x_wconf 83' lang='lat' dir='ltr'><strong>nobiscum</strong></span> <span class='ocrx_word' id='word_1_764' title='bbox 3071 5285 3289 5326; x_wconf 91' lang='lat' dir='ltr'><strong>versans</strong></span> <span class='ocrx_word' id='word_1_765' title='bbox 3346 5275 3540 5327; x_wconf 71' lang='lat' dir='ltr'><strong>clario-</strong></span> 
     </span>
    </p>
   </div>
   <div class='ocr_carea' id='block_1_100' title="bbox 290 5356 1865 5443">
    <p class='ocr_par' dir='ltr' id='par_1_100' title="bbox 290 5358 1865 5443">
     <span class='ocr_line' id='line_1_100' title="bbox 290 5358 1865 5443; baseline -0.011 -18"><span class='ocrx_word' id='word_1_766' title='bbox 290 5372 546 5443; x_wconf 82' lang='grc' dir='ltr'>δήλωσιν.</span> <span class='ocrx_word' id='word_1_767' title='bbox 574 5368 651 5420; x_wconf 70' lang='lat' dir='ltr'><strong>Ub</strong></span> <span class='ocrx_word' id='word_1_768' title='bbox 690 5366 798 5435; x_wconf 81' lang='grc' dir='ltr'>γὰρ</span> <span class='ocrx_word' id='word_1_769' title='bbox 829 5361 896 5432; x_wconf 82' lang='grc' dir='ltr'><strong>ἦν</strong></span> <span class='ocrx_word' id='word_1_770' title='bbox 920 5361 1179 5431; x_wconf 75' lang='grc' dir='ltr'>ἀσφαλὲς,</span> <span class='ocrx_word' id='word_1_771' title='bbox 1219 5360 1382 5428; x_wconf 86' lang='grc' dir='ltr'>μήπω</span> <span class='ocrx_word' id='word_1_772' title='bbox 1405 5359 1504 5428; x_wconf 83' lang='grc' dir='ltr'>τῆς</span> <span class='ocrx_word' id='word_1_773' title='bbox 1528 5358 1623 5410; x_wconf 83' lang='grc' dir='ltr'><strong>τοῦ</strong></span> <span class='ocrx_word' id='word_1_774' title='bbox 1656 5358 1865 5427; x_wconf 83' lang='grc' dir='ltr'>Πατρὸς</span> 
     </span>
    </p>
   </div>
   <div class='ocr_carea' id='block_1_101' title="bbox 1967 5356 3540 5443">
    <p class='ocr_par' dir='ltr' id='par_1_101' title="bbox 1976 5356 3540 5429">
     <span class='ocr_line' id='line_1_101' title="bbox 1976 5356 3540 5429; baseline 0.004 -19"><span class='ocrx_word' id='word_1_775' title='bbox 1976 5372 2087 5410; x_wconf 89' lang='lat' dir='ltr'><strong>rem</strong></span> <span class='ocrx_word' id='word_1_776' title='bbox 2143 5356 2227 5410; x_wconf 90' lang='lat' dir='ltr'><strong>sui</strong></span> <span class='ocrx_word' id='word_1_777' title='bbox 2281 5357 2448 5424; x_wconf 86' lang='lat' dir='ltr'><strong>ipsius</strong></span> <span class='ocrx_word' id='word_1_778' title='bbox 2498 5356 3013 5414; x_wconf 81' lang='lat' dir='ltr'><strong>demonstrationem</strong></span> <span class='ocrx_word' id='word_1_779' title='bbox 3071 5363 3291 5428; x_wconf 73' lang='lat' dir='ltr'><strong>prtebet.</strong></span> <span class='ocrx_word' id='word_1_780' title='bbox 3350 5361 3540 5429; x_wconf 84' lang='lat' dir='ltr'><strong>Neque</strong></span> 
     </span>
    </p>
   </div>
   <div class='ocr_carea' id='block_1_102' title="bbox 292 5450 1865 5531">
    <p class='ocr_par' dir='ltr' id='par_1_102' title="bbox 292 5450 1865 5531">
     <span class='ocr_line' id='line_1_102' title="bbox 292 5450 1865 5531; baseline -0.009 -16"><span class='ocrx_word' id='word_1_781' title='bbox 292 5464 549 5531; x_wconf 80' lang='grc' dir='ltr'>θεότητος</span> <span class='ocrx_word' id='word_1_782' title='bbox 578 5456 1025 5527; x_wconf 73' lang='grc' dir='ltr'>ὁμολογηθείσης,</span> <span class='ocrx_word' id='word_1_783' title='bbox 1064 5453 1159 5506; x_wconf 85' lang='grc' dir='ltr'><strong>τὸν</strong></span> <span class='ocrx_word' id='word_1_784' title='bbox 1203 5452 1329 5504; x_wconf 84' lang='grc' dir='ltr'>Υίὸν</span> <span class='ocrx_word' id='word_1_785' title='bbox 1377 5450 1615 5521; x_wconf 74' lang='grc' dir='ltr'>ἐκδήλως</span> <span class='ocrx_word' id='word_1_786' title='bbox 1660 5450 1865 5520; x_wconf 83' lang='grc' dir='ltr'>κηρύτ-</span> 
     </span>
    </p>
   </div>
   <div class='ocr_carea' id='block_1_103' title="bbox 1967 5450 3535 5531">
    <p class='ocr_par' dir='ltr' id='par_1_103' title="bbox 1973 5450 3535 5512">
     <span class='ocr_line' id='line_1_103' title="bbox 1973 5450 3535 5512; baseline 0.004 -10"><span class='ocrx_word' id='word_1_787' title='bbox 1973 5452 2114 5503; x_wconf 90' lang='lat' dir='ltr'><strong>enim</strong></span> <span class='ocrx_word' id='word_1_788' title='bbox 2168 5460 2338 5502; x_wconf 89' lang='lat' dir='ltr'><strong>tutmn</strong></span> <span class='ocrx_word' id='word_1_789' title='bbox 2395 5460 2533 5512; x_wconf 85' lang='lat' dir='ltr'><strong>erat,</strong></span> <span class='ocrx_word' id='word_1_790' title='bbox 2580 5465 2702 5504; x_wconf 87' lang='lat' dir='ltr'><strong>cum</strong></span> <span class='ocrx_word' id='word_1_791' title='bbox 2763 5450 2940 5507; x_wconf 80' lang='lat' dir='ltr'><strong>Patris</strong></span> <span class='ocrx_word' id='word_1_792' title='bbox 2989 5454 3247 5508; x_wconf 87' lang='lat' dir='ltr'><strong>divinitas</strong></span> <span class='ocrx_word' id='word_1_793' title='bbox 3300 5454 3535 5509; x_wconf 87' lang='lat' dir='ltr'><strong>nondum</strong></span> 
     </span>
    </p>
   </div>
   <div class='ocr_carea' id='block_1_104' title="bbox 294 5539 1865 5623">
    <p class='ocr_par' dir='ltr' id='par_1_104' title="bbox 294 5539 1863 5623">
     <span class='ocr_line' id='line_1_104' title="bbox 294 5539 1863 5623; baseline -0.007 -15"><span class='ocrx_word' id='word_1_794' title='bbox 294 5554 511 5619; x_wconf 80' lang='grc' dir='ltr'>τεσθαι,</span> <span class='ocrx_word' id='word_1_795' title='bbox 537 5553 671 5623; x_wconf 69' lang='grc' dir='ltr'>μηδὲ</span> <span class='ocrx_word' id='word_1_796' title='bbox 687 5551 783 5619; x_wconf 79' lang='grc' dir='ltr'>τῆς</span> <span class='ocrx_word' id='word_1_797' title='bbox 801 5549 895 5602; x_wconf 84' lang='grc' dir='ltr'>τοῦ</span> <span class='ocrx_word' id='word_1_798' title='bbox 922 5548 1047 5601; x_wconf 82' lang='grc' dir='ltr'><strong>Υίοῦ</strong></span> <span class='ocrx_word' id='word_1_799' title='bbox 1078 5539 1529 5618; x_wconf 82' lang='grc' dir='ltr'>παραδέχθείσης,</span> <span class='ocrx_word' id='word_1_800' title='bbox 1554 5545 1615 5595; x_wconf 85' lang='grc' dir='ltr'>τὸ</span> <span class='ocrx_word' id='word_1_801' title='bbox 1641 5543 1863 5612; x_wconf 81' lang='grc' dir='ltr'>Πνεῦμα</span> 
     </span>
    </p>
   </div>
   <div class='ocr_carea' id='block_1_105' title="bbox 1967 5539 3542 5623">
    <p class='ocr_par' dir='ltr' id='par_1_105' title="bbox 1978 5541 3542 5615">
     <span class='ocr_line' id='line_1_105' title="bbox 1978 5541 3542 5615; baseline 0.002 -18"><span class='ocrx_word' id='word_1_802' title='bbox 1978 5552 2191 5611; x_wconf 84' lang='lat' dir='ltr'><strong>recepta</strong></span> <span class='ocrx_word' id='word_1_803' title='bbox 2216 5551 2383 5609; x_wconf 85' lang='lat' dir='ltr'><strong>esset,</strong></span> <span class='ocrx_word' id='word_1_804' title='bbox 2414 5541 2608 5596; x_wconf 83' lang='lat' dir='ltr'><strong>Filium</strong></span> <span class='ocrx_word' id='word_1_805' title='bbox 2652 5554 2837 5612; x_wconf 86' lang='lat' dir='ltr'><strong>aperte</strong></span> <span class='ocrx_word' id='word_1_806' title='bbox 2881 5547 3182 5614; x_wconf 64' lang='lat' dir='ltr'><strong>praadicari,</strong></span> <span class='ocrx_word' id='word_1_807' title='bbox 3221 5560 3396 5615; x_wconf 88' lang='lat' dir='ltr'><strong>neque</strong></span> <span class='ocrx_word' id='word_1_808' title='bbox 3421 5548 3542 5615; x_wconf 79' lang='lat' dir='ltr'><strong>Spi-</strong></span> 
     </span>
    </p>
   </div>
   <div class='ocr_carea' id='block_1_106' title="bbox 292 5635 1865 5716">
    <p class='ocr_par' dir='ltr' id='par_1_106' title="bbox 292 5638 1861 5716">
     <span class='ocr_line' id='line_1_106' title="bbox 292 5638 1861 5716; baseline -0.006 -17"><span class='ocrx_word' id='word_1_809' title='bbox 292 5648 357 5700; x_wconf 80' lang='grc' dir='ltr'><strong>τδ</strong></span> <span class='ocrx_word' id='word_1_810' title='bbox 382 5646 561 5716; x_wconf 74' lang='grc' dir='ltr'>ἅγιον,</span> <span class='ocrx_word' id='word_1_811' title='bbox 593 5645 656 5700; x_wconf 85' lang='lat' dir='ltr'><strong>i&#39;v‘</strong></span> <span class='ocrx_word' id='word_1_812' title='bbox 683 5644 824 5697; x_wconf 84' lang='grc' dir='ltr'>εῐπω</span> <span class='ocrx_word' id='word_1_813' title='bbox 846 5660 897 5696; x_wconf 89' lang='grc' dir='ltr'><strong>τι</strong></span> <span class='ocrx_word' id='word_1_814' title='bbox 936 5644 1030 5695; x_wconf 72' lang='grc' dir='ltr'><strong>καὶ</strong></span> <span class='ocrx_word' id='word_1_815' title='bbox 1057 5639 1477 5709; x_wconf 76' lang='grc' dir='ltr'>τολμηρότερον,</span> <span class='ocrx_word' id='word_1_816' title='bbox 1510 5638 1861 5707; x_wconf 76' lang='grc' dir='ltr'>ὲπιφορτίζε-</span> 
     </span>
    </p>
   </div>
   <div class='ocr_carea' id='block_1_107' title="bbox 1967 5635 3537 5716">
    <p class='ocr_par' dir='ltr' id='par_1_107' title="bbox 1979 5635 3537 5706">
     <span class='ocr_line' id='line_1_107' title="bbox 1979 5635 3537 5706; baseline 0.001 -16"><span class='ocrx_word' id='word_1_817' title='bbox 1979 5635 2113 5690; x_wconf 87' lang='lat' dir='ltr'><strong>ritus</strong></span> <span class='ocrx_word' id='word_1_818' title='bbox 2150 5637 2322 5688; x_wconf 82' lang='lat' dir='ltr'><strong>sancti</strong></span> <span class='ocrx_word' id='word_1_819' title='bbox 2354 5650 2512 5700; x_wconf 90' lang='lat' dir='ltr'><strong>onus,</strong></span> <span class='ocrx_word' id='word_1_820' title='bbox 2551 5646 2609 5689; x_wconf 92' lang='lat' dir='ltr'><strong>ut</strong></span> <span class='ocrx_word' id='word_1_821' title='bbox 2637 5636 2899 5691; x_wconf 86' lang='lat' dir='ltr'><strong>audacius</strong></span> <span class='ocrx_word' id='word_1_822' title='bbox 2924 5637 3083 5690; x_wconf 88' lang='lat' dir='ltr'><strong>etiam</strong></span> <span class='ocrx_word' id='word_1_823' title='bbox 3109 5636 3311 5706; x_wconf 88' lang='lat' dir='ltr'><strong>aliquid</strong></span> <span class='ocrx_word' id='word_1_824' title='bbox 3343 5638 3537 5703; x_wconf 81' lang='lat' dir='ltr'><strong>dicam,</strong></span> 
     </span>
    </p>
   </div>
   <div class='ocr_carea' id='block_1_108' title="bbox 377 5826 1304 5895">
    <p class='ocr_par' dir='ltr' id='par_1_108' title="bbox 377 5826 1304 5895">
     <span class='ocr_line' id='line_1_108' title="bbox 377 5826 1304 5895; baseline -0.013 -4"><span class='ocrx_word' id='word_1_825' title='bbox 377 5842 391 5867; x_wconf 82' lang='grc'><strong><em>³</em></strong></span> <span class='ocrx_word' id='word_1_826' title='bbox 420 5836 523 5891; x_wconf 80' lang='lat' dir='ltr'><strong>lsa.</strong></span> <span class='ocrx_word' id='word_1_827' title='bbox 565 5846 671 5895; x_wconf 76' lang='lat' dir='ltr'><strong>xu,</strong></span> <span class='ocrx_word' id='word_1_828' title='bbox 712 5829 765 5881; x_wconf 69' lang='grc' dir='ltr'>Α.</span> <span class='ocrx_word' id='word_1_829' title='bbox 844 5833 863 5861; x_wconf 86' lang='grc'>²</span> <span class='ocrx_word' id='word_1_830' title='bbox 892 5828 991 5883; x_wconf 80' lang='lat' dir='ltr'><strong>lsa.</strong></span> <span class='ocrx_word' id='word_1_831' title='bbox 1032 5842 1183 5889; x_wconf 76' lang='lat' dir='ltr'><strong>XLIII,</strong></span> <span class='ocrx_word' id='word_1_832' title='bbox 1226 5826 1304 5881; x_wconf 89' lang='lat' dir='ltr'><strong>l0.</strong></span> 
     </span>
    </p>
   </div>
  </div>
