4078 6292
600 356 709 416 839

1848 344 2228 403 EU'I‘llYMlI
2269 342 2630 404 ZlGABENI

3738 334 3820 393 Sili

605 461 832 530 imponi,
867 461 1153 517 divinitate
1188 460 1307 515 Filii
1344 460 1582 514 nondum
1615 456 1942 527 approbata,
1977 472 2044 510 ne
2076 468 2192 507 tan-

2296 462 2443 519 σθαι,
2487 456 2562 524 μὴ
2601 453 2854 519 καθάπερ
2888 452 3060 522 τροιρῇ
3082 450 3150 519 τῇ
3180 445 3323 516 ὑπὲρ
3341 444 3572 512 δύναμιν
3597 440 3821 510 βαρηθέν.

606 572 767 623 quam
796 555 920 611 cibo
956 557 1196 625 gravius,
1246 571 1406 623 quam
1468 553 1611 607 ferre
1669 558 1889 620 possent
1954 550 2189 608 onerati,

607 660 699 698 :tut
739 647 1064 700 imbecillam
1112 646 1394 700 oculorum
1430 645 1602 699 aciem
1654 644 1784 697 solis
1840 644 2191 695 admoventes

608 738 1062 800 Spletttluri,illud
1117 739 1302 802 etiam,
1355 738 1496 805 quod
1549 737 1810 789 haberent
1860 736 2096 795 virtutis,
2138 736 2188 785 in

609 832 903 893 periculum
938 831 1285 896 adducerent,
1331 832 1426 883 sed
1469 828 1725 897 paulatim
1779 842 1873 894 per
1921 828 2190 880 aecessio-

609 939 725 983 nes,
775 931 829 974 et
856 930 1076 989 gradus,
1114 933 1171 975 ιιι
1216 924 1290 975 ait
1327 923 1518 986 David,
1560 932 1615 976 et
1668 938 1730 975 ex
1774 921 1940 990 gloria
1976 922 2025 971 in
2077 920 2191 988 glo-

611 1015 741 1063 riam
773 1015 1178 1080 progredientes
1214 1025 1268 1068 et
1303 1016 1668 1084 proﬁcientes,
1702 1013 2037 1082 splendidam
2065 1012 2192 1064 Tri-

609 1107 792 1157 nitatis
855 1109 1026 1160 lucem
1085 1110 1408 1162 illustriores
1473 1110 1842 1162 admitterent.
1927 1108 2075 1160 lianc
2122 1108 2191 1157 ob

608 1212 849 1261 causam,
881 1207 936 1249 ut
967 1200 1228 1262 arbitror,
1283 1211 1336 1253 et
1381 1201 1446 1252 ad
1513 1200 1804 1268 discipulos
1863 1214 1957 1265 per
2011 1209 2194 1265 partes

606 1287 840 1347 accedit,
866 1304 984 1342 sese
1019 1305 1116 1356 pro
1149 1291 1562 1359 suscipientium
1593 1290 1850 1344 facultate
1872 1288 2186 1348 dimetiens,

607 1381 658 1430 in
689 1379 961 1447 Evangelii
994 1382 1279 1449 principio,
1315 1392 1435 1447 post
1470 1390 1724 1444 mortem,
1768 1390 1891 1449 post
1920 1380 2195 1433 ascensio-

608 1487 753 1531 nem,
776 1471 899 1523 dum
928 1473 1154 1526 virtutes
1178 1484 1450 1541 operatur,
1475 1475 1597 1526 dtttn
1628 1473 1955 1535 insumatur,
1983 1474 2110 1524 dum
2138 1471 2191 1523 in

606 1561 806 1629 linguis
869 1566 1038 1632 ignris
1095 1578 1342 1634 apparet,
1374 1578 1428 1621 et
1477 1582 1504 1617 a
1538 1566 1667 1620 Jesu
1719 1566 1974 1634 paulatim
2013 1563 2197 1617 decla-

611 1666 781 1718 ratur,
820 1667 874 1708 ut
904 1658 1015 1723 ipSe
1051 1675 1285 1726 quoque,
1326 1661 1371 1713 si
1419 1661 1727 1729 diligentius
1757 1658 2076 1719 attenderis,
2114 1660 2197 1709 in-

611 1751 816 1819 telliges
853 1769 864 1803 :
921 1752 1155 1821 Ragabo,
1200 1757 1395 1821 inquit,
1440 1755 1673 1818 Patrem,
1705 1763 1755 1808 et
1804 1753 1971 1806 alium
2024 1752 2196 1807 Pam-

606 1843 799 1895 cletum
828 1846 999 1897 mittet
1026 1848 1183 1910 vobis,
1215 1847 1474 1913 Spiritum
1509 1848 1744 1900 veritatis
1802 1850 1846 1907 ¹,
1883 1861 1947 1897 ne
1993 1844 2195 1911 aliquis

612 1934 703 1986 Dei
735 1940 1085 1991 adversarius
1124 1950 1292 1999 esset,
1325 1926 1417 1991 aut
1464 1940 1530 1991 ab
1562 1940 1743 2007 aliqua
1777 1938 1881 1990 alia
1928 1942 2195 2005 potestate

611 2028 772 2078 verba
815 2030 991 2081 facere
1026 2029 1319 2083 videretur.
1365 2030 1584 2094 Deinde,
1622 2031 1793 2085 Mittct
1830 2030 2073 2098 quidem,
2102 2029 2194 2081 sed

611 2133 665 2169 tu
735 2122 953 2172 nomine
1033 2137 1170 2173 meo.
1232 2123 1444 2190 Rogabo
1504 2125 1795 2186 omittcns,
1851 2122 1975 2174 illud
2028 2124 2196 2174 mittet

609 2214 868 2264 servavit.
906 2212 1066 2276 Tum,
1092 2215 1324 2276 mittam,
1354 2216 1548 2283 iuqttit,
1599 2225 1654 2267 ut
1681 2217 1999 2280 dignitatem
2039 2229 2195 2266 suam

609 2307 949 2358 ostenderet.
995 2305 1113 2357 Mox
1151 2307 1247 2365 ait,
1286 2309 1472 2370 veniet,
1509 2322 1616 2374 quo
1644 2310 1860 2373 quidem
1922 2308 2087 2359 verbo
2121 2306 2199 2374 ip-

610 2398 725 2450 sius
763 2396 1001 2463 Spiritus
1034 2408 1277 2464 potestas
1326 2400 1617 2453 indicatur.
1683 2401 1875 2453 Cernis
1930 2400 2197 2465 gradatim

610 2491 768 2544 nobis
804 2490 1087 2545 illucentes
1114 2491 1429 2559 splendores
1459 2493 1481 2544 ?
1511 2503 1563 2545 et
1595 2492 1840 2544 ordinem
1876 2490 2201 2559 tbeologivc?

611 2598 770 2651 quem
805 2598 901 2637 nos
950 2585 1077 2637 item
1110 2586 1328 2653 expedit
1376 2586 1692 2648 observare,
1722 2596 1780 2637 ut
1811 2598 1985 2651 neque
2015 2584 2199 2636 statim

608 2687 859 2730 cunctam
917 2677 1328 2745 patefaciamus,
1375 2692 1550 2744 neque
1604 2686 1863 2746 perpetuo
1918 2677 2200 2739 celemus;

614 2769 743 2822 illud
780 2770 924 2823 enim
978 2772 1237 2838 imperiti,
1298 2770 1401 2822 hoc
1450 2770 1598 2833 impii
1656 2780 1775 2833 est;
1811 2768 1938 2821 illud
1999 2769 2205 2822 alienos

611 2872 818 2913 terrere
851 2872 1047 2929 petest,
1081 2865 1181 2915 Itoc
1211 2873 1428 2916 nostros
1466 2866 1625 2915 etiam
1662 2863 1928 2916 alienare.
1959 2860 2054 2915 llis
2084 2876 2205 2929 quae

612 2954 755 3007 dicta
783 2964 911 3006 sunt
938 2955 1197 3023 adjiciam
1222 2957 1368 3023 quod
1390 2954 1512 3007 aliis
1530 2954 1694 3007 etiam
1723 2953 1953 3007 fortasse
1980 2954 2030 3005 iu
2060 2967 2209 3007 meu-

612 3055 717 3098 tem
768 3047 934 3109 venit,
971 3064 1070 3114 ego
1158 3057 1335 3100 autem
1393 3048 1735 3114 cogitationis
1789 3062 1920 3099 mea:
1974 3043 2206 3099 fructum

609 3140 882 3193 existimo.
917 3139 1162 3193 Habebat
1209 3141 1467 3194 Servator
1499 3143 1770 3209 quaedam,
1811 3155 1931 3209 qua:
1971 3155 1998 3191 a
2050 3138 2211 3191 disci-

611 3231 775 3296 pulis,
828 3230 956 3284 licet
991 3232 1173 3285 multis
1207 3242 1387 3286 essent
1433 3231 1697 3285 doctrinis
1735 3233 1944 3296 imbuti,
1991 3230 2209 3285 dicebat

612 3339 719 3374 non
778 3338 935 3391 posse
991 3324 1217 3391 portari,
1255 3325 1327 3377 ob
1379 3339 1470 3378 eas
1509 3323 1741 3377 fortasse
1798 3338 2013 3387 causas,
2069 3338 2208 3392 quas

608 3413 743 3474 dixi,
775 3423 828 3465 et
858 3414 1060 3467 idcirco
1118 3414 1204 3466 illa
1268 3415 1500 3467 celabat.
1569 3412 1836 3467 Praeterea
1891 3428 2013 3465 cum
2094 3413 2209 3468 fore

611 3506 856 3568 dixisset,
895 3515 953 3557 ut
984 3522 1013 3558 a
1042 3506 1270 3573 Spiritu,
1302 3520 1425 3559 cum
1465 3507 1721 3567 venisset,
1756 3506 1936 3558 omnia
1987 3508 2209 3560 docere-

612 3615 757 3664 mur,
791 3613 979 3652 eorum
1043 3615 1207 3652 unum
1263 3613 1384 3652 esse
1448 3611 1577 3668 puto
1636 3609 1690 3652 et
1747 3600 1915 3668 ipsam
1976 3600 2209 3667 Spiritus

615 3692 980 3753 divinitatem,
1050 3707 1170 3760 quae
1232 3701 1416 3759 postea
1473 3703 1623 3747 esset
1663 3694 1947 3761 perspicua
2001 3693 2204 3756 futura,

611 3798 736 3834 rum
775 3792 897 3849 post
928 3782 1234 3837 Servatoris
1267 3784 1728 3838 resurrectionem
1782 3784 1898 3851 ejus
1961 3787 2206 3856 cognitio

612 3870 930 3937 tempestiva
962 3869 1072 3939 jam
1100 3879 1264 3933 esset,
1300 3879 1356 3925 et
1396 3870 1600 3940 percipi
1633 3884 1833 3939 posset,
1886 3882 1940 3928 et
1991 3884 2208 3942 propter

612 3964 931 4017 miraculum
966 3980 1071 4016 non
1101 3964 1330 4032 amplius
1360 3965 1519 4018 Iidem
1553 3977 1857 4032 superaret.
1890 3968 2027 4033 Quid
2060 3969 2203 4023 enim

615 4055 714 4105 hac
753 4068 809 4105 re
841 4053 1015 4122 majus
1054 4063 1147 4107 aut
1185 4055 1273 4108 ille
1331 4056 1605 4121 pollicitus
1663 4068 1769 4120 eSI,
1821 4068 1913 4109 aut
1968 4060 2205 4126 Spiritus

610 4144 845 4198 docuit?
898 4147 1164 4214 siquidem
1224 4163 1477 4217 maguum
1526 4149 1729 4215 aliquid
1775 4153 2069 4215 putandum
2100 4162 2203 4215 est,

610 4247 665 4291 et
702 4239 792 4292 Dei
822 4240 1224 4304 magniﬁcentia
1274 4241 1496 4306 dignum
1534 4239 1610 4301 id,
1641 4244 1785 4307 quod
1833 4257 1970 4294 unus
2001 4243 2205 4310 promi-

611 4331 705 4392 sit,
754 4340 810 4383 et
865 4332 1002 4383 alter
1057 4332 1295 4385 edocuit.
1333 4332 1424 4385 Sic
1475 4348 1576 4401 ego
1618 4333 1684 4386 de
1747 4332 1832 4387 his
1896 4336 2087 4395 sentio,
2154 4344 2207 4387 et

612 4424 871 4488 sentiam,
901 4435 957 4477 et
983 4425 1294 4492 quicunque
1324 4425 1454 4478 mibi
1482 4425 1691 4478 amicus
1720 4436 1822 4487 est,
1857 4424 1929 4479 ita
1983 4426 2203 4491 sentiet,

611 4518 897 4570 colendum
961 4514 1128 4569 Deum
1178 4517 1415 4581 Patrem,
1478 4520 1644 4571 Deum
1726 4516 1921 4572 leium
1958 4558 1973 4581 ,
2035 4518 2202 4572 Demn

616 4609 882 4675 Spiritum
950 4619 1222 4673 sanctum,
1267 4619 1375 4664 tres
1432 4612 1808 4679 proprietates,
1858 4615 1951 4666 sed
2006 4612 2210 4666 Divini-

614 4710 776 4754 tatem
814 4717 997 4764 unam,
1048 4718 1167 4770 quae
1200 4717 1299 4756 nec
1346 4702 1540 4772 gloria.
1572 4718 1673 4757 nec
1708 4703 1928 4763 honore.
1971 4719 2070 4759 nec
2120 4720 2209 4758 es-

612 4796 810 4857 sentia,
839 4809 939 4848 nec
970 4810 1133 4863 regno
1160 4794 1451 4857 dividatur,
1507 4806 1562 4847 ut
1598 4795 1681 4848 vir
1719 4796 1935 4864 quidam
1993 4797 2210 4850 divinus

612 4888 772 4956 paulo
802 4896 926 4939 ante
963 4888 1246 4942 disseruit.
1278 4886 1378 4954 Qui
1419 4889 1580 4942 aliter
1624 4890 1812 4953 sentit,
1849 4894 2008 4956 quive
2075 4900 2210 4943 tem-

613 4982 729 5050 pori
771 4982 1014 5035 serviens
1054 4983 1185 5034 alias
1216 4983 1353 5036 alius
1408 4982 1485 5045 iit,
1518 4993 1572 5036 et
1632 4983 1883 5037 maximis
1929 4985 1996 5037 de
2049 4987 2208 5038 rebus

614 5073 803 5139 putide
829 5072 1087 5134 consulit,
1166 5069 1530 5127 is'lucil‘erum
1584 5074 1919 5126 exorientem
1976 5088 2078 5127 nec
2129 5072 2210 5125 vi-

614 5164 761 5225 deat,
791 5173 846 5214 ut
881 5163 957 5214 ait
992 5161 1293 5226 Scriptura,
1348 5179 1447 5217 nec
1488 5164 1790 5233 splendoris
1824 5164 1891 5217 ab
1936 5165 2024 5218 illo
2086 5179 2211 5231 pro-

614 5257 882 5309 venientis
906 5250 1091 5309 decus.
1113 5254 1247 5309 Nam
1272 5258 1317 5310 si
1343 5258 1650 5312 adorandus
1667 5275 1773 5313 non
1798 5271 1903 5322 est,
1930 5263 2203 5329 quomodo

616 5366 710 5411 per
739 5350 1064 5417 baptismum
1099 5365 1183 5405 me
1213 5350 1455 5403 divinum
1512 5351 1686 5404 reddit
1717 5353 1738 5404 ?
1774 5352 1867 5406 Siti
1900 5355 2205 5406 adorandus

612 5451 717 5507 est,
750 5457 850 5497 cur
877 5458 985 5496 non
1033 5452 1084 5495 et
1111 5442 1422 5497 colendus?
1477 5443 1630 5509 Quod
1663 5445 1707 5496 si
1760 5446 2045 5503 colendus,
2108 5460 2203 5497 cur

613 5550 720 5588 non
761 5545 815 5590 et
849 5534 988 5589 Deus
1017 5536 1040 5588 ‘l
1067 5532 1243 5589 Unum
1265 5534 1410 5589 enim
1440 5549 1505 5588 ex
1538 5535 1645 5589 alio
1675 5539 1891 5604 pendet,
1945 5546 2202 5604 tanquam

615 5641 776 5681 aurea
806 5630 1057 5699 quaedam
1083 5637 1274 5684 catena
1329 5628 1699 5699 etsalutaris;
1730 5645 1792 5685 ac
1818 5646 1912 5701 per
1940 5632 2201 5699 Spiritum

727 5801 741 5829 '
792 5802 947 5857 Joan.
993 5820 1101 5869 κη,
1145 5805 1230 5861 16.

2294 571 2404 615 τες,
2432 554 2525 605 καὶ
2550 550 2760 621 ἡλιακῷ
2786 549 2929 617 φωτὶ
2956 545 3293 615 σαθροτέραν
3339 544 3421 594 ἔτι
3466 539 3822 608 προσσαλόντες

2293 649 2393 713 τὴν
2418 645 2561 717 ὄψιν³
2612 644 2705 696 καὶ
2754 642 2835 702 είς
2878 624 2949 689 ἰδ’
2968 637 3111 691 κατὰ
3154 636 3385 704 δύναμιν
3442 630 3821 684 κινδυνεύσωσιν

2294 741 2414 800 ταῖς
2439 738 2494 790 δὲ
2526 737 2666 789 κατὰ
2705 736 2871 803 μέρος
2898 729 3241 801 προσθήκαις
3268 727 3385 789 καὶ,
3417 724 3494 786 ὡς
3532 718 3646 775 εἷπε
3671 722 3823 786 Δαϐὶδ,

2293 828 2609 888 ἀναϐάσεσι,
2664 829 2758 878 καὶ
2811 828 2874 877 ἐκ
2906 823 3065 892 δόξης
3118 823 3198 882 είς
3247 820 3406 883 δόξαν
3457 818 3712 885 προόδοις,
3748 818 3824 867 καὶ

2294 923 2600 991 προκοπαίς
2625 919 2686 969 τὸ
2725 917 2823 986 τῆς
2855 915 3087 984 Τριάδος
3138 911 3252 980 φῶς
3287 910 3561 979 ἐκλάμψαι
3590 909 3691 969 τοῖς
3716 906 3828 975 λαμ-

2293 1013 2602 1084 προτέροις.
2655 1012 2753 1063 Διὰ
2802 1010 3009 1079 ταύτην
3059 1003 3214 1076 οἶμαι
3246 1005 3344 1074 τὴν
3397 1002 3576 1054 αἰτίαν
3618 1003 3829 1063 καὶτοῖς

2298 1108 2564 1178 μαθηταῖς
2597 1106 2736 1157 κατὰ
2788 1101 2951 1172 μέρος
3000 1100 3257 1168 ἐπιδημεῖ
3302 1098 3371 1167 τῇ
3407 1095 3516 1147 τῶν
3565 1094 3830 1162 δεχομένων

2293 1200 2518 1268 δυνάμει
2555 1192 3104 1264 παραμετροῦμενον,
3135 1192 3192 1242 ὲν
3224 1191 3368 1259 ἀρχῇ
3403 1185 3496 1240 τοῦ
3523 1185 3828 1253 Εὐαγγιλίου,

2300 1295 2439 1363 μετὰ
2466 1292 2527 1344 τὸ
2558 1290 2750 1350 πάθος,
2784 1286 2923 1357 μετὰ
2961 1285 3058 1355 τὴν
3085 1283 3288 1345 ἄνοδον,
3328 1281 3430 1342 τὰς
3468 1277 3710 1347 δυνάμεις
3737 1278 3831 1328 ἑπι-

2295 1386 2505 1447 τελοῦν,
2539 1380 2960 1451 ὲμφυσώμενον,
3001 1380 3059 1430 ἐν
3100 1375 3379 1443 γλώσσαις
3406 1370 3651 1440 πυρίναις
3677 1369 3831 1435 φαινό-

2300 1497 2480 1549 μενον,
2534 1478 2632 1530 καὶ
2665 1474 2771 1529 ὑπὸ
2820 1472 2997 1542 Ἰησοῦ
3035 1469 3155 1522 κατ’
3184 1470 3369 1535 ὀλίγον
3417 1465 3736 1537 ἐκεφαξνεται,
3774 1461 3832 1517 ὡς

2295 1573 2615 1641 ἐπιστήσεις
2663 1568 2756 1621 καὶ
2818 1566 2980 1626 αὐτὸς
3007 1563 3351 1631 ἐντυγχάνων
3408 1555 3830 1624 ἐπιμελέστερον

2308 1662 2637 1732 Ἐρωτήσω,
2671 1660 2825 1728 φησὶ,
2860 1658 2964 1710 τὸν
3008 1655 3260 1720 Πατέρα,
3297 1653 3400 1705 καὶ
3440 1650 3629 1703 ἄλλον
3675 1644 3833 1713 Rapti-

2298 1763 2526 1821 κλητον
2569 1753 2791 1819 πέμψει
2826 1748 2989 1817 ὑμῖν,
3029 1748 3093 1799 τὸ
3146 1746 3393 1815 Πνεῦμα
3436 1743 3544 1810 τῆς
3571 1742 3831 1806 ἀληθείας,

2230 1830 2269 1882 Β
2298 1849 2384 1901 ἵνα
2424 1848 2496 1917 μὴ
2538 1844 2781 1913 ἀντίθεος
2830 1839 2971 1894 εἶναι
3009 1839 3137 1908 δόξῃ
3166 1856 3271 1901 τις,
3322 1837 3420 1890 καὶ
3464 1836 3537 1897 ὡς
3567 1835 3664 1885 ἀπὸ
3700 1831 3834 1899 ἄλλης

2296 1941 2441 2003 τινος
2474 1939 2720 2004 ἐξουσίας
2748 1933 3017 1989 ποιεῖσθαι
3068 1933 3193 1994 τοὺς
3226 1932 3444 1995 λόγους.
3480 1924 3627 1991 Εἶτα,
3661 1925 3832 1993 Πὲμῷει

2301 2035 2422 2104 μὲν,
2461 2034 2520 2084 ὲν
2561 2033 2618 2083 δὲ
2672 2030 2750 2099 τῷ
2801 2028 3026 2098 ὀνόματί
3071 2043 3195 2095 μου.
3246 2024 3323 2076 Τὸ
3364 2022 3618 2092 ἐρωτήσω
3657 2016 3831 2084 παρεὶς,

2296 2129 2358 2178 το
2384 2125 2592 2193 πέμψει
2612 2124 2936 2192 τετήρηκεν.
2966 2114 3099 2171 Εἶτα
3150 2115 3377 2185 πέμψω,
3404 2112 3466 2166 τὸ
3493 2112 3678 2165 οἰκεῖον
3702 2106 3831 2172 ἀξίω·

2303 2239 2397 2290 μα.
2432 2216 2561 2271 Εἶτα
2588 2218 2729 2287 ἥξει,
2759 2218 2792 2286 ή
2828 2214 2925 2268 τοῦ
2955 2213 3274 2281 Πνεῦματος
3299 2206 3540 2274 ἐξουσία.
3577 2206 3720 2274 Ὁρᾷς
3744 2220 3833 2267 φω-

2301 2312 2535 2378 τισμοὺς
2583 2307 2727 2360 κατὰ
2781 2305 2950 2374 μέρος
2978 2304 3110 2375 ήμῖν
3164 2300 3565 2370 ὲλλάμποντας,
3599 2296 3679 2349 καί
3713 2293 3834 2358 τάξιν

2306 2400 2615 2466 θεολογίας,
2642 2398 2710 2469 ἣν
2728 2397 2820 2450 καὶ
2842 2397 2990 2464 ἡμᾶς
3021 2395 3207 2463 τηρεῖν
3232 2393 3482 2459 ἄμεινον,
3507 2389 3637 2458 μήτε
3666 2384 3835 2454 ἁθρόως

2303 2491 2679 2559 ὲκφαίνοντας,
2732 2488 2867 2557 μήτε
2924 2487 3004 2546 είς
3057 2484 3213 2546 τέλος
3262 2482 3634 2551 κρύπτοντας;
3674 2476 3834 2545 τὸμὲν

2303 2587 2414 2654 γὰρ
2441 2583 2686 2651 ἄτεχνον,
2737 2581 2798 2633 τὸ
2853 2579 2911 2631 δὲ
2958 2577 3153 2632 ἄθεον*
3182 2576 3279 2629 καὶ
3326 2576 3389 2628 τὸ
3429 2574 3527 2643 μὲν
3565 2573 3679 2633 τοὺς
3717 2569 3836 2622 ἁλλο-

2305 2677 2487 2745 τρίους
2521 2673 2722 2742 πλῆξαι
2773 2670 3093 2739 δυνάμενον,
3153 2670 3216 2720 τὸ
3252 2667 3315 2720 δὲ
3364 2667 3706 2735 ἀλλοτριῶσαι
3737 2663 3835 2723 τοὺς

2309 2766 2633 2838 ἡμετέρους.
2671 2766 2737 2817 Ὀ
2770 2764 2825 2816 δὲ
2858 2764 2987 2823 ἴσως
3018 2763 3119 2832 μέν
3147 2778 3291 2815 τισιν
3315 2758 3480 2831 ἦλθεν
3503 2760 3597 2830 ήδη
3628 2759 3708 2810 ἐπὶ
3738 2755 3835 2806 νοῦν

2310 2863 2402 2913 καὶ
2432 2861 2539 2911 τῶν
2568 2858 2764 2920 ἄλλων,
2812 2856 2925 2924 ὲγὼ
2963 2856 3021 2909 δὲ
3061 2856 3160 2924 τῆς
3196 2855 3443 2925 ἐμαυτοῦ
3490 2852 3709 2912 διανοίας
3735 2850 3837 2901 ὑπο-

2310 2948 2573 3018 λαμϐάνω
2621 2946 2858 3017 καρπὸν,
2917 2946 3211 3015 προσθήσω
3257 2949 3374 3007 τοῖς
3406 2946 3718 3014 εἰρημένοις.
3750 2936 3835 2993 Ἦν

2312 3058 2429 3093 τινα
2463 3038 2541 3108 τῷ
2593 3039 2830 3107 Σωτῆρι,
2869 3040 2963 3091 καὶ
3008 3040 3055 3091 εί
3100 3038 3315 3090 πολλῶν
3352 3037 3726 3105 ἐνεπίμπλαντο
3763 3049 3842 3101 μα·

2314 3133 2597 3203 θημάτων,
2627 3132 2663 3187 ἂ
2697 3132 2769 3202 μὴ
2798 3132 3059 3185 δύνασθαι
3087 3132 3209 3184 τότε
3239 3131 3604 3201 βασταχθῆναι
3626 3132 3724 3189 τοῖς
3751 3144 3836 3197 μαι

2314 3230 2505 3297 θηταῖς
2554 3228 2791 3295 ἐλέγετο,
2832 3228 2900 3280 δι’
2934 3226 3000 3288 ἃς
3052 3222 3205 3280 εἷπον
3241 3227 3378 3291 ἴσως
3424 3229 3614 3290 αίτίας,
3644 3223 3729 3278 καὶ
3769 3220 3838 3275 διὰ

2310 3318 2472 3370 τοῦτο
2494 3316 2969 3386 παρεκαλύπτετο.
3002 3318 3111 3370 Καὶ
3146 3317 3335 3378 πάλιν,
3371 3318 3544 3371 πάντα
3567 3314 3841 3383 διδαχθήσε-

2313 3410 2437 3463 σθαι
2471 3411 2619 3481 ήμᾶς
2650 3411 2754 3463 ὑπὸ
2803 3409 2899 3461 τοῦ
2946 3410 3265 3479 Πνεύματος
3298 3412 3707 3479 ὲνδημήσαντος,
3740 3403 3840 3458 τού-

2308 3520 2417 3555 των
2455 3503 2514 3553 ἒν
2544 3499 2681 3555 εἶναι
2733 3503 2939 3571 νομίζω
2983 3504 3078 3555 καὶ
3100 3502 3270 3572 αὐτὴν
3307 3502 3405 3556 τοῦ
3453 3501 3741 3570 Ιῐνεύματος
3761 3497 3838 3567 τὴν

2311 3595 2541 3665 θεότητα
2596 3596 2965 3664 τρανουμένην
3015 3597 3096 3657 είς
3147 3595 3400 3665 ὕστερον,
3459 3595 3532 3657 ὠς
3581 3589 3836 3662 τηνικαῦτα

2310 3686 2545 3755 ὠρίμου,
2568 3688 2664 3739 καὶ
2694 3688 2947 3756 χωρητῆς
2970 3687 3068 3756 ήδη
3090 3688 3465 3756 τυγχανούσης
3486 3685 3581 3754 τῆς
3604 3684 3832 3751 γνώσεως,

2311 3783 2451 3850 μετά
2494 3781 2593 3851 τὴν
2639 3782 2733 3833 τοῦ
2772 3782 3022 3850 Σωτῆρος
3063 3782 3508 3835 ἀποκατάστασιν
3535 3779 3700 3833 οὐκέτι
3736 3777 3835 3828 ἀπι-

2311 3875 2610 3943 στουμένου
2636 3874 2715 3945 τῷ
2744 3873 3025 3943 θαύματι·
3050 3874 3105 3927 τί
3131 3875 3240 3943 γὰρ
3269 3875 3337 3927 ἂν
3382 3875 3563 3926 τούτου
3595 3868 3770 3940 μεῖζον.
3806 3866 3831 3932 ἧ

2311 3968 2515 4026 ἐκεῖνος
2548 3965 2834 4034 ὑπέσχετο,
2867 3965 2900 4033 ἢ
2936 3967 2997 4017 τὸ
3034 3966 3256 4035 Πνεῦμα
3305 3965 3566 4030 ἐδίδαξενς
3615 3963 3752 4029 εἴπερ
3792 3973 3833 4009 τι

2312 4060 2454 4128 μέγα
2483 4058 2695 4111 οἴεσθαι
2730 4058 2838 4127 χρὴ
2863 4058 2957 4110 καὶ
2985 4058 3123 4110 Θεοῦ
3159 4057 3624 4125 μεγαλοπρεπείας
3650 4049 3831 4116 ἄξιοντὸ

2309 4149 2766 4218 ὑπισχνούμενον,
2801 4148 2832 4218 ἢ
2883 4147 2944 4200 τὸ
2980 4147 3390 4218 διδασκόμενον.
3436 4150 3575 4217 Ἕχω
3606 4146 3691 4213 μὲν
3720 4140 3832 4193 οὕτω

2310 4242 2439 4310 περὶ
2478 4242 2706 4303 τούτων,
2737 4241 2830 4294 καὶ
2876 4242 3120 4312 ἔχοιμεν,
3153 4242 3248 4293 καὶ
3280 4244 3426 4303 ὅστις
3462 4242 3579 4307 ὲμοὶ
3605 4237 3738 4305 φίλος
3765 4232 3831 4298 σέ·

2310 4333 2428 4385 ὕειν
2482 4334 2614 4385 θεὸν
2669 4334 2761 4387 τὸν
2823 4335 3064 4402 Πατέρα,
3117 4333 3249 4385 Θεὸν
3291 4334 3386 4385 τὸν
3444 4333 3583 4391 Υίὸν,
3631 4327 3743 4379 Θεὸν
3784 4320 3830 4371 τὸ

2312 4424 2535 4495 Πνεῦμα
2583 4426 2644 4478 τὸ
2680 4427 2858 4493 ἅγιον,
2912 4428 3062 4495 τρεῖς
3110 4426 3404 4494 ἰδιότητας,
3440 4424 3663 4490 Θεότητα
3706 4417 3825 4484 μίαν.

2240 4516 2282 4570 D
2309 4518 2440 4590 δόξῃ
2467 4520 2564 4571 καὶ
2595 4522 2730 4590 τιμῇ
2768 4521 2861 4571 καὶ
2887 4520 3047 4588 οὐσία
3077 4521 3170 4572 καὶ
3199 4519 3451 4589 βασιλείᾳ
3485 4518 3554 4587 μὴ
3585 4508 3827 4583 μεριζομέ·

2310 4630 2432 4682 νην.
2475 4611 2549 4673 ὥς
2589 4629 2673 4674 τις
2709 4612 2818 4666 τῶν
2852 4614 3036 4683 μικρῷ
3070 4613 3308 4683 πρόσθεν
3337 4612 3602 4680 θεοφόρων
3628 4599 3825 4672 Eetioni-

2311 4721 2507 4773 φησεν.
2543 4707 2612 4757 “li
2653 4704 2729 4774 μὴ
2770 4705 2868 4757 ἴδοι
2910 4705 3223 4775 Ἑωσφόρον
3263 4704 3630 4762 ἀνατέλλοντα,
3658 4695 3719 4755 ὣς
3742 4706 3821 4756 φη·

2312 4815 2396 4849 σιν
2431 4799 2463 4865 ἡ
2489 4799 2700 4869 Γραφὴν
2746 4799 2880 4868 μηδὲ
2915 4798 3072 4860 δόξαν
3099 4798 3194 4863 τῆς
3232 4799 3444 4850 ἐκεῖθεν
3477 4791 3821 4861 λαμπρότητοὴ

2311 4892 2463 4952 ὅστις
2517 4894 2588 4957 μὴ
2644 4890 2818 4951 οὕτως
2875 4890 3011 4959 ἔχει,
3064 4890 3096 4959 ἢ
3156 4889 3492 4957 συμφέρεται
3520 4888 3621 4942 τοῖς
3657 4873 3822 4941 καιροῖς

2310 4985 2500 5038 ἄλλοτε
2528 4984 2686 5046 ἄλλος
2718 4984 3023 5052 γινόμενος,
3062 4983 3155 5035 καὶ
3190 4983 3448 5049 περὶτῶν
3488 4975 3727 5045 μεγίστων
3751 4979 3821 5013 σαο

2298 5076 2452 5142 »θρώς
2503 5076 2914 5143 βουλευόμενος.
2969 5076 3028 5126 Εἰ
3080 5078 3178 5143 μὲν
3221 5076 3327 5141 γὰρ
3374 5074 3433 5123 οὐ
3484 5056 3819 5138 προσκυνητδνν

2312 5168 2429 5229 πῶς
2486 5166 2586 5232 ἐμὲ
2644 5168 2756 5219 θεοῖ
2790 5169 2875 5220 διὰ
2908 5167 3003 5218 τοῦ
3060 5166 3464 5234 βαπτίσματοςς
3502 5161 3546 5211 εἰ
3596 5156 3645 5207 δὲ
3690 5160 3818 5241 προίξ·

2310 5263 2565 5326 κυνητὸν.
2621 5262 2735 5320 πῶς
2787 5261 2847 5312 οὐ
2904 5261 3137 5323 σεπτόνς
3188 5261 3234 5309 εί
3290 5260 3345 5309 δὲ
3382 5252 3587 5307 σεπτὸν,
3636 5246 3733 5298 πῶς
3770 5254 3814 5285 ου

2305 5354 2465 5415 Θεόςς
2496 5353 2592 5405 ’Ἐν
2614 5354 2851 5423 ἤρτηται
2879 5356 2972 5406 τοῦ
3002 5354 3142 5416 ἑνὸς,
3162 5356 3194 5421 ή
3224 5353 3394 5421 χρυσῆ
3415 5367 3494 5411 τις
3510 5347 3657 5400 ὅντως
3674 5330 3812 5431 Usipi,

2302 5447 2395 5498 καὶ
2435 5448 2721 5515 σωτήριος.
2763 5449 2870 5499 Καὶ
2902 5448 3051 5513 παρὰ
3087 5448 3185 5513 μὲν
3211 5462 3303 5498 του
3342 5442 3629 5505 υνεύματος
3653 5428 3807 5496 idm"

2306 5514 2692 5605 ἁναγὲννησις.
2733 5539 2881 5606 παρὰ
2908 5537 2966 5590 δὲ
3002 5540 3103 5601 τῆς
3133 5537 3535 5603 ἀναγεννήσεως
3560 5529 3587 5594 ή
3613 5514 3807 5613 nauf-

2307 5648 2411 5694 σες.
2456 5631 2606 5702 παρὰ
2658 5630 2715 5683 δὲ
2773 5631 2873 5697 τῆς
2928 5629 3291 5691 ἀναπλάσεως
3342 5630 3373 5695 ή
3425 5622 3687 5687 ἐπίγνωτις
3726 5615 3807 5671 τις

2237 3182 2280 3241 C
