4078 6292
257 401 372 465 841

1224 399 1597 462 PANOPLIA
1637 399 2082 461 DOGMATICA
2137 427 2206 436 —
2241 401 2390 462 TI‘i‘.
2425 402 2564 461 ΧΠ.

3422 407 3532 472 8ιὲ

257 517 424 582 ἀξίας
457 513 549 567 τοῦ
582 513 1018 574 ἀναπλάσαντος,
1063 510 1250 565 Ταῦτα
1303 513 1402 580 μὲν
1444 506 1537 565 οῦν
1581 511 1727 565 εἴποι
1758 529 1840 574 τις

1956 515 2162 581 quidem
2213 516 2365 570 nobis
2399 525 2482 568 est
2532 518 2884 584 regeneratio,
2944 534 3041 588 per
3068 524 3528 591 regenerationem

256 610 337 664 ἂν
359 608 421 660 τὸ
454 609 698 676 ἄγραφον
742 606 1098 675 ὑποθέμενος.
1127 604 1268 675 Ἤδη
1304 604 1360 656 δὲ
1410 605 1528 674 ἥξει
1559 621 1642 657 σοι
1686 605 1781 658 καὶ
1812 606 1838 656 ὁ

253 701 373 754 τῶν
404 698 717 770 μαρτυριῶν
746 697 936 766 ἐσμὸς,
965 698 1023 763 ἐξ
1053 691 1126 750 ὧν
1153 698 1236 749 ὅτι
1271 701 1364 750 καὶ
1407 697 1522 749 λίαν
1560 695 1840 764 ἔγγραφος

255 793 295 860 ἡ
338 792 432 845 τοῦ
486 790 806 860 Πνεύματος
854 789 1044 859 θεότης
1100 789 1543 858 ἐπιδειχθήσεται
1602 791 1734 852 τοῖς·
1763 790 1837 857 μὴ

255 886 386 939 λίαν
416 886 647 948 σκαιοῖς,
700 882 826 951 μηδ’
853 881 1162 951 ἀλλοτρίοις
1190 879 1286 932 τοῦ
1335 881 1677 949 Πνεύματος.
1707 879 1838 932 Σκό-

258 998 357 1032 πει
379 978 434 1032 δὲ
467 976 670 1039 οὕτως·
706 977 964 1029 Γεννᾶται
995 974 1253 1044 Χριστὸς,
1290 975 1620 1043 προτρέχει·
1643 973 1838 1042 βαπτί-

254 1074 442 1139 ζεται,
501 1073 805 1143 μαρτυρεῖ·
867 1069 1233 1140 πειράζεται,
1281 1069 1504 1135 ἀνάγει·
1577 1067 1836 1136 δυνάμεις

256 1168 522 1227 ἐπιτελεῖ,
579 1164 1074 1234 συμπαρομαρτεί·
1136 1163 1457 1232 ἀνέρχεται,
1508 1159 1835 1228 διαδέχεται.

256 1258 331 1310 Τί
357 1257 463 1327 γὰρ
489 1257 549 1309 οὐ
581 1256 808 1312 δύναται
843 1255 965 1310 σῶν
1003 1253 1277 1324 μεγάλων,
1326 1252 1422 1306 δια-ἰ
1468 1251 1739 1316 (iw-936;;
1773 1250 1836 1302 Τί

254 1341 408 1406 πίὸο
439 1349 934 1424 προσαγορεύεται,
967 1347 1042 1402 ὢν
1087 1348 1248 1412 Θεός;
1299 1346 1440 1416 πλὴν
1481 1345 1833 1413 άγεννησὲας,

257 1446 363 1500 καὶ
392 1445 490 1514 τῆς
519 1445 847 1511 γεννήσεως.
887 1442 1036 1494 Ἔδει
1065 1440 1172 1509 γὰρ
1212 1440 1311 1502 τὰς
1347 1438 1620 1506 ίδιότητας
1655 1438 1836 1503 μεῖναι

257 1540 458 1608 Πατρὶ,
495 1537 590 1590 καὶ
622 1537 754 1605 Υίῴ,
798 1537 884 1590 ἵνα
932 1534 1007 1605 μὴ
1039 1533 1303 1603 σύγχυσις
1411 1531 1563 1599 παρὰ
1595 1531 1832 1596 θεότητι,

253 1625 455 1700 τῇκαὶ
480 1630 546 1680 τὰ
576 1628 712 1681 ἄλλα
743 1628 822 1689 εἰς
852 1628 1008 1690 τάξιν
1039 1626 1252 1695 ἀγούσῃ
1281 1626 1376 1676 καὶ
1409 1621 1735 1688 εὐκοσμίαν.
1765 1686 1769 1691 _

1951 615 2130 660 autem
2176 609 2510 672 reformatio,
2539 624 2633 675 per
2692 611 3128 666 reformationem
3172 632 3300 671 vero
3334 619 3529 688 ipsius,

1947 699 2037 764 qui
2079 697 2335 753 reformat
2373 702 2606 768 cognitio
2655 703 2951 770 dignitatis.
3011 703 3134 762 Haec
3169 711 3367 765 diceret
3434 714 3534 764 ali-

1946 791 2091 858 quis,
2124 791 2211 859 qui
2247 793 2379 845 nihil
2414 794 2480 846 de
2511 791 2748 861 Spiritus
2788 795 3068 852 divinitate
3116 801 3373 869 scriptum
3409 818 3534 858 esse

1946 885 2285 939 concederet.
2321 883 2516 940 Verum
2547 886 2658 955 jam
2689 889 2864 942 aderit
2928 892 3361 947 testimoniorum
3399 909 3531 949 exa-

1946 991 2068 1030 men
2097 992 2159 1029 ex
2190 978 2384 1045 quibus
2413 977 2446 1032 ii
2476 979 2564 1046 qui
2598 993 2701 1032 non
2731 985 2950 1036 omnino
2980 985 3148 1039 crassi
3178 996 3355 1050 erunt,
3377 996 3428 1040 et
3459 990 3528 1040 ab

1944 1063 2061 1132 ipso
2101 1064 2305 1134 Spiritu
2364 1067 2544 1131 alieni,
2598 1070 2886 1125 admodum
2952 1073 3218 1129 celebrem
3280 1076 3520 1143 Spiritus

1945 1155 2281 1210 divinitatem
2313 1158 2362 1210 in
2391 1157 2686 1226 Scripturis
2724 1162 3042 1231 intelligent.
3081 1166 3172 1219 Sic
3199 1174 3378 1221 autem
3413 1185 3533 1224 esse

1945 1247 2016 1300 ita
2042 1249 2346 1304 considera.
2379 1251 2633 1308 Nascitur
2663 1254 2931 1321 Christus,
2963 1255 3052 1311 ille
3080 1262 3378 1325 praecurrit.
3429 1261 3532 1316 Ba-

1946 1343 2204 1409 ptizatur,
2236 1343 2324 1397 ille
2356 1346 2721 1399 testimonium
2758 1347 2936 1403 aﬂ'ert.
2971 1348 3255 1418 Tentatur,
3290 1353 3380 1409 ille
3437 1357 3534 1409 dti-

1943 1435 2038 1486 cit.
2084 1434 2320 1492 Virtutes
2371 1448 2648 1506 operatur,
2701 1440 2787 1496 ille
2843 1452 3212 1500 contestatur.
3267 1446 3529 1502 Ascendit

1945 1527 2012 1578 ad
2046 1526 2280 1593 Patrem,
2333 1529 2421 1583 ille
2480 1533 2743 1586 succedit.
2791 1533 2930 1597 Quid
2960 1536 3122 1590 enim
3181 1553 3371 1593 eorum
3410 1555 3528 1607 qui!

1949 1634 2141 1686 magna
2191 1631 2339 1685 sunt,
2375 1638 2480 1675 non
2525 1627 2716 1693 possit,
2745 1640 2864 1678 cum
2923 1626 2994 1681 sit
3027 1628 3217 1682 Deus?
3264 1631 3370 1682 Aut
3403 1645 3524 1684 cum

255 1721 340 1776 sit
372 1721 534 1782 Deus,
565 1735 671 1786 quo
740 1734 844 1772 non
911 1718 1207 1783 appelletur
1268 1719 1502 1778 nomine,
1566 1720 1758 1780 pra-ter
1823 1709 1873 1762 id
1920 1712 2059 1776 quod
2120 1727 2218 1767 nec
2256 1715 2547 1785 ingenitus,
2581 1732 2683 1771 nec
2706 1720 2918 1786 genitus
2948 1720 3192 1774 dicitur?
3238 1720 3528 1790 Oportebat

253 1813 409 1866 enim
450 1823 507 1865 ut
545 1815 901 1882 proprietates
945 1809 1090 1864 Patri
1147 1809 1390 1879 Filioque
1419 1814 1823 1878 permanerent,
1865 1817 1931 1856 ne
1966 1809 2107 1873 apud
2139 1807 2509 1879 Diviuitatem,
2543 1829 2664 1882 qua:
2715 1815 2875 1869 rebus
2911 1815 3030 1871 aliis
3075 1817 3321 1872 ordinem
3364 1832 3527 1873 oma-

255 1916 490 1976 tuntque
524 1907 736 1970 tribuit,
769 1915 916 1961 esset
938 1905 1209 1960 confusio.

716 2090 813 2142 Ἐκ
843 2088 948 2141 τοῦ
980 2084 1171 2141 αὐτοῦ
1193 2088 1399 2153 λόγου.

349 2232 488 2302 Ἐγὼ
520 2231 618 2301 μὲν
657 2228 886 2298 φρίττω,
934 2227 1025 2278 τὸν
1073 2224 1302 2277 πλοῦτον
1333 2225 1534 2277 ἐννοῶν
1565 2226 1674 2276 τῶν
1710 2224 1843 2292 κλή-

261 2343 437 2390 σεων,
462 2325 556 2377 καὶ
583 2322 706 2375 καθ’
731 2321 870 2374 ὅσων
898 2319 1181 2387 ὀνομάτων
1207 2317 1662 2388 ἀναισχυντοῦσιν
1688 2317 1737 2368 οἱ
1763 2316 1842 2385 τῷ

257 2419 545 2488 Πνεύματι
613 2414 1048 2474 ἀντιπίπτοντες.
1087 2429 1106 2460 ι
1142 2409 1366 2478 Πνεῦμα
1409 2409 1546 2462 Θεοῦ
1601 2409 1840 2477 λέγεται,

257 2511 494 2578 Πνεῦμα
540 2507 799 2576 Χριστοῦ,
837 2502 959 2564 νοῦς
1000 2501 1242 2573 Χριστοῦ
1276 2543 1291 2569 ,
1340 2501 1566 2566 Πνεῦμα
1611 2502 1838 2570 Κυρίου,

253 2601 629 2672 αὖτοκύριος,
701 2596 926 2666 Πνεῦμα
986 2596 1280 2658 υἱοθεσίας,
1345 2594 1626 2664 ἀληθείας,
1684 2594 1841 2647 ἐλευ-

255 2696 477 2766 Θερίας,
513 2693 738 2761 Πνεῦμα
775 2690 988 2759 σοφίας,
1046 2689 1337 2752 συνέσεως,
1373 2687 1594 2757 βουλῆς,
1633 2685 1837 2755 ἰσχύος,

257 2787 547 2857 γνώσεως,
569 2784 873 2848 εὐσεϐείας,
910 2783 1076 2850 φόϐου
1109 2782 1272 2847 Θεοῦ,
1316 2801 1334 2831 ι
1371 2781 1480 2832 Καὶ
1525 2781 1635 2848 γὰρ
1686 2797 1844 2847 ποιη-

258 2880 422 2934 τικὸν
462 2876 668 2932 τούτων
716 2875 997 2937 ἁπάντων,
1037 2874 1216 2926 πάντα
1265 2874 1332 2942 τῇ
1365 2871 1524 2940 οὐσίᾳ
1574 2869 1840 2940 πληροῦν,

267 2974 451 3026 πάντα
531 2969 799 3036 συνέχον,
868 2967 1217 3036 πληρωτικὶν
1274 2964 1480 3033 κόσμου
1544 2964 1686 3016 κατὰ
1747 2964 1847 3032 τὴν

274 3067 484 3126 οὐσίαν,
518 3062 805 3132 ἀχὼρητον
845 3059 1035 3128 κόσμῳ
1064 3057 1204 3110 κατὰ
1247 3058 1345 3127 τὴν
1391 3056 1654 3124 δύναμιν·
1710 3057 1848 3120 ἁγα-

2446 2087 2538 2140 Ex
2564 2088 2743 2140 cadent
2776 2090 3036 2142 oratione.

2013 2225 2123 2294 Ego
2158 2227 2373 2296 quidem
2435 2228 2756 2292 obtnpesco,
2792 2226 2917 2280 dum
2979 2229 3398 2297 appeliatiouum
3454 2233 3535 2286 di-

1941 2316 2102 2371 i'itias
2134 2318 2437 2380 considero,
2472 2326 2524 2370 et
2557 2317 2755 2385 quibus
2780 2318 3087 2373 nominibus
3112 2303 3531 2386 confundantur,

1940 2407 2029 2474 qui
2069 2407 2287 2474 Spiritui
2314 2407 2690 2461 adversantur.
2723 2406 2956 2474 Spiritus
2983 2407 3076 2460 Dei
3106 2411 3173 2462 dit
3197 2412 3321 2475 itur,
3362 2411 3537 2483 Spiri-

1951 2509 2032 2553 tus
2075 2497 2294 2562 Christi,
2326 2497 2556 2567 Spiritus
2589 2496 2820 2562 Domini,
2850 2499 2954 2563 ipse
2998 2498 3272 2568 Dominus,
3302 2504 3536 2568 Spiritus

1950 2593 2268 2659 adoptionis,
2311 2593 2566 2659 veritatis,
2613 2591 2887 2652 libertatis,
2940 2593 3172 2662 Spiritus
3238 2598 3534 2665 sapientiw,

1951 2685 2269 2752 intellectus,
2313 2681 2542 2746 consilii,
2593 2687 2942 2751 fortitudinis,
2989 2689 3244 2750 scientiis,
3300 2690 3538 2757 pietatis,

1949 2780 2152 2832 timoris
2193 2779 2422 2834 Domini.
2457 2777 2666 2832 Etenim
2698 2780 2885 2832 horum
2917 2787 2997 2834 est
3041 2783 3280 2836 omnium
3327 2798 3538 2842 auczor.

1953 2873 2054 2938 Qui
2111 2876 2292 2926 omnia
2354 2873 2588 2939 complet
2627 2872 2865 2948 essentia
2904 2888 3022 2939 sua,
3067 2876 3243 2928 omnia
3273 2879 3535 2938 continet,

1956 2967 2111 3035 cujus
2144 2965 2380 3021 essentia
2412 2965 2580 3034 replet
2613 2967 2798 3020 orbem
2827 2974 3116 3032 terrarum,
3146 2969 3303 3037 cujus
3348 2980 3536 3036 poten-

1959 3059 2084 3111 tiam
2134 3059 2362 3112 mundus
2410 3073 2512 3111 non
2571 3059 2736 3126 capit,
2795 3058 2886 3127 qui
2943 3059 3117 3113 bonus
3177 3072 3281 3126 est,
3325 3071 3532 3119 rectus.

263 3160 389 3222 σὺν,
433 3157 610 3218 εύθὲς,
662 3152 1013 3221 ἡγεμονικὸν,
1057 3150 1241 3216 φύσει,
1292 3149 1352 3200 οῦ
1385 3148 1563 3201 θέσει·
1601 3145 1847 3214 ἁγιάζον,

1956 3153 2205 3220 princeps
2221 3159 2549 3215 natura,non
2575 3153 2766 3218 gratia,
2797 3152 3125 3217 sanctificat,
3150 3169 3251 3207 non
3288 3157 3536 3210 sanctiti-

255 3252 371 3319 οὐχ
404 3247 795 3316 ἁγιαζόμενονο
853 3242 1108 3312 μετροῦν,
1155 3242 1216 3292 οὐ
1270 3238 1672 3308 μετρούμενον.
1721 3256 1851 3308 μετ,

256 3345 553 3413 εχόμενον,
586 3342 647 3393 ού
695 3339 954 3408 μετέχον·
1017 3335 1285 3406 πληροῦν,
1339 3335 1398 3386 οῦ
1429 3331 1850 3403 πληρούμενονο

260 3435 521 3501 συνέχον,
571 3433 630 3483 οῦ
685 3430 1080 3498 συνεχόμενονο
1133 3425 1665 3495 κληρονομούμενον,
1703 3421 1855 3488 δοξα-

260 3526 528 3594 ζόμενον,
554 3519 1085 3591 συναριθμούμενον,
1114 3517 1588 3583 ἐπαπειλούμενον
1611 3531 1621 3543 ·
1656 3515 1854 3568 δάκτυ-

260 3619 367 3680 λος
398 3617 571 3669 Θεοῦ⁶
633 3614 768 3682 πῦρ,
818 3615 892 3676 ὡς
928 3613 1084 3674 Θεὸς,
1144 3615 1223 3673 εἰς
1270 3611 1509 3679 ἔμφασιν
1561 3608 1714 3679 οἶμαι
1759 3609 1852 3660 τοῦ

263 3709 569 3779 ὁμοουσίου
595 3723 609 3736 ⁸
649 3706 873 3769 Πνεῦμα
906 3704 965 3756 τὸ
1016 3703 1272 3772 ποιῆσαν,
1309 3702 1368 3754 τὸ
1426 3702 1714 3764 ἀνακτέζον
1769 3701 1855 3752 διὰ

265 3802 373 3855 τοῦ
415 3798 812 3867 βαπτίσματος,
837 3795 901 3847 δι’
931 3795 1286 3855 ἀναστάσεως
1310 3808 1324 3821 ·
1348 3792 1572 3859 Πνεῦμα
1596 3792 1655 3844 τὸ
1687 3792 1853 3858 γινῶ-

270 3901 412 3947 σχον
445 3892 680 3952 ᾶπαντα,
716 3890 776 3940 τὸ
809 3887 1083 3950 διδάσκον,
1111 3887 1171 3940 τὺ
1198 3886 1357 3938 πνέον
1385 3887 1518 3938 ὅπου
1560 3885 1704 3936 Θέλει
1760 3885 1854 3936 καὶ

268 3988 433 4038 ὅσον
468 3985 717 4052 ὁδηγοῦν,
740 3980 956 4042 λαλοῦν,
993 3980 1346 4043 ἁποστέλλον,
1390 3978 1677 4048 ἁφορίζον,
1713 3994 1855 4044 παρ-

267 4077 621 4145 οξυνόμενον,
685 4073 1119 4143 πειραζόμενον,
1183 4070 1855 4134 ἁποκαλυπτικὺν,φωτι-

273 4175 487 4232 στικὸν,
549 4169 797 4233 ζωτικὴν,
856 4167 1058 4236 μᾶλλον
1115 4165 1172 4216 δὲ
1232 4165 1482 4230 αῦτοφῶς
1558 4163 1649 4212 καὶ
1704 4161 1850 4228 ζωή·

269 4260 594 4319 ναοποιοῦν,
629 4258 937 4322 θεοποιοῦν,
976 4256 1244 4320 τελειοῦν,
1294 4255 1436 4307 ὥστε
1469 4255 1564 4306 καὶ
1607 4253 1854 4320 προλαμ-

271 4357 461 4409 6άνειν
491 4354 550 4406 τὸ
583 4352 893 4422 βάπτισμα,
928 4351 1023 4401 καὶ
1053 4349 1438 4417 ἐπιζητεῖσθαι
1482 4349 1624 4414 μετὰ
1659 4346 1720 4398 τὸ
1751 4344 1848 4413 βά-

321 4461 524 4518 τισμα·
558 4445 814 4515 ἐνεργοῦν
851 4446 953 4496 ὅσα
986 4444 1150 4504 Θεόςο
1188 4441 1552 4511 μεριζόμενον
1583 4444 1640 4493 ὲν
1672 4441 1848 4522 γλώσ-

1957 3252 2134 3310 catur,
2173 3245 2414 3304 metitur.
2441 3247 2532 3298 sed
2565 3261 2683 3298 eum
2708 3246 2851 3300 nulla
2918 3249 3330 3317 comprehcndit
3384 3265 3536 3304 men-

1961 3351 2109 3398 sura,
2164 3350 2222 3389 se
2287 3334 2407 3388 aliis
2460 3336 2844 3401 coinmunicat,
2895 3338 2989 3392 sed
3053 3337 3187 3391 nihil
3239 3354 3268 3390 a
3325 3353 3538 3407 quoque

1955 3429 2172 3495 accipit,
2206 3428 2409 3496 implet,
2438 3443 2541 3480 non
2569 3427 2839 3496 impletur,
2864 3430 3123 3492 continet,
3148 3445 3251 3483 non
3289 3432 3535 3484 coiitine-

1956 3525 2084 3582 tur;
2116 3501 2431 3572 haereditate
2487 3520 2802 3588 percipitur,
2834 3520 3184 3589 gloriﬁcatur,
3245 3537 3537 3576 connume-

1958 3624 2129 3674 ratur,
2158 3616 2543 3674 comminatur,
2575 3622 2656 3664 est
2691 3614 2884 3681 digitus
2919 3614 3031 3676 Dei,
3086 3616 3241 3680 ignis,
3272 3617 3530 3682 quemad-

1956 3707 2169 3756 modum
2229 3714 2281 3757 et
2351 3705 2508 3768 Deus,
2558 3721 2662 3771 quo
2716 3707 3122 3773 signiﬁcantius,
3164 3717 3218 3758 ut
3280 3707 3534 3769 arbitror,

1955 3797 2190 3862 ejusdem
2223 3799 2470 3852 essentia:
2497 3799 2801 3852 declaretur
2829 3799 3104 3867 :.Spiritus
3138 3801 3226 3866 qui
3261 3800 3420 3864 facit,
3445 3803 3536 3866 qui

1956 3903 2048 3954 per
2081 3889 2402 3956 baptismum
2439 3898 2664 3951 recreat,
2711 3906 2807 3957 per
2869 3897 3320 3944 resurrectionem
3359 3908 3371 3942 :
3411 3891 3535 3951 Spi-

1956 3982 2092 4032 ritus
2117 3981 2206 4047 qui
2254 3981 2400 4033 novit
2456 3981 2660 4042 omnia,
2703 3981 2794 4048 qui
2841 3983 3014 4045 docet,
3063 3982 3154 4049 qtti
3211 3983 3382 4048 spirat
3450 3984 3536 4034 tthi

1955 4082 2008 4123 et
2037 4083 2294 4139 quantum
2330 4072 2464 4126 vult.
2496 4072 2596 4137 Qui
2633 4073 2836 4138 dirigit,
2865 4074 2956 4140 qui
2992 4073 3252 4141 loquitur,
3285 4072 3374 4142 qni
3409 4075 3536 4128 mit-

1959 4164 2040 4229 tit,
2073 4164 2159 4231 qui
2185 4173 2448 4233 segregat,
2487 4165 2578 4232 qui
2598 4165 2862 4229 irritatur,
2895 4166 2986 4234 qui
3014 4172 3274 4229 tentatur,
3303 4168 3395 4232 qui
3451 4181 3539 4218 re-

1957 4257 2119 4321 velat,
2152 4255 2240 4322 qni
2275 4257 2564 4318 illuminat,
2611 4257 2700 4322 qui
2740 4257 3003 4321 vivificat,
3037 4258 3146 4314 imo
3176 4278 3266 4330 qui
3301 4261 3415 4329 ipse
3449 4259 3538 4312 lux

1957 4358 2036 4401 est
2073 4357 2120 4400 ct
2150 4348 2278 4400 vita.
2314 4349 2410 4415 Qui
2444 4349 2690 4403 homines
2719 4350 2806 4404 Dei
2837 4351 3102 4406 domicilia
3130 4353 3277 4417 facit,
3305 4353 3541 4407 divinos-

1963 4455 2067 4506 que
2103 4440 2297 4504 reddit,
2331 4441 2420 4508 qui
2461 4441 2660 4503 initiat,
2697 4451 2755 4494 ut
2792 4453 2844 4494 et
2899 4443 3225 4512 baptismum
3260 4462 3540 4508 prmonitu-

275 4561 401 4604 σαις
427 4539 705 4610 πυρίναις,
738 4536 980 4606 διαιροῦν
1021 4535 1359 4605 χαρίσματα,
1397 4533 1585 4586 ποιοῦν
1614 4534 1848 4586 ἀποστό-

1964 4544 2071 4600 pet,
2120 4544 2170 4586 et
2205 4545 2324 4602 post
2356 4535 2677 4603 baptismum
2701 4537 3026 4604 requiratur.
3053 4539 3151 4603 Qui
3203 4539 3328 4592 facit
3358 4541 3537 4593 omnia

272 4637 423 4699 λους,
460 4633 766 4702 προφήτας,
806 4627 1222 4696 εὐαγγελιστὰς,
1259 4626 1525 4695 ποιμένας
1565 4628 1661 4679 καὶ
1708 4626 1852 4678 διδα-

276 4729 511 4788 σκάλους
535 4739 548 4754 ⁸
580 4722 787 4791 νοερὸν,
841 4720 1168 4789 πολυμερὲς,
1210 4722 1404 4788 σαφὲς,
1439 4720 1658 4789 τρανὸν,
1707 4719 1850 4771 ἀκώ-

274 4824 456 4884 λυτον,
510 4817 835 4886 ἀμόλυντον,
883 4815 1021 4882 ὅπερ
1073 4814 1187 4864 ἴσον
1237 4813 1463 4866 δύναται
1513 4811 1852 4880 σοφώτατον,

277 4918 370 4968 καὶ
401 4912 742 4979 πολύτροπον
787 4908 905 4968 ταῖς
949 4908 1274 4974 ἐνεργείαις,
1326 4910 1418 4958 καὶ
1465 4907 1856 4976 σαφηνιστικὸν

280 5008 520 5068 πάντων,
552 5006 646 5057 καὶ
671 5007 1030 5071 τρανωτικδν,
1058 5001 1152 5055 καὶ
1175 4997 1548 5064 αὐτεξούσιον,
1578 4999 1671 5050 καὶ
1699 4998 1862 5050 ἀναλ-

277 5099 534 5160 λοίωτον,
579 5096 1008 5167 παντοόύναμον,
1050 5093 1492 5148 παντεπίσκοπον
1529 5131 1542 5154 ,
1590 5091 1675 5143 διὰ
1718 5093 1860 5142 πάν-

279 5207 386 5243 των
412 5188 624 5258 χωροῦν
656 5187 998 5254 πνευμάτων,
1030 5204 1255 5257 νοερων,
1283 5185 1562 5254 καθαρῶν,
1601 5184 1864 5237 λεπτοτὰ-

280 5300 411 5344 των,
439 5279 748 5348 ἀγγελικῶν
773 5275 925 5348 οἶμαι
950 5278 1444 5350 δυνάμεων,ὦσπερ
1471 5279 1563 5330 καὶ
1593 5294 1863 5346 προφητι-

285 5379 416 5441 κῶν,
450 5379 548 5428 καὶ
574 5375 965 5441 ἀποστολικῶν,
1003 5377 1140 5428 κατὰ
1177 5375 1394 5434 ταυτὸν,
1422 5375 1514 5425 καὶ
1542 5373 1641 5424 οὐκ
1667 5375 1723 5423 ὲν
1749 5375 1861 5434 τοῖς

285 5472 467 5530 αὐτοῖς
513 5469 717 5528 τόποις.
757 5467 966 5540 Ἀλλων
993 5469 1050 5520 δὲ
1098 5467 1330 5536 ἀλλαχοῦ
1361 5464 1765 5532 νενεμημένων,
1817 5458 1862 5530 ᾧ

287 5563 543 5628 δηλοῦται
577 5560 638 5610 τὸ
686 5561 1119 5630 ἁπερίγραπτον,
1154 5561 1202 5612 οἱ
1261 5558 1434 5612 ταῦτα
1468 5559 1740 5625 λέγοντες,
1771 5557 1864 5608 καὶ

288 5655 648 5717 διδάσκοντες,
701 5654 795 5706 καὶ
837 5653 973 5724 πρός
1017 5669 1080 5719 γε
1134 5653 1290 5705 ἄλλον
1339 5652 1713 5722 Παράκλητον,
1752 5644 1863 5702 οἷον

623 5763 894 5823 Pnnoe.
939 5763 1056 5821 Gn.
1102 5759 1352 5821 CXXX.
1405 5781 1408 5786 ι

1960 4640 2079 4695 quae
2118 4628 2279 4679 Deus.
2315 4624 2415 4690 Qui
2467 4627 2514 4678 in
2547 4626 2744 4696 linguis
2830 4628 3000 4696 igneis
3051 4630 3387 4696 dispertitur.
3438 4631 3538 4696 Qui

1963 4733 2184 4770 munera
2215 4718 2522 4786 dilargitur,
2556 4717 2681 4772 facit
2709 4721 3004 4785 apostolos,
3035 4722 3346 4786 prophetas,
3372 4733 3539 4770 evan-

1965 4809 2205 4876 gelistas,
2251 4819 2494 4876 pastores
2560 4819 2614 4862 et
2653 4811 2925 4864 doctores.
2961 4807 3334 4874 lntclligibilis,
3397 4809 3542 4858 mul-

1973 4901 2155 4968 tiplex,
2187 4902 2426 4968 sapiens,
2462 4900 2796 4962 manifestus,
2847 4901 2937 4966 qni
2968 4898 3114 4951 nullo
3154 4909 3332 4968 potest
3373 4901 3544 4970 impe-

1972 4993 2211 5045 dimento
2243 4991 2536 5058 prohiberi,
2599 4990 2745 5042 nullo
2792 4988 3199 5058 inquinamento
3259 4991 3537 5045 macadari.

1973 5081 2124 5146 Quod
2196 5084 2416 5150 perinde
2461 5093 2566 5140 est,
2600 5095 2662 5133 ac
2692 5080 2736 5133 si
2761 5081 2932 5142 dicas,
2990 5080 3442 5147 sapientissimus,
3489 5095 3544 5137 et

1973 5171 2279 5224 actionibus
2321 5169 2524 5231 varius,
2557 5167 2734 5219 omnia
2768 5167 3045 5223 illustrans
3091 5181 3146 5222 et
3187 5170 3538 5237 patefaciens,

1975 5261 2057 5316 sui
2085 5263 2243 5328 juris,
2281 5259 2660 5324 immutabilis,
2693 5261 3054 5328 omnipotens,
3097 5272 3292 5316 cuneta
3335 5263 3538 5330 perspi-

1973 5356 2146 5415 ciens,
2178 5368 2274 5418 per
2322 5367 2512 5406 omnes
2553 5350 2773 5420 spiritus
2835 5351 3214 5422 itttelligihilrs,
3280 5365 3442 5418 puros
3488 5361 3544 5402 et

1971 5445 2352 5500 subtilissimas
2399 5459 2712 5512 permeans,
2774 5458 2964 5511 nempe
3009 5443 3278 5512 angelieos
3317 5451 3372 5493 ut
3421 5455 3546 5510 pri»

1970 5539 2236 5608 pheticos,
2271 5547 2434 5606 atque
2483 5537 2831 5605 apostolicos,
2867 5536 3025 5602 idque
3071 5534 3256 5588 eodem
3281 5540 3542 5602 tempore,

1972 5641 2027 5684 et
2055 5631 2175 5686 aliis
2212 5631 2337 5685 alibi
2381 5631 2705 5691 distributis;
2741 5645 2848 5698 quo
2873 5626 3213 5696 perej-deuutn
3253 5627 3331 5691 lit,
3364 5624 3544 5694 ipsotn

3096 5739 3171 5800 2‘1
