4078 6292
615 396 720 458 843

1855 383 2236 448 EUTIIYMII
2268 385 2628 447 ZIGABENI
3729 396 3807 458 ειι

617 520 886 574 nusquam
919 501 1305 573 comprehendi
1339 517 1439 556 nec
1476 500 1877 557 circumscribi.
1905 499 2009 566 Qui
2056 499 2175 552 haec

2299 499 2456 554 ἄλλον
2491 500 2624 552 Θεὸν
2649 498 3025 568 ὀνομάζοντες,
3057 500 3106 551 οἱ
3129 495 3226 567 τὴν
3259 498 3338 560 είς
3364 499 3490 551 αὐτὸ
3515 499 3810 576 βλασφημίαν

616 598 932 669 loquuntur,
966 603 1021 647 et
1057 593 1275 656 docent,
1327 605 1559 661 eumque
1601 591 1935 646 Paracletum
1995 589 2182 653 alium,

616 701 872 759 tanquam
906 687 1067 740 alium
1107 685 1274 740 Deum
1321 685 1612 754 appellant,
1641 688 1733 752 qui
1795 685 2188 754 blasphemiam

617 785 672 839 in
717 785 886 851 ipsum
913 781 1084 835 solam
1139 794 1244 834 non
1286 778 1490 833 remitti
1541 779 1739 846 sciunt,
1774 779 1865 848 qui
1919 779 2188 834 Ananiam

617 887 674 930 et
719 872 1028 940 Saphiram,
1065 871 1210 937 quod
1243 869 1464 940 Spiritui
1498 879 1704 935 sancto,
1746 870 1855 924 Deo
1911 871 2188 936 nimirum,

618 979 724 1019 non
765 969 942 1015 autem
980 960 1209 1023 homini,
1276 961 1486 1014 mentiti
1536 970 1736 1025 essent,
1769 970 1874 1014 tam
1920 962 2192 1016 horrendo

617 1050 1056 1118 reprehensionis
1098 1058 1150 1102 et
1195 1049 1432 1104 infamiae
1492 1065 1694 1120 genere
1736 1050 2098 1114 confixerunt,
2135 1061 2192 1106 ιιι

613 1143 818 1197 mortui
887 1141 1260 1204 conciderent,
1294 1141 1402 1196 iine
1456 1141 1550 1196 tibi
1603 1142 1862 1211 Spiritum
1919 1153 2190 1210 sanetum,

618 1244 675 1288 ut
705 1233 894 1296 Deum,
925 1249 992 1287 an
1017 1243 1075 1286 ut
1099 1233 1244 1286 aliud
1271 1233 1543 1302 quidpiam
1574 1233 1827 1287 videntur
1858 1235 2195 1303 praedicare?

611 1325 708 1381 Na:
735 1337 788 1378 tu
826 1324 980 1379 valde
1008 1325 1153 1378 rudis
1181 1338 1264 1387 es,
1297 1335 1352 1378 et
1390 1325 1458 1378 ab
1489 1325 1609 1385 ipso
1641 1324 1842 1384 Spiritu
1890 1329 2192 1382 remotissi-

617 1430 760 1480 111115,
790 1415 833 1468 si
863 1417 965 1468 hac
996 1414 1063 1468 de
1098 1429 1156 1466 re
1206 1413 1444 1480 dubitas,
1482 1425 1646 1484 atque
1701 1416 1910 1484 indiges
1955 1429 2195 1486 praecep-

618 1519 750 1562 tore.
789 1506 920 1561 Tam
977 1506 1158 1560 multa:
1187 1508 1350 1577 igitur
1409 1519 1555 1574 sunt,
1603 1517 1768 1576 atque
1807 1510 1878 1563 ita
1925 1511 2196 1579 spirantes

613 1599 1020 1670 appellatiOnes.
1052 1598 1190 1666 Quid
1213 1601 1358 1654 enim
1378 1614 1512 1667 Opus
1539 1608 1620 1656 est
1641 1601 1926 1656 verbormu
1956 1603 2198 1656 testimo-

619 1693 704 1746 nia
734 1691 1018 1761 proferre?
1045 1689 1310 1745 Cmterum
1333 1705 1452 1760 qua
1479 1691 1567 1745 hic
1594 1692 1846 1746 dicuntur
1870 1692 2192 1756 humiliora,

617 1794 676 1838 ιιι,
703 1784 838 1846 dari,
873 1785 1029 1846 mitti,
1067 1784 1352 1847 dispertiri,
1393 1782 1612 1848 donum,
1645 1800 1854 1847 munus,
1883 1785 2189 1856 insuﬁlatio,

2295 591 2464 659 μόνην
2497 589 2695 652 εἰδότες
2726 589 3136 660 ἀσυγχώρητον,
3161 591 3209 642 οί
3232 589 3323 642 τὸν
3360 591 3599 645 Ἀνανίαν
3628 597 3708 647 καὶ
3733 601 3812 666 τὴν

2291 681 2604 750 Σαπφειραν
2653 680 2795 734 οὕτω
2859 680 3103 750 φοϐερῶς
3155 681 3621 757 στηλιτεύσριντες.
3662 687 3810 761 δπειδὴ

2291 770 2588 839 ἐψεύσαντο
2614 772 2676 823 τὸ
2700 771 2924 840 Πνεῦμα
2951 772 3010 824 τὸ
3035 772 3192 839 ἅγιον
3215 772 3291 835 ὡς
3319 771 3449 825 Θεὸν
3469 773 3810 847 ψευσαμένους,

2292 865 2392 918 οὐκ
2423 864 2708 935 ἄνθρωπον
2728 881 2742 894 ·
2771 857 2983 918 οὗτοιτί
3023 876 3104 918 σοι
3138 863 3374 921 δοκοῦσι.
3414 866 3628 936 πότερον
3644 869 3754 923 Θεδν
3771 876 3814 925 τὴ

2296 957 2518 1026 Πνεῦμα
2568 957 2886 1026 κηρύσσειν,
2918 957 2948 1028 ἢ
2985 956 3113 1010 ἄλλο
3130 975 3212 1023 τις
3255 956 3341 1020 Ὦς
3370 957 3490 1010 λίαν
3509 957 3663 1024 ὅντως
3677 966 3815 1034 παχύς

2292 1067 2373 1112 τις
2397 1045 2468 1113 εί,
2501 1052 2589 1102 καὶ
2625 1051 2814 1121 πόρρω
2845 1049 2938 1102 τοῦ
2971 1050 3306 1120 Πνεύματος,
3345 1053 3393 1103 εἰ
3435 1052 3584 1105 τοῦτο
3614 1054 3815 1124 ἀπορεῖς,

2294 1141 2389 1193 καὶ
2417 1141 2513 1212 δέῃ
2533 1139 2626 1193 τοῦ
2660 1139 2981 1204 διδάξοντος.
3006 1140 3072 1193 Al
3098 1141 3197 1207 μὲν
3217 1139 3312 1194 οὖν
3339 1141 3557 1212 κλήσεις
3582 1146 3817 1211 τοσαῦται,

2296 1233 2386 1284 καὶ
2401 1231 2571 1294 οὕτως
2602 1231 2855 1302 ἔμψυχοι.
2883 1232 2948 1284 Τί
2975 1234 3082 1300 γὰρ
3109 1232 3189 1285 δεῖ
3227 1250 3310 1287 σοι
3331 1233 3429 1296 τὰς
3459 1235 3659 1288 ἐπὶτῶν
3679 1240 3819 1306 ῥημά-

2294 1341 2404 1376 των
2435 1307 2742 1396 μαρῶρίας
2773 1323 3204 1394 παρατίθεσθαις
3236 1325 3381 1380 Ὅσα
3403 1326 3460 1381 δὲ
3483 1328 3732 1383 κάνταῦθα
3754 1330 3822 1384 λέ-

2295 1431 2454 1482 γεται
2495 1417 2901 1486 ταπεινότερον,
2940 1416 3001 1469 τὸ
3025 1416 3285 1483 δίδοσθαι,
3325 1417 3390 1470 τὸ
3418 1419 3820 1488 ἀποστέλλεσθαι,

2295 1509 2355 1561 τὸ
2377 1507 2715 1578 μερίζεσθαι,
2737 1509 2799 1562 τὸ
2819 1508 3147 1580 χάρισμα,τδ
3163 1510 3418 1580 δώρημα,
3437 1509 3496 1562 τὸ
3515 1512 3824 1585 ὲμφύσημσρι

2297 1599 2619 1668 ἐπαγγελία,
2649 1602 2682 1670 ἡ
2714 1601 3117 1671 ὑπερέντευξις,
3163 1603 3218 1656 εί
3242 1619 3302 1655 τε
3357 1621 3409 1656 τι
3439 1603 3563 1656 ἄλλο
3604 1605 3820 1673 τοιοῦτ,-.⁹

2298 1693 2386 1746 ἴνα
2421 1693 2495 1763 μὴ
2527 1693 2649 1747 καθ’
2680 1694 2912 1747 ἕκαστον
2943 1695 3107 1762 λέγω,
3138 1693 3232 1746 ἐπὶ
3279 1695 3384 1766 τὴν
3431 1695 3646 1766 πρώτην
3683 1699 3825 1750 αἰτίαν

2300 1788 2640 1851 ἀνενεκτέον,
2674 1787 2763 1842 ἴνα
2793 1789 2850 1841 τὸ
2889 1787 2948 1852 ἐξ
2974 1782 3035 1842 οὗ
3067 1787 3276 1858 δειχθῇ,
3305 1789 3405 1841 καὶ
3430 1789 3505 1859 μὴ
3537 1793 3673 1858 τρεῖς
3698 1792 3827 1861 ἀρχτι

617 1873 917 1942 promissio,
943 1874 1278 1937 intercessio,
1309 1884 1363 1926 et
1391 1872 1407 1944 (
1433 1889 1498 1928 ne
1577 1876 1788 1944 singula
1845 1879 2187 1948 enumerem)

2301 1844 2705 1948 μεμερισμέναι
2756 1844 3039 1940 πολυθίως
3085 1844 3524 1950 παηραδιχθῶσιν.
3572 1844 3704 1934 ἰΙσον
3731 1844 3826 1952 Ιγῆἀρ

619 1964 662 2018 si
693 1964 820 2033 quid
865 1963 1008 2017 aliud
1049 1965 1316 2030 ejusmodi
1341 1976 1443 2030 est,
1467 1979 1528 2019 ea
1572 1968 1638 2021 ad
1692 1969 1921 2036 primam
1959 1983 2185 2024 causam

619 2068 745 2110 sunt
772 2056 1076 2118 referenda,
1103 2065 1160 2109 ut
1185 2055 1332 2123 illud,
1359 2073 1426 2112 ex
1476 2073 1584 2128 quo
1609 2069 1711 2123 est,
1761 2060 2104 2123 ostendatur,
2133 2069 2190 2114 et

2296 1969 2377 2027 εἰς
2407 1966 2665 2021 ἀσέόειαν
2687 1970 2778 2021 καὶ
2813 1969 3118 2032 Σαῦελλίως
3151 1969 3414 2037 συνάψαι,
3454 1970 3546 2022 καὶ
3585 1971 3826 2041 Ἀρειανῶς

2293 2059 2607 2130 διαστῆσαι,
2637 2061 2699 2114 τὸ
2728 2061 2827 2131 μὲν
2849 2060 2926 2130 τῷ
2958 2060 3255 2133 προσώπῳ,
3287 2062 3356 2115 τὸ
3389 2062 3445 2114 δὲ
3478 2066 3591 2126 ταῖς
3621 2063 3826 2133 φύσεσιν.

611 2165 686 2206 ne
713 2152 812 2206 tria
833 2150 1000 2205 divisa
1028 2150 1313 2219 principia,
1337 2161 1387 2207 et
1418 2152 1694 2220 multiplex
1726 2153 1948 2208 deorum
2000 2167 2260 2208 numerus
2297 2153 2652 2224 suscipiatur;
2680 2170 2776 2225 par
2799 2155 2944 2209 enim
2976 2155 3228 2225 impietas
3245 2165 3349 2222 est,
3384 2156 3464 2210 vel
3497 2172 3609 2210 cum
3642 2156 3828 2212 Satellio

617 2262 876 2316 personas
903 2248 1251 2311 confundere,
1281 2248 1363 2302 vel
1388 2262 1507 2301 cum
1537 2248 1665 2301 Ario
1697 2259 1921 2303 naturas
1940 2248 2196 2304 dividere.

873 2339 1124 2409 Ejusdem
1172 2357 1236 2394 ea:
1283 2341 1521 2396 oratione
1551 2343 1607 2395 in
1639 2341 2018 2412 Epiphaniam.

691 2431 849 2500 Quod
897 2435 941 2486 si
1005 2432 1373 2501 magnitudine
1434 2440 1489 2485 et
1527 2431 1782 2500 gradibus
1853 2432 2196 2485 Divinitatem

618 2523 850 2586 metiris,
914 2530 970 2577 et
1027 2523 1235 2578 idcirco
1303 2521 1562 2590 Spiritum
1613 2538 1839 2593 parvum
1891 2523 2194 2584 existimas.

621 2614 761 2683 quod
821 2613 871 2665 in
912 2613 1180 2666 columba:
1215 2613 1397 2679 specie
1456 2626 1516 2666 se
1555 2612 1912 2680 conspicuum
1945 2613 2194 2680 praebuit,

617 2719 650 2757 ο
701 2702 892 2771 pusille
943 2702 1197 2756 maximis
1230 2701 1295 2755 de
1327 2703 1488 2755 rebus
1519 2701 1843 2770 disputator,
1889 2711 2040 2768 potes
2099 2716 2194 2755 ea-

619 2794 742 2848 dem
767 2795 984 2848 ratione
1023 2808 1248 2860 regnum
1281 2793 1542 2846 cmlorum
1575 2793 1737 2845 etiam
1769 2805 2116 2848 contemnere
2144 2800 2198 2846 et

621 2886 925 2956 aspernari,
975 2890 1232 2956 quoniam
1293 2885 1498 2953 sinapis
1536 2885 1763 2955 granulo
1824 2894 2194 2954 comparatum

621 2988 726 3045 est,
789 2985 845 3032 et
869 2977 995 3034 Jesu
1065 2977 1398 3047 amplitudini
1463 2977 1834 3032 adversarium
1904 2975 2198 3042 anteferre,

620 3072 762 3140 quod
781 3071 870 3126 hic
910 3073 1125 3142 quidem
1168 3087 1322 3126 mons
1351 3086 1596 3140 magnus,
1680 3077 1735 3126 et
1782 3069 2095 3136 Leviatban,
2150 3079 2204 3126 et

2485 2344 2597 2399 Τοῦ
2623 2344 2812 2400 αὑτοῦ
2834 2345 2905 2400 ἐκ
2933 2344 3040 2399 τοῦ
3075 2347 3162 2411 είς
3199 2345 3272 2398 τὰ
3300 2348 3470 2400 «Plora
3499 2346 3686 2414 λόγου.

2377 2435 2438 2488 El
2468 2435 2525 2488 δὲ
2556 2435 2762 2504 ὄγκοις,
2797 2437 2889 2490 καὶ
2926 2437 3189 2506 σταθμοῖς
3236 2439 3447 2506 κρίνεις
3491 2437 3727 2508 Θεότητα,
3756 2440 3828 2489 καὶ

2301 2524 2387 2576 διὰ
2410 2523 2566 2576 τοῦτο
2594 2525 2790 2594 μικρόν
2807 2543 2887 2578 σοι
2918 2527 2980 2578 τὸ
3008 2526 3252 2594 Πνεῦμα,
3277 2524 3364 2580 ὅτι
3393 2531 3449 2580 ἐν
3470 2528 3592 2580 εῖδει
3625 2543 3827 2595 περιστε-

2302 2618 2426 2688 ρᾶς.
2451 2609 2494 2670 ὧ
2525 2618 2814 2688 μικρολόγε
2847 2619 2975 2688 περὶ
3003 2619 3071 2673 τὰ
3105 2619 3366 2689 μέγιστα,
3399 2619 3514 2691 ὥρα
3546 2637 3622 2672 σοι
3649 2624 3731 2671 καὶ
3755 2619 3830 2688 βαι

2307 2708 2512 2763 σιλείαν
2572 2710 2817 2780 ούρανῶν
2870 2712 3180 2781 ἀτιμάζειν,
3239 2713 3324 2765 ὅτι
3385 2713 3564 2783 κόκκῳ
3609 2713 3829 2772 σινάπεως

2303 2802 2684 2868 ἀπεικάζεται,
2725 2802 2942 2872 καὶτῆς
2980 2802 3153 2872 Ἰησοῦ
3195 2804 3612 2872 μεγαλειότητος
3644 2801 3831 2870 ὑπεραί-

2309 2912 2424 2967 ρειν
2465 2895 2557 2948 τὸν
2587 2895 2981 2966 ἀντικείμενον,
3031 2897 3114 2949 ὅτι
3145 2898 3172 2949 ό
3210 2895 3312 2964 μὲν
3371 2897 3492 2966 ὅρος
3528 2896 3660 2966 μέγα
3686 2892 3831 2946 καλεί-

2307 3003 2417 3048 ται,
2445 2989 2537 3040 καὶ
2565 2988 2858 3055 Λευῖαοάν,
2890 2989 2983 3042 καὶ
3011 2990 3264 3058 βασιλεὺς
3296 2989 3408 3042 τῶν
3443 2991 3497 3041 ἐν
3527 2990 3632 3050 τοῖς
3661 2985 3831 3043 ὕδασι-ι,

2307 3080 2337 3131 ὁ
2369 3079 2425 3132 δὲ
2457 3080 2648 3150 ἀμνὸς,
2699 3080 2792 3133 καὶ
2829 3081 3200 3151 μαργαρίτίδς,
3253 3081 3353 3134 καὶ
3409 3079 3634 3146 σταγὼν,
3672 3076 3752 3130 καὶ
3784 3074 3834 3127 τὲ

622 3179 809 3219 eorum
850 3179 967 3233 quae
1023 3165 1076 3218 in
1144 3164 1299 3234 aquis
1361 3171 1508 3229 sunt,
1556 3177 1654 3219 rex
1717 3164 2053 3234 appelletur,
2112 3165 2199 3219 ille

2308 3173 2532 3228 τοιαῦτα
2568 3175 3046 3244 προσαγορεύεται.

621 3271 748 3310 vero
785 3271 978 3328 agnus,
1010 3267 1064 3311 et
1096 3258 1412 3327 margarita,
1445 3266 1498 3311 et
1561 3263 1743 3327 gutta,
1795 3266 1850 3312 et
1899 3257 2023 3312 aliis
2055 3257 2198 3326 ejus-

623 3348 766 3402 modi
830 3347 1139 3404 nominibus
1193 3350 1374 3416 parvis
1419 3360 1666 3401 vocetur.

840 3457 1087 3527 Ejusdem
1136 3475 1200 3513 ea:
1237 3461 1472 3513 oratione
1516 3463 1566 3513 iu
1627 3456 1984 3514 Pentecoste".

697 3617 798 3683 Qui
865 3617 1123 3685 Spiritum
1192 3627 1442 3673 sanctum
1515 3618 1569 3670 in
1633 3620 1816 3672 rerum
1887 3627 2194 3672 creatarum

626 3710 871 3766 ordinem
940 3711 1227 3780 dejiciunt,
1292 3710 1674 3766 contumeliosi
1745 3721 1874 3766 sunt
1942 3721 1994 3765 et
2062 3711 2189 3765 mali

624 3798 789 3865 servi,
823 3807 985 3869 atque
1019 3798 1154 3853 adeo
1183 3797 1444 3851 malorum
1482 3798 1726 3867 pessimi.
1769 3797 2032 3854 Malorum
2061 3801 2207 3854 enim

628 3905 906 3946 servorum
969 3898 1071 3956 est,
1116 3889 1400 3959 imperium
1454 3891 1698 3960 rejicere,
1727 3899 1782 3944 et
1823 3892 2083 3946 adversus
2116 3891 2247 3946 do-‘

633 3982 984 4037 minationem
1040 3983 1343 4052 insurgere,
1365 3991 1527 4049 atque
1556 3981 1629 4048 id,
1656 3983 1798 4051 quod
1851 3981 2078 4038 liberum
2103 3989 2206 4046 est,

633 4074 684 4126 in
750 4074 992 4128 eamdem
1076 4087 1260 4129 secum
1313 4073 1589 4128 servitutis
1651 4074 1882 4128 classem
1938 4075 2206 4143 redigere.

632 4165 736 4232 Qui
764 4173 944 4220 autem
990 4165 1157 4220 Deum
1187 4180 1310 4221 eum
1340 4174 1587 4231 censent,
1617 4165 1786 4220 divini
1837 4163 2080 4235 profecto
2109 4166 2207 4219 viri

632 4267 776 4324 sunt,
806 4274 869 4312 ac
893 4257 1175 4327 splendido
1212 4258 1394 4312 animo
1443 4258 1672 4325 prtediti.
1719 4257 1821 4324 Qui
1865 4271 1991 4312 vero
2045 4254 2208 4311 etiam

635 4348 926 4418 appellant,
973 4349 1019 4402 si
1077 4349 1293 4417 quidem
1348 4349 1500 4419 apud
1525 4349 1667 4404 viros
1695 4349 1914 4420 probos,
1949 4349 2210 4404 sublimes

633 4449 690 4493 et
733 4438 930 4493 excelsi
963 4447 1120 4493 sunt:
1151 4439 1233 4493 sin
1268 4448 1448 4494 autem
1496 4441 1635 4510 apud
1696 4440 1934 4510 abjectos
1973 4449 2028 4494 et
2063 4441 2210 4494 humi

633 4529 964 4598 provolutos,
996 4530 1139 4585 haud
1185 4530 1318 4586 satis
1347 4531 1641 4599 prudenter
1673 4539 1870 4600 agunt;
1908 4539 2091 4600 utpote
2119 4533 2199 4600 qu'

2307 4520 2421 4574 δέον
2455 4522 2596 4575 κατὰ
2627 4521 2820 4592 μικρὸν
2843 4521 3104 4592 προάγειν

633 4621 747 4676 luto
773 4621 1146 4690 margaritam,
1177 4632 1230 4676 et
1267 4621 1545 4676 imbecilla:
1577 4621 1695 4674 auri
1727 4620 1947 4675 tonitrui
1997 4636 2212 4683 sonum,

2345 3451 2458 3505 τοῦ
2485 3447 2673 3503 αὑτοῦ
2701 3449 2768 3499 ἐκ
2801 3450 2904 3502 τοῦ
2933 3453 3122 3534 λόγου
3147 3449 3256 3504 τοῦ
3286 3452 3377 3516 εἰς
3410 3449 3519 3517 τὴν
3545 3451 3804 3513 Hermae-

3004 3537 3181 3586 στην.

2379 3618 2452 3671 Τὸ
2503 3617 2725 3687 Πνεῦμα
2783 3619 2842 3670 τὸ
2899 3618 3051 3686 ἅγιον
3110 3619 3160 3671 οἱ
3223 3619 3323 3687 μὲν
3366 3620 3444 3681 εἰς
3498 3617 3687 3686 κτίσμα
3726 3629 3828 3667 κατ·

2306 3714 2550 3778 ἀγοντες,
2599 3709 2872 3778 ὑϐρισταὶ,
2918 3709 3014 3762 καὶ
3063 3709 3243 3762 δοῦλοι
3297 3710 3480 3773 κακοὶ,
3542 3708 3630 3761 καὶ
3675 3708 3823 3759 κακῶν

2301 3791 2570 3844 κάκιστοι.
2601 3790 2814 3844 Δούλων
2847 3791 2955 3860 γὰρ
3011 3790 3217 3855 κακῶν,
3276 3792 3490 3846 ἀθετεῖν
3539 3784 3826 3840 δεσποτείαν.

2302 3881 2394 3932 καὶ
2445 3881 2841 3935 ἐπανίστασθαι
2895 3883 3196 3953 κυριότητι,
3238 3883 3334 3935 καὶ
3388 3879 3658 3951 ὁμόδουλον
3693 3875 3830 3928 ποιεῖ]

2303 3974 2514 4037 ἑαυτοῖς
2549 3974 2608 4026 τὸ
2639 3974 2941 4046 ἐλεύθερον.
2969 3976 3031 4028 Ol
3063 3975 3120 4028 δὲ
3175 3974 3308 4027 θεὸν
3343 3973 3660 4043 νομίζοντες,
3691 3964 3827 4018 ἕνθεῡι

2305 4067 2398 4119 καὶ
2424 4067 2664 4138 λαμπροὶ
2697 4067 2793 4139 τὴν
2831 4067 3088 4122 διάνοιαν.
3125 4069 3188 4120 Οἱ
3215 4068 3272 4120 δὲ
3297 4069 3392 4120 καὶ
3421 4065 3761 4136 ὀνομάζοντες,
3791 4055 3826 4105 εἰ

2307 4158 2404 4228 μὲν
2434 4159 2790 4228 εὐγνώμοσι-ιν,
2821 4158 3014 4229 ὑψηλοί
3033 4179 3046 4190 ·
3079 4162 3128 4213 εί
3154 4160 3210 4214 δὲ
3239 4161 3533 4222 ταπεινοῖς,
3557 4157 3645 4208 οὐκ
3663 4153 3826 4204 οἰκονο-

2307 4247 2455 4318 μικοί
2477 4264 2491 4278 ·
2521 4247 2677 4318 πηλῷ
2709 4248 3053 4320 μαργαρίτην
3086 4249 3450 4310 πιστεύοντες,
3489 4244 3578 4297 καὶ
3605 4237 3722 4305 ἀκοῇ
3750 4250 3824 4284 σα·

2305 4341 2410 4410 θρᾷ
2427 4339 2656 4411 βροντῆς
2676 4336 2827 4410 ἦχον,
2854 4340 2946 4392 καὶ
2971 4339 3269 4410 ὀφθαλμοῖς
3287 4334 3674 4405 ἀσθενεστέροις
3691 4327 3824 4397 ἥλιον.

2305 4430 2398 4482 καὶ
2425 4429 2630 4500 τροφὴν
2665 4429 2893 4500 στερεὰν
2925 4431 3040 4492 τοῖς
3061 4428 3138 4481 ἔτι
3167 4429 3309 4497 γάλα
3481 4419 3826 4486 ποτιζομένοις⁶

3269 4519 3465 4581 αὐτοὺς
3487 4518 3564 4579 είς
3591 4513 3646 4565 τὸ
3667 4511 3829 4600 ἐμπξο-

2309 4612 2454 4676 σθεν,
2493 4613 2585 4667 καὶ
2617 4611 2974 4684 προϐιῆἀζειν
3013 4613 3126 4674 τοῖς
3161 4609 3511 4681 ὑψηλοτέροις
3536 4643 3550 4667 ,
3599 4599 3719 4670 φωτὶ
3743 4599 3832 4660 φώς

631 4722 684 4767 et
737 4689 906 4768 solem
961 4712 1194 4766 infirmis
1238 4712 1430 4775 oculis,
1455 4719 1511 4766 et
1556 4710 1696 4765 lacte
1735 4711 1912 4764 adhuc
1935 4708 2199 4764 utentibus

2308 4705 2720 4776 χαριζομένους,
2775 4705 2869 4758 καί⁵
2922 4703 3146 4775 ἀληθεία
3178 4689 3828 4790 προξενοῦντας-ἀλήθξιαν

633 4804 862 4858 solidum
909 4803 1086 4858 cibum
1126 4803 1514 4868 committant;
1554 4817 1676 4857 eum
1709 4816 1802 4856 eos
1850 4801 2108 4869 paulatim
2151 4813 2198 4851 ac

2309 4796 2390 4850 to.
2418 4797 2512 4849 καὶ
2541 4797 2701 4866 ἡμεῖς
2727 4795 2819 4849 τὸν
2843 4795 3172 4865 τελεώτερον
3187 4793 3326 4854 τέως
3486 4785 3695 4855 ἀφέντες
3712 4776 3830 4838 λάτθν

633 4896 890 4950 ulteriora
920 4910 1262 4965 promovere,
1289 4905 1456 4965 atque
1481 4893 1545 4947 ad
1579 4894 1892 4948 sublimiora
1917 4894 2199 4960 proveltct‘t

2313 4887 2494 4953 (οὺπω
2527 4887 2637 4959 γὰρ
2672 4888 2920 4958 καιρὸς),
2951 4886 3122 4949 οὕτως
3150 4887 3334 4947 αὐτοῖς
3361 4875 3709 4970 διαλεξόμεθα.
3738 4959 3761 4970 Α
3817 4955 3824 4966 ⁸

629 4964 932 5049 conveniat,
961 4987 1150 5041 lumini
1191 4964 1384 5041 lumen
1405 4985 1698 5056 largiendo,
1731 5000 1794 5038 ac
1826 4983 2038 5038 veritati
2064 4983 2345 5036 veritatem
2374 4979 2731 5034 conciliando.
2792 4979 3057 5045 Quocirca
3121 4990 3218 5029 nos
3281 4987 3514 5044 quoque,
3573 4964 3825 5038 perfection

631 5077 847 5131 interim
878 5093 1130 5133 sermone
1167 5083 1330 5134 misso
1359 5079 1499 5133 facto
1529 5080 1786 5150 (nondum
1822 5080 1965 5134 enim
1997 5075 2298 5151 tempusid
2355 5074 2636 5143 postulat),
2708 5074 2773 5125 ad
2834 5074 2978 5126 hunc
3031 5069 3246 5122 modum
3309 5081 3429 5121 cum
3467 5063 3589 5134 ipsis
3644 5059 3830 5112 dissere-

632 5186 772 5225 IDUS.

852 5263 910 5320 Si
938 5263 1176 5334 quidem,
1206 5279 1237 5319 ο
1277 5265 1400 5331 viri,
1441 5280 1544 5320 nec
1592 5265 1914 5325 increatum,
1939 5277 2042 5316 nec
2076 5272 2208 5316 tem-

634 5359 778 5428 poris
806 5365 1084 5427 expertem
1142 5353 1402 5424 Spiritum
1458 5363 1704 5408 sanctum
1735 5351 1980 5412 creditis.
2012 5352 2207 5421 spiritu

636 5450 952 5506 adversario
996 5448 1137 5502 haud
1167 5447 1332 5502 dubie
1371 5445 1625 5499 amaminl
1653 5460 1668 5497 :
1712 5445 1908 5500 dabitis
1937 5442 2083 5498 enim
2117 5456 2213 5496 ve-

636 5543 802 5605 niam,
835 5543 880 5594 si
913 5539 1032 5595 zelo
1061 5547 1388 5602 commotus,
1421 5537 1666 5606 asperius
1712 5536 1928 5604 aliquod
1981 5535 2209 5588 verbum

2492 5262 2554 5314 El
2587 5261 2683 5332 μὲν
2715 5259 2835 5312 οὐδὲ
2863 5258 3117 5312 ἀκτιστον
3138 5293 3152 5316 ,
3201 5247 3247 5307 ὦ
3303 5266 3467 5312 ουτοι,
3489 5224 3830 5333 ὁμολογεῖτεξδ

2321 5353 2545 5424 Πνεῦμα
2573 5351 2635 5404 τὸ
2684 5352 2856 5419 ἅγιον,
2882 5348 3004 5401 οὐδὲ
3037 5347 3284 5417 ἄχρονον,
3316 5341 3410 5440 τοῦ
3441 5334 3664 5440 ἐναντίου

2326 5462 2492 5515 ματος
2521 5443 2706 5510 σαφῶς
2753 5443 2785 5510 ὴ
2834 5439 3118 5509 ἐνέργεια·
3147 5437 3263 5489 δότε
3301 5434 3408 5504 γὰρ
3436 5429 3510 5499 τῷ
3535 5426 3664 5514 ξήλῳ
3694 5434 3737 5515 τι
3761 5426 3831 5515 11—”-

2326 5505 2746 5606 παρατῡλμῆσαι
2773 5505 2985 5603 μικρόν,
3005 5530 3068 5581 El
3095 5528 3151 5580 δὲ
3172 5525 3420 5580 τοσοῦτον
3440 5505 3568 5588 γοῦν
3589 5505 3825 5606 ὑγιαίνξτεν

2325 5630 2466 5682 ὥστε
2494 5629 2593 5698 τὴν
2633 5626 2899 5697 πρόδηλον
2948 5621 3172 5692 φεύγειν
3204 5618 3452 5672 ἀσέϐειαν
3477 5652 3490 5675 ,
3524 5608 3606 5661 καὶ
3633 5601 3714 5702 τῇς
3735 5593 3828 5702 δρῖ.

2327 5723 2474 5784 λείας
2503 5721 2607 5784 ἔξω
2637 5718 2846 5770 τιθέναι
2879 5715 2940 5768 τὸ
2973 5716 3062 5767 καὶ
3095 5715 3242 5786 ἡμᾶς
3449 5715 3616 5758 ποιουν
3661 5681 3805 5786 “fxis

2334 5779 2476 5886 909s":
2495 5779 2560 5866 τέ
2585 5811 2712 5880 ἑξῆς
2742 5809 2895 5862 αὑτοὶ
2931 5779 3226 5876 σκέψασθε,
3263 5801 3392 5871 μετά
3421 5795 3506 5849 τοῦ
3535 5787 3668 5857 ἁγίου
3692 5779 3822 5831 Πνεῦ-

635 5649 896 5704 extulere.
927 5650 1077 5715 Quod
1110 5650 1153 5704 si
1187 5649 1448 5704 hactenus
1483 5646 1675 5702 saltem
1708 5657 1852 5699 recte
1883 5645 2117 5710 sentitis,
2151 5659 2214 5698 ac

643 5740 780 5795 belle
835 5743 1049 5804 valetis,
1087 5751 1144 5794 ut
1197 5739 1540 5795 manifestam
1592 5739 1921 5806 impietatem
1972 5733 2212 5804 fugiatis,

642 5841 800 5899 atque
833 5847 978 5894 eum,
1021 5833 1110 5899 qui
1149 5847 1246 5886 nos
1270 5846 1485 5901 quoque
1527 5831 1726 5886 liberos
1750 5826 1929 5895 cllicit,
1965 5845 1992 5881 a
2028 5825 2208 5881 servili
