4078 6292
328 394 435 457 845

1310 399 1680 461 ΡΑΝΟΙἾιΙΑ
1723 405 2178 470 DOGMATICA.
2206 435 2271 446 --
2300 410 2444 472 TIT.
2490 412 2624 471 ΧΗ.

3461 421 3565 484 8'46

324 545 511 600 ματος.
547 527 642 580 καὶ
673 528 705 596 ἡ
717 525 851 596 μῶν.
876 527 1141 598 Πείθομαι
1174 530 1302 601 γὰρ.
1327 534 1510 597 ποσῶς
1542 535 1733 588 τοῦτον
1764 554 1892 606 μετ-

2010 550 2188 602 πιῑὶηε
2242 549 2519 616 eximatis,
2553 547 2700 618 quod
2747 549 3012 618 sequitur,
3043 562 3151 601 una
3182 561 3304 602 cum
3361 547 3568 618 Spiritu

321 620 458 690 ἐχειν
482 619 648 689 ὑμᾶς,
681 619 775 671 καὶ
795 620 870 683 ὡς
898 621 1117 684 οἰκείοις
1148 622 1246 693 ἤδη
1430 628 1893 697 συνδιασκὲψομαι.

322 715 388 767 Ἢ
413 714 529 766 δότε
563 730 652 782 μοι
672 712 732 764 τὸ
763 712 928 782 μέσον
957 714 1055 783 τῆς
1083 714 1327 779 δουλείας
1367 756 1382 780 ,
1527 719 1621 772 καὶ
1659 719 1760 789 τῆς
1811 723 1896 774 δε-

324 808 595 871 σπατείας,
634 805 696 859 ἶν’
736 808 852 858 ἐκεῖ
893 806 969 860 θῶ
1015 807 1113 878 τὴν
1139 809 1294 873 ἀξίαν
1324 811 1418 864 τοῦ
1468 812 1816 884 Πνεύματος·
1858 815 1892 885 ἢ

323 902 416 972 τὴν
444 899 689 953 δουλείαν
719 898 1032 969 φεύγοντες,
1062 901 1162 954 οὐκ
1190 901 1406 972 ἄδηλον,
1445 904 1566 958 ὅποι
1611 905 1800 972 τάξετε
1833 907 1896 960 τὸ

325 993 672 1065 ζητούμενον.
838 991 1002 1046 Ἀλλὰ
1029 995 1150 1057 ταῖς
1180 994 1470 1060 συλλαϐαῖς
1493 997 1892 1069 δυσχεραίνετε,

324 1087 415 1138 καὶ
453 1083 817 1155 προσπταίετε
849 1085 914 1154 τῇ
944 1086 1117 1155 φωνῇ,
1159 1087 1254 1139 καὶ
1294 1085 1440 1150 λίθος
1471 1090 1897 1161 προσκόμματος

326 1178 453 1248 ὑμῖν
483 1175 642 1229 τοῦτο
680 1176 906 1243 γίνεται,
949 1177 1044 1230 καὶ
1079 1177 1256 1248 πέτρα
1284 1179 1580 1233 σκανδάλου
1602 1223 1616 1246 ,
1655 1183 1778 1235 ἐπεὶ
1804 1185 1899 1237 καὶ

326 1266 557 1334 Χριστὸς
607 1265 767 1318 τισίν.
820 1265 1181 1335 Ἀνθρὼπινον
1232 1269 1294 1322 τὸ
1350 1270 1540 1334 πάθος.
1598 1273 1898 1344 Συμδῶμεν

327 1357 572 1426 ἀλλήλοις
629 1355 1033 1426 πνευματικῶς.
1071 1358 1363 1429 Γενώμεθα
1424 1362 1734 1432 φιλάδελφοι
1768 1366 1899 1434 μᾶλ-

327 1449 436 1510 λον,
471 1449 503 1518 ἢ
534 1447 798 1516 φίλαυτοι.
834 1447 964 1502 Δότε
995 1449 1092 1519 τὴν
1121 1449 1349 1522 δύναμιν
1375 1455 1474 1525 τῆς
1508 1454 1779 1527 θεότητος,
1808 1459 1900 1511 καὶ

326 1537 568 1608 δώσομεν
596 1538 724 1608 ὑμῖν
757 1573 779 1598 ρ
901 1539 998 1610 τῆς
1023 1542 1205 1611 φωνῆς
1229 1543 1327 1613 τὴν
1356 1543 1732 1617 συγχώρησιν·
1772 1550 1901 1619 ὁμο-

248 1637 256 1643 ’
335 1634 600 1705 λογήσατε
630 1638 729 1710 τὴν
762 1637 925 1707 φύσιν
955 1640 1012 1690 ἐν
1045 1638 1236 1704 ἄλλαις
1271 1647 1474 1711 φωναῖς
1496 1686 1510 1709 ,
1555 1645 1645 1715 αἷς
1675 1651 1910 1708 αίδεῖσθε

333 1725 530 1795 μᾶλλον
572 1743 586 1758 ο
724 1728 819 1782 καὶ
851 1727 924 1792 ὡς
950 1728 1198 1794 ἀσθενεῖς
1215 1733 1356 1803 ὑμᾶς
1517 1738 1865 1808 ίατρεύσομεν
1890 1759 1905 1774 ·

331 1817 478 1871 ἔστιν
499 1818 534 1872 ἆ
560 1819 784 1873 καὶτῶν
809 1821 948 1893 πρὸς
971 1821 1163 1893 ἡδονὴν
1189 1825 1656 1897 παρακλέψαντες.
1676 1831 1912 1904 Δίσχρὸν

334 1909 433 1978 μὲν
477 1909 604 1981 γὰρ,
641 1889 884 1982 αἰσχρὸν,
938 1889 1032 1965 καὶ
1071 1889 1281 1978 ἱκανῶς.
1301 1889 1516 1984 ἄλογον,
1567 1889 1707 1973 κατὰ
1731 1889 1909 1993 ψῦᾶὴν
1935 1889 1973 1942 Β

332 2000 675 2071 ἐρρωμένους
719 2037 735 2064 ,
871 2004 1312 2075 μικρολογεῖσθαι
1337 2009 1464 2078 περὶ
1490 2009 1582 2063 τὸν
1611 2006 1764 2081 ἦχον,
1815 2014 1910 2066 καὶ

332 2091 593 2160 κρύπτειν
618 2093 708 2147 τὸν
738 2093 1033 2167 θησαυρὸν,
1058 2096 1248 2170 ὥσπερ
1287 2099 1468 2164 ἄλλοις
1492 2102 1904 2172 βασκαίνοντας,

329 2182 362 2254 ἢ
396 2183 471 2255 μὴ
681 2188 775 2240 καὶ
811 2187 908 2259 τὴν
945 2189 1196 2257 γλῶσσάν
1247 2193 1513 2266 ἁγιὰσητε
1570 2195 1906 2262 δεδοικότας

329 2277 539 2346 αἴσχιον
569 2278 626 2331 δὲ
653 2281 786 2349 ἡμῖν
817 2281 862 2332 -ὃ
915 2281 1251 2352 ἐγκαλοῦμεν
1276 2284 1488 2348 παθεῖν,
1533 2288 1624 2339 καὶ
1659 2288 1909 2358 μικρολο-

329 2367 455 2434 γίαν
486 2371 989 2438 καταγινώσκοντας
1009 2410 1024 2438 ,
1071 2375 1268 2438 αὐτοὺς
1301 2378 1742 2448 μικρολογεῖσθαι
1777 2381 1909 2451 περὶ

327 2459 399 2510 τὰ
423 2461 742 2530 γράμματα.

1999 651 2190 695 sancto
2222 655 2285 694 ac
2339 641 2515 702 nobis,
2545 640 2850 708 expendite.
2905 637 3010 693 Vos
3040 640 3238 708 quippe
3265 643 3576 707 quadamte-

2002 748 2104 786 nus
2163 733 2330 801 ipsius
2380 733 2672 801 participes
2719 746 2839 785 esse
2893 732 3126 793 conlido,
3180 746 3241 785 ac
3289 730 3400 799 jam
3435 731 3577 783 velut

2002 841 2124 880 cum
2159 827 2359 880 nostris
2392 825 2550 880 simul
2605 839 2716 879 rem
2749 823 3125 896 considerabo.
3165 823 3274 875 Ant
3319 821 3448 875 tnihi
3479 821 3548 872 ali

2001 917 2151 985 quid,
2187 917 2327 984 quod
2385 917 2524 970 inter
2583 915 2897 970 servitutem
2927 922 2982 968 et
3032 913 3452 967 dominationem
3503 914 3578 963 in-

2005 1009 2285 1075 terjectum
2319 1008 2410 1074 sit,
2446 1009 2589 1070 date,
2618 1018 2676 1060 ttt
2707 1007 2816 1062 illic
2850 1004 3089 1075 Spiritui
3116 1005 3441 1074 dignitatem
3472 1003 3576 1056 col-

2006 1101 2174 1154 loeem
2229 1118 2242 1153 :
2299 1109 2411 1165 attt,
2443 1115 2563 1153 cunt
2619 1100 2898 1154 servitutis
2947 1113 3140 1152 nomen
3191 1097 3434 1166 fugiatis,
3470 1113 3574 1150 non

2004 1191 2296 1244 obscurum
2344 1191 2466 1253 erit,
2502 1203 2610 1258 quo
2644 1188 2759 1242 loco
2784 1198 2946 1257 atque
2993 1189 3182 1242 ordine
3217 1186 3290 1250 id,
3319 1187 3462 1257 quod
3494 1202 3577 1238 ex-

2006 1282 2262 1348 quiritur,
2292 1282 2527 1351 ponetis.
2561 1284 2630 1335 At
2659 1280 2890 1352 syllabas
2920 1280 3144 1334 moleste
3191 1279 3371 1342 fertis,
3418 1289 3576 1349 atque

2007 1378 2072 1427 ad
2100 1391 2284 1429 vocem
2320 1373 2636 1443 impingitis,
2665 1373 2909 1442 lapisque
2950 1371 3263 1425 oll'ensionis
3318 1380 3373 1425 et
3429 1386 3576 1439 petra

2005 1464 2244 1517 scandali
2294 1464 2394 1518 hoc
2443 1462 2598 1518 vobis
2649 1461 2887 1516 efﬁcitur
2937 1462 2984 1526 ί,
3021 1475 3119 1513 nec
3174 1459 3392 1522 mirum,
3455 1472 3574 1511 cum

2006 1556 2254 1610 Christus
2283 1572 2498 1626 quoque
2520 1553 2795 1612 nonnullis
2817 1552 3070 1608 seandalo
3093 1549 3272 1602 fuerit.
3303 1548 3578 1602 Httntanus

2001 1649 2047 1701 is
2101 1645 2317 1715 quidem
2370 1642 2612 1696 aﬂectns.
2654 1640 2853 1696 Verum
2901 1639 3257 1709 spiritualiter
3305 1639 3445 1691 inter
3479 1651 3575 1689 nos

2001 1741 2138 1793 hanc
2183 1736 2609 1790 controversiam
2647 1734 3011 1800 lransigamus
3047 1749 3061 1785 :
3095 1732 3349 1784 fraternae
3400 1729 3578 1797 potius

2001 1829 2285 1886 charitatis
2315 1827 2574 1890 studium,
2608 1839 2767 1893 quam
2814 1823 2984 1878 nostri
3013 1836 3252 1876 amorem
3293 1835 3403 1889 pra:
3429 1819 3582 1873 nobis

2006 1923 2267 1976 feramus.
2330 1917 2446 1971 Vim
2479 1917 2782 1970 divinitatis
2810 1931 2873 1969 ac
2923 1915 3214 1984 potentiam
3257 1913 3410 1965 nobis
3441 1912 3580 1974 date,

2004 2024 2057 2066 et
2089 2027 2190 2066 nos
2215 2011 2449 2065 victssitn
2481 2009 2778 2063 divinitatis
2811 2022 2992 2062 vocem
3025 2006 3178 2059 vobis
3203 2006 3583 2059 concedentes.

2010 2104 2268 2156 Naturam
2317 2100 2436 2154 aliis
2480 2101 2725 2165 vocibus,
2753 2098 2947 2167 quibus
2993 2097 3110 2164 plus
3332 2095 3584 2157 tribuitis,

2010 2193 2406 2259 conﬁteamini;
2456 2208 2519 2246 ac
2558 2207 2675 2255 vos,
2712 2200 2769 2244 ttt
2804 2191 3050 2245 inﬁrmos
3094 2188 3427 2248 curabimus,
3457 2200 3588 2237 non-

2015 2286 2154 2338 nulla
2199 2283 2350 2339 vobis
2408 2291 2554 2354 grata
2596 2293 2650 2337 et
2702 2282 2942 2352 jucunda
2991 2278 3336 2332 suffurantes.
3376 2275 3588 2329 Etenim

2017 2387 2177 2448 turpe
2197 2379 2414 2446 quidem
2442 2378 2568 2430 illttd
2611 2385 2713 2440 est,
2750 2385 2926 2444 turpe,
2955 2373 3194 2442 inquam,
3214 2385 3276 2423 ac
3305 2371 3590 2437 perab5nr-

2021 2469 2168 2533 dum,
2199 2485 2318 2522 cum
2357 2470 2536 2522 animo
2581 2468 2826 2528 valeatis,
2861 2466 3005 2519 circa
3059 2461 3205 2516 vocis
3251 2475 3441 2516 sonum
3462 2457 3585 2525 jcjtt

325 2566 428 2606 nos
460 2563 513 2608 et
553 2555 790 2611 minutos
864 2570 960 2611 vos
1014 2556 1275 2626 praebere,
1331 2571 1394 2609 ac
1435 2555 1748 2610 thesaurum
1787 2557 2082 2622 occultare,
2123 2558 2275 2627 quasi
2317 2557 2436 2612 aliis
2475 2572 2598 2612 eum
2651 2554 2975 2620 invidentes,
3013 2565 3104 2609 aut
3157 2567 3480 2620 metuentes,
3519 2571 3582 2607 ne

325 2642 564 2712 linguam
599 2661 818 2716 quoque
869 2657 1104 2702 vestram
1149 2646 1534 2713 sanctiﬁcatis;
1573 2649 1780 2716 turpius
1805 2659 1982 2702 autem
2035 2650 2189 2704 nobis
2211 2657 2313 2711 est,
2373 2651 2560 2703 eodem
2627 2648 2759 2700 vitio
2829 2647 3020 2709 teneri,
3058 2648 3196 2715 quod
3249 2648 3398 2701 vobis
3445 2649 3583 2714 obji«

325 2736 519 2799 cimus,
561 2746 742 2808 atque,
793 2749 922 2794 cum
942 2749 1175 2795 vestram
1219 2741 1288 2796 de
1318 2740 1539 2795 minutis
1581 2739 1744 2794 rebus
1775 2741 2176 2796 contentionem
2227 2745 2562 2804 damnemus,
2634 2741 2838 2792 minute
2891 2739 3051 2792 etiam
3092 2742 3158 2790 de
3217 2739 3412 2791 litteris
3475 2740 3586 2794 dis-

326 2839 535 2896 putare.

512 2921 659 2983 Μιᾶς
686 2919 972 2990 Θεότητος,
1004 2911 1224 2978 ὣοῦτοι,
1257 2918 1354 2990 τὴν
1390 2919 1596 2988 Τριάδα
1636 2921 1900 2992 ὁμολογή-

331 3030 472 3075 σατε,
499 3016 547 3065 εί
578 3011 636 3064 δὲ
669 3010 943 3080 βούλεσθε,
999 3012 1129 3080 μιᾶς
1168 3008 1383 3078 φύσεως
1409 3027 1422 3041 ·
1474 3013 1565 3064 καὶ
1619 3011 1716 3082 τὴν
1759 3013 1902 3078 Θεὸς

327 3105 502 3176 φωνὴν
547 3104 692 3172 παρὰ
723 3101 814 3155 τοῦ
846 3102 1164 3173 Πνεύματος
1195 3103 1322 3173 ὑμῖν
1366 3103 1685 3173 αἰτήσομεν.
1730 3102 1902 3156 Δώσει

2233 2914 2577 2981 Trinitatem,
2601 2932 2636 2971 o
2661 2919 2780 2982 viri,
2803 2918 2961 2972 unius
2989 2919 3216 2974 Deitatis
3250 2935 3371 2975 esse
3411 2921 3583 2974 fatea-

2003 3005 2156 3067 mini,
2220 3019 2332 3070 aut,
2381 3009 2424 3063 si
2474 3011 2646 3080 magis
2693 3011 2886 3080 placet,
2923 3012 3083 3066 unius
3131 3021 3367 3078 naturae;
3421 3022 3581 3081 atque

2003 3097 2146 3154 hanc
2189 3115 2398 3166 vocem,
2447 3102 2609 3168 Deus,
2661 3120 2690 3157 a
2735 3101 2939 3173 Spiritu
2987 3106 3137 3160 vobis
3167 3105 3578 3176 postulabimus.

315 3198 452 3269 γὰρ,
493 3193 552 3250 εὗ
585 3191 722 3259 οἶδα,
749 3197 778 3249 ὁ
806 3195 866 3248 τὸ
899 3195 1115 3267 πρῶτον
1140 3195 1283 3259 δοὺς,
1317 3194 1412 3247 καὶ
1431 3195 1492 3247 τὸ
1517 3193 1787 3268 δεύτερον,
1809 3195 1904 3249 καὶ

2010 3187 2324 3246 Dahitenim
2350 3194 2594 3263 profecto
2625 3198 2943 3256 secundum.
3001 3198 3090 3266 qui
3144 3200 3375 3267 primum
3415 3198 3581 3258 dedit,

319 3291 575 3361 μάλιστα,
611 3291 660 3342 εί
686 3287 869 3342 δειλία
901 3304 983 3350 τις
1014 3287 1100 3358 εἴη
1152 3286 1518 3358 πνευματικὴ,
1552 3286 1645 3340 καὶ
1835 3283 1910 3350 μὴ

315 3378 572 3440 ἔνστασις
599 3376 898 3446 διαϐολικὴ,
929 3376 991 3428 τὸ
1024 3377 1349 3447 μαχόμενον.
1405 3377 1522 3429 Ἔτι
1557 3376 1930 3448 ’σαφέστερονι

314 3473 460 3524 εἴπω
484 3471 577 3524 καὶ
605 3468 1014 3541 συντομώτερον
1040 3487 1052 3500 ⁸
1079 3471 1233 3540 Μήτε
1257 3471 1414 3540 ὑμεῖς
1566 3471 1715 3541 ἡμᾶς
1746 3470 1905 3524 εὐθύ-

313 3579 449 3632 νητε
473 3560 572 3630 τῆς
598 3560 940 3630 ὑψηλοτέρας
964 3560 1149 3629 φωνῆς
1185 3563 1203 3627 (
1223 3561 1416 3628 φθόνος
1443 3561 1552 3632 γὰρ
1577 3561 1750 3625 οὐδεὶς
1773 3563 1905 3614 ἀνα-

315 3654 533 3717 ϐάσεως
555 3652 595 3724 ),
630 3651 754 3705 οὔτε
785 3655 947 3724 ἡμεῖς
970 3655 1066 3726 τὴν
1093 3654 1320 3724 ἐφικτὴν
1356 3653 1493 3716 τέως
1524 3655 1651 3723 ὑμῖν
1681 3655 1906 3722 ἐγκαλὲ-

318 3763 488 3815 σομεν
515 3781 535 3803 ο
691 3745 796 3809 ἕως
826 3747 891 3799 ἂν
928 3748 1023 3800 καὶ
1055 3746 1122 3798 δι’
1155 3745 1322 3815 ἄλλης
1345 3745 1470 3798 ὁδοῦ
1517 3745 1653 3815 πρὸς
1687 3748 1750 3798 τὸ
1774 3746 1906 3799 αὐτὸ

317 3835 562 3906 φέρησθε
619 3836 982 3904 καταγώγιον.
1047 3836 1122 3889 Οὐ
1186 3835 1294 3906 γὰρ
1327 3837 1558 3905 ’νικῆσαι
1612 3837 1900 3906 ζητοῦμεν,

317 3928 458 3982 ἀλλὰ
482 3927 808 3999 προσλαϐεῖν
841 3917 1123 3998 ἀδελφοὺς,
1151 3923 1226 3982 ὧν
1255 3927 1334 3998 τῷ
1362 3927 1626 3998 χωρισμῷ
1659 3946 1906 3998 σπαρασ-

322 4020 554 4090 σόμεθα.
584 4020 769 4073 Ταῦτα
810 4022 959 4091 ὑμῖν,
1008 4021 1139 4092 παρ’
1169 4015 1250 4084 οἷς
1277 4037 1330 4073 τι
1381 4021 1475 4072 καὶ
1505 4021 1734 4084 ζωτικὸν
1759 4021 1909 4091 εὑρί-

323 4129 550 4183 σκομεν,
579 4116 690 4176 τοῖς
721 4114 850 4184 περὶ
881 4113 969 4166 τὸν
996 4113 1124 4166 Υίὸν
1150 4113 1487 4181 ὑγιαίνουσιν
1513 4129 1525 4140 ·
1559 4106 1634 4165 ὧν
1662 4113 1750 4166 τὸν
1793 4112 1905 4181 βίον

320 4203 716 4276 Θαυμάζοντες,
757 4207 856 4259 οὐκ
885 4207 1212 4277 ἐπαινοῦμεν
1249 4207 1425 4277 πάντη
1587 4206 1677 4259 τὸν
1707 4206 1863 4274 λόγον
1894 4231 1899 4236 ·

317 4295 371 4347 οἱ
400 4295 469 4348 τὰ
496 4295 591 4348 τοῦ
622 4296 941 4364 Πνεύματος
970 4295 1205 4367 ἔχοντες,
1245 4298 1335 4350 καὶ
1367 4299 1428 4350 τὸ
1462 4289 1687 4367 Πνεῦμα
1740 4315 1909 4368 προσ-

319 4387 537 4452 λάϐετε,
580 4388 667 4442 ἵνα
699 4389 772 4460 μὴ
803 4390 1001 4460 ἀθλῆτε
1041 4390 1220 4459 μόνον,
1244 4390 1380 4444 ἀλλὰ
1413 4391 1508 4443 καὶ
1541 4393 1808 4462 νομίμως,
1849 4391 1908 4454 ἐξ

314 4476 380 4536 οὗ
405 4482 500 4534 καὶ
531 4483 560 4535 ὁ
584 4481 868 4549 στέφανος.
930 4477 1098 4546 Οὗτος
1126 4484 1254 4553 ὑμῖν
1290 4483 1468 4554 δοθείη
1505 4485 1602 4555 τῆς
1634 4485 1907 4548 πολιτείας

317 4573 537 4644 μισθὸς,
566 4575 899 4644 ὁμολογῆσαι
923 4575 984 4628 τὸ
1016 4576 1239 4645 Πνεῦμα
1275 4577 1516 4640 τελείως,
1549 4578 1640 4630 καὶ
1673 4577 1906 4647 κηρύξαι
1947 4583 1987 4634 li

313 4669 418 4722 σὺν
452 4670 589 4739 ἡμῖν
617 4687 675 4722 τε
707 4672 801 4722 καὶ
835 4673 941 4739 πρὸ
973 4673 1130 4743 ἡμῶν
1159 4675 1282 4726 ὅσον
1312 4674 1479 4739 ἄξιον.
1509 4671 1708 4742 Τολμῶ
1739 4691 1790 4725 τι
1813 4671 1908 4723 καὶ

309 4782 472 4844 mite,
504 4789 566 4834 ut
594 4795 700 4834 non
737 4780 907 4834 solum
939 4781 1182 4844 certetis,
1227 4779 1321 4832 sed
1361 4779 1522 4832 etiam
1552 4777 1811 4849 legitime,
1852 4792 1975 4832 cum

303 4895 539 4934 morum
575 4886 630 4931 et
665 4878 789 4931 vita:
839 4878 1118 4946 prtemium
1174 4876 1367 4936 detur,
1414 4885 1472 4929 ut
1515 4875 1776 4942 Spiritum
1815 4876 1974 4944 plene

303 4989 453 5033 ante
481 4987 620 5037 nos,
655 4981 918 5042 quantum
951 4987 1162 5041 :cquutn
1189 4981 1293 5034 est,
1317 4973 1643 5039 prmdicetis.

779 5063 881 5116 Ἐκ
906 5063 1012 5116 τοῦ
1046 5063 1234 5115 αὐτοῦ
1258 5062 1462 5125 λόγου.

382 5163 471 5215 Τὸ
500 5157 729 5226 Πνεῦμα
778 5156 839 5208 τὸ
889 5154 1041 5222 ἅγιον
1088 5150 1156 5224 ἦν
1204 5154 1303 5222 μὲν
1342 5157 1450 5212 ἀεὶ,
1485 5157 1576 5206 καὶ
1628 5155 1764 5218 ἔστι,
1813 5157 1906 5208 καὶ

293 5258 508 5312 ἔσται,
539 5249 661 5302 οὔτε
718 5233 1042 5317 ἀρξάμενον,
1080 5244 1201 5298 οὔτε
1246 5247 1610 5316 παυσόμενον,
1661 5249 1774 5300 ἀλλ’
1821 5250 1903 5300 ἀεὶ

294 5344 511 5414 natth
567 5342 661 5395 καὶ
711 5340 827 5411 Υίῷ
872 5339 1342 5407 συντεταγμένον,
1398 5341 1489 5392 καὶ
1543 5340 1908 5410 συναριθμοῦ-

296 5451 526 5513 μενονο
557 5435 674 5486 οὐδὲ
701 5434 808 5503 γὰρ
838 5433 1075 5502 ἔπρεπεν
1107 5431 1376 5484 ἐλλείπειν
1412 5431 1615 5502 ποτὲ,ἦ
1643 5432 1771 5483 Υἱὸν
1801 5429 1910 5484 Πα-

293 5532 432 5601 τρὶ,
471 5529 506 5595 ἦ
547 5526 768 5594 Πνεῦμα
804 5525 940 5594 Υίῷ.
976 5524 1068 5594 Τῷ
1103 5525 1343 5595 μεγίστῳ
1383 5528 1489 5593 γὰρ
1519 5523 1585 5577 ἂν
1613 5521 1680 5595 ἦν
1721 5522 1908 5588 ἄδοξος

297 5623 339 5690 ἡ
377 5619 614 5684 θεότης,
659 5616 846 5688 ὥσπερ
893 5619 957 5669 ἐκ
1007 5616 1369 5686 μεταμελείας
1399 5613 1630 5688 ἐλθοῦσα
1663 5615 1743 5678 εἰς
1775 5632 1911 5682 συμ-

304 5712 624 5779 πλήρωσιν
659 5709 1014 5777 τελειότητος.
1045 5707 1152 5760 Ἦν
1195 5707 1288 5759 οὖν
1320 5708 1406 5759 ἀεὶ
1444 5705 1811 5777 μεταληπτδν,
1849 5707 1908 5756 οὐ

490 5857 787 5920 1lsa.rttt,
834 5857 922 5922 l4;
960 5855 1112 5909 lieni.
1159 5873 1232 5921 nt,
1260 5856 1344 5914 55.

2007 3281 2168 3351 idque
2195 3284 2552 3352 potissimum,
2591 3291 2635 3344 sl
2671 3288 2723 3344 id
2768 3289 2833 3343 de
2878 3305 2983 3358 quo
3012 3299 3302 3357 pugnatur,
3339 3290 3588 3358 spiritua-

2009 3375 2074 3431 lis
2118 3379 2360 3445 quietiam
2411 3380 2670 3435 timiditas
2723 3380 2908 3449 fuerit,
2948 3398 3053 3435 non
3109 3389 3290 3436 autem
3321 3382 3584 3438 diabolica

2009 3469 2305 3524 contentio.
2359 3472 2555 3539 Atque,
2590 3482 2647 3526 nt
2687 3473 2927 3543 apertius
2949 3483 3003 3526 et
3035 3473 3475 3542 compendiosius
3519 3474 3590 3527 lu-

2011 3576 2166 3628 quar,
2227 3561 2307 3615 sic
2338 3561 2480 3615 inter
2499 3578 2596 3616 nos
2644 3579 2886 3633 agamus,
2910 3575 2966 3618 ut
2990 3578 3088 3619 nec
3115 3578 3232 3628 vos,
3255 3565 3589 3618 sublintioris

2011 3653 2159 3707 vocis
2185 3668 2370 3717 causa,
2393 3669 2490 3708 nos
2513 3655 2568 3708 in
2598 3656 2804 3710 crimen
2836 3657 3038 3710 vocetis
3068 3663 3192 3724 (nec
3220 3638 3362 3710 enim
3384 3655 3588 3710 invidia

2012 3757 2065 3797 et
2096 3745 2519 3812 reprehensione
2554 3747 2904 3815 premidebet
2936 3746 3242 3814 huiusmodi
3275 3747 3590 3816 ascensus):

2015 3852 2114 3890 nec
2160 3852 2260 3890 nos
2321 3838 2556 3891 vicissim
2595 3853 2714 3892 eam
2743 3853 2951 3900 vocem,
2983 3839 3138 3906 cujus
3171 3837 3329 3892 modo
3367 3853 3604 3906 capaces-

2013 3928 2166 3989 estis,
2215 3927 2368 3982 vobis
2423 3927 2780 3995 objiciemus,
2834 3931 3070 3995 quandin
3130 3930 3236 3984 alio
3289 3930 3482 3982 itinere
3527 3930 3591 3980 ad

2017 4020 2154 4071 idem
2184 4018 2470 4085 hospitium
2509 4018 2776 4073 feremini.
2820 4018 2938 4072 Non
2960 4021 3103 4073 enim
3124 4020 3406 4073 victoriam
3433 4019 3596 4070 ambi-

2017 4123 2156 4171 ntus,
2176 4111 2291 4172 sed,
2318 4121 2374 4162 ut
2395 4109 2850 4178 fratres,quorutn
2877 4110 3240 4177 disjunctione
3265 4111 3593 4172 cruciantur,

2017 4200 2082 4252 ad
2119 4216 2216 4256 nos
2260 4203 2500 4266 redeant,
2536 4202 2860 4258 laboramus.
2903 4203 3080 4271 Atque
3108 4203 3222 4256 lucc
3251 4204 3316 4258 ad
3335 4218 3429 4256 vos
3457 4203 3593 4255 dicti

2019 4293 2148 4358 sint,
2179 4296 2315 4361 apud
2367 4311 2502 4364 quos
2524 4295 2686 4349 vitale
2727 4295 3002 4364 quidpiam
3048 4295 3372 4363 reperimus,
3399 4295 3595 4363 quippe

2019 4387 2110 4453 qui
2133 4401 2262 4439 sane
2291 4396 2452 4454 atque
2486 4389 2693 4456 integre
2719 4388 2784 4440 de
2835 4385 2971 4440 Filio
3019 4385 3300 4452 sentiatis;
3345 4399 3593 4453 quorum.

2019 4494 2142 4531 cum
2181 4480 2343 4531 \‘ilum
2370 4480 2594 4533 tnirilicc
2629 4480 2937 4547 probemus,
2961 4480 3259 4532 doctrinam
3296 4488 3472 4531 tamen
3497 4495 3598 4529 non

2020 4573 2166 4623 onmi
2204 4588 2269 4626 ex
2319 4583 2471 4639 parte
2521 4572 2830 4638 laudamus;
2885 4572 3134 4640 quicum
3193 4587 3276 4632 ca,
3329 4585 3448 4639 qum
3480 4582 3603 4624 sunt

2027 4663 2280 4733 Spiritus,
2331 4665 2596 4731 habeatis,
2651 4665 2912 4734 Spiritum
2959 4678 3179 4733 quoque
3222 4662 3442 4730 insuper
3461 4677 3604 4713 assu-

2019 4778 2145 4832 ltinc
2167 4793 2383 4848 quoque
2415 4795 2628 4834 coronae
2683 4780 2849 4832 decus
2879 4785 3244 4846 comparetur.
3285 4772 3399 4828 Hoc
3440 4771 3592 4824 vobis

2014 4877 2365 4946 perfectoque
2398 4878 2763 4931 conﬁteamini
2790 4921 2803 4942 ,
2844 4892 2905 4928 ac
2939 4873 3220 4928 nobiscum
3242 4914 3257 4936 ,
3292 4874 3400 4925 imo
3431 4871 3590 4923 etiam

2517 5065 2597 5116 Ea:
2637 5063 2820 5116 eadem
2855 5063 3118 5115 oratione.

2089 5158 2323 5225 Spiritus
2373 5167 2592 5211 sanctus
2625 5171 2841 5224 semper
2886 5155 3103 5222 quidem
3146 5166 3265 5208 erat
3311 5165 3366 5209 et
3398 5165 3500 5217 est,
3546 5165 3599 5206 et

2015 5252 2136 5310 erit,
2175 5266 2276 5303 nec
2306 5250 2413 5303 ullo
2439 5258 2559 5302 ortu
2589 5259 2898 5318 generatus,
2937 5265 3037 5304 nee
3079 5249 3236 5302 linem
3291 5249 3598 5307 habiturn.

2020 5341 2111 5395 sed
2157 5356 2373 5411 semper
2401 5356 2525 5396 cum
2566 5340 2726 5396 Patre
2776 5349 2830 5396 ct
2872 5340 3010 5396 Filio
3047 5343 3397 5410 coniunctus,
3434 5348 3599 5408 atque

2016 5446 2440 5489 connumeratus
2467 5452 2479 5488 :
2515 5450 2618 5489 nec
2651 5436 2796 5490 enim
2843 5435 3201 5490 conveniebat
3233 5443 3291 5486 ut
3322 5433 3403 5486 vel
3439 5431 3600 5486 Pattr

2017 5524 2184 5591 Filio,
2227 5526 2308 5578 vel
2367 5525 2533 5579 Filius
2592 5526 2796 5596 Spiritu
2849 5535 3036 5580 sancto
3084 5511 3319 5591 unquam
3366 5536 3600 5577 careret.

2017 5616 2148 5669 Nam
2197 5617 2395 5686 alioqui
2429 5617 2725 5671 maximum
2761 5616 3030 5671 divinitati
3061 5615 3295 5670 dedecus
3333 5613 3601 5670 conﬂare-

2020 5717 2129 5771 tur,
2163 5714 2220 5759 ut
2247 5722 2366 5775 quae
2401 5705 2465 5760 ad
2508 5705 2888 5774 perfectionem
2935 5712 3191 5774 tanquam
3237 5721 3298 5759 ex
3334 5704 3603 5775 pmniten-
