4078 6292
572 359 676 426 847
1808 367 2182 427 EUTilYMll

2172 369 2190 426 ι
2231 368 2586 429 ZIGABENI
3692 385 3774 449 δίε

579 509 649 561 tia
683 504 940 560 venisset.
971 504 1099 558 Erat
1141 504 1304 574 igitur
1355 518 1569 572 semper
1609 505 1997 573 pereeptibilis,
2036 523 2138 562 non
2175 508 2189 556 ί

2175 507 2211 556 Α
2255 492 2684 563 μεταληπτικόψ
2739 496 2998 558 τελειοῦν,
3032 499 3093 551 οὐ
3124 499 3514 570 τελειούμενον·
3551 507 3766 580 πληροῦν,

578 597 875 664 particeps;
896 597 1204 667 perﬁciens,
1220 611 1325 649 non
1345 596 1412 649 ab
1439 596 1546 649 alio
1567 596 1837 665 perfectus
1860 615 1876 664 ;
1895 602 2140 669 explens,

2251 586 2312 638 οὐ
2345 583 2750 656 πληρούμενον·
2785 587 3028 654 ἁγιάζον,
3069 589 3166 658 οὐχ
3214 589 3583 661 ἁγιαζόμενον·
3625 598 3768 664 θεοῦν,

578 703 683 740 non
718 686 996 754 expletus;
1021 684 1383 748 sanetilieans,
1407 701 1512 738 non
1541 687 1941 756 sanctificatus;
1991 691 2142 744 deifi-

2251 677 2314 728 οὐ
2344 677 2634 747 θεούμενον
2656 695 2670 708 ο
2701 677 2833 730 αὐτὸ
2885 678 3063 749 ἐαυτῷ
3090 681 3281 733 ταυτὸν
3331 683 3436 748 ἀεὶ,
3468 687 3554 738 καὶ
3576 682 3647 751 οἷς
3677 708 3771 744 συν-

576 794 724 844 eans,
767 793 872 833 non
910 778 1236 832 deificatus:
1289 779 1401 846 ipse
1455 795 1691 847 semper,
1745 789 1798 833 et
1863 796 2064 846 secum,
2089 792 2144 836 et

2253 767 2509 820 τέτακται
2538 786 2548 797 ·
2574 769 2823 839 ἀόρατον,
2843 770 3087 840 ἄχρονον,
3112 770 3413 844 ἀχώρητον,
3443 775 3767 844 ἀναλλοίωτον,

569 883 694 922 eum
756 869 841 934 iis,
887 867 1084 936 quibus
1117 869 1406 936 adjunctus
1462 879 1567 936 est,
1603 871 1740 924 idem
1788 879 1842 925 et
1880 874 2140 940 aequalis;

2254 857 2466 923 ἄποιον,
2503 859 2726 922 ἀποσον,
2764 859 3023 927 ἀνείδεον,
3062 863 3288 931 ἀναφὲς,
3319 865 3668 937 αὐτοκίνητον,
3691 873 3773 926 65t-

578 960 881 1025 invisibilis,
929 961 1197 1030 temporis
1234 975 1448 1030 expers,
1520 961 1664 1016 nullo
1716 962 1834 1018 loco
1880 964 2141 1029 inclusus,

2256 949 2494 1018 κίνητον,
2528 951 2894 1016 αὐτεξούσιον,
2949 953 3317 1024 αὑτοδύναμον
3343 996 3358 1020 ,
3418 960 3773 1033 παντοδύναμον

576 1053 956 1119 immutabilis;
991 1053 1278 1122 qualitate,
1327 1054 1654 1123 quantitate,
1693 1053 1862 1107 forma
1909 1065 1964 1108 et
1998 1065 2145 1109 tactu

2256 1043 2346 1108 (εί
2377 1045 2470 1096 καὶ
2500 1044 2637 1115 πρὸς
2669 1045 2766 1116 τὴν
2796 1045 3020 1118 πρώτην
3048 1049 3247 1112 αἰτίαν,
3283 1049 3470 1121 ὥσπερ
3494 1052 3557 1106 τὰ
3582 1053 3665 1106 τοῦ
3687 1057 3774 1109 Mo-

575 1161 786 1211 carens,
826 1146 1063 1215 seipsum
1106 1161 1352 1225 movens,
1396 1162 1460 1201 ac
1495 1147 1884 1216 sempiternum
1936 1157 2140 1200 motum

2255 1133 2508 1202 νογενοῦς
2559 1135 2793 1202 ἅπαντα,
2859 1137 3000 1190 οὕτω
3037 1138 3100 1208 δὴ
3140 1139 3234 1192 καὶ
3277 1140 3346 1193 τὰ
3381 1140 3473 1194 τοῦ
3505 1143 3773 1214 Πνεύματος

581 1241 806 1302 habens,
854 1237 1064 1293 arbitrii
1113 1237 1268 1303 liber,
1305 1253 1401 1306 per
1447 1253 1506 1292 se
1557 1249 1765 1306 potens,
1801 1239 2142 1308 omnipotens

2253 1226 2668 1296 ἀναπέμπεται)
2691 1243 2706 1258 ·
2747 1226 2879 1299 ζωὴ,
2915 1231 3008 1282 καὶ
3032 1229 3320 1293 ζωοποιόνο
3357 1232 3502 1301 φῶς,
3535 1235 3620 1288 καὶ
3644 1254 3775 1307 χορη-

551 1330 805 1400 ·(ιιιηιοιεί
828 1331 892 1384 ad
915 1330 1144 1400 primam
1187 1345 1424 1398 causam,
1457 1330 1714 1384 utomnia
1755 1345 1818 1385 ea
1855 1345 1975 1398 quae
2006 1327 2143 1384 Uni-

2256 1316 2352 1384 γδν
2415 1317 2590 1386 φωτός
2611 1335 2624 1349 ο
2679 1319 3015 1388 αὐτοαγαθὸν
3036 1361 3052 1386 ,
3107 1322 3201 1374 καὶ
3249 1322 3399 1393 πηγὴ
3453 1325 3771 1395 ἀγαθότητος·

571 1422 736 1492 geniti
770 1428 914 1480 sunt.
943 1423 1012 1475 ita
1039 1423 1198 1475 etiam
1224 1437 1344 1489 quae
1385 1421 1617 1491 Spiritus
1641 1422 1813 1475 sancti
1839 1433 1982 1484 sunt,
2010 1421 2143 1475 refe-

2257 1407 2480 1479 Πνεῦμα
2503 1409 2676 1472 εύθές,
2704 1410 3047 1481 ἡγεμονικὸν,
3079 1412 3291 1482 κύριον,
3323 1415 3650 1481 ἀποστέλλον,
3691 1420 3772 1487 ἀφ-

572 1513 815 1583 rantur);
847 1513 980 1577 vita,
1020 1521 1075 1567 et
1105 1512 1420 1578 vivilicans;
1454 1512 1574 1575 lux,
1607 1521 1661 1566 et
1703 1512 1840 1567 lueis
1885 1512 2140 1580 largitor;

2255 1500 2457 1572 ορίζον,
2472 1501 2757 1556 ναοποιοῦν
2780 1502 2978 1573 ἐαυτῷ,
3001 1503 3248 1572 ὁδηγοῦν,
3279 1506 3527 1576 ἐνεργοῦν
3553 1508 3621 1571 ώς
3633 1508 3774 1578 βούλε-

583 1603 798 1658 bonitas
851 1603 990 1670 ipsa,
1022 1611 1077 1656 et
1131 1602 1248 1657 fons
1297 1601 1589 1667 bonitatis;
1655 1603 1886 1672 Spiritus
1940 1612 2140 1668 rectus,

2250 1610 2360 1657 ται,
2395 1593 2636 1665 διαιροῦν
2678 1595 3027 1666 χαρίσματω
3075 1596 3302 1667 Πνεῦμα
3341 1598 3626 1665 υἱοθεσίας,
3672 1603 3774 1670 ἀλη-

573 1694 912 1762 principalis,
951 1695 1224 1761 dominus,
1256 1695 1499 1760 mittens,
1527 1709 1839 1764 segregans.
1885 1694 2138 1763 templum

2251 1683 2419 1748 θείας,
2450 1684 2640 1753 σοφίας
2666 1723 2681 1749 ,
2717 1684 3004 1750 συνέσεως,
3038 1685 3331 1755 γνώσεως,
3373 1688 3654 1754 εὐσεϐείας,
3683 1689 3777 1758 βου-

561 1785 666 1839 silii
706 1794 1022 1850 exstruens,
1068 1786 1210 1840 viam
1255 1793 1702 1854 praemonstrans,
1729 1785 1994 1839 arbitratu
2043 1799 2140 1837 suo

2247 1772 2367 1844 λῆς,
2404 1774 2605 1844 ἰσχύος,
2641 1774 2828 1844 φόϐου,
2848 1775 2954 1830 τῶν
2979 1777 3458 1849 ἀπηριθμημένων
3502 1796 3517 1814 ο
3653 1781 3708 1833 δι’
3730 1778 3775 1836 οὗ

563 1889 815 1942 nperans,
847 1877 1164 1944 gratiasque
1220 1877 1496 1940 dividens;
1544 1876 1777 1943 Spiritus
1811 1876 2136 1944 adoptionis,

2179 1887 2217 1940 Β
2249 1865 2439 1936 Πατὴρ
2489 1866 2812 1934 γινώσκεται
2863 1905 2878 1927 ,
3055 1870 3150 1922 καὶ
3198 1869 3330 1932 Υἱὸς
3385 1870 3674 1935 δοξάζεται,
3704 1874 3776 1926 καὶ

565 1967 827 2031 veritatis,
871 1968 1169 2035 sapientiae,
1203 1969 1524 2036 intellectus,
1556 1968 1817 2030 scientiae,
1901 1967 2136 2036 pietatis.

2247 1959 2377 2027 παρ“
2405 1950 2479 2010 ὧν
2507 1957 2682 2028 μόνων
2733 1958 3080 2027 γινώσκεται,
3137 1961 3234 2030 μία
3281 1961 3544 2027 σύνταξις,
3593 1963 3775 2033 λατρεία

567 2058 798 2122 consilii,
832 2057 1158 2114 fortitudinis
1206 2065 1252 2124 ',
1297 2060 1525 2125 timoris,
1555 2058 2003 2127 quemadmodum
2035 2074 2135 2111 nu-

2251 2046 2371 2116 μία,
2407 2047 2796 2118 προσκύνησις,
2831 2049 3080 2120 δύναμις,
3117 2051 3414 2123 τελειότης,
3440 2053 3698 2122 ἁγιασμός.
3728 2054 3777 2105 Τί

570 2159 881 2215 tuerantur;
929 2165 1024 2220 per
1070 2167 1226 2219 quem
1273 2152 1434 2205 Pater
1479 2151 1840 2221 cognoscitur,
1875 2159 1930 2205 et
1969 2149 2136 2204 Filius

2254 2155 2345 2209 μοι
2383 2139 2775 2212 μακρολογεῖνς
2821 2141 3008 2195 Πάντα
3042 2143 3142 2195 ὅσα
3173 2143 3201 2194 6
3264 2145 3451 2214 Πατὴρ
3475 2183 3489 2208 ,
3535 2145 3619 2196 τοῦ
3659 2144 3777 2204 Υίοῦ,

568 2240 923 2309 gloriﬁcatur,
959 2250 1015 2295 et
1042 2258 1072 2295 a
1101 2243 1294 2310 quibus
1318 2243 1448 2297 solis
1475 2243 1587 2310 ipse
1612 2243 1974 2311 cognoscitur,
2017 2255 2122 2293 una

2250 2229 2387 2302 πλὴν
2445 2232 2544 2301 τῆς
2740 2233 3084 2304 ἀγεννησίας.
3118 2235 3309 2288 Πάντα
3341 2236 3441 2288 ὅσα
3479 2237 3506 2287 6
3552 2235 3680 2296 Υἱὸς,
3705 2234 3777 2286 τοῦ

565 2330 778 2394 classis,
830 2346 968 2385 unus
1019 2331 1217 2396 cultus,
1249 2348 1352 2386 una
1387 2332 1652 2394 adoratio,
1700 2330 1960 2398 potentia,
2009 2343 2134 2396 per-

2251 2323 2586 2394 Πνεύματος,
2609 2323 2746 2394 πλὴν
2769 2324 2870 2394 τῆς
2904 2327 3232 2396 γεννήσεως.
3284 2326 3466 2380 Ταῦτα
3499 2327 3552 2379 δέ
3592 2327 3675 2378 οὐκ
3710 2327 3778 2377 οὐ·

568 2416 750 2481 feetin,
787 2421 1070 2472 sanctitas.
1131 2418 1267 2485 Quid
1327 2420 1568 2489 pluribus
1610 2421 1785 2474 verbis
1830 2435 1964 2488 opus
2007 2417 2131 2471 est?

2250 2414 2370 2478 σίας
2402 2415 2670 2484 ἀφορίζει,
2706 2415 2849 2469 κατά
2876 2433 2941 2484 γε
2973 2417 3064 2470 τὸν
3089 2417 3224 2488 ἐμὸν
3257 2417 3415 2488 λόγον
3441 2458 3454 2484 ,
3484 2418 3604 2486 περὶ
3629 2416 3777 2468 οὐσίαν

552 2507 778 2572 Omnia,
808 2523 1145 2580 qumcunque
1167 2511 1328 2564 Pater
1360 2511 1542 2575 habet,
1574 2520 1698 2566 sunt
1733 2511 1874 2577 Filii,
1907 2504 2132 2580 praeter-

1054 2527 1145 2580 “lue
1167 2511 1328 2564 Pater
1360 2511 1542 2575 habet,
1574 2520 1698 2566 sunt
1733 2511 1874 2577 Filii,
1907 2504 2132 2580 praeter-
2245 2499 2302 2552 δὲ
2326 2501 2664 2573 ἀφορίζεται.

561 2601 721 2655 quam
768 2591 912 2656 quod
949 2591 1224 2662 ingenitus
1277 2606 1384 2644 non
1451 2599 1552 2644 est.
1590 2588 1783 2643 Omnia
1841 2603 2182 2658 qua-cunque
2216 2589 2406 2657 Filius,
2463 2593 2699 2662 Spiritus
2747 2597 2920 2651 sancti
2984 2607 3132 2663 sunt,
3182 2598 3230 2652 si
3273 2597 3661 2667 generationem
3706 2613 3781 2653 ex-

563 2684 796 2753 ceperis.
860 2686 985 2742 Haec
1047 2702 1208 2758 porrp
1247 2686 1609 2742 substantiam
1663 2701 1773 2740 non
1813 2693 2129 2752 secernunt,
2161 2694 2219 2741 ut
2249 2687 2465 2756 quidem
2508 2691 2624 2759 ipse
2661 2693 2840 2746 sentio
2867 2732 2883 2757 ,
2929 2707 3115 2762 verum
3159 2693 3306 2748 circa
3340 2693 3672 2748 substantiam
3709 2707 3777 2745 se-

563 2790 884 2836 cernuntur.

1069 2880 1151 2935 Ea:
1174 2883 1355 2934 cadent
1385 2881 1644 2936 oratione.

2692 2884 2790 2937 Ἐκ
2838 2883 2943 2938 τοῦ
2971 2883 3160 2938 αὐτοῦ
3193 2887 3406 2956 λόγου.

637 2973 876 3027 Primum
935 2974 1100 3046 igitur
1157 2974 1396 3044 Spiritus
1453 2986 1676 3031 sanctus
1722 2975 1776 3029 in
1844 2975 2139 3046 angelicis,

2322 2974 2495 3034 Τοῦτο
2539 2974 2776 3045 ἐνέργει,
2811 2977 3076 3047 πρότερον
3109 2981 3210 3047 μέν
3261 2982 3318 3032 ἐν
3365 2980 3481 3041 ταῖς
3507 2976 3786 3046 ἀγγελικαῖς

571 3076 623 3118 et
654 3066 974 3122 caelestibus
1013 3069 1326 3135 virtutibus,
1376 3069 1572 3140 iisque,
1625 3087 1750 3142 quae
1803 3083 1918 3143 post
1972 3073 2141 3129 Deum

2243 3073 2338 3125 καὶ
2361 3071 2634 3143 οὐρανίοις
2821 3074 3084 3146 δυνάμεσι
3104 3117 3118 3143 ,
3167 3077 3264 3130 καὶ
3291 3077 3413 3130 ὅσαι
3443 3076 3639 3148 πρῶται
3669 3075 3781 3144 μετᾶ

570 3157 758 3225 prima
789 3169 934 3224 sunt,
961 3174 1192 3231 eumque
1219 3162 1602 3228 circumstant,
1641 3165 1747 3218 vim
1773 3180 1926 3220 suam
1986 3181 2142 3222 exer-

2242 3162 2374 3214 Θεὸν
2397 3202 2412 3225 ,
2449 3163 2543 3216 καὶ
2585 3163 2711 3234 περὶ
2755 3163 2909 3218 Θεόν.
2959 3165 3029 3218 Οὐ
3073 3165 3181 3237 γὰρ
3212 3165 3434 3219 ἄλλοθεν
3463 3167 3638 3229 αὑταῖς
3663 3167 3691 3234 ἡ
3713 3181 3782 3215 τε-

568 3250 745 3305 cebat.
779 3249 966 3321 Neque
993 3254 1137 3307 enim
1165 3253 1386 3310 aliunde
1420 3255 1809 3323 perfectionem
1847 3267 1902 3311 et
1958 3258 2178 3333 splen-,

2171 3286 2211 3341 ρ
2243 3252 2457 3317 λείωσις
2487 3255 2580 3306 καὶ¹
2609 3257 2641 3324 ἡ
2676 3251 2962 3325 ἐλλαμψις,
3021 3257 3116 3309 καὶ
3146 3257 3207 3309 τὸ
3239 3258 3376 3329 πρὸς
3410 3257 3593 3311 κακίαν
3622 3255 3780 3309 δυσκί-

567 3348 755 3402 dorem
787 3349 1007 3414 habent,
1036 3350 1199 3419 idque
1230 3361 1522 3418 prreterea,
1557 3359 1616 3404 ut
1647 3352 1715 3406 ad
1753 3351 1951 3406 malum
1972 3368 2142 3422 aegre,

2244 3363 2424 3416 νητον,
2485 3345 2518 3416 ἦ
2572 3346 2850 3416 ἀκίνητον,
2883 3347 2916 3416 ἢ
2953 3347 3105 3418 παρά
3137 3348 3233 3400 τοῦ
3281 3349 3438 3415 ἁγίου
3487 3349 3779 3418 Πνεύματος.

569 3437 649 3490 vel
685 3437 830 3491 nullo
853 3453 1078 3505 prorsus
1113 3441 1273 3493 modo
1343 3443 1549 3496 moveri
1604 3450 1828 3508 queant,
1899 3457 2062 3511 quam
2115 3459 2144 3498 a

2250 3439 2478 3491 Ἔπειτα
2504 3439 2560 3491 ἐν
2578 3441 2692 3502 τοῖς
2722 3439 2992 3509 Πατράσι,
3025 3441 3120 3494 καὶ
3154 3441 3212 3492 ἐν
3236 3443 3351 3504 τοῖς
3378 3441 3681 3511 προφήταις,
3722 3431 3781 3491 ὧν

568 3528 770 3596 Spiritu
799 3539 1008 3582 saneto.
1050 3531 1248 3600 Deinde
1299 3531 1349 3584 in
1419 3532 1668 3586 Patribus
1733 3541 1787 3587 et
1841 3536 2142 3603 prophetis,

2247 3530 2298 3582 οί
2330 3530 2431 3600 μὲν
2457 3530 2876 3601 ἐφαντάσθησαν
2899 3531 3055 3593 Θεὸν,
3083 3533 3114 3601 ἢ
3143 3531 3410 3600 ἔγνωσαν,
3454 3534 3498 3584 οἱ
3541 3531 3594 3584 δὲ
3632 3527 3781 3582 καὶτὸ

565 3636 794 3689 quorum
820 3621 910 3674 alii
943 3621 1108 3675 Deum
1135 3638 1232 3691 per
1259 3623 1552 3692 imaginem
1585 3623 1855 3690 viderunt,
1893 3635 1986 3677 aut
2051 3640 2145 3677 co-

2253 3619 2444 3689 μέλλον
2476 3621 2826 3690 προέγνωσαν
2846 3622 3178 3692 τυπούμενοι
3207 3623 3288 3694 τῷ
3319 3621 3658 3693 Πνεύματιτὸ
3678 3623 3782 3690 ἡγε-

566 3721 890 3779 gnoverunt,
928 3712 1017 3765 alii
1049 3722 1234 3767 autem
1275 3715 1439 3767 etiam
1469 3729 1555 3768 res
1584 3713 1796 3770 futuras
1848 3717 2141 3784 prmscive-

2247 3711 2484 3779 μονικὸν,
2501 3713 2593 3764 καὶ
2617 3712 2692 3776 ὡς
2719 3713 2953 3783 παροῦσι
2977 3714 3230 3778 συνόντες
3251 3719 3362 3778 τοῖς
3389 3712 3782 3784 ἐσομένοις.Τοιο

568 3813 712 3871 runt,
763 3805 1083 3874 impressam
1125 3805 1381 3858 nimirum
1433 3820 1531 3874 per
1579 3805 1842 3875 Spiritum
1889 3817 2140 3861 sanctum

2237 3803 2376 3872 αύτη
2401 3802 2508 3872 γὰρ
2534 3804 2566 3874 ή
2599 3803 2692 3855 τοῦ
2727 3805 3044 3875 Πνεύματος
3073 3806 3323 3877 δύναμις.
3350 3809 3572 3860 Ἔπειτα
3603 3807 3654 3856 ὲν
3688 3803 3779 3862 τοῖς

565 3898 862 3966 principem
892 3899 1058 3952 animi
1085 3907 1294 3967 partem
1326 3899 1612 3964 habentes,
1651 3908 1706 3953 et
1764 3915 1887 3954 eum
1943 3901 2140 3954 futuris

2238 3894 2477 3966 Χριστοῦ
2514 3895 2900 3965 μαθηταῖς(ὲῶ
2924 3898 3033 3967 γὰρ
3057 3898 3296 3968 Χριστὸν
3317 3898 3506 3960 εἰπεῖν,
3535 3887 3577 3962 ᾧ
3611 3891 3778 3961 παρῆν.

566 3999 822 4058 tanquam
857 4005 978 4044 cum
1027 3991 1387 4059 prmsentibus
1451 4003 1758 4047 versantes.
1823 3991 2136 4058 llujusmodi

2241 3985 2425 4054 ούχώς
2455 3985 2731 4055 ἐνεργοῦν,
2764 3987 2876 4040 ἀλλ’
2899 3987 2973 4050 ὡς
3004 3987 3256 4058 ὁμοτίμῳ
3277 3979 3779 4057 συμπαρομαρτοῧν)⁶

564 4078 762 4148 quippe
785 4079 1022 4148 Spiritus
1066 4081 1148 4135 vis
1181 4097 1245 4135 ac
1278 4082 1518 4151 potentia
1552 4092 1652 4136 est.
1689 4083 1825 4137 Tum
1856 4083 1907 4136 in
1935 4083 2138 4137 Christi

2240 4077 2335 4129 καὶ
2347 4077 2553 4142 τούτοις
2567 4079 2822 4150 τρισσῶς,
2848 4079 2970 4132 καθ’
2994 4079 3116 4131 ὅσον
3137 4073 3240 4131 οἷοί
3268 4096 3329 4131 τε
3344 4075 3478 4149 ἦσαν
3501 4076 3694 4146 χωρεῖν,
3708 4069 3780 4123 καὶ

567 4170 848 4238 discipulis
875 4170 1172 4242 (Christum
1209 4171 1355 4226 enim
1392 4173 1773 4240 prmtermitto,
1804 4173 1894 4227 cui
1924 4175 2138 4239 aderat,

2241 4168 2382 4221 κατά
2401 4170 2624 4239 καιροὺς
2635 4171 2799 4240 τρεῖς
2819 4168 2948 4240 πρὶν
2970 4167 3287 4238 ὣξασθῆναι
3306 4169 3349 4221 Χ
3358 4161 3777 4239 ριστὸντῷΗάθει·

566 4274 670 4310 non
708 4269 766 4312 ut
794 4274 1048 4328 operaus,
1081 4264 1176 4315 sed
1202 4264 1541 4331 utzequalem
1567 4266 1898 4334 comitans);
1960 4264 2137 4333 iisque

2241 4261 2378 4331 μετὰ
2397 4261 2456 4314 τὺ
2471 4261 2792 4332 δοξασθῆναι
2809 4264 2874 4332 τῇ
2891 4262 3207 4317 Ἀναστάσει
3247 4279 3262 4294 ο
3379 4259 3510 4329 μετὰ
3526 4258 3616 4328 τὴν
3630 4257 3697 4317 εἰς
3711 4254 3780 4304 οὗ·

567 4349 855 4416 tr.fariam,
899 4361 1060 4418 prout
1095 4352 1338 4420 ipsorum
1363 4365 1555 4424 captus
1583 4355 1812 4420 ferebat,
1855 4356 2142 4426 tribusque

2244 4352 2437 4422 ρανοὺς
2453 4352 2755 4416 Ἀνάϐασιν,
2785 4353 2818 4419 ἢ
2839 4353 3351 4422 ἀποκατάστασιν,ἢ
3373 4353 3401 4405 ὅ
3428 4369 3478 4403 τι
3494 4350 3590 4420 χρὴ
3615 4346 3777 4412 λέγειν·

567 4439 904 4508 temporibus
935 4457 949 4492 :
983 4455 1198 4510 nempe,
1235 4454 1528 4513 antequam
1578 4444 1828 4499 Christus
1875 4459 1971 4512 per
2005 4443 2138 4499 Pas-

2242 4443 2402 4512 Δηλοῖ
2429 4443 2484 4496 δέ
2512 4444 2545 4513 ἡ
2585 4442 2775 4512 πρώτη
2799 4443 2905 4496 τῶν
2927 4444 3118 4505 νόσων,
3159 4444 3254 4496 καὶ
3281 4446 3314 4515 ὴ
3348 4443 3456 4495 τῶν
3494 4437 3777 4508 πνευμάτων

567 4531 775 4585 sionem
808 4531 1141 4602 glorificatus
1191 4542 1334 4588 esset
1366 4552 1380 4588 :
1427 4545 1712 4604 postquam
1755 4549 1850 4603 per
1883 4535 2144 4590 llesurre-

2242 4535 2540 4606 κάθαρσις,
2575 4535 2676 4587 ούκ
2729 4535 2856 4587 ἄνευ
2909 4534 3230 4603 Πνεύματος
3288 4534 3486 4604 δηλαδὴ
3516 4527 3777 4599 γενομένη·

567 4623 798 4676 «tionem
843 4621 1180 4692 glorificatus
1217 4624 1317 4678 fuit
1347 4642 1360 4677 :
1397 4639 1464 4680 ac
1490 4627 1721 4694 denique
1751 4636 1874 4695 post
1909 4626 2024 4694 ejus
2073 4629 2142 4682 ad

2177 4635 2217 4688 ί)
2243 4627 2337 4680 καὶ
2360 4625 2421 4678 τὸ
2447 4625 2586 4696 μετά
2611 4624 2710 4696 τὴν
2742 4626 3055 4696 οἰκονομίαν
3080 4625 3405 4695 ἐμφύσημα,
3430 4622 3604 4690 σαφῶς
3628 4618 3678 4669 ὃν
3702 4614 3779 4680 ἒμ-

567 4714 733 4768 ecelos
765 4713 1176 4780 Ascensionem,
1216 4716 1330 4770 sive
1384 4718 1807 4785 restitutionem,
1860 4721 1976 4774 sive
2004 4736 2143 4790 quo-

2243 4735 2469 4782 πνευσις
2496 4717 2778 4788 θειοτέρα·
2806 4717 2900 4771 καὶ
2933 4720 2961 4771 6
2982 4718 3076 4771 νῦν
3115 4717 3386 4788 μερισμὸς
3428 4716 3531 4768 τῶν
3574 4709 3777 4779 πυρίνων

569 4822 786 4877 cunque
827 4807 933 4862 alio
969 4809 1189 4886 nomine
1260 4825 1345 4864 res
1386 4826 1447 4865 ea
1507 4810 1578 4864 sit
1641 4811 1976 4880 appellanda.
2030 4812 2142 4868 Hoc

2242 4807 2526 4878 γλωσσῶν,
2573 4808 2600 4860 ὃ
2643 4809 2737 4861 καὶ
2774 4805 3247 4878 πανηγυρίξομεν.
3426 4802 3576 4857 Ἀλλά
3614 4800 3667 4851 τὸ
3701 4794 3777 4886 μὲν

569 4907 746 4951 autem
777 4883 1350 4967 perspicue'ostendit,
1383 4912 1494 4955 tttm
1543 4902 1716 4972 prima
1764 4903 1851 4956 illa
1918 4904 2134 4958 morbo-

2245 4899 2481 4971 πρῶτον,
2511 4898 2769 4970 ἀμυδρῶς
2787 4915 2801 4930 ⁸
2832 4899 2892 4952 τὺ
2915 4899 2972 4952 δὲ
3005 4898 3280 4970 δεύτερον,
3319 4893 3674 4962 ἐκτυπώτερον
3695 4903 3706 4915 ·
3731 4883 3777 4936 τὸ

568 5003 685 5041 rum
715 4989 1114 5057 spirituumqne
1153 4992 1418 5061 depulsio,
1453 5008 1571 5062 qum
1599 4993 1921 5048 seilicetnon
1942 4993 2143 5062 absque

2246 4990 2301 5044 δέ
2333 4991 2447 5054 νῦν,
2487 4991 2831 5062 τελεώτερον,
2863 4991 2964 5044 οὐκ
2995 4990 3075 5043 ἔτι
3104 4989 3354 5060 ἐνεργείᾳ
3379 4987 3574 5058 παρὸν,
3721 4972 3779 5030 ὡς

568 5079 808 5148 Spiritus
837 5083 1058 5135 numine
1082 5082 1247 5136 fiebat
1277 5100 1293 5147 ;
1321 5093 1431 5136 tum
1463 5084 1548 5138 illa
1577 5093 1698 5154 post
1725 5085 2026 5139 confectum
2061 5097 2148 5136 sa-

2243 5081 2531 5155 πρότερον,
2562 5082 2838 5145 οὐσιωδῶς
2865 5082 2942 5146 δὲ,
2973 5082 3048 5145 ὡς
3083 5082 3148 5135 ἂν
3177 5081 3322 5134 εἴποι
3369 5097 3471 5145 τις,
3505 5070 3777 5160 συγγινὸξξες

567 5172 902 5226 lutisnostrze
1090 5176 1360 5244 negotium
1389 5174 1693 5241 insniiiatio,
1726 5174 2137 5244 quredivinioris

2243 5172 2332 5225 νόν
2366 5189 2425 5224 τε
2458 5173 2550 5224 καὶ
2601 5171 3151 5242 συμπολιτευόμενον.
3217 5170 3460 5238 Ἐπρεπε
3507 5163 3622 5232 γὰρ.
3670 5155 3774 5208 Υίου

570 5263 922 5338 proculdubio
952 5266 1328 5334 inspirationis
1359 5269 1634 5338 specimen
1699 5267 1968 5330 habebat;
2035 5275 2145 5319 tum

2245 5262 2570 5332 σωματικῶς
2603 5264 2734 5333 ἡμῖν
2772 5263 3157 5332 ὁμιλήσαντος,
3191 5263 3282 5314 καὶ
3308 5259 3437 5312 αὐτὸ
3459 5252 3670 5323 φανῆναι
3697 5261 3774 5295 σω·

567 5360 842 5420 postremo
875 5333 1116 5423 przesens
1149 5354 1263 5409 hate
1323 5355 1603 5424 ignearum
1655 5356 1955 5427 linguarum
2009 5355 2148 5408 divi-

2247 5353 2524 5423 ματικῶςο
2565 5355 2656 5408 καὶ
2698 5353 2933 5426 Χριστοῦ
2983 5353 3118 5424 πρὸς
3165 5351 3356 5406 ἑαυτὸν
3408 5340 3769 5436 ἐπανελθόνῖξλξς

567 5445 671 5509 sio,
704 5460 868 5516 quam
893 5446 1058 5500 etiam
1086 5445 1317 5501 solemni
1357 5447 1493 5501 festo
1518 5447 1884 5502 celebramus.
1943 5444 2147 5499 Verum

2248 5443 2424 5495 ἐκεῖνο
2453 5442 2590 5514 πρὸς
2617 5443 2765 5514 ἡμᾶς
2795 5441 3077 5496 κατελθεῖν
3097 5460 3111 5475 ο
3138 5440 3429 5512 ἐρχόμενον
3471 5435 3560 5504 μὲν
3593 5429 3658 5488 ὡς
3681 5426 3770 5522 K’f‘

567 5538 742 5602 primo
770 5539 1013 5608 quidem,
1049 5539 1314 5615 obscure;
1350 5539 1563 5601 deinde,
1593 5539 1942 5609 expressius;
1999 5552 2148 5592 nunc

2249 5552 2385 5605 ριον,
2416 5535 2772 5605 πεμπόμενον
2797 5536 2853 5588 δέ
2888 5536 2963 5598 ὡς
2997 5535 3097 5588 οὐκ
3135 5532 3396 5587 ἀντίθεον.
3419 5529 3480 5581 Ai
3504 5525 3600 5593 γὰρ
3625 5531 3771 5615 τοισιν-

571 5641 721 5692 vero,
773 5606 1093 5699 perfectius,
1129 5606 1314 5700 utpote
1361 5631 1456 5701 qui
1522 5647 1627 5684 non
1677 5629 1788 5699 jam
1829 5630 2146 5698 operatione

2245 5642 2333 5677 ται
2380 5625 2555 5694 φωναὶ
2612 5626 2710 5696 οὐχ
2741 5622 2902 5697 ἧττον
2940 5626 3038 5698 τὴν
3066 5624 3314 5696 ὁμόνοιαν
3339 5617 3599 5691 δηλοῦσιν,
3628 5609 3656 5678 ἦ
3684 5621 3766 5674 (ἶν’

568 5715 680 5771 sola
707 5732 945 5785 praesens
987 5721 1078 5785 sit,
1109 5732 1164 5776 ut
1192 5722 1362 5790 prius,
1393 5721 1485 5776 sed
1525 5721 1828 5785 essentiali,
1862 5729 1919 5773 ut
1959 5719 2039 5774 sic
2063 5718 2142 5772 lo-

1264 5722 1362 5787 ius,
1393 5721 1485 5776 sed
1525 5721 1828 5785 essentiali,
1862 5729 1919 5773 ut
1959 5719 2039 5774 sic
2063 5718 2142 5772 lo-
2247 5734 2360 5781 σεις
2533 5718 2874 5789 χωρίζουσιν.

731 5865 746 5892 ⁸
788 5864 884 5917 lsa.
922 5865 1103 5925 11,12.
