4070 6290
255 436 376 502 819
1217 440 1600 510 PANOPLIA.
1641 441 2104 504 DOGMATICA.
2129 460 2199 479 θ’
2222 442 2368 502 TlT.
2412 439 2547 499 Xll'.
3414 435 3520 499 850

251 567 413 617 quur,
476 551 635 606 modo
700 553 860 620 adsit,
905 553 1174 624 simulque
1222 567 1491 611 versetur.
1537 556 1674 611 Nam
1731 571 1858 611 cum
1895 555 2062 611 Filius
2111 569 2426 624 corpoream
2469 550 2749 606 nobiscum
2804 547 3253 604 consuetudinem
3297 547 3524 604 habuis-

251 653 362 709 set,
401 641 660 713 Spiritum
699 661 913 717 quoque
964 663 1230 718 corporeo
1282 652 1446 706 modo
1499 653 1651 708 cerni
1681 651 2080 714 conveniebat;
2131 661 2188 705 et
2237 667 2368 705 cunt-
2420 649 2697 704 Christum
2759 645 2823 700 ad
2879 660 2998 707 sese
3049 659 3303 700 reversus
3353 653 3525 710 esset,

253 753 382 792 eum
443 739 510 792 ad
566 754 666 794 nos
702 740 1036 797 descendere
1088 752 1144 798 et
1187 745 1406 813 quidem
1444 746 1539 810 ita,
1565 757 1725 813 utet,
1756 757 2010 817 tanquam
2045 733 2327 809 Dominus,
2357 745 2588 805 veniret,
2620 752 2695 807 et,
2731 752 2989 812 tanquam
3037 740 3146 794 Deo
3177 753 3522 807 nequaquam

251 832 576 896 oppositus,
659 834 987 895 mitteretur.
1043 839 1260 894 Etenim
1324 839 1640 910 bujusmodi
1695 859 1860 900 voces
1898 834 2008 897 no'n
2057 841 2239 894 minus
2286 838 2637 893 concordiam
2697 837 3014 900 declarant,
3047 849 3218 904 quam.
3275 841 3546 888 naturam-

251 921 579 979 distrabunt.
827 960 844 968 -

329 1019 427 1072 Διά
488 1020 676 1086 τοῦτο,
715 1021 854 1091 μετὰ
917 1023 1150 1094 Χριστὸν
1213 1027 1331 1097 μὲν,
1393 1028 1485 1083 ἵνα
1543 1031 1835 1102 Παράκλη-

249 1129 350 1174 τος
391 1113 530 1182 ἡμῖν·
558 1113 632 1182 μὴ
666 1113 829 1186 λείπῃ
850 1132 870 1148 ο
901 1117 1117 1183 Ἄλλος
1161 1118 1240 1185 δὲ,
1279 1121 1367 1174 ἵνα
1397 1123 1462 1176 σὺ
1508 1121 1608 1193 τὴν
1653 1126 1833 1192 ὁμοτι-

252 1204 391 1272 μίαν
436 1203 774 1275 ἐνθυμηθῇς.
815 1207 888 1259 Τὸ
937 1209 1066 1277 γὰρ,
1100 1209 1312 1276 ἄλλος,
1357 1211 1518 1275 ἄλλος
1560 1209 1672 1276 οἷος
1702 1215 1835 1282 ἐγὼ,

248 1294 603 1349 καθίσταται.
637 1297 681 1348 Τ
684 1296 811 1350 οῦτο
859 1298 916 1350 δὲ
950 1299 1397 1367 συνδεσποτείας,
1423 1303 1543 1355 ἀλλ’
1589 1306 1691 1357 ούκ
1717 1308 1838 1359 ἀτι-

253 1387 391 1453 μίας
415 1387 606 1456 ὅνομα.
629 1390 703 1442 Τὸ
726 1391 858 1459 γὰρ,
888 1391 1102 1456 ἄλλος,
1119 1395 1220 1447 οὐκ
1247 1394 1342 1447 ἐπὶ
1373 1396 1484 1449 τῶν
1515 1397 1836 1468 ἀλλοτρίων,

245 1478 377 1530 ἀλλ’
406 1481 500 1536 ἐπὶ
521 1482 630 1534 τῶν
663 1483 968 1551 ὁμοουσίων
997 1482 1114 1539 οῐὸα
1143 1487 1456 1556 λεγόμενον.

288 1677 401 1731 Τοῦ
429 1677 618 1731 αὐτοῦ
652 1679 721 1732 ἐκ
755 1677 1050 1754 τῆςμπρὸς
1091 1682 1436 1754 Κληδόνων
1464 1685 1820 1754 λογοειδοῦς

821 1750 883 1814 β’
913 1751 1269 1819 ἐπιστολῆς.

343 1836 538 1905 Ἡμεῖς
599 1838 698 1907 τῆς
757 1839 900 1902 κατᾲ
947 1839 1184 1894 Νίκαιαν
1232 1843 1473 1906 πίστεως
1513 1843 1625 1896 τῶν
1673 1844 1844 1911 ἁγίων

251 1931 560 1998 Πατέρων,
614 1931 725 1984 τῶν
769 1933 948 1985 ἐκεῖσε
1007 1933 1344 1988 συνελοότων
1395 1936 1490 1988 ἐπὶ
1524 1936 1842 2005 καθαιρέσει

245 2021 357 2090 τῆς
407 2021 697 2092 Ἀρειανῆς
723 2024 989 2094 αἱρέσεως
1032 2026 1187 2079 οὐδὲν
1236 2025 1362 2082 οὔτε
1393 2030 1846 2100 προετιμήσαμεν

249 2113 524 2177 πώποτε,
577 2115 701 2168 οὔτε
751 2119 1024 2187 προτιμᾷν
1081 2118 1397 2188 δυνάμεθα,
1457 2119 1573 2173 ἀλλ’
1629 2122 1847 2191 ἐκείνης

248 2207 426 2274 ἐσμὲν
464 2207 562 2276 τῆς
620 2207 856 2270 πίστεως
879 2246 897 2273 ,
933 2210 1023 2261 καί⁵
1071 2209 1336 2280 ἐσόμεθα,
1369 2214 1464 2264 σὺν
1493 2211 1649 2282 Θεῷ,
1681 2231 1850 2284 προσ-

245 2297 648 2366 διαρθροῦντες
707 2299 770 2350 τὸ
817 2299 1082 2364 ἐλλειπῶς
1115 2302 1410 2373 εἰρημένον
1444 2305 1672 2368 ἐκείνοις
1715 2308 1848 2375 περὶ

246 2389 352 2443 τοῦ
383 2391 542 2458 ἁγίου
577 2391 918 2460 Πνεύματος,
949 2392 1038 2447 διὰ
1072 2393 1133 2446 τὸ
1159 2395 1232 2463 μὴ
1257 2396 1579 2465 κεκινῆσθαι
1613 2397 1674 2450 τὸ
1695 2415 1846 2468 τηνι-

248 2483 438 2536 καῦτα
475 2484 631 2536 τουτὶ
662 2482 726 2536 τὸ
765 2483 988 2554 ζήτημα
1011 2526 1026 2551 ,
1066 2485 1149 2538 ὅτι
1183 2487 1315 2555 μιᾶς
1344 2486 1612 2556 Θεότητος
1648 2489 1847 2544 ειδέναι

249 2573 366 2644 χρὴ
391 2575 484 2628 τὸν
515 2577 741 2646 Πατέρα
761 2616 778 2641 ,
823 2576 919 2629 καὶ
950 2577 1044 2629 τὸν
1077 2578 1203 2630 Υίὸν
1227 2617 1242 2640 ,
1291 2580 1386 2632 καὶ
1415 2579 1480 2631 τὸ
1524 2578 1750 2652 Πνεῦμα
1787 2581 1848 2634 τὸ

252 2666 443 2734 ἅγιον,
474 2665 610 2721 Θεὸν
644 2667 742 2723 καὶ
771 2667 833 2722 τὸ
871 2667 1100 2739 Πνεῦμα
1137 2668 1528 2738 γινώσκοντας.

255 2875 388 2926 Ἔτι
433 2875 584 2929 κατὰ
630 2875 750 2928 τῶν
782 2875 1304 2943 Πνευματομάχων
1332 2877 1440 2930 τοῦ
1482 2878 1736 2945 Νύσσης
1780 2878 1848 2932 ἐκ

524 2945 633 2999 τοῦ
665 2946 852 3015 λόγου
880 2946 986 2999 τοῦ
1017 2947 1174 3012 πρὸς
1204 2947 1581 3014 Σιμπλίκιον.

339 3034 472 3106 Περὶ
501 3034 558 3088 δὲ
577 3035 675 3088 τοῦ
706 3035 1024 3105 Πνεύματος
1059 3036 1157 3088 τοῦ
1196 3036 1355 3103 ἁγίου
1389 3037 1440 3089 oi
1467 3037 1850 3110 βλασφημοῦν-

257 3143 356 3189 τες
413 3127 476 3180 τὸ
527 3127 662 3180 αὐτὸ
688 3126 962 3194 λέγουσιν,
1011 3127 1040 3180 ὃ
1065 3129 1161 3180 καὶ
1187 3128 1319 3197 περὶ
1357 3127 1452 3181 τοῦ
1496 3130 1704 3199 Κυρίου
1724 3171 1739 3195 ,
1766 3132 1849 3184 ὅτι

2014 1029 2243 1094 Idcirco,
2271 1038 2395 1098 post
2433 1027 2710 1083 Christum
2759 1025 2974 1094 quidem
3031 1024 3272 1091 accedit,
3322 1040 3391 1080 ne
3423 1025 3527 1084 Pa-

1941 1119 2174 1173 raeletus
2229 1116 2386 1172 nobis
2455 1117 2596 1172 desit
2633 1134 2647 1172 :
2687 1115 2840 1170 Alius
2893 1126 3096 1177 autem,
3129 1124 3190 1169 ut
3220 1124 3274 1169 tu
3300 1115 3524 1176 honoris

1943 1207 2305 1275 aequalitatem
2338 1206 2560 1276 cogites.
2601 1205 2756 1270 Quod
2794 1204 2938 1258 enim
2986 1207 3095 1270 ait,
3138 1205 3298 1271 alius,
3336 1207 3524 1270 alium,

1943 1300 2118 1369 qualis
2164 1313 2262 1369 ego
2299 1313 2440 1365 sum,
2489 1297 2793 1351 constituit.
2832 1295 2946 1350 Hoc
2988 1311 3152 1364 porro
3193 1312 3390 1351 nomen
3429 1313 3528 1364 pa-

1945 1409 2058 1446 rem
2099 1393 2313 1460 imperii
2340 1389 2564 1461 gradum
2602 1389 2827 1451 indicat,
2864 1403 2973 1442 non
3006 1389 3375 1457 ignominiam,
3412 1390 3543 1443 Vox.

1944 1485 2112 1548 enim,
2170 1481 2332 1546 alius,
2379 1497 2489 1535 non
2519 1480 2588 1535 de
2637 1481 2853 1545 alienis,
2900 1481 2997 1536 sed
3044 1480 3112 1536 de
3159 1482 3260 1547 iis,
3293 1498 3525 1550 quorum

1945 1575 2131 1630 eadem
2163 1575 2469 1629 substantia
2492 1583 2596 1638 est,
2636 1581 2954 1643 usurpatur.

1944 1685 2193 1756 Ejusdem
2235 1703 2300 1739 ea:
2345 1688 2510 1740 altera
2539 1687 2606 1738 ad
2635 1687 3214 1749 (Iledoniumepistola,
3265 1702 3380 1754 qua:
3419 1705 3526 1753 prce

2334 1758 2658 1826 longitudine
2685 1759 2857 1808 instar
2889 1767 2964 1808 est
2995 1757 3138 1810 libri.

2016 1842 2124 1897 Nos
2176 1844 2322 1904 ﬁdei,
2348 1857 2467 1911 quae
2499 1843 2550 1894 in
2582 1842 2814 1895 concilio
2872 1841 3091 1896 Nicmno
3126 1858 3152 1895 a
3187 1846 3392 1898 sanctis
3429 1843 3527 1898 Pa-

1949 1937 2143 1999 tribus,
2206 1934 2316 1988 illic
2381 1933 2446 1986 ad
2511 1935 2864 1988 evertendam
2945 1936 3192 1990 haeresim
3263 1937 3524 1990 Ariauam

1948 2028 2318 2097 congregatis,
2342 2026 2615 2080 declarata
2639 2037 2740 2090 est,
2766 2026 2900 2080 nihil
2933 2042 3169 2096 unquam
3204 2031 3521 2097 anteposui-

1949 2138 2091 2186 mns,
2124 2137 2220 2177 nec
2241 2132 2572 2192 anteponere
2603 2136 2944 2192 possumus:
2981 2125 3074 2177 sed
3105 2139 3171 2177 ex
3206 2124 3288 2177 illa
3344 2141 3532 2179 smnus

1951 2215 2074 2278 lide,
2145 2225 2310 2283 atque
2368 2215 2599 2278 erimus,
2651 2215 2867 2281 Deoquc
2917 2216 3212 2271 auxiliante
3244 2219 3386 2284 quod
3463 2217 3532 2271 ab

1951 2303 2060 2355 illis
2083 2303 2265 2356 audita
2298 2303 2548 2358 absolute
2572 2303 2646 2357 de
2715 2303 2920 2370 Spiritu
2979 2316 3187 2366 sancto,
3247 2314 3530 2374 propterea

1948 2395 2092 2462 quod
2148 2394 2513 2463 haecquaestio
2576 2403 2702 2447 tunc
2728 2409 2833 2447 non
2907 2396 3262 2460 tractabatur,
3327 2396 3537 2450 dictum

1946 2495 2051 2550 est,
2076 2486 2484 2556 explicabimus.
2519 2486 2653 2540 Cum
2712 2486 2855 2538 enim
2887 2485 3284 2547 decrevissent,
3313 2499 3530 2556 oporte-

1948 2594 2006 2632 re
2028 2580 2250 2634 credere
2271 2579 2429 2632 unius
2454 2592 2575 2632 csse
2601 2577 2898 2632 divinitatis
2917 2576 3152 2638 Patrem,
3187 2591 3242 2631 et
3307 2579 3527 2638 Filium.

1948 2669 2209 2738 Spiritum
2236 2679 2482 2725 sanctum
2511 2667 2882 2735 Deumutique
2927 2675 2984 2722 rt
3053 2669 3314 2738 Spiritum
3372 2686 3532 2725 sanc-

1951 2768 2066 2812 tqu
2103 2760 2498 2822 agnoscebant.

1950 2872 2086 2927 Item
2108 2871 2623 2946 adversumSpiritus
2650 2884 3053 2946 Oppugnatores,
3079 2875 3318 2944 Gregorii
3344 2876 3537 2946 Nyssa:

2161 2943 2422 3012 pontiﬁcis
2461 2959 2524 2996 ex
2562 2945 2799 2997 oratione
2839 2945 2908 2996 ad
2964 2943 3314 3009 Simplicium.

2027 3034 2180 3100 Quod
2211 3045 2389 3087 autem
2419 3035 2486 3088 de
2521 3034 2768 3098 Domino,
2823 3035 2959 3087 idem
2987 3035 3053 3088 de
3082 3036 3286 3103 Spiritu
3347 3047 3535 3090 sam-to

1954 3126 2334 3182 contumeliosi
2375 3127 2625 3180 homines
2650 3127 2858 3190 dicunt,
2891 3144 3081 3196 nempe
3116 3129 3289 3195 ipsum
3315 3146 3532 3200 quoque

254 3221 381 3272 ἐστὶ
411 3221 506 3274 καὶ
540 3219 713 3288 τοῦτοί
726 3220 966 3275 κτιστύν.
1005 3221 1068 3272 Ἦ
1092 3220 1149 3273 δὲ
1206 3220 1504 3292 Ἐκκλησία
1530 3222 1746 3294 ἐπίσης,
1777 3225 1846 3288 ὡς

1957 3229 2198 3278 creatum
2235 3235 2378 3275 esse.
2411 3219 2654 3274 Ecclesia
2715 3234 2844 3274 vero
2867 3229 2924 3272 ιιι
2955 3220 3021 3273 de
3053 3219 3214 3284 Filio,
3253 3223 3333 3275 sic
3360 3223 3526 3276 etiam

255 3315 396 3382 περὶ
423 3313 517 3366 τοῦ
548 3312 680 3366 Υίοῦ
703 3353 718 3378 ,
755 3312 901 3366 οὕτω
931 3314 1026 3367 καὶ
1057 3313 1188 3384 περὶ
1209 3331 1307 3367 του
1335 3315 1492 3383 ἁγίου
1529 3317 1668 3369 Πνεύ
1679 3335 1846 3386 ματος

257 3405 540 3467 πιστεύει,
567 3406 648 3459 ὅτι
679 3404 828 3457 ἐστὶν
860 3404 1140 3469 ἄκτιστον,
1184 3407 1277 3458 καὶ
1307 3406 1391 3459 ὅτι
1421 3409 1572 3460 πᾶσα
1608 3410 1640 3476 ή
1671 3409 1848 3472 κτίσις

259 3500 328 3551 ἐκ
355 3497 456 3564 τῆς
485 3497 579 3550 τοῦ
617 3497 1024 3567 ὑπερκειμένου
1066 3497 1274 3566 ἀγαθοῦ
1313 3500 1608 3568 μετουσίας
1635 3502 1849 3567 γίνεται

257 3590 467 3658 ἀγαθή.
500 3591 574 3641 Τὸ
616 3589 673 3642 δὲ
705 3589 932 3657 Πνεῦμα
970 3589 1032 3641 τὸ
1065 3589 1222 3657 ἅγιον
1273 3591 1572 3660 ἀπροσδεές
1603 3592 1720 3644 ἐστι
1752 3592 1847 3644 τοῦ

259 3681 650 3750 ἁγαθύνοντος.
695 3681 927 3748 Ἀγαθὸν
992 3679 1102 3753 γὰρ
1127 3681 1285 3750 φύσει
1347 3682 1502 3746 ἐστὶ,
1581 3681 1762 3745 καθὼς
1815 3685 1849 3753 ὴ

260 3776 467 3844 Γραφὴ
510 3775 802 3846 μαρτυρεῖ.
842 3773 954 3826 Καὶ
989 3774 1070 3826 ὅτι
1118 3775 1152 3844 ἡ
1177 3775 1355 3837 κτίσις
1385 3773 1665 3843 ὁδηγεῖται
1698 3775 1850 3845 παρὰ

259 3862 360 3916 τοῦ
385 3862 721 3932 Πνεύματος,
752 3862 811 3914 rb
832 3861 889 3914 δὲ
915 3862 1138 3932 Πνεῦμα
1162 3863 1262 3934 τὴν
1282 3864 1310 3914 ὀ
1328 3862 1522 3932 δηγίαν
1543 3864 1847 3933 χαρίζεται.

275 3955 350 4006 Ἠ
382 3953 561 4015 κτίσις
597 3952 1020 4022 ήγεμονεύεται,
1057 3953 1117 4006 τὸ
1152 3954 1208 4006 δὲ
1243 3953 1468 4023 Πνεῦμα
1499 3955 1848 4024 ἡγεμονεύει.

271 4046 346 4099 Ἥ
387 4046 566 4107 κτίσις
596 4046 1019 4115 παρακαλεῖται,
1070 4045 1130 4098 τὸ
1161 4045 1220 4098 δὲ
1258 4045 1482 4114 Πνεῦμα
1516 4046 1846 4115 παρακαλεῖ.

273 4139 346 4193 'll
369 4139 548 4201 κτίσις
569 4139 836 4202 δουλεύει,
853 4139 913 4190 τὸ
943 4138 996 4190 δὲ
1018 4139 1241 4207 Πνεῦμα
1270 4138 1567 4209 ἐλευθεροῖ.
1585 4139 1652 4191 'H
1674 4141 1852 4202 κτίσις

264 4230 592 4299 σοφίζεται,
648 4230 710 4283 τὸ
759 4231 815 4283 δὲ
852 4230 1077 4298 Πνεῦμα
1124 4230 1226 4300 τὴν
1273 4231 1376 4300 τῆς
1431 4231 1628 4298 σοφίας
1665 4231 1850 4285 δίδωσι

261 4323 451 4393 χάριν.
497 4320 563 4375 Ἦ
591 4322 770 4384 κτίσις
804 4322 1223 4392 μεταλαμϐάνει
1255 4321 1364 4375 τῶν
1396 4323 1771 4393 χαρισμάτων,
1790 4323 1851 4375 τὸ

260 4416 324 4468 δὲ
384 4414 613 4484 Πνεῦμα
668 4416 790 4466 κατ’
841 4415 1094 4480 ἐξουσίαν
1148 4414 1456 4483 χαρίζεται.
1513 4415 1697 4468 Πάντα
1743 4415 1851 4483 γὰρ

264 4507 484 4575 ἐνεργεῖ
518 4504 694 4558 ταῦτα
733 4505 793 4558 τὸ
826 4505 885 4558 ἓν
930 4505 1026 4558 καὶ
1055 4505 1116 4557 τὸ
1147 4506 1279 4558 αὐτὸ
1315 4505 1570 4574 Πνεῦμα,
1603 4505 1852 4572 διαιροῦν

1951 3314 2017 3368 de
2052 3312 2254 3383 Spiritu
2279 3319 2470 3366 sancto
2511 3313 2716 3379 pariter
2738 3311 2932 3375 credit,
2971 3320 3218 3364 creatum
3243 3329 3350 3365 non
3391 3329 3534 3370 esse:

1950 3414 2004 3458 et
2043 3419 2129 3459 res
2192 3418 2380 3457 omnes
2436 3412 2650 3457 creatas
2716 3418 2784 3457 ex
2836 3404 3072 3471 supremi
3121 3404 3244 3458 boui
3288 3420 3532 3458 commu-

1953 3497 2112 3549 nione
2138 3495 2250 3549 ﬁeri
2279 3498 2465 3562 bonas,
2495 3494 2760 3564 Spiritum
2785 3505 3030 3550 sanctum
3055 3506 3232 3550 autem
3251 3497 3484 3563 nemine,
3500 3516 3536 3551 .a

1953 3602 2062 3656 quo
2113 3589 2288 3642 bonus
2341 3586 2453 3652 liat,
2486 3586 2728 3657 indigere
2764 3603 2780 3641 :
2816 3597 3012 3642 natura
3073 3589 3217 3643 enim
3267 3605 3386 3643 ρει-ο
3439 3590 3533 3644 bo-

1957 3693 2112 3744 num,
2149 3689 2204 3733 ut
2233 3679 2517 3748 Scriptura
2559 3688 2812 3733 testatur.
2849 3679 2955 3734 lies
3000 3691 3214 3734 creatas
3267 3697 3294 3732 a
3332 3681 3532 3748 Spiritu

1954 3779 2144 3824 sancto
2182 3770 2368 3840 dirigi,
2421 3772 2595 3841 ipsum
2623 3772 2702 3825 eis
2727 3773 3086 3826 directionem
3152 3773 3379 3838 largiri;
3444 3790 3530 3827 res

1953 3872 2265 3931 procreatas
2297 3862 2445 3927 duci,
2480 3862 2744 3929 Spiritum
2763 3877 2883 3917 esse
2907 3865 3190 3917 duetorem
3217 3881 3230 3927 ;
3261 3878 3347 3916 res
3372 3879 3530 3916 erea-

1957 3965 2038 4008 tas
2064 3953 2494 4008 consolationem
2527 3954 2793 4022 accipere,
2822 3953 3084 4022 Spiritum
3135 3970 3254 4008 esse
3279 3957 3528 4012 consola-

1958 4055 2167 4112 torem;
2206 4058 2290 4098 res
2319 4054 2675 4098 creatasesse
2735 4059 2941 4109 servas,
2999 4044 3264 4114 Spiritum
3319 4060 3414 4100 eas
3475 4047 3527 4100 in

1956 4136 2266 4190 libertatem
2307 4135 2627 4202 vindicare;
2686 4151 2774 4190 res
2820 4145 3034 4190 creatas
3090 4137 3364 4204 sapientes
3391 4138 3531 4201 lieri,

1955 4227 2215 4296 Spiritum
2261 4225 2542 4295 sapientitn
2572 4230 2798 4296 gratiam
2849 4227 3066 4296 elargiri
3118 4243 3134 4291 ;
3174 4242 3262 4281 res
3312 4235 3530 4282 creatas

1955 4334 2240 4375 munerum
2267 4319 2558 4388 participes
2577 4318 2736 4381 elliei,
2770 4318 3034 4388 Spirittun
3067 4333 3288 4372 munera
3320 4319 3529 4374 tribue-
3587 4391 3589 4394 γ

1955 4428 2048 4479 re;
2089 4414 2202 4466 hac
2233 4412 2378 4464 enim
2417 4413 2601 4464 omnia
2641 4412 2752 4477 agit
2787 4395 3020 4468 unusict,
3058 4410 3200 4462 idem
3255 4410 3520 4478 Spiritus,

1954 4501 2202 4555 dividens
2237 4501 2517 4570 sigillatitn
2573 4501 2892 4568 unicuique,
2933 4501 3010 4554 uti
3052 4501 3180 4552 vult.
3221 4501 3536 4554 Innumera-

268 4599 380 4668 ibiqt
416 4597 634 4668 ἑκάστῳ
661 4637 676 4661 ,
721 4597 910 4661 καθὼς
956 4598 1230 4668 βούλεται.
1278 4600 1389 4652 Καὶ
1437 4598 1634 4668 μυρίας
1682 4599 1846 4662 ἄλλας

1956 4592 2081 4646 bilia
2117 4602 2344 4660 possunt
2373 4591 2476 4644 alia
2504 4607 2568 4646 ex
2598 4591 3224 4662 Scriptnristestimonia
3261 4592 3530 4659 depromi,

262 4693 335 4743 ἐκ
380 4690 488 4743 τῶν
525 4691 766 4761 Γραφῶν
804 4692 954 4744 ἔστιν
987 4691 1292 4755 ἀποδείξεις
1327 4692 1530 4761 εὑρεῖν,
1558 4693 1637 4744 ὅτι
1671 4693 1850 4747 πάντα

262 4783 335 4834 τὰ
388 4782 572 4852 ὑψηλὰ
613 4782 707 4836 καὶ
754 4783 1039 4851 Θεοπρεπῆ
1087 4783 1337 4852 νοήματα
1363 4819 1379 4842 ,
1428 4782 1529 4835 ὅσα
1563 4781 1715 4850 παρὰ
1751 4782 1849 4851 τῆς

262 4875 492 4943 Γραφῆς
519 4874 599 4944 τῷ
627 4875 810 4942 Πατρὶ
861 4875 959 4927 καὶ
989 4873 1099 4942 Υίῷ
1128 4874 1524 4944 ἐφαρμόζεται,
1551 4873 1725 4927 ταῦτα
1755 4873 1850 4926 καὶ

265 4967 402 5034 ’περὶ⁸
437 4967 498 5018 τὸ
529 4966 686 5034 ἅγιον
743 4965 1030 5034 θεωρεῖται
1078 4965 1336 5035 Πνεῦμα,
1403 4967 1438 5036 ἡ
1495 4965 1755 5036 ἁφθορία,
1813 4967 1846 5034 ή

267 5058 617 5128 μακαριότης
642 5097 659 5121 ,
705 5056 766 5109 τὸ
800 5057 1006 5124 ἀγαθὸν
1029 5097 1042 5117 ,
1075 5057 1136 5108 τὺ
1171 5057 1367 5125 σοφὸν,
1401 5058 1463 5110 τὸ
1495 5056 1726 5110 δυνατὸν
1746 5095 1760 5120 ,
1789 5057 1849 5110 τὸ

262 5151 503 5212 δίκαιον,
536 5152 568 5218 ἡ
608 5150 858 5219 ἁγιότης,
897 5149 1005 5200 πᾶν
1037 5148 1219 5218 τίμιον
1248 5149 1422 5216 ὄνομα
1465 5147 1850 5215 οὓτω-λέγεται

261 5242 363 5294 ἐπὶ
401 5241 498 5294 τοῦ
532 5242 689 5309 ἁγίου
735 5241 1055 5310 Πνεύματος
1076 5280 1090 5302 ,
1123 5240 1198 5303 ὼς
1235 5241 1328 5294 καὶ
1359 5241 1454 5292 ἐπὶ
1511 5241 1605 5294 τοῦ
1634 5240 1850 5310 Πατρὸς

263 5335 364 5388 καὶ
391 5332 486 5386 τοῦ
519 5333 650 5386 Υἱοῦ
680 5332 923 5402 λέγεται,
959 5332 1096 5403 πλὴν
1122 5332 1354 5397 τούτων,
1389 5332 1457 5384 δι’
1481 5325 1556 5385 ὧν
1599 5333 1654 5386 ai
1713 5331 1847 5384 ὐπο-

266 5426 499 5488 στάσεις
525 5425 740 5495 τρανῶς
771 5443 832 5477 τε
856 5425 952 5477 καὶ
984 5423 1306 5492 ἁσυγχύτως
1330 5423 1425 5476 ἀπ’
1457 5423 1705 5492 ἀλλήλων
1734 5424 1850 5476 δια-

261 5517 614 5588 χωρίζονται.
665 5517 824 5584 Λέγω
858 5517 912 5568 δὲ
937 5557 950 5578 ,
1004 5518 1088 5569 ὅτι
1129 5516 1256 5569 οὔτε
1297 5515 1487 5586 Πατὴρ
1531 5514 1750 5582 λέγεται
1789 5515 1849 5568 τὸ

266 5608 498 5677 Πνεῦμα
537 5607 598 5660 τὸ
644 5608 797 5674 ἅγιον
824 5649 838 5675 ,
877 5607 1000 5662 οῦτε
1044 5609 1172 5669 Υἱὸς
1197 5649 1214 5671 ,
1251 5609 1316 5660 τὰ
1362 5606 1419 5661 δὲ
1459 5606 1595 5660 ἄλλα
1621 5647 1634 5669 ,
1675 5607 1776 5658 ὅσα
1820 5607 1848 5659 ὀ

268 5703 461 5769 Πατὴρ
500 5701 597 5751 καὶ
636 5703 663 5752 ὁ
690 5701 816 5763 Υἱὸς
855 5699 1218 5770 ὀνομάζεται,
1251 5698 1425 5752 ταῦτα
1471 5699 1567 5752 καὶ
1603 5698 1676 5768 τῷ
1709 5698 1849 5768 ἁγίῳ

272 5789 554 5858 ιινεύματι
586 5793 739 5860 παρὰ
768 5795 867 5859 τῆς
904 5793 1127 5862 Γραφῆς
1160 5791 1551 5862 ἐφαρμόζεται.
1602 5790 1702 5842 Διὰ
1727 5790 1851 5842 τού-

269 5900 379 5934 των
403 5877 496 5934 οῧν
529 5884 1040 5950 καταλαμϐάνομεν,
1088 5884 1166 5936 ὅτι
1219 5884 1327 5938 ἅνω
1350 5885 1446 5953 τῆς
1474 5880 1699 5944 κτῗσεὼς
1735 5882 1846 5933 ἐστι

1956 4682 2156 4751 quibus
2182 4684 2527 4752 perspicuum
2555 4683 2634 4745 ﬁt,
2668 4685 2852 4737 omnia
2912 4682 3166 4736 sublimia
3237 4682 3530 4751 divinaque

1954 4774 2194 4838 nomina,
2235 4791 2354 4843 qua:
2410 4774 2552 4828 Patri
2600 4774 2844 4842 lt‘tlioque
2881 4775 3219 4836 tribuuntur,
3258 4775 3324 4824 ad
3357 4771 3530 4840 Spiri-

1959 4874 2072 4917 tum
2103 4875 2353 4918 sanctum
2380 4868 2544 4918 etiam
2575 4867 2872 4932 pertinere,
2911 4861 3210 4928 cuiusmodi
3249 4871 3378 4916 sunt
3431 4862 3534 4917 im-

1957 4957 2282 5022 mortalitas,
2308 4957 2610 5019 beatitudo,
2645 4957 2882 5020 bonitas,
2918 4954 3206 5022 sapientia,
3266 4958 3527 5024 potentia,

1953 5047 2190 5118 iustitia,
2229 5049 2514 5109 sanctitas,
2539 5047 2800 5116 quidquid
2839 5047 3074 5115 denique
3109 5046 3427 5113 prmelarum
3463 5048 3530 5102 de

1952 5140 2116 5194 Patre
2145 5148 2200 5193 et
2231 5137 2368 5192 Filio
2389 5138 2610 5202 dicitur,
2663 5139 2712 5190 id
2766 5137 2894 5190 item
2959 5138 3024 5189 de
3071 5137 3274 5206 Spiritu
3317 5149 3527 5201 saneto,

1953 5231 2199 5300 exceptis
2228 5231 2293 5286 iis
2318 5230 2517 5300 quibus
2542 5244 2670 5284 vere
2727 5238 2785 5284 et
2822 5229 2940 5284 sine
2971 5230 3296 5286 confusione
3335 5232 3530 5286 distin-

1955 5333 2202 5395 guuntur
2229 5326 2358 5392 ipsa:
2391 5336 2656 5391 personae.
2714 5319 2958 5392 Exempli
3005 5323 3202 5391 gratia,
3236 5337 3334 5376 nec
3368 5321 3528 5375 Palt'l'

1953 5419 2172 5478 dicitur,
2209 5431 2310 5471 nec
2337 5415 2532 5471 Filius.
2584 5417 2810 5486 Reliqua
2850 5431 2977 5470 vero
3031 5415 3275 5478 nomina,
3330 5413 3546 5484 quibus-

1953 5510 2114 5563 Patcr
2167 5507 2442 5578 Filiusque
2493 5519 2778 5572 vorantur,
2810 5504 3524 5574 aScripturaitt.Spirittttu
3617 5533 3620 5536 λ

1953 5610 2198 5657 sanctum
2225 5603 2384 5654 ctiam
2414 5600 2788 5654 conferamur.
2823 5600 2898 5653 Et
2933 5600 3014 5650 his
3043 5614 3171 5666 ergo
3201 5595 3520 5666 colligimus.

1955 5693 2217 5765 Spiritum
2283 5702 2530 5747 sanctum
2569 5691 2732 5745 rebus
2758 5691 2955 5744 creatis
3013 5703 3134 5741 esse
3173 5688 3518 5756 praestantio-

1956 5803 2094 5841 rem.
2139 5783 2484 5854 Quapropter
2509 5783 2598 5851 ubi
2623 5781 2783 5836 Pater
2831 5790 2886 5835 et
2942 5779 3113 5835 Filius
3178 5778 3510 5848 intelligit-tr.

1957 5881 2062 5936 illic
2089 5879 2253 5935 etiam
2287 5877 2606 5948 intelligitur
2659 5875 2895 5945 Spiritus
2935 5884 3176 5930 sanctus.
3227 5873 3394 5928 t'orro
3437 5888 3491 5925 rc
