4070 6290
179 391 326 453 853

280 504 418 561 Τοῦ
467 505 655 561 αὐτοῦ
696 507 767 562 ἐκ
808 510 918 565 τοῦ
963 511 1097 584 περὶ
1142 515 1496 584 προσευχῆς
1532 514 1733 582 τρίτου
1835 508 1882 566 Α

903 583 1113 649 λόγου.

285 687 365 741 '0
404 689 504 758 μὲν
531 691 925 763 εὐαγγελιστὴς
952 696 1254 763 Ματθαῖος,
1297 699 1549 755 Ἐλθέτω
1566 702 1605 768 ἡ
1624 701 1806 764 ,ϐασι-

182 774 356 828 λεία
382 792 523 841 σου,
554 779 717 849 φησιν
754 796 768 811 ·
802 784 830 834 ό
858 783 913 835 δὲ
948 785 1164 849 Λουκᾶς
1194 789 1316 842 ἀντὶ
1340 789 1488 857 τοῦ,‹
1512 791 1741 844 Ἐλθέτω
1770 793 1803 860 ἡ

188 864 479 937 βασιλείᾳ
504 887 622 938 σου,
648 892 667 924 ›
688 873 936 928 Ἕλθέτω
968 877 1036 931 τὸ
1069 878 1242 949 ἅγιόν
1270 896 1388 936 σου
1433 884 1681 951 Πνεῦμα
1709 885 1801 953 ἐφ’

186 958 408 1027 ἡμᾶς,
453 962 553 1016 καὶ
607 969 983 1035 καθαρισάτω
1030 970 1206 1041 ἡμᾶς.
1241 976 1451 1046 εἴρηκε.
1505 977 1568 1029 Τί
1615 978 1803 1047 ἐροῦσι

189 1050 359 1118 πρὸς
391 1054 566 1108 ταῦτα
591 1057 641 1107 oi
665 1056 1174 1132 θρασυστομοῦντες
1196 1065 1343 1119 κατὰ
1365 1066 1460 1121 τοῦ
1485 1069 1803 1138 Πνεύματος

188 1141 306 1192 τοῦ
340 1143 549 1212 ἀγίου;
582 1148 715 1219 Ποία
756 1150 966 1224 διανοίᾳ
1002 1155 1063 1208 τὸ
1091 1158 1190 1225 τῆς
1227 1157 1502 1226 βασιλείας
1538 1159 1671 1228 ὕψος
1722 1164 1801 1225 εἰς

192 1236 593 1305 ταπεινότητα
626 1240 870 1306 δουλείας
898 1249 1405 1316 μετασκευάζουσι;
1447 1252 1700 1306 Βασιλεία
1741 1255 1803 1307 τὸ

196 1325 454 1397 Πνεῦμα
481 1331 543 1384 τὸ
585 1332 744 1401 ἅγιόν
788 1338 957 1404 ἐστιν,
993 1340 1069 1404 ὡς
1104 1343 1133 1395 ὁ
1161 1344 1558 1416 εὐαγγελιστὴς
1586 1347 1803 1411 Λουκᾶς

202 1418 321 1487 βοᾷ
385 1420 709 1494 διαρρήδην.
748 1427 812 1482 Ἡ
854 1429 911 1483 δὲ
961 1430 1211 1500 βασιλεία
1250 1435 1525 1504 βασιλεύει
1556 1441 1799 1502 πάντως,

199 1509 273 1559 οὐ
325 1509 699 1576 βασιλεύεται.
748 1519 810 1570 Et
844 1517 938 1574 οὖν
971 1523 1248 1591 βασιλεύει
1295 1528 1357 1580 τὸ
1392 1528 1654 1598 Πνεῦμα,
1684 1529 1801 1592 πῶς

199 1602 278 1667 τῇ
306 1601 644 1677 δουλευούσῃ
668 1607 827 1673 φύσει
847 1612 942 1665 τοῦ
968 1631 1029 1667 το
1053 1617 1481 1689 συναριθμοῦσιν
1502 1622 1551 1674 οἱ
1580 1621 1804 1689 ματαιό-

204 1709 459 1761 φρονεςς

688 1792 782 1847 Ἐκ
810 1796 916 1850 τοῦ
945 1799 1134 1854 αὐτοῦ
1160 1802 1369 1870 λόγου.

304 1896 565 1953 Ἐλθέτω
595 1903 661 1957 τὸ
688 1905 863 1974 ἅγιόν
891 1922 1009 1964 σου
1056 1913 1300 1982 Πνεῦμα
1346 1915 1440 1984 ἐφ’
1474 1917 1655 1986 ἡμᾶς,
1702 1918 1800 1973 καὶ

208 1992 608 2057 καθαρισάτω
633 1997 809 2066 ἡμᾶς,
842 2004 1011 2070 φησὶν
1041 2007 1070 2057 ό
1098 2006 1331 2071 Λουκᾶς.
1365 2008 1430 2063 Et
1458 2010 1551 2064 οῦν
1578 2012 1639 2065 τὸ
1694 2013 1802 2081 ἀφ-

215 2086 371 2137 ιέναι
393 2086 670 2157 ἁμαρτίας
699 2095 862 2162 μόνου
897 2096 990 2150 τοῦ
1024 2098 1164 2153 Θεοῦ
1196 2102 1368 2168 ἐστιν,
1411 2104 1488 2167 ὡς
1520 2106 1617 2159 καὶ
1646 2107 1799 2160 αὐτοὶ

211 2174 417 2242 ελεγον
446 2179 493 2230 οἱ
519 2178 744 2236 ἄπιστοι
785 2185 1029 2241 Ἰουδαῖοι
1054 2228 1069 2251 ,
1122 2191 1150 2241 ὁ
1174 2191 1274 2260 τὴν
1302 2192 1534 2264 δύναμιν
1561 2198 1664 2265 τῆς
1691 2198 1801 2266 ἁφ-

214 2268 400 2330 ἐσεως
421 2268 532 2322 τῶν
566 2272 854 2342 ἁμαρτιῶν
895 2278 973 2345 τῷ
1005 2279 1148 2349 ἁγίῳ
1185 2282 1465 2352 Πνεύματι
1510 2302 1802 2358 προσμαρ-

212 2359 471 2428 τυρήσας
510 2367 960 2438 συνεμαρτύρησε
989 2371 1207 2435 πάντως
1241 2373 1391 2444 αὐτῷ
1419 2376 1513 2429 καὶ
1556 2378 1654 2447 τὴν
1682 2379 1800 2433 θεό-

211 2466 389 2518 τητα.
427 2452 587 2508 Ἀλλὰ
619 2456 729 2524 μὴν
751 2457 885 2512 αὐτὸ
923 2461 1084 2515 τοῦτο
1100 2464 1195 2516 καὶ
1214 2464 1293 2535 τῷ
1319 2468 1615 2533 Μονογενεϊ
1632 2462 1801 2539 προσ-

221 2545 503 2613 μαρτυρεῖ
525 2545 554 2597 ὁ
580 2545 921 2613 ’Δπόστολος.
946 2554 1333 2624 Καθαρισμὸν
1350 2559 1479 2627 γὰρ,
1507 2560 1662 2628 φησὶ,
1679 2562 1802 2616 τῶν

216 2632 524 2728 ἁμαρτιῶν
562 2637 733 2705 ἡμῶν
768 2642 1200 2728 ﬂammiger-oc,
1231 2646 1601 2704 ἐκάθισεν-ἐν
1630 2651 1800 2719 δεξιᾷ

219 2726 339 2793 τῆς
361 2732 798 2798 μεγαλωσύνης
814 2734 919 2787 τοῦ
934 2726 1187 2803 Πατρός.
1207 2730 1419 2793 Οὐκοῦν
1444 2739 1503 2795 ἓν
1520 2743 1801 2813 ἑκατέρων

218 2818 290 2866 τὸ
324 2816 506 2885 ἔργον,
549 2818 646 2871 τοῦ
680 2837 740 2873 τε
768 2821 1161 2893 καθαρίζοντος
1185 2826 1287 2891 τὰς
1318 2830 1596 2900 ἁμαρτίας
1631 2833 1800 2885 Πνεύ-

228 2925 433 2975 ματος,
466 2911 560 2963 καὶ
594 2911 690 2964 τοῦ
734 2915 826 2967 τὸν
865 2916 1212 2987 καθαρισμὸν
1258 2923 1623 2993 πεποιηκότος
1666 2926 1802 2995 Χρι-

231 3000 382 3054 στοῦ.
413 2997 513 3056 Ὧν
537 3004 650 3075 δὲὴ
687 3007 936 3077 ἐνέργεια
970 3011 1066 3079 μία
1088 3051 1103 3077 ,
1134 3012 1340 3067 τούτων
1375 3016 1470 3068 καὶ
1500 3018 1534 3086 ή
1570 3017 1799 3088 δύναμις

229 3095 448 3159 πάντως
475 3099 508 3164 ἠ
538 3098 704 3169 αὐτή.
730 3102 886 3156 Πᾶσα
912 3104 1023 3171 γὰρ
1051 3106 1308 3176 ἐνέργεια
1336 3109 1624 3179 δυνάμεώς
1648 3115 1800 3166 ἐστιν

1194 403 1571 465 PANOPLIA
1599 397 2057 462 DOGMATICA.
2100 425 2169 433 —
2205 403 2353 465 TIT.
2388 402 2526 465 XII.

3375 395 3483 465 8M

2087 508 2337 577 Ejusdem
2363 527 2429 567 ea:
2457 510 2698 566 oratione
2716 511 2871 566 tertia
2894 509 2959 565 de
2990 510 3306 579 precatione.

1982 692 2261 754 Adveniet,
2325 688 2612 744 Matthaaus
2686 688 2862 757 inquit
2920 689 2963 754 ί,
3031 702 3247 754 regnum
3313 695 3501 740 tuum-

1907 784 2146 848 Quorum
2177 783 2462 837 verborum
2498 782 2635 836 loco:
2656 781 2936 844 Adveniat,
2957 778 3339 847 inquitLucas,
3365 776 3487 844 Spi-

1907 872 2042 929 ritus
2086 882 2299 927 sanctus
2336 880 2454 925 tuus
2482 872 2537 924 in
2568 886 2681 943 nos,
2719 878 2769 923 et
2800 885 2891 923 nos
2931 879 3201 937 expurget.
3243 865 3382 932 Quid
3418 865 3483 920 ad

1906 963 2023 1019 lucc
2041 961 2448 1033 respondebunt
2473 961 2565 1029 qui
2607 974 2702 1015 ore
2733 959 3027 1030 impudenti
3066 966 3266 1013 audent
3309 957 3485 1025 Spiri-

1908 1068 2018 1112 tum
2045 1069 2292 1112 sanctum
2326 1057 2677 1128 impugnare?
2704 1057 2817 1122 Qua
2895 1064 3080 1109 mente
3108 1052 3257 1122 regni
3316 1050 3484 1105 subli-

1904 1151 2147 1204 mitatem
2178 1150 2230 1203 in
2263 1148 2543 1204 servitutis
2586 1146 2913 1202 transfercnt
2944 1142 3351 1219 humilitatem?
3380 1141 3485 1195 Re-

1905 1256 2069 1310 gnum
2109 1250 2214 1304 est,
2250 1250 2309 1294 ut
2343 1238 2518 1293 Lucas
2576 1247 2763 1309 aperte
2798 1238 3013 1301 clamat,
3068 1234 3303 1304 Spiritus
3358 1248 3499 1307 san—g

1904 1344 2046 1399 ctus,
2070 1335 2211 1404 quod
2229 1334 2444 1403 quidem
2470 1347 2694 1402 regnum
2718 1330 2970 1386 omnibus
2988 1329 3240 1394 imperat,
3264 1339 3370 1379 non
3387 1339 3485 1375 au-

1906 1438 2013 1481 tem
2049 1428 2275 1495 imperio
2300 1426 2598 1492 subjectum
2619 1434 2723 1479 est.
2755 1422 2905 1489 Quod
2942 1421 2986 1477 si
3030 1419 3271 1489 Spiritus
3306 1417 3483 1481 impc-

1905 1527 2008 1584 rat,
2037 1519 2309 1588 quomodo
2332 1518 2483 1571 illum
2511 1518 2791 1571 dementes
2823 1514 2913 1569 isti
2961 1527 3085 1567 cum
3113 1518 3309 1565 natura
3364 1520 3485 1562 ser-

1903 1611 2084 1665 vientc
2139 1621 2530 1666 connumerant
2561 1612 2585 1665 ἲ

2340 1789 2424 1844 Ea:
2453 1790 2634 1846 eadem
2693 1790 2954 1843 oratione.

1986 1907 2261 1967 Adueniet,
2287 1906 2464 1975 inquit
2496 1904 2692 1969 Lucas,
2725 1904 2960 1973 Spiritus
3008 1914 3223 1959 sanctus
3274 1916 3394 1957 tuus
3426 1906 3482 1955 in

1910 2017 2025 2063 nos,
2049 2008 2098 2053 et
2128 2015 2223 2052 nos
2255 1997 2520 2053 suuundet.
2554 1997 2711 2065 Quod
2752 1998 2799 2051 si
2838 1997 3006 2052 solius
3052 2005 3136 2052 est
3173 1997 3266 2052 Dei
3292 2012 3482 2066 pecca-

1911 2092 2281 2162 tadimittere,
2335 2091 2388 2146 id
2414 2091 2558 2158 quod
2589 2088 2689 2157 ipsi
2722 2102 2939 2157 quoque
2987 2088 3156 2143 Judaei
3218 2088 3506 2141 incredth

1909 2186 2179 2249 dixerunt,
2218 2183 2310 2253 qui
2340 2182 2651 2236 testimonio
2689 2195 2788 2235 suo
2815 2180 3002 2235 tribuit
3041 2179 3264 2247 Spiritui
3296 2188 3505 2233 sancto

1908 2274 2218 2330 remittendi
2250 2282 2467 2343 peccata
2500 2271 2833 2336 facultatem,
2886 2272 2934 2325 is
2966 2271 3144 2326 eidem
3177 2271 3342 2322 etiam
3403 2270 3484 2320 tli-

1908 2365 2187 2419 vinitatem
2219 2364 2491 2419 attribuit.
2518 2361 2681 2430 Atqui
2716 2360 2962 2415 eamdem
2990 2359 3298 2413 facultatem
3332 2358 3475 2425 Apo-

1909 2457 2079 2514 stolus
2100 2456 2290 2512 tribuit
2315 2455 2622 2525 Uuigenito:
2656 2451 3049 2523 Purgationem,
3071 2450 3342 2525 inquiens,
3366 2465 3487 2518 pec-

1908 2562 2144 2607 catorum
2173 2560 2464 2604 nostrorum
2498 2548 2699 2619 faciens
2723 2547 2857 2601 sedit
2884 2547 2940 2597 in
2964 2545 3177 2597 dextera
3216 2528 3486 2609 magnitue

1908 2646 2047 2699 diuis
2120 2645 2280 2699 Dci'.
2308 2642 2487 2698 Unum
2536 2641 2699 2711 igitur
2735 2648 2815 2693 est
2868 2652 3003 2707 opus
3036 2636 3336 2703 utriusque,
3371 2643 3483 2687 tum

1910 2736 2143 2806 Spiritus
2167 2745 2386 2802 peccata
2419 2731 2793 2803 expurgantis,
2826 2739 2940 2783 tum
2969 2726 3171 2782 Christi
3198 2725 3484 2795 purgatio-

1908 2844 2031 2884 nem
2060 2826 2329 2882 facientis.
2362 2825 2603 2891 Quorum
2635 2831 2813 2876 autem
2844 2835 2949 2875 una
2983 2828 3066 2873 est
3095 2818 3259 2882 actio,
3294 2832 3485 2870 eorum

1907 2928 1963 2974 et
1990 2918 2071 2974 vis
2099 2918 2284 2973 eadem
2319 2916 2561 2969 omnino.
2585 2910 2775 2966 Omnis
2819 2910 2964 2964 enim
3017 2910 3160 2964 actio
3216 2907 3492 2961 facultatis

1906 3009 2166 3079 perfectio
2199 3016 2303 3063 est.
2334 3006 2697 3073 Quamobrem
2733 3004 2779 3058 si
2799 3003 2945 3057 actio
3007 3011 3062 3055 et
3120 3001 3198 3055 vis
3244 3008 3327 3054 est
3388 3012 3483 3053 ea-

1909 3102 2052 3169 dem,
2093 3100 2365 3170 quomodo
2380 3108 2586 3151 natura:
2617 3095 2908 3149 diversitas
2943 3091 3164 3160 intelligi
3192 3097 3374 3159 potest
3427 3088 3481 3141 in

224 3188 599 3260 ἀποτέλεσμα.
630 3194 693 3247 Et
718 3189 812 3247 οῦν
839 3197 933 3249 καὶ
978 3197 1255 3268 ἐνέργεια,
1288 3201 1383 3254 καὶ
1410 3198 1638 3272 δύναμις
1679 3206 1799 3275 μία.

1910 3196 2034 3259 illis,
2070 3195 2125 3249 in
2167 3192 2363 3261 quibus
2382 3189 2584 3243 nullum
2617 3186 2891 3242 facultatis
2968 3182 3313 3244 actionisquc
3374 3180 3486 3237 dis-

226 3279 352 3344 πῶς
379 3282 524 3356 εστιν
574 3286 871 3355 ἑτερότητα
908 3289 1124 3357 φύσεως
1168 3295 1361 3363 νοῆσαι
1385 3330 1401 3355 ,
1448 3294 1506 3347 ὲν
1544 3290 1627 3357 οἷς
1660 3297 1810 3350 οὐδε-

232 3373 366 3439 μίαν
397 3375 538 3429 κατὰ
564 3375 662 3447 τὴν
689 3377 918 3448 δύναμίν
970 3398 1032 3434 τε
1090 3382 1187 3435 καὶ
1228 3383 1514 3454 ἐνέργειαν
1542 3386 1809 3460 διαφορὰν

231 3463 625 3536 ὲξευρίσκομεν
644 3484 661 3533 ;

680 3562 777 3614 Ἐκ
804 3562 911 3616 τοῦ
941 3566 1129 3621 αὐτοῦ
1155 3568 1369 3636 λόγου.

314 3646 384 3699 Τὸ
429 3647 530 3715 μὲν
568 3648 724 3715 ἅγιον
777 3651 1003 3721 Πνεῦμα
1042 3653 1103 3706 τὺ
1149 3656 1214 3707 ἐκ
1271 3656 1367 3709 τοῦ
1419 3657 1555 3711 Θεοῦ
1601 3660 1663 3712 ὃν
1715 3662 1811 3714 καὶ

233 3735 473 3803 Χριστοῦ
500 3738 727 3808 Πνεῦμα
764 3739 881 3793 ἐστι
927 3745 1021 3793 καὶ
1063 3742 1307 3810 λέγεται,
1336 3748 1365 3799 ὁ
1389 3746 1448 3800 δὲ
1476 3748 1606 3812 Tib;
1628 3750 1694 3803 ὲκ
1715 3751 1807 3803 τοῦ

234 3827 372 3879 Θεοῦ
421 3826 517 3891 ὢν,
566 3829 751 3882 οὐκέτι
787 3830 1012 3884 καὶτοῦ
1072 3834 1397 3904 Πνεύματος
1449 3836 1639 3902 ἔστιν,
1690 3841 1808 3891 οὐδὲ

238 3918 489 3996 λέγεται,
533 3920 653 3973 οὐδὲ
711 3923 1059 3992 ἀντιστρέφει
1094 3926 1126 3992 ἡ
1166 3926 1391 3995 σχετικὴ
1417 3926 1556 3995 αὕτη
1588 3929 1813 3981 ἀκολου-

245 4009 366 4073 Θία,
406 4010 479 4068 ὣς
522 4011 783 4065 δύνασθαι
810 4013 952 4067 κατὰ
994 4013 1056 4067 τὸ
1096 4014 1211 4068 ἴσον
1247 4016 1291 4069 δ’
1337 4017 1648 4079 ἀναλύσεως
1689 4021 1814 4071 ἀντ-

1912 3289 2116 3344 crimen
2149 3282 2639 3354 deprehendimus?

2377 3551 2463 3606 Ea:
2492 3549 2672 3606 eadem
2726 3546 2986 3601 oratione.

1983 3648 2218 3719 Spiritus
2246 3651 2467 3700 sanctus
2505 3649 2559 3695 et
2585 3654 2653 3693 ex
2702 3638 2811 3692 Deo
2861 3644 2964 3701 est,
3001 3643 3063 3689 et
3099 3634 3301 3689 Christi
3366 3632 3493 3703 Spi-

1912 3746 2048 3798 ritus
2075 3750 2159 3795 est
2226 3746 2388 3806 atque
2415 3734 2640 3788 dicitur.
2678 3728 2847 3785 Filius
2870 3737 3054 3783 autem
3079 3742 3203 3781 cum
3268 3742 3335 3781 ex
3380 3728 3507 3780 Deo

1912 3837 2005 3899 sit,
2048 3848 2155 3887 non
2213 3830 2448 3900 Spiritus
2487 3828 2651 3879 etiam
2708 3833 2814 3886 est,
2876 3836 3052 3889 neque
3109 3819 3329 3874 dicitur.
3365 3816 3487 3872 Hmc

1911 3929 2052 3981 enim
2071 3924 2275 3980 ordinis
2313 3920 2607 3976 seriesnon
2656 3916 2923 3985 sequitur,
2974 3924 3033 3968 ut
3076 3929 3142 3968 ex
3194 3928 3349 3980 aquo
3397 3929 3495 3979 per

1915 4018 2303 4074 resolutionem
2324 4014 2425 4069 sibi
2450 4011 2688 4066 vicissim
2707 4009 2848 4063 ratio
2866 4006 3208 4078 respondeat,
3226 4014 3280 4059 et
3301 4020 3489 4072 quem-

244 4100 571 4169 ιστραφῆναι
590 4101 683 4154 τὸν
706 4102 884 4169 λόγον,
912 4105 1005 4156 καὶ
1028 4105 1216 4176 ὥσπερ
1234 4106 1469 4177 Χριστοῦ
1495 4110 1554 4160 τὸ
1588 4108 1806 4176 Πνεῦμα

1915 4110 2204 4166 admodum
2258 4105 2457 4160 Christi
2508 4102 2769 4173 Spiritum
2830 4099 3085 4161 dicimus,
3116 4097 3197 4152 sic
3220 4098 3382 4151 etiam
3414 4099 3493 4167 ip-

244 4192 645 4261 λέγομεν,ούτω
666 4196 873 4249 καὶτοῦ
899 4197 1217 4265 Πνεύματος
1237 4200 1472 4266 Χριστὸν
1496 4202 1809 4270 ὀνομάζειν.

318 4303 425 4358 Τοῦ
455 4306 642 4359 αὐτοῦ
671 4305 740 4360 ἐκ
767 4306 878 4361 τοῦ
906 4307 1041 4376 περὶ
1064 4308 1494 4378 βαπτίσματος
1526 4314 1738 4380 λόγου.

314 4414 700 4482 Βαπτίζοντες
716 4419 959 4484 αὐτοὺς,
986 4438 1058 4490 φη
1068 4421 1140 4486 τὶ,
1162 4424 1249 4486 εις
1270 4423 1336 4474 τὸ
1362 4423 1549 4491 ὄνομα
1571 4425 1678 4477 τοῦ
1698 4427 1815 4478 Πα-

1915 4207 2030 4261 sius
2062 4200 2301 4270 Spiritus
2336 4196 2612 4250 Christum
2667 4191 3020 4261 appellemus.

2166 4314 2421 4383 Ejusdem
2465 4325 2530 4364 ea:
2581 4308 2817 4362 oratione
2840 4308 2903 4360 de
2949 4307 3231 4376 baptismo.

1985 4427 2349 4497 Baptizantes,
2370 4421 2573 4493 inquit,
2607 4435 2693 4472 eos
2717 4418 2770 4471 in
2793 4418 2998 4471 nomine
3048 4416 3229 4471 Patris
3257 4428 3306 4471 et
3364 4417 3507 4470 Filii

240 4508 394 4575 τρὸς,
414 4508 509 4560 καὶ
531 4508 636 4561 τοῦ
666 4508 823 4573 Υίοῦ,
849 4510 948 4563 καὶ
971 4512 1077 4564 τοῦ
1100 4513 1272 4579 ἁγίου
1290 4514 1654 4582 Πνεύματος.
1685 4514 1806 4577 Πῶς

1916 4532 1966 4578 et
1996 4519 2229 4589 Spiritus
2283 4514 2455 4568 sancti
2492 4513 2535 4564 ³.
2570 4509 2682 4564 Cur
2729 4509 2781 4562 in
2816 4509 3035 4563 nomine
3096 4508 3325 4564 Patris?
3355 4509 3487 4575 ριιὶιι

239 4605 319 4663 εἰς
340 4598 396 4652 τὸ
422 4599 589 4668 όνομα
614 4597 704 4651 τοῦ
730 4602 973 4669 Πατρός;
1008 4602 1227 4672 Ἐπειδὴ
1257 4604 1400 4673 ἁρχὴ
1426 4604 1534 4657 τῶν
1564 4606 1806 4660 πάντων.

239 4690 361 4750 Ilii);
414 4692 490 4752 εἰς
554 4690 615 4741 τὸ
662 4690 755 4742 τοῦ
815 4690 981 4755 Υῐοῦς
1047 4693 1265 4765 Ἐπειδὴ
1314 4696 1648 4765 δημιουργὸς
1703 4698 1802 4767 τῆς

241 4781 484 4843 κτίσεως.
532 4781 655 4844 Πῶς
689 4783 766 4843 είς
793 4782 853 4834 τὸ
882 4782 974 4834 τοῦ
1002 4784 1156 4851 ἁγίου
1184 4786 1531 4855 Πνεύματος;
1584 4788 1805 4859 Ἐπειδὴ

243 4873 579 4927 τελειωτικδν
634 4872 742 4927 τῶν
797 4874 1037 4930 πάντων.
1110 4878 1265 4930 Διατί
1319 4881 1416 4943 τὰς
1468 4883 1617 4952 τρεῖς
1675 4882 1807 4935 ὐπο-

248 4966 454 5028 στάσεις
485 4968 988 5036 κατακερματίζεις
1023 4969 1103 5031 είς
1128 4970 1415 5042 διαφόρους
1450 4974 1642 5043 φύσεις
1662 5016 1677 5039 ,
1713 4974 1808 5029 καὶ

243 5054 385 5122 τρεῖς
415 5055 622 5126 ἐργάζῃ
654 5055 809 5117 θεοὺς
836 5057 1125 5126 ἀνομοίους
1167 5060 1411 5130 ἀλλήλων
1434 5106 1448 5128 ,
1491 5065 1619 5135 μίαν
1654 5063 1807 5134 παρὰ

249 5144 455 5197 πάντων
488 5147 582 5198 καὶ
609 5148 709 5216 τὴν
744 5148 913 5220 αὐτὴν
945 5152 1107 5220 χάριν
1136 5152 1460 5223 δεχόμενος;
1546 5156 1547 5165 “

674 5258 773 5311 Ἐκ
808 5258 913 5312 τοῦ
949 5260 1136 5314 αὐτοῦ
1170 5263 1382 5331 λόγου.

315 5346 443 5414 Φησὶ
473 5347 535 5399 τὸ
577 5348 731 5414 ἅγιον
780 5351 1005 5420 Πνεῦμα
1037 5351 1125 5405 διὰ
1160 5352 1255 5407 τοῦ
1302 5356 1503 5409 Δαδίδ’
1538 5360 1808 5428 Σήμερον

247 5439 349 5492 ἐὰν
370 5437 477 5505 τῆς
509 5440 714 5509 φωνῆς
742 5444 929 5499 αὑτοῦ
950 5445 1282 5512 ἀκούσητε,
1310 5447 1397 5517 μὴ
1430 5453 1810 5518 σκληρύνετε

248 5530 348 5594 τὰς
368 5530 609 5598 καρδίας
635 5534 823 5601 ὑμῶν,
846 5537 925 5601 ὡς
951 5536 1021 5590 ἐν
1044 5539 1124 5602 τῷ
1149 5543 1631 5611 παραπικρασμῷ
1660 5546 1810 5599 κατὰ

251 5624 355 5687 τὴν
379 5623 603 5691 ἡμέραν
630 5626 737 5679 τοῦ
758 5631 1092 5700 πειρασμοῦ
1109 5632 1179 5684 ἐν
1207 5631 1280 5700 τῇ
1306 5633 1520 5702 ἐρήμῳ,
1548 5630 1619 5690 οὗ
1645 5636 1808 5691 ἐπεί-

321 5822 337 5854 ²
358 5824 539 5879 Matth.
569 5841 639 5889 vi,
666 5826 743 5881 l0.

822 5832 842 5859 ¹
884 5827 1045 5884 Hebr.
1075 5846 1113 5894 I,
1138 5832 1191 5887 5.
1270 5833 1288 5864 ³
1325 5832 1513 5887 Matth.
1539 5851 1730 5900 xxvm,
1773 5838 1853 5894 l9.

1905 4630 2090 4674 rerum
2122 4626 2204 4666 σει
2227 4608 2470 4663 omnium
2507 4603 2852 4674 principium.
2885 4601 2995 4655 Cur
3016 4602 3073 4655 in
3098 4603 3315 4655 nomine
3333 4600 3493 4655 Filii?

1910 4707 2046 4777 Quia
2067 4712 2148 4758 est
2179 4714 2358 4755 rerum
2379 4696 2625 4752 omnium
2675 4705 3082 4763 procreatarum
3113 4693 3356 4745 effector.
3383 4693 3502 4744 Cur

1908 4804 1963 4858 in
1989 4798 2203 4855 nomine
2225 4793 2462 4863 Spiritus
2489 4790 2663 4844 sancti
2685 4789 2724 4859 τέ
2747 4788 2882 4853 Quia
2930 4800 3017 4839 res
3039 4784 3248 4854 perﬁcit
3270 4787 3487 4838 univer-

1910 4907 2025 4949 sas.
2062 4886 2201 4955 Quid
2242 4885 2406 4954 igitur
2436 4889 2511 4946 tu,
2548 4896 2669 4935 cum
2707 4893 2871 4933 unam
2921 4877 2990 4929 ab
3034 4876 3286 4930 omnibus
3338 4891 3489 4931 eam-

1911 4985 2146 5051 oYemque
2184 4978 2410 5047 gratiam
2442 4974 2697 5040 accipias,
2734 4972 2831 5025 has
2854 4978 2965 5024 tres
2995 4985 3256 5039 pcrsonas
3287 4971 3339 5024 in
3394 4986 3489 5026 na-

1908 5086 2064 5129 turas
2098 5070 2338 5123 diversas
2371 5062 2585 5126 dividis,
2620 5069 2837 5129 tresque
2897 5059 3039 5114 inter
3100 5074 3159 5114 se
3200 5059 3492 5117 dissimiles

1909 5168 2045 5219 deos
2094 5159 2228 5215 facis
2250 5156 2275 5210 τ

2377 5269 2461 5323 Ea:
2498 5268 2683 5323 eadem
2728 5272 2991 5324 oratione.

1980 5365 2220 5435 Spiritus
2260 5373 2480 5417 sanctus
2500 5376 2594 5427 per
2650 5360 2943 5416 Davidcm:
2986 5361 3173 5425 Hodie,
3200 5360 3391 5430 inquit,
3447 5363 3507 5414 si

1914 5473 2098 5515 vocem
2119 5457 2232 5523 ejus
2260 5454 2561 5519 audieritis,
2596 5453 2756 5507 nolite
2771 5453 3032 5505 obdurare
3077 5454 3237 5505 corda
3294 5460 3492 5509 uestra,

1917 5554 2050 5606 sicut
2094 5564 2151 5603 ιη
2178 5544 2602 5609 exacerbatione,
2632 5542 2924 5597 secundum
2984 5542 3123 5594 ‘diem
3187 5542 3492 5595 tentatiouis

1916 5641 1971 5693 in
1996 5641 2231 5701 destmo,
2268 5636 2356 5689 ubi
2386 5644 2707 5691 tentaverunt
2752 5649 2833 5687 me
2871 5643 3045 5701 patres
3069 5632 3221 5686 uestri
3271 5631 3315 5685 δ.
3370 5631 3497 5685 limo

1936 5844 1952 5870 ³
1989 5841 2136 5895 Ρδιιιζ
2183 5854 2322 5903 xcu',
2356 5840 2407 5904 8,
2434 5842 2483 5893 9.
