4078 6292
331 389 440 452 857

1295 397 1667 457 PANOPLIA
1717 399 2176 462 DOGMA'I’ICA.
2205 427 2274 441 ·-
2309 405 2472 464 'l'l'l‘-
2505 407 2644 465 ΧΗ.

3491 408 3598 470 858

333 505 509 574 Ἀχρι
532 505 640 574 γὰρ
672 504 782 573 τῆς
815 505 1084 575 σήμερον
1113 507 1336 578 ἡμέρας
1365 513 1433 563 τὸ
1453 513 1601 565 αὐτὸ
1631 513 1912 581 κάλυμμα

2017 533 2110 584 quo
2142 519 2300 581 diem,
2335 519 2605 586 inquiens,
2635 521 2770 573 idem
2799 520 3036 573 velamen
3064 522 3114 573 in
3137 521 3356 573 lectione
3405 518 3599 573 Veteris

329 595 433 649 ἐπὶ
464 593 540 662 τῇ
574 590 914 663 ἀναγνώσει
960 593 1071 664 τῆς
1105 597 1375 666 Παλιιιᾶς
1407 602 1705 670 Διαθήκης
1745 604 1915 672 μένει

324 688 414 756 μὴ
433 687 1037 756 ἀνακαλυπτόμενον,
1059 689 1147 742 ὅτι
1170 690 1240 742 ἐν
1263 692 1496 759 Χριστῷ
1517 694 1912 764 καταργεῖται,

346 780 510 832 Ἀλλ’
531 779 642 844 ἕως
667 782 938 848 σήμερον
963 781 1148 846 ⁴ἡνίκα
1173 783 1249 837 ἂν
1271 785 1756 855 ἀναγινώσκηται
1791 787 1917 840 Μω-

334 871 480 938 σῆς,
537 870 822 940 κάλυμμα
871 872 969 925 ἐπὶ
1010 874 1126 940 τὴν
1162 876 1420 944 καρδίαν
1465 878 1665 932 αὐτῶν
1708 879 1951 933 κεῖται.“

347 959 556 1012 ’Πνίκα
580 960 632 1012 δ’
659 959 736 1013 ἂν
764 963 1102 1032 ἐπιστρέψῃ
1142 967 1291 1034 πρὸς
1332 969 1570 1036 Κύριον,
1605 971 1916 1039 περιαιρεῖ-

331 1067 428 1102 ται
457 1050 523 1102 τὸ
559 1050 863 1118 κάλυμμα.
906 1053 966 1104 Ὀ
993 1053 1060 1106 δὲ
1102 1057 1318 1123 Κύριος
1344 1060 1408 1112 τὸ
1455 1061 1698 1129 Πνεῦμά
1722 1061 1913 1116 ἐστιν.

339 1137 423 1196 Οὗ
453 1140 520 1193 δὲ
568 1143 632 1194 τὸ
689 1143 931 1212 Πνεῦμα
981 1149 1225 1214 Κυρίου,
1265 1149 1397 1203 ἐκεῖ
1440 1152 1769 1218 ἐλευθερία.
1809 1153 1917 1205 Καλ⁸

333 1234 502 1286 πᾶλιν
525 1273 541 1297 ,
599 1231 800 1300 Ἡμεῖς
841 1234 908 1286 δὲ
933 1235 1158 1303 πάντες
1189 1239 1748 1310 ἀνακεκαλυμμένῳ
1778 1256 1918 1308 προ-

335 1326 518 1379 σώ.τω
562 1325 678 1392 τὴν
716 1325 908 1389 δόξαν
961 1330 1184 1395 Κυρίου
1238 1333 1760 1400 κατοπτριζῖςμενοι
1805 1334 1918 1400 τὴν

335 1416 534 1484 αὐτὴν
561 1418 762 1471 εἰκόνα
786 1421 1326 1488 μεταμορφούμεθα
1351 1423 1468 1476 ἀπὸ
1497 1425 1682 1490 δόξης
1705 1427 1792 1490 εἰς
1821 1425 1918 1478 δό-

335 1509 476 1575 ξαν,
516 1509 783 1578 καθάπερ
821 1510 940 1563 ἀπὸ
973 1513 1195 1579 Κυρίου
1238 1515 1604 1582 Πνεύματος.

890 1603 992 1656 Ἐκ
1019 1602 1131 1671 τῆς
1171 1603 1380 1672 αὐτῆς.

421 1695 482 1745 Ὀ
515 1692 722 1753 Παῦλος
758 1693 1088 1745 ἐπιστέλλων
1140 1684 1274 1764 ’περὶ
1326 1696 1492 1748 αὑτοῦ
1524 1713 1687 1766 φησιν
1725 1698 1783 1750 ἐν
1811 1711 1913 1768 apo

335 1787 407 1856 χῇ
447 1786 546 1854 τῆς
596 1785 936 1854 Ἐπιστολῆςο
1001 1787 1243 1851 Παῦλος
1297 1789 1643 1855 ἀπόστολος
1711 1789 1917 1856 Ἰησοῦ

335 1877 616 1943 Χριστοῦ.
688 1879 823 1930 Ἰδοὺ
896 1879 1080 1945 σαφῶς
1127 1880 1316 1932 ἐνθάδε
1369 1881 1430 1934 τὸ
1471 1882 1572 1952 τῆς
1611 1883 1917 1950 ἀποστολῆς

336 1973 515 2038 ὖιομα
579 1970 673 2023 καὶ
727 1973 960 2040 πρᾶγμα
1010 1973 1161 2041 παρὰ
1215 1974 1477 2043 Χριστοῦ,
1532 1976 1626 2028 καὶ
1659 1975 1728 2029 δι’
1782 1974 1915 2028 Υῑοῦ

256 2122 262 2126 _
339 2063 738 2132 διισχυρίζεται
787 2063 1109 2134 λαμϐάνειν.
1144 2064 1232 2116 Ἐν
1257 2065 1312 2118 δὲ
1364 2068 1486 2128 ταῖς
1541 2068 1777 2134 Πράξεσι
1808 2067 1917 2121 τῶν

336 2155 511 2220 ἁγίων
542 2155 858 2206 ἀποστόλων
886 2156 1198 2223 γέγραπταί
1233 2171 1286 2208 τι
1327 2157 1567 2210 τοιοῦτον
1587 2173 1602 2189 ⁶
1634 2164 1915 2228 Λειτουρ-

336 2243 607 2310 ⁸γούντων
633 2240 703 2294 δὲ
728 2243 930 2296 αὐτῶν
970 2244 1048 2307 τῷ
1073 2246 1288 2312 Κυρίῳ,
1325 2247 1424 2300 καὶ
1467 2253 1914 2316 νηστευόντων,

335 2331 468 2388 εἷπε
501 2334 566 2386 τὸ
595 2333 838 2401 Πνεῦμα
871 2335 935 2387 τὸ
967 2334 1160 2404 ἅγιονο
1205 2337 1548 2406 Ἀφορίσατε
1579 2341 1652 2409 δή
1679 2360 1780 2409 μοι
1807 2343 1916 2396 τὸν

335 2430 606 2491 Παῦλον,
631 2430 729 2482 καὶ
758 2429 866 2482 τὸν
892 2428 1212 2496 Βαρναόαν
1240 2435 1325 2498 είς
1356 2434 1422 2486 τὸ
1445 2433 1644 2502 ἔργον,
1673 2436 1704 2488 ὃ
1731 2451 1914 2504 προσ-

333 2519 633 2585 κέκλημαι
665 2519 908 2582 αὐτούς.
948 2518 1009 2569 Et
1043 2519 1226 2573 τοίνυν
1264 2523 1600 2591 κεκληκότος
1629 2525 1796 2578 αὑτὸν
1833 2528 1912 2588 είς

336 2610 646 2679 ἀποστολὴν
702 2610 797 2662 τοῦ
860 2611 1180 2682 Πνεῦματος
1233 2617 1387 2684 παρὰ
1437 2615 1612 2685 Ἰησοῦ
1674 2618 1914 2687 Χριστοῦ

335 2703 641 2772 κεκλῆσθαί
668 2720 824 2770 φησι,
861 2704 1100 2756 δείκνυσι
1147 2704 1336 2772 σαφῶς
1367 2707 1468 2758 οὐκ
1509 2707 1792 2779 ἀλλότριον
1813 2711 1914 2780 τῆς

333 2795 524 2857 οὐσίας
551 2794 644 2846 τοῦ
677 2793 806 2846 Υἰοῦ
839 2795 898 2847 τὸ
926 2796 1153 2866 Πνεῦμα
1187 2797 1248 2849 τὸ
1280 2797 1456 2864 ἅγιον.

899 2886 994 2938 Ἐκ
1027 2886 1134 2958 τῆς
1158 2887 1366 2956 αὐτῆς.

410 2977 512 3044 Τίς
537 2979 645 3048 γὰρ
689 2977 856 3032 οἶδεν
888 2980 1214 3047 ἀνθρώπων
1243 2984 1296 3034 εί
1317 2982 1404 3050 μὴ
1437 2983 1504 3035 τὸ
1535 2986 1770 3055 πνεῦμα
1810 2988 1914 3043 τοῦ

335 3072 649 3141 ἀνθρώπου
674 3073 740 3126 τὸ
780 3074 851 3126 ἐν
879 3071 1072 3137 αὐτῷς
1092 3072 1254 3128 Οὕτω
1283 3075 1380 3127 καὶ
1408 3075 1480 3128 τὰ
1506 3077 1613 3131 τοῦ
1637 3078 1786 3132 Θεοῦ
1811 3082 1912 3133 οὐ·

2023 605 2350 664 Testamenti
2378 620 2572 674 manet,
2605 628 2706 665 non
2745 616 3050 675 revelatum,
3082 615 3329 680 quoniam
3354 617 3406 664 in
3441 614 3585 664 Chri-

2017 715 2096 755 sto
2119 704 2425 758 destruitur.
2452 701 2555 756 Sed
2577 705 2643 756 ad
2683 703 2820 758 hunc
2850 723 3012 775 usque
3047 707 3182 759 diem
3234 705 3443 770 quando
3471 705 3572 773 legi

2020 804 2106 845 tur
2123 793 2320 860 Moses,
2356 793 2589 848 velamen
2622 812 2777 863 super
2801 813 2891 849 cor
2941 799 3171 864 ipsorum
3207 798 3430 864 positum
3504 804 3605 850 est.

2021 882 2119 936 Ubi
2152 900 2272 937 vero
2307 901 2364 938 se
2401 887 2748 939 converterint
2779 889 2846 938 ad
2878 887 3183 950 Dominum,
3217 885 3449 938 velamen
3505 901 3602 934 an-

2018 974 2232 1042 feretur.
2276 975 2532 1029 Dominns
2564 990 2739 1030 autem
2771 977 3008 1045 Spiritus
3037 989 3129 1031 est.
3159 976 3258 1029 Ubi
3284 989 3456 1029 autem
3483 975 3602 1044 Spi-

2018 1066 2155 1116 ritus
2180 1064 2416 1130 Domini,
2467 1067 2540 1119 ibi
2569 1067 2780 1122 libertas
2817 1069 2856 1120 ¹.
2908 1067 2972 1120 Et
3010 1084 3221 1120 rursmn
3260 1082 3274 1118 :
3334 1065 3445 1118 Nos
3505 1084 3598 1116 uu-

2019 1165 2119 1207 tem
2152 1171 2326 1208 omnes
2353 1157 2574 1208 revelata
2617 1158 2751 1226 facie
2811 1156 3035 1225 gloriam
3098 1155 3307 1208 Domini
3367 1162 3602 1208 content-

2017 1247 2219 1312 plantes
2279 1250 2562 1302 secundum
2639 1251 2874 1303 eamdem
2911 1250 3193 1318 imaginem
3248 1248 3602 1316 transforma-

2019 1357 2138 1393 mur
2161 1343 2222 1393 de
2245 1342 2413 1410 gloria
2441 1343 2490 1394 in
2521 1342 2766 1412 gloriam,
2804 1353 3057 1411 tanquam
3093 1360 3125 1394 a
3192 1340 3404 1393 Domini
3475 1339 3598 1406 Spi-

2021 1431 2128 1482 ritu
2158 1432 2199 1483 ’.

2660 1611 2741 1665 Et
2764 1617 2964 1667 eadem.

2094 1704 2292 1760 Paulus
2321 1705 2384 1758 de
2419 1721 2476 1758 se
2506 1706 2622 1774 ipso
2659 1707 2903 1760 scribens
2928 1707 2976 1760 in
3009 1707 3270 1775 principio
3293 1708 3546 1775 Epistolas
3579 1726 3592 1761 :

2025 1791 2247 1858 Paulus,
2290 1794 2482 1862 inquit,
2514 1795 2785 1857 apostolus
2812 1795 2939 1848 Jesu
2973 1795 3170 1850 Christi
3204 1798 3244 1850 ³.
3279 1798 3481 1865 Aperte
3514 1799 3600 1849 vi-

2021 1886 2116 1939 des
2136 1886 2220 1940 hic
2248 1886 2487 1953 Apostoli
2515 1903 2709 1940 nomen
2761 1897 2814 1939 et
2851 1904 3043 1940 llillllllS
3076 1904 3106 1943 a
3139 1888 3387 1951 Christo,
3414 1900 3466 1942 et
3507 1904 3602 1955 per

2020 1974 2215 2029 Filium
2241 1990 2300 2030 se
2337 1976 2464 2030 illud
2486 1976 2716 2030 aﬂirmat
2737 1979 2997 2046 accipere.
3027 1981 3084 2032 ln
3137 1981 3360 2033 Actibus
3412 1991 3591 2033 autem

2019 2071 2328 2118 Sanctorum
2360 2066 2723 2132 aposmlorum
2757 2065 2828 2119 ita
2888 2067 3148 2134 Scriptum
3169 2077 3252 2120 est
3287 2086 3300 2121 :
3363 2066 3602 2133 Sacriﬁ-

2018 2154 2259 2204 cantibus
2282 2153 2391 2205 illis
2432 2151 2652 2207 Domino
2684 2165 2729 2206 et
2783 2155 3152 2223 jejunantibus
3195 2157 3330 2210 dixit
3378 2156 3603 2221 Spiritus

2017 2252 2229 2296 sanctus
2262 2257 2280 2296 :
2315 2244 2602 2312 Segregate
2635 2245 2761 2297 mihi
2813 2246 3042 2298 Paulum
3098 2256 3146 2299 et
3194 2247 3496 2300 But-nabant
3547 2245 3600 2297 in

2017 2349 2167 2400 opus,
2213 2335 2284 2386 ad
2315 2337 2452 2403 quod
2479 2336 2724 2389 advocavi
2754 2354 2838 2392 eos
2865 2337 2906 2390 ⁸.
2942 2337 2996 2392 Si
3025 2338 3187 2405 igitur
3220 2353 3342 2392 cum
3398 2352 3428 2390 a
3477 2336 3601 2404 Spi-

2017 2425 2122 2477 ritu
2156 2435 2380 2480 vocatus
2403 2427 2492 2489 sit,
2518 2443 2546 2479 ιι
2575 2428 2792 2482 Christo
2817 2444 2876 2482 se
2902 2415 3154 2483 vocatum
3196 2430 3345 2490 dicit,
3373 2429 3596 2498 perspi-

2017 2531 2115 2568 cue
2145 2519 2476 2570 demonstrat
2501 2534 2603 2573 non
2638 2519 2958 2578 alienumab
2984 2521 3221 2575 essentia
3269 2520 3384 2574 Filii
3427 2519 3602 2587 Spiri-

2020 2615 2132 2659 tum
2167 2618 2444 2660 sanctum.

2753 2873 2954 2927 eadem.
3490 2942 3494 2946 _
3590 2942 3598 2948 ι

2087 2961 2216 3025 Quis
2243 2962 2383 3014 enim
2415 2963 2686 3015 hominum
2719 2967 2856 3015 nouit
2904 2980 2964 3014 ea
2985 2977 3100 3029 qua:
3156 2971 3277 3012 sunt
3353 2959 3598 3024 hominis,

2014 3055 2121 3107 nisi
2145 3055 2359 3123 spiritus
2379 3056 2628 3116 hominis,
2662 3055 2754 3124 qui
2793 3055 2848 3106 in
2883 3055 2996 3119 ipso
3054 3055 3172 3107 est?
3244 3052 3332 3105 Sic
3380 3063 3426 3104 et
3483 3067 3599 3119 qua:

330 3164 460 3228 δεις
484 3162 751 3230 ἔγνωκεν
769 3165 818 3215 εί
839 3162 926 3231 μὴ
949 3163 1013 3214 τὸ
1034 3162 1277 3231 Πνεῦμα
1298 3164 1402 3218 τοῦ
1427 3167 1596 3220 Θεοῦ.
1613 3167 1786 3236 Ἡμῖν
1805 3170 1911 3239 γὰρ

2017 3157 2138 3201 sunt
2190 3145 2304 3209 Dei,
2354 3162 2502 3198 nemo
2547 3149 2706 3212 novit,
2756 3146 2858 3198 nisi
2911 3146 3139 3213 Spiritus
3203 3146 3295 3197 Dei
3338 3146 3379 3197 ⁵.
3433 3143 3599 3196 Nobis

333 3253 740 3321 ἀπεκάλυψεν
763 3256 795 3307 ὀ
822 3253 964 3318 Θεὸς
984 3252 1081 3306 διὰ
1108 3253 1215 3307 τοῦ
1241 3257 1589 3323 Πνεύματος
1613 3260 1819 3314 αὑτοῦ.
1845 3263 1918 3315 Τὸ

335 3336 444 3414 γάρ
468 3345 709 3412 Πνεῦμα
734 3345 929 3398 πάντα
954 3345 1192 3413 ἐρευνᾷ,
1219 3347 1317 3399 καὶ
1339 3346 1412 3400 τὰ
1429 3348 1592 3418 ,βάθη
1617 3352 1721 3405 τοῦ
1745 3353 1916 3408 Θεοῦ.

335 3439 399 3489 Εἰ
445 3437 508 3490 τὸ
562 3436 780 3506 πνεῦμα
810 3436 906 3490 τοῦ
965 3437 1257 3506 ἀνθρώπου
1287 3440 1388 3492 οὐκ
1429 3438 1488 3504 ἐξ
1520 3442 1918 3512 ἀποκαλύψεὼς

332 3547 479 3593 τινος
509 3527 650 3583 οἶδεν
677 3531 868 3600 ἑτέρου
894 3530 963 3582 τὰ
991 3531 1049 3582 ἐν
1070 3530 1242 3601 αὐτῷ,
1271 3530 1386 3586 ὀιλλ⁹
1411 3530 1488 3594 ὡς
1510 3535 1760 3600 φυσικῶς
1820 3538 1916 3591 καὶ

336 3623 806 3692 κυρίωςὺπάρχον
829 3623 998 3691 αὐτῷ,
1017 3621 1190 3674 καὶτὸ
1221 3623 1449 3693 Πνεῦμα
1473 3625 1569 3678 τοῦ
1603 3627 1738 3679 Θεοῦ
1773 3628 1915 3681 οὕτω

337 3712 521 3764 πάντα
575 3712 796 3781 ἐρευνᾷ,
855 3712 950 3764 κα)⁵
1018 3711 1279 3778 γινώσκει
1328 3713 1424 3765 καὶ
1491 3715 1559 3768 τὰ
1617 3715 1756 3786 βάθη
1820 3717 1913 3771 τοῦ

334 3803 472 3858 Θεοῦ
499 3821 514 3835 ·
577 3804 684 3872 ἄρα
734 3805 794 3857 ὲν
824 3803 941 3874 Θεῷ
965 3804 1059 3857 καὶ
1089 3803 1265 3873 Πατρὶ
1299 3804 1357 3856 τὸ
1387 3805 1610 3876 Πνεῦμα
1631 3809 1691 3860 τὸ
1735 3811 1912 3877 ἆγιον,

336 3900 432 3950 καὶ
461 3896 562 3965 τῆς
595 3896 811 3964 φύσεως
836 3895 936 3964 τῆς
976 3894 1128 3958 Θείας
1183 3894 1362 3960 ἔσται,
1393 3895 1648 3968 καθάπερ
1683 3900 1775 3952 καὶ
1811 3901 1913 3970 τῆς

335 3990 429 4043 τοῦ
460 3989 752 4061 ἀνθρώπου
776 3988 837 4042 τὸ
863 3987 1231 4056 ἀνθρώπινον.

882 4081 982 4134 Ἐκ
1026 4081 1131 4149 τῆς
1170 4081 1378 4150 αὐτῆς.

415 4175 513 4227 Ἐκ
547 4173 682 4226 Θεοῦ
709 4172 770 4225 τὸ
822 4172 1054 4242 Πνεῦμα
1099 4172 1158 4224 τὸ
1193 4173 1352 4238 ἅγιον
1379 4168 1522 4226 εἶναί
1575 4192 1782 4244 φαμεν,
1814 4177 1911 4230 καὶ

336 4268 479 4321 οὕτω
519 4263 987 4332 πεπιστεύκαμεν.
1033 4261 1176 4316 Ἀλλ’
1209 4264 1258 4314 οἱ
1317 4264 1452 4333 πρὸς
1488 4264 1651 4334 μόνον
1679 4266 1739 4319 τὸ
1782 4267 1910 4320 δύσ-

2019 3241 2156 3293 enim
2213 3239 2453 3292 reuelauit
2516 3238 2650 3290 Deus
2705 3255 2796 3308 per
2843 3237 3102 3306 Spiritum
3147 3253 3321 3298 suum,
3367 3234 3598 3303 Spiritus

2020 3331 2155 3383 enim
2215 3331 2392 3382 omnia
2441 3339 2735 3391 scrutatur,
2787 3331 2946 3382 etiam
2993 3328 3258 3396 profunda
3309 3326 3401 3379 Dei
3441 3326 3482 3380 ⁸.
3544 3326 3600 3380 Si

2021 3421 2244 3489 Spiritus
2298 3421 2532 3474 hominis
2591 3421 2807 3474 nemine
2851 3422 3210 3488 patefaciente
3272 3420 3442 3480 novit,
3480 3433 3600 3487 quae

2019 3522 2145 3566 sunt
2205 3514 2255 3564 in
2315 3513 2552 3574 homine,
2591 3527 2712 3564 cum
2755 3512 3022 3566 naturalis
3064 3513 3157 3572 sit.
3230 3519 3284 3564 et
3345 3511 3600 3580 proprius

2019 3603 2186 3666 ipsius
2210 3642 2225 3666 ,
2264 3613 2318 3657 et
2354 3603 2587 3670 Spiritus
2618 3603 2710 3657 Dei
2745 3604 2824 3657 sic
2847 3604 3027 3657 omnia
3058 3613 3358 3663 scrutatur,
3421 3611 3475 3654 et
3505 3617 3599 3653 no-

2017 3695 2094 3748 vit
2123 3695 2284 3749 etiam
2319 3693 2585 3762 profunda
2612 3693 2726 3758 Dei,
2761 3695 2812 3747 in
2867 3694 2977 3748 Deo
3030 3694 3281 3747 nimirum
3331 3701 3384 3745 et
3440 3691 3598 3746 Patre

2017 3795 2102 3841 est
2135 3786 2366 3855 Spiritus
2407 3795 2649 3851 sanctus;
2697 3795 2752 3840 et
2807 3794 3014 3840 natura:
3043 3787 3237 3838 divinze
3269 3792 3373 3843 est,
3409 3781 3568 3851 queui

2016 3876 2308 3931 admodum
2343 3876 2582 3930 hominis
2621 3875 2847 3945 spiritus
2906 3887 2992 3932 est
3050 3883 3259 3929 natum
3325 3875 3592 3926 humanae.

2649 4074 2733 4126 Ex
2770 4073 2976 4127 eadem.

2085 4169 2163 4223 Ex
2188 4169 2297 4224 Deo
2325 4166 2583 4236 Spiritum
2611 4175 2858 4219 sanctmn
2894 4179 3013 4218 esse
3045 4164 3297 4226 dicimus,
3319 4173 3480 4230 atque
3525 4164 3595 4214 ita

2013 4260 2310 4318 credimus.
2342 4259 2412 4311 At
2438 4257 2525 4311 isti
2557 4256 2650 4325 qui
2683 4257 2748 4310 ad
2779 4256 3220 4309 calmnniamlum
3255 4265 3524 4308 tantomm
3549 4274 3589 4303 ι-

337 4375 519 4430 φημον
577 4355 918 4423 ἑτοιμότατοι
983 4353 1075 4405 καὶ
1130 4353 1199 4406 τὰ
1265 4353 1401 4406 ἄλλα
1455 4356 1634 4408 πάντα
1677 4357 1740 4409 ὲκ
1772 4357 1908 4410 Θεοῦ

2017 4355 2080 4408 do
2104 4361 2228 4408 sunt
2263 4348 2614 4419 paratissimi,
2651 4347 2810 4402 etiam
2852 4348 2954 4400 alia
2972 4347 3150 4400 omnia
3182 4363 3248 4400 ex
3315 4348 3421 4400 Duo
3474 4361 3594 4401 esse

337 4447 590 4515 γενέσθαι
631 4446 786 4514 φασὶ,
825 4443 920 4496 τοῦ
960 4441 1178 4493 Παύλου
1234 4442 1543 4510 γράφοντος
1574 4458 1589 4474 ·
1619 4439 1726 4508 Εἷς
1765 4446 1908 4511 Θεὸς

2017 4446 2216 4507 dicunt,
2246 4458 2368 4497 cum
2402 4441 2599 4496 Paulus
2626 4441 2833 4495 scribat
2871 4456 2885 4493 :
2927 4437 3071 4493 Unus
3104 4439 3239 4492 Deus
3297 4437 3484 4502 Pater,
3532 4455 3591 4490 ea

337 4504 369 4588 ό
404 4504 736 4602 Πατὴρίέξ
761 4504 834 4586 οὗ
870 4530 941 4583 τὰ
985 4528 1203 4584 πάντα.
1404 4504 1724 4600 νομίζουσιν
1771 4504 1906 4587 ἅναξ

2017 4549 2114 4602 quo
2137 4504 2310 4585 omnia
2341 4530 2383 4585 ⁷.
2417 4531 2596 4599 Atque
2624 4528 2701 4582 ita
2732 4529 2961 4595 probare
2983 4543 3041 4582 se
3100 4537 3310 4595 putant,
3363 4543 3427 4581 ex
3490 4529 3594 4582 Pa-

337 4628 563 4698 τρέπειν
613 4626 672 4678 τὸ
713 4626 779 4678 ἐκ
842 4623 945 4693 τῆς
983 4622 1174 4686 οὐσίας
1222 4609 1340 4675 τοῦ
1382 4623 1600 4695 Πατρὸς
1662 4625 1801 4680 εἶναι
1850 4627 1912 4680 τὸ

2017 4625 2112 4679 tris
2144 4623 2380 4678 essentia
2419 4637 2525 4676 non
2556 4635 2678 4677 esse
2711 4618 2973 4689 Spiritum
2991 4629 3256 4683 sanctum,
3315 4619 3455 4687 quod
3501 4620 3588 4672 illa

340 4717 587 4787 Πνεῦμα,
611 4717 700 4769 διὰ
724 4717 784 4769 τὸ
813 4714 1082 4784 φέρεσθαι
1108 4715 1204 4768 καὶ
1254 4715 1395 4767 κατὰ
1444 4715 1554 4767 τῶν
1587 4716 1910 4786 ποιημάτων

2017 4731 2114 4770 vox
2147 4730 2258 4770 ιτα
2310 4731 2434 4784 quo,
2494 4715 2560 4767 ad
2619 4727 2706 4766 res
2735 4712 2900 4766 etiam
2945 4717 3252 4778 procreatas
3304 4707 3590 4761 referatur.

338 4813 396 4864 τὸ
423 4810 491 4874 ἐξ
519 4804 614 4876 οὗ,
649 4810 789 4878 ὅπερ
820 4809 912 4860 ἐπὶ
963 4806 1041 4877 τῷ
1079 4806 1358 4875 Πνεύματι
1395 4808 1652 4876 κείμενον
1692 4811 1757 4863 ὲκ
1804 4811 1905 4880 τῆς

2017 4809 2141 4874 Qum
2170 4807 2386 4874 quidem
2416 4821 2514 4860 vox
2539 4819 2658 4859 cum
2681 4803 2747 4858 de
2771 4801 2976 4871 Spiritu
3007 4810 3197 4854 sancto
3222 4799 3441 4861 dicitur,
3466 4815 3588 4852 eum

338 4902 526 4963 οὐσίας
559 4898 726 4952 αὑτοῦ
771 4897 1017 4967 φυσικῶς
1051 4897 1297 4967 ὑπάρχον
1347 4897 1715 4954 ἀποδεικνύει.
1763 4899 1911 4954 Ἀλλ’

2017 4915 2075 4954 ex
2099 4899 2268 4969 ipsius
2297 4898 2530 4952 essentia
2586 4910 2707 4950 esse
2763 4892 3025 4947 declarat.
3095 4889 3291 4944 Verum
3343 4891 3428 4946 sic
3470 4892 3586 4946 istis

340 4993 455 5043 ἔστι
485 4991 625 5060 πρὸς
667 4989 825 5042 τοῦτο
883 4988 1090 5056 λέγειν,
1153 4989 1237 5039 ὅτι
1290 4991 1385 5039 καὶ
1419 4988 1504 5055 ἐφ’
1539 4988 1655 5058 Υἱῷ
1701 4974 1906 5060 κυρίως

2017 5004 2299 5060 possumus
2324 4985 2668 5055 respondere,
2694 4983 2761 5036 de
2792 4981 2928 5036 Filio
2959 4981 3088 5036 item
3127 4983 3342 5049 proprie
3390 4997 3579 5035 nomen.

342 5085 442 5151 μὲν
476 5085 654 5136 κεῖται
681 5081 743 5133 τὸ
776 5079 904 5142 Υἱὸς
921 5081 1111 5150 δνομα,
1160 5081 1336 5131 κεῖται
1365 5080 1422 5131 δὲ
1453 5081 1545 5132 καὶ
1575 5080 1664 5133 ἐπ’
1691 5081 1907 5154 ἀνθρώ-

341 5193 457 5227 πων
508 5171 992 5243 καταχρηστικῶς,
1037 5172 1135 5225 καὶ
1180 5171 1242 5224 οὐ
1272 5171 1450 5240 δήπου
1492 5171 1554 5224 τὸ
1580 5171 1729 5225 θέσει
1765 5175 1903 5237 τισὶ,

339 5265 436 5316 καὶ
469 5264 612 5316 κατὰ
642 5265 806 5333 χάριν
828 5260 1229 5331 προσκείμενον
1259 5261 1559 5330 ἀνατρέψει
1587 5263 1680 5315 τὸν
1710 5263 1905 5334 ἔχοντα.

337 5353 602 5418 φυσικῶς.
640 5353 796 5409 Οὕτω
826 5354 921 5407 καὶ
954 5353 1014 5406 τὸ
1043 5353 1112 5418 ἐξ
1147 5348 1220 5409 οὗ
1250 5353 1362 5406 τῶν
1400 5355 1725 5423 ποιημάτων
1775 5371 1909 5408 κατ-

334 5467 368 5517 η
410 5449 712 5518 ορούμενον
737 5448 836 5498 οὐκ
863 5445 1077 5498 ἐποίσει
1111 5447 1245 5515 πρὸς
1278 5444 1376 5515 τὴν
1405 5447 1612 5499 οἰκείαν
1637 5446 1910 5500 ταπείνωο

336 5540 419 5591 σίν
463 5555 522 5590 τε
552 5538 650 5591 καὶ
676 5538 1072 5607 ὁμοουσιότητα
1104 5537 1198 5590 τοῦ
1232 5536 1551 5606 Πνεύματος
1583 5537 1643 5591 τὸ
1699 5537 1905 5608 ὑψηλόν

333 5651 390 5685 τε
427 5634 519 5684 καὶ
559 5631 758 5696 θεῖκὺν,
806 5629 941 5684 ἀλλὰ
991 5631 1151 5700 μενεῖ
1207 5630 1308 5696 μὲν
1338 5628 1488 5698 αὐτῷ
1524 5629 1730 5698 κυρίως
1752 5628 1812 5680 τὸ
1830 5628 1900 5692 ἐξ

403 5771 420 5800 ¹
461 5766 504 5822 ll
541 5765 672 5822 Cor.
731 5783 811 5828 ιιι,
845 5767 1030 5825 1447.
1109 5770 1128 5799 ¹
1159 5767 1291 5822 Ibid.
1360 5768 1440 5821 15.

341 5838 404 5892 'l
454 5838 580 5892 Cor.
606 5852 720 5902 ιἰιι,
761 5838 813 5890 6.

1554 5768 1574 5799 ³
1613 5767 1627 5820 Ι
1673 5767 1795 5824 Cor.
1843 5784 1878 5834 ι,
1925 5769 1974 5823 1.

2016 5083 2120 5136 hoc
2144 5078 2315 5134 Filius
2341 5077 2470 5140 dici,
2504 5075 2648 5144 quod
2686 5086 2865 5130 tamen
2902 5075 3194 5144 improprie
3235 5079 3301 5128 de
3361 5075 3561 5129 hotnini

2013 5171 2288 5227 busetiam
2309 5169 2542 5223 dicatur.
2567 5165 2680 5220 Nec
2715 5166 2758 5221 si
2796 5181 3063 5222 concessu
3099 5177 3154 5222 et
3186 5169 3358 5237 gratia
3393 5171 3552 5235 aliqu

2013 5266 2115 5320 bus
2168 5263 2464 5322 tribuatur,
2534 5270 2816 5326 propterea
2876 5260 3102 5326 tollitur,
3155 5261 3442 5329 quominus
3519 5260 3564 5312 si

2015 5355 2184 5422 ipsius
2205 5351 2468 5407 naturale.
2495 5349 2586 5405 Sic
2616 5351 2780 5405 etiam
2805 5351 2956 5418 illud,
2992 5367 3057 5404 ea:
3080 5367 3208 5419 quo,
3247 5351 3373 5404 licet
3428 5351 3584 5402 rebus

2013 5459 2228 5516 quoque
2266 5444 2563 5514 procreatis
2595 5444 2922 5508 ascribatur,
2964 5443 3172 5497 idcirco
3209 5450 3384 5494 tamen
3415 5441 3554 5494 subl-

2014 5538 2118 5592 mis
2144 5544 2198 5591 et
2229 5535 2408 5590 divina
2439 5532 2672 5600 Spiritus
2694 5533 2925 5600 dignitas
2949 5529 3054 5586 non
3087 5531 3350 5594 aufertur,
3387 5546 3484 5584 nec
3520 5546 3580 5584 ea

2017 5645 2075 5684 rc
2105 5629 2188 5692 tit,
2217 5625 2508 5698 quominus
2568 5627 2641 5681 sit
2685 5623 2926 5694 ejusdem
2983 5624 3252 5679 assentiar.
3304 5623 3408 5676 Sed
3458 5638 3577 5676 cum

2085 5768 2105 5800 ⁸
2137 5769 2256 5823 Act.
2298 5782 2417 5832 xm,
2460 5767 2494 5818 ‘2
2628 5767 2648 5796 ⁵
2683 5763 2698 5817 Ι
2737 5761 2862 5816 Cor.
2922 5777 2980 5830 ιι,
3040 5764 3123 5816 il.
3237 5763 3258 5796 ⁶
3317 5762 3451 5816 Ibid.
3490 5761 3555 5816 i0
