4094 6300
565 368 675 431 859

1804 373 2190 466 ΕΗΤΙΙΥΜΠ
2234 375 2594 434 ZIGABENI

3697 382 3786 443 εθσ

564 480 666 550 ipsi
693 481 913 551 Spiritui
947 484 1159 551 proprie
1185 493 1445 553 congruat
1475 483 1611 538 illud
1641 499 1705 538 ea:
1737 502 1861 554 qua,
1891 484 2146 554 quoniam

2255 502 2342 550 ου,
2384 487 2474 540 διὰ
2508 488 2570 538 τὸ
2602 489 2663 539 ὲκ
2687 489 2785 557 τῆς
2821 486 3010 549 οὐσίας
3039 482 3182 541 εἶναι
3215 485 3311 540 τοῦ
3341 486 3572 557 Πατρός.
3616 488 3784 561 Χωρή-

562 580 649 625 est
677 586 742 625 ex
770 572 941 625 Patris
961 573 1216 637 essentia,
1249 573 1480 628 refertur
1505 585 1680 630 tamen
1709 578 1869 631 etiam
1932 578 1998 630 ad
2058 591 2146 630 res

564 673 896 732 procreatas,
930 665 1182 731 quoniam
1214 681 1336 719 cum
1370 682 1477 719 non
1513 676 1715 735 essent,
1780 683 1847 722 ex
1876 664 2005 723 'Deo
2052 669 2147 722 ba-

562 754 782 808 buerint
810 766 865 809 ut
894 756 1021 822 sint,
1065 771 1160 825 per
1198 757 1395 812 Filium
1433 760 1641 828 utique.

1186 848 1271 902 Ea;
1308 851 1509 907 eadem.

629 935 855 989 Rursum
873 939 1139 994 scribitad
1155 940 1462 1000 Corinthios
1480 946 1704 1001 Paulus:
1733 945 2142 1016 Nos,inquieus,

566 1044 747 1081 sumus
779 1033 1028 1097 templum
1077 1031 1176 1085 Dei
1212 1036 1450 1097 viventis,
1512 1038 1953 1107 quemadmodum
2003 1041 2145 1092 dixit

565 1120 705 1173 Deus
745 1139 762 1173 :
798 1121 1063 1186 Quoniam
1083 1126 1385 1181 inhabitabo
1408 1130 1459 1181 in
1485 1130 1632 1195 ipsis,
1682 1140 1729 1183 et
1780 1133 2142 1198 inambut’abo,

563 1222 611 1263 ct
641 1226 789 1266 erunt
822 1216 1020 1269 miltiin
1043 1219 1314 1287 populum,
1341 1231 1391 1273 et
1416 1238 1507 1289 ego
1536 1238 1624 1274 ero
1669 1224 1795 1289 ipsis
1823 1226 1876 1279 in
1902 1226 2065 1278 Deum
2104 1225 2143 1281 '.

562 1304 867 1360 “rursum
922 1321 1041 1376 post
1086 1311 1196 1365 haec
1237 1329 1251 1365 :
1303 1313 1481 1367 Nolite
1524 1316 1837 1369 contristare
1885 1316 2146 1384 Spiritum

564 1410 804 1450 sanctum
830 1399 923 1452 Dei
953 1388 1330 1457 inliabitantem
1376 1408 1429 1458 in
1466 1406 1609 1460 vobis
1638 1410 1679 1460 ¹.
1741 1408 1807 1461 Et
1873 1424 2089 1461 rursum
2129 1423 2144 1460 :

566 1488 624 1541 Si
653 1492 770 1555 quis
800 1494 1044 1555 templum
1075 1494 1164 1547 Dei
1182 1500 1489 1565 corrumpit,
1509 1510 1802 1567 corrumpet
1827 1500 1964 1553 hunc
1988 1500 2144 1554 Deus.

566 1576 834 1643 Templum
861 1582 995 1633 enim
1026 1581 1122 1635 Dei
1147 1596 1387 1636 sanctum
1426 1595 1521 1649 est,
1552 1586 1690 1655 quod
1714 1588 1842 1639 estis
1889 1603 1977 1641 vos
2009 1587 2050 1642 ³.
2088 1588 2147 1642 Si

565 1667 729 1735 igitur
753 1670 1012 1737 Spiritum
1040 1675 1384 1742 accipientes,
1406 1688 1458 1729 et
1509 1678 1766 1746 templum
1807 1686 1860 1732 et
1911 1680 2149 1734 domici-

564 1759 698 1813 l:utn
730 1760 820 1817 Dei
859 1763 1218 1829 declarantur,
1244 1769 1440 1836 quippe
1467 1770 1558 1838 qui
1588 1768 1757 1823 Deum
1789 1772 2052 1827 habemus
2092 1774 2145 1827 itt

2257 593 2341 629 σει
2368 576 2422 629 δὲ
2456 577 2549 631 καὶ
2573 577 2660 630 ἐπ’
2686 579 2889 643 ἐκεῖνα,
2920 578 3008 633 διά
3043 579 3105 632 τὸ
3154 582 3220 634 ἐκ
3253 578 3384 633 Θεοῦ
3424 579 3558 649 πρὸς
3588 581 3645 633 τδ
3668 576 3785 637 εἶναι

2256 668 2326 722 τὰ
2351 669 2449 722 οὐκ
2477 669 2605 723 ὄντα
2633 669 2859 741 δραμεῖν
2886 673 2954 724 δι’
2970 672 3099 726 Υίοῦ
3126 672 3393 742 δηλονότι.

2799 852 2893 903 Ἐκ
2934 850 3045 919 τῆς
3089 850 3297 918 αὐτῆς.

2336 940 2671 997 Ἐπιστέλλει
2720 946 2880 997 πάλιν
2923 944 3230 1014 Κορινθίοις
3275 948 3300 997 ὁ
3340 944 3548 1008 Παῦλος
3576 961 3590 977 ’
3622 948 3787 1016 Ἡμεῖς

2255 1030 2364 1098 γὰρ
2392 1033 2539 1098 ναὸς
2562 1035 2709 1088 Θεοῦ
2736 1036 2923 1104 ἐσμεν
2945 1034 3182 1101 ζῶντος,
3212 1035 3405 1102 καθὼς
3427 1032 3594 1090 εἶπεν
3618 1042 3648 1092 ό
3673 1040 3791 1105 Θεὸς

2256 1122 2344 1175 ὅτι
2383 1124 2710 1191 Ἐνοικήσω
2736 1127 2804 1179 ἐν
2831 1127 3054 1194 αὐτοῖς,
3086 1129 3185 1182 καὶ
3212 1128 3689 1197 ἐμπεριπατήσω,
3708 1134 3789 1186 καί

2253 1216 2499 1269 ἔσονταί
2557 1236 2660 1286 μοι
2721 1221 2807 1284 εὶς
2836 1221 3007 1282 ναὸν,
3040 1219 3202 1289 κάγὼ
3264 1222 3472 1287 αὐτοῖς
3495 1224 3693 1291 ἔσομαι
3722 1229 3792 1293 είς

2258 1308 2425 1361 Θεόν.
2446 1310 2554 1361 Καὶ
2575 1309 2757 1364 πάλινο
2776 1310 2909 1363 Ἐπί
2936 1312 3170 1379 τούτοις
3183 1311 3269 1380 μὴ
3288 1314 3539 1367 λυπεῖτε
3553 1315 3613 1369 τὸ
3639 1317 3792 1372 Πνεῦο

2249 1416 2333 1468 μα
2355 1399 2421 1452 τὸ
2441 1400 2611 1471 ἅγιον
2626 1402 2728 1456 τοῦ
2757 1402 2906 1457 Θεοῦ
2928 1402 2994 1473 τὸ
3012 1404 3294 1457 ἐνοικοῦν
3315 1405 3481 1474 ὑμῖν.
3512 1409 3615 1461 Καὶ
3635 1408 3787 1461 πάλιν

2255 1494 2329 1544 ΕΖ
2355 1509 2443 1557 τις
2474 1494 2580 1546 τὸν
2616 1495 2769 1548 ναὸν
2798 1495 2905 1548 τοῦ
2921 1496 3066 1549 Θεοῦ
3096 1495 3343 1565 φθείρει,
3382 1498 3591 1566 φθερεῖ
3612 1499 3794 1554 τοῦτον

2256 1586 2288 1636 ό
2317 1586 2484 1650 Θεός.
2519 1586 2587 1639 '0
2613 1587 2722 1656 γὰρ
2752 1588 2898 1653 ναὸς
2925 1588 3032 1642 τοῦ
3061 1590 3211 1644 Θεοῦ
3258 1591 3432 1659 ἅγιός
3460 1593 3643 1658 ἐστιν,
3684 1596 3795 1647 olu-

2254 1674 2359 1741 νές
2392 1675 2535 1729 ἐστε
2560 1678 2754 1745 ὑμεῖς.
2793 1681 3009 1734 Οὐκοῦν
3078 1684 3127 1735 εί
3167 1682 3228 1735 τὸ
3291 1684 3522 1754 Πνεῦμα
3555 1685 3793 1751 λαὸόντες,

2257 1770 2351 1824 καὶ
2381 1772 2508 1835 ναὸς
2541 1775 2638 1826 καὶ
2695 1772 2847 1838 οἶκος
2906 1776 3002 1828 τοῦ
3065 1777 3204 1831 Θεοῦ
3266 1780 3694 1850 χρηματίζομεν,
3735 1781 3794 1844 ὡς

573 1849 729 1903 nobis
761 1853 889 1919 ipsis
929 1857 1319 1911 inltahitantctn
1356 1870 1409 1912 et
1435 1859 1880 1929 inatnbulattteu),
1908 1873 1966 1915 ut
2014 1865 2149 1920 scri-

2252 1861 2383 1915 Θεὸν
2415 1863 2631 1933 ἔχοντες
2695 1869 2752 1918 ὲν
2806 1869 2993 1931 αὐτοῖς
3054 1848 3315 1924 οἰκοῦντα
3364 1848 3469 1924 οιαὶ
3518 1848 3796 1942 ὲμτπεριπα-

564 1953 713 2007 ptnm
740 1954 841 2009 est,
878 1949 1151 2014 quomodo
1187 1965 1291 2002 non
1325 1960 1408 2002 est
1440 1950 1579 2005 Deus
1625 1952 1860 2021 Spiritus
1892 1968 2141 2023 sanctus,

564 2035 724 2087 ttiam
757 2036 800 2089 si
823 2037 1012 2099 nolint,
1035 2038 1124 2105 qui
1154 2050 1339 2092 contra
1373 2041 1661 2094 sentiunt?

956 2129 1039 2183 Ea-
1070 2128 1310 2194 Epistola
1362 2132 1430 2184 ad
1468 2131 1753 2187 Romanos.

640 2214 840 2271 Scribit
873 2220 1416 2287 quihusdatnPaulns
1463 2235 1608 2277 recte
1674 2212 1963 2279 admodum
2013 2239 2144 2279 sen-

564 2307 702 2361 tiens
727 2317 781 2361 et
809 2309 1034 2376 quuens
1068 2328 1081 2365 :
1121 2311 1427 2381 Quicunque
1455 2312 1659 2380 Spiritu
1693 2314 1783 2369 Dei
1816 2326 2065 2386 aguntur,
2098 2313 2153 2369 Iti

562 2410 684 2453 sunt
714 2400 815 2469 ﬁlii
833 2401 952 2456 Dei.
991 2401 1114 2456 Non
1155 2405 1293 2458 enim
1326 2409 1599 2475 accepistis
1644 2410 1889 2475 spiritum
1928 2414 2153 2468 sarritu-

563 2494 629 2546 tis
664 2495 853 2548 iterum
882 2498 935 2548 in
963 2497 1224 2562 timorem,
1259 2500 1350 2552 sed
1387 2500 1659 2566 accepistis
1683 2502 1944 2568 Spiritum
1988 2508 2153 2575 adop-

563 2584 743 2646 tionis,
781 2587 835 2638 in
860 2603 961 2655 quo
993 2589 1288 2642 clamamus
1320 2604 1338 2642 :
1396 2590 1544 2644 Abba
1578 2592 1742 2646 Pater
1770 2593 1813 2649 ‘.
1873 2598 1931 2649 Si
1987 2597 2154 2665 igitur

567 2675 804 2745 Spiritus
839 2691 1170 2734 sanctuseos
1205 2684 1293 2735 Dei
1332 2684 1470 2737 tilios
1510 2699 1630 2738 esse
1680 2686 2039 2754 demonstrat,
2101 2692 2152 2744 in

573 2766 772 2836 quibus
809 2769 1101 2833 inhabitat,
1137 2781 1190 2825 et
1221 2773 1417 2827 divinae
1442 2783 1645 2827 natura:
1673 2778 1966 2845 participes
1999 2778 2151 2845 facit,

564 2860 721 2925 adeo,
754 2871 810 2913 ut
839 2861 931 2930 qui
978 2873 1263 2931 propterea
1308 2865 1583 2933 conjuncti
1644 2875 1768 2920 sunt
1825 2868 1934 2921 Deo
1989 2884 2155 2939 super

565 2966 757 3006 omnes
789 2953 1093 3019 exsistenti,
1118 2969 1240 3009 cum
1268 2956 1460 3010 ﬁducia
1484 2959 1721 3013 clament
1746 2975 1761 3011 :
1799 2959 1950 3014 Abba
1972 2960 2154 3029 Pater,

565 3061 670 3099 non
702 3047 844 3100 inter
864 3061 1076 3113 servos,
1110 3064 1284 3118 neque
1312 3052 1568 3121 interpres
1614 3064 1927 3119 procreatas
1975 3058 2151 3112 σοιίορ

563 3136 771 3190 «anius
798 3146 902 3201 est,
939 3140 1032 3193 sed
1060 3139 1136 3193 illi
1170 3142 1349 3208 potius
1382 3141 1577 3197 divinae
1608 3146 1870 3199 essentia:
1921 3146 2158 3216 dignitas

567 3226 873 3292 tribuenda,
906 3240 1114 3284 cumet
1144 3246 1212 3285 ex
1249 3231 1366 3301 ipsa
1404 3233 1499 3297 sit,
1552 3245 1606 3287 et
1653 3235 1722 3287 ab
1768 3234 1886 3304 ipsa
1945 3240 2152 3294 sanctis

564 3334 661 3385 per
687 3318 882 3373 Filium
911 3322 1236 3389 praebeatur,
1273 3332 1435 3392 atque
1466 3326 1537 3378 ita
1576 3325 1709 3380 deos
1762 3327 1928 3382 faciat
1980 3337 2036 3383 et
2085 3331 2152 3384 ﬁ-

564 3412 667 3466 !ios
701 3412 791 3465 Dei
827 3413 1019 3468 illosiu
1062 3415 1258 3483 quibus
1282 3427 1389 3471 est.

596 3520 629 3541 ί
992 3504 1076 3558 Ea:
1101 3508 1315 3561 Actibus
1351 3509 1733 3577 apostolorum.

641 3592 893 3663 Princeps
922 3597 1325 3667 apestolorum,
1375 3574 1459 3653 cui
1511 3602 1755 3655 divinum
1813 3607 2151 3675 mysterium,
2192 3574 2197 3587 ν

567 3700 624 3741 ιιι
656 3689 915 3743 Servalor
941 3693 1038 3754 ait,
1073 3707 1176 3744 non
1192 3708 1337 3755 caro,
1374 3702 1421 3747 et
1445 3697 1665 3764 sanguis
1716 3696 1985 3762 reuelauit,
2062 3700 2152 3753 sed

571 3782 754 3848 Pater,
782 3784 945 3853 quiin
984 3784 1126 3838 cretis
1147 3795 1223 3839 est
1250 3784 1297 3849 ⁵,
1351 3786 1614 3841 Ananiam
1681 3788 1995 3845 aﬂ‘erentem
2035 3793 2148 3861 agri

567 3877 823 3941 pretium,
853 3891 918 3930 ex
946 3892 1054 3946 quo
1076 3886 1285 3945 partem
1315 3877 1417 3932 sibi
1474 3890 1804 3946 reservarat,
1870 3882 1955 3937 sic
2020 3883 2156 3937 alio.

566 3968 748 4035 quitur
777 3986 790 4022 :
818 3968 1051 4035 Anania,
1081 3986 1176 4023 cur
1207 3971 1433 4039 implevit
1467 3970 1700 4027 Satanas
1751 3990 1842 4027 cor
1874 3984 2042 4041 tuum,
2096 3984 2154 4027 ut

568 4061 861 4115 utentircris
882 4061 1108 4131 Spiritui
1124 4074 1331 4127 sancto,
1354 4074 1400 4117 et
1420 4065 1658 4133 auferres
1682 4069 1923 4135 expretio
1947 4070 2060 4137 agri
2093 4071 2155 4123 °?

572 4154 647 4205 Ac
682 4151 880 4208 deinde
897 4154 1121 4223 subjicit
1153 4171 1167 4206 :
1214 4153 1338 4209 Non
1360 4173 1414 4211 es
1445 4160 1694 4212 memitus
1745 4160 2045 4214 hominibus
2061 4163 2152 4215 sed

566 4243 679 4296 Deo
710 4246 752 4299 ⁷.
788 4245 972 4314 Itaque
1003 4248 1049 4300 si
1073 4246 1299 4317 Spiritui
1331 4262 1521 4306 sancto
1558 4252 1842 4318 mentiens,
1871 4252 1982 4307 Deo
2003 4269 2155 4307 men-

572 4336 726 4397 titur,
748 4336 888 4389 Deus
924 4338 1180 4393 nimirum
1206 4350 1292 4395 est
1320 4340 1557 4410 Spiritus
1580 4352 1823 4409 sanctus,
1854 4352 1906 4397 ct
1942 4345 1997 4398 in
2039 4343 2149 4398 Deo

569 4429 923 4483 naturaliter.

1102 4634 1188 4685 Ea:
1230 4632 1412 4685 eodem
1458 4633 1619 4688 libro.

638 4724 768 4790 Qua!
801 4738 865 4777 ex
900 4722 1209 4777 Servatoris
1281 4724 1455 4777 nostri
1517 4725 1750 4779 adventu
1820 4727 2159 4795 promulgata

569 4829 697 4874 sunt
731 4820 891 4882 bona,
932 4833 994 4873 ea
1032 4819 1264 4885 quodam
1296 4816 1491 4872 inloco
1548 4818 1619 4872 de
1674 4833 1733 4871 οι
1750 4818 1868 4871 ibus
1910 4820 2025 4873 suis
2086 4820 2164 4874 lo-

571 4925 744 4977 quens
772 4908 912 4961 Dens
970 4919 1045 4962 tta
1069 4917 1463 4962 commemorat
1488 4923 1502 4959 :
1539 4907 1815 4962 Suscitubo
1838 4908 1948 4962 illis
1971 4919 2156 4976 pasto-

572 5014 655 5051 res
674 4999 959 5053 secundum
988 5015 1080 5052 σοι·
1107 5016 1302 5065 meum,
1330 5012 1377 5052 et
1432 5009 1645 5064 pascent
1711 5015 1819 5064 ((18,
1888 5011 2157 5067 pascentes

573 5107 692 5143 cum
724 5092 941 5143 scientia
965 5091 1008 5144 ⁸.
1030 5091 1226 5145 Paulus
1267 5105 1445 5147 autem
1470 5094 1715 5146 veritatis
1766 5109 1944 5162 praeco
1973 5096 2156 5149 senio-

578 5198 663 5236 res
702 5183 1052 5251 Ephesiorum
1090 5183 1371 5251 alloquens
1405 5200 1419 5236 :
1456 5186 1740 5248 Attendite,
1772 5187 1968 5254 inquit,
2012 5186 2157 5239 vobis

572 5276 725 5341 ipsis,
753 5283 802 5328 et
834 5275 1073 5328 universo
1097 5278 1261 5346 gregi,
1296 5279 1349 5330 in
1384 5293 1483 5339 quo
1524 5294 1610 5332 vos
1670 5276 1903 5346 Spiritus
1946 5287 2158 5331 sanctus

572 5368 743 5434 posuit
772 5368 1038 5436 episcopos
1062 5368 1107 5422 ’.
1138 5368 1366 5433 Quando
1399 5368 1560 5435 igitur
1608 5382 1728 5435 qua;
1760 5382 1818 5419 se
1878 5368 2149 5422 iacturum

576 5458 850 5526 pollicitus
883 5469 966 5514 est
991 5460 1150 5521 Dens,
1188 5474 1312 5512 cum
1342 5467 1607 5527 petestate
1648 5457 1883 5527 Spiritus
1919 5460 2153 5526 perlicit,

576 5560 629 5600 et
661 5560 902 5616 pastores
929 5551 1233 5615 constituit,
1291 5558 1353 5604 ut
1407 5550 1460 5603 in
1509 5552 1786 5618 protthetis
1830 5552 2156 5620 promissum

579 5654 678 5705 cst,
708 5646 772 5696 ab
800 5643 1036 5697 essentia
1084 5643 1269 5698 divina
1314 5658 1421 5698 non
1471 5654 1555 5697 est
1599 5643 1826 5707 alienus,
1884 5642 1978 5697 sed
2042 5651 2161 5695 tan-

653 5754 668 5783 ¹
701 5754 987 5823 ιϐοικγι,
1020 5755 1104 5809 16.
1210 5757 1229 5786 ²
1270 5755 1468 5823 Epltcs.
1514 5772 1589 5821 tv,
1658 5757 1749 5811 ³50.

584 5823 743 5877 “Act.
781 5839 834 5889 γ,
890 5822 944 5874 5.
1022 5827 1039 5857 τ
1086 5824 1225 5879 una.
1274 5822 1329 5882 ιι.

1856 5754 2072 5811 aiCor.
2118 5771 2204 5817 ιιι,
2237 5755 2325 5815 iii,
2364 5752 2447 5807 17.

1405 5827 1426 5857 ⁸
1456 5825 1657 5881 Jerent.
1687 5844 1847 5892 χχιιι,
1878 5827 1930 5880 4.
2010 5829 2030 5861 ⁹
2063 5828 2182 5883 Act.
2207 5842 2298 5890 xx,
2332 5824 2424 5876 28.

2248 1953 2465 2016 τοῦντι,
2498 1958 2685 2021 καθὼς
2713 1959 3055 2029 γέγραπται,
3087 1962 3288 2023 πῶςοὺ
3347 1963 3483 2026 Θεὸς
3509 1965 3568 2017 τὸ
3600 1964 3795 2034 Πνεῦμα

2142 2118 2145 2121 ι
2250 2044 2311 2097 τὸ
2339 2045 2516 2114 ἅγιον,
2550 2048 2653 2102 κᾶν
2682 2050 2755 2121 μὴ
2778 2050 3036 2119 βούληται
3068 2055 3095 2105 ὁ
3124 2054 3192 2105 δι’
3220 2055 3512 2122 ὲναντίαςς

2442 2140 2535 2190 Ἐκ
2561 2138 2667 2207 τῆς
2694 2140 2847 2207 πρὸς
2886 2141 3217 2210 Ῥωμαίους
3261 2144 3648 2215 Ἐπιστολῆς.

2336 2228 2678 2283 Ἐπιστέλλει
2703 2230 2848 2283 τισὶν
2883 2233 2910 2283 ὀ
2941 2231 3176 2296 Παῦλος,
3208 2235 3304 2287 καὶ
3343 2236 3493 2303 μάλα
3519 2237 3583 2305 δὴ
3617 2235 3799 2305 φρονῶν

2251 2335 2312 2372 τε
2340 2320 2436 2375 καὶ
2463 2321 2637 2388 λέγων
2664 2320 2837 2392 ὀρθῶς
2872 2336 2885 2351 ⁶
2913 2322 3083 2378 Ὅσοι
3113 2325 3223 2394 γὰρ
3252 2326 3325 2378 ἐν
3355 2329 3647 2397 Πνεύματι
3677 2326 3797 2381 Θεοῦ

2256 2413 2524 2482 ἄγονται,
2556 2409 2727 2467 οὗτοί
2756 2416 2917 2466 εἰσιν
2961 2416 3081 2470 υἱοὶ
3113 2418 3283 2472 Θεοῦ.
3342 2420 3425 2473 Οὐ
3454 2421 3560 2487 γὰρ
3596 2419 3800 2473 ἐλάϐετε

2255 2505 2493 2573 πνεῦμα
2516 2506 2799 2570 δουλείας
2821 2509 2909 2570 εὶς
2927 2508 3137 2575 φόϐον,
3162 2509 3299 2563 ἀλλ’
3324 2509 3568 2564 ἐλάϐετε
3597 2512 3805 2577 Πνεῦμα,

2256 2601 2590 2666 υἱοθεσίας,
2617 2600 2686 2654 ἐν
2708 2595 2755 2667 ᾦ
2779 2599 3088 2669 κράζομεν,
3106 2601 3283 2655 Ἀϐϐά
3311 2606 3345 2656 ό
3378 2603 3595 2671 Πατήρ.
3626 2602 3799 2656 Οὐκοῦν

2258 2695 2305 2745 εί
2333 2691 2392 2744 τὸ
2425 2692 2651 2761 Πνεῦμα
2686 2692 2746 2746 τὸ
2778 2693 2938 2759 ἆγιον
2983 2693 3135 2756 υἱοὺς
3166 2693 3518 2749 ἀποδεικνύει
3548 2695 3673 2749 Θεοῦ
3698 2695 3798 2765 τοὺς

2258 2784 2315 2836 ὲν
2344 2775 2423 2844 οἷς
2451 2783 2723 2846 κατοικεῖ,
2763 2783 2856 2834 καὶ
2907 2781 3057 2845 Θείας
3122 2783 3424 2851 ἐργάζεται
3460 2786 3663 2853 φύσεως
3712 2804 3803 2838 ttat-

2258 2875 2483 2939 νωνοῦς,
2528 2873 2605 2936 ὡς
2653 2873 2914 2926 ἐντεῦθεν
2956 2873 3267 2943 ἡνωμένους
3318 2878 3399 2943 τῷ
3474 2877 3607 2945 ὑπὲρ
3651 2878 3800 2929 πάντα

2258 2967 2371 3020 ὄντι
2396 2965 2516 3036 Θεῷ
2532 2966 2669 3036 μετά
2688 2966 3001 3037 παρρησίας
3016 2960 3275 3039 ἀναὸοᾷν,
3303 2986 3322 3020 s
3349 2969 3523 3023 ’Δσὸἄ
3542 2972 3568 3021 ὁ
3592 2969 3797 3038 Πατὴρ,ι

2262 3062 2363 3113 οὐκ
2399 3061 2454 3112 ὲν
2481 3060 2714 3124 δούλοις,
2770 3060 2892 3113 οὐδὲ
2940 3060 2997 3112 ὲν
3047 3061 3162 3122 τοῖς
3201 3061 3476 3130 ποιήμασι
3531 3061 3802 3126 τετάξεται,

2182 3178 2229 3238 c
2261 3151 2486 3219 φορέσει
2535 3148 2593 3201 δὲ
2634 3149 2836 3219 μᾶλλον
2899 3150 3147 3219 φυσικῶς
3176 3151 3239 3203 τὸ
3285 3152 3392 3221 τῆς
3444 3152 3593 3215 θείας
3642 3152 3804 3214 οὐσίας

2261 3242 2483 3312 ἀξίωμα
2519 3240 2579 3308 ἐξ
2610 3241 2783 3308 αὐτῆς
2814 3257 2873 3293 τε
2907 3240 3180 3311 ὑπάρχον,
3232 3242 3332 3295 καὶ
3364 3244 3495 3314 παρ’
3519 3243 3678 3313 αὐτῆς
3705 3243 3800 3302 τοῖς

2256 3335 2433 3404 ἁγίοις
2461 3335 2529 3388 δι’
2565 3335 2697 3389 Υἱοῦ
2719 3333 3152 3405 χορηγούμενον,
3199 3336 3287 3389 διά
3322 3354 3387 3390 τε
3438 3337 3594 3390 τοῦτο
3620 3337 3803 3390 θεοποιο

2254 3428 2370 3497 οῦν,
2404 3428 2499 3483 καὶ
2528 3429 2609 3490 είς
2640 3429 2864 3499 υίότητα
2894 3429 3094 3487 καλοῦν
3124 3430 3180 3480 ὲν
3219 3424 3301 3491 οἷς
3332 3429 3403 3484 ἂν
3433 3429 3653 3498 γένοιτο.

2477 3523 2579 3576 Ἐκ
2609 3519 2727 3574 τῶν
2768 3520 3055 3589 Πρὰξεων
3081 3520 3203 3575 τῶν
3231 3522 3613 3576 ἀποστόλων.

2325 3612 2383 3665 '0
2403 3610 2513 3665 τῶν
2535 3613 2851 3666 ἀποστόλων
2871 3596 3168 3687 τιρόκριτος
3191 3606 3234 3679 ᾧ
3252 3613 3313 3666 τὸ
3346 3614 3493 3668 θεῖον
3516 3612 3799 3684 μυστήριον,

2255 3704 2398 3761 καθά
2414 3723 2581 3777 φησιν
2600 3707 2628 3757 ὁ
2645 3704 2856 3775 Σωτὴρ,
2875 3705 3057 3774 σὰρξ,
3089 3704 3189 3758 καὶ
3210 3700 3356 3775 αἷμα
3394 3707 3506 3760 οὐκ
3540 3702 3803 3758 ἀπεκάλυ-

2252 3802 2393 3867 ψεν,
2426 3798 2562 3851 ἀλλ’
2591 3799 2623 3850 ὁ
2642 3797 2846 3865 Πατὴρ
2872 3799 2904 3851 ὁ
2946 3796 3017 3850 ἐν
3042 3796 3165 3862 τοῖς
3194 3796 3493 3864 οὐρανοῖς,
3517 3796 3655 3862 λέγει
3686 3793 3799 3861 πρὸς

2268 3888 2544 3954 Ἀνανίαν,
2569 3888 2917 3957 προσάγοντα
2935 3886 3036 3955 μὲν
3052 3886 3150 3956 τὴν
3166 3886 3262 3939 τοῦ
3276 3888 3481 3958 χωρίου
3501 3886 3677 3957 τιμὴν,
3695 3886 3799 3936 ἀπο·

2254 3984 2653 4051 νοσφισάμενον
2675 3980 2733 4032 δέ
2755 3998 2806 4032 τι
2834 3979 3003 4050 μέρος
3020 3979 3115 4034 ἀπ’
3144 3979 3321 4048 αὐτῆς
3345 3996 3359 4009 -
3393 3982 3647 4042 Ἀνανία,
3670 3975 3798 4029 διατι

2253 4074 2613 4141 ἐπλήρωσεν
2639 4075 2671 4125 ό
2698 4069 2971 4136 Σατανᾶς
2995 4071 3110 4138 τὴν
3141 4070 3397 4137 καρδίαν
3442 4086 3554 4125 σου
3605 4070 3800 4137 ψεύσα-

2254 4166 2397 4218 σθαι
2422 4162 2489 4218 τὸ
2521 4162 2765 4230 Πνεῦμα
2813 4161 2879 4217 τὸ
2903 4160 3097 4230 ἅγιον,
3151 4162 3250 4215 καὶ
3280 4160 3681 4232 νοσφίσασθαι
3699 4152 3797 4211 ἀπὸ

2253 4254 2364 4324 τῆς
2390 4255 2565 4325 τιμῆς
2596 4272 2703 4309 του
2726 4255 2945 4321 χωρίου
2967 4269 2988 4319 ;
3015 4249 3146 4305 Εἶτα
3207 4256 3470 4307 συνάπτει
3500 4252 3694 4310 τούτοις
3722 4248 3791 4309 τὸ,

2257 4350 2380 4402 Οὐκ
2404 4348 2646 4415 ἐψεύσω
2667 4345 3025 4412 ἀνθρώποις,
3082 4344 3247 4398 ἀλλὰ
3273 4344 3354 4410 τῷ
3406 4344 3545 4409 Θεῷ.
3618 4336 3795 4394 Οὐκοῦν

2256 4442 2305 4493 εί
2340 4442 2368 4492 ὁ
2401 4439 2478 4509 τῷ
2498 4437 2638 4507 ἁγίῳ
2671 4436 2955 4505 Πνεύματι
2985 4436 3344 4505 ψευδόμενος,
3378 4436 3455 4505 τῷ
3503 4433 3615 4502 Θεῷ
3637 4428 3795 4500 ψεύδε-

2185 4516 2230 4571 Ῐ)
2261 4550 2376 4599 ται,
2406 4533 2539 4594 Θεὸς
2571 4532 2682 4600 ἀρα
2705 4531 2765 4585 τὸ
2795 4529 3047 4599 Πνεῦμα,
3087 4532 3185 4582 καὶ
3219 4532 3278 4582 ὲν
3305 4528 3429 4599 Θεῷ
3462 4525 3707 4597 φυσικῶς.

2805 4620 2913 4673 Ἐκ
2937 4618 3059 4673 τῶν
3085 4618 3311 4674 αὐτῶν.

2334 4717 2417 4768 Τὰ
2437 4717 2500 4766 ὲκ
2522 4714 2623 4783 τῆς
2642 4711 2738 4764 τοῦ
2767 4712 2922 4781 Σωτῆ
2933 4729 3023 4781 ρος
3054 4712 3212 4782 ἡμῶν
3236 4711 3530 4781 ἐπιδημίας
3552 4700 3793 4772 εὐαγγελι-

2262 4807 2492 4876 ζόμενος
2517 4805 2702 4873 ἀγαθά
2725 4804 2860 4875 φησί
2876 4819 2982 4856 που
3011 4805 3038 4856 ὁ
3060 4803 3194 4864 Θεὸς
3217 4807 3348 4873 περὶ
3372 4803 3478 4856 τῶν
3501 4797 3677 4853 ἑαυτοῦ
3696 4811 3794 4844 ποι·

2267 4900 2460 4969 μνίων,
2483 4899 2566 4952 ὅτι
2606 4894 2952 4961 Ἀναστήσω
2988 4893 3196 4960 αὐτοῖς
3220 4893 3506 4964 ποιμένας
3542 4887 3677 4943 κατὰ
3706 4881 3793 4946 τὴν

2264 4986 2520 5059 καρδίαν
2541 5006 2660 5059 μου
2683 4988 2781 5042 καὶ
2814 4985 3219 5054 ποιμανοῦσιν
3248 4986 3401 5039 αὐτὰ
3428 4981 3793 5076 ποιμαίνοντες

2260 5084 2389 5155 μετ’
2409 5080 2771 5149 ἐπιστήμης.
2796 5078 3004 5141 Παῦλος
3022 5078 3079 5131 δὲ
3099 5080 3127 5130 ὁ
3146 5077 3247 5146 τῆς
3268 5076 3514 5145 ἀληθείας
3532 5067 3686 5140 κῆρυξ
3703 5067 3790 5120 τοῖς

2280 5174 2549 5245 Ἐφεσίων
2572 5170 2970 5242 πρεσϐυτέροις
2995 5169 3361 5240 προσομιλῶν,
3381 5164 3700 5257 Προσέχετξι
3716 5170 3790 5257 φης

2265 5241 2369 5335 σίν,
2402 5241 2659 5331 ἂαυτοῖς,
2691 5264 2792 5318 καὶ
2821 5263 3002 5317 παντὶ
3041 5263 3122 5328 τῷ
3148 5262 3419 5332 ποιμνίῳ,
3436 5259 3502 5312 ἐν
3524 5248 3569 5323 ᾧ
3587 5247 3717 5321 ὑμᾶς
3735 5241 3785 5294 τὸ

2259 5358 2505 5427 Πνεῦμα
2519 5356 2584 5408 τὸ
2602 5355 2775 5423 ἅγιον
2788 5354 2957 5408 ἔθετο
2968 5356 3360 5418 ἐπισκόπους.
3369 5351 3491 5403 Ὀτι
3502 5346 3660 5399 τοίνυν
3669 5339 3783 5427 ἅπτε

2263 5424 2533 5520 ὑπέσγετο
2549 5449 2681 5521 δρᾷν
2695 5454 2721 5503 ὁ
2737 5448 2869 5510 Θεὸς
2889 5448 3009 5517 μετ’
3026 5447 3146 5513 ἐξου
3155 5447 3294 5511 σίας,
3313 5446 3373 5497 τὸ
3388 5440 3593 5507 Πνεῦμα
3608 5424 3783 5497 πληρτλο

2268 5545 2364 5597 καὶ
2391 5542 2657 5611 ποιμένας
2689 5540 2897 5610 ἐγείρει
2929 5544 3074 5593 κατὰ
3111 5539 3211 5610 τὴν
3252 5542 3310 5591 ὲν
3342 5532 3623 5605 προφήταις
3645 5524 3783 5611 ἕπτ’

2268 5605 2609 5703 γελίαν,ὀύκ
2637 5605 2919 5700 ἀλλοτριον
2960 5631 3071 5701 ἄρα
3240 5626 3387 5688 θείας
3438 5619 3606 5677 οὐσίας
3641 5605 3777 5662 ἐστὶνο

2562 5752 2583 5783 ⁸
2634 5750 2789 5804 Rom.
2834 5762 2953 5815 vnt,
3004 5746 3215 5815 14,1ὕ.
3317 5745 3338 5777 ⁵
3374 5735 3547 5794 Matth.
3588 5715 3770 5787 “2,17.
