4070 6290
358 415 470 476 801
1346 422 1434 480 PA
1444 420 1723 481 NOPLIA
1759 419 1938 482 DOGi

2042 421 2218 483 l‘ICA.
2253 447 2320 459 --
2359 423 2404 481 Τ
2410 425 2504 484 l'l‘.
2549 425 2682 488 ΧΗ.
3539 426 3644 491 862

359 524 489 577 ἀλλ’
521 527 597 592 ὡς
624 526 880 598 ἐνέργεια
917 529 1126 601 φυσικὴ
1155 545 1216 581 τε
1249 530 1344 581 καὶ
1375 529 1667 600 οὑσιώδης,
1721 531 1815 583 καί
1861 531 1938 583 ενι

2053 547 2214 600 quam
2246 535 2326 587 vis
2359 537 2642 602 naturalis,
2666 548 2720 591 et
2743 553 2808 591 ex
2843 537 3084 594 essentia
3137 547 3416 604 constans,
3477 551 3642 609 atque

364 617 678 682 οιπόστατος
703 619 764 684 ἐξ
795 619 968 690 αὐτῆς
997 620 1287 691 προϊοῦσα,
1323 623 1417 675 καὶ
1441 623 1500 675 ὲν
1521 625 1660 692 αὐτῇ
1688 623 1948 693 μένουσα,

362 711 552 764 πάντα
582 711 877 782 ἐργάζεται
901 713 972 766 τὰ
1013 712 1110 766 τοῦ
1139 713 1299 769 Θεοῦ.

909 805 1010 860 Ἐκ
1051 805 1172 859 τῶν
1195 809 1417 863 αὐτῶν.

453 895 766 963 Ἀθηναίοις
799 899 827 950 ὁ
856 898 1068 961 Παῦλος
1101 898 1170 952 τά
1194 900 1332 971 πρὸς
1361 900 1647 954 εὐσέϐειαν
1701 901 1950 970 διαλεγό-

367 1006 556 1055 μενος,
610 989 826 1041 καὶτὸν
880 991 1052 1060 ἀληθῆ
1101 994 1458 1060 καταγγέλων
1506 995 1638 1047 Θεὸν
1685 994 1948 1061 ἔφασκεν,

363 1081 449 1133 ὅτι
501 1080 603 1134 Ἐν
641 1079 802 1146 αὐτῷ
835 1081 1044 1152 ζῶμεν.
1078 1085 1177 1138 καὶ
1231 1087 1575 1154 κινούμεθα,
1607 1086 1706 1140 καὶ
1737 1085 1947 1156 ἐσμέν.

375 1173 440 1225 '0
457 1175 513 1226 δέ
543 1191 606 1235 γε
638 1173 844 1243 Κύριος
877 1176 1036 1244 ἡμῶν
1068 1177 1275 1246 Ἰησοῦς
1299 1177 1533 1249 Χριστὸς
1568 1179 1668 1248 τὴν
1693 1179 1952 1247 τοιαύτην

363 1266 653 1336 ἐνέργειαν
699 1267 801 1338 τὴν
843 1269 1146 1340 γενομένην
1176 1271 1330 1338 παρὰ
1374 1270 1470 1322 τοῦ
1499 1270 1637 1324 Θεοῦ
1669 1270 1748 1341 τῷ
1806 1273 1951 1342 ἁγίῳ

362 1361 648 1427 Πνεύματι
681 1360 1000 1432 περιτίθησι
1041 1362 1216 1431 λέγων
1246 1380 1260 1394 ·
1306 1363 1376 1416 Τὸ
1435 1363 1682 1432 Πνεῦμά
1720 1364 1853 1417 ἐστι
1884 1362 1951 1417 τὸ

364 1452 713 1512 ζὶυοποιοῦν.
747 1454 880 1518 Θεὸς
929 1457 1036 1526 ἄρα
1085 1459 1146 1508 τὸ
1182 1454 1408 1523 Πνεῦμα
1457 1455 1516 1508 τὸ
1553 1458 1612 1509 ἐν
1639 1448 1684 1523 ᾧ
1741 1457 1949 1525 ζῶμεν,

362 1547 466 1598 καὶ
513 1547 834 1616 κινούμεθα,
871 1550 966 1601 καὶ
1001 1548 1189 1616 ὲσμὲν,
1247 1550 1390 1602 κατά
1439 1549 1540 1618 τὴν
1574 1549 1669 1601 τοῦ
1703 1549 1949 1602 ’Παύλου

363 1639 574 1706 φωνὴν,
608 1640 701 1690 καὶ
731 1639 827 1708 τὴν
861 1639 956 1692 τοῦ
989 1639 1244 1709 Σωτῆρος
1277 1641 1432 1709 ἡμῶν
1471 1641 1807 1712 μαρτυρίαν.

875 1733 978 1784 Ἐκ
1017 1732 1137 1785 τῶν
1167 1735 1219 1786 Ψ
1219 1740 1294 1786 αλ
1298 1731 1452 1801 μῶν.

440 1822 606 1889 Λέγει
642 1823 989 1893 πουξ-ψάλλων
1041 1827 1071 1879 ὁ
1125 1827 1400 1897 μακάριος
1454 1825 1640 1888 Δαὸὶδ,
1687 1823 1784 1876 καὶ
1825 1819 1952 1886 τοὺς

2056 626 2376 690 subsistens,
2411 639 2465 683 et
2497 643 2562 682 ex
2592 629 2704 697 ipsa
2721 631 3066 698 proveniens,
3088 647 3143 686 et
3175 633 3230 686 in
3277 633 3390 700 ipsa
3417 649 3641 690 manens

2056 718 2238 772 omnia
2263 719 2411 786 iacit,
2436 734 2556 788 qua:
2585 719 2678 773 Dei
2704 731 2850 776 sunt.

2589 809 2674 863 Ex
2710 814 2891 865 eodem
2952 813 3108 868 libro.

2124 899 2327 957 Paulus
2393 901 2459 955 ad
2517 903 2879 958 Athenienses
2930 908 2995 960 de
3042 907 3300 977 religione
3347 913 3506 965 verba
3560 911 3639 963 ia-

2054 995 2207 1051 ciens
2240 1012 2256 1050 :
2291 993 2555 1060 Quoniam
2597 997 2650 1048 in
2670 999 2806 1065 ipso,
2837 998 3034 1066 inquit,
3061 1002 3300 1067 uiuimus,
3354 1011 3403 1055 et
3466 1019 3640 1056 suove-

2055 1105 2196 1152 mur,
2230 1097 2276 1142 et
2308 1103 2491 1141 sumus
2517 1087 2556 1140 ⁸.
2587 1087 2660 1143 ΑΙ.
2685 1088 2945 1145 Dominus
2969 1102 3157 1147 noster
3181 1092 3340 1148 Jesus
3391 1095 3638 1148 Christus

2055 1181 2195 1234 banc
2222 1179 2356 1243 vim,
2393 1194 2512 1246 quae
2550 1180 2774 1253 nobisa
2837 1182 3094 1250 Deo,est,
3137 1187 3361 1240 ascribit
3413 1186 3636 1255 Spiritui

2053 1281 2294 1326 sancto:
2360 1270 2616 1336 Spiritus,
2677 1273 2952 1344 iuquiens,
3004 1287 3120 1344 est,
3171 1279 3260 1347 qui
3316 1279 3543 1349 uiviﬁcat
3594 1283 3636 1334 ³.

2053 1363 2198 1418 Deus
2225 1379 2357 1434 ergo
2387 1364 2624 1432 Spiritus
2655 1366 2765 1431 ille,
2799 1368 2980 1437 infquo
3021 1369 3277 1434 vivimus,
3331 1387 3633 1431 movemur.

2053 1468 2107 1512 et
2126 1474 2337 1523 sumus,
2377 1468 2437 1513 ut
2493 1458 2698 1515 Paulus
2727 1461 2878 1528 dicit,
2917 1471 2974 1517 et
3014 1461 3275 1518 Servatur
3317 1473 3502 1519 noster
3558 1475 3638 1522 te-

2052 1563 2242 1607 ειειιιγ.

2662 1739 2748 1793 E1:
2771 1738 3028 1793 Psalmis.

2124 1830 2342 1885 Canens
2365 1831 2598 1899 quodam
2619 1832 2738 1886 loco
2766 1833 2958 1888 beatus
2983 1833 3168 1896 David,
3197 1835 3469 1904 verbaque
3529 1851 3627 1890 sua

31 1890 132 1992 ᾖ]
362 1911 562 1979 λόγους
602 1890 901 1968 ἀνατείνων
950 1916 1089 1987 πρὸς
1125 1890 1312 1968 Scott"
1345 1917 1469 1970 Ποῦ
1506 1915 1782 1983 πορευθῶ
1829 1916 1938 1968 ἀπὸ

2056 1922 2126 1974 ad
2162 1921 2328 1976 Deum
2361 1890 2602 1991 dirigens
2635 1923 2812 1988 :Quo,
2848 1923 3044 1992 inquit,
3071 1890 3168 1977 ibo:
3203 1890 3475 1993 alSpiiitu
3523 1933 3636 1986 tuo,

361 2005 474 2060 τοῦ
502 2005 849 2075 Πνεῦματός
875 2024 1016 2070 σου.
1055 2009 1155 2063 καί
1187 2008 1307 2064 ἀπὸ
1346 2009 1452 2062 τοῦ
1479 2007 1807 2076 προσώπου
1831 2021 1938 2061 σοι

2053 2025 2101 2067 et
2124 2031 2226 2085 quo
2252 2032 2284 2068 a
2311 2016 2445 2085 facie
2467 2024 2556 2070 tua
2575 2015 2779 2085 fugiam
2802 2016 2826 2068 ?
2857 2016 2915 2069 Si
2938 2018 3220 2070 ascendero
3240 2018 3294 2070 iu
3325 2019 3533 2076 caelum.
3580 2025 3637 2068 tu

39 2097 108 2174 ἶ
361 2097 485 2155 ποῦ
523 2099 732 2167 sati-rw;
788 2099 931 2153 Ἐὰν
977 2099 1177 2154 ἀναϐῶ
1231 2104 1318 2164 εἰς
1371 2102 1478 2153 τὸν
1523 2101 1808 2167 οὐρανὸν,
1857 2099 1938 2152 σὺ

2055 2106 2172 2159 illic
2201 2123 2276 2160 es.
2315 2105 2370 2161 Si
2401 2107 2719 2160 descendero
2750 2108 2800 2160 in
2816 2107 3105 2173 infernum,
3139 2108 3287 2160 ades.
3311 2106 3372 2160 Si
3404 2122 3639 2174 sumpse-

53 2169 124 2252 ’.ἦ
361 2189 576 2243 suist.
621 2191 756 2245 Ἐὰν
773 2193 1008 2246 καταϐῶ
1052 2195 1138 2257 εὶς
1166 2193 1273 2245 τὸν
1305 2192 1479 2259 ᾅδην,
1529 2192 1725 2258 πάρει.
1798 2192 1938 2246 Ἐὰν

2055 2210 2113 2248 ro
2137 2211 2332 2263 pennas
2358 2212 2498 2250 meas
2521 2195 2776 2258 diluculo,
2814 2205 2862 2248 et
2886 2194 3200 2250 Itabitauero
3259 2197 3313 2248 in
3384 2195 3637 2248 extremis

34 2263 143 2358 fx»
362 2282 723 2352 ἀναλάϐοιμι
775 2285 880 2352 τὰς
924 2285 1220 2358 πτέρυγάς
1237 2303 1356 2354 μου
1409 2287 1540 2338 κατ’
1577 2286 1814 2353 ὄρθρον,
1849 2287 1938 2340 καὶ

2053 2286 2237 2336 utaris.
2267 2284 2470 2338 Etenim
2497 2283 2625 2337 illuc
2663 2301 2851 2338 manus
2885 2294 2976 2338 tua
3006 2285 3227 2337 deducet
3263 2293 3428 2348 me,et
3484 2294 3636 2335 tene-

362 2378 817 2444 κατασκηνώσω
837 2381 923 2445 εις
943 2380 1016 2433 τὰ
1038 2379 1270 2447 ἔσχατα
1297 2378 1406 2446 τῆς
1453 2377 1797 2445 θαλάσσης.
1838 2379 1938 2435 Kal

2053 2376 2124 2428 bit
2165 2379 2386 2431 dextera
2411 2386 2502 2429 tua
2529 2377 2573 2430 ³.
2634 2375 2768 2431 Cum
2819 2375 2985 2444 igitur
3024 2374 3293 2443 Spiritttm
3345 2382 3398 2428 et
3440 2373 3633 2427 faciem

362 2468 477 2535 τὰρ
499 2469 627 2521 ἐκεῖ
648 2470 686 2536 ἡ
712 2471 841 2538 xet'p
874 2487 992 2526 σου
1012 2471 1303 2540 ὁδηγήσει
1327 2487 1426 2539 με,
1468 2472 1567 2525 καὶ
1601 2471 1844 2535 καθέξει
1872 2489 1938 2540 με

2051 2464 2228 2521 Patris
2255 2469 2520 2529 nominet,
2557 2478 2813 2536 tanquam
2839 2468 3240 2534 exprimentem
3275 2479 3368 2534 per
3397 2465 3633 2518 divinant

361 2563 402 2626 ἡ
423 2560 593 2623 δεξιά
615 2578 754 2616 σου.
787 2563 916 2616 Ὅτε
943 2564 1126 2617 τοίνυν
1163 2566 1225 2618 τὸ
1257 2564 1480 2633 Πνεῦμα
1511 2563 1607 2616 καὶ
1655 2564 1938 2626 πρόσωπον

2051 2560 2322 2614 actionem
2359 2561 2671 2625 essentiam,
2697 2576 2760 2614 ex
2789 2575 2893 2628 qua
2913 2567 3014 2623 est,
3039 2558 3285 2612 nominet
3309 2559 3471 2612 etiam
3515 2572 3634 2610 ma-

363 2650 724 2703 ἀποκαλεῖται
775 2651 871 2704 τοῦ
925 2653 1160 2723 ηατρὸς,
1199 2654 1274 2717 ὡς
1331 2653 1666 2718 ὲξεικονίζον
1697 2653 1787 2706 διὰ
1843 2653 1938 2722 τῆς

2053 2663 2638 2722 mttnprupter,rerutn
2695 2652 2937 2708 omnium
3004 2651 3356 2714 effectricem,
3399 2665 3518 2719 qua:
3579 2651 3631 2702 is

83 2737 149 2766 τί
365 2742 711 2811 θεοπρεποῦς
739 2746 1018 2816 ἐνεργείας
1047 2746 1147 2815 τὴν
1182 2745 1240 2810 ἐξ
1271 2741 1338 2818 ἦς
1365 2748 1514 2798 ἐστιν
1542 2745 1758 2810 οὐσίαν,
1810 2747 1938 2798 ἁπο-

2053 2748 2172 2814 ipso
2191 2755 2292 2810 est,
2321 2754 2660 2814 potestatem,
2701 2745 2973 2813 quomodo
3004 2742 3144 2796 Deus
3165 2758 3272 2796 non
3293 2751 3396 2803 cst.
3421 2751 3476 2795 et
3525 2742 3596 2792 Pa
3613 2770 3630 2781 -

365 2835 527 2889 καλεῖ
559 2836 624 2908 δὴ
678 2839 773 2892 καὶ
823 2841 983 2910 χεῖρα
1051 2840 1139 2894 διὰ
1187 2841 1286 2910 τὴν
1340 2839 1760 2910 ἐνυπάρχουσαν
1794 2835 1938 2906 αὐτῷ

2053 2841 2121 2893 tri
2153 2855 2250 2909 per
2284 2840 2579 2894 essentiam
2623 2837 2943 2906 coniunctus
2964 2877 2979 2902 ,
3009 2851 3131 2891 cum
3153 2835 3436 2904 eteaipss,
3469 2842 3526 2887 et
3582 2837 3634 2886 in

103 2942 142 3002 ’ᾖ
365 2929 706 3000 παντουργόν
729 2931 982 2998 δύναμιν,
1007 2933 1123 2996 πῶς
1156 2935 1256 2986 οὐκ
1289 2932 1353 2986 ἂν
1383 2933 1470 3001 είη
1503 2931 1658 2994 Θεὸς,
1704 2931 1798 2984 καὶ¹
1821 2931 1942 2983 κατ’
2049 2931 2278 3002 ἰρεοιείι,
2310 2931 2831 3000 ηιιοηιειιιιιοιίιιιιιεῑ
2862 2943 3056 2982 manus
3095 2929 3164 2981 ab
3227 2929 3460 2981 humano
3515 2942 3638 2979 curo

61 3000 148 3051 ,τὶν
367 3021 554 3074 οὐσίαν
582 3021 660 3092 τῷ
702 3025 877 3096 Πατρὶ
918 3029 1294 3094 συνημμένον,
1334 3025 1394 3088 ἐξ
1423 3000 1592 3078 αῦτοῦ
1639 3041 1697 3077 τε
1732 3023 1816 3091 ὃν,
1848 3025 1938 3078 καὶ

2050 3000 2178 3092 pure
2209 3039 2313 3076 non
2337 3033 2421 3077 est
2444 3022 2712 3091 seiuncta,
2736 3023 2830 3076 sed
2861 3021 2913 3074 in
2933 3023 3048 3088 ipso
3097 3022 3276 3089 potius
3327 3021 3526 3086 vincta,
3578 3029 3638 3074 et

61 3111 150 3146 133
360 3113 420 3165 ὲν
443 3113 631 3184 aitait;
667 3115 858 3184 ὥσπερ
890 3115 984 3172 οὖν
1003 3118 1096 3171 καὶ
1119 3119 1153 3188 ἡ
1173 3117 1294 3188 χεὶρ
1311 3117 1408 3170 τοῦ
1443 3118 1792 3188 ἀνθρωπείου
1831 3117 1938 3170 σώ-

2049 3115 2366 3169 ttatnralitet'
2397 3111 2669 3168 inita-ret?

91 3189 135 3236 ἓίέ
361 3223 535 3276 ματος
593 3208 654 3261 οὐ
701 3210 1057 3280 κεχώρισται,
1103 3211 1312 3264 δέδεται
1343 3211 1401 3264 δὲ
1431 3212 1634 3281 μᾶλλον
1662 3214 1720 3266 ὲν
1769 3211 1941 3282 αὐτῷ,
1970 3214 2014 3276 C

65 3298 101 3346 εξ
119 3291 145 3326 λ’
355 3301 454 3352 καὶ
482 3303 778 3374 ἐρρίζωται
808 3306 1078 3373 φυσικῶς.

87 3374 145 3425 :1?
739 3399 840 3451 Ἐκ
873 3399 983 3466 τῆς
1021 3400 1172 3468 πρὸς
1201 3401 1552 3466 Κορινθίους

2440 3403 2522 3454 Ea:
2546 3401 2786 3469 Epistola
2804 3399 2874 3453 ad
2901 3398 3225 3457 Corinthios.

84 3482 141 3520 δεῖ
442 3487 781 3542 Ἐπιστέλλει
807 3493 834 3543 ὁ
854 3492 1064 3555 Παῦλος
1090 3493 1314 3546 τοιῶσδε
1336 3513 1346 3523 ·
1380 3496 1430 3546 Γ
1435 3492 1653 3561 νωρίζω
1676 3493 1745 3546 δὲ
1773 3492 1936 3560 ὑμῖν.

2126 3496 2323 3552 Scribit
2351 3495 2549 3548 Paulus
2581 3495 2643 3547 ad
2661 3496 2801 3547 hunc
2829 3494 3079 3547 modum:
3107 3491 3303 3544 Notum
3325 3489 3466 3559 facio
3486 3488 3630 3543 saltis

56 3579 131 3615 -τέ
354 3579 447 3632 ὅτι
464 3580 666 3646 οὐδεὶς
679 3581 749 3634 ἐν
767 3585 1066 3652 Πνεύματι
1092 3585 1240 3639 Θεοῦ
1263 3586 1472 3640 λαλῶν
1489 3586 1654 3656 λέγει
1669 3586 1938 3656 ἀνάθεμα

2044 3593 2180 3662 quod
2219 3590 2439 3645 uemoin
2482 3589 2688 3657 Spiritu
2718 3587 2810 3640 Dei
2874 3587 3085 3655 loquens
3144 3584 3274 3638 dicit
3349 3581 3626 3636 anathema

53 3669 124 3710 ’ν’
365 3671 634 3738 Ἰησοῦν.
663 3675 794 3736 Καὶ,
842 3675 1054 3742 Οὐδεὶς
1090 3675 1339 3730 δύναται
1362 3677 1556 3731 εἰπεῖν
1586 3680 1804 3746 Κύριον
1833 3681 1936 3746 ’1η-

2043 3687 2247 3740 Issum.
2287 3685 2349 3738 Et
2371 3700 2390 3737 :
2417 3682 2586 3736 Nemo
2608 3691 2775 3750 potest
2799 3681 2971 3734 dicere
2988 3679 3266 3732 Demittunt
3289 3675 3496 3738 Iesum,
3523 3672 3626 3726 nisi

85 3768 110 3805 -;
351 3763 536 3830 σοῦν,
557 3768 608 3819 ει
622 3765 708 3835 μὴ
738 3767 1122 3837 ἐνΠνεύματι
1161 3770 1324 3840 ἁγίῳ.
1358 3771 1629 3840 Πρόδηλον
1671 3767 1784 3838 οὖν,
1813 3773 1938 3824 ὅτιό

2042 3781 2098 3831 in
2146 3779 2355 3842 Spiritu
2388 3776 2633 3828 sancto‘.
2669 3775 2878 3839 Quibus
2931 3789 2994 3827 ex
3028 3772 3204 3826 verbis
3267 3769 3423 3823 facile
3483 3783 3618 3820 con-

10 4053 84 4085 ,γε

356 3857 605 3928 μετέχων
633 3857 726 3911 τοῦ
753 3860 910 3927 ἁγίου
933 3859 1250 3930 Πνεύματος
1274 3857 1414 3914 οἶδεν
1433 3862 1576 3914 owed”
1588 3862 1790 3931 Κύριον
1826 3865 1935 3932 ’1ης-

353 3948 792 4020 σοῦν.Ὥσπεροί
818 3951 1036 4018 μέλιτος
1060 3952 1498 4022 ἀπογευσάμενοι
1515 3952 1602 4004 διὰ
1625 3953 1726 4020 τῆς
1749 3953 1809 4018 ἐξ
1840 3954 1939 4006 αὐ-

349 4039 453 4091 τοῦ
478 4041 761 4110 ποιότητος
789 4041 1016 4102 οἴδασιν,
1042 4043 1124 4099 ὅτι
1151 4041 1325 4108 γλυκὺ
1352 4044 1413 4094 τὸ
1447 4043 1595 4112 μέλι,
1621 4043 1768 4096 οὕτω
1790 4045 1884 4098 καὶ
1908 4046 1936 4096 ὁ

349 4128 452 4181 τοῦ
484 4129 800 4198 Πνεύματος
824 4131 1076 4200 μέτοχος.
1113 4129 1330 4182 Οὐκοῦν
1365 4131 1431 4182 ὲκ
1482 4132 1584 4199 τῆς
1615 4129 1806 4192 οὐσίας
1837 4131 1932 4182 τοῦ

353 4219 490 4273 Υίοῦ
521 4219 583 4273 τὸ
619 4221 848 4291 Πνεῦμα
901 4223 1127 4291 ποιότης
1157 4239 1261 4286 τις,
1301 4221 1389 4275 ἵνα
1434 4221 1609 4286 οὕτως
1667 4222 1933 4291 εἴπωμεν,

347 4314 606 4383 ὑπάρχον,
627 4313 720 4366 τοῦ
755 4314 1105 4382 κυριεύοντος
1135 4315 1563 4369 ἀπάντωνΘεοῦ.
1587 4315 1651 4369 Εἰ
1673 4315 1730 4368 δὲ
1751 4316 1932 4382 τοῦτο,

344 4407 483 4468 Θεὸς
522 4411 651 4478 ἄρα,
683 4408 779 4461 καὶ
819 4407 882 4460 ού
913 4408 1164 4478 γενητὸν,
1206 4408 1399 4480 ὥσπερ
1442 4411 1554 4472 τοῖς
1601 4410 1934 4481 ὲτεροδὸξοις

344 4502 515 4555 δοκεῖ.

2043 3880 2171 3930 stat,
2200 3882 2347 3930 eum,
2380 3867 2470 3933 qui
2536 3866 2806 3934 particeps
2845 3864 2916 3916 sit
2971 3862 3204 3927 Spiritus
3244 3860 3437 3922 sancti,
3471 3873 3629 3922 nosse

2043 3958 2330 4012 Dominum
2364 3958 2570 4022 Jesum;
2603 3957 2691 4026 qui
2728 3964 2908 4008 autem
2938 3955 3110 4008 sancti
3143 3951 3379 4020 Spiritus
3433 3965 3627 4015 expers

2041 4052 2132 4113 sit,
2165 4065 2286 4103 eum
2317 4050 2589 4117 ignorare.
2629 4047 2914 4116 Quomodo
2971 4047 3154 4114 igitur,
3201 4046 3291 4112 qui
3360 4043 3623 4111 Spiritum

2039 4148 2330 4194 assecutus
2359 4148 2466 4204 eet,
2507 4139 2658 4194 novit
2689 4139 2975 4194 Dominum
3013 4151 3134 4193 esse
3159 4134 3382 4189 Jt‘Stllll?
3416 4134 3623 4200 Quem-

2039 4233 2330 4288 admodum
2383 4232 2475 4302 qui
2543 4233 2648 4286 mel
2692 4234 3070 4302 degustarunt,
3127 4236 3347 4296 prupter
3391 4225 3624 4294 qualita-

2038 4337 2148 4380 tem
2186 4326 2380 4393 ipsius,
2411 4334 2752 4394 cugnoscunt
2777 4324 2882 4378 mel
2935 4339 3057 4378 esse
3113 4320 3293 4383 dulce,
3341 4320 3420 4373 sic
3461 4318 3620 4372 etiam

2038 4420 2132 4484 qui
2169 4415 2713 4486 Spiritusparticipes
2745 4417 2871 4470 facti
2903 4424 3050 4471 sunt.
3088 4413 3167 4467 Ex
3232 4412 3469 4465 essentia
3521 4409 3624 4477 igi-

2043 4518 2130 4563 tur
2149 4508 2270 4562 Filii
2313 4509 2548 4576 Spiritus
2588 4509 2823 4577 qualitas
2855 4507 3126 4577 quaedam,
3190 4515 3248 4557 ut
3296 4505 3367 4557 ita
3424 4503 3622 4562 dicam,

345 4600 562 4654 exsistit
589 4599 706 4666 Dei,
743 4599 834 4671 qui
860 4601 1113 4656 omnibus
1151 4602 1482 4658 dominatur.
1521 4605 1674 4672 Quod
1730 4605 1774 4660 si
1835 4606 1909 4658 ita
1949 4616 2057 4667 est,
2095 4604 2233 4658 Deus
2257 4611 2364 4670 est,
2419 4612 2724 4657 nouantem
2761 4601 3039 4666 factus,ut
3087 4600 3246 4653 aliter
3262 4594 3624 4654 sentientibus

345 4695 586 4750 videtur.

897 4789 1008 4845 Ἐκ
1033 4791 1143 4858 τῆς
1172 4791 1386 4860 αὐτῆς.

423 4883 535 4947 Τὰς
571 4883 682 4936 τῶν
714 4883 875 4937 θείων
906 4885 1269 4953 χαρισμάτων
1303 4883 1564 4953 διανομὰς
1595 4885 1622 4936 ἀ
1657 4883 1928 4954 μακάριος

1962 4795 2009 4852 D

2682 4789 2761 4842 Ex
2779 4791 2980 4843 eadem.

2110 4889 2422 4943 Divinarum
2461 4901 2749 4941 munerum
2787 4880 3204 4938 distributiones
3251 4878 3446 4931 beatus
3476 4875 3621 4930 Pau-

347 4976 565 5040 Παῦλος
590 4980 656 5046 τῇ
673 4975 770 5030 τοῦ
807 4977 968 5045 ἁγίου
1011 4975 1332 5046 Πνεύματος
1363 4977 1641 5038 ἀνατιθεὶς
1672 4977 1928 5048 ἐνεργείᾳ

2042 4982 2122 5034 lus
2149 4980 2322 5034 sancti
2349 4981 2586 5048 Spiritus
2613 4978 2895 5031 ascribens
2927 4974 3125 5028 actioni
3161 4986 3176 5022 :
3233 4969 3379 5033 Alii,
3423 4968 3617 5037 inquit,

351 5071 557 5142 γράφει
579 5070 764 5124 πάλινο
795 5063 864 5141 ᾯ
893 5069 1010 5138 μὲν
1039 5068 1138 5122 διὰ
1169 5067 1277 5122 τοῦ
1307 5071 1656 5138 Πνεύματος
1697 5069 1930 5125 δίδοται

2042 5088 2124 5126 ner
2147 5069 2404 5139 Spiritum
2438 5072 2597 5123 datur
2619 5083 2790 5122 s-rmo
2823 5066 3117 5134 sapientiae,
3149 5064 3245 5117 alii
3269 5072 3446 5115 autem
3501 5077 3618 5115 ser-

345 5166 535 5232 λόγος
558 5163 799 5230 σοφίας,
823 5154 871 5228 ᾧ
898 5161 966 5214 δὲ
985 5161 1171 5229 λόγος
1194 5161 1469 5229 γνώσεως
1502 5160 1655 5214 κατὰ
1681 5161 1749 5215 τὸ
1781 5161 1926 5216 αὐτὸ

2042 5181 2120 5216 mo
2145 5165 2376 5217 scientite
2408 5161 2694 5215 secundum
2734 5158 2972 5212 eumdem
2996 5154 3251 5220 Spiritum
3279 5170 3299 5218 ;
3329 5154 3423 5207 alii
3483 5153 3616 5221 ﬁdes

347 5255 616 5324 Πνεῦμα,
642 5253 810 5318 ἄλλῳ
839 5253 907 5306 δὲ
947 5253 1154 5316 πίστις
1190 5253 1260 5305 ἐν
1286 5250 1366 5316 τῷ
1408 5251 1568 5316 αὐτῷ
1607 5253 1927 5321 [Is-mittan-

346 5347 520 5411 ἄλλῳ
541 5345 609 5398 δὲ
640 5343 978 5413 χαρίσματα
1010 5342 1272 5410 ἰαμάτων
1290 5339 1455 5406 ἐντῷ
1491 5342 1581 5395 ἑνί
1608 5344 1928 5412 Πνεύματιο

346 5441 520 5505 ἄλλῳ
550 5437 617 5490 δὲ
639 5437 783 5504 γένη
811 5435 1135 5506 γλωσσῶν.
1161 5433 1354 5488 Ταῦτα
1391 5433 1460 5487 δὲ
1473 5433 1674 5488 πάντα
1702 5435 1939 5504 ἐνεργεῖ

347 5532 417 5585 τι)
447 5529 517 5584 ἓν
549 5530 645 5583 καί
675 5527 744 5582 τὸ
765 5528 908 5582 αὐτὸ
934 5527 1197 5596 Πνεῦμα,
1239 5526 1510 5596 διαιροῦν
1537 5526 1657 5593 Ιδίᾳ
1672 5526 1932 5595 ἑκάστῳ,

355 5626 555 5689 καθὼς
579 5623 895 5686 βούλεται.
939 5619 1082 5674 Ἀλλ’
1109 5619 1289 5687 εἰδὼς,
1323 5621 1405 5673 ὅτι
1443 5623 1506 5672 τὸ
1531 5617 1760 5689 Πνεῦμα
1794 5620 1931 5683 Θεός

347 5719 518 5776 ἐστιν,
536 5717 588 5766 ἒν
615 5717 681 5784 τῇ
707 5715 842 5783 αὐτῇ
861 5714 1022 5767 πάλιν
1037 5712 1329 5784 Ἐπιστολῇ
1355 5730 1522 5784 φησιν
1541 5711 1795 5779 ’Καὶοῦς
1811 5713 1923 5781 μὲν

425 5898 436 5925 ¹
471 5897 590 5952 Act.
646 5912 775 5961 XVII,
816 5898 902 5951 28.

983 5902 1000 5929 ¹
1027 5897 1184 5952 Joan.
1220 5909 1293 5962 vt,
1325 5895 1412 5951 (ii.
1492 5898 1508 5926 ³
1545 5897 1689 5952 I‘sal.
1751 5910 2015 5958 οων-ιιι,
2056 5893 2207 5951 7-10.
2286 5895 2304 5925 ⁸
2359 5893 2374 5947 l
2417 5893 2538 5951 Cor.
2575 5909 2671 5957 xu,
2704 5891 2754 5946 3.

2033 5255 2086 5307 in
2115 5255 2294 5308 eodem
2320 5252 2556 5318 Spiritu;
2588 5249 2682 5304 alii
2714 5251 2893 5322 gratia
2918 5249 3210 5302 sanitatum
3255 5247 3309 5300 in
3345 5262 3448 5299 uua
3498 5245 3616 5312 Spi-

2030 5346 2134 5398 ritu
2161 5363 2179 5411 ;
2214 5346 2311 5400 alii
2342 5361 2532 5414 genera
2561 5346 2886 5414 linguarum.
2926 5341 3056 5398 Haec
3078 5351 3252 5396 autem
3281 5341 3460 5393 omnia
3489 5352 3614 5404 ope-

2029 5449 2186 5491 ratur
2237 5453 2376 5490 unus
2411 5445 2567 5506 atque
2595 5437 2731 5490 idem
2787 5435 3042 5506 Spiritus,
3076 5435 3309 5488 dividens
3334 5430 3612 5500 sigiilatim

2027 5530 2338 5600 unicuique,
2367 5538 2524 5598 prout
2558 5529 2666 5585 uult
2694 5529 2740 5586 ⁸.
2773 5529 2918 5584 idem
2945 5527 3241 5596 Apostolus
3270 5541 3395 5581 cum
3440 5523 3612 5579 sciret

2031 5624 2291 5689 Spiritum
2324 5638 2447 5678 esse
2483 5621 2672 5688 Deum,
2715 5625 2767 5677 in
2808 5623 2995 5676 eadem
3035 5619 3277 5689 Epistula
3320 5634 3333 5671 :
3368 5617 3438 5672 Et
3475 5617 3609 5669 alios

2029 5714 2261 5784 quidem,
2301 5713 2494 5781 inquit,
2542 5713 2749 5783 Deuinn
2785 5711 3022 5765 Ecclesia
3053 5708 3342 5770 constituit,
3381 5709 3608 5776 primum

2855 5890 2874 5919 '
2906 5889 3038 5946 ibid.
3083 5892 3168 5945 θοι
3188 5891 3224 5946 l.
