4078 6292
575 423 683 490 863

1802 430 2189 493 EUTHYMII
2227 432 2609 493 ZIGABENI.
3708 434 3793 498 ΒΜ

577 538 862 605 apostolos,
903 539 1089 593 deinde
1116 541 1418 608 prophetas,
1458 544 1610 595 tertio
1660 543 1924 607 doctores,
1970 544 2158 596 deinde

2271 542 2429 595 ἔθετο
2459 543 2490 594 ὁ
2514 541 2662 606 Θεὸς
2696 539 2765 593 ἐν
2798 538 2872 607 τῇ
2916 538 3250 605 Ἐκκλησία
3279 537 3514 605 πρῶτον
3570 540 3790 597 ἀποστό-

576 627 814 695 oirlutes,
872 642 1051 695 postea
1109 634 1310 701 gratias
1352 635 1704 701 curationum,
1764 634 2157 704 opitulationes,

578 722 1002 793 gubernationes,
1030 740 1221 791 genera
1275 725 1580 796 linguarum
1624 729 1663 783 ⁸.
1701 727 1836 795 Quid
1870 727 2035 798 igitur
2058 727 2161 780 du-

578 816 773 881 bitant,
805 832 874 869 an
905 816 1145 881 Spiritus
1181 816 1253 871 sit
1292 818 1430 871 Deus
1460 834 1556 887 per
1574 820 1893 885 essentiam,
1921 822 2012 888 qui
2069 832 2162 872 so-

579 908 688 961 lum
724 907 789 959 ad
818 907 1262 962 calumniandum
1314 918 1439 963 sunt
1470 910 1821 980 paratissimi,
1854 924 1976 963 cum
2014 909 2161 960 Pau-

577 1000 661 1051 lus
695 999 1037 1067 apertissime
1065 998 1229 1063 dicat,
1270 1000 1533 1069 Spiritum
1561 1016 1681 1057 esse
1718 1002 1808 1072 qui
1849 1001 2150 1069 gratiarum

577 1104 777 1158 genera
810 1091 1037 1157 dividat,
1069 1093 1524 1159 quemadmodum
1567 1095 1716 1159 vult,
1776 1095 1975 1147 deinde
2033 1107 2161 1146 vero

577 1183 832 1251 “him”
858 1182 1025 1237 Deum
1059 1200 1203 1250 0538.
1229 1187 1319 1255 qui
1355 1190 1407 1239 in
1448 1188 1699 1242 ecclesiis
1734 1191 1848 1241 haec
1876 1187 1990 1255 ipsa
2047 1185 2165 1238 dis-

582 1275 822 1328 tribuat?
852 1274 1042 1330 Noune
1071 1287 1252 1330 autem
1279 1280 1571 1332 absurdum
1614 1289 1717 1343 est,
1744 1293 1837 1332 eos
1891 1280 1980 1347 qui
2014 1286 2162 1329 recte

579 1368 767 1419 volunt
788 1368 1009 1431 sentire,
1048 1383 1150 1421 non
1182 1369 1330 1422 Pauli
1356 1371 1561 1433 verbis,
1589 1370 1683 1426 sed
1705 1370 1891 1424 stultis
1921 1368 2155 1422 aliorum

578 1458 741 1512 dictis
776 1461 1057 1514 attendere
1079 1461 1255 1516 iDeus
1278 1480 1407 1532 ergo
1442 1463 1676 1533 Spiritus
1696 1472 1799 1529 est,
1831 1462 1954 1515 licet
1975 1476 2160 1513 amen-

584 1561 665 1605 tes
700 1552 945 1609 homines
973 1554 1167 1609 nolint.

1222 1825 1306 1879 Ea:
1324 1828 1523 1881 eadem.

651 1914 851 1968 Scribit
876 1929 1066 1970 rursus
1103 1916 1244 1970 idem
1269 1920 1556 1985 Aposnolus
1587 1937 1602 1977 :
1639 1917 1698 1971 Si
1740 1934 1854 1982 nos,
1890 1918 2163 1987 inquiens,

580 2007 721 2059 vobis
748 2009 1047 2073 spiritualia
1082 2010 1478 2072 seminavimus,
1512 2027 1760 2080 magnum
1808 2020 1907 2075 est,
1938 2013 1982 2064 si
2043 2026 2171 2062 car-

580 2098 727 2151 nalia
759 2109 929 2152 vestra
953 2110 1210 2153 metamus
1244 2104 1265 2133 ⁸
1298 2102 1644 2170 ?spiritualia
1690 2104 1944 2157 nimirum
1977 2102 2169 2172 appel-

581 2188 654 2241 lat
680 2188 884 2253 divina,
909 2190 1049 2243 sicut
1080 2190 1337 2244 carnalia.
1376 2207 1494 2257 qua:
1527 2193 1591 2243 ad
1617 2206 1835 2246 carnem
1866 2192 2167 2260 pertinent.

582 2279 945 2345 Quamobrem
975 2282 1020 2336 si
1047 2282 1253 2348 divina,
1299 2284 1400 2337 hoc
1428 2294 1530 2345 est,
1569 2284 1661 2338 Dei
1706 2286 1964 2354 mysteria
2022 2296 2172 2338 recte

584 2370 878 2437 appellavit
915 2371 1248 2439 spiritualia,
1285 2372 1427 2426 Duos
1480 2371 1727 2442 profecto
1776 2372 2014 2442 Spiritus
2067 2382 2168 2440 est,

580 2459 736 2531 cujus
771 2463 1263 2533 mysteriavocavit
1291 2464 1629 2532 spiritualia.

1048 2643 1133 2697 Ea:
1153 2645 1380 2700 Joannis
1398 2646 1706 2716 Evangelia.

654 2735 897 2801 Quodam
927 2735 1045 2790 loco
1081 2738 1145 2791 de
1173 2737 1353 2807 seipso
1393 2738 1623 2806 loquens
1642 2741 1693 2794 in
1720 2741 2026 2808 Evangeliis
2054 2741 2177 2796 Ser-

585 2840 736 2881 vasor
774 2845 785 2879 :
857 2825 990 2896 Ego,
1032 2827 1228 2894 inquit,
1273 2844 1388 2881 sum
1436 2831 1629 2883 veritas
1667 2832 1707 2887 ⁸.
1742 2830 1939 2887 Beatus
1992 2843 2173 2887 autem

582 2919 843 2983 Joannes,
879 2932 945 2972 ex
992 2916 1175 2971 Patris
1237 2920 1469 2974 θεενιιιὶσ
1520 2932 1682 2991 atque
1738 2923 1857 2978 Filii
1915 2924 2174 2993 Spiritum

584 3025 707 3062 esse
730 3010 1130 3075 demonstrans,
1164 3009 1442 3078 Spiritum,
1484 3011 1682 3080 inquit,
1715 3015 1979 3081 veritatis,
2013 3033 2104 3086 qui
2145 3034 2177 3069 a

590 3101 750 3155 Patre
777 3102 1008 3169 procedit
1037 3103 1078 3156 δ.
1104 3100 1161 3155 In
1221 3101 1461 3173 Epistula
1500 3115 1683 3161 autem
1725 3124 1739 3161 :
1794 3106 2048 3175 Spiritus,
2092 3110 2179 3163 in-

2262 636 2436 699 λους,
2463 632 2749 700 δεύτερον
2778 632 3113 700 προφήτας,
3167 630 3373 698 τρίτον
3398 629 3791 703 διδασκάλους,

2262 719 2390 779 εἶτα
2422 722 2730 791 δυνάμεις,
2759 719 2969 774 ἔπειτα
2992 720 3336 789 χαρίσματα
3358 718 3629 786 ἰαμάτων,
3664 724 3793 776 ἀντι-

2262 816 2507 884 λήψεις,
2536 818 2958 886 κυϐερνήσεις,
2989 816 3135 884 γένη
3184 812 3499 881 γλωσσῶν.
3533 814 3597 865 Τί
3649 815 3795 867 τοίνυν

2262 908 2722 977 ἀμφισάλλουσιν,
2775 910 2826 962 εί
2888 908 3025 971 Θεδς
3079 906 3142 959 τδ
3178 907 3409 977 Πνεῦμα
3449 907 3673 977 ὑπάρχει
3699 912 3793 961 κατ’

2263 1003 2474 1069 οὐσίαν,
2513 1005 2561 1056 οί
2595 1002 2736 1073 πρὸς
2800 1002 2959 1072 μόνον
3005 1000 3068 1053 τὸ
3107 1000 3424 1071 δυσφημεῖν
3477 1002 3793 1068 ἑτοιμότατοι,

2264 1096 2482 1149 Παύλου
2518 1097 2836 1164 σαφέστατα
2888 1093 3194 1155 διειπόντος
3253 1093 3375 1162 μὲν,
3419 1092 3494 1154 ὡς
3522 1092 3578 1145 τὺ
3608 1093 3796 1162 Πνεῦμὰ

2265 1190 2383 1241 ἐστι
2415 1188 2478 1241 τδ
2507 1188 2781 1259 διαιροῦν,
2818 1185 3004 1249 καθὼς
3032 1185 3101 1238 ἂν
3146 1184 3281 1238 αὐτὸ
3314 1184 3591 1256 βούληται,
3623 1185 3684 1237 τὰ
3708 1186 3795 1237 τῶν

2265 1280 2624 1351 χαρισμάτων
2654 1280 2793 1350 εἴδη,
2854 1275 2975 1332 εἶτα
3010 1278 3176 1333 πάλιν
3205 1278 3344 1331 Θεὸν
3372 1275 3512 1333 εἶναι
3543 1277 3797 1347 φάσκοντος

2265 1375 2357 1428 τὸν
2393 1375 2451 1426 ὲν
2482 1376 2603 1435 ταῖς
2633 1373 2958 1441 ἐκκλησίαις
2986 1372 3056 1424 τὰ
3088 1372 3324 1425 τοιαῦτα
3359 1371 3684 1442 χορηγοῦντα
3709 1372 3800 1432 τοῖς

2265 1467 2471 1535 ἀγίοιςς
2516 1465 2641 1541 Πῶς
2674 1465 2731 1517 δὲ
2771 1465 2869 1517 οὐκ
2899 1467 3103 1517 ἄτοπον
3145 1464 3277 1526 τοὺς
3334 1463 3511 1532 ὀρθῶς
3553 1462 3797 1524 ἐθέλοντας

2266 1559 2489 1626 φρονεῖν
2547 1557 2622 1625 μὴ
2682 1558 2802 1616 ταῖς
2836 1555 2933 1608 τοῦ
2987 1554 3205 1608 Παύλου
3262 1556 3491 1624 φωναῖς,
3548 1554 3671 1607 ἀλλὰ
3705 1556 3799 1614 τοϊς

2265 1650 2442 1704 ἄλλων
2477 1650 2769 1719 προσέχειν
2802 1648 3085 1710 ἀϐουλίαις
3115 1665 3131 1713 ;
3158 1647 3297 1710 Θεὸς
3349 1642 3444 1700 οῦν
3499 1649 3557 1699 τὸ
3594 1644 3799 1713 Πνεῦμα,

2266 1739 2370 1793 κᾶν
2398 1738 2451 1792 οἱ
2477 1740 2709 1808 ἀμαθεῖς
2749 1740 2823 1810 μὴ
2857 1739 3179 1809 βούλωνται.

2813 1831 2914 1883 Ἐκ
2956 1829 3066 1897 τῆς
3103 1828 3320 1895 αὐτῆς.

2352 1923 2691 1977 Ἐπιστέλλει
2718 1923 2879 1976 πάλιν
2905 1925 2932 1973 ὁ
2963 1922 3176 1981 Παῦλός
3207 1938 3353 1972 τισιν
3378 1935 3391 1948 ·
3424 1921 3489 1972 El
3512 1919 3668 1987 ἡμεῖς
3692 1918 3804 1985 ὑμῖν

2268 2015 2342 2068 τὰ
2371 2012 2750 2083 πνευματικὰ
2772 2012 3159 2080 ἐσπείραμεν,
3207 2010 3365 2078 μέγα
3397 2012 3445 2062 εὶ
3475 2006 3634 2075 ἡμεῖς
3670 2006 3803 2075 ὑμῶν

2270 2104 2344 2157 τὰ
2360 2103 2619 2171 σαρκικὰ
2652 2104 3015 2171 θερίσομεν;
3043 2100 3186 2153 Ἀλλ’
3216 2100 3335 2152 ἔστι
3367 2092 3541 2167 δῆλον,
3573 2099 3647 2150 ὅτι
3674 2115 3804 2150 meo.

2275 2195 2487 2265 ματικὰ
2523 2196 2595 2248 τὰ
2624 2195 2743 2247 θεῖα
2789 2193 2965 2247 πάντα
2995 2189 3138 2245 εἷναί
3184 2209 3378 2261 φησιν,
3412 2190 3594 2260 ὥσπερ
3617 2185 3698 2241 οὖν
3731 2189 3805 2239 καὶ

2271 2290 2340 2341 τὰ
2384 2286 2631 2357 σαρκικὰ
2677 2286 2748 2338 τὰ
2790 2286 2894 2352 τῆς
2940 2286 3164 2353 σαρκός.
3234 2285 3299 2336 Ei
3354 2283 3532 2336 τοίνυν
3581 2282 3643 2335 τὰ
3692 2281 3804 2342 θεῖα,

2272 2382 2527 2434 τουτέστι
2567 2380 2638 2432 τὰ
2695 2379 2830 2449 περὶ
2865 2377 3001 2430 Θεοῦ
3064 2378 3370 2447 μυστήρια,
3409 2376 3585 2437 καλῶς
3613 2375 3669 2443 δὴ
3694 2372 3807 2441 μάλα

2274 2472 2445 2524 ποιῶν
2500 2469 2856 2541 ἀποκέκληκι
2919 2467 3299 2538 πνευματικὰ,
3364 2467 3497 2529 Θεὸς
3534 2466 3597 2519 ἂν
3651 2465 3724 2533 εῐη
3760 2463 3808 2515 τὸ

2276 2562 2526 2633 Πνεῦμα,
2583 2556 2645 2614 οὗ
2706 2562 2802 2614 καὶ
2856 2561 3144 2631 μυστήρια
3207 2559 3451 2627 κέκληκε
3488 2558 3805 2627 πνευματικά.

2498 2656 2593 2708 Ἐκ
2618 2654 2727 2708 τοῦ
2751 2653 2902 2707 κατὰ
2933 2652 3230 2718 Ἰωάννην
3258 2650 3635 2720 Ε’ὑαγγελίου.

2362 2749 2587 2809 Ἐντοῖς
2644 2747 3009 2813 Εὐαγγελίοις
3066 2744 3168 2797 πού
3215 2761 3386 2814 φησιν
3432 2746 3459 2795 ὁ
3492 2743 3670 2809 Σωτὴρ
3706 2737 3811 2804 περὶ

2279 2840 2527 2904 ὲαυτοῦ,‹
2552 2839 2693 2907 Ἐγώ
2715 2840 2834 2906 εἰμι
2852 2841 2884 2909 ἡ
2905 2838 3157 2908 ἀλήθεια.
3173 2855 3191 2888 ι
3217 2838 3279 2889 Ὃ
3308 2836 3365 2889 δὲ
3378 2835 3636 2906 μακάριος
3661 2830 3809 2885 Ἰωάν-

2279 2952 2376 3004 νης
2410 2933 2474 2986 ἐκ
2498 2951 2557 2986 τε
2583 2935 2683 3000 τῆς
2730 2930 2824 2985 τοῦ
2862 2931 3076 3000 Πατρὸς
3107 2930 3302 2992 οὐσίας
3338 2929 3433 2982 καὶ
3491 2927 3580 2980 τοῦ
3612 2924 3725 2978 Υἱοῦ
3758 2921 3805 2973 τὸ

2280 3025 2506 3094 Πνεῦμα
2561 3023 2845 3085 δεικνύων,
2902 3023 2960 3074 ἐν
3022 3024 3120 3090 μὲν
3155 3025 3273 3085 τοῖς
3298 3018 3641 3088 Εὐαγγελίοις
3670 3013 3811 3085 φησί·

2288 3115 2359 3169 Τὸ
2391 3114 2633 3181 Πνεῦμα
2657 3112 2770 3180 τῆς
2823 3112 3131 3178 ἀληθείας,
3176 3111 3208 3164 ὃ
3252 3110 3412 3178 παρὰ
3474 3107 3577 3161 τοῦ
3623 3103 3817 3172 Πατρός

585 3195 723 3261 quit,
754 3204 828 3248 est
876 3198 1062 3249 veritas
1094 3198 1134 3249 '.
1173 3196 1456 3262 Quomodo
1510 3198 1696 3269 igitur,
1730 3214 1852 3254 cum
1886 3218 1951 3255 ex
2003 3202 2165 3257 Patre

2271 3205 2679 3271 ἐκπορεύεταν
2721 3206 2779 3257 ὲν
2825 3202 2881 3255 δὲ
2904 3205 2969 3272 τῇ
2998 3200 3262 3268 ἐπιστολῆ
3283 3219 3296 3233 ο
3323 3201 3397 3253 Τὸ
3430 3198 3654 3266 Πνεῦμά
3676 3196 3817 3249 ἐστιν

586 3286 870 3354 procedat,
895 3298 947 3339 et
987 3285 1226 3357 Spiritus
1262 3288 1508 3342 veritatis
1528 3290 1600 3343 sit
1628 3301 1851 3359 pr0pter
1910 3292 2170 3345 similitu-

587 3380 767 3431 dinem
799 3388 852 3431 et
884 3379 1129 3447 ejusdem
1154 3383 1413 3435 essentne
1431 3389 1703 3444 naturam,
1739 3383 1897 3445 adeo,
1958 3393 2017 3437 ut
2060 3385 2177 3453 ipse

588 3486 805 3538 quiaque
830 3471 1033 3525 veritas
1060 3472 1381 3540 appelletur,
1443 3472 1624 3528 factus
1677 3486 1731 3529 et
1785 3486 2004 3531 creatus
2062 3477 2179 3531 sit?

613 3561 920 3614 Absurdutn
951 3560 1003 3614 id
1039 3562 1257 3632 quidem
1290 3573 1396 3618 est.
1422 3562 1610 3634 Itaque
1628 3565 1768 3620 Deus
1802 3576 1888 3621 est
1918 3565 2176 3636 Spiritus,

590 3652 858 3721 siquidem
885 3653 1082 3708 veritas
1106 3663 1210 3717 est,
1240 3662 1295 3709 et
1317 3668 1348 3709 a
1388 3654 1551 3710 Patre
1573 3657 1841 3725 procedit.

1235 3935 1320 3998 Ea:
1341 3940 1544 3994 eodem.

670 4035 868 4087 Beatus
900 4030 1139 4087 Joannes
1163 4032 1230 4087 de
1259 4030 1438 4087 Verbo
1466 4033 1555 4088 Dei
1589 4032 1816 4103 loquens
1859 4036 2033 4105 ipsum
2063 4051 2185 4093 esse

598 4130 734 4182 dixit
762 4129 934 4183 lucem
960 4142 1166 4190 veram,
1197 4140 1319 4195 quae
1353 4126 1621 4180 illuminat
1649 4142 1865 4181 orttnem
1908 4129 2183 4183 hominem

597 4219 905 4272 seuientem
942 4219 993 4270 iu
1052 4218 1195 4270 hunc
1236 4216 1494 4271 mundum
1527 4216 1568 4268 ⁸.
1629 4213 1695 4267 At
1746 4215 2185 4283 sapientissimus

599 4309 801 4363 Paulus
853 4308 1112 4375 Spiritum
1180 4316 1426 4359 sanctum
1482 4304 1772 4373 splendere
1821 4304 1874 4356 in
1931 4302 2187 4357 cordibus

600 4401 806 4455 nostris
848 4397 1134 4451 aﬂirmavit
1171 4399 1237 4451 ad
1300 4397 1721 4451 illustrationem
1771 4394 1961 4464 gloriae
1991 4394 2085 4449 Dei
2131 4395 2184 4448 in

2278 3298 2318 3365 ἡ
2349 3296 2628 3365 ἀλήθεια.
2665 3295 2791 3357 Πῶς
2823 3290 2917 3347 οῦν
2950 3293 3010 3345 τὸ
3044 3295 3112 3345 ἐκ
3146 3292 3247 3346 τοῦ
3307 3293 3517 3361 Πστρὸς
3560 3284 3816 3356 ικπορευό-

2282 3406 2467 3458 μενον,
2501 3389 2596 3441 καὶ
2636 3388 2865 3455 Πνεῦμα
2913 3387 3014 3456 τῆς
3048 3384 3314 3454 ἀληθείας
3359 3383 3594 3451 ὑπάρχον
3624 3377 3701 3431 διὰ
3736 3374 3815 3442 τὴν

2280 3481 2607 3551 ἐμφέρειαν,
2636 3482 2734 3532 καὶ
2762 3479 2860 3549 τὴν
2915 3479 3016 3549 τῆς
3042 3476 3233 3539 οὐσίας
3265 3476 3586 3542 ταύτότητα,
3620 3470 3688 3529 ὡς
3706 3466 3814 3534 ἀλήν

2280 3575 2433 3629 θειαν
2462 3573 2775 3635 καλεῖσθαι,
2812 3572 2904 3625 καὶ
2932 3572 3065 3624 αὐτὸ
3094 3568 3329 3638 γενητὸν
3374 3567 3440 3620 ἂν
3491 3566 3571 3633 εἴη
3626 3560 3710 3614 καὶ
3737 3573 3815 3609 πε-

2281 3665 2575 3734 ποιημένον
2599 3681 2615 3729 ;
2648 3662 2812 3715 Ἀλλὰ
2836 3661 2997 3714 τοῦτο
3020 3659 3250 3713 ἄτοπον.
3307 3654 3515 3711 Οὐκοῦν
3540 3655 3595 3708 τὸ
3626 3649 3811 3717 Πνεῦμα

2281 3758 2439 3821 Θεὸς,
2466 3758 2633 3827 εἴπερ
2656 3757 2826 3818 ὅντως
2850 3754 3104 3826 ἀλήθεια,
3131 3752 3224 3806 καὶ
3244 3755 3310 3804 ἐκ
3340 3748 3548 3820 Πατρὺς
3570 3740 3814 3812 ὲκπορεύε·

2282 3868 2395 3904 ται.

2826 3939 2930 3993 Ἐκ
2974 3940 3081 3993 τοῦ
3121 3937 3337 3992 αὐτοῦ.

2365 4036 2428 4091 Ὅ
2466 4035 2743 4105 μακάριος
2785 4034 3045 4101 Ἰωάννης
3079 4032 3209 4097 περὶ
3244 4030 3343 4084 τοῦ
3379 4028 3510 4083 Θεοῦ
3538 4027 3696 4091 Λόγου
3717 4021 3812 4072 δια·

2285 4130 2602 4199 λαμϐάνων,
2656 4127 2821 4182 αὐτὸν
2872 4122 3013 4180 εἷναί
3066 4142 3200 4195 φησι
3226 4125 3289 4177 τὸ
3320 4124 3434 4195 φῶς
3476 4121 3533 4174 τὸ
3586 4112 3813 4185 ἀληθινὸν»

2287 4222 2315 4274 ὃ
2344 4222 2573 4290 φωτίζει
2610 4221 2792 4275 ’πάντα
2832 4219 3126 4288 ἄνθρωπον
3160 4219 3460 4288 ἐρχόμενον
3493 4215 3568 4275 είς
3611 4210 3692 4263 τὸν
3742 4203 3814 4257 κό-

2290 4330 2450 4382 σμον.
2493 4314 2551 4366 Ὀ
2574 4312 2631 4365 δὲ
2656 4311 2970 4379 σοφώτατος
3013 4311 3222 4373 Παῦλος
3256 4312 3316 4363 τὸ
3348 4305 3561 4385 Πνεῦμα
3589 4304 3643 4372 τὸ
3692 4299 3815 4365 ἅγιον

2287 4405 2595 4472 ὲλλόιμπειν
2624 4406 2682 4457 ὲν
2708 4404 2829 4466 ταῖς
2861 4403 3117 4473 καρδίαις
3146 4402 3305 4472 ἡμῶν
3326 4399 3678 4470 διισχυρίσατο
3708 4388 3813 4458 πρὸς

601 4506 830 4561 persona
892 4488 1092 4543 Christi
1128 4489 1433 4542 ".Proinde
1488 4502 1609 4541 cum
1671 4485 1903 4541 Verbum
1966 4487 2038 4540 sit
2092 4486 2175 4540 lus

2292 4496 2577 4566 φωτισμὸν
2633 4494 2734 4565 τῆς
2778 4495 3036 4563 γνώσεως
3060 4494 3162 4562 τῆς
3223 4494 3423 4553 δόσεως
3476 4488 3564 4542 τοῦ
3599 4483 3715 4539 Θεοῦ
3766 4480 3811 4530 ὲν

601 4598 754 4647 vera,
790 4581 1074 4650 splendeat
1109 4591 1288 4634 autem
1314 4580 1552 4649 Spiritus
1586 4589 1834 4644 sanctus,
1876 4578 2175 4634 necessaric

2295 4565 2575 4658 τεροσῶπῳ
2614 4588 2789 4657 Ἰησοῦ
2831 4587 3090 4658 Χριστοῦ.
3114 4586 3282 4639 Ὀτου
3311 4585 3487 4639 τοίνυν
3518 4585 3544 4635 ὀ
3562 4580 3710 4645 Λόγος
3738 4571 3814 4641 μὲν

603 4676 876 4732 Fatendum
898 4682 1006 4737 est,
1030 4688 1060 4727 e
1086 4675 1275 4729 sentire
1323 4671 1486 4727 Verbi
1517 4686 1637 4727 esse
1690 4671 1857 4725 etiam
1917 4668 2183 4738 Spiritum

600 4782 870 4835 sanctum,
898 4783 993 4838 per
1027 4783 1186 4837 quem
1214 4766 1484 4821 illuminat
1505 4779 1722 4820 omnem
1742 4764 2041 4829 hominem,
2062 4778 2183 4817 cum

604 4864 839 4933 Spiritus
874 4861 1051 4918 sancti
1069 4859 1414 4929 splendorem
1453 4868 1714 4928 tauquam
1770 4855 2023 4913 essentia:
2064 4870 2190 4926 pro-

604 4957 736 5025 priae.
752 4954 969 5009 radium
1000 4951 1292 5021 quemdam
1314 4951 1553 5005 emittat.

1068 5145 1303 5215 Objectio
1340 5148 1734 5201 Imreticorum.

682 5243 739 5298 Si
771 5250 1107 5306 sanctorum,
1146 5240 1426 5309 inquiunt,
1481 5240 1694 5294 animos
1746 5238 1951 5307 Spiritu
2005 5248 2196 5294 sancto

611 5339 781 5393 Deum
812 5349 1019 5406 ungere
1051 5332 1353 5396 aliirmatis,
1385 5332 1646 5401 unguenti
1708 5329 1889 5385 locum
1945 5339 2001 5383 et
2048 5330 2198 5386 ordi-

615 5447 738 5486 nem
766 5429 1002 5498 Spiritus
1034 5427 1323 5482 obtinebit.
1355 5424 1527 5479 Porro
1584 5423 1677 5494 qui
1711 5423 1826 5478 ﬁeri
1878 5433 2076 5493 potest,
2138 5432 2199 5476 ut

612 5523 853 5589 ejusdem
887 5520 1141 5577 essentia:
1167 5520 1238 5574 sit
1264 5526 1621 5588 unguentum,
1655 5526 1709 5572 et
1740 5516 1832 5570 ille
1877 5516 1967 5583 qui
2015 5515 2195 5582 ungit,

618 5632 741 5669 cum
766 5614 1103 5669 consuetudo
1160 5622 1346 5666 nostra
1382 5610 1432 5665 id
1494 5627 1597 5665 nou
1654 5609 1929 5678 patiatur?
1967 5625 1999 5663 ο
2050 5606 2198 5660 omni

619 5705 847 5758 stultitia
868 5705 1027 5770 ebrii,
1054 5714 1110 5760 et
1138 5703 1379 5757 omnium
1401 5700 1711 5770 turpissima
1748 5698 1888 5765 pleni
1926 5697 2202 5751 temerita-

699 5819 941 5885 ‘Eplies,
997 5836 1070 5879 ιν,
1112 5820 1194 5872 Η.
1274 5824 1293 5853 ³
1322 5820 1339 5873 l
1368 5820 1496 5874 Cor.
1528 5834 1600 5883 lx,
1644 5818 1727 5871 ιι.

628 5890 646 5919 '
676 5888 717 5941 ll
760 5889 885 5943 (lor.
934 5905 1010 5951 ιν,
1046 5891 1098 5942 6.

1840 5818 1859 5848 ³
1899 5814 2055 5869 Joan.
2094 5829 2205 5879 xw,
2234 5813 2287 5866 6.

2294 4682 2414 4735 ἐστι
2448 4680 2509 4733 τὸ
2534 4681 2648 4749 φῶς
2672 4679 2735 4732 τὸ
2764 4679 3042 4750 ἀληθινὸν,
3072 4679 3343 4748 ὲλλάμπει
3369 4677 3425 4729 δὲ
3475 4676 3532 4727 τὸ
3560 4667 3750 4734 Πνεῦμα

2295 4776 2473 4841 ἆγιον,
2508 4772 2724 4842 ἀνάγκη
2752 4749 2904 4825 πᾶσα
2948 4773 3048 4835 τῆς
3096 4771 3288 4834 οὐσίας
3333 4769 3425 4821 τοῦ
3474 4765 3633 4831 Λόγου
3671 4749 3813 4810 καὶτὸ

2296 4865 2525 4935 Πνεῦμα
2555 4863 2971 4933 συνομολογεῖν,
3004 4863 3078 4915 δι’
3113 4856 3175 4916 οῦ
3204 4861 3427 4931 φωτίζει
3455 4858 3621 4910 πάντα
3644 4849 3813 4914 ἄνθρω-

2298 4976 2424 5023 πον,
2458 4956 2650 5025 ὥσπερ
2666 4954 2789 5009 τινὰ
2807 4956 2907 5023 τῆς
2931 4953 3141 5017 οἰκείας
3172 4954 3390 5023 φύσεως
3417 4951 3599 5006 ἀκτῖνα
3638 4935 3813 5011 προτεί-

2301 5069 2414 5106 νων
2440 5048 2540 5115 τὴν
2560 5048 2649 5100 διὰ
2672 5048 2814 5101 Πνεύ
2824 5064 2996 5116 ματος
3022 5045 3316 5115 ἔλλαμψιν.

2710 5128 2717 5135 ’
2748 5140 3083 5203 ’Λντίθεσις
3108 5135 3433 5206 αἰρετικῶν.

2369 5236 2433 5289 Εἰ
2471 5234 2571 5297 τὰς
2611 5231 2720 5285 τῶν
2772 5232 2961 5297 ἁγίων,
3011 5198 3202 5300 φησιν,
3253 5229 3427 5298 ψυχὰς
3475 5198 3812 5285 καταχρίεσθαί

2303 5344 2443 5395 φατε
2474 5326 2628 5395 παρά
2653 5324 2789 5377 Θεοῦ
2823 5324 2899 5391 τῷ
2932 5323 3074 5392 ἁγίῳ
3106 5320 3401 5391 Πνεῦματι,
3430 5318 3485 5368 ὲν
3510 5310 3644 5373 τάξει
3670 5301 3808 5399 μύρου

2302 5420 2361 5472 τὸ
2397 5418 2621 5488 Πνεῦμα
2661 5416 2927 5470 κείσεται.
2963 5415 3073 5469 Καὶ
3104 5416 3222 5478 πῶς
3252 5414 3316 5467 ἂν
3350 5411 3428 5479 εἴη
3454 5406 3546 5471 τῆς
3574 5397 3717 5459 αὐτῆς
3739 5397 3810 5440 09'

2308 5510 2427 5573 σίας
2460 5509 2539 5579 τῷ
2569 5508 2778 5579 χρίοντι
2805 5507 2866 5559 τδ
2906 5506 2976 5576 μύ
2989 5522 3102 5575 ρον,
3142 5505 3277 5576 μηδὲ
3302 5503 3399 5571 τῆς
3427 5498 3535 5553 καθ’
3556 5490 3684 5579 Wa;
3709 5498 3807 5533 (Μ’

2306 5577 2584 5671 ηθείας-τδ
2610 5577 2849 5653 τοιοῦτον
2879 5599 3303 5669 ἐπιδεχόμενον;
3334 5596 3377 5647 ὦ
3406 5592 3541 5657 πάσῃ
3572 5577 3807 5671 μεθύοντες

2309 5656 2485 5763 ἀνοίᾳ,
2511 5693 2727 5760 καὶτῆς
2755 5690 2986 5745 ἁπασῶν
3010 5656 3301 5761 elicita-mg
3317 5682 3554 5741 ἀϐουλίας
3576 5656 3805 5727 ἀνάπλεῳι

2397 5812 2417 5839 ³⁵
2448 5810 2603 5865 Joan.
2680 5825 2769 5876 XV,
2802 5808 2891 5863 ‘26.
2972 5810 2991 5840 ⁵
3030 5806 3232 5863 lJoan.
3275 5822 3324 5869 γ,
3356 5801 3406 5854 6.
3503 5790 3669 5844 ‘Joan.
3707 5793 3737 5840 I.
3762 5772 3802 5828 9-
