4078 6292
265 345 381 408 865

1228 347 1604 409 PANOPLIA
1641 349 2091 409 DOGMATICA.
2121 373 2188 384 --
2229 347 2377 410 TlT.
2423 349 2566 411 XII.

3426 354 3533 417 866

264 461 344 513 Οὐ
367 459 540 530 βραχὺ
562 458 945 531 διανήψαντες.
976 464 1070 515 καὶ
1098 460 1198 524 τὰς
1215 465 1344 534 περὶ
1376 465 1650 533 σωμάτων
1681 464 1846 531 ἀφέν-

1953 465 2031 516 tel
2072 463 2260 518 Nonne
2290 478 2582 534 parumper
2621 463 2974 532 resipiscetis,
2994 473 3047 518 et
3069 478 3359 534 corporoas
3391 470 3535 534 cogi-

263 569 358 615 τες
384 551 614 614 ὲννοὲας,
639 552 998 607 ἀνελεύσεσοε
1030 553 1166 624 πρὸς
1197 555 1264 608 τὰ
1296 557 1512 625 μεγάλα
1536 557 1636 626 τῆς
1669 557 1849 608 θεολο-

265 643 390 713 γίας
433 643 727 712 ὑψώματα,
765 645 859 698 καὶ
901 645 1221 716 θεοπρεπῶς
1257 648 1325 701 τὰ
1370 648 1505 718 περὶ
1552 647 1651 718 τῆς
1695 648 1846 710 θείας

266 736 481 805 φύσεως
501 734 808 805 λαλούμενα
827 735 1173 806 διαλήψεσθε,
1204 737 1306 791 κᾶν
1326 739 1691 807 ἀνθρωπίνοις
1711 756 1848 810 προ-

269 829 503 899 φέρηται
533 827 767 898 ῥὴμασι,
800 828 892 880 καὶ
924 831 1020 898 τῆς
1069 829 1206 898 πρὸς
1242 830 1388 899 ἡμᾶς
1423 831 1714 900 συνηθείας
1748 831 1846 902 οὐχ

271 919 578 992 ὑπερϐαίνει
622 921 686 972 τὸ
737 921 945 990 σχῆμα,
986 920 1074 974 διὰ
1114 923 1176 975 τὸ
1213 922 1368 991 μόλις
1409 921 1553 976 οὕτω
1587 922 1846 977 δύνασθαι

268 1014 406 1066 νοεῖν
440 1012 566 1074 τοὺς
593 1011 980 1081 ἀκροωμένους
1008 1027 1024 1078 ;
1066 1012 1186 1066 Ἵνα
1214 1012 1271 1065 δέ
1299 1031 1352 1065 τι
1376 1013 1496 1076 ταῖς
1535 1013 1687 1082 ὑμῶν
1714 1014 1847 1084 εὐη-

269 1105 440 1168 θείαις
501 1103 752 1173 εἴπωμεν
827 1105 1108 1172 συγγενὲς,
1163 1106 1212 1158 εί
1257 1106 1316 1159 ὲν
1363 1105 1516 1171 τάξει
1568 1106 1743 1177 μύρου
1787 1106 1848 1162 τὺ

268 1195 492 1264 Πνεῦμα
533 1196 776 1248 κείσεται
812 1196 936 1249 καθ’
980 1197 1148 1266 ὑμᾶς,
1178 1196 1367 1266 ἐπειδὴ
1403 1196 1464 1250 τὸ
1493 1197 1721 1268 ῖχρίσμα
1751 1197 1846 1252 τοῦ

267 1284 513 1356 χρίοντος
553 1285 634 1339 δεῖ
667 1286 884 1355 πάντως
919 1277 1063 1338 εἶναι
1097 1285 1435 1354 ἐτεροούσιον
1455 1325 1470 1350 ,
1507 1287 1722 1354 ἀνάγκη
1754 1283 1846 1336 λέ-

269 1395 388 1445 γειν
408 1419 421 1442 ,
455 1377 645 1448 ἐπειδὴ
677 1378 738 1430 τὸ
779 1377 952 1449 μύρον
981 1379 1046 1430 ἐκ
1079 1377 1293 1430 πολλῶν
1329 1375 1664 1430 συντέθειται
1695 1375 1848 1446 παρὰ

270 1471 379 1521 τῶν
404 1471 484 1534 είς
509 1469 667 1523 τοῦτο
691 1472 893 1539 σοφῶν,
915 1469 1131 1539 ἀνάγκη
1158 1469 1330 1522 καὶτὸ
1356 1467 1584 1539 Πνεῦμα
1610 1469 1671 1522 τὸ
1693 1469 1848 1535 ἅγιον

267 1561 355 1613 διὰ
382 1561 587 1614 πολλῶν
608 1563 742 1632 ἡμῖν
762 1562 859 1616 καὶ
881 1559 1143 1614 ποικίλων
1172 1561 1489 1627 συγκεῖσθαι
1516 1561 1718 1632 μερῶν.
1738 1561 1848 1614 Καὶ

270 1650 434 1704 πάλιν
467 1650 654 1720 ἐπειδὴ
693 1652 755 1703 τὸ
798 1649 970 1722 μύρον
998 1649 1195 1718 ἄλογον
1215 1691 1230 1715 ,
1260 1649 1454 1718 ἄλογον
1493 1650 1633 1702 ἔστω
1665 1652 1758 1703 καὶ
1786 1650 1847 1703 τὸ

270 1741 493 1811 Πνεῦμα
521 1744 582 1796 τὸ
617 1742 794 1811 ἅγιον.
849 1743 911 1797 'H
947 1745 1044 1814 μὲν
1075 1745 1168 1798 ἐπὶ
1200 1742 1375 1812 τούτῳ
1405 1743 1690 1814 δυσφημία
1720 1743 1850 1813 δρα-

273 1836 452 1902 μεῖται
498 1834 714 1898 πάντως
754 1837 831 1898 είς
867 1837 967 1899 τὰς
1004 1836 1230 1889 ἐκείνων
1274 1835 1518 1903 κεφαλάς
1541 1850 1556 1864 ⁸
1586 1837 1746 1905 ἡμεῖς
1789 1834 1848 1886 δὲ

268 1924 452 1986 αὐτοῖς
483 1926 977 1996 ἁντεπαγάγωμεν,
1000 1928 1061 1980 Εί
1094 1927 1430 1996 ἐτεροούσιον
1455 1927 1518 1978 τὸ
1543 1927 1763 1995 Πνεῦμα
1789 1927 1849 1978 τὸ

268 2017 424 2084 ἅγιον
461 2017 555 2071 τοῦ
583 2019 640 2070 ἐν
656 2003 802 2087 αὐτῷ
846 2019 1092 2088 χρίοντος
1121 2019 1247 2080 τοὺς
1287 2018 1476 2085 ἁγίους
1505 2017 1665 2082 Θεοῦ,
1703 2019 1846 2084 πῶς,

271 2107 367 2160 τοῦ
413 2108 728 2177 Πνεῦματος
780 2109 1056 2172 οἰκοῦντος
1103 2110 1159 2163 ὲν
1209 2110 1364 2178 ἡμῖν,
1409 2109 1643 2178 Χριστὸς
1687 2109 1850 2162 οίκῶν

274 2198 662 2252 ἀποδείκνυται
681 2200 709 2251 ὁ
737 2199 813 2268 τῷ
845 2200 1014 2269 [hth
1045 2201 1168 2252 κατ’
1188 2198 1372 2252 οὐσίαν
1395 2200 1493 2268 οὐχ
1517 2199 1704 2268 ἕτερον
1736 2199 1846 2268 Civ;

274 2290 450 2358 ὀπερ
477 2287 632 2351 εἰδὼς
655 2291 786 2342 καὶὸ
817 2290 1025 2352 Παῦλος
1043 2289 1369 2342 ἐπιστέλλει·
1390 2289 1526 2342 Ἵνα
1552 2291 1672 2356 δῴη
1704 2291 1850 2359 ἡμῖν

269 2381 419 2435 κατὰ
465 2381 572 2435 τὸν
624 2383 891 2436 πλοῦτον
945 2383 1055 2451 τῆς
1099 2383 1325 2447 δόσεως
1370 2383 1558 2437 αὑτοῦ
1600 2383 1849 2452 δυνάμει

269 2474 701 2543 κραταιωθῆναι
736 2475 830 2530 διὰ
861 2477 968 2530 τοῦ
997 2478 1340 2543 Πνεύματος
1372 2477 1582 2537 αὐτοῦ.
1623 2480 1709 2542 εἰς
1741 2476 1850 2528 τόν

269 2566 392 2619 ἔσω
427 2566 740 2634 ἄνθρωπον
769 2566 1128 2635 κατοικῆσαι
1166 2569 1271 2620 τὸν
1309 2567 1569 2637 Χριστὸν
1606 2566 1703 2620 διὰ
1739 2565 1848 2634 τῆς

268 2658 528 2723 πίστεως
567 2658 636 2710 ἐν
667 2657 794 2722 ταῖς
836 2657 1105 2725 καρδίαις
1133 2659 1336 2726 ,ἡμῶν.
1381 2660 1510 2712 ’Ὀιε
1543 2659 1721 2712 τοίνυν
1759 2657 1848 2710 διὰ

268 2747 363 2799 τοῦ
398 2748 535 2800 Πνεύ
545 2765 712 2817 ματος
738 2751 816 2811 εἰς
847 2749 938 2801 τὸν
968 2749 1076 2802 ἔσω
1104 2750 1390 2821 ἄνθρωπον
1412 2753 1438 2803 ὁ
1460 2750 1692 2819 Χριστὸς
1711 2765 1848 2802 κατε

269 2845 431 2906 οικεῐ,
495 2842 756 2912 πρόδηλον
812 2841 1103 2911 δήπουθεν,
1145 2841 1218 2904 ὡς
1267 2842 1367 2894 οὐκ
1404 2842 1685 2910 ἀλλότριόν
1731 2843 1847 2892 ἐστι

273 2931 368 3000 τῆς
426 2931 615 2994 οὐσίας
678 2929 843 2984 αὐτοῦ
900 2932 962 2984 τὸ
1010 2931 1078 2984 δι’
1134 2923 1196 2985 οὗ
1243 2933 1353 2994 τοῖς
1414 2933 1592 2999 ἁγίοις
1621 2932 1848 2986 ἑνοικῶν

281 3021 550 3087 φαίνεται.
1327 3005 1338 3012 ’

497 3117 599 3172 Ἐκ
629 3116 735 3170 τοῦ
759 3116 923 3179 κατὰζ
945 3117 1220 3184 Ἰωάννην
1246 3117 1635 3188 Εὑαγγελίου.

356 3206 417 3260 '0
453 3206 660 3276 Κύριος
703 3208 862 3278 ἡμῶν
911 3207 1121 3276 Ἰησοῦς
1158 3208 1393 3273 Χριστὸς
1432 3207 1598 3277 τιμὴν
1628 3207 1847 3260 ἀποσώ-

269 3299 386 3362 ξων
411 3301 476 3368 τῇ
496 3299 614 3370 θείᾳ
636 3299 816 3366 φύσει,
839 3299 1211 3371 ἀφεθήσεσθαι
1239 3300 1338 3369 μὲν
1355 3298 1751 3370 διισχυρίζεται
1770 3300 1850 3369 τῷ

269 3389 485 3456 λέγοντι
513 3390 666 3458 λόγον
695 3390 834 3444 κατὰ
859 3391 951 3444 τοῦ
978 3391 1109 3443 Υίοῦ
1130 3391 1226 3444 τοῦ
1249 3390 1560 3461 ἀνθρώπου,
1586 3391 1663 3462 τῷ
1689 3391 1746 3444 δὲ
1768 3393 1850 3456 εἰς

270 3485 336 3535 τὸ
356 3481 511 3550 ἅγιον
540 3483 766 3553 Πνεῦμα
789 3484 1204 3554 δυσφημήσαντι
1229 3484 1328 3536 οὐκ
1358 3483 1694 3554 ἀφεθήσεται
1725 3483 1850 3538 οὕτε

273 3576 335 3625 ὲν
365 3573 443 3643 τῷ
481 3574 574 3626 νῦν
603 3575 789 3639 αίῶνι,
831 3571 952 3626 οὔτε
985 3577 1044 3626 ὲν
1088 3574 1166 3646 τῷ
1199 3565 1467 3645 μέλλοντί.
1515 3575 1652 3629 Ἀλλ’
1692 3578 1850 3646 εῐπερ

274 3661 345 3734 ἦν
371 3667 583 3734 ποίημα
607 3669 664 3720 τὸ
697 3665 920 3735 Πνεῦμα
941 3669 1002 3720 τὸ
1031 3667 1207 3736 ἅγιον,
1237 3667 1332 3721 καὶ
1365 3668 1439 3737 μὴ
1467 3668 1564 3738 τῆς
1588 3669 1735 3732 θείας
1759 3671 1851 3721 οὐ-

279 3757 400 3820 σίας
424 3759 635 3828 ὑπῆρχε
659 3759 834 3828 Πατρὶ
854 3758 1205 3828 συνθεολογού
1215 3775 1397 3828 μενον,
1427 3759 1596 3830 πῶςὴ
1617 3761 1697 3823 είς
1719 3761 1851 3814 αὐτὸ

269 3849 561 3918 δυσφημία
588 3849 856 3920 τοσαύτην
886 3849 1000 3918 ἔχει
1037 3851 1136 3918 τὴν
1159 3850 1406 3915 κόλασιν,
1439 3851 1536 3920 ὅση
1572 3851 1715 3905 κατὰ
1740 3851 1850 3906 τῶν

276 3941 360 4001 είς
392 3940 524 3992 Θεὸν
553 3941 981 4012 δυσφημούντων
1011 3941 1293 4012 agitent;
1341 3942 1480 3996 Ἀλλ’
1513 3942 1630 3996 ἐστι
1660 3943 1848 4011 δῆλον¹,

278 4036 360 4087 ὅτι
391 4035 522 4098 Θεὸς
551 4038 616 4088 ἐκ
639 4037 794 4118 Θεοῦ,
830 4039 922 4090 καὶ
944 4040 1002 4090 ὲν
1027 4037 1145 4108 Θεῷ
1173 4038 1232 4090 τὸ
1261 4037 1506 4106 Πνεῦμα,
1535 4038 1596 4090 τὸ
1620 4036 1693 4100 ὡς
1721 4037 1853 4099 Θεὸς

276 4127 592 4197 τιμώμενον
640 4129 793 4198 παρὰ
839 4131 956 4192 ταῖς
1006 4128 1180 4192 θείαις
1237 4129 1506 4200 Γραφαῖς,
1549 4130 1642 4183 καὶ
1680 4128 1853 4192 οὕτως

281 4220 528 4292 ὑπάρχον
557 4224 621 4291 τῇ
656 4223 838 4291 φύσει.

847 4313 941 4365 Ἐκ
974 4312 1079 4366 τοῦ
1116 4312 1326 4368 αὑτοῦ.

358 4406 704 4475 Εἱ,καθάπερ
738 4407 902 4475 φησὶν
919 4405 1200 4474 ὁΣωτὴρ,ι
1224 4404 1280 4456 '0
1293 4406 1636 4473 γεννώμενος
1670 4409 1733 4458 ὲκ
1757 4406 1850 4458 τοῦ

1950 555 2186 610 tationes
2250 555 2586 618 omittentes,
2632 555 2698 608 ad
2729 555 3016 608 sublimem
3075 555 3363 625 theologia":
3417 575 3533 609 una-

1949 648 2285 716 gnitudinem
2317 651 2722 708 conscendetis,
2754 657 2808 699 et
2837 663 2954 716 qua:
2987 648 3052 700 de
3111 658 3300 701 natura
3351 648 3530 701 divina

1948 739 2091 792 dicta
2119 749 2268 803 sunt,
2325 737 2450 792 licet
2477 739 2728 793 humanis
2755 740 2936 791 verbis
2989 739 3364 798 enuntientur,
3433 753 3535 790 no-

1948 844 2181 904 straeque
2209 831 2623 885 consuetudinis
2665 830 2954 892 rationem,
3001 832 3142 898 quod
3178 832 3268 883 vix
3305 831 3372 881 ita
3409 841 3533 897 pns-

1949 923 2057 978 sint
2082 928 2149 976 ab
2176 922 2524 976 audientibus
2546 920 2774 988 percipi,
2816 934 2921 972 non
2953 929 3234 986 superant,
3322 921 3534 972 ratiom:

1951 1021 2131 1064 tamen
2173 1011 2282 1063 Deo
2328 1009 2688 1063 conveniente
2715 1006 3070 1076 inlelligelis?
3104 1007 3301 1060 Verum
3349 1008 3530 1060 stult-

1951 1101 2039 1155 titP
2071 1110 2263 1154 vestra:
2295 1114 2598 1166 congruens
2639 1098 2842 1167 aliquid
2866 1097 3315 1165 respondeamus.
3350 1095 3406 1149 Si
3437 1112 3533 1164 per

1949 1209 2049 1248 vos
2077 1193 2332 1262 unguenti
2365 1191 2543 1246 locum
2577 1202 2740 1260 alque
2773 1190 3019 1245 ordinem
3049 1189 3283 1259 Spiritus
3316 1191 3532 1242 obtinu-

1949 1286 2050 1349 bit,
2081 1285 2336 1354 quoniam
2365 1293 2696 1353 unguentum
2730 1283 2798 1335 ab
2829 1297 2894 1336 eo
2938 1283 3029 1349 qui
3058 1282 3229 1349 ungit,
3264 1281 3530 1335 diversum

1952 1377 2153 1431 habere
2191 1385 2447 1429 naturam
2485 1388 2710 1428 necesse
2739 1383 2843 1438 est,
2873 1389 2998 1426 num
3049 1373 3216 1426 etiam
3277 1373 3528 1439 quoniam

1952 1479 2292 1538 unguentum
2319 1468 2385 1522 ab
2420 1466 2720 1520 artiﬁcibus
2767 1481 2831 1520 ex
2870 1466 3056 1519 multis
3111 1464 3412 1527 coniicitur,
3442 1481 3534 1518 ne-

1952 1575 2104 1615 cesse
2126 1558 2410 1629 erit§vobis
2437 1565 2491 1612 et
2526 1555 2796 1625 Spiritum
2831 1565 3077 1610 sanctum
3110 1555 3290 1608 multis
3321 1570 3384 1607 ex
3405 1570 3530 1622 par-

1955 1652 2099 1705 tibus
2127 1665 2248 1705 esse
2273 1648 2680 1716 compositum?
2707 1647 2976 1702 Praeterea
3014 1663 3138 1701 cum
3195 1656 3528 1715 unguentum

1953 1744 2180 1797 rationis
2197 1744 2269 1797 sit
2299 1757 2518 1811 expers,
2551 1741 2780 1796 rationis
2830 1756 3022 1808 expers
3052 1741 3123 1793 sit
3145 1740 3310 1792 etiam
3362 1736 3532 1805 Spiri-

1955 1845 2038 1888 tus
2062 1846 2304 1889 sanctus.
2330 1833 2481 1898 Quod
2505 1835 2608 1887 hoc
2635 1834 2690 1886 iu
2715 1848 2773 1886 re
2799 1831 2935 1884 male
2963 1832 3164 1884 dictum
3194 1836 3294 1892 est,
3350 1831 3402 1882 in
3439 1847 3531 1882 eo-

1954 1945 2070 1982 rum
2095 1929 2274 1997 capita
2312 1927 2534 1981 omnino
2558 1927 2832 1980 decurret.
2873 1923 2981 1978 Nos
3015 1933 3192 1977 autem
3219 1932 3404 1977 contra
3448 1925 3525 1977 sic

1952 2019 2273 2088 olijiciemus
2305 2038 2319 2075 :
2359 2020 2415 2073 Si
2457 2019 2667 2074 diversa
2702 2017 2938 2086 Spiritus
2973 2018 3208 2070 essentia
3229 2029 3310 2070 est
3341 2033 3366 2068 a
3400 2015 3529 2077 Deo,

1950 2113 2040 2179 qui
2073 2121 2294 2164 sanctos
2316 2111 2468 2179 ungit
2498 2110 2614 2176 ipso
2645 2107 2875 2178 Spiritu,
2909 2123 3007 2163 cur
3040 2107 3245 2176 Spiritu
3286 2109 3336 2160 in
3373 2109 3526 2160 nobis

1953 2201 2227 2254 habitante
2262 2200 2514 2254 Chrislus
2544 2200 2794 2253 habitare
2839 2201 3268 2258 demonstratur,
3294 2199 3383 2267 qui
3419 2215 3525 2250 non

1952 2303 2031 2347 est
2052 2295 2288 2346 essentia
2313 2295 2561 2346 diversus
2590 2309 2616 2345 a
2647 2291 2852 2346 Patre?
2895 2291 3050 2356 Quod
3108 2293 3321 2360 quidem
3387 2292 3526 2342 Pan-

1951 2385 2033 2437 lus
2068 2385 2410 2455 intelligens:
2442 2382 2508 2436 Ut
2558 2385 2666 2445 det,
2697 2383 2890 2452 inquit,
2912 2385 3370 2436 'uobissemmdum
3394 2385 3531 2435 divi-

1951 2479 2054 2528 tias
2087 2477 2267 2545 ρίου-ἕω
2327 2493 2436 2528 sua:
2490 2477 2568 2529 vir
2591 2485 2676 2528 ute
2725 2476 3061 2528 corroborari
3131 2491 3222 2542 per
3273 2474 3527 2543 Spiritum

1949 2585 2124 2629 suum,
2159 2569 2212 2621 in
2243 2569 2494 2621 interiore
2549 2569 2775 2631 herniae,
2839 2569 3082 2621 habitare
3134 2567 3396 2622 Christum
3439 2583 3528 2624 ver

1950 2661 2106 2726 ﬁdem
2139 2663 2192 2712 in
2248 2661 2492 2713 cordibus
2549 2661 2813 2714 nostris‘.
2880 2661 3014 2715 Cum
3083 2660 3246 2730 igitur
3281 2661 3530 2713 Christus

1955 2765 2050 2818 per
2075 2750 2331 2817 Spiritum
2361 2751 2564 2803 habitet
2593 2752 2643 2802 in
2681 2752 2896 2804 homine
2952 2751 3233 2815 interiore,
3311 2753 3524 2818 persiu-

1950 2853 2110 2893 cuum
2152 2851 2259 2904 est,
2304 2841 2478 2909 ipsqu
2527 2843 2761 2896 essentia
2816 2858 2920 2895 non
2957 2842 3174 2897 diﬂct-re
3205 2845 3269 2896 ab
3311 2861 3374 2896 eo
3434 2859 3530 2913 per

1951 2948 2110 3002 quem
2144 2934 2195 2986 in
2232 2937 2439 2988 sanctis
2465 2933 2678 2987 videtur
2700 2935 2965 2989 habitare.

2412 3111 2494 3164 Ex
2517 3111 2743 3165 Joannis
2763 3109 3065 3180 Evangelia.

2023 3203 2282 3259 Dominus
2338 3215 2521 3258 noster
2573 3204 2730 3259 Jesus
2785 3205 3064 3270 Christus,
3122 3204 3316 3258 divina:
3373 3216 3532 3257 natu-

1953 3313 2027 3351 ra:
2076 3299 2336 3351 honorem
2365 3312 2608 3361 servans,
2638 3296 2685 3350 ei
2719 3297 2810 3366 qui
2863 3298 3084 3351 verbum
3135 3298 3394 3350 adversus
3443 3295 3530 3349 Fi-

1953 3392 2085 3444 lium
2124 3390 2367 3445 hominis
2407 3390 2626 3454 dixerit,
2660 3391 2869 3442 veniam
2902 3390 3130 3443 aﬂirntal
3161 3389 3530 3443 datutniri.At

1953 3485 2046 3554 qui
2072 3487 2122 3538 in
2147 3483 2407 3551 Spiritum
2437 3494 2677 3536 sanctum
2709 3482 2992 3537 maledicta
3021 3484 3331 3552 conjecerit,
3361 3483 3408 3534 ei
3443 3499 3536 3534 nt-

1953 3593 2055 3648 que
2069 3579 2121 3632 in
2135 3578 2240 3633 hoc
2257 3579 2450 3632 saeculo
2469 3577 2708 3645 ignotum
2731 3578 3004 3646 iri,neqne
3023 3577 3076 3630 in
3103 3577 3280 3630 futuro
3297 3579 3338 3628 ².
3371 3573 3520 3640 Quod

1953 3672 1996 3724 si
2017 3668 2570 3736 creatuseslSpiritus
2610 3681 2848 3737 sanctus,
2869 3669 2954 3722 cui
2981 3670 3265 3722 maledicta
3283 3671 3334 3720 in
3357 3669 3528 3736 ipsum

1953 3762 2263 3830 conjicienli
2321 3771 2527 3816 tantum
2595 3764 2916 3830 praponitur
2961 3761 3302 3830 supplicium,
3359 3776 3527 3828 quau-.-

1955 3862 2067 3908 tum
2100 3855 2206 3908 Deo
2224 3853 2666 3907 maledicentibns
2687 3863 2769 3906 est
2788 3853 3063 3906 definitum
3084 3853 3108 3905 ?
3129 3851 3349 3905 Constat
3369 3853 3531 3918 igitur

1951 3944 2118 4000 Deum
2150 3961 2216 3999 ex
2236 3945 2343 3998 Deo
2363 3959 2483 3998 esse
2503 3945 2758 4012 Spiritum
2779 3939 3050 4012 sanctuni,
3074 3945 3162 4013 qui
3187 3953 3246 3997 ut
3265 3943 3402 3997 Deus
3419 3946 3486 3997 Im
3511 3973 3528 3982 -

1952 4046 2178 4089 uoratur
2210 4037 2264 4089 in
2298 4035 2595 4104 Seripturis
2634 4036 2867 4103 divinis,
2902 4046 3062 4106 atque
3099 4039 3168 4089 ita
3205 4046 3393 4088 natura
3447 4046 3526 4089 est

1953 4127 2115 4181 Deus.

2483 4299 2566 4353 Ea:
2587 4302 2782 4353 eodem.

2029 4396 2108 4459 Si,
2131 4397 2581 4465 quemadmodum
2610 4395 2866 4448 Servator
2882 4395 2957 4448 ait
2989 4409 3003 4446 :
3034 4394 3139 4459 Qui
3181 4404 3335 4447 natus
3357 4407 3430 4446 est
3464 4410 3530 4447 ea:

281 4497 601 4566 Πνεῦματος
634 4497 855 4566 πνεῦμά
884 4497 1031 4548 ἐστιν
1053 4509 1065 4522 ·
1098 4513 1117 4546 ι
1149 4497 1177 4547 ὁ
1205 4495 1261 4547 δὲ
1291 4495 1529 4557 τοιοῦτος
1559 4497 1661 4550 οὐκ
1681 4497 1738 4560 ἐξ
1769 4501 1849 4550 αἱ-

1961 4487 2182 4553 Spiritu,
2214 4487 2429 4554 spiritus
2460 4495 2531 4536 est
2571 4484 2612 4547 ³,
2651 4481 2957 4549 hnjnsntodi
2975 4493 3154 4537 autem
3173 4499 3281 4535 non
3300 4499 3366 4537 ex
3404 4501 3530 4536 san-

285 4591 496 4658 μὰτοςν,
535 4590 654 4643 οὐδὲ
687 4592 750 4643 ὲκ
778 4590 1081 4658 θελήματος
1115 4588 1327 4658 ἀνδρὸς,
1366 4587 1397 4656 ἦ
1431 4589 1709 4656 γυναικὸς,
1739 4592 1854 4644 ἀλλ’

1953 4579 2207 4648 gninibus
2239 4591 2413 4644 neque
2469 4590 2532 4628 ex
2566 4578 2846 4631 voluntate
2868 4576 2997 4641 viri,
3029 4584 3122 4629 aut
3150 4576 3381 4638 feminae,
3433 4575 3527 4627 sed

282 4687 350 4736 ἐκ
391 4681 524 4736 Θεοῦ
554 4682 813 4752 ἐγεννήθη
840 4699 853 4712 ·
888 4682 1020 4743 Θεὸς
1049 4682 1158 4750 ἄρα
1193 4681 1254 4732 τὸ
1286 4679 1512 4748 Πνεῦμα
1554 4684 1666 4735 ἐστι
1716 4685 1849 4737 κατᾶ

1953 4686 2023 4726 οι
2055 4670 2328 4723 voluntate
2385 4669 2474 4721 Dei
2506 4679 2660 4720 natus
2683 4671 2832 4731 cst“,
2905 4667 3046 4723 Deus
3094 4667 3276 4734 utique
3338 4675 3528 4720 natura

282 4776 450 4843 φύσιν
483 4776 542 4826 τὸ
573 4777 695 4837 τοὺς
727 4775 874 4835 υἱοὺς
908 4772 1217 4840 ἁναγεννῶν
1239 4773 1318 4833 είς
1352 4773 1577 4841 ἑνότητα
1600 4774 1696 4844 τὴν
1720 4777 1856 4845 πρὸς

282 4866 422 4916 Θεὸν
445 4865 532 4918 διὰ
556 4865 615 4916 τὸ
647 4867 916 4916 κατοικεῖν
939 4865 997 4915 ἐν
1017 4863 1221 4926 αὐτοῖς,
1246 4861 1340 4912 καὶ
1361 4861 1460 4930 τῆς
1485 4862 1619 4924 ιδίας
1644 4864 1856 4932 φύσεως

281 4956 620 5028 ἐργάζεσθαι
653 4955 966 5016 κοινωνούς.

362 5050 423 5102 Εἰ
453 5051 686 5103 θεοποιεί
715 5048 774 5100 τὸ
805 5047 1028 5117 Πνεῦμα
1058 5047 1187 5110 τοὺς
1218 5049 1275 5100 ὲν
1301 5043 1382 5112 οἷς
1410 5048 1476 5102 ἂν
1501 5048 1732 5112 γένοιτο.
1763 5046 1860 5098 καὶ

1955 4770 2039 4818 est
2097 4761 2332 4829 Spiritus
2393 4769 2634 4824 sant-tus,
2666 4763 2754 4828 qui
2793 4761 2932 4813 ﬁlios
2983 4766 3290 4826 rcgenerat,
3315 4766 3375 4810 ut
3404 4772 3527 4810 cum

1955 4855 2068 4909 Deo
2119 4853 2540 4923 conjungantur,
2589 4853 2729 4919 quod
2761 4853 2975 4919 quidem
3037 4857 3276 4918 prastat,
3299 4849 3424 4902 dum
3476 4849 3527 4901 iu

1959 4947 2065 5000 illis
2121 4947 2348 5009 habitat,
2381 4955 2692 5010 naturasque
2720 4959 2830 4996 sua:
2889 4941 3178 5010 participes
3211 4940 3360 4995 facit.

2028 5037 2082 5092 Si
2115 5037 2349 5106 Spiritus
2377 5051 2472 5089 eos
2497 5037 2548 5088 in
2581 5035 2775 5101 quibus
2804 5043 2887 5087 est
2919 5034 3047 5087 deos
3078 5032 3276 5096 reddit,
3312 5032 3534 5084 divinm-

281 5142 551 5213 μετόχους
590 5140 737 5202 θείας
763 5138 1059 5208 ἐργάζεται
1089 5138 1337 5207 φύσεως,
1374 5139 1484 5209 ἄρα
1520 5139 1639 5192 ἐστὶ
1672 5138 1769 5192 καὶ
1797 5139 1849 5190 ὲκ

1959 5146 2064 5199 que
2097 5141 2305 5182 naturae
2362 5127 2656 5195 participes
2717 5125 2868 5187 facit,
2930 5139 2994 5178 ex
3039 5125 3221 5179 divina
3275 5125 3530 5177 nimirum

277 5234 387 5302 τῆς
422 5233 572 5294 θείας
607 5231 794 5292 οὐσίας
827 5229 1072 5299 φυσικῶς
1112 5232 1178 5284 δι’
1212 5230 1343 5283 Υἱοῦ
1373 5233 1441 5302 τῇ
1483 5230 1657 5283 κτίσει
1692 5245 1849 5297 χορη-

1958 5222 2195 5276 essentia
2234 5228 2318 5273 est
2370 5217 2711 5280 naturaliter,
2757 5227 2812 5270 et
2867 5218 3027 5271 rebus
3085 5216 3384 5286 procreatis
3437 5230 3535 5282 per

280 5324 586 5394 γούμενον,
627 5323 716 5374 καὶ
755 5322 1104 5390 άναμορφοῦν
1137 5323 1341 5393 αὐτὴν,
1381 5322 1457 5384 ὡς
1496 5321 1634 5392 πρὸς
1669 5319 1854 5373 ἑαυτό.

278 5419 504 5484 Ὠσπερ
538 5414 644 5482 γὰρ
679 5413 855 5482 φωτὸς
889 5414 1088 5466 αίκεῖον
1119 5413 1279 5483 ἔργον
1316 5413 1436 5466 ἐστὶ
1466 5413 1528 5465 τὸ
1563 5411 1854 5481 φωτίζειν,

281 5515 380 5562 καὶ
408 5507 510 5560 οὐκ
542 5508 606 5560 ἄν
639 5524 690 5558 τι
717 5506 934 5559 δύναιτο
965 5504 1238 5573 φωτίζειν,
1269 5506 1318 5557 εί
1353 5505 1426 5575 μὴ
1457 5505 1690 5574 ὑπάρχει
1717 5503 1854 5572 φῶς·

279 5601 432 5654 οὕτω
461 5595 665 5653 καὶτοῦ
696 5598 838 5650 θείου
864 5595 1178 5665 Πνεῦμα-ξος
1205 5597 1364 5664 ἔργον
1393 5595 1450 5646 τὸ
1479 5593 1657 5656 θείους
1687 5597 1856 5665 ἐργάι

267 5693 480 5760 ιζεσθαι
529 5691 651 5754 τοὺς
688 5691 1012 5760 δεξαμένους
1058 5689 1207 5752 αὐτὸ,
1258 5688 1350 5741 καὶ
1392 5685 1501 5739 οὐδ’
1536 5686 1601 5739 ἂν
1641 5686 1858 5754 φύσεως

364 5811 379 5838 ³
429 5807 734 5877 Ephcs.ttt,
783 5805 864 5869 16,
929 5804 1016 5858 ΓΙ.
1125 5805 1143 5833 ¹
1218 5802 1406 5854 Matth.
1466 5817 1562 5862 xu,
1618 5801 1705 5854 '52.

1785 5801 1802 5831 ³
1825 5799 1983 5854 J'van.
2016 5815 2098 5860 ιιι,
2124 5799 2175 5853 (ἰ.

1964 5315 2160 5368 Filium
2191 5312 2369 5372 datus,
2397 5323 2490 5364 eas
2516 5317 2774 5378 tanquam
2807 5309 2909 5362 sibi
2946 5309 3045 5377 ipsi
3073 5309 3280 5361 similes
3345 5305 3530 5359 efficit.

1964 5404 2425 5472 Quemadmodum
2462 5401 2736 5472 proprium
2772 5403 2981 5470 lucipus
3017 5417 3076 5453 os
3109 5409 3191 5453 est
3241 5399 3532 5461 illustrare,

1967 5515 2064 5552 nec
2103 5505 2285 5564 posset
2315 5496 2606 5563 quidquam
2643 5494 2936 5555 illustrare,
2973 5491 3074 5544 nisi
3104 5498 3248 5543 esset
3296 5488 3406 5550 lux,
3461 5489 3532 5540 ita

1965 5589 2140 5644 Sancti
2204 5587 2438 5656 Spiritus
2466 5602 2600 5656 opus
2625 5595 2704 5640 est
2730 5586 2942 5637 divinos
2987 5586 3225 5642 enleere,
3284 5593 3312 5630 a
3340 5579 3534 5647 quibus

1967 5682 2081 5752 ipse
2109 5680 2422 5748 suscipitur,
2462 5694 2560 5733 nec
2588 5693 2700 5736 eos,
2731 5676 2821 5743 qu-i
2889 5675 3061 5742 ipsum
3114 5670 3339 5734 habent,
3394 5672 3535 5723 divi-

2256 5796 2274 5826 ‘
2300 5795 2457 5849 Joan.
2488 5812 2524 5850 l.
2556 5795 2636 5846 18.
