4078 6292
341 350 438 415 ’869

511 462 609 514 Ἐκ
644 459 749 528 τῆς
774 462 925 528 πρὸς
965 461 1292 531 Ῥωμαίους
1325 461 1716 531 Ἐπιστολῆς.

414 553 654 622 Οἴδαμεν
673 591 688 616 ,
721 555 888 622 φησὶν
907 594 922 616 ,
956 553 1039 605 ὅτι
1069 555 1097 605 6
1126 551 1289 621 νόμος
1319 554 1692 622 πνευματικός
1721 555 1892 606 ἐστιν.
1939 550 1942 552 ’

353 641 464 700 Εἶτα
486 645 653 715 βραχὺ
674 645 936 712 ἐπιλέγει·
963 643 1307 714 Συνήδομαι
1328 642 1410 708 τῷ
1434 645 1598 713 νόμῳ
1617 644 1725 698 τοῦ
1747 643 1896 698 Θεοῦ

349 735 477 793 ,κατὰ
494 739 599 793 τὸν
623 738 747 793 ἔσω
769 739 1086 805 ἄνθρωπον
1102 755 1130 817 ο.
1147 740 1239 792 καὶ
1270 739 1431 793 πάλιν
1453 754 1470 770 ⁶
1487 740 1550 792 '0
1575 740 1684 808 γὰρ
1712 742 1896 808 νόμος

354 832 441 886 τοῦ
491 833 834 900 Πνεύματος
877 833 988 903 τῆς
1049 833 1198 904 ζωῆς
1253 836 1323 890 ἐν
1382 834 1616 904 Χριστῷ
1690 835 1896 902 Ἰησοῦ

354 923 700 993 ἠλευθέρωσε
750 942 827 993 με
882 925 1002 979 ἀπὸ
1065 926 1172 981 τοῦ
1221 929 1409 996 νόμου
1455 926 1561 995 τῆς
1607 929 1898 998 ἁμαρτίας

354 1016 436 1069 καί
463 1014 563 1068 τοῦ
585 1013 866 1070 θανάτου.
905 1016 1037 1069 Ἰδοὺ
1061 1017 1152 1070 τὸν
1170 1019 1336 1086 νόμον
1357 1018 1629 1088 ὀνομάσας
1653 1035 1785 1071 πνευ
1797 1036 1898 1088 μα-

354 1108 502 1172 τικὸν,
535 1108 785 1160 τουτέστι
810 1107 904 1160 τὸν
934 1109 1022 1161 διὰ
1045 1109 1137 1162 τοῦ
1173 1109 1510 1180 Πνεύματος,
1546 1101 1710 1174 εὐθὺς
1732 1111 1898 1164 αὑτὸν

353 1198 433 1249 καὶ
465 1195 594 1250 Θεοῦ
641 1197 806 1266 νόμον
848 1197 1135 1254 ἀποκαλεῖ.
1175 1200 1514 1268 Γυμνότερον
1560 1201 1614 1252 δὲ
1659 1201 1748 1254 διὰ
1787 1201 1897 1256 τῶν

352 1286 541 1356 ἑφεξῆς,
581 1287 663 1339 ὅτι
706 1287 836 1351 Θεὸς
883 1288 969 1358 εἴη
1023 1290 1085 1342 τὸ
1135 1289 1380 1358 Πνεῦμα,
1439 1289 1680 1343 δεικνύει
1735 1289 1893 1360 βοῶν,

355 1396 378 1430 τ
396 1377 606 1447 Ὀνόμος
631 1377 726 1430 τοῦ
745 1379 1064 1451 Πνεύματος
1086 1380 1186 1451 τῆς
1201 1380 1374 1452 ζωῆς,
1389 1401 1404 1432 ι
1421 1381 1507 1436 ἵνα
1530 1381 1604 1452 μὴ
1625 1381 1789 1452 μόνον
1814 1399 1898 1434 νο-

353 1468 584 1537 μοθετοῦν
622 1469 944 1540 εὑρίσκηται
974 1472 1038 1524 τὸ
1077 1472 1299 1543 Πνεῦμα
1339 1472 1398 1526 τὸ
1428 1472 1615 1541 ἅγιον,
1651 1473 1764 1526 ἀλλ’
1796 1473 1898 1544 ἤδη

349 1561 434 1612 καὶ
456 1558 670 1630 Πνεῦμα
709 1561 953 1632 ὑπάρχον
982 1563 1144 1632 ζωῆς.
1168 1565 1279 1616 Καὶ
1327 1566 1412 1628 τίς
1448 1568 1478 1634 ή
1513 1565 1649 1636 ζωὴ,
1686 1565 1718 1636 ἢ
1756 1565 1896 1618 πάν-

348 1671 441 1713 τως
471 1652 497 1703 ό
537 1652 709 1720 λέγων
748 1653 982 1723 Χριστός
1015 1671 1032 1688 ⁶
1067 1656 1213 1726 Ἐγώ
1255 1659 1368 1726 ειμι
1407 1659 1445 1727 ἡ
1483 1659 1756 1728 ἀλήθεια,
1795 1659 1896 1713 καὶ

346 1741 389 1808 ἡ
414 1739 506 1808 ζωή
533 1756 550 1806 ;

697 1835 798 1886 Ἐκ
834 1831 945 1902 τῆς
982 1833 1132 1902 πρὸς
1175 1837 1542 1903 Κορινθίους.

424 1922 581 1980 Ἀλλὰ
623 1927 1086 2004 ἀπελούσασθε,
1118 1933 1315 1999 φησιν,
1358 1930 1519 1986 ἀλλὰ
1545 1931 1895 2000 ἡγιάσθητε,

343 2018 484 2072 ἀλλὰ
505 2018 880 2087 ἐδικαιώθητε
915 2021 985 2074 ἐν
1007 2020 1085 2086 τῷ
1102 2024 1344 2089 ὀνόματι
1368 2024 1473 2078 τοῦ
1491 2027 1714 2094 Κυρίου
1729 2024 1900 2101 ἡμῶν

344 2109 533 2173 Ἰησοῦ
547 2110 622 2175 Χρ
633 2110 823 2175 ιστοῦ,
839 2111 1014 2163 καὶέν
1028 2111 1106 2175 τῷ
1120 2114 1415 2182 Πνεύματι
1429 2115 1534 2168 τοῦ
1551 2115 1697 2169 Θεοῦ
1709 2114 1897 2184 ἡμῶν,

342 2198 532 2252 Οὐκοῦν
561 2203 606 2252 εί
640 2202 787 2270 μόνῳ
815 2201 933 2272 Θεῷ
963 2202 1023 2254 τὸ
1050 2203 1250 2270 ἐξεῖναι
1295 2208 1601 2276 συγχωρεῖν
1622 2206 1900 2277 ἁμαρτίας

335 2290 585 2361 δώσομεν,
610 2293 804 2364 ἀφίησι
833 2295 1002 2348 δὲκαὶ
1025 2296 1224 2351 δικαιοῖ
1245 2299 1340 2351 καὶ
1363 2299 1420 2350 τὸ
1444 2301 1688 2367 Πνεῦμα,
1713 2299 1900 2366 ἁγίους

338 2383 676 2439 ἁποδεικνόον
707 2386 831 2448 τοὺς
862 2389 920 2441 ὲν
949 2383 1032 2451 οἷς
1061 2387 1127 2442 ἂν
1158 2389 1390 2457 γένοιτο,
1419 2389 1551 2453 Θεὸς
1581 2389 1688 2460 ἄρα
1715 2391 1775 2444 τὸ
1801 2389 1901 2461 τὴν

340 2474 481 2528 θείαν
514 2475 799 2546 ἐνέργειαν
832 2476 952 2549 ἔχον
979 2479 1039 2532 ὲν
1069 2480 1248 2550 ἐαυτῷ
1280 2481 1548 2549 φυσικῶς.

795 2573 892 2624 Ἐκ
919 2571 1025 2626 τοῦ
1050 2573 1443 2642 Εὐαγγελίου.

420 2667 578 2737 Ἀμὴν
625 2665 771 2732 λέγω
827 2663 979 2732 ὑμῖν,
1037 2663 1140 2728 ὅτι,
1195 2664 1290 2715 ἐὰν
1345 2663 1422 2734 μὴ
1478 2667 1506 2716 ὁ
1563 2663 1693 2727 Υἱὸς
1757 2666 1902 2736 ὑμᾶς

333 2757 691 2827 ἐλευθερώσῃ,
747 2753 924 2806 δοῦλοί
978 2754 1123 2806 ἐστε.
1181 2753 1460 2822 Ποιήματι
1525 2754 1624 2824 μὲν
1679 2753 1788 2825 γὰρ
1844 2757 1904 2808 τὸ

329 2848 588 2902 δύνασθαι
615 2847 774 2900 τοῦτο
799 2847 974 2899 ποιεῖν
1009 2844 1070 2896 οὐ
1106 2845 1391 2913 πρόσεστι,
1424 2846 1572 2916 μόνῳ
1600 2846 1656 2899 δὲ
1686 2849 1760 2911 ὼς
1792 2848 1904 2919 Υίῷ

335 2941 428 2994 καὶ
451 2937 772 3008 κληρονόμῳ
795 2936 870 3007 τῷ
893 2938 957 2988 ὲκ
979 2935 1112 2989 Θεοῦ
1139 2936 1353 3005 Πατρδς
1376 2937 1693 3008 προελθόντι
1721 2939 1900 3008 Λόγῳ.

337 3032 402 3085 Ei
443 3031 622 3084 τοίνυν
663 3029 824 3100 μόνου
875 3028 1010 3099 πρὸς
1058 3026 1371 3096 ἐλευθερίαν
1419 3028 1708 3091 καλοῦντος
1757 3031 1903 3099 ἡμᾶς

1275 342 1649 411 PANOPLIA
1690 316 2150 412 DOGMATICA.
2189 375 2257 387 —
2296 351 2443 410 TlT.
2480 351 2620 408 xu.

3465 343 3570 408 870

2378 464 2460 517 Ex
2524 461 2762 530 Epistula
2788 462 2859 515 ad
2912 460 3198 516 Romanos.

2068 558 2299 619 Scinms,
2338 557 2530 622 inquit,
2561 555 2722 622 legem
2755 570 2866 606 esse
2911 553 3239 621 spiritualem
3274 551 3312 602 ⁸.
3369 549 3441 604 De
3466 550 3572 605 nde

1997 665 2288 720 parumper
2323 663 2647 717 progressus
2672 647 2896 714 subjicit
2931 665 2946 698 :
2993 647 3277 699 Consentio
3326 645 3429 711 legi
3476 643 3570 697 Dei

1996 742 2281 796 secundum
2335 740 2642 807 interiorem
2693 739 2953 789 hominem
2986 737 3026 788 ³.
3056 735 3121 788 Et
3159 752 3369 790 rursum
3408 753 3420 788 :
3462 734 3574 790 Lia:

1995 835 2132 886 enim
2157 834 2390 901 Spiritus
2417 834 2534 884 vita:
2559 831 2612 882 in
2637 829 2849 884 Christo
2873 827 3000 882 Jesu
3025 829 3261 882 liberavit
3298 845 3376 882 me
3399 846 3431 882 a
3463 829 3573 898 lege

1997 927 2198 992 peccati
2235 933 2284 977 et
2321 925 2507 976 mortis
2542 922 2582 974 ³.
2634 921 2794 984 Ecce,
2851 937 2974 974 cum
3028 922 3197 990 legem
3247 923 3571 990 appellasset

1999 1014 2362 1082 spiritualem,
2395 1016 2499 1066 hoc
2547 1023 2627 1065 est
2681 1027 2775 1081 per
2819 1011 3102 1079 Spiritum,
3165 1014 3346 1065 statim
3398 1014 3568 1080 ipsam

1997 1115 2054 1157 et
2087 1103 2182 1160 Dei
2209 1106 2382 1176 legem
2411 1105 2666 1174 appellat.
2704 1105 2966 1174 Apertius
2999 1114 3180 1157 autem
3204 1117 3269 1157 ex
3307 1103 3378 1158 iis
3451 1121 3572 1173 qua:

1998 1209 2318 1265 sequuntur,
2357 1199 2521 1252 Deum
2563 1212 2686 1252 esse
2712 1197 2970 1265 Spiritum
3005 1197 3248 1250 ostendit
3285 1195 3456 1264 πιθα,
3488 1199 3573 1250 in-

1999 1289 2215 1356 quiens,
2247 1287 2484 1358 Spiritus
2515 1291 2654 1354 vitta,
2690 1291 2753 1343 ut
2773 1290 3034 1355 Spiritutu
3069 1302 3313 1342 sanctum
3353 1306 3457 1343 non
3484 1305 3575 1343 so-

1997 1378 2106 1433 lum
2144 1380 2530 1450 legislatorem,
2556 1396 2741 1435 verum
2766 1381 2928 1433 etiam
2966 1380 3086 1432 vitae
3144 1379 3404 1446 Spiritum
3456 1394 3577 1434 esse

1999 1485 2227 1528 constet.
2253 1475 2380 1539 Quae
2403 1492 2564 1545 porro
2601 1486 2681 1530 est
2707 1475 2813 1528 vita
2835 1475 2858 1527 ‘i
2884 1475 3134 1530 tlhristus
3157 1477 3444 1538 nimirum,
3480 1475 3575 1543 qui

1999 1566 2130 1619 diclt
2161 1583 2174 1620 :
2215 1565 2324 1637 Ego
2346 1583 2464 1621 sum
2489 1569 2680 1620 veritas
2707 1578 2751 1619 et
2787 1568 2892 1619 vita
2926 1568 2968 1618 ⁸.

2383 1853 2462 1907 Ea;
2483 1854 2725 1921 Epistola
2753 1852 2821 1906 ad
2870 1853 3202 1907 Corinthios.

2073 1943 2177 1999 Sed
2211 1945 2392 2012 abluti.
2426 1947 2576 2010 estis,
2611 1945 2806 2013 inquit,
2840 1944 2932 1997 sed
2962 1945 3451 2012 sant'tiﬁcatiestit,
3489 1946 3582 1997 sed

1991 2037 2276 2106 justi/icati
2302 2039 2450 2100 estis,
2482 2039 2534 2090 in
2566 2042 2775 2091 nomine
2806 2038 3021 2091 Domini
3055 2039 3217 2092 nostri
3248 2038 3378 2091 Iesu
3434 2037 3582 2091 Chri-

1999 2131 2091 2196 sti,
2129 2140 2177 2184 et
2210 2132 2264 2183 in
2293 2129 2496 2198 Spiritu
2529 2130 2623 2184 Dei
2677 2133 2842 2184 nostri
2869 2132 2912 2184 ⁵.
2951 2131 3136 2199 Itaque
3164 2132 3206 2184 si
3246 2131 3344 2183 soli
3385 2131 3492 2184 Deo
3520 2130 3584 2182 li-

2001 2238 2126 2278 cere
2161 2235 2378 2290 peccata
2415 2224 2686 2278 dimittere
2717 2224 3110 2287 concedemus,
3147 2223 3372 2276 dimittit
3397 2233 3578 2277 autem

2003 2324 2057 2372 et
2081 2315 2346 2385 justiﬂcat
2413 2317 2530 2385 ipse
2577 2316 2832 2384 Spiritum,
2874 2325 3094 2368 sanctos
3119 2314 3410 2368 declarans
3451 2331 3568 2376 eos,

2003 2407 2062 2462 in
2097 2407 2296 2476 quibus
2327 2417 2430 2473 est,
2464 2409 2606 2462 Deus
2640 2408 2828 2476 utique
2847 2416 2960 2470 est,
2995 2406 3087 2476 qui
3117 2407 3355 2460 divinam
3408 2409 3581 2462 actio-

2005 2513 2129 2554 nem
2163 2499 2328 2554 habet
2361 2501 2413 2553 in
2439 2514 2497 2552 se
2533 2501 2878 2552 naturaliter.

2573 2589 2657 2644 Ex
2679 2588 2988 2658 Evangelia.

2077 2683 2250 2736 Amen
2284 2683 2405 2736 dico
2445 2683 2622 2745 vobis,
2657 2697 2755 2738 vos
2795 2699 2916 2736 esse
2969 2697 3182 2747 some,
3214 2683 3318 2737 uisi
3368 2698 3464 2737 vos
3487 2683 3582 2737 Fis-

2006 2775 2109 2829 lius
2137 2774 2443 2828 liberaverit
2468 2775 2507 2828 ⁸.
2563 2774 2714 2830 llauc
2775 2777 2918 2829 enim
2980 2790 3067 2830 res
3121 2785 3417 2842 procreata;
3477 2791 3583 2828 non

2008 2869 2207 2922 habent
2241 2866 2578 2932 facultatem,
2609 2869 2702 2921 sed
2735 2868 2912 2922 solum
2952 2866 3210 2934 Verbum,
3281 2879 3341 2922 ut
3387 2867 3580 2926 Filius.

2007 2967 2063 3013 et
2094 2959 2292 3023 haeres,
2321 2968 2378 3012 et
2405 2973 2435 3010 a
2469 2958 2577 3014 Deo
2603 2959 2764 3015 Patre
2793 2959 3142 3030 provenieus.
3182 2960 3238 3012 Si
3273 2959 3436 3026 igitur
3491 2959 3584 3013 Fi-

2009 3051 2112 3104 lius
2135 3051 2285 3106 solus
2319 3066 2416 3104 nos
2452 3050 2524 3104 ita
2555 3061 2713 3105 vocat
2741 3053 2806 3104 ad
2844 3051 3174 3116 libertatem,
3238 3059 3294 3104 ut
3345 3061 3397 3103 et
3457 3050 3581 3119 Spi-

329 3121 427 3177 τοῦ
455 3120 588 3175 Υἱοῦ
619 3120 866 3189 φαίνεται
899 3118 993 3172 καὶ
1029 3118 1090 3171 τὸ
1119 3117 1344 3187 Πνεῦμα
1363 3117 1518 3170 τοῦτο
1550 3118 1756 3180 ποιοῦν,
1789 3119 1903 3182 πῶς

2011 3143 2150 3197 ritus
2182 3142 2325 3195 idem
2355 3141 2584 3206 eﬂiciat,
2619 3143 2892 3211 quomodo
2933 3156 3040 3195 non
3077 3141 3449 3196 eritesscntia:
3501 3117 3582 3209 ip-

327 3216 438 3268 οὐκ
476 3213 631 3265 ἔσται
677 3211 777 3281 τῆς
832 3209 1016 3272 οὐσίας
1066 3207 1232 3263 αὐτοῦ
1282 3209 1342 3261 τὸ
1393 3210 1465 3272 ὡς
1514 3210 1676 3274 αὐτὸς
1731 3210 1904 3264 πάντα

328 3306 574 3375 πράττον
609 3303 747 3372 μετὰ
786 3301 1068 3370 δυνάμεως
1101 3298 1472 3367 οεοπρεποῦς;
1499 3298 1560 3352 El
1587 3299 1825 3367 δὲτοῦτο
1844 3302 1904 3354 οὐ

323 3397 539 3464 κτίσμα
570 3395 738 3460 ἐστὶν,
777 3392 897 3446 οὐδὲ
929 3391 1143 3462 ποίημα
1169 3389 1230 3442 τὸ
1257 3389 1481 3460 Πνεῦμα
1513 3393 1738 3463 Κυρίου,
1771 3394 1908 3447 Πολ-

253 3469 291 3482 ’
323 3490 430 3559 λὴν
461 3487 570 3559 γὰρ
595 3489 624 3541 6
647 3487 805 3555 λόγος
829 3485 928 3556 τὴν
958 3484 1215 3536 ἀσέϐειαν
1242 3483 1376 3552 ἔχει.

643 3581 740 3633 Ἐκ
770 3578 880 3646 τῆς
924 3575 1190 3631 Ἰακώϐου
1233 3575 1617 3644 Ἐπιστολῆς.

402 3674 505 3742 Μὴ
530 3671 865 3735 πλανᾶσθε,
885 3670 1138 3739 ἀδελφοί
1150 3687 1270 3738 μου
1287 3672 1602 3738 ἀγαπητοί.
1621 3670 1793 3726 Πᾶσα
1813 3671 1909 3726 δό-

311 3786 426 3834 σις
449 3765 666 3836 ἀγαθὴ,
693 3765 788 3819 καὶ
830 3763 957 3820 πᾶν
992 3763 1229 3832 δώρημα
1251 3763 1483 3817 τέλειον
1519 3765 1748 3818 ἄνωθέν
1776 3766 1908 3818 ἐστι

315 3861 691 3917 καταϐαῖνον
703 3860 771 3912 ἐκ
788 3857 892 3912 τοῦ
913 3857 1140 3926 Πατρός
1155 3855 1272 3909 τῶν
1289 3858 1514 3924 φώτων.
1533 3855 1594 3908 Εἰ
1615 3859 1676 3909 ἐκ
1691 3856 1785 3909 τοῦ
1799 3860 1909 3911 Πα-

313 3955 457 4026 τρδς
477 3952 588 4004 τῶν
614 3951 809 4021 φώτων
830 3952 863 4020 ἡ
884 3949 1105 4020 ποικίλη
1132 3949 1240 4001 τῶν
1260 3949 1419 4002 θείων
1437 3949 1794 4019 χαρισμάτων
1812 3967 1910 4001 κα-

311 4039 685 4109 ταπέμπεται
721 4037 886 4102 δόσις,
915 4039 1046 4106 φησι
1089 4037 1144 4090 δὲ
1168 4040 1194 4089 ὁ
1219 4037 1449 4099 Παῦλος,
1485 4037 1673 4091 Ταῦτα
1713 4038 1911 4092 πάντα

309 4129 564 4200 ἐνεργεῖ
596 4130 660 4183 τὸ
694 4129 942 4198 Πνεῦμα
972 4128 1245 4196 διαιροῦν
1271 4129 1389 4194 ἰδίᾳ
1418 4128 1652 4194 ἑκάστῳ
1671 4169 1684 4192 ,
1715 4129 1910 4196 καθὼς

298 4225 656 4290 βούλεται·
689 4223 805 4286 πῶς
844 4224 906 4275 οὐ
937 4221 1103 4284 Θεὸς,
1145 4223 1238 4273 καὶ
1271 4224 1333 4272 ἐκ
1364 4220 1498 4272 Θεοῦ
1521 4260 1534 4283 ,
1573 4221 1667 4272 καὶ
1702 4223 1758 4272 ὲν
1791 4220 1909 4292 Θεῷ

305 4317 379 4369 τὴ
425 4315 689 4386 Πνεῦμα,
722 4315 783 4366 τδ
817 4315 884 4367 τὰ
913 4315 1090 4367 πάντα
1121 4313 1380 4381 ἐνεργοῦν
1409 4312 1475 4365 τὰ
1513 4313 1590 4382 τῷ
1628 4313 1747 4384 Θεῷ
1779 4314 1910 4376 πρέ·

305 4425 529 4472 ποντα,
583 4409 676 4460 καὶ
709 4405 868 4459 τοῦτο
907 4407 1369 4471 ’ὲξουσιαστικὼςς
1425 4403 1633 4458 Οὔκουν
1673 4406 1906 4475 κτίσμα,

304 4500 591 4570 καθάπερ
627 4499 828 4552 ὲκεῖνοι
867 4497 1160 4568 ληροῦντές
1195 4514 1378 4564 φασιν.
1815 4502 1825 4509 ’

687 4591 788 4642 Ἐκ
811 4585 917 4653 τῆς
948 4588 1172 4655 Πέτρου
1212 4585 1588 4653 Ἐπιστολῆς.

385 4681 842 4750 Σωφρονησατε
868 4674 1006 4743 οὖν,
1032 4681 1131 4732 καὶ
1173 4679 1404 4746 νήψατε
1425 4682 1510 4744 εὶς
1539 4679 1910 4747 προσευχὰς,

291 4776 435 4842 πρὸ
485 4774 734 4826 πάντων
776 4772 842 4825 δὲ
880 4773 996 4839 τὴν
1027 4774 1110 4836 εἰς
1139 4771 1394 4837 ἑαυτοὺς
1422 4771 1664 4840 ἀγάπην
1697 4769 1911 4838 ἐκτενῆ

290 4867 606 4934 ἔχοντες,
627 4865 715 4918 ὅτι
732 4866 769 4932 ἡ
794 4865 998 4934 ἀγάπη
1027 4866 1316 4915 καλύπτει
1334 4862 1566 4931 πλῆθος
1590 4861 1914 4931 ἁμαρτιῶν.

289 4959 649 5022 Φιλόξεν-οι
672 4961 758 5023 είς
778 4956 1091 5023 ἀλλήλους
1110 4957 1255 5008 ἀνευ
1268 4955 1640 5023 γογγυσμοῦ,
1653 4955 1912 5018 ἕκαστος

287 5051 456 5105 καθ’
475 5051 511 5104 ὃ
529 5051 709 5104 ἔλασε
727 5050 1010 5118 χάρισμα,
1027 5051 1113 5114 είς
1129 5045 1386 5112 ἑαυτοὺς
1403 5048 1547 5099 αὐτὸ
1565 5045 1914 5099 διακονοῦν-

281 5161 442 5210 τες.
473 5145 562 5210 ὡς
585 5144 759 5197 καλοὶ
798 5143 1098 5208 οἰκονόμοι
1138 5138 1421 5206 ποικίλης
1459 5137 1702 5207 χάριτος
1739 5137 1911 5191 Θεοῦ.

283 5237 472 5302 Ὀρα
504 5235 568 5304 δή
596 5252 685 5303 μοι
709 5233 889 5296 πάλιν,
911 5233 994 5284 ὅτι
1022 5231 1116 5283 τοῦ
1145 5230 1299 5298 ἁγίου
1325 5231 1638 5300 Πνεύματος
1668 5230 1912 5294 ἐξουσιαι

247 5325 561 5390 ’στικῶ;,
598 5325 778 5387 καθὼς
804 5327 868 5379 ἂν
902 5323 1181 5396 βούληται,
1212 5322 1279 5375 τὰ
1307 5321 1424 5374 Gaia.
1452 5321 1764 5391 χαρίσματα
1798 5323 1912 5374 δια-

271 5420 594 5488 νέμοντός
620 5435 677 5470 τε
704 5417 796 5470 καὶ¹
827 5417 1041 5486 ἑκάστῳ
1073 5415 1182 5466 τῶν
1219 5412 1388 5480 ἁγίων
1420 5413 1849 5482 ἐπιμερίξοντος,
1889 5413 1915 5462 6

274 5509 636 5578 θαυμάσιος
669 5509 872 5579 Πέτρος
916 5511 980 5560 ὲκ
1014 5507 1147 5560 Θεοῦ
1179 5510 1272 5575 τῆς
1303 5503 1515 5558 τοιᾶσδε
1553 5505 1773 5574 χάριτος
1817 5505 1914 5572 τὴν

383 5714 402 5744 ¹
439 5715 608 5766 Rom.
642 5731 739 5775 vn,
791 5713 876 5766 Μ.
952 5713 972 5743 ²
1004 5713 1131 5767 ibid.
1157 5713 1248 5766 22.
1316 5717 1332 5742 ·”
1363 5711 1384 5742 ³
1421 5711 1574 5764 Rom.
1630 5725 1748 5769 vm,
1783 5707 1838 5760 2.

285 5782 310 5812 ⁷
359 5783 504 5839 Jac.
549 5801 584 5851 ι,
614 5787 700 5839 17.
777 5783 839 5834 ⁸1
869 5783 995 5837 Cor.
1029 5799 1128 5849 xu,
1157 5785 1256 5854 ll.
1322 5785 1342 5815 ⁹
1371 5781 1392 5835 1
1417 5783 1560 5836 Ρειτ.
1598 5796 1670 5846 tv,
1702 5781 1853 5832 7-l0.

1953 5707 1972 5736 ⁸
1996 5705 2153 5761 Jonn.
2193 5721 2300 5769 tur,
2332 5705 2383 5759 6.

2011 3235 2146 3298 sius,
2191 3235 2280 3302 qui
2329 3246 2386 3288 ut
2429 3235 2658 3304 ipsemet
2714 3236 2895 3288 omnia
2953 3235 3082 3288 facit
3147 3250 3268 3287 cum
3318 3243 3585 3303 potestate

2011 3326 2122 3380 Deo
2141 3327 2539 3380 conveniente?
2569 3327 2722 3393 Quod
2752 3329 2796 3382 si
2833 3327 2906 3380 ita
2935 3335 3040 3388 est,
3077 3341 3176 3379 nec
3221 3325 3419 3389 factus.
3487 3342 3582 3380 nec

2012 3430 2231 3472 creatus
2253 3429 2337 3474 est
2363 3420 2598 3488 Spiritus
2626 3419 2863 3475 Domini.
2903 3419 2957 3472 Id
2992 3420 3138 3472 enim
3188 3418 3371 3472 dicere
3427 3420 3585 3473 valde

2012 3511 2236 3580 impium
2267 3522 2370 3566 est.

2489 3599 2575 3652 Ea:
2600 3596 2787 3651 Jacobi
2838 3596 3101 3666 Epistola.

2092 3690 2273 3744 Nolite
2305 3706 2502 3754 errare,
2555 3691 2750 3756 fratres
2807 3687 3006 3752 dilecti,
3063 3702 3214 3739 omne
3261 3689 3443 3738 datum
3497 3685 3556 3738 ι.

1988 3801 2157 3851 'nttm,
2188 3796 2238 3839 et
2270 3801 2418 3838 omne
2473 3788 2666 3837 donum
2697 3783 3004 3850 perfectum,
3034 3798 3061 3834 e
3091 3797 3298 3835 sursum
3363 3792 3456 3844 est,
3497 3786 3589 3834 (ισ-

2013 3880 2259 3930 scendens
2291 3896 2321 3930 η
2353 3877 2515 3930 Patre
2550 3877 2804 3929 inminuat
2859 3875 2902 3930 ’³.
2953 3874 3008 3927 Si
3077 3875 3226 3926 varia
3278 3872 3582 3926 divinarum

2011 3969 2306 4038 gratiarum
2344 3967 2560 4036 largitio
2585 3983 2612 4019 a
2647 3966 2808 4019 Patre
2837 3963 3141 4018 demittitur
3173 3980 3186 4016 :
3222 3961 3351 4017 Haec
3409 3976 3584 4017 autem

2011 4062 2209 4125 omnia,
2243 4071 2298 4116 ut
2331 4061 2528 4114 Paulus
2551 4061 2646 4122 ait,
2681 4058 2909 4124 Spiritus
2967 4059 3098 4126 agit.
3147 4057 3381 4110 dividens
3433 4056 3585 4125 sigil-

2013 4152 2163 4204 latim
2195 4151 2492 4218 unicuique,
2525 4159 2580 4201 ut
2634 4149 2738 4200 vult
2770 4144 2816 4208 ⁸,
2849 4144 3121 4214 quomodo
3156 4141 3296 4198 Deus
3328 4156 3432 4195 non
3477 4155 3584 4204 est,

2012 4253 2067 4295 et
2124 4258 2190 4296 ex
2226 4242 2356 4304 Deo,
2392 4254 2446 4294 et
2477 4241 2529 4294 in
2564 4238 2674 4293 Deo
2707 4238 2944 4306 Spiritus
2981 4237 3113 4304 ipse,
3155 4235 3250 4304 qui
3310 4233 3437 4289 facit
3469 4249 3587 4288 Otu-

2012 4335 2098 4387 uia
2129 4350 2250 4402 qua:
2280 4331 2737 4406 congruuut‘Deo,
2771 4329 2932 4398 idque
2977 4339 3100 4382 cum
3134 4325 3442 4395 potestate?
3469 4325 3584 4378 Non

2011 4441 2140 4496 ergo
2158 4436 2372 4480 creatus
2406 4435 2510 4491 est,
2547 4432 2604 4478 ut
2643 4424 2731 4478 isti
2761 4422 2918 4491 augis
2944 4421 3058 4476 suis
3087 4417 3380 4472 aﬂirmaut.

2509 4583 2595 4638 Et
2647 4582 2798 4638 Petri
2829 4581 3092 4649 Epistola.

2085 4682 2266 4735 Estote
2287 4681 2462 4749 itaque
2486 4680 2808 4747 prudentes,
2864 4687 2911 4729 et
2952 4674 3160 4743 vigilate
3225 4672 3277 4722 in
3332 4668 3579 4720 orationi-

2017 4773 2281 4826 bus.Aute
2313 4771 2490 4825 omnia
2521 4778 2697 4822 autem
2723 4775 2962 4819 mutuam
2990 4766 3042 4814 in
3071 4758 3441 4826 nobismetipsis
3468 4761 3590 4808 rha-

2019 4867 2232 4916 ritatem
2287 4863 2590 4914 continuam
2645 4859 2912 4918 habentes,
2974 4852 3100 4915 quia
3148 4851 3376 4902 Charitas
3424 4850 3585 4917 operit

2018 4955 2409 5007 multitudinem
2457 4959 2809 5019 peccatorum.
2867 4945 3166 5010 llospitales
3223 4942 3440 4994 invicem
3477 4941 3588 4992 sine
3672 4957 3676 4962 ·

2018 5047 2431 5101 murmuratione
2466 5061 2484 5098 :
2514 5043 2866 5110 unusquisque
2891 5042 3026 5091 sicut
3087 5037 3286 5106 accepit
3338 5037 3588 5106 gratiam,

2016 5143 2150 5195 inter
2179 5157 2261 5192 vos
2290 5137 2441 5189 illam
2465 5135 2918 5198 administrantes,
2961 5142 3017 5182 ut
3053 5131 3170 5183 boni
3203 5131 3548 5198 dispensator:
3568 5143 3589 5177 s

2018 5232 2354 5300 multiformis
2380 5230 2566 5297 gratiis
2595 5226 2688 5279 Dei
2722 5228 2762 5278 ’.
2797 5223 2893 5279 Hic
2926 5225 3056 5278 milti
3096 5239 3309 5277 rursum
3345 5222 3590 5273 animad-

2016 5337 2190 5387 verte,
2226 5339 2348 5378 cum
2381 5319 2616 5388 Spiritus
2648 5325 2868 5371 sanctus
2889 5323 3156 5382 potestate
3186 5329 3304 5374 sua,
3332 5312 3588 5379 quemad-

2019 5420 2236 5471 modum
2269 5416 2399 5475 rult,
2423 5409 2605 5464 divina
2639 5423 2860 5461 munera
2894 5406 3176 5474 largiatur,
3206 5413 3364 5468 atque
3389 5410 3538 5452 sanet
3568 5413 3590 5448 s

2020 5509 2292 5573 sigillnttu‘.
2331 5500 2647 5564 distribuat,
2678 5498 2899 5554 Petrum
2950 5491 3327 5548 admirabilem
3358 5488 3589 5540 allii-ma-

2497 5704 2517 5734 ⁵
2541 5701 2567 5754 ’1
2596 5701 2723 5756 Cor.
2787 5713 2859 5762 vt,
2890 5697 2972 5750 Η.
3097 5693 3138 5753 ⁸,
3161 5691 3320 5748 Joan.
3351 5705 3464 5756 νιιι,
3495 5690 3584 5745 36.
