4070 6290
136 4870 173 4883 .l

344 350 458 415 873

889 460 990 513 Ἐκ
1028 458 1140 511 τοῦ
1179 460 1388 513 αὐτοῦ.

414 552 601 604 Ὅταν
655 549 724 603 δὲ
775 549 924 616 ιπθτ,
952 552 985 602 ὁ
1025 548 1432 617 Παρακλητος,
1464 549 1538 603 ὃν
1559 550 1673 619 ἐγὼ
1705 551 1921 621 πέμψω

338 642 483 712 ὑμῖν
527 642 687 711 παρὰ
717 643 820 695 τοῦ
852 643 1096 710 Πατρός,
1121 643 1184 695 τὸ
1210 642 1450 711 Πνεῦμα
1476 643 1577 709 τῆς
1611 644 1917 711 ἀληθείας,

335 735 373 787 ὃ
408 733 568 802 παρὰ
616 734 723 787 τοῦ
765 735 993 801 Πατρός
1031 734 1437 801 ἐκπορεύεται,
1489 735 1723 799 ἐκεῖνος
1774 752 1923 804 μαρ-

334 826 588 893 τυρήσει
613 827 743 894 περὶ
769 826 935 895 ἐμοῦ.
969 827 1032 879 Εἰ
1072 827 1223 896 παρά
1255 826 1347 879 τοῦ
1382 826 1517 879 Θεοῦ
1559 828 1651 879 καὶ
1709 828 1923 898 Πατρός

336 918 704 988 ἐκπορεύεται
753 920 815 971 τὸ
875 918 1100 986 Πνεῦμα
1145 920 1204 971 τὸ
1243 921 1417 989 ἅγιον,
1478 923 1569 973 καὶ
1604 921 1795 989 ὥσπερ
1836 937 1922 983 τις

332 1011 551 1080 καρπὸς
582 1014 681 1080 τῆς
703 1012 894 1072 οὐσίας
945 1010 1108 1062 αὑτοῦ
1148 1013 1318 1075 ἐστιν,
1358 1014 1649 1083 ἀγέννητος
1704 1015 1780 1078 δὲ,
1828 1015 1921 1066 καὶ

330 1098 597 1156 ductato:
629 1101 655 1152 ὁ
694 1100 906 1169 Πατὴρ,
937 1101 1064 1163 πῶς
1088 1101 1154 1154 ἂν
1185 1103 1269 1171 εἴη
1289 1103 1547 1173 γεννητὸν
1575 1103 1636 1155 τὸ
1661 1104 1719 1170 ἐξ
1751 1104 1918 1157 αὐτοῦ

331 1192 747 1262 προερχόμενον
781 1191 1047 1259 Πνεῦμα;
1094 1194 1221 1256 ’Πὼς
1254 1193 1315 1246 δὲ
1371 1198 1499 1257 ναὸς
1527 1197 1660 1247 Θεοῦ
1698 1214 1919 1268 χρημα-

326 1283 560 1353 τίζομεν
598 1285 755 1354 ἡμεῖς
783 1285 845 1337 τὸ
875 1285 1103 1355 Πνεῦμα
1123 1286 1402 1354 λαϐόντες,
1442 1287 1603 1358 εἴπερ
1647 1291 1749 1343 οὐκ
1800 1291 1915 1344 ἔστι

325 1375 468 1439 Θεὸς
492 1377 631 1430 κατά
655 1376 755 1446 τὴν
776 1377 939 1430 τινῶν
969 1377 1256 1444 ἀὸουλίαν;

958 1470 1071 1524 Τοῦ
1090 1472 1305 1526 αὑτοῦ.

407 1560 469 1613 Ei
512 1561 573 1613 τὸ
634 1562 856 1632 Πνεῦμα
904 1564 1085 1617 πάντα
1138 1567 1335 1637 ἐρευνᾷ
1398 1566 1491 1620 καὶ
1524 1567 1594 1621 τὰ
1652 1568 1790 1640 βάθη
1818 1566 1914 1622 τοῦ

321 1649 494 1713 Θεοῦ,
520 1651 743 1719 εὔδηλον
772 1653 848 1716 ὡς
876 1654 975 1707 οὐκ
1026 1655 1347 1724 ἀλλόφυλον,
1390 1658 1516 1712 οὐδὲ
1549 1661 1912 1732 ἑτεροούσιον,

325 1742 468 1796 ἀλλὰ
492 1745 592 1813 τῆς
628 1745 780 1808 Θείας
820 1749 935 1799 ἐστὶ
965 1747 1183 1816 φύσεως
1228 1750 1290 1802 τὸ
1348 1752 1570 1822 Πνεῦμα
1622 1755 1681 1807 τὸ
1732 1754 1909 1823 ἅγιον.

1269 346 1638 407 ΡΑΝΟΡΙᾸΑ
1688 347 2124 408 DOGMATICA
2182 373 2233 381 ο·-
2277 348 2426 408 TlT.
2464 349 2601 408 XII.

1948 463 2003 520 Α

2668 462 2735 530 Ιζ]
2740 481 2766 515 ιι
2774 465 2914 517 sdem
2922 503 2937 517 .

2099 552 2232 607 Cum
2254 564 2425 608 autem
2453 558 2648 610 venerit
2686 557 3018 621 Paractetus,
3045 576 3197 629 quem
3252 578 3345 629 ego
3394 565 3619 618 mittam».

2026 646 2171 698 vobis
2208 662 2239 697 ιι
2262 648 2447 708 Patre,
2470 644 2725 714 Spiritum
2755 649 3015 716 veritatis,
3046 653 3134 719 qui
3190 668 3221 704 a
3272 654 3433 707 Patre
3479 671 3605 721 pro-

2026 738 2185 799 cedit,
2224 736 2315 790 ille
2339 740 2696 793 testimonium
2723 742 3009 806 perhibebit
3037 745 3102 796 de
3131 760 3212 798 me
3238 747 3279 799 ¹.
3313 746 3367 799 Si
3425 762 3454 799 α
3493 750 3603 799 lion

2024 840 2081 882 et
2128 829 2293 885 Patre
2334 834 2584 900 procedit
2640 833 2879 903 Spiritus
2930 846 3177 902 sanctus,
3209 838 3283 901 fet
3341 848 3599 908 tanquam

2025 921 2235 976 fructus
2286 923 2502 990 quidam
2534 925 2788 979 essentia:
2818 926 2987 994 ipsius
3036 939 3140 992 est,
3188 927 3349 983 Pater
3418 938 3598 984 autem

2024 1028 2133 1066 non
2175 1023 2257 1066 est
2292 1014 2467 1067 factus
2499 1000 2595 1069 nec
2617 1028 2859 1082 creatus,
2911 1020 3185 1086 quomodo
3243 1031 3463 1075 creatus
3517 1022 3600 1073 di-

2024 1118 2180 1177 cetur
2218 1107 2477 1176 Spiritus,
2506 1111 2595 1178 qui
2625 1112 2692 1163 ab
2725 1111 2842 1179 ipso
2869 1113 3109 1180 procedit
3149 1152 3162 1177 ,
3194 1125 3288 1166 aut
3330 1118 3599 1183 quomodo

2023 1213 2124 1253 nos
2150 1198 2242 1253 Dei
2297 1202 2491 1269 templa
2531 1203 2867 1266 vocabimnr,
2924 1203 3187 1272 Spiritum
3248 1206 3595 1274 accipientes,

2019 1290 2065 1344 si
2095 1305 2197 1344 non
2231 1303 2315 1347 est
2340 1292 2502 1357 Dens,
2540 1304 2596 1346 ut
2626 1296 2899 1349 temerarii
2940 1296 3154 1365 quidam
3199 1297 3496 1351 asserunt?

2658 1472 2932 1535 Eiusdem.

2092 1562 2150 1617 Si
2212 1562 2446 1631 Spiritus
2515 1566 2697 1620 omnia
2752 1569 3256 1622 scrutatur’etiam
3330 1570 3595 1639 profunda

2018 1654 2112 1709 Dei
2155 1656 2196 1720 ³,
2253 1661 2596 1726 perspicuum
2623 1668 2727 1723 est,
2761 1658 3025 1728 Spiritum
3059 1670 3309 1715 sanctum
3338 1678 3445 1715 non
3472 1677 3599 1717 essu

2017 1756 2226 1802 natura:
2265 1748 2515 1813 diversae,
2554 1765 2731 1819 neque
2756 1753 2991 1807 diversae
3028 1753 3301 1819 essentia,
3354 1756 3449 1809 sed
3501 1770 3597 1840 na-

316 1835 420 1887 Διὺ
445 1839 541 1889 καὶ
572 1839 641 1891 τά
670 1837 808 1909 βάθη
841 1839 935 1891 τοῦ
967 1840 1103 1894 Θεοῦ
1151 1842 1432 1911 γινώσκει,
1481 1846 1573 1899 καὶ
1617 1846 1896 1900 ἐπίσταται

2012 1840 2390 1894 turmdivinaz.
2436 1842 2558 1896 Ideo
2601 1844 2766 1897 etiam
2824 1844 3093 1913 profunda
3136 1845 3229 1900 Dei
3291 1832 3593 1916 cognoscit,

317 1927 396 1981 τὰ
426 1928 520 1980 τοῦ
553 1928 711 1995 Θεοῦ,
743 1929 819 1993 ὡς
849 1933 883 2001 ἡ
916 1933 1161 2003 ἡμετέρα
1187 1933 1333 2006 ψυχὴ
1380 1935 1448 1988 τὰ
1479 1938 1686 1991 οἰκεῖα.
1751 1939 1814 1991 Ei
1851 1939 1910 1993 δέ

317 2035 413 2083 τις
441 2020 668 2088 ἄγνοιαν
699 2023 800 2091 τὴν
830 2024 1057 2094 ἔρευναν
1082 2027 1320 2097 νομίζει,
1352 2029 1509 2082 τοῦτο
1544 2034 1637 2084 καὶ
1671 2032 1765 2085 ἐπὶ
1809 2033 1907 2086 τοῦ

312 2112 539 2183 Πατρός
561 2113 816 2184 κείμενον
859 2118 1083 2187 εὑρήσει
1108 2135 1122 2150 ο
1162 2119 1216 2171 Ὁ
1267 2123 1379 2189 γὰρ
1428 2122 1713 2189 ἐρευνῶν,
1751 2127 1907 2196 φησὶ,

316 2204 433 2270 τὰς
462 2205 708 2272 καρδίας
739 2202 863 2260 οἶδε
888 2208 945 2260 τί
967 2209 1038 2263 τὸ
1060 2212 1337 2279 φρόνημα
1384 2213 1491 2266 τοῦ
1543 2217 1904 2283 Πνεύματος.

315 2295 387 2348 Ei
416 2294 520 2349 δὲὸ
546 2296 657 2349 τῶν
682 2297 818 2350 ὅλων
846 2298 978 2363 Θεὸς
1011 2302 1110 2354 οὐκ
1138 2303 1350 2371 ἀγνοῶν
1379 2306 1601 2376 ἐρευνᾷ,
1653 2308 1787 2360 ἀλλά
1818 2326 1907 2360 σα-

314 2386 439 2455 φῶς
508 2389 797 2444 ἐπίσταται
857 2394 989 2463 πρὶν
1040 2394 1295 2461 γενέσθαι
1343 2398 1413 2450 τὰ
1470 2399 1667 2466 πάντα,
1701 2402 1795 2455 καὶ
1843 2403 1904 2456 τὸ

314 2476 551 2549 Πνεῦμα
576 2480 637 2532 τὸ
660 2480 819 2549 ἅγιον
840 2484 900 2535 οὺ
930 2483 1000 2536 δι’
1026 2484 1251 2551 ἄγνοιαν
1280 2489 1475 2558 ἐρευνᾷ
1532 2492 1626 2544 τοῦ
1651 2492 1786 2547 Θεοῦ
1834 2497 1904 2551 sd

310 2569 484 2641 βάθη.
517 2570 643 2635 Πῶς
667 2573 875 2643 γὰρᾶν
930 2575 1191 2644 ἁρμόσειε
1237 2578 1314 2648 τῷ
1372 2580 1654 2647 ἀγνοοῦντι
1703 2585 1764 2638 τὸ
1812 2586 1901 2650 Ὠς

305 2658 446 2715 οἶδε
484 2663 553 2715 τὸ
575 2664 813 2733 πνεῦμα
846 2662 957 2717 τοῦ
983 2667 1307 2732 ἀνθρώπου
1332 2669 1405 2725 τὰ
1432 2671 1503 2725 ἐν
1533 2675 1715 2739 αὐτῷ,
1748 2676 1901 2730 οὕτω

311 2751 417 2803 καί
450 2751 523 2804 τὰ
556 2752 663 2806 τοῦ
684 2754 835 2807 Θεοῦ
868 2754 1068 2824 οὐδεὶς
1111 2754 1277 2812 οἶδεν
1325 2762 1378 2813 εί
1410 2763 1496 2830 μὴ
1544 2764 1610 2817 τὸ
1660 2766 1901 2835 Πνεῦμα

311 2842 427 2895 τοῦ
458 2842 609 2897 Θεοῦ
639 2860 659 2909 ;
700 2845 969 2900 Ἐναντίον
1000 2849 1111 2920 γὰρ
1138 2854 1205 2921 τῇ
1235 2852 1436 2925 ἐρεύνῃ
1485 2857 1517 2925 ὴ
1571 2857 1795 2927 είδησις.
1834 2859 1897 2913 Ἦ

310 2932 546 3003 δὲψυχὴ
568 2933 668 2985 οὐκ
691 2936 889 3006 ἐρευνᾷ
943 2938 1013 2991 τά
1047 2939 1272 3008 ἑαυτῆς,
1321 2942 1437 2994 ἀλλ’
1490 2944 1736 3012 ἀκριϐῶς
1800 2949 1898 3000 ὲπ-

316 3020 557 3076 ίσταται.
591 3024 798 3077 Οὐκοῦν
860 3026 921 3079 τὸ
958 3028 1185 3097 Πνεῦμα
1213 3030 1273 3083 τὸ
1324 3033 1479 3100 ἅγιον
1537 3036 1742 3107 ἀκρισῆ
1796 3038 1896 3108 τὴν

311 3113 519 3181 γνῶσιν
544 3116 638 3167 τοῦ
662 3115 798 3171 Θεοῦ
823 3117 937 3188 ἔχει
970 3134 983 3147 ⁸
1016 3121 1110 3172 καὶ
1133 3122 1358 3191 Ὥσπερ
1394 3125 1596 3190 οὐδεὶς
1629 3124 1755 3182 οἶδε
1788 3132 1895 3184 τὸν

310 3207 550 3274 Πατέρα
600 3210 655 3262 εί
701 3210 781 3277 μὴ
819 3212 851 3263 ό
897 3210 1054 3277 Υίὸς,
1108 3213 1257 3267 οὐδέ
1304 3216 1413 3268 τὸν
1466 3218 1607 3271 Υίὸν
1658 3223 1827 3291 εἰμὴ
1862 3228 1895 3278 ὀ

316 3298 542 3365 Πατὴρ,
575 3300 749 3365 οὕτω,
787 3301 974 3371 φησιν,
1003 3302 1210 3370 οὐδεὶς
1243 3301 1368 3359 οἶδε
1403 3308 1475 3361 τὰ
1516 3310 1622 3364 τοῦ
1663 3314 1811 3367 Θεοῦ
1843 3317 1898 3369 εί

304 3387 399 3454 μὴ
429 3389 496 3442 τὸ
544 3390 791 3458 Πνεῦμα
825 3393 934 3446 τοῦ
977 3395 1146 3449 Θεοῦ.
1192 3398 1286 3449 Ἐκ
1346 3398 1404 3451 δὲ
1444 3401 1552 3455 τῶν
1592 3406 1895 3473 εἰρημένων

309 3480 377 3532 τὸ
447 3482 626 3535 κοινὸν
689 3484 787 3552 τῆς
845 3484 1058 3552 φύσεως
1103 3488 1488 3559 διδασκόμεθα.
1557 3495 1774 3568 Ἐπειδὴ
1838 3501 1895 3554 δὲ

309 3572 365 3623 οἱ
424 3574 604 3625 πᾶσαν
636 3575 1017 3644 ἀναισχυντίαν
1075 3580 1384 3645 νοσοῦντες,
1418 3585 1468 3637 οὶ
1504 3588 1597 3656 τῆς
1651 3590 1891 3658 Ἀρείου,

308 3664 479 3733 φημὶ,
512 3667 605 3718 καὶ
628 3667 895 3737 Εὐνομίου
920 3670 1163 3741 μαθηταὶ
1194 3674 1569 3745 βλασφημίας,
1598 3682 1760 3735 αὐτόν
1791 3702 1891 3753 φα-

310 3773 401 3808 σιν
425 3752 565 3809 εἶναι
598 3757 689 3810 τὸν
718 3757 944 3812 Θεὸν-τὸ
979 3761 1201 3831 Πνεῦμα
1233 3765 1326 3818 τοῦ
1374 3767 1531 3835 Θεοῦ,
1581 3752 1891 3841 ἀναγκαίως

306 3847 341 3898 ὀ
373 3846 645 3915 μακάριος
675 3848 885 3911 Παῦλος
908 3850 1148 3906 δείκνυσι
1181 3854 1242 3907 τὸ
1263 3856 1357 3908 τοῦ
1382 3858 1696 3929 Πνεύματος
1726 3866 1894 3935 πρόσ-

310 3951 462 3987 ωπον
488 3951 501 3963 ·
551 3936 747 4004 Ἡμεῖς
772 3937 900 4005 γὰρ,
926 3943 1110 4007 φησὶν,
1137 3946 1210 3996 οὺ
1240 3947 1304 3997 τὸ
1343 3948 1585 4015 Πνεῦμα
1629 3950 1736 4003 τοῦ
1792 3953 1890 4004 κό-

306 4042 471 4094 σμου
500 4026 816 4096 ἐλάϐομεν,
844 4032 1007 4084 ἀλλὰ
1046 4034 1112 4086 τὸ
1166 4035 1407 4106 Πνεῦμα
1464 4039 1531 4093 τό
1580 4041 1649 4095 ἐκ
1715 4044 1885 4110 Θεοῦ,

306 4117 416 4170 ἵνα
440 4116 690 4187 εἰδῶμεν
722 4120 794 4173 τὰ
823 4121 942 4175 ὑπὸ
968 4122 1076 4177 τοῦ
1107 4126 1255 4180 Θεοῦ
1315 4130 1677 4196 χαρισθέντα
1721 4136 1886 4203 ἡμῖν,

305 4207 474 4263 daal
503 4210 812 4278 λαλοῦμεν
862 4215 974 4267 οὐκ
1019 4215 1088 4268 ἐν
1140 4216 1444 4286 διδακτοῖς
1507 4223 1888 4293 ἀνθρωπίνης

305 4301 528 4369 σοςρίας
554 4302 779 4371 λόγοις,
810 4303 970 4359 ἀλλὰ
996 4304 1296 4375 διδακτοῖς
1317 4313 1663 4380 Πνεύματος
1690 4317 1882 4385 ἁγίου,

305 4394 727 4460 πνευματικοῖς
746 4399 1120 4464 πνευματικὰ
1143 4403 1596 4470 συγκρίνοντες.
1617 4408 1886 4475 Ψυχικὸς

2013 1937 2070 1982 et
2100 1930 2201 1982 scit
2224 1944 2346 1998 quin
2379 1929 2472 1983 Dei
2509 1941 2658 1995 sunt,
2697 1941 2758 1985 ιιι
2785 1933 3004 1989 animus
3083 1943 3298 2000 noster,
3332 1951 3454 2006 qua
3495 1954 3593 1990 no-

2012 2033 2123 2077 stra
2152 2029 2298 2075 sunt.
2336 2021 2491 2089 Quod
2524 2024 2569 2078 si
2593 2027 2828 2079 scrutari
2866 2026 2935 2080 ad
3006 2027 3372 2096 ignorantiam
3395 2030 3588 2094 relers,

2014 2115 2117 2170 hoc
2143 2118 2305 2169 etiam
2333 2119 2399 2171 de
2423 2117 2584 2171 Patre
2616 2119 2720 2174 dici
2752 2120 3060 2188 comperies
3092 2138 3109 2175 :
3142 2120 3246 2186 Qui
3294 2123 3456 2189 enim,
3510 2126 3589 2178 in-

2010 2206 2146 2274 quit,
2173 2213 2337 2259 cortta
2386 2217 2684 2274 scrutatur,
2731 2211 2873 2263 nouit
2901 2212 3027 2279 quid
3082 2213 3302 2278 spiritus
3330 2216 3588 2271 sentiat’.

2008 2296 2231 2361 Quodsi
2266 2313 2446 2353 rerum
2477 2302 2722 2353 omnium
2782 2301 2927 2357 Deus
2986 2317 3094 2357 non
3144 2319 3210 2359 ex
3274 2308 3587 2374 ignorantia

2006 2398 2301 2457 scrutatur,
2335 2391 2430 2445 sed
2462 2392 2620 2462 plane
2636 2394 2737 2449 scit
2758 2396 2937 2449 omnia
2972 2406 3261 2466 antequam
3293 2402 3442 2464 tisnt,
3488 2414 3587 2453 nec

2008 2482 2242 2551 Spiritus
2267 2497 2488 2539 sanetus
2513 2496 2735 2554 propter
2764 2487 3128 2557 ignorantiam
3160 2499 3438 2544 scrutatur
3463 2506 3586 2560 pro-

2005 2574 2171 2628 funda
2197 2575 2311 2630 Dei.
2335 2577 2588 2646 Alioquin
2619 2582 2890 2650 quomodo
2912 2580 3185 2651 ignoranti
3204 2596 3465 2652 congruet
3491 2585 3583 2637 illa

2003 2671 2372 2737 comparatio:
2407 2669 2871 2736 Quemadmodum
2896 2675 3044 2729 novit
3082 2675 3306 2745 spiritus
3346 2677 3584 2732 hominis

2002 2774 2063 2811 ea
2099 2773 2220 2827 qua:
2277 2759 2330 2812 iu
2382 2761 2496 2829 ipso
2547 2770 2694 2825 sunt,
2730 2762 2810 2816 sic
2846 2771 2902 2818 et
2930 2778 3050 2832 quae
3107 2774 3249 2818 snnt-
3279 2764 3370 2818 Dei
3424 2780 3584 2819 nemo

2003 2852 2151 2905 novit
2179 2851 2284 2907 nisi
2316 2850 2551 2921 Spiritus
2576 2853 2702 2908 Dei?
2733 2854 2899 2909 Nosse
2921 2858 3067 2909 enim
3101 2864 3155 2910 et
3187 2857 3418 2911 scrutari
3446 2872 3582 2910 con-

2003 2943 2168 2997 traria
2199 2955 2347 3000 sunt.
2376 2944 2605 3000 Animus
2640 2955 2819 3002 autem
2843 2963 2949 3001 non
2978 2957 3253 3002 scrutatur
3309 2964 3427 3015 qua:
3478 2964 3579 3003 sua

2000 3046 2152 3100 sunt,
2184 3036 2279 3090 sed
2312 3036 2462 3090 novit
2514 3038 2758 3092 omnino.
2824 3040 3004 3104 Quare
3058 3038 3299 3107 Spiritus
3355 3049 3579 3094 sanctus

1997 3129 2316 3195 exquisitam
2336 3128 2494 3183 habet
2512 3130 2871 3197 cognitionem
2893 3131 3005 3184 Dei.
3022 3132 3111 3195 Et,
3126 3132 3578 3197 Quemadmodum

2000 3236 2149 3272 nemo
2200 3221 2341 3274 novit
2388 3221 2627 3285 Patrem,
2659 3223 2765 3276 nisi
2795 3221 2989 3288 Filius,
3017 3241 3176 3293 neque
3214 3223 3416 3277 Filium
3476 3227 3578 3279 nii

2000 3310 2165 3366 Pater
2197 3312 2240 3378 ⁸,
2269 3314 2346 3366 sic
2369 3330 2540 3373 nemo,
2586 3316 2781 3383 inquit,
2819 3318 2980 3380 nouit,
3013 3332 3128 3384 qua:
3167 3318 3257 3371 Dei
3282 3328 3425 3382 sunt,
3470 3321 3575 3372 nisi

1998 3403 2229 3469 Spiritus
2254 3404 2350 3457 Dei
2383 3407 2425 3459 ⁵.
2459 3406 2533 3458 Ex
2569 3407 2652 3460 Itis
2681 3423 2801 3476 qua:
2862 3409 3001 3462 dicta
3033 3418 3184 3473 sunt,
3219 3410 3343 3475 quid
3369 3420 3576 3462 natura:

1997 3508 2286 3549 commune
2318 3496 2411 3559 sit,
2454 3495 2826 3564 intelligimus.
2886 3496 3083 3551 Verum
3145 3499 3422 3565 quoniam.
3482 3503 3573 3567 qui

1986 3586 2142 3641 omni
2178 3588 2525 3656 impudentia»
2550 3591 2737 3643 morbo
2765 3590 3054 3657 lahnrant(
3091 3592 3222 3643 istos
3296 3590 3574 3645 maledicas

1995 3677 2109 3731 Arii
2151 3688 2207 3732 ct
2262 3680 2513 3733 Eunomii
2541 3682 2800 3734 doctrinae
2839 3681 3135 3751 discipulos
3191 3680 3360 3752 dico)
3392 3682 3570 3749 ipsum

1996 3769 2163 3823 Deum
2208 3784 2329 3825 esse
2388 3771 2574 3825 dicunt
2638 3772 2920 3840 Spiritum,
2955 3788 3061 3827 non
3105 3783 3286 3827 autem
3340 3788 3569 3842 persona

1995 3862 2332 3929 distinctum,
2395 3867 2713 3917 necessario
2782 3866 2977 3919 beatus
3026 3864 3227 3920 Paulus
3280 3881 3566 3935 personam

1993 3949 2229 4020 Spiritus
2262 3954 2495 4008 ostendit
2524 3971 2535 4005 :
2571 3954 2686 4009 Nos
2715 3956 2876 4016 enim,
2918 3956 3196 4025 inquiens,
3220 3974 3325 4011 non
3377 3960 3564 4011 mundi

1990 4045 2231 4113 spiritum
2263 4047 2580 4111 accepimus,
2609 4048 2699 4100 sed
2732 4046 3013 4113 Spiritum,
3045 4049 3134 4116 qui
3156 4065 3221 4102 es
3248 4050 3353 4104 Deo
3373 4060 3470 4116 est,
3506 4063 3562 4105 ut

1990 4137 2242 4201 sciamus,
2297 4155 2416 4207 qua:
2443 4157 2475 4192 a
2506 4139 2613 4194 Deo
2637 4142 2836 4195 donata
2887 4152 3010 4196 sunt
3043 4145 3213 4207 nobis,
3252 4162 3354 4198 non
3389 4147 3443 4200 in
3468 4149 3562 4201 do-

1988 4228 2087 4279 ctis
2110 4231 2355 4284 Itumame
2379 4233 2647 4299 sapientia:
2682 4234 2868 4299 verbis,
2898 4237 2986 4289 sed
3006 4236 3060 4289 in
3093 4236 3332 4290 doctrina
3388 4238 3560 4304 Spiri-

1989 4328 2073 4373 tus
2130 4324 2323 4385 sancti,
2371 4325 2738 4392 spirituatibus
2792 4328 3098 4394 spiritualia
3164 4340 3555 4396 comparantes.

1987 4413 2249 4466 Animalis
2303 4426 2477 4468 autem
2530 4416 2683 4469 homo
2734 4434 2838 4471 non
2880 4420 3117 4486 percipit,
3150 4435 3266 4488 qua:
3287 4420 3560 4489 suntSpi-

303 4482 377 4534 δὲ
394 4482 705 4549 ἄνθρωπος
729 4487 800 4538 οὺ
817 4485 1050 4555 δέχεται
1078 4490 1151 4542 τὰ
1167 4491 1272 4545 τοῦ
1296 4495 1662 4564 Πνεῦματος.
1681 4500 1884 4567 Μωρία

1999 4504 2146 4567 ritus,
2180 4504 2407 4557 stultitia
2443 4507 2582 4559 enim
2643 4517 2718 4561 est
2764 4482 2888 4574 illi;
2924 4520 2971 4563 et
3019 4526 3122 4563 non
3161 4522 3325 4579 potest
3359 4515 3558 4567 intelli-

304 4573 417 4643 γὰρ
429 4573 588 4639 αὐτῷ
601 4574 752 4637 ἐστι,
778 4578 873 4631 καί
892 4579 963 4630 οὐ
977 4578 1230 4635 δύναται
1253 4583 1495 4652 γνῶναι,
1515 4586 1605 4640 ὅτι
1622 4604 1885 4660 πνευμα-

300 4663 478 4730 τικῶς
499 4666 908 4735 ἀνακρίνεται.
939 4671 1035 4737 Τίς
1057 4673 1166 4741 τὰρ
1185 4675 1338 4744 ἔγνω
1361 4680 1513 4733 νοῦν
1539 4683 1785 4751 Κυρίου,
1815 4685 1882 4752 ὃς

300 4755 662 4824 συμϐιϐάσει
695 4760 918 4826 αὺτόν;
950 4761 1150 4831 Ἡμεῖς
1173 4766 1241 4819 δὲ
1270 4769 1423 4823 νοῦν
1452 4772 1711 4839 Χριστοῦ
1742 4777 1880 4846 ἔχου

293 4863 430 4917 μεν.
466 4849 679 4903 Οὐκοῦν
697 4851 759 4904 τὸ
792 4853 989 4919 εἰπεῖν,
1024 4857 1105 4909 ὅτι
1136 4859 1196 4911 οὐ
1220 4860 1281 4912 τὸ
1311 4862 1528 4932 πνεῦμα
1548 4865 1641 4917 τοῦ
1664 4868 1877 4938 κόσμου

299 4937 585 5009 ἐλάϐομεν,
615 4941 747 4994 ἀλλὰ
772 4944 830 4996 τὸ
870 4944 1093 5016 Πνεῦμα
1119 4948 1179 5000 τὸ
1204 4950 1268 5002 ὲκ
1293 4951 1387 5003 τοῦ
1420 4953 1579 5021 Θεοῦ,
1635 4937 1878 5022 ἐδίδαξεν

296 5030 688 5121 οῦχνόμογενὲς
712 5034 792 5103 τῷ
822 5037 1037 5106 κόσμῳ,
1091 5039 1227 5094 ἀλλὰ
1286 5044 1384 5113 τῆς
1430 5044 1580 5110 θείας
1633 5049 1877 5121 ὑπάρχον

297 5119 485 5180 οὐσίας
517 5122 576 5173 τὸ
606 5122 831 5192 Πνεῦμα
861 5126 924 5178 τὸ
945 5124 1102 5192 ἅγιον
1134 5145 1150 5161 ν
1179 5132 1273 5184 καὶ
1332 5135 1468 5202 πρὸς
1495 5136 1675 5206 τούτῳ
1708 5119 1879 5190 ἐδίδα-

297 5207 408 5274 ξεν,
452 5207 529 5274 ὠς
565 5213 626 5265 οὑ
658 5214 788 5281 περὶ
812 5213 907 5268 τοῦ
935 5216 1070 5270 Θεοῦ
1101 5220 1193 5271 καὶ
1240 5220 1453 5291 Πατρός
1497 5229 1734 5280 ποιεῖται
1783 5228 1877 5281 τὸν

293 5302 472 5369 λόγον,
498 5304 633 5356 ἀλλὰ
666 5307 792 5374 περὶ
826 5307 920 5359 τοῦ
952 5308 1108 5375 ἁγίου
1142 5311 1485 5385 Πνεῦματος,
1517 5312 1578 5370 οὗ
1623 5318 1721 5389 τὴν
1776 5320 1876 5388 χά-

1981 4608 2121 4662 gere,
2146 4595 2274 4662 quia
2309 4597 2663 4664 spiritualiter
2702 4599 2998 4668 judicatur.
3034 4603 3164 4667 Quis
3231 4605 3367 4655 enim
3416 4607 3556 4658 novit

1978 4700 2184 4737 sensum
2224 4685 2453 4748 Domini,
2486 4699 2577 4741 aut
2606 4690 2720 4757 quis
2744 4692 2998 4744 instruxit
3024 4693 3183 4745 eum?
3231 4692 3342 4745 Nos
3377 4706 3553 4747 autem

1978 4793 2187 4830 sensum
2243 4776 2441 4833 Christi
2485 4781 2734 4835 habemus
2766 4782 2807 4835 ⁸.
2852 4783 2984 4836 Cum
3018 4784 3182 4853 igitur
3232 4786 3397 4848 dicat,
3456 4803 3552 4841 nos

1978 4881 2085 4918 non
2122 4867 2304 4921 mundi
2336 4870 2585 4937 spiritum
2611 4872 2906 4938 accepisse,
2964 4872 3060 4926 sed
3126 4872 3408 4943 Spiritum,
3459 4877 3550 4943 qui

1980 4974 2046 5013 ex
2093 4961 2199 5014 Deo
2230 4972 2334 5027 est,
2400 4960 2669 5030 Spiritum
2720 4972 2969 5017 sanctum
3022 4980 3126 5020 non
3180 4967 3304 5022 huic
3355 4972 3555 5026 mundo

1976 5052 2345 5120 conjunctum,
2379 5056 2474 5108 sed
2501 5054 2750 5109 essentne
2773 5054 2931 5110 docet
2960 5070 3083 5112 esse
3107 5058 3324 5114 divinae.
3387 5058 3557 5116 Docet

1975 5152 2258 5209 praeterea,
2288 5158 2346 5197 se
2378 5157 2484 5196 non
2513 5144 2578 5196 de
2604 5143 2713 5197 Deo
2742 5155 2796 5199 et
2829 5143 2991 5201 Patre
3024 5147 3194 5217 loqui,
3220 5156 3315 5205 sed
3341 5153 3407 5206 de
3432 5152 3555 5220 Spi-

1976 5231 2083 5284 ritu
2137 5241 2349 5295 sancto,
2406 5232 2560 5299 cujus
2618 5234 2847 5302 gratiam
2912 5240 3199 5295 credentes
3254 5243 3548 5309 accipiunt.

1974 5320 2180 5392 Itaque,
2221 5322 2501 5391 Spiritum,
2550 5326 2635 5394 qui
2665 5341 2729 5378 ea:
2790 5326 2894 5380 Deo
2944 5339 3043 5394 est,
3095 5331 3290 5398 inquit,
3347 5333 3550 5387 docens

295 5410 380 5461 ριν
412 5397 781 5464 λαμϐάνουσιν
811 5402 858 5450 οἱ
890 5402 1257 5467 πιστεύοντες.
1289 5406 1380 5459 Διὸ
1414 5409 1478 5461 τὸ
1515 5410 1757 5479 Πνεῦμα
1792 5413 1861 5465 τὸ

1999 5431 2094 5468 ευιῐι
2119 5431 2148 5469 a
2184 5416 2342 5471 Patre
2376 5421 2666 5473 essentiam
2693 5421 2913 5488 habere,
2937 5435 2988 5476 et
3008 5437 3130 5478 esse
3147 5423 3291 5478 illius
3313 5437 3543 5487 tiaturu',

289 5486 357 5538 ἐκ
382 5488 487 5541 τοῦ
521 5489 671 5543 Θεοῦ
694 5529 708 5554 ,
736 5487 857 5543 εἷπε
883 5492 1171 5562 διδάσκων,
1193 5498 1271 5561 ὡς
1297 5501 1361 5551 ἐκ
1387 5501 1481 5554 τοῦ
1517 5504 1725 5573 Πατρδς
1750 5505 1863 5577 ἔχει

361 5668 375 5697 ί
419 5642 576 5728 ιυειὲιῑ
621 5691 710 5741 xv,
764 5677 857 5730 εις.

974 5681 995 5710 ³
1036 5676 1052 5731 1
1084 5679 1208 5736 Cor.
1268 5687 1449 5749 11,10.

288 5739 474 5795 12-”.

598 5838 870 5900 Ριτιιοι..
910 5842 1298 5929 Gn._CXXX.

1567 5695 1586 5725 ³
1617 5691 1770 5746 Rom.
1818 5712 1934 5762 rm,
1973 5697 2063 5753 27.

1975 5526 2080 5564 non
2116 5526 2179 5589 eo
2211 5514 2369 5568 modo
2393 5528 2499 5583 quo
2559 5530 2645 5572 res
2684 5517 2833 5571 facta:
2866 5529 2921 5573 et
2983 5529 3300 5587 procreatas.
3349 5524 3444 5577 sed
3490 5537 3547 5578 ut

2181 5698 2201 5731 ⁸
2240 5702 2426 5757 Matth.
2454 5723 2527 5773 xi,
2560 5706 2651 5760 ‘27.
2764 5710 2781 5738 '
2816 5711 2833 5763 1
2874 5710 2999 5765 Cor.
3055 5732 3115 5779 Il,
3159 5718 3241 5773 il.

3356 5723 3375 5753 ⁸
3412 5727 3539 5783 ibi",

3127 5887 3210 5948 28
