4070 6290
372 384 479 450 817

1335 400 1708 462 PANOPLIA
1751 399 2201 462 DOGMATICA.
2242 423 2312 437 —
2340 401 2489 462 ΉΤ.
2520 402 2667 463 XIV.

3516 399 3627 464 878

361 541 394 594 6
436 539 658 613 Κύριος.
718 544 1124 603 ΟΡΘΟΔΟΞΟΣ.
1172 549 1249 602 Οὐ
1285 550 1449 621 μόνον
1485 552 1815 625 εὐσεϐοῦμιν
1859 555 1932 610 λέ-

2052 536 2398 594 incarnatum
2459 542 2696 596 animam
2740 556 2959 612 quoque
3007 542 3271 599 habuisse
3328 542 3625 603 aﬂirmetis.

360 646 571 699 γοντες,
610 632 691 685 ὅτι
732 635 1015 704 ὀμοούσιός
1059 638 1210 691 ἐστιν
1245 641 1275 693 6
1315 640 1444 704 Υῐδς
1479 641 1559 711 τῷ
1603 643 1796 713 Πατρὶ,
1830 645 1945 698 ἀλλ’

358 722 445 776 ὅτι
479 724 573 778 καὶ
607 724 785 794 ψυχὴν
806 723 916 797 εἶχε
958 729 1280 799 σαρκωθείς.
1308 731 1480 786 οὐδὲν
1509 732 1565 785 δὲ
1602 734 1744 805 μέγα
1772 739 1946 801 ποιεῖς

360 815 694 885 ἀρνούμενος
720 817 781 870 τὸ
807 820 1111 889 ὀμοοῦσιον,
1140 824 1187 875 ei
1206 823 1384 893 ψυχὴν
1421 826 1584 880 αὑτὸν
1609 826 1752 897 ἔχειν
1782 829 1941 899 ἀρνῇ.

361 902 534 957 Τοῦτο
560 904 670 975 γάρ
701 907 847 961 ἐστιν
880 907 1010 961 ῐδιον
1044 909 1153 981 τῶν
1188 910 1249 964 τὸ
1279 913 1589 983 ἱτερούσιον
1624 915 1720 969 καὶ
1747 916 1808 968 τὸ
1852 917 1945 970 ἁν-

358 992 547 1063 όμοιον
573 993 859 1062 λεγόντων.
899 999 1015 1052 ’Ίνα
1059 1000 1168 1070 γὰρ
1205 1002 1456 1074 παθητὴν
1503 1005 1600 1075 τὴν
1632 1008 1820 1061 οὐσίαν
1846 1009 1945 1065 τοῦ

358 1083 701 1151 Μονογενοῦς
734 1086 983 1150 εἴπωσιν,
1014 1088 1222 1159 ἄψυχον
1249 1091 1489 1160 λέγουσι,
1527 1096 1621 1148 καὶ
1658 1098 1720 1150 ἐκ
1751 1098 1941 1154 τούτου

355 1174 828 1239 κατασκευάζουσι
849 1179 909 1231 τὸ
939 1180 1209 1251 ἀνόμοιον.
1237 1185 1457 1238 Μακεδ.
1494 1185 1631 1238 Ἀλλ’
1664 1189 1823 1257 ἡμεῖς
1856 1192 1943 1245 ἀν-

354 1264 544 1336 όμοιον
570 1268 669 1338 μὲν
696 1270 756 1321 οὐ
775 1270 1023 1341 λέγομεν,
1046 1272 1251 1344 ἄψυχον
1276 1275 1593 1347 δὲλέγομεν.
1614 1279 1767 1347 Ὀρθ.
1785 1282 1943 1353 Ὁμο-

358 1357 559 1426 λογεῖς,
605 1360 686 1413 ὅτι
732 1362 881 1432 παρὰ
919 1363 996 1433 τῷ
1039 1363 1255 1436 θανάτῳ
1294 1367 1497 1437 ηρξατο
1533 1368 1815 1424 λυπεῖσθαι
1848 1375 1941 1427 καὶ

354 1449 670 1520 ἀδημονεῖν,
710 1452 786 1515 ὡς
827 1456 884 1508 ἐν
915 1454 995 1525 τῷ
1027 1457 1168 1509 κατὰ
1201 1457 1478 1512 Ματθαίον
1507 1460 1822 1532 Εὐαγγελίῳ
1854 1464 1943 1531 γέρ

354 1554 626 1608 γραπται,
663 1541 757 1595 καὶ
799 1545 859 1597 δν
886 1543 969 1615 τῷ
1006 1546 1148 1599 κατὰ
1170 1546 1417 1616 Μάρκον,
1451 1547 1688 1619 Ἤρξατο
1719 1550 1919 1621 θαμϐεῖ

357 1630 485 1685 σθαι
540 1632 637 1686 καὶ
690 1632 1027 1704 ἀδημονεῖνς
1074 1637 1298 1691 Marcet.
1356 1638 1482 1691 Ναί.
1562 1640 1709 1707 Ὀρθ.
1788 1645 1942 1716 Ἀδη-

356 1721 514 1789 μονεῖ
559 1720 618 1774 δὲ
655 1722 752 1775 καὶ
780 1722 1138 1793 ὲκθαμϐεἰται
1177 1726 1367 1797 θεότης
1405 1728 1496 1781 τὸν
1535 1729 1844 1805 θάνατον,ἢ
1876 1735 1939 1789 τὸ

350 1814 565 1885 ἄψυχον
593 1814 787 1887 σῶμας
818 1819 1042 1873 laxati.
1068 1820 1320 1891 Δηλονότι
1351 1823 1387 1891 ἡ
1427 1820 1616 1894 θεότης
1658 1841 1938 1896 σεσαρκω-

354 1905 519 1975 μένη.
563 1906 707 1974 Ὀρθ.
767 1907 1042 1979 Ἀνόμοιος
1097 1909 1205 1981 ἄρα
1244 1913 1281 1982 ὴ
1341 1911 1434 1966 τοῦ
1470 1912 1604 1966 Υἱοῦ
1635 1913 1825 1985 θεότης
1865 1919 1933 1989 τῇ

354 1996 456 2052 τοῦ
502 1998 715 2074 Πατρδς
757 1999 1009 2071 θεότητι;
1060 2003 1285 2057 Haud.
1336 2004 1435 2075 Μὴ
1472 2005 1716 2073 γένοιτοι
1784 2008 1933 2077 Ὸρθ.

352 2088 424 2141 El
480 2089 736 2161 ἀδημονεῖ
788 2092 884 2145 καὶ
939 2093 1294 2165 ὲκθαμϐεἷται
1348 2095 1441 2149 τδν
1510 2095 1765 2162 θάνατον,
1819 2098 1938 2165 πῶς

354 2177 582 2234 δύναται
629 2181 812 2252 ὅμοιος
865 2178 1002 2237 εἶναι
1053 2187 1147 2240 καὶ
1198 2187 1620 2258 ἀπαράλλακτος
1663 2188 1743 2260 τῷ
1802 2192 1939 2262 μήτε

358 2269 737 2341 ἀδημονοῦντι,
775 2275 918 2345 μήτε
938 2275 1282 2347 λυπουμένῳ,
1307 2279 1444 2348 μήτε
1473 2278 1935 2350 ὲκθαμϐουμένῳς

355 2362 585 2417 Mazaca.
621 2366 838 2434 Ἐπειδὴ
872 2367 1032 2438 σῶμα
1074 2367 1410 2439 ἀνθρώπινον
1452 2368 1630 2439 “xcv.
1664 2369 1941 2441 ἀδημονεῖ.

356 2456 518 2524 Ὂρθ.
582 2455 755 2525 Σῶμα
790 2454 849 2508 δὲ
911 2454 1119 2526 ἄψυχον
1159 2456 1260 2508 οὐκ
1298 2454 1575 2524 ἁδημονεῖ,
1605 2454 1708 2509 οὐκ
1735 2457 1945 2529 ἔκθαμ-

344 2546 547 2610 ϐεῑται,
578 2546 639 2599 οὒ
671 2546 945 2600 λυπεῖται.
969 2544 1194 2598 Mauri.
1237 2544 1374 2597 Ἀλλ’
1399 2539 1514 2614 εἶχε
1546 2546 1778 2618 θεότητα
1824 2549 1948 2606 ἀντὶ

344 2634 451 2703 τῆς
493 2634 691 2704 ψυχῆς.
762 2634 907 2700 Ὀρθ.
981 2633 1054 2686 Τδ
1132 2632 1293 2703 σῶμα
1354 2635 1527 2688 ἐποίει
1573 2636 1673 2706 τὴν
1714 2636 1945 2709 θεότητα

345 2723 769 2793 ἐκθαμϐεῖσθαι,
795 2723 830 2794 ἦ
866 2725 900 2793 ὴ
934 2722 1126 2795 θεότης
1170 2724 1233 2777 τὸ
1263 2725 1459 2795 σῶμας
1493 2726 1715 2781 Mazaca.
1741 2728 1840 2781 Διὰ
1882 2727 1946 2783 τὸ

345 2814 512 2884 σῶμα
548 2815 583 2886 ἡ
624 2814 819 2886 θεότης
860 2814 1230 2886 ὲξεθαμϐεῖτο.
1267 2815 1481 2885 Ὀρθόδ.
1523 2817 1801 2873 Ἐθολοῦτο
1849 2813 1942 2876 οὖν

341 2908 379 2977 ἡ
422 2905 613 2977 θεότης
647 2906 754 2960 ὑπὸ
806 2905 1090 2977 σώματος,
1146 2908 1224 2971 ὡς
1265 2909 1328 2962 τὸ
1385 2910 1713 2979 ἡγεμονικὸν
1760 2909 1937 2982 ἡμῶν.

341 2995 566 3049 Μακεδ.
620 2995 712 3066 Μὴ
771 2997 982 3065 γένοιτο
1034 2998 1245 3051 εἰπεῖνῐ
1328 3000 1477 3066 Ὀρθ.
1557 2999 1801 3071 ’Δνάγκη
1845 2996 1940 3056 οὖν

339 3087 525 3143 δοῦναι
556 3088 734 3162 ψυχὴν
780 3090 880 3161 τὴν
917 3090 1275 3163 θολουμένην.
1310 3091 1534 3147 Mauri.
1567 3094 1661 3166 Μὴ
1694 3095 1937 3163 γένοιτοί

2050 629 2542 689 ORTHODOXUS.
2580 632 2700 691 Non
2726 635 2888 690 modo
2911 635 3164 706 religiose
3190 636 3477 700 sentimus,
3502 652 3626 691 cum
3686 685 3692 690 .

2046 717 2197 774 Patri
2247 722 2771 778 consubstantialem
2815 738 2937 779 esse
2980 722 3216 779 Filium:
3269 724 3363 779 sed
3406 732 3459 780 et
3502 741 3626 779 cum

2049 825 2174 865 eum
2213 812 2560 867 incarnatum
2591 815 2829 869 animam
2859 814 3118 870 habuisse
3151 815 3493 871 conﬁtemur.
3522 815 3627 871 Ne-

2046 918 2157 972 que
2202 920 2333 959 vero
2372 906 2551 975 magni
2585 906 2716 976 quid
2764 906 2961 963 feceris
3000 910 3626 965 consubstantialitatem

2049 1008 2276 1065 negans,
2302 996 2346 1051 si
2369 997 2604 1051 animam
2635 1012 2760 1051 eum
2787 997 2987 1053 habere
3009 999 3311 1069 negaveris.
3342 998 3454 1053 lloc
3480 1000 3625 1054 enim

2048 1102 2239 1143 eorum
2280 1098 2365 1144 est
2405 1089 2705 1159 proprium,
2754 1089 2847 1158 qui
2893 1091 3215 1146 substantia:
3251 1091 3624 1147 diversitatem

2048 1186 2102 1232 et
2128 1177 2627 1236 dissimilitudinem
2664 1190 2933 1236 asserunt.
2969 1181 3038 1236 Ut
3084 1184 3228 1237 enim
3261 1183 3624 1239 substantiam

2048 1268 2319 1342 Unigeniti
2344 1273 2528 1328 dicant
2550 1289 2673 1329 esse
2698 1274 2996 1343 patibilem,
3019 1274 3372 1329 inanimatam
3399 1290 3519 1330 eam
3544 1275 3626 1329 di-

2046 1370 2198 1428 cunt,
2227 1370 2391 1433 atque
2423 1364 2548 1418 inde
2574 1364 3077 1443 dissimilitudinem
3116 1366 3437 1421 substantiae
3471 1382 3626 1422 com-

2046 1453 2435 1509 miniscuntur.
2461 1453 2669 1509 Haced.
2695 1455 2806 1511 Nos
2828 1472 2956 1512 vero
2977 1456 3477 1514 dissimilitudinem
3502 1460 3625 1514 sub-

2041 1545 2263 1601 stantiae
2273 1560 2383 1602 non
2398 1548 2653 1613 dicimus,
2668 1549 2763 1604 sed
2780 1548 2961 1604 anima
2978 1564 3167 1605 carere
3182 1549 3434 1604 dicimus.
3465 1549 3619 1606 Orta.

2041 1636 2325 1696 Faterisne
2354 1639 2635 1697 Christum
2660 1642 2714 1695 in
2735 1641 2927 1696 mortis
2950 1656 3124 1711 agone
3149 1642 3385 1711 cmpisse
3415 1642 3623 1697 contri-

2026 1731 2176 1787 ~stari
2278 1740 2339 1787 et
2449 1740 2677 1789 mmstus
2700 1748 2849 1797 esse,
2868 1741 2929 1789 ut
2947 1733 3004 1787 in
3026 1732 3318 1803 Evangelio
3338 1733 3619 1788 Matthasus

2037 1821 2222 1885 habet,
2259 1821 2437 1894 Cmpit
2471 1825 2785 1879 contristari
2839 1834 2893 1880 et
2960 1837 3191 1879 maestus
3244 1841 3389 1891 esse,
3443 1833 3498 1879 et
3562 1834 3621 1878 ut

2039 1910 2279 1976 Marcus,
2310 1913 2491 1984 Capit
2534 1930 2736 1985 pavere
2793 1922 2849 1970 et
2900 1913 3132 1969 taedere?
3163 1913 3374 1971 uaced.
3417 1912 3615 1969 Etiam.

2040 2002 2195 2060 Orth.
2231 2004 2425 2061 Utrum
2454 2015 2649 2063 mmsta
2670 2014 2756 2062 est
2787 2014 2843 2060 et
2865 2017 3095 2063 mortem
3139 2014 3300 2078 pavet
3329 2005 3614 2069 divinitas,

2041 2110 2117 2151 an
2145 2113 2346 2166 corpus
2371 2098 2670 2155 animatum
2687 2098 2931 2155 ?Haced.
2950 2099 3223 2154 Divinitas
3251 2107 3399 2153 certe
3428 2098 3613 2152 incar~

2040 2198 2190 2246 nata.
2225 2190 2379 2245 07th.
2410 2190 2533 2247 Filii
2567 2192 2733 2261 igitur
2762 2190 3024 2253 divinitas
3062 2188 3352 2245 dissimilis
3378 2194 3463 2244 est
3494 2187 3614 2243 dei~

2039 2281 2136 2335 tati
2169 2280 2384 2335 Patris?
2423 2280 2630 2336 Haud.
2670 2279 2863 2335 Absit!
2897 2279 3089 2367 Orth.‘
3108 2278 3168 2334 Si
3209 2285 3405 2334 masta
3440 2283 3526 2332 est
3558 2282 3615 2331 et

1998 2396 2001 2399 »
2041 2378 2207 2438 pavet
2233 2378 2490 2433 mortem,
2518 2372 2798 2442 quomodo
2824 2371 3023 2428 similis
3054 2385 3151 2441 per
3193 2370 3376 2425 omnia
3408 2367 3515 2423 erit
3560 2367 3612 2422 ei

2015 2448 2108 2516 qui
2150 2461 2256 2502 nec
2289 2447 2534 2518 angitur,
2567 2461 2675 2504 nec
2713 2448 3106 2516 contristatur,
3153 2464 3257 2505 nec
3300 2449 3571 2505 turbatur
3596 2456 3620 2502 τ

2017 2536 2226 2593 Haud.
2253 2537 2470 2607 Corpus
2491 2537 2775 2603 babuit,et
2803 2540 3011 2596 idcirco
3045 2542 3425 2599 contristatur.
3450 2543 3610 2600 Orth.

2018 2631 2087 2687 At
2105 2646 2306 2700 corpus
2325 2630 2445 2686 sine
2476 2632 2659 2685 anima
2678 2646 2791 2687 non
2822 2635 3062 2703 angitur,
3078 2648 3190 2689 non
3208 2634 3481 2699 turbatur,
3500 2651 3614 2691 non

2017 2721 2296 2776 tristatur?
2308 2719 2518 2775 Macati.
2546 2720 2653 2777 Sed
2683 2723 2805 2778 loco
2824 2724 3021 2778 animae
3041 2725 3381 2780 divinitatem
3399 2726 3611 2793 habuit.

2017 2809 2171 2868 Orth.
2189 2812 2272 2867 An
2293 2826 2493 2881 corpus
2514 2812 2784 2868 divinitati
2806 2828 3058 2884 pavorem
3080 2816 3333 2879 incussit,
3352 2826 3447 2872 aut
3472 2817 3613 2871 divi-

2015 2903 2160 2959 nitas
2180 2903 2434 2974 corpori?
2465 2902 2675 2959 llaced.
2697 2904 2924 2976 Propter
2937 2923 3140 2977 corpus
3161 2908 3422 2966 divinitas
3438 2926 3610 2982 expa-

2017 2995 2288 3051 vescebat.
2306 2994 2462 3050 Orth.
2495 2995 2766 3052 Nimirum
2780 3008 2841 3052 ut
2866 2999 3208 3071 principatus
3225 3004 3390 3055 animi
3410 3003 3607 3066 nostri,

2014 3085 2091 3143 ita
2113 3092 2168 3140 et
2194 3084 2457 3142 divinitas
2480 3103 2511 3141 ι
2542 3102 2774 3157 corpore
2807 3089 3159 3145 turbabatur.
3197 3088 3413 3146 Maced.
3450 3091 3611 3147 Absit

356 3181 506 3248 Ὀρθ.
575 3180 703 3245 Πῶς
774 3178 868 3237 οὖν
914 3181 1123 3254 ἀκούσῃ
1156 3183 1252 3236 τοῦ
1302 3184 1537 3253 ἀγγέλου
1582 3185 1831 3253 λέγοντος
1859 3184 1932 3259 τῷ

2025 3185 2076 3232 ut
2106 3178 2433 3251 bpcdicami
2464 3179 2920 3236 0rth.Concedas
2947 3182 3112 3248 igitur
3129 3190 3345 3251 oportet
3366 3183 3609 3237 animum

352 3268 586 3341 Ἰωσήφο
636 3290 656 3322 ι
686 3272 979 3343 Παράλαϐε
1031 3274 1132 3345 τὴν
1191 3274 1403 3345 μητέρα
1453 3276 1548 3329 καὶ
1595 3276 1658 3329 τὸ
1702 3276 1934 3343 παιδίον,

338 3362 439 3415 καὶ
490 3362 660 3431 φεῦγε
716 3366 798 3427 εις
856 3362 1170 3433 Αἴγυπτονο
1224 3365 1408 3438 μέλλει
1476 3365 1584 3437 γὰρ
1627 3367 1655 3420 6
1693 3367 1937 3440 Ἡρώδης

337 3451 524 3522 ζητεῖν
553 3452 652 3523 τὴν
673 3453 863 3524 ψυχὴν
878 3454 974 3507 τοῦ
1008 3456 1219 3510 παιδίου
1240 3474 1252 3485 ·
1276 3474 1295 3508 ι
1330 3458 1427 3511 καὶ
1458 3448 1650 3512 πάλιν·
1691 3476 1710 3510 ι
1754 3458 1938 3531 Ἐγερ-

336 3539 454 3604 θεὶς
500 3541 784 3611 παράλαϐε
817 3543 1051 3614 Μαριὰμ
1084 3543 1185 3614 τὴν
1215 3546 1452 3612 γυναῖκα
1491 3562 1609 3609 σου,
1640 3547 1735 3601 καὶ
1776 3546 1938 3618 δεῦρο

335 3632 421 3694 εἰς
468 3632 574 3702 γῆν
619 3633 864 3705 Ἰσραήλο
900 3634 1197 3705 τεθνήκασι
1247 3636 1358 3707 γὰρ
1405 3636 1457 3689 oi
1503 3636 1794 3707 ζητοῦντες
1836 3638 1936 3709 τὴν

333 3722 516 3793 ψυχὴν
561 3723 656 3776 τοῦ
701 3724 953 3778 παιδίου·
983 3746 1002 3776 ι
1057 3727 1153 3780 καὶ
1210 3727 1375 3791 αὐτὸς
1419 3728 1450 3781 6
1497 3727 1703 3799 Κύριος
1746 3728 1931 3796 λέγει’

339 3832 360 3867 ι
403 3814 546 3882 Ἐγώ
583 3817 698 3885 εἰμι
731 3816 760 3867 6
808 3817 1012 3886 ποιμὴν
1062 3818 1091 3869 6
1140 3817 1340 3880 καλός·
1391 3820 1422 3871 6
1459 3819 1665 3889 ποιμὴν
1700 3822 1729 3873 6
1770 3818 1934 3884 καλὸς

330 3906 434 3975 τὴν
471 3906 647 3977 ψυχὴν
672 3905 835 3959 αὑτοῦ
875 3907 1089 3977 τίθησιν
1133 3907 1274 3979 ὑπὲρ
1307 3907 1418 3963 τῶν
1444 3909 1798 3979 προϐάτων»
1838 3911 1934 3965 καὶ

330 3997 531 4050 πάλιν*
574 4015 593 4049 ι
628 3998 756 4050 Ὅτε
809 3997 971 4061 θέλω,
1018 3998 1208 4069 τίθημι
1259 3998 1450 4070 αὐτὴν,
1487 4000 1583 4053 καὶ
1623 4001 1712 4053 ὅτε
1760 4000 1922 4066 θέλω,

331 4090 598 4159 λαμϐάνω
626 4090 798 4160 αὑτήν
818 4106 836 4157 ;
860 4108 878 4141 ι
913 4088 1137 4145 Haud.
1177 4089 1392 4160 Ἐπειδὴ
1421 4090 1516 4142 καὶ
1547 4091 1576 4143 6
1611 4092 1800 4161 Πατὴρ
1846 4090 1931 4144 λέ-

330 4196 457 4249 γει,
490 4198 509 4230 ι
538 4178 649 4243 Τὰς
675 4180 969 4252 νεομηνίας
1026 4179 1183 4249 ὑμῶν
1208 4180 1300 4234 καὶ
1326 4179 1394 4234 τὰ
1433 4180 1684 4233 Σάϐϐατα
1715 4183 1865 4251 μισεῖ
1891 4184 1926 4252 ἡ

330 4271 483 4341 ψυχή
521 4287 646 4342 μου,
676 4290 694 4322 ι
741 4268 851 4342 ἄρα
890 4271 981 4326 διὰ
1022 4270 1181 4325 τοῦτο
1216 4272 1311 4325 καὶ
1350 4272 1442 4326 τὸν
1492 4273 1713 4341 Πατέρα
1749 4273 1929 4345 ψυχὴν

328 4361 479 4432 ἔχειν
525 4363 786 4434 λέξομεν;
822 4364 974 4432 Ὀρθ.
1020 4362 1248 4435 Πρῶτον
1315 4362 1344 4415 δ
1404 4364 1729 4434 παρήγαγες
1763 4365 1927 4435 ῥητὸν

326 4452 433 4504 οὐκ
460 4452 708 4522 ἐνόησας.
741 4454 816 4506 Οὐ
848 4453 969 4521 γὰρ
1013 4450 1160 4522 ἅχεις
1195 4451 1399 4516 δεῖξαι,
1437 4452 1519 4505 ὅθι
1556 4454 1747 4524 Πατήρ
1776 4454 1927 4510 ἐστιν

327 4543 360 4594 6
389 4542 583 4611 λέγων.
617 4543 841 4598 Manum.
883 4542 1047 4597 Ἀλλὰ
1088 4542 1233 4615 τίνος
1286 4544 1437 4597 ἐστὶν
1468 4544 1503 4613 ἡ
1549 4545 1738 4615 (ptavi);
1776 4546 1920 4613 Ὡρθ.

326 4634 441 4687 Τοῦ
466 4634 593 4688 Υἱοῦ
624 4634 720 4688 τοῦ
749 4634 884 4689 Θεοῦ
925 4634 1019 4688 τοῦ
1051 4634 1368 4706 εἰρηκότος·
1408 4654 1426 4686 ι
1460 4635 1644 4703 Ἔγνω
1674 4635 1803 4706 βοῦς
1829 4637 1923 4694 τὸν

326 4727 675 4797 κτησάμενον
704 4728 889 4792 αὑτὸν,
924 4726 1020 4780 καὶ
1048 4727 1167 4791 ὄνος
1208 4726 1307 4799 τὴν
1348 4728 1557 4799 φάτνην
1590 4727 1682 4781 τοῦ
1729 4728 1921 4803 κυρίου

325 4818 520 4872 αὑτοῦ·
562 4818 777 4890 Ἰσραὴλ
811 4818 870 4872 δέ
906 4836 974 4887 με
1010 4819 1111 4873 οὐκ
1143 4818 1307 4887 ἔγνω,
1354 4819 1451 4873 καὶ
1480 4821 1510 4873 6
1539 4818 1665 4883 λαός
1711 4837 1815 4890 μου
1856 4822 1918 4877 οὐ

326 4909 551 4979 συνῆκε.
576 4928 594 4960 ι
629 4908 853 4963 ﬂaua.
902 4902 1072 4972 Οὗτος
1117 4904 1210 4962 οὖν
1262 4911 1410 4963 ἔστιν
1437 4911 1469 4963 6
1504 4910 1712 4980 λέγων·
1758 4930 1777 4967 ι
1807 4912 1920 4978 Τὰς

324 5001 617 5071 νεομηνίας
694 5000 850 5071 ὑμῶν
907 5000 1003 5055 καὶ
1050 5000 1125 5055 τὰ
1170 5001 1423 5055 Σάϐϐατα
1489 5005 1636 5071 μισεῖ
1683 5005 1716 5073 ή
1771 5003 1917 5077 ψυχή

328 5108 469 5163 μου;
500 5111 519 5145 ι
561 5093 713 5160 Ὀρθ.
775 5093 887 5147 Καὶ
943 5093 1105 5146 πάνυ.
1155 5094 1287 5146 Τότε
1316 5094 1424 5164 γὰρ
1464 5094 1605 5147 αὐτὰ
1634 5095 1914 5165 ἐμίσησεν,

326 5185 419 5238 ὅτε
449 5184 857 5255 ὲνηνθρώπησε,
888 5186 981 5240 καὶ
1008 5185 1108 5255 τὴν
1143 5184 1350 5254 Καινὴν
1378 5186 1653 5257 Διαθήκην
1689 5186 1912 5243 διέθετο.

326 5274 555 5329 Hand.
590 5276 699 5329 Kal.
715 5271 829 5345 εἶχε
850 5275 1049 5346 ψυχὴν,
1077 5278 1165 5329 ὅτε
1199 5274 1357 5346 ὤφθη
1375 5276 1452 5343 τῷ
1488 5279 1719 5349 Ἰισαῖᾳς
1761 5280 1912 5349 ’(φθ.

326 5367 540 5437 ’Ὠσπερ
573 5366 675 5419 οὐκ
707 5364 822 5437 εἶχε
855 5371 1046 5439 χεῖρας
1075 5367 1171 5421 καὶ
1195 5367 1365 5430 πόδας
1398 5370 1763 5437 σωματικοὺς,
1789 5369 1915 5424 οὗτε

327 5458 436 5529 μὴν
469 5461 662 5530 ἱμάτια
705 5461 993 5531 σωματικὰ
1034 5461 1143 5532 πρὸ
1174 5459 1282 5531 τῆς
1311 5460 1794 5532 ινανθρωπήσεως,
1825 5463 1912 5517 ὅτε

323 5551 549 5617 ἔλεγεν,
586 5570 604 5602 ι
638 5551 878 5621 Ὦρυξαν
923 5551 1114 5623 χεῖράς
1162 5568 1266 5621 μου
1316 5551 1411 5603 καὶ
1457 5551 1623 5614 πόδας
1661 5569 1783 5621 μου,
1820 5555 1915 5607 καὶ

323 5643 421 5697 ἰπὶ
466 5643 559 5697 τὸν
598 5644 889 5714 ἱματισμόν
931 5660 1034 5711 μου
1080 5643 1271 5696 ἔϐαλον
1304 5642 1560 5714 κλήρους,
1590 5662 1607 5694 ι
1664 5643 1799 5697 ἀλλὰ
1843 5644 1912 5698 τὰ

429 5835 444 5865 ⁸
474 5836 664 5893 Matth.
699 5853 758 5904 ιι,
795 5837 880 5892 15.
954 5838 975 5870 ⁸
1004 5837 1138 5894 ibid.
1173 5839 1263 5895 20.
1334 5840 1355 5871 ⁸
1392 5838 1547 5897 Joan.
1580 5858 1633 5910 ι,
1678 5842 1758 5898 Η.

1837 5843 1855 5872 ⁸
1896 5845 2029 5904 ibid.
2063 5850 2167 5904 18*
2221 5850 2239 5879 ⁵
2272 5847 2370 5905 ira.
2406 5867 2443 5918 ι,
2480 5850 2563 5907 15.

2016 3268 2322 3341 fuissequae
2336 3271 2556 3325 turbata
2571 3278 2677 3327 est.
2701 3269 2912 3326 Haced.
2931 3273 3088 3328 Absit
3110 3272 3122 3325 ι
3144 3271 3298 3328 Orth.
3318 3273 3607 3339 Quomodo

2015 3376 2148 3431 ergo
2191 3362 2446 3431 angelum
2491 3361 2686 3417 audies
2726 3360 2971 3432 Josepbo
3007 3362 3318 3418 dicentem:
3350 3382 3367 3415 ι
3402 3364 3608 3435 Accipe

2016 3468 2247 3523 puerum
2270 3464 2325 3507 et
2350 3462 2580 3508 matrem
2614 3452 2757 3521 eius,
2793 3462 2849 3508 et
2879 3454 3005 3524 fuge
3043 3455 3099 3509 in
3146 3454 3478 3526 Egyptum:
3515 3456 3605 3510 fu-

2015 3553 2198 3599 turum
2217 3553 2301 3601 est
2321 3547 2466 3600 enim
2485 3553 2543 3596 ut
2560 3543 2805 3601 Herodes
2820 3558 3030 3615 quaerat
3048 3547 3286 3602 animam
3321 3548 3501 3618 pueri‘
3548 3566 3598 3613 ς»

2023 3647 2083 3691 et
2133 3638 2335 3693 iterum
2372 3656 2429 3691 ει
2479 3637 2657 3707 Surge
2692 3646 2747 3692 et
2789 3639 2978 3708 accipe
3028 3638 3253 3693 Mariam
3311 3639 3605 3709 conjugem

2016 3734 2189 3792 tuam,
2215 3738 2269 3783 et
2296 3728 2432 3783 vade
2462 3730 2518 3785 in
2543 3740 2746 3785 terram
2767 3729 2937 3784 Israel
2968 3747 2982 3781 :
3013 3728 3261 3784 defuncti
3285 3739 3413 3785 sunt
3432 3731 3601 3793 enim,

2015 3821 2107 3890 qui
2138 3822 2458 3889 quaebant
2484 3822 2724 3876 animam
2760 3824 2912 3891 pueri
2940 3824 2959 3854 ¹
2990 3838 3005 3887 ;
3035 3839 3054 3873 ι
3093 3829 3147 3875 et
3179 3820 3444 3876 Dominus
3483 3823 3603 3892 ipse

2014 3907 2133 3963 ait:
2172 3925 2192 3961 ι
2224 3906 2338 3977 Ego
2380 3924 2502 3963 sum
2552 3916 2743 3978 pastor
2783 3908 2961 3964 bonus
2997 3928 3010 3962 :
3047 3908 3224 3964 bonus
3258 3918 3447 3978 pastor
3483 3910 3602 3963 ani-

2015 4013 2161 4052 mam
2193 4014 2351 4053 suam
2378 4001 2533 4070 ponit
2563 4016 2663 4071 pro
2685 4001 2882 4057 ovibus
2912 4013 2967 4067 8;
2996 4020 3013 4052 ι
3056 4001 3337 4068 etiterum
3364 4023 3378 4055 ;
3417 4020 3434 4051 ‹
3461 4002 3601 4056 Cum

2016 4091 2160 4153 volo,
2189 4100 2555 4154 ponoeam,et
2577 4107 2703 4147 cum
2718 4091 2864 4156 volo,
2884 4107 3104 4147 resumo
3121 4106 3240 4146 eam
3284 4094 3321 4145 ⁸.
3347 4110 3365 4143 ι
3392 4091 3599 4150 Maced.

2016 4180 2247 4246 Quando
2274 4195 2406 4237 vero
2426 4192 2481 4236 et
2498 4181 2712 4237 Patrem
2740 4182 2993 4238 audimus
3020 4183 3356 4252 loquentem,
3422 4202 3440 4234 ι
3465 4180 3603 4238 Sab-

2016 4269 2143 4324 bata
2155 4277 2210 4323 et
2234 4271 2552 4327 neomenias
2572 4280 2786 4328 vestras
2803 4273 2917 4328 odit
2935 4273 3118 4326 anima
3137 4287 3257 4327 mea
3289 4284 3331 4339 8,
3364 4292 3382 4323 ι
3408 4272 3602 4331 ideone

2016 4367 2072 4416 et
2112 4360 2293 4432 ipsum
2323 4361 2539 4418 Patrem
2584 4364 2823 4419 animam
2870 4364 3070 4421 habere
3111 4364 3405 4421 dicemus?
3438 4366 3599 4423 Orth.

2015 4449 2136 4507 Non
2150 4453 2511 4510 considerasti
2536 4470 2684 4519 eum,
2700 4471 2863 4524 quem
2888 4455 3167 4510 adduxisti
3198 4455 3397 4510 locum.
3415 4455 3604 4526 Neque

2017 4546 2163 4600 enim
2202 4544 2589 4602 demonstrare
2625 4548 2831 4615 poteris
2858 4546 3074 4602 Patrem
3109 4561 3253 4612 esse,
3285 4546 3379 4616 qui
3416 4548 3605 4603 isthazc

2018 4637 2295 4707 loquatur.
2330 4634 2541 4690 Maced.
2587 4636 2759 4706 Cujus
2809 4652 2941 4707 ergo
2977 4644 3062 4694 est
3105 4652 3213 4691 vox
3257 4638 3401 4694 ista?
3439 4637 3598 4693 Orth.

2018 4727 2143 4784 Filii
2196 4727 2316 4793 Dei,
2363 4729 2457 4799 qui
2496 4728 2634 4782 dixit
2664 4748 2677 4783 :
2709 4728 3019 4799 «Cognovit
3073 4730 3173 4783 bos
3222 4743 3599 4801 possessorem

2019 4835 2203 4884 suum,
2233 4827 2289 4876 et
2324 4822 2518 4877 asinus
2540 4836 2786 4890 praesepe
2819 4821 3025 4875 domini
3060 4820 3146 4875 sui
3178 4839 3192 4875 :
3219 4819 3386 4875 Israel
3419 4832 3601 4876 autem

2018 4928 2107 4967 me
2129 4926 2240 4967 non
2272 4913 2628 4983 eognovit,et
2652 4912 2886 4982 p0pulus
2906 4926 3184 4966 meusnon
3204 4912 3474 4967 intellexit
3508 4918 3544 4969 ⁸.
3578 4934 3597 4967 ι

2019 5001 2230 5058 Haced.
2269 5001 2497 5058 liiccine
2525 5010 2611 5057 est
2642 5004 2734 5072 qui
2764 5003 2899 5057 dicit
2925 5022 2937 5057 :
2977 5021 2995 5053 ι
3018 5002 3348 5059 Neomenias
3388 5015 3602 5063 vestras

2017 5102 2074 5149 et
2101 5092 2341 5149 Sabbata
2381 5096 2496 5149 odit
2527 5093 2709 5147 anima
2749 5095 2945 5150 mea?»
2971 5093 3125 5151 Orth.
3165 5094 3310 5152 Sane
3355 5097 3599 5168 quidem.

2019 5182 2159 5237 Tum
2194 5183 2341 5238 enim
2375 5184 2490 5237 odit
2519 5198 2605 5245 ea.
2647 5184 2869 5253 quando
2900 5185 3223 5246 incarnatus
3268 5198 3374 5251 est,
3407 5197 3463 5243 et
3503 5190 3606 5244 fm-

2020 5274 2127 5329 dus
2159 5289 2361 5328 novum
2400 5275 2657 5331 instituit.
2690 5276 2897 5332 Maced.
2936 5278 3098 5348 Atqui
3120 5282 3360 5335 animam
3391 5281 3603 5347 habuit,

2018 5380 2144 5420 cum
2176 5364 2330 5421 Isaia:
2357 5368 2508 5422 visus
2529 5368 2650 5423 est?
2676 5368 2830 5425 Orth.
2860 5370 3331 5437 Quemadmodum
3354 5388 3456 5428 nec
3487 5388 3605 5427 ma-

2019 5473 2145 5521 nus,
2176 5473 2276 5515 nec
2309 5459 2473 5530 pedes
2501 5475 2819 5531 cor-porcos,
2855 5478 3031 5533 neque
3070 5464 3239 5517 etiam
3278 5464 3601 5518 vestimenta

2018 5563 2284 5619 corporea
2316 5552 2523 5617 habuit,
2544 5563 2669 5608 ante
2696 5554 3148 5617 incarnationem,
3177 5554 3400 5625 quando
3422 5554 3591 5615 dixit,

2024 5659 2042 5691 ι
2075 5639 2355 5697 Foderunt
2379 5659 2573 5700 manus
2606 5659 2755 5699 meas
2787 5653 2842 5699 et
2873 5643 3040 5714 pedes
3087 5659 3240 5701 meos
3274 5662 3289 5701 :
3336 5653 3391 5702 et
3435 5659 3600 5715 super

2640 5850 2659 5880 ‘
2688 5849 2818 5903 ibid.
2855 5848 2906 5903 5.
