4094 6300
539 327 649 392 879
1782 328 2165 392 EUTHYMI-l
2206 326 2561 388 ZIGABENI
3654 320 3745 393 889

532 486 740 532 vestem
764 490 939 531 meam
970 474 1239 531 miserunt
1273 474 1507 530 sortem'
1540 515 1553 536 ,
1582 494 1598 525 ι
1640 476 1733 529 sed
1773 492 1895 543 qua:
1936 476 2118 528 futura

2222 486 2481 555 μέλλοντα
2509 478 2755 549 γίνεσθαι
2787 475 2973 544 έλεγεν
2993 490 3007 506 ο
3043 472 3186 527 οὕτω
3220 470 3312 524 καὶ
3339 468 3463 540 περὶ
3500 469 3657 540 ψυχῆς
3680 469 3747 524 λε-

531 554 690 621 erant
716 566 1090 635 pronuntiavit
1126 582 1141 619 :
1177 566 1257 620 sic
1304 564 1447 619 etde
1488 566 1668 619 anima
1694 566 1925 634 loquens
1942 564 2113 619 dixit:

2217 554 2330 646 γων
2370 571 2524 629 εἴπεο
2556 590 2581 626 4
2611 572 2840 641 Μισεϊή
2890 570 3035 640 ψυχή
3090 584 3213 639 μου.
3245 584 3266 618 ρ
3316 565 3531 618 Mazaeo.
3575 565 3753 636 Δῶμεν,
3800 554 3815 621 Ὗ

539 676 557 709 ι
578 656 705 712 Odit
725 659 905 711 anima
925 672 1063 712 mea.
1097 677 1114 708 ι
1142 655 1350 711 Μαεεά.
1387 655 1469 711 Sit
1504 672 1635 713 sane
1668 656 1787 712 Filii
1816 674 1918 712 vox
1954 658 2069 713 haec
2098 676 2113 713 :

2218 668 2364 738 ὂτιή
2415 665 2566 736 φωνὴ
2613 664 2708 717 τοῦ
2760 660 2890 715 lio?)
2942 662 3090 713 ἐστι·
3145 658 3221 728 μὴ
3283 655 3377 709 καὶ
3435 657 3521 708 ὅτε
3570 655 3752 723 ἔλεγεν,

532 748 784 818 nunquid
815 758 868 803 et
905 758 1031 802 tum
1064 746 1234 804 Filius
1268 750 1531 819 loquitur,
1568 765 1691 803 cum
1722 749 1855 803 dicit
1890 768 1903 803 :
1945 748 2118 805 (Ecce

2224 778 2243 811 ι
2285 759 2414 811 Ἰδοὺ
2444 760 2473 810 6
2509 758 2649 820 Παῖς
2699 772 2801 826 μου
2840 754 2871 807 6
2911 748 3192 821 ἀγαπητός
3229 764 3328 819 μου
3351 788 3366 812 ,
3414 748 3490 812 εἰς
3533 747 3588 799 ὂν
3628 748 3757 818 ηὐδό-

534 856 670 910 puer
717 856 871 894 meus
924 840 1179 903 dilectus,
1218 841 1270 895 in
1333 857 1491 911 quem
1550 841 1883 909 complacuit
1932 844 2118 895 anima

2218 868 2386 923 κησεν
2417 852 2451 920 ή
2491 848 2636 920 ψυχή
2682 863 2811 918 μου·
2851 845 3006 915 θήσω
3040 842 3105 895 τὸ
3154 840 3381 910 Πνεῦμά.
3433 856 3531 908 μου
3568 838 3643 891 ἐπ’
3683 840 3760 892 αὐ-

535 945 677 989 mea.
715 944 912 999 ponam
940 928 1205 997 Spiritum
1234 946 1414 985 meum
1452 946 1617 999 super
1650 932 1799 984 eum’
1841 929 1864 981 ?
1894 949 1913 983 ι
1959 928 2114 984 Orth.

2217 943 2371 1003 τὸν.»
2419 942 2449 993 ὁ
2496 939 2624 1002 Υἱός
2675 939 2820 989 ἐστιν
2865 938 2893 989 6
2925 934 3130 1003 λέγων;
3195 931 3350 998 Ὀρθ.
3414 928 3523 982 Οὐκ
3567 928 3695 980 ἐστιν
3738 931 3762 983 6

533 1021 749 1077 Patrem
775 1024 888 1084 hic,
915 1037 1021 1075 non
1057 1022 1276 1085 Filium,
1314 1025 1462 1093 loqui
1506 1025 1561 1077 in
1595 1022 1851 1077 confesso
1880 1029 1966 1077 est
1997 1041 2009 1076 :
2037 1031 2117 1077 at-

2220 1033 2347 1095 Υἱὸς
2376 1033 2403 1083 6
2439 1030 2635 1097 λέγων,
2660 1028 2773 1081 ἀλλ’
2799 1023 3249 1097 ὁμολογουμένως
3276 1024 3304 1075 6
3333 1021 3540 1091 Πατήρ.
3575 1021 3643 1073 Οὐ
3675 1022 3762 1091 μὴν

533 1124 716 1170 tamen
752 1131 860 1170 non
902 1114 1047 1185 quod
1085 1117 1322 1169 animam
1374 1117 1571 1171 habeat
1610 1117 1691 1171 sic
1732 1115 1976 1185 loquitur
2017 1114 2118 1167 Pa-

2220 1124 2296 1187 ὡς
2337 1122 2501 1184 αὐτὸς
2546 1120 2723 1190 ψυχὴν
2767 1118 2906 1189 έχων
2956 1115 3132 1170 ταῦτα
3180 1112 3360 1168 λαλεῖ⁶
3442 1111 3572 1165 ἀλλὰ
3613 1114 3765 1165 πᾶσαν

532 1212 640 1269 ter,
673 1205 769 1260 sed
809 1205 1081 1273 cujusque
1122 1205 1299 1259 sancti
1345 1206 1606 1268 animam,
1662 1220 1819 1259 suam
1877 1203 2116 1257 animam

2222 1213 2397 1284 ψυχὴν
2446 1212 2628 1281 ἁγίαν,
2657 1208 2851 1264 ἑαυτοῦ
2905 1208 3083 1279 ψυχὴν
3135 1206 3302 1273 λέγει.
3336 1204 3491 1266 "Hei;
3526 1198 3613 1256 οὖν
3643 1202 3763 1272 ψυχὴ

535 1296 692 1349 dicit.
727 1295 1076 1365 Quaecunque
1126 1297 1294 1366 igitur
1330 1298 1511 1350 anima
1561 1296 1665 1353 sibi
1718 1296 2117 1365 complacuerit

2223 1306 2303 1368 εἰς
2351 1304 2443 1357 τὸν
2471 1303 2600 1355 Υἱὸν
2653 1301 2942 1371 ηὑδόκησε,
2990 1299 3128 1369 αὕτη
3182 1314 3305 1368 μου,
3355 1294 3536 1364 φησὶν,
3584 1294 3764 1364 ἔστινή

536 1386 592 1439 in
619 1384 775 1448 Filio,
827 1386 953 1450 ista,
1000 1387 1197 1455 inquit,
1247 1395 1328 1441 est
1371 1388 1553 1440 anima
1602 1401 1744 1441 mea.
1791 1384 2006 1440 Etenim
2060 1391 2119 1437 ut

2222 1394 2387 1464 ψυχή.
2427 1394 2514 1456 Ὠς
2545 1392 2653 1462 γὰρ
2679 1394 2707 1445 6
2738 1390 2944 1452 δίκαιος
2958 1388 3260 1459 ἄνθρωπος,
3294 1384 3388 1438 τοῦ
3423 1382 3553 1436 Θεοῦ
3583 1383 3765 1450 λέγεται

537 1478 702 1530 homo
729 1476 934 1545 justus,
973 1476 1066 1532 Dei
1105 1478 1266 1532 homo
1311 1478 1553 1532 dicitur:
1610 1478 1686 1532 ita
1723 1476 1905 1531 anima
1943 1476 2116 1545 justa,

2225 1485 2528 1555 ἄνθρωπος’
2556 1482 2698 1535 οὕτω
2726 1481 2820 1535 καὶ
2851 1481 2885 1551 ἡ
2914 1480 3099 1534 δικαία
3127 1477 3273 1548 ψυχὴ
3296 1474 3391 1529 τοῦ
3419 1472 3550 1528 Θεοῦ
3580 1473 3765 1541 λέγεται

538 1569 633 1624 Dei
667 1569 849 1622 anima
894 1577 1244 1637 nuncupatur
1292 1577 1346 1624 et
1391 1578 1495 1623 est.
1538 1568 1749 1623 Maced.
1782 1567 1924 1634 Quid
1956 1568 2121 1638 igitur

2227 1576 2321 1629 καὶ
2347 1574 2462 1627 ἐστι
2500 1574 2669 1645 ψυχή.
2706 1571 2927 1626 Μακεὸ.
2958 1571 3022 1623 Τί
3062 1566 3152 1623 οὖν
3185 1570 3335 1622 ἐστιν
3377 1566 3611 1629 εὐδοκία;
3642 1565 3762 1632 Ὀρθ.

535 1671 621 1718 est
645 1662 1088 1732 beneplacitum?
1113 1662 1266 1716 Ortlt.
1301 1661 1539 1717 Verbum
1587 1662 1929 1731 complacuit,
1989 1675 2121 1729 pro-

2224 1666 2296 1717 »ὐ
2320 1664 2605 1734 προφήτης
2640 1663 2866 1725 Ἡσαΐας
2895 1660 3320 1729 τὸνηύδόκησε,
3368 1655 3760 1727 προσεδέξατο,

538 1754 702 1823 pheta
784 1754 955 1809 lsaias
1001 1755 1396 1826 interpretatur
1449 1756 1698 1822 suscepit,
1736 1754 1829 1808 ubi
1883 1749 2115 1809 scribité

2230 1750 2374 1820 εἷπε,
2414 1755 2615 1824 λέγων·
2662 1772 2681 1807 ι
2722 1752 2917 1807 Ἰακὼὸ
2948 1755 2976 1807 6
3001 1755 3129 1817 παῖς
3153 1770 3277 1824 μου,
3302 1750 3654 1822 ἀντιλήψομαι
3685 1750 3766 1802 αὺ-

543 1863 562 1896 ι
592 1843 762 1899 Jacob
793 1860 984 1900 servus
1027 1862 1204 1909 meus,
1251 1846 1549 1915 suscipiam
1594 1860 1719 1900 eum
1756 1864 1769 1899 :
1801 1843 1970 1900 lsrael
2002 1843 2117 1898 ele-

2223 1807 2319 1902 τοῦ
2336 1807 2373 1879 ἰ
2390 1807 2605 1919 Ἰσραὴλ
2632 1849 2661 1900 6
2706 1845 2961 1909 ἐκλεκτός
3013 1807 3135 1917 μου,
3153 1807 3166 1824 ι
3184 1807 3547 1917 προσεδέξατο
3566 1807 3715 1895 ἀὑτὸν
3737 1840 3768 1912 ᾖ

537 1945 660 1991 ctus
682 1951 858 2001 meus,
890 1952 1053 2005 quem
1084 1937 1320 2007 benigne
1345 1937 1590 2007 suscepit
1620 1937 1804 1991 anima
1834 1951 1976 1991 mea.
2015 1933 2119 1990 Po.

2223 1938 2370 2010 ψυχή
2402 1955 2523 2009 μου·
2551 1938 2729 1992 ἔδωκα
2759 1939 2818 1990 τὸ
2855 1936 3081 2007 Πνεῦμα
3124 1953 3225 2006 μου
3257 1936 3347 1988 ἐπ’
3373 1934 3555 1987 αὐτόν.
3578 1951 3596 1985 ι
3634 1932 3768 1993 "Huic

537 2028 621 2081 sui
657 2026 923 2096 Spiritum
958 2043 1137 2083 meum
1165 2044 1331 2099 super
1355 2044 1505 2083 eum.
1536 2047 1555 2081 ι
1576 2027 1928 2099 Quaecunque
1951 2028 2119 2099 igitur

2223 2026 2317 2085 οὖν
2344 2031 2489 2103 ψυχὴ
2518 2032 2725 2097 τοῦτον,
2748 2033 2806 2085 ὃν
2832 2032 3079 2101 δείκνυμι
3108 2031 3234 2100 ὑμῖν
3276 2029 3447 2084 παῖδά
3475 2045 3592 2099 μου.
3628 2041 3769 2097 προσ-

539 2115 721 2170 anima
754 2116 921 2180 hunc,
951 2132 1113 2188 quem
1154 2118 1407 2182 ostendo,
1445 2132 1666 2173 servum
1707 2133 1887 2173 meum
1927 2133 2118 2175 susce-

2224 2121 2460 2187 εδέξατο,
2496 2124 2631 2194 αὕτη
2667 2142 2766 2195 μου
2803 2124 2922 2177 ἐστὶ
2954 2123 3121 2193 ψυχή.
3149 2120 3379 2174 Μακεδ.
3411 2120 3593 2189 Ἡμεῖς
3629 2130 3769 2169 κατα·

539 2204 638 2274 pit,
662 2219 725 2260 ea
760 2214 845 2261 est
875 2222 991 2261 mea
1025 2208 1224 2263 anima.
1270 2207 1475 2262 Maced.
1513 2206 1624 2262 Nos
1670 2208 1971 2280 improprie
2014 2207 2119 2263 Pa-

2222 2211 2539 2280 χρηστικῶς
2583 2212 2673 2266 τὸν
2710 2215 2930 2283 Πατέρα
2971 2213 3199 2282 λέγομεν
3229 2208 3514 2281 εἰρηκέναι
3542 2206 3635 2277 τὴν
3675 2217 3767 2272 φω-

542 2301 816 2357 ιι-ειιιιειε
853 2301 1095 2355 locutum
1132 2299 1303 2354 fuisse
1321 2299 1575 2353 dicimus.
1606 2297 1792 2366 Neque
1810 2295 1954 2349 enim
1980 2292 2121 2362 quod

2202 2300 2321 2371 νήν.
2369 2296 2507 2351 υῦτε
2551 2297 2660 2368 γὰρ
2707 2296 2884 2366 ψυχὴν
2930 2294 3069 2365 ἔχων
3113 2295 3143 2347 6
3184 2295 3385 2367 Πατὴρ
3433 2294 3606 2363 λέγει·
3646 2307 3665 2343 ι
3690 2290 3767 2352 Et;

542 2391 781 2445 animam
824 2390 1063 2452 "habeat,
1112 2388 1283 2443 dicit:
1326 2408 1343 2439 ι
1372 2387 1431 2442 1η
1477 2402 1585 2458 quo
1632 2387 1739 2441 sibi
1798 2380 2121 2453 complacuit

2201 2390 2261 2445 ὃν
2304 2389 2605 2462 ηὐδόκησεν
2636 2390 2668 2459 ἡ
2704 2388 2849 2457 ψυχή
2886 2403 3018 2457 μου⁹
3041 2405 3059 2437 ι
3101 2385 3249 2450 οὔτε,
3294 2386 3374 2450 ὼς
3410 2388 3474 2439 σὺ
3508 2386 3760 2455 νενόηκας,

1782 328 2165 392 EUTHYMI-l
2206 326 2561 388 ZIGABENI

541 2483 722 2537 anima
752 2496 872 2537 mea
898 2498 929 2536 ι·
951 2499 969 2532 ι
996 2497 1173 2550 neque
1208 2480 1275 2535 de
1318 2481 1501 2533 anima
1542 2479 1824 2532 hominum
1860 2474 2124 2543 loquitur,

540 2584 681 2630 uttu
734 2575 952 2644 quidem
983 2573 1304 2628 existimas.
1347 2570 1500 2626 Orth.
1542 2569 1842 2640 lmproprie
1885 2567 2125 2621 animam

539 2665 689 2719 Patri
726 2665 892 2719 tribui
938 2664 1331 2721 concedamus,
1365 2661 1614 2731 nunquid
1644 2669 1697 2714 et
1726 2661 1793 2714 de
1833 2657 1973 2712 Filio
2018 2657 2125 2710 im-

541 2756 802 2827 proprie?
833 2753 1042 2808 Maced.
1068 2751 1456 2806 Etiam.'0rth.
1490 2750 1631 2815 Quid
1655 2750 1700 2804 si
1737 2756 1919 2803 autem
1962 2746 2125 2802 Pater

540 2851 704 2902 homo
727 2847 965 2911 dicatur,
1000 2854 1055 2899 et
1079 2846 1121 2899 si
1156 2844 1451 2914 improprie
1474 2843 1636 2897 Pater
1663 2842 1889 2905 dicitur,
1909 2855 2038 2894 num
2070 2846 2125 2894 et

540 2933 1033 3005 Filiusimpropric
1078 2934 1242 2987 homo
1291 2930 1784 2986 dicetur?Maced.
1824 2930 1932 2985 Ubi
1982 2928 2123 2985 seria

540 3040 689 3095 ptum
716 3034 800 3081 est
834 3023 1053 3078 Patrem
1100 3022 1400 3092 improprie
1439 3037 1564 3077 esse
1609 3021 1922 3076 hominem?
1963 3019 2121 3076 Orth.

2204 2480 2334 2552 περὶ
2365 2481 2465 2551 τῆς
2505 2478 2615 2531 τῶν
2655 2475 2956 2547 ἀνθρώπων
2982 2474 3159 2545 ψυχῆς
3192 2474 3366 2543 λέγει.
3406 2476 3549 2542 Ὀρθ.
3579 2475 3762 2544 Δῶμεν,

2204 2572 2284 2625 ὅτι
2328 2567 2779 2640 καταχρηστικῶς
2835 2565 3049 2637 εἴρηται
3097 2565 3225 2637 περὶ
3255 2565 3357 2619 τοῦ
3399 2566 3632 2637 Πατρόςσ
3673 2559 3764 2634 ἄρα

2204 2662 2300 2715 καὶ
2332 2660 2580 2732 περὶτοῦ
2614 2657 2741 2711 Υἱοῦ
2787 2656 3240 2728 καταχρηστικῶς
3278 2657 3533 2728 εζρηταις
3567 2653 3761 2711 Mazaei.

2204 2752 2331 2806 Ναί.
2374 2750 2527 2817 Ὀρθ.
2555 2748 2692 2801 ’Ἐὰν
2750 2743 2842 2800 οὖν
2876 2747 2971 2800 καὶ¹
3038 2746 3328 2819 ἄνθρωπος
3359 2748 3580 2819 λέγηται
3609 2748 3636 2799 6
3673 2746 3765 2798 [Ια-

2203 2844 2328 2916 τὴρ,
2371 2842 2824 2913 καταχρηστικῶς
2855 2840 3106 2912 εἴρηται·
3141 2840 3238 2893 καὶ
3281 2843 3338 2894 ει
3374 2842 3501 2912 περὶ
3538 2841 3629 2893 τοῦ
3667 2840 3770 2893 Πα-

2202 2935 2348 3006 τρὸς,
2388 2931 2495 3005 ἆρα
2547 2933 2643 2987 καὶ
2689 2933 2780 2987 τὸν
2820 2933 2947 2986 Υἰὸν
2998 2932 3461 3003 καταχρηστικῶς
3506 2932 3763 3002 ἄνθρωπον

2202 3025 2456 3097 λέξομεν;
2500 3024 2720 3081 Μακεδ.
2768 3023 2879 3078 Ποῦ
2916 3024 3227 3094 γέγραπται
3271 3020 3718 3094 καταχρηστικῶς
3743 3022 3769 3073 ὁ

536 3117 702 3172 Fiiius
918 3114 1035 3182 ipse
1066 3113 1121 3166 in
1159 3112 1475 3181 E‘vangeliis
1510 3111 1788 3166 hominem
1816 3111 1998 3181 ipsum
2031 3124 2121 3165 vo-

2202 3119 2392 3189 Πατὴρ
2464 3116 2785 3186 ἄνθρωπος;
2859 3117 3014 3184 Ὀρθ.
3088 3115 3262 3178 Αὐτὸς
3317 3117 3348 3169 6
3386 3115 3513 3176 Υἱὸς
3563 3114 3618 3167 ἐν
3670 3114 3767 3172 τοὶς

537 3209 647 3255 cat.
672 3201 882 3255 Maced.
925 3201 1131 3256 Locum
1174 3203 1311 3270 lege,
1346 3216 1456 3270 quo
1488 3200 1667 3270 ipsum
1702 3198 1986 3255 hominem
2027 3215 2121 3254 vo-

2202 3208 2553 3277 Εὐαγγελίοις
2594 3208 2748 3276 λέγει
2795 3207 2957 3261 αὐτὸν
3010 3206 3321 3277 ἄνθρωπον.
3366 3208 3585 3262 Haud.
3631 3205 3770 3259 Ἀνά-

536 3300 646 3349 cat.
670 3294 832 3350 Orth.
858 3294 1091 3360 Quando
1113 3318 1119 3328 ε
1145 3294 1299 3358 dicit,
1339 3311 1358 3344 ι
1390 3292 1824 3363 -ΙΙοιιιοεειιιίόειιιι
1854 3292 1985 3346 fecit
2014 3308 2121 3346 nu-

2201 3301 2369 3369 γνωθί
2412 3318 2502 3372 μοι
2542 3300 2643 3353 ποῦ
2678 3300 2840 3354 αὑτὸν
2881 3299 3027 3368 λέγει
3071 3298 3387 3370 ἄνθρωπον.
3431 3301 3583 3368 Ὀρθ.
3619 3300 3768 3350 Ὅταν

537 3387 681 3457 ptias
713 3385 820 3439 lilio
851 3400 952 3439 suo
980 3392 1024 3449 ³,
1054 3403 1072 3434 ι
1095 3385 1310 3453 qualem
1351 3383 1626 3439 hominem
1652 3381 1824 3437 dicit?
1858 3382 1921 3435 Et
1945 3397 2121 3452 quan-

2201 3392 2354 3463 λέγῃ,
2393 3411 2412 3441 ‹
2445 3390 2766 3462 ’Ἄνθρωπός
2797 3408 2881 3454 τις
2932 3389 3156 3461 ἐποίησε
3194 3390 3412 3462 γάμους
3446 3390 3523 3461 τῷ
3559 3388 3653 3460 υἱῷ
3685 3389 3767 3441 αὺ-

536 3480 607 3532 do
665 3478 817 3542 dicit,
853 3495 872 3525 ι
904 3476 1079 3531 Homo
1102 3477 1327 3546 quidam
1365 3477 1632 3545 plantavit
1670 3477 1908 3539 vineam,
1942 3484 1995 3530 et
2039 3475 2121 3529 lo-

2200 3483 2315 3547 τοῦ,
2339 3502 2357 3533 ι
2391 3483 2540 3535 ποῖον
2568 3481 2714 3549 λέγει
2746 3482 3065 3553 ἄνθρωπονς
3100 3481 3214 3535 Καὶ
3243 3482 3375 3535 ὅταν
3404 3482 3535 3552 λέγῃ
3556 3498 3569 3512 ·
3608 3498 3626 3532 ι
3657 3481 3765 3532 Ἂν·

537 3571 817 3623 caviteam
838 3568 1098 3640 agricolis
1122 3572 1165 3629 ³,
1199 3586 1216 3619 ι
1250 3569 1465 3638 qualem
1508 3567 1767 3635 intelligis
1800 3567 2121 3621 hominem!

2203 3573 2421 3643 Θρωπός
2447 3590 2532 3636 τις
2560 3572 2860 3641 ἐφύτευσεν
2893 3571 3214 3643 ἀμπελῶνα,
3256 3574 3354 3626 καὶ
3386 3572 3592 3639 ἐξέδοτο
3625 3570 3764 3623 αὐτὸν

536 3657 745 3714 Mat-ed.
792 3660 851 3714 In
897 3659 1160 3729 parabola
1194 3656 1625 3712 Patrem.'0rth.
1670 3658 1884 3728 Ergone
1930 3659 2117 3729 igitur,

2201 3668 2498 3736 γεωργοῖς,
2536 3683 2555 3718 ι
2615 3669 2767 3720 ποῖον
2828 3668 2967 3729 νοεῖς
3038 3664 3368 3736 ἄνθρωπον;
3428 3662 3643 3718 Μακεδ.
3692 3661 3766 3712 Ἐν

535 3766 659 3805 cum
692 3753 751 3806 in
788 3753 1066 3822 parabolis
1082 3750 1315 3805 ‘Patrem
1361 3749 1511 3803 dicat
1541 3750 1914 3815 bominem,et
1946 3751 2002 3804 in
2037 3765 2121 3806 ea-

2201 3756 2486 3827 παραόολῇ
2522 3756 2614 3809 τὸν
2652 3757 2904 3827 Πατέρα.
2971 3758 3125 3823 Ὄρθ.
3182 3753 3338 3827 Ἀρα
3367 3750 3483 3819 οὖν,
3516 3752 3689 3823 ἐπειδὴ
3716 3751 3763 3802 ἐν

533 3844 657 3898 dem
689 3844 777 3897 illa
809 3844 1068 3914 parabola
1106 3845 1345 3915 seipsum
1382 3843 1529 3898 dicat
1553 3843 1825 3897 hominem
1855 3850 1977 3913 post
2002 3858 2121 3897 ser-

2200 3850 2537 3921 παραόολαῐς
2592 3849 2682 3903 τὸν
2724 3849 2957 3920 Πατέρα
3012 3849 3163 3918 λέγει
3210 3849 3531 3921 ἄνθρωπον,
3583 3846 3671 3899 καὶ
3716 3845 3764 3896 ἐν

532 3950 632 3990 vos
654 3932 1334 4005 niissum,'Filiumipsnm
1376 3934 1673 4004 improprie
1715 3933 1991 3987 hominem
2038 3931 2119 3985 fa-

2200 3942 2339 4012 αὑτῇ
2386 3943 2451 4011 τῇ
2503 3940 2787 4013 παραϐολῇ
2841 3942 2937 3994 καὶ
2979 3941 3170 3994 ἑαυτὸν
3222 3940 3463 4012 Χριστὸν
3509 3937 3764 4006 ἄνθρωπον

534 4036 685 4082 ctum
741 4027 913 4082 luisse
972 4025 1315 4081 dixerimus?
1356 4024 1564 4080 Maced.
1628 4024 1804 4079 Absit.
1834 4023 2006 4078 (Mli.
2061 4024 2120 4077 Si

2205 4029 2345 4100 μετὰ
2390 4030 2516 4092 τοὺς
2547 4028 2771 4093 δούλους
2803 4030 3235 4100 ἀπεσταλμένον,
3288 4030 3540 4099 εἴποιμεν
3586 4027 3648 4080 ἂν
3684 4025 3767 4077 καὶ

533 4135 663 4190 ergo
687 4118 1023 4174 audierimus
1043 4119 1236 4174 faciem
1267 4116 1469 4183 Patris,
1496 4132 1661 4188 quam
1690 4130 1983 4187 puerorum
2002 4130 2107 4167 an-

2202 4119 2363 4173 αὑτὸν
2410 4119 2502 4173 τὸν
2561 4120 2689 4174 Υιὺν
2741 4119 3197 4191 καταχρηστικῶς
3266 4117 3763 4191 ὲνηνθρωπηκέναις

532 4212 636 4282 geli
671 4211 1126 4266 videntzsi‘item
1172 4209 1516 4265 audierimus
1557 4209 1751 4264 faciem
1798 4206 1947 4271 Filii,
1995 4223 2119 4277 quze

2200 4207 2421 4262 Μακεδ.
2475 4209 2567 4279 Μὴ
2619 4208 2863 4277 γένοιτοι
2934 4210 3110 4278 Ὀρθ.
3168 4211 3298 4263 Ἐὰν
3360 4210 3419 4263 δὲ
3456 4207 3766 4276 ἀκούσωμεν

532 4306 590 4357 in
618 4311 802 4357 monte
822 4302 1187 4371 resplenduit,
1226 4310 1281 4357 et
1308 4316 1485 4371 quam
1530 4300 1781 4355 minister
1827 4299 2113 4354 Pontificis

2202 4299 2493 4370 πρόσωπον
2518 4300 2749 4373 Πατρὸς,
2774 4300 2803 4355 ὅ
2836 4300 3125 4371 βλέπουσιν
3150 4301 3374 4370 ἄγγελοι
3403 4301 3512 4354 τῶν
3543 4298 3765 4356 παιδίων.

536 4393 813 4463 percussit
837 4411 850 4445 :
886 4393 1032 4447 itane
1057 4392 1277 4462 propria
1311 4392 1602 4460 utrobique
1622 4391 2018 4462 significatione
2036 4388 2116 4443 fa-

2202 4392 2277 4456 ὡς
2327 4385 2773 4461 ὲνΕὺαγγενλίοις
2819 4394 3164 4465 γέγραπται·
3215 4394 3544 4465 ἁκοῦσωμεν
3584 4392 3637 4446 δὲ
3688 4388 3766 4443 καὶ

2145 4440 2185 4492 D
2205 4440 2499 4556 πρόσωπον
2538 4440 2688 4548 Ῠὶοῦ,
2737 4440 2770 4538 ἑ
2797 4440 3037 4556 debilia
3079 4488 3137 4538 ὲν
3187 4440 3765 4556 hippi-

535 4485 671 4538 ciem
702 4483 1054 4552 accipiemus,
1086 4493 1180 4538 aut
1200 4485 1341 4538 hanc
1360 4483 1583 4553 quidem
1609 4481 1859 4551 corporis
1894 4480 2112 4547 faciem,

531 4578 681 4631 illam
714 4576 1008 4647 improprie
1036 4576 1433 4645 appellabimus
1467 4574 1683 4636 faciem,
1702 4588 1824 4643 qua:
1841 4572 2115 4644 esthypo-

2203 4596 2360 4633 πισεν
2394 4582 2422 4631 6
2450 4580 2728 4651 ὑπηρέτης
2749 4596 2764 4611 ’
2795 4579 2970 4643 οὕτως
3015 4577 3322 4649 ἀκούσομεν
3371 4579 3483 4632 τῶν
3529 4589 3766 4648 σημαινο-

2207 4668 2417 4739 μένων;
2446 4668 2479 4739 ἢ
2517 4668 2579 4722 τὸ
2613 4669 2713 4739 μὲν
2758 4668 3007 4740 σώματος
3056 4668 3385 4738 πρόσωπον,
3419 4669 3483 4721 τὸ
3518 4667 3573 4720 δὲ
3616 4677 3763 4717 κατα-

536 4669 745 4725 stasis?
780 4667 987 4723 Maced.
1016 4667 1277 4722 Omnium
1306 4681 1585 4721 consensu
1612 4665 1771 4721 aliter
1792 4664 1961 4728 Patri,
2006 4664 2113 4718 ali-

533 4769 616 4815 ter
662 4759 801 4813 Filio
846 4759 1128 4813 tribuitur.
1185 4756 1338 4813 Orth.
1373 4755 1492 4811 Non
1547 4771 1680 4826 ergo
1716 4755 1763 4811 si
1810 4756 2115 4825 improprie

2204 4759 2514 4831 χρηστικῶς
2533 4761 2871 4831 ὀνομάσομεν
2893 4760 3203 4830 πρόσωπον,
3230 4762 3259 4813 ὅ
3286 4761 3440 4813 ἐστιν
3461 4759 3764 4816 ὑπόστασις

533 4853 713 4906 anima
744 4852 913 4915 Patri,
948 4852 1212 4906 continuo
1236 4860 1289 4905 et
1311 4849 1449 4903 Filio
1480 4849 1781 4918 improprie
1824 4849 2109 4901 tribuitur.

2204 4845 2425 4900 Μακεδ.
2463 4846 2939 4918 Ὀμολογουμένως
2966 4847 3141 4912 ἄλλως
3165 4844 3263 4901 ’ἐπὶ
3296 4848 3399 4901 τοῦ
3426 4847 3652 4918 Πατρὸς,
3686 4841 3764 4895 καὶ

533 4944 630 4999 Est
658 4945 773 4997 haec
792 4942 1215 4998 Manichaeorum
1252 4942 1469 4998 insania
1504 4982 1517 5004 ,
1551 4941 1749 4997 docere
1772 4940 1972 4995 Filium
2014 4939 2109 4994 Dei

2204 4937 2379 5001 ἄλλως
2425 4940 2517 4991 ἐπὶ
2549 4937 2642 4991 τοῦ
2678 4937 2831 4996 Υἱοῦ.
2876 4940 3028 5007 Ὀρθ.
3075 4940 3189 4993 Οὐκ
3238 4939 3371 5011 ἄρα,
3406 4939 3502 4993 καὶ
3545 4940 3591 4991 εἰ
3652 4932 3762 5005 περὶ

529 5052 641 5090 non
674 5034 842 5089 fuisse
867 5036 1142 5089 hominem
1176 5034 1403 5089 factum.
1432 5033 1643 5088 Maced.
1677 5033 1969 5087 Hominem
1984 5048 2109 5087 eum

2204 5028 2299 5082 τοῦ
2338 5029 2548 5099 Πατρὸς
2589 5029 3044 5100 καταχρηστικῶς
3094 5030 3309 5101 εἴρηται
3360 5030 3541 5101 ψυχὴ,
3572 5028 3760 5086 πάντως

530 5127 735 5180 factum
760 5124 1129 5187 conﬁtemur;
1164 5125 1261 5179 sed
1299 5127 1539 5178 animam
1587 5123 1959 5192 assumpsisse
2000 5138 2109 5176 non

2206 5122 2299 5174 καὶ
2334 5120 2460 5189 περὶ
2501 5118 2596 5173 τοῦ
2645 5120 2808 5175 Υἱοῦ’
2853 5122 3169 5191 Μανιχαίων
3202 5122 3312 5194 γὰρ
3343 5122 3485 5193 αὕτη
3517 5123 3547 5192 ἡ
3588 5116 3759 5191 μανίαν

528 5219 680 5272 item.
720 5216 874 5271 Orth.
919 5214 1036 5269 Non
1094 5215 1369 5269 hominem
1404 5217 1581 5271 solum
1627 5215 1739 5277 dic,
1778 5214 1871 5268 sed
1906 5219 1959 5266 et
1990 5226 2114 5265 car-

2205 5211 2265 5263 τὸ
2296 5209 2471 5277 λέγειν
2505 5208 2578 5280 μὴ
2630 5210 3113 5283 ὲνηνθρωπηκέναι
3165 5211 3258 5264 τὸν
3311 5211 3446 5264 Υἱὸν
3488 5208 3577 5263 τοῦ
3624 5201 3755 5258 Θεοῦ.

529 5325 651 5366 nem
678 5309 904 5363 factum.
934 5306 1122 5377 Neque
1154 5308 1304 5361 enim
1348 5309 1510 5362 homo
1553 5307 1731 5361 factus
1765 5314 1867 5366 est,
1900 5304 1946 5357 si
1986 5317 2111 5357 cor-

2205 5302 2428 5356 Μακεδ.
2466 5301 2976 5374 Ἐνηνθρωπηκέναι
3014 5301 3274 5373 λέγομεψ
3310 5302 3426 5355 ἀλλ’
3454 5301 3570 5371 οὐχὶ
3604 5294 3759 5367 ψυχὴν

527 5419 629 5471 pus
682 5402 984 5455 animatum
1025 5415 1137 5454 non
1186 5400 1507 5469 assumpsit.
1552 5396 1760 5451 Maced.
1818 5396 1957 5462 Quid
1996 5394 2112 5447 ita?

2207 5393 2504 5463 εἰληφέναι.
2547 5394 2698 5460 Ὀρθ.
2749 5393 2841 5464 Μὴ
2881 5391 3006 5463 λέγε
3067 5394 3550 5467 ὲνηνθρωπηκέναι
3599 5389 3753 5460 μόνον,

530 5494 683 5549 ΟνιΙι.
707 5495 845 5560 Quia
879 5508 1081 5563 corpus
1118 5493 1391 5555 exanime,
1424 5491 1567 5560 quod
1599 5490 1667 5543 ab
1700 5491 1895 5543 animae
1938 5488 2110 5540 ratio-

2207 5486 2343 5542 ἀλλὰ
2383 5485 2477 5540 καὶ
2511 5486 2902 5558 σεσαρκῶσθαι.
2942 5488 3005 5540 Ei
3038 5486 3147 5557 γὰρ
3177 5488 3276 5541 οὐκ
3307 5486 3499 5541 ἐλαϐεν
3543 5481 3753 5553 ἔμψυχον

529 5585 669 5639 nalis
699 5584 1087 5638 communione
1131 5581 1444 5651 scjunctum
1479 5588 1584 5645 est,
1631 5596 1738 5633 non
1773 5586 1861 5633 est
1907 5593 2108 5646 cmpus

2210 5578 2388 5647 σῶμα,
2423 5576 2545 5630 οὐδὲ
2589 5577 2997 5649 ὲνηνθρώπησε.
3047 5579 3269 5633 Μακεδ.
3328 5577 3429 5631 Διὰ
3464 5575 3547 5639 ti;
3617 5568 3749 5635 Ὀρθ·

613 5794 629 5825 ί
672 5792 811 5847 l’sal.
848 5812 958 5858 xu,
994 5795 1053 5847 Π
1099 5796 1179 5849 19.
1259 5798 1277 5825 ¹
1308 5795 1409 5847 isa.
1452 5810 1581 5861 xui,
1626 5794 1674 5845 ι.
1746 5793 1765 5823 ³
1805 5790 1991 5847 Matth.
2032 5807 2115 5846 ut

2197 5788 2247 5843 Ξ.
2320 5790 2338 5818 δ
2371 5787 2557 5843 Matth.
2593 5800 2706 5855 ut,
2733 5786 2816 5840 35.
