4094 6300
401 415 506 480 881

1354 427 1734 521 PANOPLIA
1773 428 2232 490 DOGMATICA.
2273 453 2340 466 --
2369 429 2522 492 TIT.
2565 429 2720 490 XIV.

3554 431 3658 496 882

400 557 526 614 Ὅτι
559 557 716 630 σῶμα
745 559 973 632 ἄψυχον,
998 562 1060 616 τὺ
1094 563 1169 636 μὴ
1199 568 1534 640 κοινωνῆσαν
1575 571 1720 642 ψυχῇ
1765 571 1964 644 λογικῇ

2079 575 2400 629 humanum.
2433 572 2545 628 Cur
2561 580 2744 628 autem
2763 573 2938 628 instar
2965 590 2988 624 ι
3010 570 3218 643 aspidis
3228 571 3412 627 surdae
3426 579 3480 626 et
3499 569 3662 624 obtu-

394 649 502 703 οὐκ
541 649 688 703 ἐστιν
727 650 1063 723 ἀνθρώπινον
1102 655 1278 726 σῶμα.
1319 658 1446 723 Πῶς
1492 659 1564 712 δὲ.
1599 660 1675 723 ὡς
1711 680 1729 712 ι
1756 663 1982 728 ἀσπίδος

396 742 592 812 κωφῆς
635 743 729 796 καὶ
772 742 1008 816 βυούσης
1052 745 1123 799 τά
1168 743 1282 802 ὦτα
1333 751 1523 819 αὐτῆς,
1566 751 1688 821 ἥτις
1718 754 1820 806 οὐκ
1866 757 1979 807 εισ-

395 831 698 886 ακούσεται
730 835 913 905 φωνῆς
960 836 1274 906 ὲπᾴδοντος,
1321 859 1339 891 ι
1385 840 1557 904 οὕτως
1601 842 1830 896 ἀκούετε
1885 843 1978 897 τοῦ

397 922 613 994 Πέτρου
642 924 890 993 λέγοντος
912 926 969 980 ὲν
992 931 1111 992 ταῖς
1126 930 1363 1000 Πράξεσι
1387 931 1496 984 τῶν
1529 933 1860 996 ἀποστόλων,
1897 936 1978 987 ὅτι

402 1032 423 1065 ι
444 1013 626 1086 Οῧτεή
644 1015 790 1088 ψυχὴ
812 1017 977 1071 αὐτοῦ
1009 1020 1335 1092 κατελείφθη
1364 1023 1444 1085 είς
1468 1022 1617 1094 ᾅδου,
1645 1024 1767 1078 οὔτε
1794 1026 1978 1096 ἠσάρξ

392 1107 566 1160 αὑτοῦ
629 1103 738 1162 οἶδε
794 1109 1126 1182 διαφθοράνς
1183 1113 1293 1167 Καὶ
1348 1115 1378 1166 ὁ
1431 1119 1714 1188 προφήτης
1754 1120 1980 1184 Ἡσαΐας

393 1197 531 1269 βοᾷ·
579 1218 596 1250 ι
636 1199 762 1252 Ἑάν
802 1199 937 1254 δῶτε
970 1203 1102 1273 περὶ
1135 1202 1407 1275 ἁμαρτίας
1445 1205 1543 1276 τὴν
1581 1205 1757 1278 ψυχὴν
1801 1208 1974 1278 ὑμῶν,

388 1289 590 1358 ὄψεσθε
622 1290 840 1360 σπέρμα
869 1291 1217 1363 μακρόϐιον.»
1252 1296 1362 1348 Καὶ
1389 1296 1735 1366 βουλεύσεται
1771 1299 1976 1370 Κύριος

390 1382 458 1432 ὲν
491 1382 629 1451 χειρὶ
672 1381 834 1435 αὐτοῦ
870 1383 1088 1452 ἀφελεῖν
1128 1385 1222 1438 τοῦ
1255 1387 1420 1440 πόνου
1452 1388 1551 1458 τῆς
1582 1388 1760 1458 ψυχῆς
1789 1391 1974 1453 αὐτοῦ,

389 1471 565 1537 δεῖξαι
592 1472 740 1542 αὐτῷ
770 1472 904 1542 φῶς,
941 1476 1035 1527 καὶΙ
1067 1475 1268 1530 πλάσαι
1314 1479 1381 1548 τῇ
1427 1479 1657 1544 συνέσει,
1685 1480 1978 1536 δικαιῶσαι

389 1560 601 1615 δίκαιον
634 1557 693 1614 εὖ
744 1563 1059 1619 δουλεύοντα
1115 1568 1330 1632 πολλοῖς
1350 1586 1364 1601 ο
1417 1572 1512 1623 καὶ
1556 1571 1654 1634 τὰς
1703 1572 1977 1644 ἁμαρτίας

389 1651 572 1706 αὐτῶν
604 1653 764 1717 αὐτὸς
809 1654 1031 1709 ἀνοίσει.
1065 1657 1164 1712 Διά
1190 1659 1347 1713 τοῦτο
1374 1661 1535 1724 αὐτὸς
1578 1661 1976 1734 κληρονομήσει

389 1742 655 1810 πολλοὺς,
702 1746 798 1798 καὶ
841 1745 950 1800 τῶν
1001 1749 1234 1821 ἰσχυρῶν
1272 1753 1452 1822 μεριεῖ
1503 1752 1692 1806 σκῦλα.
1734 1753 1873 1806 ’Δνθ’
1901 1748 1977 1807 ὧν

393 1833 666 1906 παρεδόθη
711 1837 792 1899 εἰς
843 1836 1072 1892 θάνατον
1125 1842 1158 1911 ἡ
1211 1840 1357 1912 ψυχὴ
1413 1843 1601 1908 αὑτοῦ,
1632 1846 1724 1898 καὶ
1773 1846 1832 1898 ὲν
1862 1848 1976 1908 τοῖς

389 1921 614 1991 ἀνόμοις
658 1923 942 1996 ἐλογίσθη,
980 1929 1073 1982 καὶ
1114 1930 1276 1993 αὐτὸς
1309 1932 1580 2004 ἁμαρτίας
1625 1935 1833 1989 πολλῶν
1876 1938 1973 1990 ἀν-

387 2013 610 2083 ήνεγκε,
658 2016 752 2068 καὶ
809 2017 898 2071 διὰ
948 2020 1046 2091 τὴς
1097 2021 1324 2093 ἀνομίας
1381 2025 1560 2079 αὐτῶν
1626 2027 1917 2099 παρεδόθη.
1944 2049 1964 2081 ι

375 2103 614 2176 ,Μακεᾶ
654 2107 764 2158 Καὶ
795 2109 958 2178 ἡμεῖς
994 2108 1171 2180 ἴσμεν,
1217 2112 1298 2165 ὅτι
1341 2115 1604 2186 πολλαχοῦ
1653 2119 1866 2189 εἴρηται
1911 2120 1970 2173 ἐν

384 2196 459 2268 τῇ
503 2195 714 2268 Γραφῇ,
765 2199 848 2254 ὅτι
894 2199 1073 2275 ψυχὴν
1118 2201 1294 2276 εἶχεν⁹
1326 2206 1464 2261 ἀλλὰ
1515 2209 1970 2280 καταχρηστικῶς

392 2302 633 2372 εἴρηται,
696 2303 789 2356 καὶ
835 2303 936 2357 οὐκ
979 2302 1233 2373 ἀληθείᾳ.
1300 2303 1452 2369 Ὀρθ.
1498 2300 1683 2353 Πάντα
1729 2294 1820 2352 οὖν
1869 2299 1970 2351 ὅσα

387 2391 603 2463 εἴρηται
647 2393 771 2463 περὶ
802 2392 966 2447 αὐτοῦ
1007 2393 1342 2465 ἀνθρώπινα,
1369 2388 1480 2446 οἷον
1524 2391 1700 2462 ἀκοὴ,
1752 2391 1965 2461 ὅρασις,

384 2481 675 2553 ϐσφρησις,
704 2483 877 2554 φωνὴ,
893 2483 1099 2552 γεῦσις,
1112 2484 1270 2536 ἐπιθυ
1277 2485 1394 2554 μία,
1409 2483 1574 2555 λύπη,
1591 2482 1816 2554 θάμϐος,
1847 2484 1969 2553 ἁδηο

387 2573 568 2644 μονία,
610 2574 931 2643 περίπατος,
970 2574 1426 2647 καταχρηστικῶς
1459 2575 1674 2646 εἴρηται
1695 2615 1710 2641 ,
1743 2575 1837 2627 καὶ
1869 2575 1967 2627 οὐκ

381 2662 642 2733 ἀληθείᾳ;
675 2665 897 2718 Μακεδ.
934 2665 1118 2719 Πάντα
1150 2665 1322 2718 ταῦτα
1347 2665 1419 2718 τά
1443 2665 1812 2735 προειρημένα
1843 2664 1970 2731 ἀλη-

382 2753 496 2814 θῶς
526 2755 758 2826 εἴρηται,
783 2755 927 2828 ψυχὴ
957 2758 1014 2809 δὲ
1049 2754 1522 2829 καταχρηστικῶς.
1579 2757 1731 2823 Ὀρθ.
1783 2755 1893 2809 Καὶ
1937 2755 1967 2806 ὁ

380 2837 1011 2908 καταξιώσαςκοπιῶντι
1038 2847 1114 2918 τῷ
1147 2847 1380 2918 σώματι,
1407 2849 1501 2902 καὶ
1527 2847 1586 2913 ἐξ
1617 2846 1840 2910 ὀστέων,
1875 2846 1968 2900 καὶ

379 2934 614 3004 νεύρων,
643 2937 737 2989 καὶ
770 2936 1003 3006 φλεϐῶν,
1029 2939 1124 2991 καὶ
1143 2937 1436 3010 ἀρτηριῶν,
1458 2938 1554 2990 καὶ
1589 2937 1763 2991 ἄλλων
1791 2936 1967 3006 μελῶν

379 3024 476 3079 τοῦ
497 3025 743 3096 σώματος
763 3028 854 3080 καὶ
876 3028 1054 3098 μερῶν
1076 3029 1414 3098 συμπαγέντι
1434 3028 1720 3097 ὲνωθῆναι,
1737 3029 1836 3081 οὐκ
1851 3023 1967 3098 εἶχε

376 3115 590 3187 ψυχήν;
625 3117 842 3172 Μακεδ.
866 3119 931 3170 Τί
963 3119 1150 3190 χρείαν
1187 3116 1297 3188 εἶχε
1328 3118 1505 3189 ψυχῆς
1535 3120 1567 3189 ὴ
1602 3120 1760 3188 Ζωή;
1807 3120 1962 3186 Ὀρθ.

2005 1897 2048 1953 Β

2081 665 2256 722 rantis
2277 680 2438 721 aures
2471 681 2624 730 sitas,
2656 680 2777 735 quae
2806 679 2915 718 non
2951 663 3209 729 exaudiet
3237 678 3426 718 vocem
3467 662 3662 716 incan-

2081 757 2250 813 tantis
2279 763 2323 822 ⁸,
2344 777 2362 808 ι
2399 759 2474 811 ita
2498 773 2596 812 vos
2629 764 2683 813 et
2708 755 2930 811 Petrum
2972 755 3198 819 auditis,
3240 755 3295 808 in
3327 754 3484 808 Actis
3531 767 3663 822 apo-

2081 849 2346 903 stolorum
2374 848 2682 905 dicentem:
2710 868 2728 900 ι
2759 847 2876 904 Non
2908 848 3226 904 derelictam
3252 862 3376 902 esse
3405 847 3546 917 apud
3573 847 3662 901 in-

2080 941 2226 997 feros
2253 942 2488 996 animam
2521 941 2660 1011 ejus,
2688 957 2866 1011 neque
2886 955 3108 996 carnem
3134 940 3256 1009 ejus
3280 939 3524 995 sensisse
3547 953 3666 992 cor-

2079 1034 2421 1102 ruptionem’
2452 1034 2474 1087 ?
2507 1053 2525 1085 ι
2568 1043 2622 1088 et
2668 1034 2866 1088 Isaiam
2890 1033 3225 1088 clamantem
3263 1047 3277 1084 :
3311 1050 3329 1083 ι
3365 1030 3424 1084 Si
3455 1030 3664 1085 dabitis

2079 1139 2179 1194 pro
2213 1132 2439 1194 peccato
2465 1124 2706 1178 animam
2742 1131 2999 1188 vestram,
3023 1121 3278 1178 videbitis
3314 1136 3508 1178 semen
3536 1123 3662 1174 lon-

2080 1231 2312 1286 gzevum.
2347 1215 2413 1268 Et
2443 1216 2556 1270 vult
2581 1215 2848 1270 Dominus
2881 1215 2934 1269 in
2964 1229 3129 1269 manu
3152 1215 3274 1283 ejus
3295 1213 3516 1269 auferre
3565 1214 3661 1269 do-

2080 1307 2248 1360 larem
2281 1307 2477 1361 animm
2505 1307 2645 1376 ejus,
2676 1305 2968 1361 ostendere
3001 1307 3050 1359 ei
3085 1306 3284 1368 lucem,
3323 1311 3377 1359 et
3418 1303 3657 1360 formare

2078 1395 2513 1467 intelligentiam,
2559 1397 2906 1450 innocentem
2976 1395 3189 1456 eﬂicere
3239 1395 3473 1463 justum,
3521 1393 3660 1446 bene

2079 1485 2406 1541 servientem
2438 1486 2664 1552 multis;
2697 1493 2753 1540 et
2786 1494 3008 1556 peccata
3030 1500 3219 1539 eorum
3245 1484 3360 1553 ipse
3393 1483 3657 1552 portabit.

2077 1575 2424 1646 Quapropter
2453 1577 2570 1646 ipse
2600 1577 2904 1647 possidebit
2935 1577 3160 1639 multos,
3209 1587 3262 1630 et
3299 1575 3522 1629 fortium
3569 1567 3658 1630 di—

2077 1670 2229 1724 videt
2262 1671 2460 1740 Spolia.
2497 1669 2605 1725 Pro
2623 1685 2690 1724 eo
2719 1679 2900 1726 autem
2933 1670 3080 1739 quod
3106 1670 3307 1725 tradita
3329 1669 3485 1724 estin
3508 1683 3659 1722 mor-

2077 1771 2184 1816 tem
2212 1762 2394 1816 anima
2437 1761 2582 1832 ejus.
2615 1770 2670 1817 et
2701 1763 2844 1817 inter
2885 1762 3107 1832 iniquos
3148 1770 3434 1831 reputatus
3475 1769 3576 1828 est,
3602 1771 3658 1816 et

2075 1850 2191 1920 ipse
2215 1859 2440 1918 peccata
2472 1851 2769 1905 multorum
2803 1851 2949 1914 tulit,
2987 1859 3041 1906 et
3079 1860 3302 1922 propter
3333 1852 3656 1922 iniquitates

2071 1957 2260 1998 eorum
2314 1941 2546 1998 traditus
2589 1951 2674 2000 est
2706 1947 2746 1998 ³.
2777 1963 2796 1995 ι
2845 1942 3057 1998 Maced.
3122 1943 3340 2000 Scimus
3391 1958 3537 2014 saepe
3597 1945 3653 1998 in

2079 2033 2364 2105 Scriptura
2391 2036 2525 2099 dici,
2560 2037 2740 2106 ipsum
2774 2035 2975 2091 habere
3003 2037 3270 2102 animam,
3306 2035 3400 2093 sed
3447 2038 3654 2106 impro-

2074 2127 2213 2198 prie,
2287 2141 2398 2182 non
2439 2143 2612 2193 .vere,
2667 2127 2871 2182 dictum
2921 2137 3025 2185 est.
3092 2127 3245 2184 Orth.
3301 2129 3653 2197 Quacunquo

2076 2219 2246 2289 igitur
2272 2218 2510 2273 humana
2541 2218 2607 2274 de
2638 2218 2758 2288 ipso
2794 2228 2926 2273 sunt
2955 2220 3124 2284 dicta,
3171 2221 3354 2290 qualia
3387 2229 3516 2276 sunt
3551 2233 3652 2274 au-

2076 2311 2253 2376 ditus,
2281 2310 2458 2375 visus,
2489 2309 2744 2370 olfactus,
2779 2324 2906 2370 vox,
2935 2319 3151 2377 gustus,
3179 2305 3652 2376 concupiscentia,

2073 2403 2251 2467 dolor,
2289 2410 2502 2471 stupor,
2533 2401 2801 2464 anxietas,
2833 2399 3224 2463 obambulatio,
3253 2400 3501 2464 ﬁgurate,
3537 2412 3649 2452 non

2074 2495 2316 2565 proprie,
2361 2493 2507 2548 dicta
2543 2491 2788 2546 fuerint?
2817 2489 3027 2544 Maced.
3075 2490 3188 2544 lmo
3231 2504 3296 2544 ea
3321 2504 3444 2559 quae
3487 2489 3648 2544 modo

2075 2588 2351 2643 recensita
2380 2592 2532 2650 sunt,
2565 2585 2754 2640 omnia
2782 2585 3004 2655 proprie
3027 2583 3135 2654 ipsi
3157 2591 3476 2652 competunt
3509 2598 3524 2636 :
3549 2582 3648 2636 sed

2073 2685 2258 2738 anima
2280 2682 2600 2753 improprie.
2633 2680 2786 2736 Ortlt.
2821 2679 3094 2734 Nimirum
3119 2678 3211 2747 qui
3239 2677 3314 2731 illi
3350 2675 3644 2740 laboranti,

2074 2785 2251 2839 exque
2301 2768 2566 2832 ossibus,
2629 2766 2837 2827 nervis,
2899 2765 3076 2826 venis,
3131 2761 3348 2816 arteriis
3416 2759 3648 2826 aliisque

2073 2857 2337 2913 membris
2379 2863 2434 2911 et
2495 2854 2750 2924 partibus
2797 2860 3085 2920 compacto
3130 2848 3350 2917 corpori
3383 2861 3442 2902 se
3490 2845 3648 2900 linire

2071 2948 2332 3019 dignatus
2357 2955 2465 3010 est,
2500 2947 2550 3002 is
2568 2946 2810 3000 animam
2833 2959 2944 2998 non
2975 2940 3206 2996 habuit?
3233 2939 3288 2992 Μ
3297 2938 3440 2994 aced.
3468 2937 3656 3004 Quor--

2071 3057 2192 3097 sum
2210 3039 2333 3094 Vita
2358 3053 2497 3108 opus
2517 3037 2707 3092 habuit
2723 3036 2945 3090 anima?
2975 3033 3128 3090 Ortli.
3148 3032 3213 3086 Et
3235 3031 3364 3102 quid
3387 3046 3551 3085 carne
3565 3029 3646 3083 illi

2069 3146 2210 3201 opus
2237 3129 2360 3192 fuit,
2386 3127 2478 3197 qui
2520 3126 2769 3196 patribus
2808 3125 3018 3179 nostris
3040 3123 3200 3177 etiam
3231 3121 3438 3191 absque
3476 3135 3645 3174 carne

377 3208 444 3259 Τί
471 3209 526 3260 δὲ
545 3209 733 3280 χρείαν
771 3205 885 3280 εἶχε
927 3211 1026 3280 τῆς
1056 3210 1277 3282 σαρκὸς,
1321 3213 1348 3262 ὁ
1381 3211 1510 3264 ἄνευ
1545 3209 1748 3280 σαρκὸς
1779 3209 1964 3277 ὀφθεὶς

2071 3223 2223 3277 visus
2254 3220 2375 3280 est?
2400 3217 2612 3272 Maced.
2643 3216 2823 3271 Carne
2865 3231 3004 3286 opus
3039 3213 3256 3276 habuit,
3302 3219 3360 3266 ut
3395 3209 3643 3282 ει·υείῆεί

377 3301 517 3372 πρὸς
561 3303 687 3365 τοὺς
719 3303 962 3374 πατέρας
989 3301 1183 3372 ήμῶν;
1223 3301 1444 3355 Μακεδ.
1491 3301 1584 3363 Εἰς
1627 3298 1687 3353 τὸ
1721 3316 1964 3371 σταυρω-

2073 3319 2278 3384 posset.
2314 3309 2468 3366 Orth.
2520 3308 2612 3363 Sic
2656 3308 2840 3362 anima
2879 3321 3019 3378 opus
3068 3304 3282 3368 habuit,
3331 3312 3397 3358 ut
3436 3302 3639 3369 dolere,

376 3392 536 3463 θῆναι
561 3394 749 3465 χρείαν
787 3389 900 3463 εἶχε
935 3393 1159 3464 σαρκός.
1223 3393 1376 3459 Ὄρθ.
1429 3393 1540 3445 Καὶ
1573 3393 1654 3454 εἰς
1679 3390 1741 3443 τὺ
1792 3390 1966 3460 λυπη-

375 3488 558 3559 θῆναι,
595 3489 687 3541 καὶ
737 3487 1096 3558 ἀδημονῆσαι,
1145 3486 1240 3540 καὶ
1295 3483 1729 3554 ὲκθαμϐηθῆναι,
1763 3483 1857 3536 καὶ
1905 3483 1963 3536 ὲν

376 3577 507 3648 ᾅδου
551 3576 823 3647 γενέσθαι,
855 3577 1042 3648 χρείαν
1085 3572 1200 3647 εἶχε
1230 3575 1430 3646 ψυχῆς.
1481 3576 1651 3628 Τοῦτο
1687 3576 1796 3646 γάρ
1845 3577 1962 3627 ὲστι

382 3669 450 3722 τὸ
484 3669 967 3740 μορφὴν-δούλου
991 3666 1216 3734 λαϐὼν,
1246 3668 1306 3721 οὐ
1344 3668 1405 3721 τὸ
1437 3669 1495 3721 ὲν
1532 3667 1744 3738 σώματι
1787 3668 1961 3736 φανῆ-

375 3779 462 3814 ναι
493 3761 673 3832 μόνον,
700 3759 836 3814 ἀλλὰ
862 3759 955 3812 καὶ⁸
979 3759 1040 3811 τὸ
1081 3759 1150 3812 τὰ
1175 3759 1322 3831 πάθη
1350 3760 1448 3829 τῆς
1474 3757 1716 3821 δουλείας
1744 3757 1952 3812 λαϐεῖν.

372 3853 597 3908 Μακεδ.
643 3851 876 3923 Μορφὴν
904 3850 1089 3905 δούλου
1113 3849 1294 3915 ἔλαϐε,
1338 3849 1518 3921 σάρκα
1569 3848 1768 3903 λαϐών.
1805 3849 1958 3916 Ὀρθ.

381 3943 452 3996 Ἦ
474 3942 658 4014 μορφὴ
685 3942 779 3996 τοῦ
803 3941 937 3997 Θεοῦ
966 3943 1144 3997 τελεία
1178 3944 1292 3996 ἐστὶ
1317 3942 1500 4015 μορφὴ
1531 3941 1663 3996 Θεοῦ
1687 3959 1700 4008 ;
1734 3941 1957 3997 Μακεδ.

380 4035 512 4089 Ναί.
573 4036 725 4102 Ὀρθ.
775 4035 887 4089 Καὶ
935 4037 967 4106 ἡ
1037 4035 1218 4106 μορφὴ
1267 4033 1374 4104 ἄρα
1424 4033 1518 4087 τοῦ
1551 4033 1733 4086 δούλου
1783 4033 1962 4085 τελεία

377 4124 559 4196 μορφὴ
585 4125 677 4178 τοῦ
712 4125 898 4179 δούλου
938 4125 1074 4178 ἐστί.
1105 4125 1203 4178 Διά
1249 4123 1409 4177 τοῦτο
1447 4122 1556 4193 γὰρ
1585 4124 1679 4176 καὶ
1729 4122 1958 4194 θάμϐος,

373 4215 468 4270 καὶ
515 4215 697 4287 λύπη,
743 4217 838 4269 καὶ
880 4215 1176 4286 ἀδημονία,
1217 4215 1306 4270 διὰ
1346 4215 1408 4268 τὸ
1444 4215 1652 4269 τελείαν
1692 4211 1832 4268 εἶναι
1863 4216 1960 4287 τὴν

371 4304 464 4360 τοῦ
508 4306 692 4360 δούλου
731 4307 966 4378 μορφήν.
1010 4306 1122 4359 Καὶ
1174 4305 1334 4360 τοῦτό
1384 4308 1499 4360 ἐστι
1547 4307 1608 4358 τὸ
1661 4306 1955 4380 πρόϐατον,

369 4397 399 4452 ὃ
443 4398 684 4471 ζητήσας
732 4401 826 4453 καὶ
882 4398 1080 4471 εὑρὼν,
1127 4399 1222 4453 ἐπὶ
1271 4400 1379 4455 τῶν
1411 4399 1575 4471 ὤμων
1625 4401 1810 4472 φέρει,
1859 4400 1960 4453 οὐκ

367 4491 536 4544 ἀσκὸν
565 4490 790 4561 ἄψυχον,
819 4491 932 4544 ἀλλ’
979 4490 1221 4562 ἔμψυχον
1254 4491 1412 4559 ζῶον,
1463 4492 1760 4564 συγχωρῶν
1808 4490 1958 4563 αὗτῷ

369 4579 511 4650 ἔχειν
553 4581 623 4635 τά
653 4580 836 4651 πάθη,
877 4581 938 4634 οὐ
970 4581 1040 4634 τὰ
1085 4580 1186 4650 τῆς
1233 4582 1538 4654 ἁμαρτίας,
1585 4582 1718 4637 ἀλλά
1747 4582 1819 4636 τὰ
1858 4581 1958 4655 τῆς
1989 4599 2031 4655 D
2062 4597 2130 4653 de

368 4671 621 4741 φύσεωςο
677 4672 764 4726 ἵνα
824 4672 900 4744 μὴ
965 4673 1236 4743 φαντασία
1297 4675 1563 4745 νομισθῇ,
1611 4675 1706 4729 καὶ
1775 4675 1954 4730 Maw-

364 4764 518 4831 χαῖος
576 4763 742 4832 μανῇ.
772 4762 994 4816 Μακεὸ.
1024 4763 1234 4833 Δῶμεν,
1262 4763 1343 4816 ὅτι
1375 4765 1505 4836 περὶ
1547 4763 1723 4835 ψυχῆς
1771 4763 1955 4827 καλῶς

363 4851 578 4920 λέγεις,
633 4851 721 4905 διά
757 4852 811 4904 τί
852 4855 947 4905 καὶ
994 4854 1276 4924 ὁμοούσιον
1320 4853 1507 4924 λέγετε
1556 4855 1648 4907 τὸν
1694 4855 1822 4908 Υίὸν
1873 4856 1953 4926 τῷ

367 4941 578 5015 Πατρί;
646 4943 799 5012 Ὀρθ.
862 4944 984 4997 ’Ότι
1019 4945 1076 4998 ὃν
1109 4944 1204 5000 ἐὰν
1229 4945 1390 5018 εἴπῃς
1420 4945 1577 5015 λόγον
1621 4947 1721 5018 τῆς
1765 4946 1952 5012 οὐσίας

368 5033 463 5087 τοῦ
494 5033 729 5105 Πατρὸς.
763 5034 952 5088 τοῦτον
992 5035 1156 5090 αὐτὸν
1201 5037 1291 5091 τὸν
1334 5038 1489 5107 λόγον
1522 5034 1660 5092 εῖναι
1692 5039 1950 5111 τιθέμεθα

367 5123 463 5174 καὶ
520 5123 618 5193 τῆς
671 5123 764 5176 τοῦ
835 5124 964 5177 Υίοῦ
1031 5126 1236 5190 οὐσίας.
1294 5127 1518 5182 Μακεδ.
1576 5128 1736 5182 Ἀλλά
1794 5128 1950 5183 τοῦτο

365 5215 466 5266 οὑκ
522 5215 668 5268 ἔστιν
729 5215 1043 5286 ὁμοούσιον,
1091 5218 1227 5271 ἀλλά
1278 5217 1632 5289 ὁμοιοούσιον.
1679 5221 1832 5288 Ὀρθ.
1875 5221 1948 5275 Τὸ

365 5307 721 5378 ὁμοιοούσιον,
769 5309 834 5362 ἵν’
869 5309 1041 5374 οὕτως
1073 5311 1230 5374 εἴπω,
1263 5311 1519 5381 ἄγροικος
1567 5310 1725 5380 σοφία
1768 5310 1946 5380 ἐστίν·

363 5398 439 5461 ὡς
480 5400 577 5454 ὲάν
605 5401 736 5473 λέγῃ
767 5419 850 5464 τις
892 5403 984 5455 τὸν
1031 5402 1335 5474 ὁμότροπον
1367 5403 1740 5475 ὁμοιότροπον,
1791 5402 1831 5474 ἢ,
1857 5402 1948 5457 τὸν

363 5493 598 5563 ὁμογενῆ
636 5495 946 5566 ὁμοιογενῆ,
977 5493 1010 5567 ἦ
1041 5494 1130 5550 τὸν
1158 5493 1411 5566 ὁμόδοξον
1441 5495 1768 5566 ὁμοιόδοξον,
1798 5494 1832 5567 ἢ
1856 5487 1947 5549 τδν

362 5583 641 5656 ὁμόφρονα
673 5587 864 5658 ὁμοιόφ
875 5605 1020 5658 ρονα.
1041 5587 1264 5641 Μακεδ.
1288 5586 1418 5642 Οὔκ·
1439 5587 1574 5642 ἀλλά
1613 5589 1672 5642 τὸ
1687 5590 1944 5660 ὁμοιοούν

363 5691 500 5730 mor
532 5678 626 5732 ἐπὶ
677 5679 786 5734 τῶν
817 5681 1151 5751 ἀσωμάτων
1184 5680 1244 5734 τὸ
1275 5681 1328 5734 δὲ
1364 5681 1686 5752 ὀμοούσιον
1718 5682 1810 5735 ἐτιί
1839 5682 1945 5736 τῶν

2070 3383 2408 3469 contristari,
2443 3407 2504 3455 ut
2529 3414 2917 3470 expavescere,
2974 3407 3041 3452 ut
3071 3395 3214 3467 apud
3258 3394 3467 3450 inferos
3517 3383 3644 3448 esse

2071 3502 2276 3566 posset.
2312 3491 2428 3549 Hoc
2456 3499 2541 3549 est
2563 3491 2732 3555 enim,
2770 3491 3004 3561 formam
3034 3489 3168 3543 servi
3204 3487 3488 3556 accipiens,
3531 3498 3643 3538 non

2069 3589 2126 3642 in
2158 3600 2390 3657 corpore
2419 3584 2683 3638 duntaxat
2707 3597 2971 3653 apparere
2991 3620 3006 3644 ,
3037 3581 3131 3635 sed
3164 3577 3445 3632 servitutis
3474 3576 3641 3634 etiam

2069 3681 2354 3750 passiones
2387 3690 2690 3732 assumere.
2719 3673 2929 3728 Maced.
2969 3670 3222 3727 Formam
3252 3669 3394 3725 servi
3429 3683 3646 3722 assum-

2071 3771 2199 3842 psit,
2235 3769 2455 3840 quando
2480 3782 2702 3821 carnem
2742 3764 3063 3836 assumpsit.
3107 3761 3260 3816 Ortlt.
3300 3759 3498 3814 Forma
3551 3759 3643 3812 Dei

2068 3870 2225 3917 estne
2252 3861 2490 3929 perfecta
2508 3857 2600 3913 Dei
2622 3855 2835 3911 forma?
2868 3853 3077 3907 Maced.
3095 3852 3293 3906 Etiam.
3327 3849 3480 3906 Orth.
3501 3847 3644 3918 Ergo

2065 3962 2120 4009 et
2146 3953 2318 4007 forma
2358 3954 2521 4015 servi,
2538 3947 2777 4019 perfecta
2795 3947 2939 4003 servi
2959 3945 3129 3999 forma
3145 3951 3250 3998 est.
3267 3942 3406 3996 Hinc
3421 3941 3566 3996 enim
3589 3949 3644 3994 et

2067 4051 2258 4113 stupor
2273 4049 2327 4096 et
2341 4041 2495 4095 dolor
2511 4049 2564 4094 et
2581 4053 2773 4108 angor,
2790 4037 2933 4107 quod
2951 4035 3121 4089 forma
3137 4033 3277 4088 servi
3294 4030 3532 4102 perfecta
3547 4029 3640 4084 sit.

2063 4137 2242 4207 Atque
2258 4136 2375 4191 haec
2390 4141 2474 4189 cst
2490 4133 2610 4189 ovis
2628 4132 2720 4186 illa
2735 4145 2899 4201 quam
2914 4129 3006 4199 qui
3020 4127 3214 4197 quaerit
3235 4133 3287 4181 et
3310 4123 3536 4190 invenit,
3557 4137 3643 4177 su-

2065 4242 2162 4298 per
2179 4227 2438 4280 humeros
2457 4223 2580 4285 fert,
2595 4239 2706 4277 non
2726 4229 2784 4275 ut
2800 4236 2914 4275 rem
2933 4221 3172 4282 inanem,
3192 4217 3287 4273 sed
3302 4216 3502 4271 animal
3525 4215 3644 4268 ani-

2065 4325 2294 4381 matum,
2316 4317 2638 4388 permittens
2653 4315 2731 4368 illi
2765 4322 2824 4367 ut
2851 4313 3133 4382 passiones
3149 4309 3370 4374 habeat,
3387 4323 3496 4362 non
3520 4306 3642 4360 illas

2063 4410 2284 4480 quidem
2298 4408 2529 4480 peccati,
2549 4406 2644 4463 sed
2667 4415 2900 4461 naturae:
2926 4421 2994 4459 ne
3013 4402 3299 4474 phantasia
3319 4415 3442 4455 esse
3459 4398 3644 4454 existi-

2063 4507 2262 4564 metur,
2291 4509 2345 4554 et
2361 4499 2601 4553 insaniat
2624 4496 2977 4550 Manichacus.
3012 4492 3222 4547 Maced.
3261 4487 3643 4545 Concedamus

2350 4589 2531 4644 anima
2555 4587 2780 4657 pulchre
2802 4593 2854 4640 te
2883 4584 3192 4649 disserere;
3225 4579 3322 4636 sed
3352 4577 3482 4648 quid
3512 4590 3645 4632 cau-

2063 4698 2138 4739 sa:
2166 4689 2252 4738 est
2301 4695 2402 4736 cur
2423 4677 2948 4734 consubstantialem
2995 4673 3191 4727 Filium
3221 4669 3371 4723 Patri
3404 4666 3644 4722 dicatis?

2066 4774 2217 4832 Orth.
2249 4773 2388 4841 Quia
2418 4786 2581 4843 quam
2613 4769 2818 4824 dixeris
2859 4781 2982 4822 esse
3022 4763 3292 4818 rationem
3323 4757 3644 4814 substantiae

2062 4865 2258 4932 Patris,
2299 4879 2418 4920 eam
2474 4866 2646 4933 ipsam
2680 4867 2734 4915 et
2785 4857 3105 4913 substantia:
3134 4851 3254 4906 Filii
3287 4865 3410 4906 esse
3448 4849 3644 4905 statui-

2062 4976 2204 5015 mus.
2236 4957 2443 5012 Maced.
2482 4955 2587 5010 Sed
2622 4953 2751 5007 illud
2775 4967 2882 5005 non
2904 4957 2987 5005 est
3019 4943 3507 5006 consubstantiale,
3544 4942 3643 4998 sed

2061 5051 2368 5109 substantia
2412 5048 2640 5104 simile“
2665 5043 2818 5100 Orth.
2888 5039 3078 5096 Simile
3109 5038 3416 5097 substantia
3444 5046 3550 5104 est,
3583 5042 3646 5091 ut

2064 5145 2140 5201 ita
2170 5145 2372 5207 dicam,
2437 5138 2670 5211 agrestis
2720 5135 2987 5208 sapientia
3022 5153 3037 5190 :
3082 5143 3142 5190 ut
3177 5135 3224 5190 si
3254 5134 3380 5205 quis
3425 5130 3646 5198 dixerit,

2064 5232 2210 5304 quod
2240 5231 2382 5285 idem
2415 5229 2487 5283 sit
2515 5226 2678 5284 unius
2711 5227 2880 5281 moris
2925 5231 2988 5280 et
3012 5225 3206 5281 similis
3230 5223 3424 5286 moris,
3474 5221 3647 5275 idem-

2067 5336 2171 5391 que
2199 5318 2365 5373 unius
2399 5316 2618 5388 generis
2649 5327 2702 5372 et
2727 5316 2922 5372 similis
2973 5315 3208 5386 generis,
3265 5314 3428 5367 unius
3460 5311 3646 5381 gloria:

2062 5422 2117 5469 ct
2148 5413 2344 5468 similis
2374 5411 2580 5483 gloriae,
2618 5410 2784 5466 unius
2827 5409 3112 5465 sententiae
3166 5416 3218 5461 et
3272 5403 3465 5460 similis
3515 5417 3644 5458 sen-

2063 5507 2264 5560 tcntiae.
2300 5503 2508 5560 Maced.
2530 5502 2903 5574 Nequaquam,
2923 5500 3018 5557 sed
3037 5497 3338 5554 substantia
3371 5494 3547 5548 simile
3577 5493 3645 5548 de

2063 5599 2424 5666 iurorporeis,
2457 5593 2908 5652 consubstantiale
2949 5593 3015 5646 de
3056 5589 3381 5660 corporibus
3417 5586 3639 5641 dicitur.

2067 5687 2218 5743 0.11:.
2254 5686 2370 5740 Dixi
2395 5693 2660 5756 agrestem
2693 5699 2815 5739 esse
2846 5680 3167 5752 sapientiam
3195 5698 3207 5732 :
3243 5679 3422 5750 potius
3444 5678 3648 5748 quippe

443 5886 459 5918 '
488 5885 626 5942 Psal.
656 5903 792 5955 ινιι,
825 5889 878 5952 5,
900 5889 954 5945 6.
1027 5889 1049 5922 ³
1083 5887 1203 5943 Act.
1239 5903 1300 5954 ιι,
1329 5887 1433 5955 51;
1492 5885 1640 5942 Psat.
1672 5905 1761 5954 xv,
1798 5887 1882 5943 lO.

2071 5905 2112 5946 ι.
2149 5909 2265 5962 ιιιι,
2297 5893 2487 5949 10-12.
2546 5922 2554 5930 ο
