4094 6300
354 385 464 451 ωδ
628 400 637 411 ‘
1316 391 1691 456 PANOPLIA
1729 390 1940 457 DOGM

2051 393 2186 456 lCA.
2224 417 2293 431 -—
2331 393 2475 455 TlT.
2518 396 2674 459 xw.
3513 407 3621 472 sua

355 503 568 566 πικῶς·
604 502 800 569 θεῖκῶς
851 505 973 576 μὲν,
1017 507 1098 561 δτι
1145 506 1316 578 χωρὶς
1373 505 1604 577 ἀνδρός·
1649 507 1934 578 ἀνθρωπι-

2055 509 2256 570 lixerit.
2289 508 2511 573 divino,
2554 511 2682 582 quia
2722 525 2928 584 absque
2966 513 3065 568 viri
3110 527 3312 584 opera;
3354 516 3620 585 humano,

350 597 467 658 κῶς
518 595 594 659 δὲ,
651 597 734 650 ὅτι
789 598 941 669 νόμῳ
1005 598 1289 671 κυήσεως,
1349 600 1549 670 ὁμοίως
1613 598 1796 664 ἄθεος.
1862 599 1930 654 Εἴ

2056 603 2160 672 ιιιὶ;ι
2215 601 2441 655 humani
2479 611 2777 673 conceptus
2809 604 2952 675 lege,
2986 622 3139 674 mque
3176 605 3368 664 atheus
3418 618 3522 664 est.
3560 609 3619 666 Si

348 703 440 748 τις
486 685 890 744 διαπεπλάσθαι
936 689 1029 744 τὸν
1063 691 1374 762 ἄνθρωπον,
1407 688 1508 744 εἶθ’
1543 690 1930 746 ὑποδεδυκωαι

2051 695 2163 764 quis
2190 692 2482 748 formatum
2537 695 2813 750 hominem
2864 696 3056 760 fuisse,
3107 699 3384 769 Deumque
3430 708 3618 771 postea

352 778 504 845 λέγοι
564 777 718 839 Θεὸν,
785 779 1131 848 κατάκριτος.
1195 782 1288 834 Οὑι
1338 783 1434 852 γὰρ
1491 782 1742 853 γέννησις
1798 781 1934 837 Θεοῦ

2051 779 2284 833 subiisse
2313 777 2480 840 dicat,
2512 774 2848 833 damnationi
2888 781 3160 836 obnoxius
3192 792 3296 837 est.
3329 781 3442 837 Hoc
3472 785 3620 839 enim

2048 883 2156 923 non
2188 861 2282 922 Dei
2313 863 2592 938 generatio
2630 869 2814 934 fuerit,
2844 865 2940 926 sed
2972 873 3339 941 generationis
3377 873 3522 945 fuga.
3557 859 3615 930 Si

2047 959 2172 1028 quis
2201 958 2340 1013 duos
2376 957 2535 1025 filios,
2566 959 2796 1014 alterum
2833 973 2899 1014 ex
2933 957 3045 1015 Deo
3084 971 3138 1016 et
3169 957 3348 1027 Patre,
3384 965 3617 1018 alterum

2047 1063 2111 1102 ex
2143 1054 2333 1107 matre,
2367 1061 2474 1100 non
2509 1054 2690 1102 autem
2723 1065 2892 1102 unum
2917 1055 3082 1118 atque
3110 1051 3359 1104 eumdem
3386 1051 3616 1107 induxe-

2048 1131 2142 1203 rit,
2179 1137 2226 1192 is
2256 1137 2323 1191 ab
2351 1154 2413 1193 ea
2457 1155 2678 1209 quoque
2713 1139 2946 1198 filiorum
2979 1139 3274 1210 adeptione
3314 1141 3328 1172 ¹
3376 1141 3614 1207 excidat,

2049 1245 2169 1300 quae
2197 1241 2346 1285 recte
2383 1229 2736 1286 credentibus
2768 1231 3037 1301 promissa
3056 1241 3158 1288 est.
3193 1231 3448 1298 Quamvis
3471 1234 3617 1288 enim

2048 1320 2170 1375 duae
2199 1327 2408 1375 naturae
2449 1323 2557 1376 sint
2597 1321 2738 1376 Deus
2783 1329 2836 1376 et
2865 1323 3048 1384 homo,
3079 1323 3280 1394 quippe
3306 1326 3395 1393 qui
3436 1323 3618 1378 anima

2051 1412 2120 1466 sit
2149 1419 2202 1465 et
2231 1427 2452 1480 corpus,
2489 1427 2596 1465 non
2635 1421 2814 1466 tamen
2852 1411 2959 1465 dtto
2996 1412 3090 1466 ﬁlii
3126 1420 3179 1467 et
3210 1413 3280 1466 dii
3315 1433 3325 1465 :
3357 1401 3619 1482 quemad-

2059 1502 2270 1556 modum
2318 1519 2384 1558 ne
2420 1499 2507 1556 hic
2543 1503 2759 1572 quidem
2793 1504 2900 1557 duo
2934 1501 3208 1566 homines,
3233 1505 3446 1559 tametsi
3475 1503 3620 1558 Pau~

2051 1591 2135 1650 lus
2166 1596 2229 1649 ad
2264 1595 2408 1650 hunc
2439 1591 2657 1649 modum
2697 1595 2968 1661 internam
2994 1603 3047 1649 et
3069 1603 3348 1649 externam
3381 1595 3624 1652 hominis

2049 1693 2258 1754 partem
2294 1686 2645 1755 appellaverit
2697 1688 2738 1740 ¹.
2770 1683 2964 1755 Atque,
3003 1694 3061 1739 ut
3101 1685 3290 1756 paucis
3322 1701 3432 1740 rem
3463 1702 3618 1741 come

2052 1777 2280 1846 plectar,
2314 1777 2463 1831 aliud
2490 1777 2709 1848 quidem
2753 1785 2918 1846 atque
2944 1777 3092 1831 aliud
3121 1783 3251 1832 sunt
3290 1791 3376 1843 ea,
3409 1793 3474 1831 ex
3499 1778 3618 1848 qui-

2052 1871 2155 1926 bus
2188 1871 2458 1934 Salvator,
2632 1870 2856 1941 (quippe
2895 1885 3018 1923 cum
3054 1885 3158 1922 non
3195 1867 3334 1924 idem
3367 1871 3436 1925 sit
3473 1871 3624 1940 quod

2051 1961 2203 2017 cerni
2235 1976 2344 2016 non
2376 1971 2579 2031 potest,
2621 1977 2744 2015 cum
2775 1975 2841 2015 eo
2871 1958 3015 2030 quod
3049 1961 3106 2013 in
3143 1967 3421 2030 aspectum
3450 1960 3633 2027 cadit;

2051 2061 2104 2108 et
2139 2051 2284 2124 quod
2330 2053 2592 2123 temporis
2644 2067 2839 2122 expers
2879 2061 2995 2114 est,
3037 2067 3160 2106 cum
3204 2067 3265 2106 eo
3299 2051 3444 2121 quod
3490 2059 3621 2106 tem-

2053 2143 2170 2214 pori
2201 2143 2421 2214 subest)
2460 2159 2472 2194 :
2536 2158 2645 2198 non
2670 2151 2852 2199 tamen
2878 2143 3018 2199 alius
3053 2150 3213 2213 atque
3236 2143 3414 2197 alius:
3452 2143 3616 2200 absit.

2049 2235 2227 2290 Ambo
2255 2234 2399 2290 enim
2432 2235 2546 2290 hec
2567 2235 2907 2290 connexione
2930 2251 3098 2290 unum
3125 2243 3274 2301 sunt,
3308 2235 3618 2292 Deo-nimi-

2051 2341 2172 2378 rum
2205 2324 2620 2388 humanitatem,
2645 2331 2808 2394 atque
2833 2324 3050 2380 homine
3073 2321 3408 2381 divinitatem
3441 2327 3620 2381 susci—

2051 2415 2258 2484 piente,
2313 2422 2406 2469 aut
2454 2429 2780 2484 quocunque
2825 2413 3040 2470 tandem
3075 2415 3296 2470 nomine
3339 2415 3624 2486 quispiam-

363 2503 448 2556 uti
504 2503 673 2556 malit.
706 2501 876 2557 Porro
909 2502 1056 2556 aliud
1089 2509 1143 2558 et
1172 2501 1320 2557 aliud
1348 2503 1490 2568 dico,
1527 2511 1721 2560 contra
1754 2521 1917 2576 quam
1955 2507 2007 2561 in
2038 2507 2304 2564 Trinita-le
2330 2525 2418 2566 res
2454 2509 2635 2565 habet.
2668 2509 2780 2564 Illic
2811 2512 2956 2566 enim
3019 2511 3161 2566 alius
3217 2521 3379 2582 atque
3443 2511 3623 2576 aliusy

363 2609 435 2648 ne
470 2609 728 2663 personas
755 2591 1154 2649 confundamus
1185 2608 1330 2648 :non
1360 2602 1544 2651 autem
1579 2595 1729 2651 aliud
1793 2607 1956 2666 atque
1991 2598 2162 2663 aliud,
2242 2601 2499 2668 quoniam
2550 2602 2654 2654 tria
2706 2603 2886 2671 quoad
2941 2603 3282 2658 divinitatem
3331 2619 3500 2661 unum
3546 2601 3604 2659 et

363 2684 507 2740 idem
542 2695 687 2741 sunt.

437 2777 508 2830 Εἴ
526 2794 632 2840 τις,
661 2775 737 2839 ὡς
764 2776 824 2828 ὲν
855 2775 1109 2845 προφήτῃ
1127 2811 1143 2834 ,
1171 2773 1320 2844 λέγοι
1350 2764 1492 2826 κοιτά
1521 2771 1681 2843 χάριν
1712 2775 1944 2846 ἐνηργη-

2111 2767 2170 2825 Si
2197 2771 2319 2841 quis
2344 2769 2686 2829 divinitatem
2719 2774 2774 2830 in
2803 2789 2892 2841 eo,
2922 2776 3074 2833 velut
3100 2793 3156 2832 ιιι
3187 2775 3474 2852 propheta,
3515 2796 3614 2852 per

365 2868 550 2932 κέναι,
593 2865 732 2921 ἀλλά
792 2864 866 2935 μὴ
897 2866 1017 2919 κατ’
1060 2864 1246 2918 οὐσίαν
1285 2863 1556 2934 συνῆφθαι
1592 2880 1652 2916 τε
1686 2865 1780 2918 καὶ
1821 2882 1944 2920 συν-

2051 2860 2272 2934 gratiam
2326 2869 2606 2933 operatam
2651 2863 2846 2931 fuisse,
2898 2881 3010 2921 non
3067 2877 3248 2924 autem
3307 2869 3609 2925 secundum

363 2954 651 3024 ἅπτεσθαι,
683 2955 767 3026 εἴη
796 2955 947 3019 κενὸς
972 2956 1070 3026 τῆς
1098 2955 1401 3026 κρείττονος
1419 2954 1716 3026 ἐνεργείας,
1749 2955 1944 3026 μᾶλλον

2051 2954 2331 3010 essentiam
2362 2953 2665 3026 copulatam
2699 2956 2868 3014 fuisse
2904 2968 3068 3030 atque
3101 2961 3341 3030 copulari
3391 2961 3609 3026 dixerit,

364 3051 420 3103 δὲ
467 3049 683 3120 πλήρης
730 3047 828 3116 τῆς
869 3047 1136 3110 ἐναντίας.
1185 3045 1253 3099 Et
1279 3063 1364 3110 τις
1402 3045 1478 3117 μὴ
1524 3044 1815 3117 προσκυνεῖ
1854 3044 1944 3099 τὸν

2051 3057 2074 3097 ι
2109 3046 2475 3112 ριαιειειιιίοιί
2540 3046 2729 3101 afﬂatu
2768 3064 2978 3106 vacuus
3023 3052 3114 3115 sit,
3174 3053 3284 3111 imo
3329 3053 3630 3108 contrario.

368 3138 801 3210 ἐσταυρωμένον,
855 3136 1102 3208 ἀνάθεμα
1147 3134 1310 3200 ἔστω,
1368 3133 1475 3190 καῖ
1510 3135 1755 3207 τετάχθω
1809 3136 1944 3206 μετὰ

2051 3130 2351 3202 impleatur.
2378 3133 2436 3188 Si
2459 3135 2583 3204 quis
2606 3135 2928 3191 crucifixum
2953 3153 3061 3192 non
3085 3137 3294 3202 adorat,
3318 3139 3626 3195 anathema-

369 3230 482 3285 τῶν
514 3229 832 3284 θεοκτόνων.
1004 3223 1074 3283 Εἰ
1097 3245 1178 3291 τις
1211 3227 1270 3292 ἐξ
1299 3227 1474 3296 ἔργων
1505 3227 1944 3298 τετελειωμένον,

2051 3223 2137 3288 sit,
2180 3232 2346 3293 atque
2397 3224 2454 3278 in
2496 3239 2686 3280 eorum
2721 3226 2814 3296 qui
2849 3226 3019 3282 Deum
3067 3229 3465 3284 interemerunt
3509 3245 3614 3283 nu-

373 3321 408 3392 ἢ
443 3319 581 3391 μετά
616 3321 678 3373 τὸ
701 3319 1000 3391 βάπτισμα,
1028 3315 1062 3389 ἢ
1095 3319 1232 3389 μετὰ
1259 3319 1356 3388 τὴν
1389 3319 1453 3370 ὲκ
1479 3318 1689 3390 νεκρῶν
1713 3318 1944 3370 ἀνάστα-

2051 3329 2249 3369 merum
2277 3314 2608 3377 ascribatur.
2637 3314 2694 3370 Si
2718 3317 2842 3386 quis
2867 3333 2989 3372 eum
3032 3335 3098 3372 ex
3122 3319 3382 3390 cperibus
3439 3319 3616 3391 perfe-

343 869 507 922 τοῦτό
545 870 722 930 ἐστιν,
768 868 902 922 ἀλλὰ
945 869 1089 941 φυγὴ
1134 873 1460 942 γεννήσεως.
1500 871 1568 924 Et
1603 889 1688 936 τις
1724 872 1935 942 εἰσάγει

343 960 445 1013 δύο
480 961 661 1023 Υίοὺς,
688 961 784 1014 ἓν).
812 961 910 1030 μὲν
937 961 1027 1015 τὸν
1059 963 1122 1013 ὲκ
1149 961 1284 1014 Θεοῦ
1309 964 1402 1015 καὶ
1424 963 1657 1034 Πατρὸς,
1684 963 1934 1036 δεύτερον

341 1050 405 1101 δὲ
440 1051 528 1102 τὸν
568 1053 630 1102 ὲκ
670 1051 764 1119 τῆς
805 1050 1031 1122 μητρὸς,
1069 1051 1182 1104 ἀλλ’
1216 1051 1337 1122 οὐχ).
1369 1053 1464 1106 ἕνα
1497 1053 1709 1106 καὶτὸν
1748 1049 1930 1118 αὑτὸν,

341 1137 448 1189 καὶ
494 1137 591 1207 τῆς
639 1137 906 1200 υἱοθεσίας
953 1139 1176 1192 ἐκπέσοι
1215 1139 1313 1209 τῆς
1352 1141 1769 1213 ἐπηγγελμένης
1817 1145 1932 1207 τοῖς

339 1229 526 1298 ὀρθῶς
579 1228 910 1283 πιστεύουσι.
965 1228 1160 1293 Φύσεις
1206 1231 1304 1302 μὲν
1355 1231 1464 1303 γὰρ
1515 1231 1607 1286 δύο
1654 1233 1785 1293 θεὸς
1835 1233 1929 1288 καὶ

338 1318 656 1389 ἄνθρωπος,
688 1318 811 1371 ἐπεὶ
843 1319 936 1373 καὶ
966 1319 1110 1390 ψυχὴ
1153 1321 1246 1374 καὶ
1277 1320 1437 1392 σῶμα
1488 1335 1504 1352 ·
1605 1382 1618 1394 0
1640 1323 1744 1374 υἱοὶ
1783 1313 1839 1376 δὲ
1867 1323 1928 1377 οὗ

336 1407 464 1472 δύο,
503 1408 621 1460 οὐδὲ
654 1408 795 1465 Θεοί.
837 1411 970 1463 Οὐδὲ
1004 1411 1112 1483 γὰρ
1150 1410 1382 1465 ἐνταῦθα
1417 1413 1508 1464 δύο
1547 1412 1839 1484 ἄνθρωποι,
1881 1410 1930 1467 εί

340 1503 447 1555 καὶ
473 1501 644 1566 οὓτως
672 1504 702 1555 ό
735 1502 944 1566 Παῦλος
984 1503 1044 1556 τὸ
1070 1504 1218 1567 ἐντὸς
1260 1504 1351 1557 τοῦ
1399 1503 1704 1576 ἀνθρώπου,
1739 1508 1833 1558 καὶ
1869 1504 1932 1559 τδ

342 1594 507 1656 ἐκτὸς
555 1594 979 1666 προσηγόρευσε.
1031 1596 1142 1648 Καὶ
1193 1597 1240 1649 εἰ
1287 1589 1366 1649 δεῖ
1412 1596 1692 1667 συντόμως
1726 1597 1922 1661 εἰπεῖν,

349 1682 481 1738 ἄλλο
505 1684 600 1753 μὲν
628 1685 719 1736 καὶ
749 1680 875 1738 ἄλλο
893 1684 960 1737 τὰ
986 1684 1044 1752 ἐξ
1068 1671 1142 1738 ὧν
1165 1687 1193 1739 ό
1219 1685 1412 1756 Σωτὴρ
1434 1685 1614 1757 (εἴπερ
1636 1684 1710 1756 μὴ
1736 1685 1928 1739 ταυτὸν

344 1774 412 1826 τὸ
439 1774 664 1844 ἀόρατον
693 1775 769 1846 τῷ
797 1775 1001 1847 ὁρατῷ,
1048 1777 1144 1829 καὶ
1179 1777 1238 1829 τὸ
1273 1777 1498 1848 ἄχρονον
1539 1777 1616 1847 τῷ
1657 1777 1762 1830 ὑπὸ
1801 1776 1929 1848 χρό-

345 1866 496 1931 νον),
541 1866 638 1917 οὑκ
673 1865 830 1930 ἄλλος
864 1866 922 1919 δὲ
971 1868 1064 1921 καὶ
1099 1868 1274 1931 ἄλλος’
1323 1867 1398 1938 μὴ
1431 1867 1658 1936 γένοιτο.
1701 1865 1784 1920 Τὰ
1820 1867 1928 1938 γὰρ

345 1957 635 2028 ἀμφότερα
664 1956 720 2012 ἒν
757 1961 822 2028 τῇ
865 1958 1164 2029 συγκράσει
1199 1992 1234 2018 ,Δ
1362 1958 1496 2011 Θεοῦ
1531 1958 1628 2028 μὲν
1661 1949 1928 2028 ὲνανθρωο

350 2051 645 2118 πήσαντος,
695 2047 981 2118 ἀνθρώπου
1026 2049 1083 2102 δὲ
1126 2047 1436 2115 θεωθέντος,
1474 2049 1508 2120 ἢ
1559 2051 1708 2112 ὅπως
1745 2049 1810 2103 ἄν
1843 2065 1929 2112 τις

346 2138 658 2208 ὀνομάσειε.
699 2139 857 2206 Λέγω
897 2139 953 2192 δὲ
997 2139 1124 2194 ἄλλο
1159 2141 1252 2194 καὶ
1281 2140 1408 2193 ἄλλο
1458 2178 1474 2206 ,
1621 2139 1860 2210 ἔμπαλιν
1894 2139 1926 2209 ἢ

351 2229 449 2281 ἐπὶ
498 2229 594 2298 τῆς
643 2227 870 2300 Τριάδος
923 2229 1055 2300 ἔχει.
1113 2229 1258 2283 Ἐκεῖ
1311 2232 1412 2301 μὲν
1461 2231 1568 2302 γὰρ
1624 2230 1781 2293 ἄλλος
1836 2230 1929 2283 καὶ

352 2319 543 2383 ἄλλος,
573 2319 658 2372 ἵνα
690 2319 763 2390 μὴ
796 2319 894 2383 τὰς
934 2321 1260 2382 ὑποστάσεις
1290 2319 1625 2390 συγχὲωμεν·
1663 2322 1764 2372 οὐκ
1803 2320 1930 2374 ἄλλο

349 2409 411 2464 δὲ
444 2411 535 2464 καὶ
562 2409 710 2474 ἄλλο,
746 2411 802 2463 ἓν
826 2411 931 2480 γὰρ
959 2411 1025 2464 τὰ
1055 2412 1182 2482 τρία
1211 2411 1304 2466 καὶ
1332 2411 1528 2464 ταυτὸν
1552 2414 1619 2482 τῇ
1646 2411 1877 2482 θεότητι.

378 3429 464 3465 σιν
494 3412 765 3476 υἱοθεσίας
794 3410 1054 3482 ἠξιῶσθαι
1081 3410 1250 3479 λέγοι,
1288 3409 1537 3480 καθάπερ
1564 3408 1656 3472 οὒς
1689 3410 1948 3481 Ἕλληνες

371 3503 834 3573 παρεγγράπτους
867 3503 1176 3570 εἰσάγουσιν
1220 3537 1237 3564 ,
1388 3501 1638 3573 ἀνάθεμα
1679 3501 1836 3557 ἔστω.
1875 3498 1948 3556 Τὸ

366 3587 482 3659 γὰρ
538 3589 838 3659 ἠργμένον,
881 3589 916 3662 ἢ
972 3588 1307 3661 προκόπτον,
1362 3587 1396 3659 ἢ
1448 3589 1850 3658 τελειούμενον,
1893 3588 1954 3640 οὐ

367 3681 530 3748 Θεὸς,
586 3682 690 3737 κᾶν
745 3684 835 3738 διὰ
887 3683 988 3754 τὴν
1039 3683 1182 3736 κατά
1236 3680 1437 3753 μικρὸν
1489 3679 1760 3746 ἀνάδειξιν
1816 3679 1958 3733 οὕτω

370 3771 624 3846 λέγηται.
657 3775 722 3829 El
749 3792 834 3838 τις
865 3773 1254 3828 ἀποτεθεῖσθαι
1297 3773 1396 3828 νῦν
1427 3773 1528 3844 τὴν
1576 3773 1741 3842 ἁγίαν
1776 3773 1959 3842 σάρκα

371 3866 545 3935 λέγοι,
583 3867 676 3920 καὶ
707 3867 922 3938 γυμνὴν
948 3861 1088 3922 εἶναι
1123 3867 1221 3938 τὴν
1272 3865 1502 3936 θεότητα
1532 3863 1632 3920 τοῦ
1678 3865 1957 3934 σώματος,

374 3961 513 4015 ἀλλὰ
564 3960 640 4031 μὴ
691 3961 830 4030 μετά
885 3961 980 4014 τοῦ
1025 3961 1459 4031 προσλήμματος
1512 3957 1610 4014 καὶ
1662 3956 1828 4023 εἶναι,
1865 3959 1960 4012 καὶ

375 4058 551 4127 ἥξειν,
594 4057 669 4126 μὴ
699 4057 798 4111 ἴδοι
833 4057 932 4127 τὴν
973 4055 1134 4122 δόξαν
1159 4055 1258 4126 τῆς
1286 4055 1594 4128 παρουσίας
1633 4049 1823 4107 αὐτοῦ.
1852 4049 1961 4108 Ποῦ

376 4151 489 4218 γὰρ
538 4149 600 4202 τὸ
635 4149 797 4218 σῶμα
847 4145 966 4216 νῦν,
995 4148 1045 4200 εί
1082 4147 1157 4218 μὴ
1193 4146 1333 4217 μετὰ
1379 4145 1476 4200 τοῦ
1521 4142 1959 4215 προσλαϐόντοςς

376 4241 438 4294 οὐ
484 4239 595 4310 γάρ
636 4239 703 4308 δὴ
741 4238 883 4292 κατά
921 4238 1050 4302 τοὺς
1103 4236 1419 4308 Μανιχαίων
1460 4235 1665 4305 λήρους
1710 4232 1789 4304 τῷ
1825 4231 1963 4304 ἡλίῳ

377 4331 809 4396 ἐναποτέθειται,
877 4331 964 4384 ἵνα
1031 4327 1241 4400 τιμηθῇ
1296 4328 1386 4383 διὰ
1449 4327 1550 4398 τῆς
1610 4325 1874 4398 ἀτιμίαςο
1927 4325 1962 4397 ἦ

378 4423 462 4484 είς
508 4421 600 4474 τὸν
640 4421 782 4492 ἀέρα
821 4421 981 4490 ὲχέθη
1031 4422 1130 4473 καὶ
1175 4417 1417 4488 διελύθη,
1449 4419 1526 4482 ὡς
1558 4419 1743 4488 φωνῆς
1779 4417 1966 4486 φύσις,

378 4483 474 4551 καὶ
505 4497 674 4568 ὀδμῆς
709 4483 886 4567 ﬁdem",
918 4483 1010 4550 καὶ
1043 4495 1329 4566 ἀστραπῆς
1360 4483 1944 4565 δρόμοςόὐχ’ίσταμέ-

2051 4490 2206 4560 juxta
2238 4489 2657 4544 Manichaeorum
2692 4488 2881 4542 deliria

376 4603 498 4656 νης.
543 4586 652 4639 Ποῦ
692 4585 748 4638 δὲ
797 4586 889 4640 καὶ
932 4585 993 4638 τὸ
1041 4583 1425 4655 ψηλαφηθῆναι
1471 4581 1632 4636 αὑτὸν
1679 4583 1816 4652 μετὰ
1857 4580 1956 4652 τὴν

377 4677 694 4740 ἀνάστασιν,
725 4675 758 4746 ἢ
789 4675 1120 4746 ὀφθήσεσθαί
1153 4687 1284 4727 ποτε
1315 4673 1421 4726 ὑπὸ
1458 4671 1565 4724 τῶν
1594 4670 1957 4740 ὲκκεντησάν-

375 4785 519 4834 των;
556 4767 747 4838 θεότης
794 4767 902 4836 γὰρ
951 4764 1072 4818 καθ’
1117 4764 1317 4829 ἑαυτὴν
1367 4764 1616 4834 ἀόρατος.
1661 4759 1798 4813 Ἀλλ’
1838 4759 1957 4830 ἥξει

381 4857 484 4930 μὲν
521 4857 658 4927 μετὰ
692 4855 786 4910 τοῦ
826 4856 1096 4927 σώματος,
1135 4856 1209 4919 ὡς
1241 4853 1372 4923 ἐμὸς
1406 4853 1582 4919 λόγος,
1627 4849 1866 4912 τοιοῦτος
1899 4850 1958 4903 δὲ

378 4943 491 5010 οἷος
518 4946 672 5018 ὤφθη
705 4949 816 5010 τοῖς
848 4946 1114 5016 μαθηταῖς
1149 4947 1204 4998 ὲν
1242 4943 1320 5014 τῷ
1352 4943 1488 5014 ὄρει,
1532 4941 1566 5012 ἢ
1603 4939 1952 5011 παρεδείχθη,

380 5035 762 5107 ὕπερνικώσης
805 5035 866 5088 τὸ
909 5035 1130 5107 σαρκίον
1177 5035 1276 5104 τῆς
1323 5032 1590 5102 θεότητος.
1640 5031 1850 5102 Ὥσπερ
1897 5030 1956 5082 δὲ

380 5125 814 5196 ταῦταξλέγομεν
848 5123 1344 5195 ἀποσκευαζόμενοι
1376 5123 1472 5194 τὴν
1506 5122 1784 5186 ὑπόνοιαν,
1815 5120 1958 5174 οὓτω

382 5219 612 5271 κάκεῖνα
639 5221 922 5291 γράφομεν
943 5219 1311 5291 διορθούμενοι
1333 5217 1431 5289 τὴν
1456 5213 1826 5286 καινοτομίαν.

2042 3414 2190 3462 ctum
2209 3404 2400 3471 fuisse,
2420 3414 2514 3462 aut
2535 3415 2659 3479 post
2680 3407 3033 3478 baptismum,
3049 3411 3133 3465 vel
3157 3411 3616 3468 resurrectﬂinem

2043 3514 2074 3553 a
2100 3498 2354 3560 mortuis,
2400 3500 2456 3554 in
2506 3499 2677 3554 filium
2711 3499 3027 3569 ad0ptatum
3077 3499 3312 3560 dixerit.
3351 3505 3617 3573 quemad-

2045 3591 2265 3647 modum
2298 3607 2436 3661 quos
2457 3589 2630 3646 Graeci
2654 3588 2994 3659 ascriptitios
3016 3589 3307 3651 inducunt,
3329 3588 3619 3642 anathema

2046 3682 2138 3737 sit.
2170 3681 2358 3751 Neque
2389 3683 2534 3736 enim
2566 3680 2644 3744 id,
2669 3681 2816 3751 quod
2855 3677 3072 3734 initium
3111 3679 3327 3743 habuit,
3371 3685 3464 3730 aut
3494 3689 3619 3747 pro-

2047 3768 2179 3832 ﬁcit,
2221 3778 2312 3823 aut
2357 3768 2655 3839 perficitur,
2697 3765 2960 3823 Dcuscst
2997 3782 3011 3818 :
3063 3767 3282 3822 tametsi
3317 3767 3433 3820 haec
3460 3765 3525 3819 de
3551 3780 3618 3821 eo

2049 3859 2256 3913 ideirto
2303 3858 2580 3922 dicantur,
2612 3857 2757 3929 quod
2803 3856 3066 3928 paulatim
3115 3869 3237 3911 sese
3275 3853 3615 3924 patefecerit.

2049 3947 2109 4003 Si
2156 3949 2280 4019 quis
2324 3955 2569 4003 sanctam
2627 3962 2850 4002 carnem
2909 3962 3058 4001 nunc
3104 3946 3408 4015 depositam
3469 3959 3618 4008 esse,

2047 4039 2363 4108 nudamque
2419 4051 2483 4091 ac
2535 4051 2770 4107 corpore
2819 4050 3050 4090 vacuam
3097 4033 3440 4089 divinitatem
3470 4049 3617 4100 esse,

2049 4144 2161 4186 non
2188 4137 2368 4184 autem
2416 4141 2542 4183 cum
2594 4131 2879 4198 assumpta
2911 4134 3099 4190 carne,
3133 4134 3188 4181 et
3221 4139 3366 4188 esse,
3399 4131 3456 4180 et
3487 4141 3621 4180 ven-

2051 4229 2228 4276 turam
2273 4228 2398 4275 esse
2447 4217 2670 4282 dixerit,
2717 4217 2986 4272 adventus
3036 4215 3184 4269 illius
3240 4214 3468 4284 gloriam
3505 4225 3620 4268 non

2051 4317 2261 4364 cernat.
2302 4305 2410 4363 Ubi
2437 4307 2582 4362 enim
2611 4320 2759 4362 nunc
2806 4317 3006 4376 corpus
3043 4303 3227 4369 fuerit,
3255 4302 3359 4359 nisi
3390 4317 3513 4358 cum
3555 4315 3621 4357 ea

2058 4407 2280 4462 natura,
2311 4413 2340 4453 a
2377 4411 2483 4469 qua
2511 4403 2854 4468 assumptum
2887 4395 3010 4451 est?
3052 4393 3168 4449 Non
3212 4394 3357 4449 enim
3411 4394 3623 4449 scilicet

3039 4485 3142 4542 soli
3178 4484 3490 4555 impositum
3514 4490 3623 4546 est,

2057 4589 2116 4636 ut
2146 4597 2240 4651 per
2276 4582 2516 4636 dedecus
2548 4581 2850 4636 honoretur
2879 4596 2893 4630 :
2930 4585 3021 4632 aut
3057 4577 3112 4631 in
3141 4592 3320 4632 aerem
3363 4577 3542 4631 fusum
3567 4581 3622 4629 et

2055 4671 2382 4727 dissolutum
2407 4679 2515 4737 est,
2543 4681 2603 4726 ut
2631 4672 2780 4728 vocis
2807 4680 3029 4735 natura,
3059 4676 3113 4725 et
3137 4668 3324 4723 odoris
3352 4665 3540 4731 ﬂuxio,
3566 4672 3623 4720 et

2058 4762 2289 4833 fulguris
2343 4777 2540 4817 cursus
2594 4762 2821 4816 minime
2872 4757 3252 4816 consistentis.
3307 4754 3409 4808 Ubi
3449 4755 3619 4809 etiam

2055 4851 2189 4906 illud
2238 4866 2504 4922 ponemus
2576 4853 2723 4923 quod
2793 4852 2911 4921 ipse
2974 4854 3098 4919 post
3161 4845 3621 4901 resurrectionem

2059 4949 2346 4998 contactus
2381 4942 2553 5000 fuisse
2595 4943 2859 4998 scribitur
2913 4948 2958 5004 ³,
3009 4947 3104 4993 aut
3132 4939 3205 4993 ab
3233 4939 3322 4999 iis.
3362 4949 3392 4990 a
3417 4935 3620 5007 quibus

2061 5029 2309 5083 conﬁxus
2325 5036 2409 5084 est
2435 5029 2458 5062 δ
2488 5069 2503 5094 ,
2528 5028 2824 5098 aliquando
2852 5025 3160 5084 videbitur?
3182 5025 3446 5081 Dlvinitas
3475 5026 3620 5079 enim

2056 5136 2152 5190 per
2187 5135 2248 5175 sc
2281 5119 2567 5174 oculorum
2621 5119 2874 5174 obtutum
2921 5116 3076 5188 fugit.
3111 5115 3313 5173 Verum
3341 5131 3468 5172 cum
3497 5128 3622 5170 cor—

2058 5225 2190 5282 pore
2216 5211 2456 5280 quidem,
2493 5217 2556 5264 ut
2589 5209 2788 5277 sentio,
2823 5210 3037 5273 veniet;
3075 5210 3201 5265 talis
3246 5219 3448 5273 amem,
3481 5218 3620 5274 qua-

383 5309 456 5364 iis
483 5309 772 5382 discipulis
793 5313 849 5367 in
883 5320 1069 5367 monte
1102 5312 1377 5382 apparuit,
1405 5317 1502 5364 aut
1541 5309 1718 5365 obiter
1743 5291 2000 5363 ostensus
2034 5313 2122 5360 est
2163 5313 2212 5369 ³,
2247 5303 2537 5360 divinitate
2565 5317 2786 5361 carnem
2816 5311 3128 5375 superante.
3154 5298 3622 5368 Quemadmodum

385 5410 567 5456 autem
598 5401 714 5457 hac
760 5403 1080 5460 amolienda:
1124 5401 1461 5474 suspicionis
1508 5414 1677 5456 causa
1715 5399 1972 5464 dicimus,
2011 5396 2212 5454 sicilia
2245 5409 2466 5467 quoque
2501 5395 2811 5468 corrigendi
2841 5397 2968 5454 novi
3009 5395 3215 5452 erroris
3257 5389 3440 5448 studio
3478 5389 3624 5444 scrt-

387 5492 592 5552 bimus.

451 5770 470 5842 f
508 5772 706 5842 Ephes.
739 5793 776 5840 ι,
816 5782 863 5835 5.

381 5839 403 5871 ⁸
422 5839 611 5900 Matth.
644 5839 774 5914 xvn,
797 5851 854 5902 2.

987 5781 1008 5811 '
1043 5778 1062 5834 ι
1092 5777 1218 5836 Cor.
1246 5794 1338 5846 xv,
1372 5777 1479 5846 4'5;
1513 5779 1557 5837 ιι
1587 5782 1716 5839 Cor.
1744 5795 1824 5849 Iv,
1866 5779 1966 5850 l6;
1996 5780 2202 5854 Ephcs.
2234 5799 2320 5851 ιιι,
2353 5783 2440 5840 16.

2550 5783 2570 5814 ⁸
2608 5784 2741 5839 Luc.
2772 5797 2921 5852 xxiv,
2951 5780 3044 5838 39.
3163 5781 3187 5816 ⁵
3216 5779 3388 5840 Zach.
3421 5791 3524 5849 xu,
3548 5778 3638 5836 io.
