  <div class='ocr_page' id='page_1' title='image "/cluster/home/n/w/nwhite01/storage/ocr_20150623/130/mdp.39015078384255/451.png"; bbox 0 0 4094 6300; ppageno 0'>
   <div class='ocr_carea' id='block_1_1' title="bbox 590 373 691 435">
    <p class='ocr_par' dir='ltr' id='par_1_1' title="bbox 590 373 691 435">
     <span class='ocr_line' id='line_1_1' title="bbox 590 373 691 435; baseline -0.02 0"><span class='ocrx_word' id='word_1_1' title='bbox 590 373 691 435; x_wconf 78' lang='lat'><strong>887</strong></span> 
     </span>
    </p>
   </div>
   <div class='ocr_carea' id='block_1_2' title="bbox 1824 371 3782 441">
    <p class='ocr_par' dir='ltr' id='par_1_2' title="bbox 1824 371 3782 441">
     <span class='ocr_line' id='line_1_2' title="bbox 1824 371 3782 441; baseline -0.006 -5"><span class='ocrx_word' id='word_1_2' title='bbox 1824 372 2203 436; x_wconf 72' lang='lat' dir='ltr'><strong>EUTIIYMII</strong></span> <span class='ocrx_word' id='word_1_3' title='bbox 2240 371 2603 434; x_wconf 70' lang='lat' dir='ltr'><strong>ZIGABENI</strong></span> <span class='ocrx_word' id='word_1_4' title='bbox 3689 376 3782 441; x_wconf 61' lang='grc' dir='ltr'><strong>εδδ</strong></span> 
     </span>
    </p>
   </div>
   <div class='ocr_carea' id='block_1_3' title="bbox 660 506 2158 586">
    <p class='ocr_par' dir='ltr' id='par_1_3' title="bbox 660 506 2154 586">
     <span class='ocr_line' id='line_1_3' title="bbox 660 506 2154 586; baseline -0.005 -15"><span class='ocrx_word' id='word_1_5' title='bbox 660 515 718 571; x_wconf 99' lang='lat' dir='ltr'><strong>Si</strong></span> <span class='ocrx_word' id='word_1_6' title='bbox 752 516 876 586; x_wconf 86' lang='lat' dir='ltr'><strong>quis</strong></span> <span class='ocrx_word' id='word_1_7' title='bbox 906 531 1128 569; x_wconf 86' lang='lat' dir='ltr'><strong>carnem</strong></span> <span class='ocrx_word' id='word_1_8' title='bbox 1176 528 1206 566; x_wconf 89' lang='lat' dir='ltr'><strong>a</strong></span> <span class='ocrx_word' id='word_1_9' title='bbox 1253 506 1393 566; x_wconf 70' lang='lat' dir='ltr'><strong>c0310</strong></span> <span class='ocrx_word' id='word_1_10' title='bbox 1427 508 1796 577; x_wconf 80' lang='lat' dir='ltr'><strong>descendisse,</strong></span> <span class='ocrx_word' id='word_1_11' title='bbox 1832 522 1940 565; x_wconf 89' lang='lat' dir='ltr'><strong>n0n</strong></span> <span class='ocrx_word' id='word_1_12' title='bbox 1975 519 2154 565; x_wconf 88' lang='lat' dir='ltr'><strong>autem</strong></span> 
     </span>
    </p>
   </div>
   <div class='ocr_carea' id='block_1_4' title="bbox 2260 506 3778 586">
    <p class='ocr_par' dir='ltr' id='par_1_4' title="bbox 2325 506 3778 584">
     <span class='ocr_line' id='line_1_4' title="bbox 2325 506 3778 584; baseline 0.003 -20"><span class='ocrx_word' id='word_1_13' title='bbox 2325 506 2489 575; x_wconf 67' lang='grc' dir='ltr'>Εῐτις</span> <span class='ocrx_word' id='word_1_14' title='bbox 2511 512 2658 579; x_wconf 80' lang='grc' dir='ltr'>λέγοι</span> <span class='ocrx_word' id='word_1_15' title='bbox 2688 510 2787 581; x_wconf 83' lang='grc' dir='ltr'><strong>τὴν</strong></span> <span class='ocrx_word' id='word_1_16' title='bbox 2816 510 2992 581; x_wconf 70' lang='grc' dir='ltr'>σάρκα</span> <span class='ocrx_word' id='word_1_17' title='bbox 3021 510 3078 577; x_wconf 74' lang='grc' dir='ltr'>ἐξ</span> <span class='ocrx_word' id='word_1_18' title='bbox 3106 508 3335 582; x_wconf 71' lang='grc' dir='ltr'>οὐρανοῦ</span> <span class='ocrx_word' id='word_1_19' title='bbox 3374 511 3778 584; x_wconf 76' lang='grc' dir='ltr'><strong>κατεληλυθέναι,</strong></span> 
     </span>
    </p>
   </div>
   <div class='ocr_carea' id='block_1_5' title="bbox 592 600 2157 677">
    <p class='ocr_par' dir='ltr' id='par_1_5' title="bbox 592 600 2157 677">
     <span class='ocr_line' id='line_1_5' title="bbox 592 600 2157 677; baseline -0.004 -16"><span class='ocrx_word' id='word_1_20' title='bbox 592 608 719 662; x_wconf 90' lang='lat' dir='ltr'><strong>hinc</strong></span> <span class='ocrx_word' id='word_1_21' title='bbox 750 617 912 677; x_wconf 87' lang='lat' dir='ltr'><strong>atque</strong></span> <span class='ocrx_word' id='word_1_22' title='bbox 947 622 976 658; x_wconf 88' lang='lat' dir='ltr'><strong>a</strong></span> <span class='ocrx_word' id='word_1_23' title='bbox 1010 605 1166 659; x_wconf 86' lang='lat' dir='ltr'><strong>nobis</strong></span> <span class='ocrx_word' id='word_1_24' title='bbox 1194 619 1314 659; x_wconf 88' lang='lat' dir='ltr'><strong>esse</strong></span> <span class='ocrx_word' id='word_1_25' title='bbox 1345 603 1566 668; x_wconf 81' lang='lat' dir='ltr'><strong>dixerit,</strong></span> <span class='ocrx_word' id='word_1_26' title='bbox 1599 600 1809 656; x_wconf 87' lang='lat' dir='ltr'><strong>etiamsi</strong></span> <span class='ocrx_word' id='word_1_27' title='bbox 1841 615 2007 671; x_wconf 84' lang='lat' dir='ltr'><strong>supra</strong></span> <span class='ocrx_word' id='word_1_28' title='bbox 2035 616 2157 668; x_wconf 85' lang='lat' dir='ltr'><strong>nos,</strong></span> 
     </span>
    </p>
   </div>
   <div class='ocr_carea' id='block_1_6' title="bbox 594 688 2155 758">
    <p class='ocr_par' dir='ltr' id='par_1_6' title="bbox 594 688 2155 758">
     <span class='ocr_line' id='line_1_6' title="bbox 594 688 2155 758; baseline -0.005 -7"><span class='ocrx_word' id='word_1_29' title='bbox 594 699 883 751; x_wconf 81' lang='lat' dir='ltr'><strong>anathema</strong></span> <span class='ocrx_word' id='word_1_30' title='bbox 918 696 1004 749; x_wconf 87' lang='lat' dir='ltr'><strong>sit.</strong></span> <span class='ocrx_word' id='word_1_31' title='bbox 1027 692 1162 746; x_wconf 84' lang='lat' dir='ltr'><strong>Illud</strong></span> <span class='ocrx_word' id='word_1_32' title='bbox 1190 692 1358 757; x_wconf 87' lang='lat' dir='ltr'><strong>enim,</strong></span> <span class='ocrx_word' id='word_1_33' title='bbox 1388 689 1654 745; x_wconf 82' lang='lat' dir='ltr'><strong>Secundus</strong></span> <span class='ocrx_word' id='word_1_34' title='bbox 1680 690 1830 745; x_wconf 85' lang='lat' dir='ltr'><strong>homo</strong></span> <span class='ocrx_word' id='word_1_35' title='bbox 1860 688 1922 743; x_wconf 84' lang='lat' dir='ltr'><strong>de</strong></span> <span class='ocrx_word' id='word_1_36' title='bbox 1944 690 2070 744; x_wconf 77' lang='lat' dir='ltr'><strong>caelo</strong></span> <span class='ocrx_word' id='word_1_37' title='bbox 2113 692 2155 758; x_wconf 62' lang='grc' dir='ltr'>τ,</span> 
     </span>
    </p>
   </div>
   <div class='ocr_carea' id='block_1_7' title="bbox 594 779 2156 853">
    <p class='ocr_par' dir='ltr' id='par_1_7' title="bbox 594 779 2156 853">
     <span class='ocr_line' id='line_1_7' title="bbox 594 779 2156 853; baseline -0.006 -11"><span class='ocrx_word' id='word_1_38' title='bbox 594 800 669 853; x_wconf 76' lang='lat' dir='ltr'><strong>et,</strong></span> <span class='ocrx_word' id='word_1_39' title='bbox 704 786 891 851; x_wconf 79' lang='lat' dir='ltr'><strong>Qualis</strong></span> <span class='ocrx_word' id='word_1_40' title='bbox 938 785 1183 847; x_wconf 66' lang='lat' dir='ltr'><strong>coalestis,</strong></span> <span class='ocrx_word' id='word_1_41' title='bbox 1236 783 1366 836; x_wconf 77' lang='lat' dir='ltr'><strong>tales</strong></span> <span class='ocrx_word' id='word_1_42' title='bbox 1408 792 1458 836; x_wconf 84' lang='lat' dir='ltr'><strong>et</strong></span> <span class='ocrx_word' id='word_1_43' title='bbox 1507 781 1732 835; x_wconf 67' lang='lat' dir='ltr'><strong>calestes</strong></span> <span class='ocrx_word' id='word_1_44' title='bbox 1786 792 1805 819; x_wconf 77' lang='grc'>²</span> <span class='ocrx_word' id='word_1_45' title='bbox 1834 800 1848 848; x_wconf 89' lang='grc'><strong>;</strong></span> <span class='ocrx_word' id='word_1_46' title='bbox 1879 789 1954 846; x_wconf 86' lang='lat' dir='ltr'><strong>et,</strong></span> <span class='ocrx_word' id='word_1_47' title='bbox 1990 779 2156 834; x_wconf 87' lang='lat' dir='ltr'><strong>Nemo</strong></span> 
     </span>
    </p>
   </div>
   <div class='ocr_carea' id='block_1_8' title="bbox 593 871 2155 945">
    <p class='ocr_par' dir='ltr' id='par_1_8' title="bbox 593 871 2155 945">
     <span class='ocr_line' id='line_1_8' title="bbox 593 871 2155 945; baseline -0.004 -11"><span class='ocrx_word' id='word_1_48' title='bbox 593 879 829 934; x_wconf 73' lang='lat' dir='ltr'><strong>ascendit</strong></span> <span class='ocrx_word' id='word_1_49' title='bbox 868 880 921 930; x_wconf 80' lang='lat' dir='ltr'><strong>in</strong></span> <span class='ocrx_word' id='word_1_50' title='bbox 950 878 1157 935; x_wconf 70' lang='lat' dir='ltr'><strong>caelum.</strong></span> <span class='ocrx_word' id='word_1_51' title='bbox 1202 878 1305 930; x_wconf 83' lang='lat' dir='ltr'><strong>nisi</strong></span> <span class='ocrx_word' id='word_1_52' title='bbox 1336 877 1426 945; x_wconf 83' lang='lat' dir='ltr'><strong>qui</strong></span> <span class='ocrx_word' id='word_1_53' title='bbox 1449 875 1711 929; x_wconf 79' lang='lat' dir='ltr'><strong>descendit</strong></span> <span class='ocrx_word' id='word_1_54' title='bbox 1735 874 1798 928; x_wconf 85' lang='lat' dir='ltr'><strong>de</strong></span> <span class='ocrx_word' id='word_1_55' title='bbox 1827 874 1952 928; x_wconf 74' lang='lat' dir='ltr'><strong>caelo</strong></span> <span class='ocrx_word' id='word_1_56' title='bbox 1980 871 2155 927; x_wconf 81' lang='lat' dir='ltr'><strong>Filius</strong></span> 
     </span>
    </p>
   </div>
   <div class='ocr_carea' id='block_1_9' title="bbox 593 967 2156 1038">
    <p class='ocr_par' dir='ltr' id='par_1_9' title="bbox 593 967 2156 1038">
     <span class='ocr_line' id='line_1_9' title="bbox 593 967 2156 1038; baseline -0.004 -13"><span class='ocrx_word' id='word_1_57' title='bbox 593 972 819 1025; x_wconf 80' lang='lat' dir='ltr'><strong>hominis</strong></span> <span class='ocrx_word' id='word_1_58' title='bbox 867 977 919 1037; x_wconf 81' lang='grc'><strong>³,</strong></span> <span class='ocrx_word' id='word_1_59' title='bbox 955 977 1009 1023; x_wconf 90' lang='lat' dir='ltr'><strong>et</strong></span> <span class='ocrx_word' id='word_1_60' title='bbox 1043 969 1088 1025; x_wconf 90' lang='lat' dir='ltr'><strong>si</strong></span> <span class='ocrx_word' id='word_1_61' title='bbox 1120 968 1250 1038; x_wconf 89' lang='lat' dir='ltr'><strong>quid</strong></span> <span class='ocrx_word' id='word_1_62' title='bbox 1283 967 1430 1021; x_wconf 83' lang='lat' dir='ltr'><strong>aliud</strong></span> <span class='ocrx_word' id='word_1_63' title='bbox 1476 967 1719 1037; x_wconf 88' lang='lat' dir='ltr'><strong>ejusdem</strong></span> <span class='ocrx_word' id='word_1_64' title='bbox 1754 969 1991 1037; x_wconf 82' lang='lat' dir='ltr'><strong>generis,</strong></span> <span class='ocrx_word' id='word_1_65' title='bbox 2030 980 2156 1036; x_wconf 86' lang='lat' dir='ltr'><strong>pro-</strong></span> 
     </span>
    </p>
   </div>
   <div class='ocr_carea' id='block_1_10' title="bbox 596 1057 2155 1132">
    <p class='ocr_par' dir='ltr' id='par_1_10' title="bbox 596 1057 2155 1132">
     <span class='ocr_line' id='line_1_10' title="bbox 596 1057 2155 1132; baseline -0.002 -19"><span class='ocrx_word' id='word_1_66' title='bbox 596 1070 714 1132; x_wconf 88' lang='lat' dir='ltr'><strong>pter</strong></span> <span class='ocrx_word' id='word_1_67' title='bbox 747 1062 1004 1115; x_wconf 88' lang='lat' dir='ltr'><strong>unionem</strong></span> <span class='ocrx_word' id='word_1_68' title='bbox 1037 1075 1159 1115; x_wconf 90' lang='lat' dir='ltr'><strong>cum</strong></span> <span class='ocrx_word' id='word_1_69' title='bbox 1194 1057 1402 1112; x_wconf 67' lang='lat' dir='ltr'><strong>ccelesti</strong></span> <span class='ocrx_word' id='word_1_70' title='bbox 1436 1058 1553 1112; x_wconf 75' lang='lat' dir='ltr'><strong>.dici</strong></span> <span class='ocrx_word' id='word_1_71' title='bbox 1590 1058 2009 1112; x_wconf 87' lang='lat' dir='ltr'><strong>existimandum</strong></span> <span class='ocrx_word' id='word_1_72' title='bbox 2037 1065 2155 1112; x_wconf 88' lang='lat' dir='ltr'><strong>est:</strong></span> 
     </span>
    </p>
   </div>
   <div class='ocr_carea' id='block_1_11' title="bbox 591 1143 2157 1221">
    <p class='ocr_par' dir='ltr' id='par_1_11' title="bbox 591 1143 2157 1221">
     <span class='ocr_line' id='line_1_11' title="bbox 591 1143 2157 1221; baseline -0.003 -18"><span class='ocrx_word' id='word_1_73' title='bbox 591 1149 1051 1221; x_wconf 81' lang='lat' dir='ltr'><strong>quemadmodum</strong></span> <span class='ocrx_word' id='word_1_74' title='bbox 1096 1155 1149 1203; x_wconf 89' lang='lat' dir='ltr'><strong>et</strong></span> <span class='ocrx_word' id='word_1_75' title='bbox 1172 1147 1325 1209; x_wconf 88' lang='lat' dir='ltr'><strong>illud,</strong></span> <span class='ocrx_word' id='word_1_76' title='bbox 1351 1143 1455 1201; x_wconf 86' lang='lat' dir='ltr'><strong>Per</strong></span> <span class='ocrx_word' id='word_1_77' title='bbox 1487 1146 1762 1201; x_wconf 74' lang='lat' dir='ltr'><strong>Christum</strong></span> <span class='ocrx_word' id='word_1_78' title='bbox 1808 1149 1992 1202; x_wconf 88' lang='lat' dir='ltr'><strong>omnia</strong></span> <span class='ocrx_word' id='word_1_79' title='bbox 2016 1148 2157 1201; x_wconf 79' lang='lat' dir='ltr'><strong>facta</strong></span> 
     </span>
    </p>
   </div>
   <div class='ocr_carea' id='block_1_12' title="bbox 588 1237 2152 1305">
    <p class='ocr_par' dir='ltr' id='par_1_12' title="bbox 588 1237 2152 1305">
     <span class='ocr_line' id='line_1_12' title="bbox 588 1237 2152 1305; baseline -0.004 -7"><span class='ocrx_word' id='word_1_80' title='bbox 588 1257 711 1298; x_wconf 92' lang='lat' dir='ltr'><strong>esse</strong></span> <span class='ocrx_word' id='word_1_81' title='bbox 756 1241 777 1272; x_wconf 80' lang='lat'><strong>&quot;</strong></span> <span class='ocrx_word' id='word_1_82' title='bbox 808 1280 822 1305; x_wconf 94' lang='lat'><strong>,</strong></span> <span class='ocrx_word' id='word_1_83' title='bbox 856 1249 909 1295; x_wconf 90' lang='lat' dir='ltr'><strong>et</strong></span> <span class='ocrx_word' id='word_1_84' title='bbox 940 1239 1205 1295; x_wconf 77' lang='lat' dir='ltr'><strong>Christum</strong></span> <span class='ocrx_word' id='word_1_85' title='bbox 1244 1240 1297 1291; x_wconf 80' lang='lat' dir='ltr'><strong>in</strong></span> <span class='ocrx_word' id='word_1_86' title='bbox 1324 1237 1568 1292; x_wconf 78' lang='lat' dir='ltr'><strong>cordibus</strong></span> <span class='ocrx_word' id='word_1_87' title='bbox 1602 1240 1783 1292; x_wconf 79' lang='lat' dir='ltr'><strong>vestris</strong></span> <span class='ocrx_word' id='word_1_88' title='bbox 1831 1239 2065 1292; x_wconf 76' lang='lat' dir='ltr'><strong>habitare</strong></span> <span class='ocrx_word' id='word_1_89' title='bbox 2101 1251 2152 1304; x_wconf 79' lang='grc' dir='ltr'><strong>σ,</strong></span> 
     </span>
    </p>
   </div>
   <div class='ocr_carea' id='block_1_13' title="bbox 586 1326 2155 1400">
    <p class='ocr_par' dir='ltr' id='par_1_13' title="bbox 586 1326 2155 1400">
     <span class='ocr_line' id='line_1_13' title="bbox 586 1326 2155 1400; baseline -0.003 -15"><span class='ocrx_word' id='word_1_90' title='bbox 586 1348 696 1387; x_wconf 90' lang='lat' dir='ltr'><strong>non</strong></span> <span class='ocrx_word' id='word_1_91' title='bbox 736 1329 1041 1384; x_wconf 90' lang='lat' dir='ltr'><strong>secundum</strong></span> <span class='ocrx_word' id='word_1_92' title='bbox 1092 1330 1145 1383; x_wconf 90' lang='lat' dir='ltr'><strong>id</strong></span> <span class='ocrx_word' id='word_1_93' title='bbox 1195 1328 1313 1394; x_wconf 84' lang='lat' dir='ltr'><strong>Dei,</strong></span> <span class='ocrx_word' id='word_1_94' title='bbox 1361 1328 1503 1400; x_wconf 89' lang='lat' dir='ltr'><strong>quod</strong></span> <span class='ocrx_word' id='word_1_95' title='bbox 1553 1326 1727 1382; x_wconf 88' lang='lat' dir='ltr'><strong>oculis</strong></span> <span class='ocrx_word' id='word_1_96' title='bbox 1761 1329 2023 1393; x_wconf 88' lang='lat' dir='ltr'><strong>cernitur,</strong></span> <span class='ocrx_word' id='word_1_97' title='bbox 2060 1328 2155 1383; x_wconf 87' lang='lat' dir='ltr'><strong>sed</strong></span> 
     </span>
    </p>
   </div>
   <div class='ocr_carea' id='block_1_14' title="bbox 589 1420 2157 1491">
    <p class='ocr_par' dir='ltr' id='par_1_14' title="bbox 589 1420 2157 1491">
     <span class='ocr_line' id='line_1_14' title="bbox 589 1420 2157 1491; baseline -0.001 -15"><span class='ocrx_word' id='word_1_98' title='bbox 589 1423 888 1479; x_wconf 89' lang='lat' dir='ltr'><strong>secundum</strong></span> <span class='ocrx_word' id='word_1_99' title='bbox 914 1420 989 1487; x_wconf 89' lang='lat' dir='ltr'><strong>id,</strong></span> <span class='ocrx_word' id='word_1_100' title='bbox 1015 1421 1157 1491; x_wconf 91' lang='lat' dir='ltr'><strong>quod</strong></span> <span class='ocrx_word' id='word_1_101' title='bbox 1187 1420 1462 1475; x_wconf 87' lang='lat' dir='ltr'><strong>intellectu</strong></span> <span class='ocrx_word' id='word_1_102' title='bbox 1495 1420 1815 1489; x_wconf 87' lang='lat' dir='ltr'><strong>percipitur,</strong></span> <span class='ocrx_word' id='word_1_103' title='bbox 1856 1420 2157 1474; x_wconf 88' lang='lat' dir='ltr'><strong>commistis</strong></span> 
     </span>
    </p>
   </div>
   <div class='ocr_carea' id='block_1_15' title="bbox 588 1511 2156 1579">
    <p class='ocr_par' dir='ltr' id='par_1_15' title="bbox 588 1511 2156 1579">
     <span class='ocr_line' id='line_1_15' title="bbox 588 1511 2156 1579; baseline -0.001 -13"><span class='ocrx_word' id='word_1_104' title='bbox 588 1512 862 1575; x_wconf 80' lang='lat' dir='ltr'><strong>videlicet,</strong></span> <span class='ocrx_word' id='word_1_105' title='bbox 893 1520 953 1565; x_wconf 88' lang='lat' dir='ltr'><strong>ut</strong></span> <span class='ocrx_word' id='word_1_106' title='bbox 1008 1512 1244 1574; x_wconf 89' lang='lat' dir='ltr'><strong>naturis,</strong></span> <span class='ocrx_word' id='word_1_107' title='bbox 1299 1511 1373 1563; x_wconf 91' lang='lat' dir='ltr'><strong>ita</strong></span> <span class='ocrx_word' id='word_1_108' title='bbox 1408 1511 1572 1565; x_wconf 89' lang='lat' dir='ltr'><strong>etiam</strong></span> <span class='ocrx_word' id='word_1_109' title='bbox 1622 1511 1955 1575; x_wconf 88' lang='lat' dir='ltr'><strong>nominibus,</strong></span> <span class='ocrx_word' id='word_1_110' title='bbox 1993 1519 2156 1579; x_wconf 78' lang='lat' dir='ltr'><strong>atque</strong></span> 
     </span>
    </p>
   </div>
   <div class='ocr_carea' id='block_1_16' title="bbox 588 1598 2147 1667">
    <p class='ocr_par' dir='ltr' id='par_1_16' title="bbox 588 1598 2147 1667">
     <span class='ocr_line' id='line_1_16' title="bbox 588 1598 2147 1667; baseline -0.004 -12"><span class='ocrx_word' id='word_1_111' title='bbox 588 1602 659 1655; x_wconf 89' lang='lat' dir='ltr'><strong>ob</strong></span> <span class='ocrx_word' id='word_1_112' title='bbox 686 1601 1050 1655; x_wconf 86' lang='lat' dir='ltr'><strong>aretissimam</strong></span> <span class='ocrx_word' id='word_1_113' title='bbox 1105 1600 1549 1667; x_wconf 86' lang='lat' dir='ltr'><strong>conjunctionem</strong></span> <span class='ocrx_word' id='word_1_114' title='bbox 1611 1598 1752 1653; x_wconf 86' lang='lat' dir='ltr'><strong>inter</strong></span> <span class='ocrx_word' id='word_1_115' title='bbox 1801 1614 1860 1653; x_wconf 87' lang='lat' dir='ltr'><strong>se</strong></span> <span class='ocrx_word' id='word_1_116' title='bbox 1906 1599 2147 1654; x_wconf 83' lang='lat' dir='ltr'><strong>vicissim</strong></span> 
     </span>
    </p>
   </div>
   <div class='ocr_carea' id='block_1_17' title="bbox 585 1691 1044 1746">
    <p class='ocr_par' dir='ltr' id='par_1_17' title="bbox 585 1691 1044 1746">
     <span class='ocr_line' id='line_1_17' title="bbox 585 1691 1044 1746; baseline -0.004 0"><span class='ocrx_word' id='word_1_117' title='bbox 585 1691 1044 1746; x_wconf 87' lang='lat' dir='ltr'><strong>commeantibus.</strong></span> 
     </span>
    </p>
   </div>
   <div class='ocr_carea' id='block_1_18' title="bbox 659 1780 2153 1849">
    <p class='ocr_par' dir='ltr' id='par_1_18' title="bbox 659 1780 2153 1849">
     <span class='ocr_line' id='line_1_18' title="bbox 659 1780 2153 1849; baseline -0.002 -14"><span class='ocrx_word' id='word_1_118' title='bbox 659 1781 715 1835; x_wconf 90' lang='lat' dir='ltr'><strong>Si</strong></span> <span class='ocrx_word' id='word_1_119' title='bbox 768 1780 893 1849; x_wconf 87' lang='lat' dir='ltr'><strong>quis</strong></span> <span class='ocrx_word' id='word_1_120' title='bbox 944 1781 998 1835; x_wconf 93' lang='lat' dir='ltr'><strong>in</strong></span> <span class='ocrx_word' id='word_1_121' title='bbox 1054 1780 1328 1834; x_wconf 88' lang='lat' dir='ltr'><strong>hominem</strong></span> <span class='ocrx_word' id='word_1_122' title='bbox 1383 1789 1565 1835; x_wconf 89' lang='lat' dir='ltr'><strong>mente</strong></span> <span class='ocrx_word' id='word_1_123' title='bbox 1627 1788 1899 1833; x_wconf 82' lang='lat' dir='ltr'><strong>carentem</strong></span> <span class='ocrx_word' id='word_1_124' title='bbox 1950 1784 2153 1849; x_wconf 85' lang='lat' dir='ltr'><strong>sperat,</strong></span> 
     </span>
    </p>
   </div>
   <div class='ocr_carea' id='block_1_19' title="bbox 584 1868 2158 1942">
    <p class='ocr_par' dir='ltr' id='par_1_19' title="bbox 584 1871 2155 1942">
     <span class='ocr_line' id='line_1_19' title="bbox 584 1871 2155 1942; baseline -0.001 -16"><span class='ocrx_word' id='word_1_125' title='bbox 584 1888 774 1927; x_wconf 74' lang='lat' dir='ltr'><strong>aniens</strong></span> <span class='ocrx_word' id='word_1_126' title='bbox 808 1872 1059 1941; x_wconf 86' lang='lat' dir='ltr'><strong>profecto</strong></span> <span class='ocrx_word' id='word_1_127' title='bbox 1099 1880 1205 1935; x_wconf 85' lang='lat' dir='ltr'><strong>est,</strong></span> <span class='ocrx_word' id='word_1_128' title='bbox 1238 1888 1338 1926; x_wconf 90' lang='lat' dir='ltr'><strong>nec</strong></span> <span class='ocrx_word' id='word_1_129' title='bbox 1368 1871 1587 1942; x_wconf 83' lang='lat' dir='ltr'><strong>dignus,</strong></span> <span class='ocrx_word' id='word_1_130' title='bbox 1618 1872 1704 1924; x_wconf 91' lang='lat' dir='ltr'><strong>cui</strong></span> <span class='ocrx_word' id='word_1_131' title='bbox 1738 1872 1883 1925; x_wconf 90' lang='lat' dir='ltr'><strong>omni</strong></span> <span class='ocrx_word' id='word_1_132' title='bbox 1910 1888 1973 1925; x_wconf 89' lang='lat' dir='ltr'><strong>ex</strong></span> <span class='ocrx_word' id='word_1_133' title='bbox 2006 1878 2155 1941; x_wconf 89' lang='lat' dir='ltr'><strong>parte</strong></span> 
     </span>
    </p>
   </div>
   <div class='ocr_carea' id='block_1_20' title="bbox 2260 1868 3059 1942">
    <p class='ocr_par' dir='ltr' id='par_1_20' title="bbox 2260 1868 3059 1935">
     <span class='ocr_line' id='line_1_20' title="bbox 2260 1868 3059 1935; baseline -0.003 -13"><span class='ocrx_word' id='word_1_134' title='bbox 2260 1870 2398 1932; x_wconf 66' lang='grc' dir='ltr'>ἐστὶ,</span> <span class='ocrx_word' id='word_1_135' title='bbox 2450 1871 2544 1922; x_wconf 74' lang='grc' dir='ltr'><strong>καὶ</strong></span> <span class='ocrx_word' id='word_1_136' title='bbox 2581 1871 2681 1922; x_wconf 81' lang='grc' dir='ltr'><strong>οὐκ</strong></span> <span class='ocrx_word' id='word_1_137' title='bbox 2729 1869 2877 1935; x_wconf 75' lang='grc' dir='ltr'>ἄξιος</span> <span class='ocrx_word' id='word_1_138' title='bbox 2923 1868 3059 1930; x_wconf 85' lang='grc' dir='ltr'>ὅλως</span> 
     </span>
    </p>
   </div>
   <div class='ocr_carea' id='block_1_21' title="bbox 586 1962 2151 2032">
    <p class='ocr_par' dir='ltr' id='par_1_21' title="bbox 586 1962 2151 2032">
     <span class='ocr_line' id='line_1_21' title="bbox 586 1962 2151 2032; baseline -0.001 -16"><span class='ocrx_word' id='word_1_139' title='bbox 586 1964 736 2018; x_wconf 86' lang='lat' dir='ltr'><strong>salus</strong></span> <span class='ocrx_word' id='word_1_140' title='bbox 795 1962 1070 2018; x_wconf 72' lang='lat' dir='ltr'><strong>aﬂeratur.</strong></span> <span class='ocrx_word' id='word_1_141' title='bbox 1121 1962 1253 2016; x_wconf 86' lang='lat' dir='ltr'><strong>Nam</strong></span> <span class='ocrx_word' id='word_1_142' title='bbox 1311 1963 1458 2032; x_wconf 91' lang='lat' dir='ltr'><strong>quod</strong></span> <span class='ocrx_word' id='word_1_143' title='bbox 1509 1974 1847 2030; x_wconf 84' lang='lat' dir='ltr'><strong>assumptum</strong></span> <span class='ocrx_word' id='word_1_144' title='bbox 1909 1977 2015 2015; x_wconf 89' lang='lat' dir='ltr'><strong>non</strong></span> <span class='ocrx_word' id='word_1_145' title='bbox 2048 1970 2151 2026; x_wconf 83' lang='lat' dir='ltr'><strong>est,</strong></span> 
     </span>
    </p>
   </div>
   <div class='ocr_carea' id='block_1_22' title="bbox 2256 597 3782 677">
    <p class='ocr_par' dir='ltr' id='par_1_22' title="bbox 2256 597 3782 677">
     <span class='ocr_line' id='line_1_22' title="bbox 2256 597 3782 677; baseline 0 -20"><span class='ocrx_word' id='word_1_146' title='bbox 2256 604 2390 659; x_wconf 91' lang='grc' dir='ltr'><strong>ἀλλά</strong></span> <span class='ocrx_word' id='word_1_147' title='bbox 2438 605 2510 675; x_wconf 84' lang='grc' dir='ltr'>μὴ</span> <span class='ocrx_word' id='word_1_148' title='bbox 2554 602 2800 655; x_wconf 74' lang='grc' dir='ltr'>ἐντεῦθεν</span> <span class='ocrx_word' id='word_1_149' title='bbox 2834 597 2970 655; x_wconf 77' lang='grc' dir='ltr'>εἶναι</span> <span class='ocrx_word' id='word_1_150' title='bbox 2997 602 3088 654; x_wconf 76' lang='grc' dir='ltr'>καὶ</span> <span class='ocrx_word' id='word_1_151' title='bbox 3119 604 3246 671; x_wconf 77' lang='grc' dir='ltr'>παρ’</span> <span class='ocrx_word' id='word_1_152' title='bbox 3276 601 3451 672; x_wconf 78' lang='grc' dir='ltr'>ἡμῶν,</span> <span class='ocrx_word' id='word_1_153' title='bbox 3486 604 3533 655; x_wconf 76' lang='grc' dir='ltr'>εἰ</span> <span class='ocrx_word' id='word_1_154' title='bbox 3563 605 3647 656; x_wconf 78' lang='grc' dir='ltr'><strong>καὶ</strong></span> <span class='ocrx_word' id='word_1_155' title='bbox 3670 606 3782 677; x_wconf 74' lang='grc' dir='ltr'>ὑπὲρ</span> 
     </span>
    </p>
   </div>
   <div class='ocr_carea' id='block_1_23' title="bbox 2257 691 3783 767">
    <p class='ocr_par' dir='ltr' id='par_1_23' title="bbox 2257 691 3783 767">
     <span class='ocr_line' id='line_1_23' title="bbox 2257 691 3783 767; baseline -0.001 -20"><span class='ocrx_word' id='word_1_156' title='bbox 2257 696 2403 767; x_wconf 77' lang='grc' dir='ltr'>ἡμᾶς</span> <span class='ocrx_word' id='word_1_157' title='bbox 2438 695 2566 763; x_wconf 76' lang='grc'><strong>(45),</strong></span> <span class='ocrx_word' id='word_1_158' title='bbox 2602 693 2848 763; x_wconf 82' lang='grc' dir='ltr'><strong>ἀνάθεμα</strong></span> <span class='ocrx_word' id='word_1_159' title='bbox 2885 691 3043 745; x_wconf 75' lang='grc' dir='ltr'>ἔστω.</span> <span class='ocrx_word' id='word_1_160' title='bbox 3082 692 3154 744; x_wconf 80' lang='grc' dir='ltr'><strong>Τὸ</strong></span> <span class='ocrx_word' id='word_1_161' title='bbox 3187 691 3315 763; x_wconf 85' lang='grc' dir='ltr'>γὰρ,</span> <span class='ocrx_word' id='word_1_162' title='bbox 3346 691 3396 744; x_wconf 84' lang='grc' dir='ltr'>Ὀ</span> <span class='ocrx_word' id='word_1_163' title='bbox 3424 692 3682 760; x_wconf 82' lang='grc' dir='ltr'>δεύτερος</span> <span class='ocrx_word' id='word_1_164' title='bbox 3703 695 3783 746; x_wconf 82' lang='grc' dir='ltr'><strong>ἇν-</strong></span> 
     </span>
    </p>
   </div>
   <div class='ocr_carea' id='block_1_24' title="bbox 2256 777 3821 857">
    <p class='ocr_par' dir='ltr' id='par_1_24' title="bbox 2256 777 3821 857">
     <span class='ocr_line' id='line_1_24' title="bbox 2256 777 3821 857; baseline -0.002 -16"><span class='ocrx_word' id='word_1_165' title='bbox 2256 791 2485 857; x_wconf 78' lang='grc' dir='ltr'>θρωπος</span> <span class='ocrx_word' id='word_1_166' title='bbox 2507 786 2575 849; x_wconf 78' lang='grc' dir='ltr'><strong>ἐξ</strong></span> <span class='ocrx_word' id='word_1_167' title='bbox 2594 783 2871 853; x_wconf 77' lang='grc' dir='ltr'>οὐρανοῦ,</span> <span class='ocrx_word' id='word_1_168' title='bbox 2901 783 2994 836; x_wconf 72' lang='grc' dir='ltr'>καὶ</span> <span class='ocrx_word' id='word_1_169' title='bbox 3018 777 3150 847; x_wconf 75' lang='grc' dir='ltr'><strong>Οἶος</strong></span> <span class='ocrx_word' id='word_1_170' title='bbox 3173 786 3204 835; x_wconf 85' lang='grc' dir='ltr'><strong><em>ό</em></strong></span> <span class='ocrx_word' id='word_1_171' title='bbox 3230 783 3606 851; x_wconf 73' lang='grc' dir='ltr'>ἐπουράνιος,</span> <span class='ocrx_word' id='word_1_172' title='bbox 3629 787 3787 839; x_wconf 63' lang='lat' dir='ltr'><strong>tom?-</strong></span> <span class='ocrx_word' id='word_1_173' title='bbox 3820 838 3821 847; x_wconf 38' lang='lat'><strong>,</strong></span> 
     </span>
    </p>
   </div>
   <div class='ocr_carea' id='block_1_25' title="bbox 2256 873 3787 944">
    <p class='ocr_par' dir='ltr' id='par_1_25' title="bbox 2256 873 3787 944">
     <span class='ocr_line' id='line_1_25' title="bbox 2256 873 3787 944; baseline -0.002 -12"><span class='ocrx_word' id='word_1_174' title='bbox 2256 896 2344 932; x_wconf 86' lang='grc' dir='ltr'>τοι</span> <span class='ocrx_word' id='word_1_175' title='bbox 2374 877 2468 931; x_wconf 73' lang='grc' dir='ltr'>καὶ</span> <span class='ocrx_word' id='word_1_176' title='bbox 2494 879 2547 929; x_wconf 80' lang='grc' dir='ltr'><strong>οἱ</strong></span> <span class='ocrx_word' id='word_1_177' title='bbox 2576 875 2935 944; x_wconf 78' lang='grc' dir='ltr'>ἐπουράνιοι,</span> <span class='ocrx_word' id='word_1_178' title='bbox 2963 874 3075 937; x_wconf 75' lang='grc' dir='ltr'>καὶ,</span> <span class='ocrx_word' id='word_1_179' title='bbox 3107 873 3315 939; x_wconf 77' lang='grc' dir='ltr'><strong>Οὐδεὶς</strong></span> <span class='ocrx_word' id='word_1_180' title='bbox 3346 874 3697 941; x_wconf 74' lang='grc' dir='ltr'>ἀναϐέϐηκεν</span> <span class='ocrx_word' id='word_1_181' title='bbox 3718 880 3787 941; x_wconf 79' lang='grc' dir='ltr'><strong>εις</strong></span> 
     </span>
    </p>
   </div>
   <div class='ocr_carea' id='block_1_26' title="bbox 2257 962 3792 1035">
    <p class='ocr_par' dir='ltr' id='par_1_26' title="bbox 2257 962 3792 1035">
     <span class='ocr_line' id='line_1_26' title="bbox 2257 962 3792 1035; baseline -0.001 -14"><span class='ocrx_word' id='word_1_182' title='bbox 2257 968 2365 1021; x_wconf 80' lang='grc' dir='ltr'>τὸν</span> <span class='ocrx_word' id='word_1_183' title='bbox 2395 965 2672 1035; x_wconf 76' lang='grc' dir='ltr'>οὐραγὸν,</span> <span class='ocrx_word' id='word_1_184' title='bbox 2700 966 2756 1017; x_wconf 78' lang='grc' dir='ltr'>εἰ</span> <span class='ocrx_word' id='word_1_185' title='bbox 2777 962 2862 1033; x_wconf 76' lang='grc' dir='ltr'>μῆ</span> <span class='ocrx_word' id='word_1_186' title='bbox 2905 963 2947 1016; x_wconf 78' lang='grc' dir='ltr'><em>ὅ</em></span> <span class='ocrx_word' id='word_1_187' title='bbox 2966 964 3032 1015; x_wconf 81' lang='grc' dir='ltr'>ἐκ</span> <span class='ocrx_word' id='word_1_188' title='bbox 3072 963 3176 1016; x_wconf 78' lang='grc' dir='ltr'><strong>τοῦ</strong></span> <span class='ocrx_word' id='word_1_189' title='bbox 3215 962 3473 1029; x_wconf 68' lang='grc' dir='ltr'><strong>οἰφαγοῦ</strong></span> <span class='ocrx_word' id='word_1_190' title='bbox 3507 966 3740 1030; x_wconf 74' lang='grc' dir='ltr'>καταϐὰς</span> <span class='ocrx_word' id='word_1_191' title='bbox 3764 969 3792 1019; x_wconf 83' lang='grc' dir='ltr'>ό</span> 
     </span>
    </p>
   </div>
   <div class='ocr_carea' id='block_1_27' title="bbox 2266 1052 3793 1123">
    <p class='ocr_par' dir='ltr' id='par_1_27' title="bbox 2266 1052 3793 1123">
     <span class='ocr_line' id='line_1_27' title="bbox 2266 1052 3793 1123; baseline -0.002 -13"><span class='ocrx_word' id='word_1_192' title='bbox 2266 1057 2398 1123; x_wconf 78' lang='grc' dir='ltr'><strong>Υἱὸς</strong></span> <span class='ocrx_word' id='word_1_193' title='bbox 2445 1054 2552 1110; x_wconf 80' lang='grc' dir='ltr'><strong>τοῦ</strong></span> <span class='ocrx_word' id='word_1_194' title='bbox 2594 1055 2927 1122; x_wconf 70' lang='grc' dir='ltr'>ἀνθρώπου,</span> <span class='ocrx_word' id='word_1_195' title='bbox 2961 1054 3054 1107; x_wconf 74' lang='grc' dir='ltr'>καὶ</span> <span class='ocrx_word' id='word_1_196' title='bbox 3100 1054 3152 1106; x_wconf 68' lang='lat' dir='ltr'><strong>et</strong></span> <span class='ocrx_word' id='word_1_197' title='bbox 3194 1070 3246 1106; x_wconf 89' lang='grc' dir='ltr'><strong>τι</strong></span> <span class='ocrx_word' id='word_1_198' title='bbox 3299 1052 3427 1107; x_wconf 77' lang='grc' dir='ltr'>ἄλλο</span> <span class='ocrx_word' id='word_1_199' title='bbox 3471 1052 3686 1116; x_wconf 81' lang='grc' dir='ltr'>τοιοῦτο,</span> <span class='ocrx_word' id='word_1_200' title='bbox 3723 1073 3793 1107; x_wconf 71' lang='grc' dir='ltr'><strong>νῦ-</strong></span> 
     </span>
    </p>
   </div>
   <div class='ocr_carea' id='block_1_28' title="bbox 2263 1143 3795 1218">
    <p class='ocr_par' dir='ltr' id='par_1_28' title="bbox 2263 1143 3795 1218">
     <span class='ocr_line' id='line_1_28' title="bbox 2263 1143 3795 1218; baseline -0.001 -19"><span class='ocrx_word' id='word_1_201' title='bbox 2263 1147 2481 1218; x_wconf 80' lang='grc' dir='ltr'>μιστέον</span> <span class='ocrx_word' id='word_1_202' title='bbox 2522 1145 2773 1214; x_wconf 84' lang='grc' dir='ltr'>λέγεσθαι</span> <span class='ocrx_word' id='word_1_203' title='bbox 2817 1145 2905 1198; x_wconf 54' lang='lat' dir='ltr'><strong>atat</strong></span> <span class='ocrx_word' id='word_1_204' title='bbox 2942 1144 3039 1214; x_wconf 77' lang='grc' dir='ltr'>τὴν</span> <span class='ocrx_word' id='word_1_205' title='bbox 3088 1144 3226 1215; x_wconf 79' lang='grc' dir='ltr'>πρὸς</span> <span class='ocrx_word' id='word_1_206' title='bbox 3272 1143 3362 1197; x_wconf 81' lang='grc' dir='ltr'><strong>τὸν</strong></span> <span class='ocrx_word' id='word_1_207' title='bbox 3409 1144 3647 1215; x_wconf 75' lang='grc' dir='ltr'>οὐράνιον</span> <span class='ocrx_word' id='word_1_208' title='bbox 3682 1144 3795 1197; x_wconf 73' lang='grc' dir='ltr'>ἕνω-</span> 
     </span>
    </p>
   </div>
   <div class='ocr_carea' id='block_1_29' title="bbox 2261 1233 3797 1307">
    <p class='ocr_par' dir='ltr' id='par_1_29' title="bbox 2261 1233 3797 1307">
     <span class='ocr_line' id='line_1_29' title="bbox 2261 1233 3797 1307; baseline -0.001 -16"><span class='ocrx_word' id='word_1_209' title='bbox 2261 1255 2343 1291; x_wconf 88' lang='grc' dir='ltr'><strong>σιν</strong></span> <span class='ocrx_word' id='word_1_210' title='bbox 2388 1272 2403 1298; x_wconf 86' lang='grc'>,</span> <span class='ocrx_word' id='word_1_211' title='bbox 2571 1236 2757 1306; x_wconf 82' lang='grc' dir='ltr'>ὥσπερ</span> <span class='ocrx_word' id='word_1_212' title='bbox 2796 1238 2889 1289; x_wconf 79' lang='grc' dir='ltr'>καὶ</span> <span class='ocrx_word' id='word_1_213' title='bbox 2931 1236 2990 1289; x_wconf 83' lang='grc' dir='ltr'>τδ</span> <span class='ocrx_word' id='word_1_214' title='bbox 3045 1236 3134 1289; x_wconf 81' lang='grc' dir='ltr'><strong>διὰ</strong></span> <span class='ocrx_word' id='word_1_215' title='bbox 3179 1233 3415 1307; x_wconf 78' lang='grc' dir='ltr'><strong>Χριστοῦ</strong></span> <span class='ocrx_word' id='word_1_216' title='bbox 3452 1235 3711 1304; x_wconf 80' lang='grc' dir='ltr'>γεγονέναι</span> <span class='ocrx_word' id='word_1_217' title='bbox 3741 1238 3797 1289; x_wconf 74' lang='grc' dir='ltr'>τὰ</span> 
     </span>
    </p>
   </div>
   <div class='ocr_carea' id='block_1_30' title="bbox 2259 1326 3791 1396">
    <p class='ocr_par' dir='ltr' id='par_1_30' title="bbox 2259 1326 3791 1396">
     <span class='ocr_line' id='line_1_30' title="bbox 2259 1326 3791 1396; baseline -0.004 -11"><span class='ocrx_word' id='word_1_218' title='bbox 2259 1332 2468 1394; x_wconf 79' lang='grc' dir='ltr'>πάντα,</span> <span class='ocrx_word' id='word_1_219' title='bbox 2524 1331 2617 1384; x_wconf 76' lang='grc' dir='ltr'>καὶ</span> <span class='ocrx_word' id='word_1_220' title='bbox 2667 1328 2965 1382; x_wconf 75' lang='grc' dir='ltr'><strong>κατοικεῖν</strong></span> <span class='ocrx_word' id='word_1_221' title='bbox 3021 1329 3278 1396; x_wconf 78' lang='grc' dir='ltr'>Χριστὸν</span> <span class='ocrx_word' id='word_1_222' title='bbox 3307 1327 3377 1380; x_wconf 82' lang='grc' dir='ltr'>ἐν</span> <span class='ocrx_word' id='word_1_223' title='bbox 3398 1326 3527 1392; x_wconf 78' lang='grc' dir='ltr'>ταῖς</span> <span class='ocrx_word' id='word_1_224' title='bbox 3566 1326 3791 1393; x_wconf 73' lang='grc' dir='ltr'><strong>καρδίαις</strong></span> 
     </span>
    </p>
   </div>
   <div class='ocr_carea' id='block_1_31' title="bbox 2260 1417 3799 1491">
    <p class='ocr_par' dir='ltr' id='par_1_31' title="bbox 2260 1417 3799 1491">
     <span class='ocr_line' id='line_1_31' title="bbox 2260 1417 3799 1491; baseline -0.005 -15"><span class='ocrx_word' id='word_1_225' title='bbox 2260 1421 2445 1491; x_wconf 76' lang='grc' dir='ltr'>ὑμῶν,</span> <span class='ocrx_word' id='word_1_226' title='bbox 2484 1423 2545 1474; x_wconf 82' lang='grc' dir='ltr'>οὐ</span> <span class='ocrx_word' id='word_1_227' title='bbox 2584 1420 2723 1474; x_wconf 86' lang='grc' dir='ltr'><strong>κατά</strong></span> <span class='ocrx_word' id='word_1_228' title='bbox 2757 1420 2816 1473; x_wconf 87' lang='grc' dir='ltr'><strong>τὸ</strong></span> <span class='ocrx_word' id='word_1_229' title='bbox 2858 1420 3177 1489; x_wconf 74' lang='grc' dir='ltr'>φαινόμενον</span> <span class='ocrx_word' id='word_1_230' title='bbox 3214 1417 3307 1471; x_wconf 89' lang='grc' dir='ltr'><strong>τοῦ</strong></span> <span class='ocrx_word' id='word_1_231' title='bbox 3346 1417 3485 1470; x_wconf 81' lang='grc' dir='ltr'>Θεοῦ</span> <span class='ocrx_word' id='word_1_232' title='bbox 3521 1456 3535 1479; x_wconf 88' lang='grc'><em>,</em></span> <span class='ocrx_word' id='word_1_233' title='bbox 3689 1418 3799 1469; x_wconf 70' lang='lat' dir='ltr'><strong>am</strong></span> 
     </span>
    </p>
   </div>
   <div class='ocr_carea' id='block_1_32' title="bbox 2260 1506 3794 1579">
    <p class='ocr_par' dir='ltr' id='par_1_32' title="bbox 2260 1506 3794 1579">
     <span class='ocr_line' id='line_1_32' title="bbox 2260 1506 3794 1579; baseline -0.002 -17"><span class='ocrx_word' id='word_1_234' title='bbox 2260 1509 2402 1562; x_wconf 84' lang='grc' dir='ltr'>κατὰ</span> <span class='ocrx_word' id='word_1_235' title='bbox 2439 1511 2499 1561; x_wconf 86' lang='grc' dir='ltr'><strong>τὸ</strong></span> <span class='ocrx_word' id='word_1_236' title='bbox 2529 1509 2835 1579; x_wconf 84' lang='grc' dir='ltr'><strong>νοούμενον,</strong></span> <span class='ocrx_word' id='word_1_237' title='bbox 2872 1509 3211 1579; x_wconf 81' lang='grc' dir='ltr'>κιρναμένων</span> <span class='ocrx_word' id='word_1_238' title='bbox 3245 1508 3434 1577; x_wconf 80' lang='grc' dir='ltr'>ὥσπερ</span> <span class='ocrx_word' id='word_1_239' title='bbox 3462 1506 3568 1561; x_wconf 83' lang='grc' dir='ltr'><strong>τῶν</strong></span> <span class='ocrx_word' id='word_1_240' title='bbox 3597 1507 3794 1576; x_wconf 78' lang='grc' dir='ltr'><strong>φύσεων,</strong></span> 
     </span>
    </p>
   </div>
   <div class='ocr_carea' id='block_1_33' title="bbox 2258 1594 3799 1671">
    <p class='ocr_par' dir='ltr' id='par_1_33' title="bbox 2258 1594 3799 1671">
     <span class='ocr_line' id='line_1_33' title="bbox 2258 1594 3799 1671; baseline -0.002 -21"><span class='ocrx_word' id='word_1_241' title='bbox 2258 1598 2399 1651; x_wconf 75' lang='grc' dir='ltr'>οὕτω</span> <span class='ocrx_word' id='word_1_242' title='bbox 2437 1598 2500 1671; x_wconf 85' lang='grc' dir='ltr'><strong>δὴ</strong></span> <span class='ocrx_word' id='word_1_243' title='bbox 2548 1598 2640 1650; x_wconf 69' lang='grc' dir='ltr'><strong>καὶ</strong></span> <span class='ocrx_word' id='word_1_244' title='bbox 2679 1598 2787 1651; x_wconf 84' lang='grc' dir='ltr'>τῶν</span> <span class='ocrx_word' id='word_1_245' title='bbox 2835 1597 3108 1668; x_wconf 79' lang='grc' dir='ltr'><strong>κλήσεων,</strong></span> <span class='ocrx_word' id='word_1_246' title='bbox 3152 1597 3244 1649; x_wconf 74' lang='grc' dir='ltr'><strong>καὶ</strong></span> <span class='ocrx_word' id='word_1_247' title='bbox 3287 1594 3695 1667; x_wconf 83' lang='grc' dir='ltr'>περιχωρουσῶν</span> <span class='ocrx_word' id='word_1_248' title='bbox 3732 1598 3799 1658; x_wconf 72' lang='grc' dir='ltr'><strong>εἰς</strong></span> 
     </span>
    </p>
   </div>
   <div class='ocr_carea' id='block_1_34' title="bbox 2259 1688 3208 1760">
    <p class='ocr_par' dir='ltr' id='par_1_34' title="bbox 2259 1688 3208 1760">
     <span class='ocr_line' id='line_1_34' title="bbox 2259 1688 3208 1760; baseline -0.002 -18"><span class='ocrx_word' id='word_1_249' title='bbox 2259 1689 2493 1760; x_wconf 83' lang='grc' dir='ltr'><strong>ἀλλήλας</strong></span> <span class='ocrx_word' id='word_1_250' title='bbox 2514 1689 2601 1759; x_wconf 62' lang='grc' dir='ltr'><strong>τῷκ</strong></span> <span class='ocrx_word' id='word_1_251' title='bbox 2619 1690 2760 1758; x_wconf 86' lang='grc' dir='ltr'>λόγῳ</span> <span class='ocrx_word' id='word_1_252' title='bbox 2787 1688 2895 1757; x_wconf 82' lang='grc' dir='ltr'>τῆς,</span> <span class='ocrx_word' id='word_1_253' title='bbox 2913 1689 3208 1759; x_wconf 76' lang='grc' dir='ltr'>συμφυΐας.</span> 
     </span>
    </p>
   </div>
   <div class='ocr_carea' id='block_1_35' title="bbox 2328 1776 3799 1849">
    <p class='ocr_par' dir='ltr' id='par_1_35' title="bbox 2328 1776 3799 1849">
     <span class='ocr_line' id='line_1_35' title="bbox 2328 1776 3799 1849; baseline -0.002 -19"><span class='ocrx_word' id='word_1_254' title='bbox 2328 1778 2397 1831; x_wconf 82' lang='grc' dir='ltr'><strong>Εἴ</strong></span> <span class='ocrx_word' id='word_1_255' title='bbox 2412 1796 2495 1842; x_wconf 88' lang='grc' dir='ltr'><strong>τις</strong></span> <span class='ocrx_word' id='word_1_256' title='bbox 2521 1781 2600 1842; x_wconf 86' lang='grc' dir='ltr'>εἰς</span> <span class='ocrx_word' id='word_1_257' title='bbox 2626 1780 2783 1831; x_wconf 78' lang='grc' dir='ltr'>ἄνουν</span> <span class='ocrx_word' id='word_1_258' title='bbox 2815 1778 3098 1849; x_wconf 66' lang='grc' dir='ltr'>ἄνθρωπον</span> <span class='ocrx_word' id='word_1_259' title='bbox 3128 1777 3389 1846; x_wconf 70' lang='grc' dir='ltr'>ἤλπικεν,</span> <span class='ocrx_word' id='word_1_260' title='bbox 3423 1777 3639 1847; x_wconf 82' lang='grc' dir='ltr'>ἀνόητος</span> <span class='ocrx_word' id='word_1_261' title='bbox 3658 1776 3799 1836; x_wconf 75' lang='grc' dir='ltr'>ὅντως</span> 
     </span>
    </p>
   </div>
   <div class='ocr_carea' id='block_1_36' title="bbox 3272 1864 3797 1935">
    <p class='ocr_par' dir='ltr' id='par_1_36' title="bbox 3272 1864 3797 1935">
     <span class='ocr_line' id='line_1_36' title="bbox 3272 1864 3797 1935; baseline -0.01 -15"><span class='ocrx_word' id='word_1_262' title='bbox 3272 1865 3560 1932; x_wconf 77' lang='grc' dir='ltr'>σώζεσθαι.</span> <span class='ocrx_word' id='word_1_263' title='bbox 3606 1867 3672 1918; x_wconf 77' lang='grc' dir='ltr'><strong>Τὸ</strong></span> <span class='ocrx_word' id='word_1_264' title='bbox 3708 1864 3797 1935; x_wconf 82' lang='grc' dir='ltr'>γὰρ</span> 
     </span>
    </p>
   </div>
   <div class='ocr_carea' id='block_1_37' title="bbox 2259 1954 3795 2028">
    <p class='ocr_par' dir='ltr' id='par_1_37' title="bbox 2259 1954 3795 2028">
     <span class='ocr_line' id='line_1_37' title="bbox 2259 1954 3795 2028; baseline -0.004 -16"><span class='ocrx_word' id='word_1_265' title='bbox 2259 1958 2672 2028; x_wconf 84' lang='grc' dir='ltr'>ἀπρόσληπτον,</span> <span class='ocrx_word' id='word_1_266' title='bbox 2719 1955 3111 2027; x_wconf 83' lang='grc' dir='ltr'>ἀθεράπευτον·</span> <span class='ocrx_word' id='word_1_267' title='bbox 3147 1954 3175 2009; x_wconf 79' lang='grc' dir='ltr'><strong>ὅ</strong></span> <span class='ocrx_word' id='word_1_268' title='bbox 3218 1956 3276 2009; x_wconf 80' lang='grc' dir='ltr'><strong>δὲ</strong></span> <span class='ocrx_word' id='word_1_269' title='bbox 3311 1957 3517 2025; x_wconf 75' lang='grc' dir='ltr'>ἥνωται</span> <span class='ocrx_word' id='word_1_270' title='bbox 3570 1954 3640 2024; x_wconf 80' lang='grc' dir='ltr'><strong>τῷ</strong></span> <span class='ocrx_word' id='word_1_271' title='bbox 3680 1954 3795 2024; x_wconf 84' lang='grc' dir='ltr'><strong>Θεῷ,</strong></span> 
     </span>
    </p>
   </div>
   <div class='ocr_carea' id='block_1_38' title="bbox 581 2046 2158 2125">
    <p class='ocr_par' dir='ltr' id='par_1_38' title="bbox 581 2050 2155 2125">
     <span class='ocr_line' id='line_1_38' title="bbox 581 2050 2155 2125; baseline -0.008 -10"><span class='ocrx_word' id='word_1_272' title='bbox 581 2058 894 2115; x_wconf 83' lang='lat' dir='ltr'><strong>curationis</strong></span> <span class='ocrx_word' id='word_1_273' title='bbox 944 2064 1025 2111; x_wconf 90' lang='lat' dir='ltr'><strong>est</strong></span> <span class='ocrx_word' id='word_1_274' title='bbox 1062 2070 1308 2125; x_wconf 88' lang='lat' dir='ltr'><strong>expers:</strong></span> <span class='ocrx_word' id='word_1_275' title='bbox 1344 2053 1489 2123; x_wconf 89' lang='lat' dir='ltr'><strong>quod</strong></span> <span class='ocrx_word' id='word_1_276' title='bbox 1546 2060 1727 2106; x_wconf 86' lang='lat' dir='ltr'><strong>autem</strong></span> <span class='ocrx_word' id='word_1_277' title='bbox 1787 2050 1897 2104; x_wconf 82' lang='lat' dir='ltr'><strong>Deo</strong></span> <span class='ocrx_word' id='word_1_278' title='bbox 1943 2053 2155 2104; x_wconf 89' lang='lat' dir='ltr'><strong>unitum</strong></span> 
     </span>
    </p>
   </div>
   <div class='ocr_carea' id='block_1_39' title="bbox 2260 2046 3800 2125">
    <p class='ocr_par' dir='ltr' id='par_1_39' title="bbox 2260 2046 3800 2119">
     <span class='ocr_line' id='line_1_39' title="bbox 2260 2046 3800 2119; baseline -0.001 -17"><span class='ocrx_word' id='word_1_279' title='bbox 2260 2049 2413 2102; x_wconf 83' lang='grc' dir='ltr'>τοῦτο</span> <span class='ocrx_word' id='word_1_280' title='bbox 2440 2051 2531 2101; x_wconf 76' lang='grc' dir='ltr'><strong>καὶ</strong></span> <span class='ocrx_word' id='word_1_281' title='bbox 2565 2046 2814 2111; x_wconf 77' lang='grc' dir='ltr'>σώζεται.</span> <span class='ocrx_word' id='word_1_282' title='bbox 2842 2050 2904 2101; x_wconf 89' lang='grc' dir='ltr'>Εἰ</span> <span class='ocrx_word' id='word_1_283' title='bbox 2927 2049 3134 2119; x_wconf 75' lang='grc' dir='ltr'>ἥμισυς</span> <span class='ocrx_word' id='word_1_284' title='bbox 3296 2050 3559 2101; x_wconf 77' lang='grc' dir='ltr'>ἔπταισεν</span> <span class='ocrx_word' id='word_1_285' title='bbox 3584 2051 3610 2100; x_wconf 85' lang='grc' dir='ltr'>ὁ</span> <span class='ocrx_word' id='word_1_286' title='bbox 3639 2048 3800 2119; x_wconf 78' lang='grc' dir='ltr'>Ἀδὰμ,</span> 
     </span>
    </p>
   </div>
   <div class='ocr_carea' id='block_1_40' title="bbox 584 2135 2158 2218">
    <p class='ocr_par' dir='ltr' id='par_1_40' title="bbox 584 2142 2158 2218">
     <span class='ocr_line' id='line_1_40' title="bbox 584 2142 2158 2218; baseline -0.007 -12"><span class='ocrx_word' id='word_1_287' title='bbox 584 2157 691 2215; x_wconf 87' lang='lat' dir='ltr'><strong>est,</strong></span> <span class='ocrx_word' id='word_1_288' title='bbox 738 2150 841 2202; x_wconf 89' lang='lat' dir='ltr'><strong>hoc</strong></span> <span class='ocrx_word' id='word_1_289' title='bbox 884 2164 1105 2218; x_wconf 89' lang='lat' dir='ltr'><strong>quoque</strong></span> <span class='ocrx_word' id='word_1_290' title='bbox 1156 2147 1388 2201; x_wconf 87' lang='lat' dir='ltr'><strong>salutem</strong></span> <span class='ocrx_word' id='word_1_291' title='bbox 1426 2145 1806 2212; x_wconf 83' lang='lat' dir='ltr'><strong>consequitur.</strong></span> <span class='ocrx_word' id='word_1_292' title='bbox 1843 2142 1900 2196; x_wconf 90' lang='lat' dir='ltr'><strong>Si</strong></span> <span class='ocrx_word' id='word_1_293' title='bbox 1936 2142 2158 2195; x_wconf 91' lang='lat' dir='ltr'><strong>dimidia</strong></span> 
     </span>
    </p>
   </div>
   <div class='ocr_carea' id='block_1_41' title="bbox 2260 2135 3802 2218">
    <p class='ocr_par' dir='ltr' id='par_1_41' title="bbox 2262 2135 3802 2209">
     <span class='ocr_line' id='line_1_41' title="bbox 2262 2135 3802 2209; baseline 0.002 -19"><span class='ocrx_word' id='word_1_294' title='bbox 2262 2138 2434 2209; x_wconf 69' lang='grc' dir='ltr'>ἥμισυ</span> <span class='ocrx_word' id='word_1_295' title='bbox 2462 2138 2556 2191; x_wconf 68' lang='grc' dir='ltr'>καὶ</span> <span class='ocrx_word' id='word_1_296' title='bbox 2588 2137 2650 2190; x_wconf 82' lang='grc' dir='ltr'><strong>τὸ</strong></span> <span class='ocrx_word' id='word_1_297' title='bbox 2682 2138 3154 2208; x_wconf 79' lang='grc' dir='ltr'><strong>προσειλημμένον</strong></span> <span class='ocrx_word' id='word_1_298' title='bbox 3183 2136 3279 2191; x_wconf 75' lang='grc' dir='ltr'>καὶ</span> <span class='ocrx_word' id='word_1_299' title='bbox 3322 2139 3383 2191; x_wconf 81' lang='grc' dir='ltr'>τὺ</span> <span class='ocrx_word' id='word_1_300' title='bbox 3418 2138 3721 2208; x_wconf 78' lang='grc' dir='ltr'>σωζόμενον.</span> <span class='ocrx_word' id='word_1_301' title='bbox 3750 2135 3802 2194; x_wconf 69' lang='grc' dir='ltr'><strong>Εἰ</strong></span> 
     </span>
    </p>
   </div>
   <div class='ocr_carea' id='block_1_42' title="bbox 584 2230 2158 2311">
    <p class='ocr_par' dir='ltr' id='par_1_42' title="bbox 584 2235 2158 2311">
     <span class='ocr_line' id='line_1_42' title="bbox 584 2235 2158 2311; baseline -0.008 -12"><span class='ocrx_word' id='word_1_302' title='bbox 584 2251 798 2300; x_wconf 88' lang='lat' dir='ltr'><strong>tantum</strong></span> <span class='ocrx_word' id='word_1_303' title='bbox 856 2249 1118 2311; x_wconf 79' lang='lat' dir='ltr'><strong>exparte</strong></span> <span class='ocrx_word' id='word_1_304' title='bbox 1166 2238 1413 2294; x_wconf 72' lang='lat' dir='ltr'><strong>Adamus</strong></span> <span class='ocrx_word' id='word_1_305' title='bbox 1454 2239 1642 2307; x_wconf 89' lang='lat' dir='ltr'><strong>lapsus</strong></span> <span class='ocrx_word' id='word_1_306' title='bbox 1671 2244 1777 2299; x_wconf 86' lang='lat' dir='ltr'><strong>est,</strong></span> <span class='ocrx_word' id='word_1_307' title='bbox 1819 2235 2158 2290; x_wconf 88' lang='lat' dir='ltr'><strong>dimidiatum</strong></span> 
     </span>
    </p>
   </div>
   <div class='ocr_carea' id='block_1_43' title="bbox 2260 2230 3802 2311">
    <p class='ocr_par' dir='ltr' id='par_1_43' title="bbox 2262 2230 3802 2301">
     <span class='ocr_line' id='line_1_43' title="bbox 2262 2230 3802 2301; baseline 0 -18"><span class='ocrx_word' id='word_1_308' title='bbox 2262 2232 2317 2283; x_wconf 85' lang='grc' dir='ltr'><strong>δὲ</strong></span> <span class='ocrx_word' id='word_1_309' title='bbox 2342 2231 2470 2297; x_wconf 61' lang='grc' dir='ltr'>ἧλος</span> <span class='ocrx_word' id='word_1_310' title='bbox 2493 2271 2509 2296; x_wconf 91' lang='grc'>,</span> <span class='ocrx_word' id='word_1_311' title='bbox 2693 2231 2798 2300; x_wconf 86' lang='grc' dir='ltr'><strong>ὅλῳ</strong></span> <span class='ocrx_word' id='word_1_312' title='bbox 2835 2231 2912 2301; x_wconf 80' lang='grc' dir='ltr'>τῷ</span> <span class='ocrx_word' id='word_1_313' title='bbox 2943 2230 3253 2299; x_wconf 79' lang='grc' dir='ltr'>γεννηθέντι</span> <span class='ocrx_word' id='word_1_314' title='bbox 3288 2231 3527 2301; x_wconf 79' lang='grc' dir='ltr'>ἥνωται,</span> <span class='ocrx_word' id='word_1_315' title='bbox 3571 2233 3657 2283; x_wconf 78' lang='grc' dir='ltr'><strong>καὶ</strong></span> <span class='ocrx_word' id='word_1_316' title='bbox 3692 2232 3802 2293; x_wconf 83' lang='grc' dir='ltr'>ὅλως</span> 
     </span>
    </p>
   </div>
   <div class='ocr_carea' id='block_1_44' title="bbox 584 2320 2158 2404">
    <p class='ocr_par' dir='ltr' id='par_1_44' title="bbox 584 2327 2158 2404">
     <span class='ocr_line' id='line_1_44' title="bbox 584 2327 2158 2404; baseline -0.008 -16"><span class='ocrx_word' id='word_1_317' title='bbox 584 2349 806 2404; x_wconf 89' lang='lat' dir='ltr'><strong>quoque</strong></span> <span class='ocrx_word' id='word_1_318' title='bbox 840 2332 912 2388; x_wconf 89' lang='lat' dir='ltr'><strong>sit</strong></span> <span class='ocrx_word' id='word_1_319' title='bbox 951 2331 1105 2402; x_wconf 87' lang='lat' dir='ltr'><strong>quod</strong></span> <span class='ocrx_word' id='word_1_320' title='bbox 1128 2337 1476 2399; x_wconf 84' lang='lat' dir='ltr'><strong>assumptum</strong></span> <span class='ocrx_word' id='word_1_321' title='bbox 1523 2336 1641 2393; x_wconf 85' lang='lat' dir='ltr'><strong>est,</strong></span> <span class='ocrx_word' id='word_1_322' title='bbox 1672 2336 1725 2381; x_wconf 91' lang='lat' dir='ltr'><strong>et</strong></span> <span class='ocrx_word' id='word_1_323' title='bbox 1757 2327 1901 2397; x_wconf 89' lang='lat' dir='ltr'><strong>quod</strong></span> <span class='ocrx_word' id='word_1_324' title='bbox 1933 2327 2158 2379; x_wconf 75' lang='lat' dir='ltr'><strong>salutem</strong></span> 
     </span>
    </p>
   </div>
   <div class='ocr_carea' id='block_1_45' title="bbox 2260 2320 3802 2404">
    <p class='ocr_par' dir='ltr' id='par_1_45' title="bbox 2266 2320 3802 2393">
     <span class='ocr_line' id='line_1_45' title="bbox 2266 2320 3802 2393; baseline 0.001 -19"><span class='ocrx_word' id='word_1_325' title='bbox 2266 2320 2514 2386; x_wconf 77' lang='grc' dir='ltr'>σώζεται.</span> <span class='ocrx_word' id='word_1_326' title='bbox 2720 2322 2812 2392; x_wconf 84' lang='grc' dir='ltr'><strong>Μὴ</strong></span> <span class='ocrx_word' id='word_1_327' title='bbox 2859 2322 3034 2376; x_wconf 84' lang='grc' dir='ltr'>τοίνυν</span> <span class='ocrx_word' id='word_1_328' title='bbox 3085 2322 3531 2392; x_wconf 84' lang='grc' dir='ltr'>βασκαινέτωσαν</span> <span class='ocrx_word' id='word_1_329' title='bbox 3573 2325 3691 2393; x_wconf 76' lang='grc' dir='ltr'>ἡμῖν</span> <span class='ocrx_word' id='word_1_330' title='bbox 3722 2324 3802 2391; x_wconf 75' lang='grc' dir='ltr'>τῆς</span> 
     </span>
    </p>
   </div>
   <div class='ocr_carea' id='block_1_46' title="bbox 2264 2409 3803 2484">
    <p class='ocr_par' dir='ltr' id='par_1_46' title="bbox 2264 2409 3803 2484">
     <span class='ocr_line' id='line_1_46' title="bbox 2264 2409 3803 2484; baseline -0.001 -19"><span class='ocrx_word' id='word_1_331' title='bbox 2264 2409 2560 2475; x_wconf 86' lang='grc' dir='ltr'>παντελόῦς</span> <span class='ocrx_word' id='word_1_332' title='bbox 2611 2412 2913 2484; x_wconf 79' lang='grc' dir='ltr'>σωτηρίας,</span> <span class='ocrx_word' id='word_1_333' title='bbox 2962 2414 3095 2483; x_wconf 80' lang='grc' dir='ltr'>μηδὲ</span> <span class='ocrx_word' id='word_1_334' title='bbox 3135 2413 3268 2465; x_wconf 83' lang='grc' dir='ltr'>ὀστᾶ</span> <span class='ocrx_word' id='word_1_335' title='bbox 3312 2414 3504 2483; x_wconf 81' lang='grc' dir='ltr'>μόνον,</span> <span class='ocrx_word' id='word_1_336' title='bbox 3547 2416 3635 2466; x_wconf 68' lang='grc' dir='ltr'><strong>καὶ</strong></span> <span class='ocrx_word' id='word_1_337' title='bbox 3666 2413 3803 2482; x_wconf 77' lang='grc' dir='ltr'>νεῦρα</span> 
     </span>
    </p>
   </div>
   <div class='ocr_carea' id='block_1_47' title="bbox 2263 2504 3799 2576">
    <p class='ocr_par' dir='ltr' id='par_1_47' title="bbox 2263 2504 3799 2576">
     <span class='ocr_line' id='line_1_47' title="bbox 2263 2504 3799 2576; baseline -0.001 -19"><span class='ocrx_word' id='word_1_338' title='bbox 2263 2505 2356 2558; x_wconf 76' lang='grc' dir='ltr'><strong>καὶ</strong></span> <span class='ocrx_word' id='word_1_339' title='bbox 2388 2504 2705 2574; x_wconf 77' lang='grc' dir='ltr'>ζωγραφίαν</span> <span class='ocrx_word' id='word_1_340' title='bbox 2732 2504 3012 2575; x_wconf 85' lang='grc' dir='ltr'>ἀνθρώπου</span> <span class='ocrx_word' id='word_1_341' title='bbox 3044 2504 3118 2574; x_wconf 83' lang='grc' dir='ltr'><strong>τῷ</strong></span> <span class='ocrx_word' id='word_1_342' title='bbox 3149 2505 3363 2576; x_wconf 86' lang='grc' dir='ltr'>Σωτῆρι</span> <span class='ocrx_word' id='word_1_343' title='bbox 3395 2504 3799 2576; x_wconf 83' lang='grc' dir='ltr'>περιτιθέτωσαν.</span> 
     </span>
    </p>
   </div>
   <div class='ocr_carea' id='block_1_48' title="bbox 2263 2593 3806 2666">
    <p class='ocr_par' dir='ltr' id='par_1_48' title="bbox 2263 2593 3806 2666">
     <span class='ocr_line' id='line_1_48' title="bbox 2263 2593 3806 2666; baseline -0.002 -19"><span class='ocrx_word' id='word_1_344' title='bbox 2263 2596 2326 2647; x_wconf 78' lang='lat' dir='ltr'><strong>Et</strong></span> <span class='ocrx_word' id='word_1_345' title='bbox 2359 2595 2458 2665; x_wconf 83' lang='grc' dir='ltr'><strong>μὲν</strong></span> <span class='ocrx_word' id='word_1_346' title='bbox 2490 2595 2599 2666; x_wconf 85' lang='grc' dir='ltr'>γὰρ</span> <span class='ocrx_word' id='word_1_347' title='bbox 2628 2594 2832 2664; x_wconf 76' lang='grc' dir='ltr'>ἄψυχος</span> <span class='ocrx_word' id='word_1_348' title='bbox 2865 2598 2893 2648; x_wconf 82' lang='grc' dir='ltr'>ὁ</span> <span class='ocrx_word' id='word_1_349' title='bbox 2924 2595 3228 2666; x_wconf 80' lang='grc' dir='ltr'>ἄνθρωπος.</span> <span class='ocrx_word' id='word_1_350' title='bbox 3262 2595 3424 2647; x_wconf 87' lang='grc' dir='ltr'>τοῦτο</span> <span class='ocrx_word' id='word_1_351' title='bbox 3462 2597 3552 2648; x_wconf 73' lang='grc' dir='ltr'>καὶ</span> <span class='ocrx_word' id='word_1_352' title='bbox 3574 2593 3806 2664; x_wconf 74' lang='grc' dir='ltr'>Ἀρειανοὶ</span> 
     </span>
    </p>
   </div>
   <div class='ocr_carea' id='block_1_49' title="bbox 2262 2686 3803 2758">
    <p class='ocr_par' dir='ltr' id='par_1_49' title="bbox 2262 2686 3803 2758">
     <span class='ocr_line' id='line_1_49' title="bbox 2262 2686 3803 2758; baseline -0.003 -18"><span class='ocrx_word' id='word_1_353' title='bbox 2262 2688 2529 2756; x_wconf 87' lang='grc' dir='ltr'>λέγουσιν,</span> <span class='ocrx_word' id='word_1_354' title='bbox 2562 2688 2625 2741; x_wconf 77' lang='grc' dir='ltr'><strong>ἵν’</strong></span> <span class='ocrx_word' id='word_1_355' title='bbox 2652 2689 2742 2741; x_wconf 72' lang='grc' dir='ltr'>ἐπὶ</span> <span class='ocrx_word' id='word_1_356' title='bbox 2765 2687 2864 2757; x_wconf 85' lang='grc' dir='ltr'><strong>τὴν</strong></span> <span class='ocrx_word' id='word_1_357' title='bbox 2894 2687 3121 2758; x_wconf 86' lang='grc' dir='ltr'>Θεότητα</span> <span class='ocrx_word' id='word_1_358' title='bbox 3149 2688 3210 2740; x_wconf 82' lang='grc' dir='ltr'><strong>τὸ</strong></span> <span class='ocrx_word' id='word_1_359' title='bbox 3230 2688 3406 2752; x_wconf 81' lang='grc' dir='ltr'><strong>πάθος</strong></span> <span class='ocrx_word' id='word_1_360' title='bbox 3433 2689 3724 2757; x_wconf 77' lang='grc' dir='ltr'>ὲνέγκωσιν,</span> <span class='ocrx_word' id='word_1_361' title='bbox 3743 2686 3803 2747; x_wconf 73' lang='grc' dir='ltr'>ὡς</span> 
     </span>
    </p>
   </div>
   <div class='ocr_carea' id='block_1_50' title="bbox 585 2420 2166 2494">
    <p class='ocr_par' dir='ltr' id='par_1_50' title="bbox 585 2420 2166 2494">
     <span class='ocr_line' id='line_1_50' title="bbox 585 2420 2166 2494; baseline -0.006 -16"><span class='ocrx_word' id='word_1_362' title='bbox 585 2425 817 2494; x_wconf 88' lang='lat' dir='ltr'><strong>accipit;</strong></span> <span class='ocrx_word' id='word_1_363' title='bbox 867 2423 911 2479; x_wconf 91' lang='lat' dir='ltr'><strong>si</strong></span> <span class='ocrx_word' id='word_1_364' title='bbox 965 2430 1148 2476; x_wconf 89' lang='lat' dir='ltr'><strong>autem</strong></span> <span class='ocrx_word' id='word_1_365' title='bbox 1194 2428 1345 2475; x_wconf 90' lang='lat' dir='ltr'><strong>totus</strong></span> <span class='ocrx_word' id='word_1_366' title='bbox 1382 2420 1650 2490; x_wconf 86' lang='lat' dir='ltr'><strong>peccavit,</strong></span> <span class='ocrx_word' id='word_1_367' title='bbox 1688 2420 1789 2473; x_wconf 90' lang='lat' dir='ltr'><strong>toti</strong></span> <span class='ocrx_word' id='word_1_368' title='bbox 1822 2432 2039 2487; x_wconf 87' lang='lat' dir='ltr'><strong>quoque</strong></span> <span class='ocrx_word' id='word_1_369' title='bbox 2073 2430 2166 2486; x_wconf 82' lang='lat' dir='ltr'><strong>ge-</strong></span> 
     </span>
    </p>
   </div>
   <div class='ocr_carea' id='block_1_51' title="bbox 583 2508 2164 2579">
    <p class='ocr_par' dir='ltr' id='par_1_51' title="bbox 583 2508 2164 2579">
     <span class='ocr_line' id='line_1_51' title="bbox 583 2508 2164 2579; baseline -0.007 -11"><span class='ocrx_word' id='word_1_370' title='bbox 583 2515 701 2569; x_wconf 89' lang='lat' dir='ltr'><strong>nito</strong></span> <span class='ocrx_word' id='word_1_371' title='bbox 734 2514 923 2566; x_wconf 88' lang='lat' dir='ltr'><strong>unitus</strong></span> <span class='ocrx_word' id='word_1_372' title='bbox 954 2518 1058 2574; x_wconf 79' lang='lat' dir='ltr'><strong>est,</strong></span> <span class='ocrx_word' id='word_1_373' title='bbox 1096 2521 1261 2579; x_wconf 89' lang='lat' dir='ltr'><strong>atque</strong></span> <span class='ocrx_word' id='word_1_374' title='bbox 1294 2510 1442 2564; x_wconf 91' lang='lat' dir='ltr'><strong>omni</strong></span> <span class='ocrx_word' id='word_1_375' title='bbox 1476 2525 1543 2563; x_wconf 84' lang='lat' dir='ltr'><strong>ex</strong></span> <span class='ocrx_word' id='word_1_376' title='bbox 1573 2516 1732 2578; x_wconf 88' lang='lat' dir='ltr'><strong>parte</strong></span> <span class='ocrx_word' id='word_1_377' title='bbox 1763 2508 1997 2563; x_wconf 87' lang='lat' dir='ltr'><strong>salutem</strong></span> <span class='ocrx_word' id='word_1_378' title='bbox 2031 2519 2164 2558; x_wconf 90' lang='lat' dir='ltr'><strong>con-</strong></span> 
     </span>
    </p>
   </div>
   <div class='ocr_carea' id='block_1_52' title="bbox 583 2593 2163 2670">
    <p class='ocr_par' dir='ltr' id='par_1_52' title="bbox 583 2593 2163 2670">
     <span class='ocr_line' id='line_1_52' title="bbox 583 2593 2163 2670; baseline -0.006 -15"><span class='ocrx_word' id='word_1_379' title='bbox 583 2602 853 2670; x_wconf 82' lang='lat' dir='ltr'><strong>sequitur.</strong></span> <span class='ocrx_word' id='word_1_380' title='bbox 881 2601 1153 2665; x_wconf 76' lang='lat' dir='ltr'><strong>Q‘uocirca</strong></span> <span class='ocrx_word' id='word_1_381' title='bbox 1185 2614 1252 2652; x_wconf 89' lang='lat' dir='ltr'><strong>ne</strong></span> <span class='ocrx_word' id='word_1_382' title='bbox 1292 2598 1589 2666; x_wconf 81' lang='lat' dir='ltr'><strong>perfectam</strong></span> <span class='ocrx_word' id='word_1_383' title='bbox 1620 2596 1852 2650; x_wconf 87' lang='lat' dir='ltr'><strong>salutem</strong></span> <span class='ocrx_word' id='word_1_384' title='bbox 1877 2594 1968 2648; x_wconf 88' lang='lat' dir='ltr'><strong>isti</strong></span> <span class='ocrx_word' id='word_1_385' title='bbox 2002 2593 2163 2645; x_wconf 83' lang='lat' dir='ltr'><strong>nobis</strong></span> 
     </span>
    </p>
   </div>
   <div class='ocr_carea' id='block_1_53' title="bbox 582 2686 2164 2755">
    <p class='ocr_par' dir='ltr' id='par_1_53' title="bbox 582 2686 2164 2755">
     <span class='ocr_line' id='line_1_53' title="bbox 582 2686 2164 2755; baseline -0.004 -10"><span class='ocrx_word' id='word_1_386' title='bbox 582 2691 883 2755; x_wconf 75' lang='lat' dir='ltr'><strong>invideant,</strong></span> <span class='ocrx_word' id='word_1_387' title='bbox 914 2701 1007 2743; x_wconf 89' lang='lat' dir='ltr'><strong>aut</strong></span> <span class='ocrx_word' id='word_1_388' title='bbox 1040 2706 1165 2744; x_wconf 90' lang='lat' dir='ltr'><strong>ossa</strong></span> <span class='ocrx_word' id='word_1_389' title='bbox 1210 2690 1410 2751; x_wconf 87' lang='lat' dir='ltr'><strong>solum,</strong></span> <span class='ocrx_word' id='word_1_390' title='bbox 1454 2696 1507 2741; x_wconf 92' lang='lat' dir='ltr'><strong>et</strong></span> <span class='ocrx_word' id='word_1_391' title='bbox 1535 2703 1754 2749; x_wconf 86' lang='lat' dir='ltr'><strong>nervos,</strong></span> <span class='ocrx_word' id='word_1_392' title='bbox 1790 2697 1952 2755; x_wconf 88' lang='lat' dir='ltr'><strong>atque</strong></span> <span class='ocrx_word' id='word_1_393' title='bbox 1982 2686 2164 2739; x_wconf 89' lang='lat' dir='ltr'><strong>homi-</strong></span> 
     </span>
    </p>
   </div>
   <div class='ocr_carea' id='block_1_54' title="bbox 582 2776 2158 2851">
    <p class='ocr_par' dir='ltr' id='par_1_54' title="bbox 582 2776 2158 2851">
     <span class='ocr_line' id='line_1_54' title="bbox 582 2776 2158 2851; baseline -0.005 -15"><span class='ocrx_word' id='word_1_394' title='bbox 582 2784 671 2837; x_wconf 88' lang='lat' dir='ltr'><strong>nis</strong></span> <span class='ocrx_word' id='word_1_395' title='bbox 703 2783 985 2851; x_wconf 85' lang='lat' dir='ltr'><strong>picturam</strong></span> <span class='ocrx_word' id='word_1_396' title='bbox 1008 2778 1280 2834; x_wconf 60' lang='lat' dir='ltr'><strong>S‘alvatori</strong></span> <span class='ocrx_word' id='word_1_397' title='bbox 1312 2779 1581 2833; x_wconf 87' lang='lat' dir='ltr'><strong>tribuant.</strong></span> <span class='ocrx_word' id='word_1_398' title='bbox 1607 2777 1742 2831; x_wconf 83' lang='lat' dir='ltr'><strong>Nam</strong></span> <span class='ocrx_word' id='word_1_399' title='bbox 1766 2778 1813 2832; x_wconf 83' lang='lat' dir='ltr'><strong>si</strong></span> <span class='ocrx_word' id='word_1_400' title='bbox 1842 2776 2158 2848; x_wconf 65' lang='lat' dir='ltr'><strong>ipse‘inani-</strong></span> 
     </span>
    </p>
   </div>
   <div class='ocr_carea' id='block_1_55' title="bbox 2260 2776 3808 2851">
    <p class='ocr_par' dir='ltr' id='par_1_55' title="bbox 2260 2776 3808 2847">
     <span class='ocr_line' id='line_1_55' title="bbox 2260 2776 3808 2847; baseline -0.001 -18"><span class='ocrx_word' id='word_1_401' title='bbox 2260 2777 2355 2830; x_wconf 85' lang='grc' dir='ltr'><strong>τοῦ</strong></span> <span class='ocrx_word' id='word_1_402' title='bbox 2389 2776 2665 2839; x_wconf 86' lang='grc' dir='ltr'>κινοῦντος</span> <span class='ocrx_word' id='word_1_403' title='bbox 2697 2776 2757 2829; x_wconf 87' lang='grc' dir='ltr'>τὸ</span> <span class='ocrx_word' id='word_1_404' title='bbox 2793 2777 2951 2847; x_wconf 83' lang='grc' dir='ltr'>σῶμα</span> <span class='ocrx_word' id='word_1_405' title='bbox 2971 2818 2984 2840; x_wconf 94' lang='grc'><em>,</em></span> <span class='ocrx_word' id='word_1_406' title='bbox 3019 2776 3208 2830; x_wconf 83' lang='grc' dir='ltr'>τούτου</span> <span class='ocrx_word' id='word_1_407' title='bbox 3243 2779 3342 2831; x_wconf 67' lang='grc' dir='ltr'>καὶ</span> <span class='ocrx_word' id='word_1_408' title='bbox 3530 2792 3808 2845; x_wconf 71' lang='grc' dir='ltr'>πασχοντος.</span> 
     </span>
    </p>
   </div>
   <div class='ocr_carea' id='block_1_56' title="bbox 582 2867 2158 2940">
    <p class='ocr_par' dir='ltr' id='par_1_56' title="bbox 582 2868 2158 2936">
     <span class='ocr_line' id='line_1_56' title="bbox 582 2868 2158 2936; baseline -0.003 -10"><span class='ocrx_word' id='word_1_409' title='bbox 582 2880 765 2927; x_wconf 89' lang='lat' dir='ltr'><strong>matus</strong></span> <span class='ocrx_word' id='word_1_410' title='bbox 801 2873 965 2926; x_wconf 91' lang='lat' dir='ltr'><strong>homo</strong></span> <span class='ocrx_word' id='word_1_411' title='bbox 995 2878 1101 2934; x_wconf 90' lang='lat' dir='ltr'><strong>est,</strong></span> <span class='ocrx_word' id='word_1_412' title='bbox 1133 2871 1238 2924; x_wconf 89' lang='lat' dir='ltr'><strong>hoc</strong></span> <span class='ocrx_word' id='word_1_413' title='bbox 1285 2871 1449 2925; x_wconf 87' lang='lat' dir='ltr'><strong>etiam</strong></span> <span class='ocrx_word' id='word_1_414' title='bbox 1494 2868 1682 2924; x_wconf 85' lang='lat' dir='ltr'><strong>Ariani</strong></span> <span class='ocrx_word' id='word_1_415' title='bbox 1734 2871 1908 2932; x_wconf 88' lang='lat' dir='ltr'><strong>aiunt,</strong></span> <span class='ocrx_word' id='word_1_416' title='bbox 1944 2876 2001 2921; x_wconf 88' lang='lat' dir='ltr'><strong>ut</strong></span> <span class='ocrx_word' id='word_1_417' title='bbox 2033 2883 2158 2936; x_wconf 81' lang='lat' dir='ltr'><strong>pas—</strong></span> 
     </span>
    </p>
   </div>
   <div class='ocr_carea' id='block_1_57' title="bbox 2260 2867 3809 2940">
    <p class='ocr_par' dir='ltr' id='par_1_57' title="bbox 2262 2867 3809 2940">
     <span class='ocr_line' id='line_1_57' title="bbox 2262 2867 3809 2940; baseline -0.002 -19"><span class='ocrx_word' id='word_1_418' title='bbox 2262 2868 2323 2921; x_wconf 75' lang='lat' dir='ltr'><strong>Ei</strong></span> <span class='ocrx_word' id='word_1_419' title='bbox 2344 2869 2399 2921; x_wconf 81' lang='grc' dir='ltr'>δὲ</span> <span class='ocrx_word' id='word_1_420' title='bbox 2433 2867 2693 2938; x_wconf 73' lang='grc' dir='ltr'>ἔμψυχος,</span> <span class='ocrx_word' id='word_1_421' title='bbox 2726 2871 2773 2921; x_wconf 73' lang='grc' dir='ltr'>εἰ</span> <span class='ocrx_word' id='word_1_422' title='bbox 2812 2868 2909 2939; x_wconf 79' lang='grc' dir='ltr'>μὲν</span> <span class='ocrx_word' id='word_1_423' title='bbox 2935 2868 2996 2921; x_wconf 84' lang='grc' dir='ltr'><strong>οὐ</strong></span> <span class='ocrx_word' id='word_1_424' title='bbox 3028 2869 3229 2939; x_wconf 84' lang='grc' dir='ltr'>νοερὸς,</span> <span class='ocrx_word' id='word_1_425' title='bbox 3258 2869 3383 2935; x_wconf 84' lang='grc' dir='ltr'><strong>πῶς</strong></span> <span class='ocrx_word' id='word_1_426' title='bbox 3409 2869 3501 2923; x_wconf 70' lang='grc' dir='ltr'>καὶ</span> <span class='ocrx_word' id='word_1_427' title='bbox 3527 2868 3809 2940; x_wconf 78' lang='grc' dir='ltr'>ἀνθρωποςς-</span> 
     </span>
    </p>
   </div>
   <div class='ocr_carea' id='block_1_58' title="bbox 583 2956 2158 3030">
    <p class='ocr_par' dir='ltr' id='par_1_58' title="bbox 583 2960 2158 3030">
     <span class='ocr_line' id='line_1_58' title="bbox 583 2960 2158 3030; baseline -0.004 -11"><span class='ocrx_word' id='word_1_428' title='bbox 583 2966 795 3020; x_wconf 86' lang='lat' dir='ltr'><strong>sionem</strong></span> <span class='ocrx_word' id='word_1_429' title='bbox 830 2963 1105 3018; x_wconf 83' lang='lat' dir='ltr'><strong>divinitati</strong></span> <span class='ocrx_word' id='word_1_430' title='bbox 1141 2963 1411 3027; x_wconf 87' lang='lat' dir='ltr'><strong>tribuant,</strong></span> <span class='ocrx_word' id='word_1_431' title='bbox 1611 2968 1870 3030; x_wconf 84' lang='lat' dir='ltr'><strong>tanquam</strong></span> <span class='ocrx_word' id='word_1_432' title='bbox 1906 2960 2158 3014; x_wconf 85' lang='lat' dir='ltr'><strong>videlicet</strong></span> 
     </span>
    </p>
   </div>
   <div class='ocr_carea' id='block_1_59' title="bbox 2260 2956 3804 3030">
    <p class='ocr_par' dir='ltr' id='par_1_59' title="bbox 2260 2956 3804 3029">
     <span class='ocr_line' id='line_1_59' title="bbox 2260 2956 3804 3029; baseline -0.003 -18"><span class='ocrx_word' id='word_1_433' title='bbox 2260 2959 2321 3012; x_wconf 79' lang='grc' dir='ltr'>οὐ</span> <span class='ocrx_word' id='word_1_434' title='bbox 2365 2958 2472 3029; x_wconf 83' lang='grc' dir='ltr'>γὰρ</span> <span class='ocrx_word' id='word_1_435' title='bbox 2521 2957 2680 3013; x_wconf 75' lang='grc' dir='ltr'>ἄνουν</span> <span class='ocrx_word' id='word_1_436' title='bbox 2735 2958 2873 3021; x_wconf 79' lang='grc' dir='ltr'>ζῶον</span> <span class='ocrx_word' id='word_1_437' title='bbox 2926 2961 2954 3011; x_wconf 87' lang='grc' dir='ltr'>ὁ</span> <span class='ocrx_word' id='word_1_438' title='bbox 3011 2958 3316 3029; x_wconf 75' lang='grc' dir='ltr'>ἄνθρωπος.</span> <span class='ocrx_word' id='word_1_439' title='bbox 3369 2961 3481 3013; x_wconf 76' lang='grc' dir='ltr'><strong>Καὶ</strong></span> <span class='ocrx_word' id='word_1_440' title='bbox 3523 2960 3717 3025; x_wconf 77' lang='grc' dir='ltr'>ἀνάγκη</span> <span class='ocrx_word' id='word_1_441' title='bbox 3756 2956 3804 3006; x_wconf 73' lang='grc' dir='ltr'>τὸ</span> 
     </span>
    </p>
   </div>
   <div class='ocr_carea' id='block_1_60' title="bbox 578 3044 2158 3147">
    <p class='ocr_par' dir='ltr' id='par_1_60' title="bbox 578 3050 2158 3127">
     <span class='ocr_line' id='line_1_60' title="bbox 578 3050 2158 3127; baseline -0.004 -17"><span class='ocrx_word' id='word_1_442' title='bbox 578 3056 726 3127; x_wconf 80' lang='lat' dir='ltr'><strong>quod</strong></span> <span class='ocrx_word' id='word_1_443' title='bbox 771 3070 974 3125; x_wconf 91' lang='lat' dir='ltr'><strong>corpus</strong></span> <span class='ocrx_word' id='word_1_444' title='bbox 1004 3066 1202 3119; x_wconf 86' lang='lat' dir='ltr'><strong>movet,</strong></span> <span class='ocrx_word' id='word_1_445' title='bbox 1239 3055 1382 3110; x_wconf 89' lang='lat' dir='ltr'><strong>idem</strong></span> <span class='ocrx_word' id='word_1_446' title='bbox 1422 3069 1643 3125; x_wconf 85' lang='lat' dir='ltr'><strong>quoque</strong></span> <span class='ocrx_word' id='word_1_447' title='bbox 1675 3054 1932 3124; x_wconf 86' lang='lat' dir='ltr'><strong>patiatur.</strong></span> <span class='ocrx_word' id='word_1_448' title='bbox 1978 3050 2032 3104; x_wconf 91' lang='lat' dir='ltr'><strong>Si</strong></span> <span class='ocrx_word' id='word_1_449' title='bbox 2064 3065 2158 3104; x_wconf 86' lang='lat' dir='ltr'><strong>au-</strong></span> 
     </span>
    </p>
   </div>
   <div class='ocr_carea' id='block_1_61' title="bbox 2260 3044 3805 3147">
    <p class='ocr_par' dir='ltr' id='par_1_61' title="bbox 2263 3044 3805 3147">
     <span class='ocr_line' id='line_1_61' title="bbox 2263 3044 3805 3147; baseline -0.001 -46"><span class='ocrx_word' id='word_1_450' title='bbox 2263 3050 2444 3147; x_wconf 78' lang='grc' dir='ltr'>σχῆμα</span> <span class='ocrx_word' id='word_1_451' title='bbox 2473 3051 2570 3120; x_wconf 84' lang='grc' dir='ltr'><strong>μὲν</strong></span> <span class='ocrx_word' id='word_1_452' title='bbox 2597 3048 2934 3122; x_wconf 78' lang='grc' dir='ltr'>ἀνθρώπειον</span> <span class='ocrx_word' id='word_1_453' title='bbox 2960 3046 3097 3103; x_wconf 78' lang='grc' dir='ltr'>εἶναι</span> <span class='ocrx_word' id='word_1_454' title='bbox 3257 3050 3355 3104; x_wconf 74' lang='grc' dir='ltr'><strong>καὶ</strong></span> <span class='ocrx_word' id='word_1_455' title='bbox 3375 3050 3471 3121; x_wconf 83' lang='grc' dir='ltr'>τὴν</span> <span class='ocrx_word' id='word_1_456' title='bbox 3498 3048 3703 3119; x_wconf 84' lang='grc' dir='ltr'>σκηνὴν,</span> <span class='ocrx_word' id='word_1_457' title='bbox 3727 3044 3805 3114; x_wconf 79' lang='grc' dir='ltr'>τὴν</span> 
     </span>
    </p>
   </div>
   <div class='ocr_carea' id='block_1_62' title="bbox 579 3138 2158 3219">
    <p class='ocr_par' dir='ltr' id='par_1_62' title="bbox 579 3146 2158 3219">
     <span class='ocr_line' id='line_1_62' title="bbox 579 3146 2158 3219; baseline -0.004 -17"><span class='ocrx_word' id='word_1_458' title='bbox 579 3157 689 3203; x_wconf 89' lang='lat' dir='ltr'><strong>tem</strong></span> <span class='ocrx_word' id='word_1_459' title='bbox 745 3150 1018 3203; x_wconf 88' lang='lat' dir='ltr'><strong>animatus</strong></span> <span class='ocrx_word' id='word_1_460' title='bbox 1051 3148 1295 3219; x_wconf 87' lang='lat' dir='ltr'><strong>quidem,</strong></span> <span class='ocrx_word' id='word_1_461' title='bbox 1342 3163 1529 3201; x_wconf 89' lang='lat' dir='ltr'><strong>verum</strong></span> <span class='ocrx_word' id='word_1_462' title='bbox 1567 3146 1771 3201; x_wconf 89' lang='lat' dir='ltr'><strong>mentis</strong></span> <span class='ocrx_word' id='word_1_463' title='bbox 1798 3159 2017 3213; x_wconf 77' lang='lat' dir='ltr'><strong>expers,</strong></span> <span class='ocrx_word' id='word_1_464' title='bbox 2051 3158 2158 3213; x_wconf 92' lang='lat' dir='ltr'><strong>quo</strong></span> 
     </span>
    </p>
   </div>
   <div class='ocr_carea' id='block_1_63' title="bbox 2260 3138 3803 3219">
    <p class='ocr_par' dir='ltr' id='par_1_63' title="bbox 2260 3138 3803 3211">
     <span class='ocr_line' id='line_1_63' title="bbox 2260 3138 3803 3211; baseline -0.005 -20"><span class='ocrx_word' id='word_1_465' title='bbox 2260 3139 2314 3191; x_wconf 83' lang='grc' dir='ltr'><strong>δὲ</strong></span> <span class='ocrx_word' id='word_1_466' title='bbox 2333 3138 2508 3211; x_wconf 72' lang='grc' dir='ltr'>ψῦχὴν</span> <span class='ocrx_word' id='word_1_467' title='bbox 2532 3140 2698 3193; x_wconf 78' lang='grc' dir='ltr'>ἵππου</span> <span class='ocrx_word' id='word_1_468' title='bbox 2732 3140 2895 3205; x_wconf 83' lang='grc' dir='ltr'>τινὸς,</span> <span class='ocrx_word' id='word_1_469' title='bbox 2930 3139 2963 3209; x_wconf 82' lang='grc' dir='ltr'><strong>ἢ</strong></span> <span class='ocrx_word' id='word_1_470' title='bbox 3008 3138 3147 3208; x_wconf 80' lang='grc' dir='ltr'>βοὸς,</span> <span class='ocrx_word' id='word_1_471' title='bbox 3173 3140 3205 3210; x_wconf 79' lang='grc' dir='ltr'><strong>ἦ</strong></span> <span class='ocrx_word' id='word_1_472' title='bbox 3233 3139 3395 3194; x_wconf 83' lang='grc' dir='ltr'>ἀλλου</span> <span class='ocrx_word' id='word_1_473' title='bbox 3433 3139 3540 3192; x_wconf 80' lang='grc' dir='ltr'><strong>τῶν</strong></span> <span class='ocrx_word' id='word_1_474' title='bbox 3573 3138 3803 3206; x_wconf 82' lang='grc' dir='ltr'>ἀνοήτων.</span> 
     </span>
    </p>
   </div>
   <div class='ocr_carea' id='block_1_64' title="bbox 577 3224 2158 3303">
    <p class='ocr_par' dir='ltr' id='par_1_64' title="bbox 577 3235 2158 3303">
     <span class='ocr_line' id='line_1_64' title="bbox 577 3235 2158 3303; baseline -0.003 -10"><span class='ocrx_word' id='word_1_475' title='bbox 577 3240 799 3294; x_wconf 82' lang='lat' dir='ltr'><strong>tandem</strong></span> <span class='ocrx_word' id='word_1_476' title='bbox 855 3236 1016 3293; x_wconf 90' lang='lat' dir='ltr'><strong>modo</strong></span> <span class='ocrx_word' id='word_1_477' title='bbox 1067 3238 1308 3293; x_wconf 89' lang='lat' dir='ltr'><strong>hominis</strong></span> <span class='ocrx_word' id='word_1_478' title='bbox 1355 3255 1554 3293; x_wconf 88' lang='lat' dir='ltr'><strong>nomen</strong></span> <span class='ocrx_word' id='word_1_479' title='bbox 1607 3235 1947 3292; x_wconf 81' lang='lat' dir='ltr'><strong>sustinebit?</strong></span> <span class='ocrx_word' id='word_1_480' title='bbox 1978 3236 2158 3303; x_wconf 71' lang='lat' dir='ltr'><strong>Neque</strong></span> 
     </span>
    </p>
   </div>
   <div class='ocr_carea' id='block_1_65' title="bbox 2260 3224 3809 3303">
    <p class='ocr_par' dir='ltr' id='par_1_65' title="bbox 2261 3224 3809 3301">
     <span class='ocr_line' id='line_1_65' title="bbox 2261 3224 3809 3301; baseline -0.003 -21"><span class='ocrx_word' id='word_1_481' title='bbox 2261 3228 2431 3282; x_wconf 87' lang='grc' dir='ltr'>Τοῦτο</span> <span class='ocrx_word' id='word_1_482' title='bbox 2459 3228 2589 3298; x_wconf 88' lang='grc' dir='ltr'>γοῦν</span> <span class='ocrx_word' id='word_1_483' title='bbox 2628 3229 2779 3282; x_wconf 78' lang='grc' dir='ltr'>ἔσται</span> <span class='ocrx_word' id='word_1_484' title='bbox 2816 3231 2910 3282; x_wconf 73' lang='grc' dir='ltr'><strong>καὶ</strong></span> <span class='ocrx_word' id='word_1_485' title='bbox 2939 3229 3000 3282; x_wconf 84' lang='grc' dir='ltr'><strong>τὸ</strong></span> <span class='ocrx_word' id='word_1_486' title='bbox 3039 3230 3367 3301; x_wconf 67' lang='grc' dir='ltr'>σωζόμενοψ</span> <span class='ocrx_word' id='word_1_487' title='bbox 3401 3230 3494 3283; x_wconf 70' lang='grc' dir='ltr'><strong>καὶ</strong></span> <span class='ocrx_word' id='word_1_488' title='bbox 3523 3224 3809 3296; x_wconf 75' lang='grc' dir='ltr'>διεψεύσθην</span> 
     </span>
    </p>
   </div>
   <div class='ocr_carea' id='block_1_66' title="bbox 577 3318 2158 3394">
    <p class='ocr_par' dir='ltr' id='par_1_66' title="bbox 577 3324 2158 3394">
     <span class='ocr_line' id='line_1_66' title="bbox 577 3324 2158 3394; baseline -0.003 -13"><span class='ocrx_word' id='word_1_489' title='bbox 577 3330 725 3382; x_wconf 88' lang='lat' dir='ltr'><strong>enim</strong></span> <span class='ocrx_word' id='word_1_490' title='bbox 779 3329 945 3382; x_wconf 91' lang='lat' dir='ltr'><strong>homo</strong></span> <span class='ocrx_word' id='word_1_491' title='bbox 991 3329 1192 3381; x_wconf 82' lang='lat' dir='ltr'><strong>animal</strong></span> <span class='ocrx_word' id='word_1_492' title='bbox 1222 3336 1304 3381; x_wconf 90' lang='lat' dir='ltr'><strong>est</strong></span> <span class='ocrx_word' id='word_1_493' title='bbox 1358 3334 1538 3381; x_wconf 88' lang='lat' dir='ltr'><strong>mente</strong></span> <span class='ocrx_word' id='word_1_494' title='bbox 1570 3342 1785 3381; x_wconf 90' lang='lat' dir='ltr'><strong>carens.</strong></span> <span class='ocrx_word' id='word_1_495' title='bbox 1817 3328 1992 3394; x_wconf 78' lang='lat' dir='ltr'><strong>Atque</strong></span> <span class='ocrx_word' id='word_1_496' title='bbox 2025 3324 2158 3377; x_wconf 85' lang='lat' dir='ltr'><strong>illud</strong></span> 
     </span>
    </p>
   </div>
   <div class='ocr_carea' id='block_1_67' title="bbox 2260 3318 3806 3394">
    <p class='ocr_par' dir='ltr' id='par_1_67' title="bbox 2261 3318 3806 3392">
     <span class='ocr_line' id='line_1_67' title="bbox 2261 3318 3806 3392; baseline -0.001 -19"><span class='ocrx_word' id='word_1_497' title='bbox 2261 3319 2370 3388; x_wconf 77' lang='grc' dir='ltr'>ἐγὼ</span> <span class='ocrx_word' id='word_1_498' title='bbox 2392 3320 2541 3391; x_wconf 85' lang='grc' dir='ltr'>παρὰ</span> <span class='ocrx_word' id='word_1_499' title='bbox 2575 3321 2671 3391; x_wconf 78' lang='grc' dir='ltr'>τῆς</span> <span class='ocrx_word' id='word_1_500' title='bbox 2698 3320 2976 3391; x_wconf 80' lang='grc' dir='ltr'>ἀληθείας.</span> <span class='ocrx_word' id='word_1_501' title='bbox 3010 3321 3169 3377; x_wconf 76' lang='grc' dir='ltr'>ἄλλου</span> <span class='ocrx_word' id='word_1_502' title='bbox 3192 3321 3534 3392; x_wconf 81' lang='grc' dir='ltr'>τιμηθέντος,</span> <span class='ocrx_word' id='word_1_503' title='bbox 3562 3318 3705 3380; x_wconf 85' lang='grc' dir='ltr'>ἀλλος</span> <span class='ocrx_word' id='word_1_504' title='bbox 3728 3333 3806 3385; x_wconf 81' lang='grc' dir='ltr'><strong>με·</strong></span> 
     </span>
    </p>
   </div>
   <div class='ocr_carea' id='block_1_68' title="bbox 576 3408 2158 3489">
    <p class='ocr_par' dir='ltr' id='par_1_68' title="bbox 576 3415 2153 3489">
     <span class='ocr_line' id='line_1_68' title="bbox 576 3415 2153 3489; baseline -0.005 -15"><span class='ocrx_word' id='word_1_505' title='bbox 576 3435 804 3475; x_wconf 87' lang='lat' dir='ltr'><strong>necesse</strong></span> <span class='ocrx_word' id='word_1_506' title='bbox 835 3428 940 3484; x_wconf 90' lang='lat' dir='ltr'><strong>est,</strong></span> <span class='ocrx_word' id='word_1_507' title='bbox 969 3427 1027 3472; x_wconf 89' lang='lat' dir='ltr'><strong>ut</strong></span> <span class='ocrx_word' id='word_1_508' title='bbox 1062 3419 1272 3489; x_wconf 76' lang='lat' dir='ltr'><strong>species</strong></span> <span class='ocrx_word' id='word_1_509' title='bbox 1297 3418 1514 3487; x_wconf 87' lang='lat' dir='ltr'><strong>quidem</strong></span> <span class='ocrx_word' id='word_1_510' title='bbox 1546 3426 1598 3471; x_wconf 87' lang='lat' dir='ltr'><strong>et</strong></span> <span class='ocrx_word' id='word_1_511' title='bbox 1623 3418 1775 3470; x_wconf 82' lang='lat' dir='ltr'><strong>larva</strong></span> <span class='ocrx_word' id='word_1_512' title='bbox 1801 3417 2037 3469; x_wconf 89' lang='lat' dir='ltr'><strong>humana</strong></span> <span class='ocrx_word' id='word_1_513' title='bbox 2061 3415 2153 3478; x_wconf 81' lang='lat' dir='ltr'><strong>sit,</strong></span> 
     </span>
    </p>
   </div>
   <div class='ocr_carea' id='block_1_69' title="bbox 2260 3408 3806 3489">
    <p class='ocr_par' dir='ltr' id='par_1_69' title="bbox 2260 3408 3806 3485">
     <span class='ocr_line' id='line_1_69' title="bbox 2260 3408 3806 3485; baseline -0.002 -21"><span class='ocrx_word' id='word_1_514' title='bbox 2260 3411 2533 3480; x_wconf 82' lang='grc' dir='ltr'>γαλαυχού</span> <span class='ocrx_word' id='word_1_515' title='bbox 2543 3426 2716 3481; x_wconf 85' lang='grc' dir='ltr'>μενος.</span> <span class='ocrx_word' id='word_1_516' title='bbox 2746 3412 2807 3464; x_wconf 77' lang='grc' dir='ltr'><strong>Εἰ</strong></span> <span class='ocrx_word' id='word_1_517' title='bbox 2826 3412 2883 3464; x_wconf 83' lang='grc' dir='ltr'><strong>δὲ</strong></span> <span class='ocrx_word' id='word_1_518' title='bbox 2908 3413 3112 3485; x_wconf 79' lang='grc' dir='ltr'>νοερδς,</span> <span class='ocrx_word' id='word_1_519' title='bbox 3135 3413 3251 3466; x_wconf 82' lang='grc' dir='ltr'>ἀλλ’</span> <span class='ocrx_word' id='word_1_520' title='bbox 3272 3414 3375 3466; x_wconf 81' lang='grc' dir='ltr'><strong>οὐκ</strong></span> <span class='ocrx_word' id='word_1_521' title='bbox 3396 3413 3552 3474; x_wconf 82' lang='grc' dir='ltr'>ἄνους</span> <span class='ocrx_word' id='word_1_522' title='bbox 3576 3411 3603 3462; x_wconf 83' lang='grc' dir='ltr'><strong>ὁ</strong></span> <span class='ocrx_word' id='word_1_523' title='bbox 3625 3408 3806 3479; x_wconf 79' lang='grc' dir='ltr'>ἀνθρω-</span> 
     </span>
    </p>
   </div>
   <div class='ocr_carea' id='block_1_70' title="bbox 576 3503 2158 3579">
    <p class='ocr_par' dir='ltr' id='par_1_70' title="bbox 576 3505 2155 3579">
     <span class='ocr_line' id='line_1_70' title="bbox 576 3505 2155 3579; baseline -0.003 -16"><span class='ocrx_word' id='word_1_524' title='bbox 576 3511 759 3564; x_wconf 90' lang='lat' dir='ltr'><strong>anima</strong></span> <span class='ocrx_word' id='word_1_525' title='bbox 789 3519 969 3564; x_wconf 87' lang='lat' dir='ltr'><strong>autem</strong></span> <span class='ocrx_word' id='word_1_526' title='bbox 1005 3513 1131 3579; x_wconf 89' lang='lat' dir='ltr'><strong>equi</strong></span> <span class='ocrx_word' id='word_1_527' title='bbox 1172 3509 1502 3578; x_wconf 87' lang='lat' dir='ltr'><strong>cujuspiam,</strong></span> <span class='ocrx_word' id='word_1_528' title='bbox 1550 3517 1644 3561; x_wconf 91' lang='lat' dir='ltr'><strong>aut</strong></span> <span class='ocrx_word' id='word_1_529' title='bbox 1671 3508 1849 3569; x_wconf 90' lang='lat' dir='ltr'><strong>bovis,</strong></span> <span class='ocrx_word' id='word_1_530' title='bbox 1881 3516 1975 3559; x_wconf 89' lang='lat' dir='ltr'><strong>aut</strong></span> <span class='ocrx_word' id='word_1_531' title='bbox 2014 3505 2155 3559; x_wconf 89' lang='lat' dir='ltr'><strong>alius</strong></span> 
     </span>
    </p>
   </div>
   <div class='ocr_carea' id='block_1_71' title="bbox 2260 3503 3497 3579">
    <p class='ocr_par' dir='ltr' id='par_1_71' title="bbox 2266 3503 3497 3573">
     <span class='ocr_line' id='line_1_71' title="bbox 2266 3503 3497 3573; baseline -0.002 -18"><span class='ocrx_word' id='word_1_532' title='bbox 2266 3520 2384 3566; x_wconf 87' lang='grc' dir='ltr'>πος,</span> <span class='ocrx_word' id='word_1_533' title='bbox 2418 3503 2820 3556; x_wconf 80' lang='grc' dir='ltr'>παυσάσθωσαν</span> <span class='ocrx_word' id='word_1_534' title='bbox 2858 3504 3026 3565; x_wconf 79' lang='grc' dir='ltr'>ὅντως</span> <span class='ocrx_word' id='word_1_535' title='bbox 3061 3504 3497 3573; x_wconf 75' lang='grc' dir='ltr'>ἀνοηταίνοντες.</span> 
     </span>
    </p>
   </div>
   <div class='ocr_carea' id='block_1_72' title="bbox 576 3596 3807 3670">
    <p class='ocr_par' dir='ltr' id='par_1_72' title="bbox 576 3596 3807 3670">
     <span class='ocr_line' id='line_1_72' title="bbox 576 3596 3807 3670; baseline -0.002 -14"><span class='ocrx_word' id='word_1_536' title='bbox 576 3603 833 3659; x_wconf 86' lang='lat' dir='ltr'><strong>animalis</strong></span> <span class='ocrx_word' id='word_1_537' title='bbox 867 3611 1106 3658; x_wconf 88' lang='lat' dir='ltr'><strong>mentem</strong></span> <span class='ocrx_word' id='word_1_538' title='bbox 1152 3618 1263 3658; x_wconf 86' lang='lat' dir='ltr'><strong>non</strong></span> <span class='ocrx_word' id='word_1_539' title='bbox 1314 3603 1590 3658; x_wconf 87' lang='lat' dir='ltr'><strong>habentis.</strong></span> <span class='ocrx_word' id='word_1_540' title='bbox 1636 3602 1715 3656; x_wconf 83' lang='lat' dir='ltr'><strong>Ac</strong></span> <span class='ocrx_word' id='word_1_541' title='bbox 1757 3600 1987 3670; x_wconf 88' lang='lat' dir='ltr'><strong>proinde</strong></span> <span class='ocrx_word' id='word_1_542' title='bbox 2020 3599 2152 3653; x_wconf 91' lang='lat' dir='ltr'><strong>illud</strong></span> <span class='ocrx_word' id='word_1_543' title='bbox 2191 3614 2411 3669; x_wconf 86' lang='lat' dir='ltr'><strong>quoque</strong></span> <span class='ocrx_word' id='word_1_544' title='bbox 2451 3602 2582 3663; x_wconf 88' lang='lat' dir='ltr'><strong>erit,</strong></span> <span class='ocrx_word' id='word_1_545' title='bbox 2624 3597 2723 3653; x_wconf 87' lang='lat' dir='ltr'><strong>cui</strong></span> <span class='ocrx_word' id='word_1_546' title='bbox 2764 3599 2915 3653; x_wconf 83' lang='lat' dir='ltr'><strong>salus</strong></span> <span class='ocrx_word' id='word_1_547' title='bbox 2964 3597 3262 3653; x_wconf 78' lang='lat' dir='ltr'><strong>aﬂ‘eramr:</strong></span> <span class='ocrx_word' id='word_1_548' title='bbox 3295 3610 3461 3668; x_wconf 73' lang='lat' dir='ltr'><strong>atque</strong></span> <span class='ocrx_word' id='word_1_549' title='bbox 3497 3614 3595 3669; x_wconf 80' lang='lat' dir='ltr'><strong>ego</strong></span> <span class='ocrx_word' id='word_1_550' title='bbox 3619 3598 3681 3651; x_wconf 91' lang='lat' dir='ltr'><strong>ab</strong></span> <span class='ocrx_word' id='word_1_551' title='bbox 3707 3596 3807 3664; x_wconf 79' lang='lat' dir='ltr'><strong>ipsa-</strong></span> 
     </span>
    </p>
   </div>
   <div class='ocr_carea' id='block_1_73' title="bbox 576 3692 3801 3766">
    <p class='ocr_par' dir='ltr' id='par_1_73' title="bbox 576 3692 3801 3766">
     <span class='ocr_line' id='line_1_73' title="bbox 576 3692 3801 3766; baseline -0.001 -17"><span class='ocrx_word' id='word_1_552' title='bbox 576 3696 819 3759; x_wconf 84' lang='lat' dir='ltr'><strong>Veritate</strong></span> <span class='ocrx_word' id='word_1_553' title='bbox 858 3696 1086 3753; x_wconf 86' lang='lat' dir='ltr'><strong>delusus</strong></span> <span class='ocrx_word' id='word_1_554' title='bbox 1130 3713 1275 3760; x_wconf 89' lang='lat' dir='ltr'><strong>sum,</strong></span> <span class='ocrx_word' id='word_1_555' title='bbox 1315 3708 1371 3751; x_wconf 93' lang='lat' dir='ltr'><strong>ut</strong></span> <span class='ocrx_word' id='word_1_556' title='bbox 1404 3698 1516 3766; x_wconf 87' lang='lat' dir='ltr'><strong>qui,</strong></span> <span class='ocrx_word' id='word_1_557' title='bbox 1556 3697 1664 3751; x_wconf 88' lang='lat' dir='ltr'><strong>alio</strong></span> <span class='ocrx_word' id='word_1_558' title='bbox 1699 3698 1909 3751; x_wconf 86' lang='lat' dir='ltr'><strong>honore</strong></span> <span class='ocrx_word' id='word_1_559' title='bbox 1949 3694 2164 3761; x_wconf 68' lang='lat' dir='ltr'><strong>atiecto,</strong></span> <span class='ocrx_word' id='word_1_560' title='bbox 2203 3696 2320 3763; x_wconf 89' lang='lat' dir='ltr'><strong>ipse</strong></span> <span class='ocrx_word' id='word_1_561' title='bbox 2345 3694 2567 3765; x_wconf 83' lang='lat' dir='ltr'><strong>glorier,</strong></span> <span class='ocrx_word' id='word_1_562' title='bbox 2601 3710 2796 3763; x_wconf 91' lang='lat' dir='ltr'><strong>meque</strong></span> <span class='ocrx_word' id='word_1_563' title='bbox 2832 3695 3056 3763; x_wconf 89' lang='lat' dir='ltr'><strong>jactem.</strong></span> <span class='ocrx_word' id='word_1_564' title='bbox 3089 3694 3147 3749; x_wconf 90' lang='lat' dir='ltr'><strong>Si</strong></span> <span class='ocrx_word' id='word_1_565' title='bbox 3187 3704 3370 3751; x_wconf 86' lang='lat' dir='ltr'><strong>autem</strong></span> <span class='ocrx_word' id='word_1_566' title='bbox 3423 3695 3612 3750; x_wconf 84' lang='lat' dir='ltr'><strong>mentis</strong></span> <span class='ocrx_word' id='word_1_567' title='bbox 3662 3692 3801 3762; x_wconf 80' lang='lat' dir='ltr'><strong>parti-</strong></span> 
     </span>
    </p>
   </div>
   <div class='ocr_carea' id='block_1_74' title="bbox 574 3789 3411 3865">
    <p class='ocr_par' dir='ltr' id='par_1_74' title="bbox 574 3789 3411 3865">
     <span class='ocr_line' id='line_1_74' title="bbox 574 3789 3411 3865; baseline -0.002 -15"><span class='ocrx_word' id='word_1_568' title='bbox 574 3810 726 3865; x_wconf 89' lang='lat' dir='ltr'><strong>ceps,</strong></span> <span class='ocrx_word' id='word_1_569' title='bbox 755 3809 869 3849; x_wconf 90' lang='lat' dir='ltr'><strong>non</strong></span> <span class='ocrx_word' id='word_1_570' title='bbox 900 3803 1079 3848; x_wconf 80' lang='lat' dir='ltr'><strong>autem</strong></span> <span class='ocrx_word' id='word_1_571' title='bbox 1113 3800 1296 3847; x_wconf 80' lang='lat' dir='ltr'><strong>mente</strong></span> <span class='ocrx_word' id='word_1_572' title='bbox 1327 3807 1524 3847; x_wconf 87' lang='lat' dir='ltr'><strong>carens</strong></span> <span class='ocrx_word' id='word_1_573' title='bbox 1556 3793 1721 3848; x_wconf 85' lang='lat' dir='ltr'><strong>homo</strong></span> <span class='ocrx_word' id='word_1_574' title='bbox 1754 3798 1859 3855; x_wconf 89' lang='lat' dir='ltr'><strong>est,</strong></span> <span class='ocrx_word' id='word_1_575' title='bbox 1896 3791 2149 3860; x_wconf 87' lang='lat' dir='ltr'><strong>desipere</strong></span> <span class='ocrx_word' id='word_1_576' title='bbox 2183 3804 2397 3845; x_wconf 63' lang='lat' dir='ltr'><strong>vere‘ac</strong></span> <span class='ocrx_word' id='word_1_577' title='bbox 2420 3790 2619 3844; x_wconf 90' lang='lat' dir='ltr'><strong>mentis</strong></span> <span class='ocrx_word' id='word_1_578' title='bbox 2648 3789 2830 3860; x_wconf 75' lang='lat' dir='ltr'><strong>inopia</strong></span> <span class='ocrx_word' id='word_1_579' title='bbox 2857 3790 3107 3846; x_wconf 88' lang='lat' dir='ltr'><strong>laborare</strong></span> <span class='ocrx_word' id='word_1_580' title='bbox 3136 3791 3411 3846; x_wconf 89' lang='lat' dir='ltr'><strong>desinant.</strong></span> 
     </span>
    </p>
   </div>
   <div class='ocr_carea' id='block_1_75' title="bbox 641 3868 2158 3956">
    <p class='ocr_par' dir='ltr' id='par_1_75' title="bbox 641 3883 2153 3956">
     <span class='ocr_line' id='line_1_75' title="bbox 641 3883 2153 3956; baseline -0.002 -17"><span class='ocrx_word' id='word_1_581' title='bbox 641 3886 732 3949; x_wconf 77' lang='lat' dir='ltr'><strong>At,</strong></span> <span class='ocrx_word' id='word_1_582' title='bbox 798 3886 998 3956; x_wconf 86' lang='lat' dir='ltr'><strong>inquit,</strong></span> <span class='ocrx_word' id='word_1_583' title='bbox 1069 3885 1329 3941; x_wconf 73' lang='lat' dir='ltr'><strong>divinitas</strong></span> <span class='ocrx_word' id='word_1_584' title='bbox 1387 3888 1590 3941; x_wconf 86' lang='lat' dir='ltr'><strong>mentis</strong></span> <span class='ocrx_word' id='word_1_585' title='bbox 1651 3888 1772 3940; x_wconf 91' lang='lat' dir='ltr'><strong>loco</strong></span> <span class='ocrx_word' id='word_1_586' title='bbox 1827 3883 2153 3940; x_wconf 78' lang='lat' dir='ltr'><strong>suﬂicicbat.</strong></span> 
     </span>
    </p>
   </div>
   <div class='ocr_carea' id='block_1_76' title="bbox 2260 3868 3801 3956">
    <p class='ocr_par' dir='ltr' id='par_1_76' title="bbox 2343 3868 3801 3952">
     <span class='ocr_line' id='line_1_76' title="bbox 2343 3868 3801 3952; baseline -0.006 -19"><span class='ocrx_word' id='word_1_587' title='bbox 2343 3880 2481 3933; x_wconf 84' lang='grc' dir='ltr'>Ἀλλ’</span> <span class='ocrx_word' id='word_1_588' title='bbox 2511 3882 2698 3951; x_wconf 69' lang='grc' dir='ltr'>ἢρκει,</span> <span class='ocrx_word' id='word_1_589' title='bbox 2729 3883 2913 3952; x_wconf 61' lang='grc' dir='ltr'>φησιν,</span> <span class='ocrx_word' id='word_1_590' title='bbox 2946 3883 2979 3952; x_wconf 80' lang='grc' dir='ltr'>ἡ</span> <span class='ocrx_word' id='word_1_591' title='bbox 3008 3881 3197 3950; x_wconf 83' lang='grc' dir='ltr'>θεότης</span> <span class='ocrx_word' id='word_1_592' title='bbox 3229 3882 3351 3934; x_wconf 77' lang='grc' dir='ltr'>ἀντὶ</span> <span class='ocrx_word' id='word_1_593' title='bbox 3380 3880 3473 3933; x_wconf 88' lang='grc' dir='ltr'><strong>τοῦ</strong></span> <span class='ocrx_word' id='word_1_594' title='bbox 3508 3878 3613 3932; x_wconf 92' lang='grc' dir='ltr'>νοῦ.</span> <span class='ocrx_word' id='word_1_595' title='bbox 3647 3875 3704 3928; x_wconf 82' lang='grc' dir='ltr'><strong>Τί</strong></span> <span class='ocrx_word' id='word_1_596' title='bbox 3727 3868 3801 3927; x_wconf 77' lang='grc' dir='ltr'>οὖν</span> 
     </span>
    </p>
   </div>
   <div class='ocr_carea' id='block_1_77' title="bbox 574 3966 2158 4045">
    <p class='ocr_par' dir='ltr' id='par_1_77' title="bbox 574 3975 2153 4043">
     <span class='ocr_line' id='line_1_77' title="bbox 574 3975 2153 4043; baseline -0.002 -12"><span class='ocrx_word' id='word_1_597' title='bbox 574 3977 713 4043; x_wconf 86' lang='lat' dir='ltr'><strong>Quid</strong></span> <span class='ocrx_word' id='word_1_598' title='bbox 749 3987 933 4032; x_wconf 85' lang='lat' dir='ltr'><strong>autem</strong></span> <span class='ocrx_word' id='word_1_599' title='bbox 968 3978 1074 4032; x_wconf 85' lang='lat' dir='ltr'><strong>hoc</strong></span> <span class='ocrx_word' id='word_1_600' title='bbox 1118 3979 1183 4033; x_wconf 86' lang='lat' dir='ltr'><strong>ad</strong></span> <span class='ocrx_word' id='word_1_601' title='bbox 1225 3980 1352 4034; x_wconf 75' lang='lat' dir='ltr'><strong>me?</strong></span> <span class='ocrx_word' id='word_1_602' title='bbox 1380 3978 1646 4033; x_wconf 89' lang='lat' dir='ltr'><strong>Divinitas</strong></span> <span class='ocrx_word' id='word_1_603' title='bbox 1689 3977 1836 4033; x_wconf 89' lang='lat' dir='ltr'><strong>enim</strong></span> <span class='ocrx_word' id='word_1_604' title='bbox 1869 3992 1995 4032; x_wconf 91' lang='lat' dir='ltr'><strong>cum</strong></span> <span class='ocrx_word' id='word_1_605' title='bbox 2035 3975 2153 4031; x_wconf 90' lang='lat' dir='ltr'><strong>sola</strong></span> 
     </span>
    </p>
   </div>
   <div class='ocr_carea' id='block_1_78' title="bbox 2260 3966 3802 4045">
    <p class='ocr_par' dir='ltr' id='par_1_78' title="bbox 2260 3966 3802 4045">
     <span class='ocr_line' id='line_1_78' title="bbox 2260 3966 3802 4045; baseline -0.006 -20"><span class='ocrx_word' id='word_1_606' title='bbox 2260 3972 2393 4045; x_wconf 71' lang='grc' dir='ltr'>προς</span> <span class='ocrx_word' id='word_1_607' title='bbox 2421 3974 2519 4043; x_wconf 75' lang='grc' dir='ltr'>ἐμὲ</span> <span class='ocrx_word' id='word_1_608' title='bbox 2552 3970 2736 4038; x_wconf 64' lang='lat' dir='ltr'><strong>toﬁ-co;</strong></span> <span class='ocrx_word' id='word_1_609' title='bbox 2774 3972 2977 4044; x_wconf 80' lang='grc' dir='ltr'>Θεότης</span> <span class='ocrx_word' id='word_1_610' title='bbox 3007 3974 3116 4044; x_wconf 80' lang='grc' dir='ltr'><strong>γὰρ</strong></span> <span class='ocrx_word' id='word_1_611' title='bbox 3144 3975 3283 4044; x_wconf 83' lang='grc' dir='ltr'>μετὰ</span> <span class='ocrx_word' id='word_1_612' title='bbox 3324 3973 3522 4044; x_wconf 72' lang='grc' dir='ltr'>σαρκὸς</span> <span class='ocrx_word' id='word_1_613' title='bbox 3553 3970 3702 4041; x_wconf 85' lang='grc' dir='ltr'>μόνης</span> <span class='ocrx_word' id='word_1_614' title='bbox 3720 3966 3802 4018; x_wconf 75' lang='grc' dir='ltr'>οὐκ</span> 
     </span>
    </p>
   </div>
   <div class='ocr_carea' id='block_1_79' title="bbox 571 4063 2158 4138">
    <p class='ocr_par' dir='ltr' id='par_1_79' title="bbox 571 4068 2150 4132">
     <span class='ocr_line' id='line_1_79' title="bbox 571 4068 2150 4132; baseline -0.001 -9"><span class='ocrx_word' id='word_1_615' title='bbox 571 4085 739 4124; x_wconf 85' lang='lat' dir='ltr'><strong>carne</strong></span> <span class='ocrx_word' id='word_1_616' title='bbox 767 4068 932 4122; x_wconf 90' lang='lat' dir='ltr'><strong>homo</strong></span> <span class='ocrx_word' id='word_1_617' title='bbox 959 4084 1070 4123; x_wconf 89' lang='lat' dir='ltr'><strong>non</strong></span> <span class='ocrx_word' id='word_1_618' title='bbox 1100 4078 1205 4132; x_wconf 85' lang='lat' dir='ltr'><strong>est,</strong></span> <span class='ocrx_word' id='word_1_619' title='bbox 1238 4070 1348 4124; x_wconf 85' lang='lat' dir='ltr'><strong>imo</strong></span> <span class='ocrx_word' id='word_1_620' title='bbox 1381 4086 1481 4124; x_wconf 90' lang='lat' dir='ltr'><strong>nec</strong></span> <span class='ocrx_word' id='word_1_621' title='bbox 1511 4085 1637 4125; x_wconf 90' lang='lat' dir='ltr'><strong>cum</strong></span> <span class='ocrx_word' id='word_1_622' title='bbox 1666 4071 1784 4124; x_wconf 89' lang='lat' dir='ltr'><strong>sola</strong></span> <span class='ocrx_word' id='word_1_623' title='bbox 1819 4069 2025 4132; x_wconf 89' lang='lat' dir='ltr'><strong>anima,</strong></span> <span class='ocrx_word' id='word_1_624' title='bbox 2048 4081 2150 4121; x_wconf 90' lang='lat' dir='ltr'><strong>nec</strong></span> 
     </span>
    </p>
   </div>
   <div class='ocr_carea' id='block_1_80' title="bbox 2260 4063 3805 4138">
    <p class='ocr_par' dir='ltr' id='par_1_80' title="bbox 2260 4063 3805 4138">
     <span class='ocr_line' id='line_1_80' title="bbox 2260 4063 3805 4138; baseline -0.005 -19"><span class='ocrx_word' id='word_1_625' title='bbox 2260 4065 2558 4136; x_wconf 74' lang='grc' dir='ltr'>ἄνθρωπος,</span> <span class='ocrx_word' id='word_1_626' title='bbox 2594 4065 2709 4119; x_wconf 82' lang='grc' dir='ltr'>ἀλλ’</span> <span class='ocrx_word' id='word_1_627' title='bbox 2745 4066 2867 4118; x_wconf 82' lang='grc' dir='ltr'>οὑδὲ</span> <span class='ocrx_word' id='word_1_628' title='bbox 2897 4066 3075 4136; x_wconf 81' lang='grc' dir='ltr'>ψυχῆς</span> <span class='ocrx_word' id='word_1_629' title='bbox 3120 4067 3317 4138; x_wconf 81' lang='grc' dir='ltr'>μόνης,</span> <span class='ocrx_word' id='word_1_630' title='bbox 3359 4068 3479 4121; x_wconf 83' lang='grc' dir='ltr'>οὐδὲ</span> <span class='ocrx_word' id='word_1_631' title='bbox 3517 4063 3805 4136; x_wconf 75' lang='grc' dir='ltr'>ἀμφοτέρων</span> 
     </span>
    </p>
   </div>
   <div class='ocr_carea' id='block_1_81' title="bbox 570 4154 2158 4233">
    <p class='ocr_par' dir='ltr' id='par_1_81' title="bbox 570 4159 2146 4233">
     <span class='ocr_line' id='line_1_81' title="bbox 570 4159 2146 4233; baseline 0.001 -21"><span class='ocrx_word' id='word_1_632' title='bbox 570 4174 695 4212; x_wconf 79' lang='lat' dir='ltr'><strong>cum</strong></span> <span class='ocrx_word' id='word_1_633' title='bbox 720 4167 974 4228; x_wconf 89' lang='lat' dir='ltr'><strong>utraque,</strong></span> <span class='ocrx_word' id='word_1_634' title='bbox 1000 4159 1047 4215; x_wconf 87' lang='lat' dir='ltr'><strong>si</strong></span> <span class='ocrx_word' id='word_1_635' title='bbox 1072 4176 1223 4216; x_wconf 87' lang='lat' dir='ltr'><strong>mens</strong></span> <span class='ocrx_word' id='word_1_636' title='bbox 1248 4162 1410 4227; x_wconf 88' lang='lat' dir='ltr'><strong>absit,</strong></span> <span class='ocrx_word' id='word_1_637' title='bbox 1440 4178 1563 4231; x_wconf 68' lang='lat' dir='ltr'><strong>quae</strong></span> <span class='ocrx_word' id='word_1_638' title='bbox 1590 4163 1755 4217; x_wconf 87' lang='lat' dir='ltr'><strong>etiam</strong></span> <span class='ocrx_word' id='word_1_639' title='bbox 1786 4162 1961 4233; x_wconf 82' lang='lat' dir='ltr'><strong>magis</strong></span> <span class='ocrx_word' id='word_1_640' title='bbox 1984 4161 2146 4215; x_wconf 90' lang='lat' dir='ltr'><strong>homo</strong></span> 
     </span>
    </p>
   </div>
   <div class='ocr_carea' id='block_1_82' title="bbox 2260 4154 3803 4233">
    <p class='ocr_par' dir='ltr' id='par_1_82' title="bbox 2260 4154 3803 4231">
     <span class='ocr_line' id='line_1_82' title="bbox 2260 4154 3803 4231; baseline -0.005 -20"><span class='ocrx_word' id='word_1_641' title='bbox 2260 4161 2418 4231; x_wconf 65' lang='grc' dir='ltr'>χωρὶς</span> <span class='ocrx_word' id='word_1_642' title='bbox 2456 4159 2549 4211; x_wconf 89' lang='grc' dir='ltr'><strong>τοῦ</strong></span> <span class='ocrx_word' id='word_1_643' title='bbox 2584 4157 2699 4221; x_wconf 88' lang='grc' dir='ltr'>νοῦ,</span> <span class='ocrx_word' id='word_1_644' title='bbox 2737 4156 2765 4210; x_wconf 82' lang='grc' dir='ltr'><strong>ὅ</strong></span> <span class='ocrx_word' id='word_1_645' title='bbox 2799 4158 2892 4210; x_wconf 69' lang='grc' dir='ltr'>καὶ</span> <span class='ocrx_word' id='word_1_646' title='bbox 2931 4157 3129 4227; x_wconf 78' lang='grc' dir='ltr'>μᾶλλον</span> <span class='ocrx_word' id='word_1_647' title='bbox 3162 4158 3473 4230; x_wconf 80' lang='grc' dir='ltr'>ἄνθρωπος.</span> <span class='ocrx_word' id='word_1_648' title='bbox 3658 4154 3803 4221; x_wconf 70' lang='lat' dir='ltr'><strong>Ti;th</strong></span> 
     </span>
    </p>
   </div>
   <div class='ocr_carea' id='block_1_83' title="bbox 568 4242 2158 4322">
    <p class='ocr_par' dir='ltr' id='par_1_83' title="bbox 568 4246 2143 4314">
     <span class='ocr_line' id='line_1_83' title="bbox 568 4246 2143 4314; baseline 0.001 -11"><span class='ocrx_word' id='word_1_649' title='bbox 568 4250 785 4304; x_wconf 86' lang='lat' dir='ltr'><strong>censeri</strong></span> <span class='ocrx_word' id='word_1_650' title='bbox 808 4246 991 4305; x_wconf 78' lang='lat' dir='ltr'><strong>debet.</strong></span> <span class='ocrx_word' id='word_1_651' title='bbox 1017 4249 1385 4314; x_wconf 81' lang='lat' dir='ltr'><strong>Quamobrem</strong></span> <span class='ocrx_word' id='word_1_652' title='bbox 1419 4260 1595 4307; x_wconf 86' lang='lat' dir='ltr'><strong>totum</strong></span> <span class='ocrx_word' id='word_1_653' title='bbox 1636 4252 1913 4311; x_wconf 86' lang='lat' dir='ltr'><strong>hominem</strong></span> <span class='ocrx_word' id='word_1_654' title='bbox 1945 4252 2143 4313; x_wconf 87' lang='lat' dir='ltr'><strong>retine,</strong></span> 
     </span>
    </p>
   </div>
   <div class='ocr_carea' id='block_1_84' title="bbox 2260 4242 3797 4322">
    <p class='ocr_par' dir='ltr' id='par_1_84' title="bbox 2260 4242 3797 4322">
     <span class='ocr_line' id='line_1_84' title="bbox 2260 4242 3797 4322; baseline -0.007 -17"><span class='ocrx_word' id='word_1_655' title='bbox 2260 4247 2345 4305; x_wconf 84' lang='grc' dir='ltr'><strong>οῦν</strong></span> <span class='ocrx_word' id='word_1_656' title='bbox 2372 4250 2462 4303; x_wconf 80' lang='grc' dir='ltr'><strong>τὸν</strong></span> <span class='ocrx_word' id='word_1_657' title='bbox 2500 4250 2785 4318; x_wconf 79' lang='grc' dir='ltr'>ἄνθρωπον</span> <span class='ocrx_word' id='word_1_658' title='bbox 2809 4251 2960 4318; x_wconf 82' lang='grc' dir='ltr'>ὅλον,</span> <span class='ocrx_word' id='word_1_659' title='bbox 3000 4252 3094 4303; x_wconf 75' lang='grc' dir='ltr'>καὶ</span> <span class='ocrx_word' id='word_1_660' title='bbox 3127 4251 3279 4322; x_wconf 76' lang='grc' dir='ltr'>μίξον</span> <span class='ocrx_word' id='word_1_661' title='bbox 3316 4251 3416 4322; x_wconf 83' lang='grc' dir='ltr'>τὴν</span> <span class='ocrx_word' id='word_1_662' title='bbox 3456 4249 3695 4318; x_wconf 81' lang='grc' dir='ltr'>θεότητα,</span> <span class='ocrx_word' id='word_1_663' title='bbox 3727 4242 3797 4294; x_wconf 76' lang='grc' dir='ltr'>ἵνα</span> 
     </span>
    </p>
   </div>
   <div class='ocr_carea' id='block_1_85' title="bbox 572 4337 2158 4415">
    <p class='ocr_par' dir='ltr' id='par_1_85' title="bbox 572 4337 2151 4411">
     <span class='ocr_line' id='line_1_85' title="bbox 572 4337 2151 4411; baseline 0.006 -24"><span class='ocrx_word' id='word_1_664' title='bbox 572 4351 638 4389; x_wconf 87' lang='lat' dir='ltr'><strong>ac</strong></span> <span class='ocrx_word' id='word_1_665' title='bbox 676 4337 1020 4392; x_wconf 81' lang='lat' dir='ltr'><strong>divinitatem</strong></span> <span class='ocrx_word' id='word_1_666' title='bbox 1064 4340 1324 4411; x_wconf 75' lang='lat' dir='ltr'><strong>adjunge,</strong></span> <span class='ocrx_word' id='word_1_667' title='bbox 1376 4352 1437 4395; x_wconf 86' lang='lat' dir='ltr'><strong>ut</strong></span> <span class='ocrx_word' id='word_1_668' title='bbox 1467 4357 1554 4398; x_wconf 92' lang='lat' dir='ltr'><strong>me</strong></span> <span class='ocrx_word' id='word_1_669' title='bbox 1596 4343 1756 4411; x_wconf 89' lang='lat' dir='ltr'><strong>plene</strong></span> <span class='ocrx_word' id='word_1_670' title='bbox 1810 4356 1874 4395; x_wconf 90' lang='lat' dir='ltr'><strong>ac</strong></span> <span class='ocrx_word' id='word_1_671' title='bbox 1907 4343 2151 4411; x_wconf 81' lang='lat' dir='ltr'><strong>perfecte</strong></span> 
     </span>
    </p>
   </div>
   <div class='ocr_carea' id='block_1_86' title="bbox 2260 4337 2921 4415">
    <p class='ocr_par' dir='ltr' id='par_1_86' title="bbox 2260 4342 2921 4415">
     <span class='ocr_line' id='line_1_86' title="bbox 2260 4342 2921 4415; baseline -0.002 -19"><span class='ocrx_word' id='word_1_672' title='bbox 2260 4360 2324 4414; x_wconf 83' lang='grc' dir='ltr'><strong>με</strong></span> <span class='ocrx_word' id='word_1_673' title='bbox 2362 4342 2560 4406; x_wconf 80' lang='grc' dir='ltr'>τελέως</span> <span class='ocrx_word' id='word_1_674' title='bbox 2597 4343 2921 4415; x_wconf 64' lang='grc' dir='ltr'>εὐεργετῇς.</span> 
     </span>
    </p>
   </div>
   <div class='ocr_carea' id='block_1_87' title="bbox 570 4425 1135 4483">
    <p class='ocr_par' dir='ltr' id='par_1_87' title="bbox 570 4425 1135 4483">
     <span class='ocr_line' id='line_1_87' title="bbox 570 4425 1135 4483; baseline 0 -4"><span class='ocrx_word' id='word_1_675' title='bbox 570 4425 843 4479; x_wconf 78' lang='lat' dir='ltr'><strong>beneﬁcio</strong></span> <span class='ocrx_word' id='word_1_676' title='bbox 899 4426 957 4480; x_wconf 84' lang='lat' dir='ltr'><strong>af</strong></span> <span class='ocrx_word' id='word_1_677' title='bbox 959 4427 1135 4483; x_wconf 74' lang='lat' dir='ltr'><strong>ﬁcias.</strong></span> 
     </span>
    </p>
   </div>
   <div class='ocr_carea' id='block_1_88' title="bbox 1209 4523 1522 4580">
    <p class='ocr_par' dir='ltr' id='par_1_88' title="bbox 1209 4523 1522 4580">
     <span class='ocr_line' id='line_1_88' title="bbox 1209 4523 1522 4580; baseline 0 -1"><span class='ocrx_word' id='word_1_678' title='bbox 1209 4523 1295 4579; x_wconf 78' lang='lat' dir='ltr'><strong>Ea:</strong></span> <span class='ocrx_word' id='word_1_679' title='bbox 1317 4528 1522 4580; x_wconf 77' lang='lat' dir='ltr'><strong>eadem.</strong></span> 
     </span>
    </p>
   </div>
   <div class='ocr_carea' id='block_1_89' title="bbox 645 4603 2230 4691">
    <p class='ocr_par' dir='ltr' id='par_1_89' title="bbox 645 4603 2230 4691">
     <span class='ocr_line' id='line_1_89' title="bbox 645 4603 2230 4691; baseline -0.005 -16"><span class='ocrx_word' id='word_1_680' title='bbox 645 4622 737 4683; x_wconf 75' lang='lat' dir='ltr'><strong>At,</strong></span> <span class='ocrx_word' id='word_1_681' title='bbox 771 4620 973 4691; x_wconf 84' lang='lat' dir='ltr'><strong>inquis,</strong></span> <span class='ocrx_word' id='word_1_682' title='bbox 1001 4618 1111 4674; x_wconf 84' lang='lat' dir='ltr'><strong>duo</strong></span> <span class='ocrx_word' id='word_1_683' title='bbox 1137 4617 1376 4688; x_wconf 71' lang='lat' dir='ltr'><strong>perfecta</strong></span> <span class='ocrx_word' id='word_1_684' title='bbox 1404 4634 1519 4673; x_wconf 25' lang='lat' dir='ltr'><strong>non.</strong></span> <span class='ocrx_word' id='word_1_685' title='bbox 1546 4618 1807 4686; x_wconf 81' lang='lat' dir='ltr'><strong>capiebat.</strong></span> <span class='ocrx_word' id='word_1_686' title='bbox 1840 4619 1963 4670; x_wconf 76' lang='lat' dir='ltr'><strong>Non</strong></span> <span class='ocrx_word' id='word_1_687' title='bbox 1982 4632 2112 4671; x_wconf 80' lang='lat' dir='ltr'><strong>sane</strong></span> <span class='ocrx_word' id='word_1_688' title='bbox 2137 4633 2151 4679; x_wconf 87' lang='lat'><strong>;</strong></span> <span class='ocrx_word' id='word_1_689' title='bbox 2188 4603 2230 4655; x_wconf 84' lang='grc' dir='ltr'>ι)</span> 
     </span>
    </p>
   </div>
   <div class='ocr_carea' id='block_1_90' title="bbox 566 4708 2153 4782">
    <p class='ocr_par' dir='ltr' id='par_1_90' title="bbox 566 4708 2153 4782">
     <span class='ocr_line' id='line_1_90' title="bbox 566 4708 2153 4782; baseline -0.003 -16"><span class='ocrx_word' id='word_1_690' title='bbox 566 4713 842 4782; x_wconf 84' lang='lat' dir='ltr'><strong>siquidem</strong></span> <span class='ocrx_word' id='word_1_691' title='bbox 877 4726 1142 4778; x_wconf 84' lang='lat' dir='ltr'><strong>corporeo</strong></span> <span class='ocrx_word' id='word_1_692' title='bbox 1179 4710 1343 4765; x_wconf 89' lang='lat' dir='ltr'><strong>modo</strong></span> <span class='ocrx_word' id='word_1_693' title='bbox 1393 4724 1505 4763; x_wconf 85' lang='lat' dir='ltr'><strong>rem</strong></span> <span class='ocrx_word' id='word_1_694' title='bbox 1535 4709 1837 4776; x_wconf 75' lang='lat' dir='ltr'><strong>expendas.</strong></span> <span class='ocrx_word' id='word_1_695' title='bbox 1872 4708 1978 4763; x_wconf 81' lang='lat' dir='ltr'><strong>Vas</strong></span> <span class='ocrx_word' id='word_1_696' title='bbox 2008 4710 2153 4763; x_wconf 87' lang='lat' dir='ltr'><strong>enim</strong></span> 
     </span>
    </p>
   </div>
   <div class='ocr_carea' id='block_1_91' title="bbox 575 4799 2151 4874">
    <p class='ocr_par' dir='ltr' id='par_1_91' title="bbox 575 4799 2151 4874">
     <span class='ocr_line' id='line_1_91' title="bbox 575 4799 2151 4874; baseline -0.005 -17"><span class='ocrx_word' id='word_1_697' title='bbox 575 4804 740 4859; x_wconf 80' lang='lat' dir='ltr'><strong>unius</strong></span> <span class='ocrx_word' id='word_1_698' title='bbox 764 4804 930 4859; x_wconf 83' lang='lat' dir='ltr'><strong>modii</strong></span> <span class='ocrx_word' id='word_1_699' title='bbox 956 4817 1129 4874; x_wconf 69' lang='lat' dir='ltr'><strong>capax</strong></span> <span class='ocrx_word' id='word_1_700' title='bbox 1163 4803 1303 4855; x_wconf 86' lang='lat' dir='ltr'><strong>duos</strong></span> <span class='ocrx_word' id='word_1_701' title='bbox 1325 4800 1537 4855; x_wconf 82' lang='lat' dir='ltr'><strong>modius</strong></span> <span class='ocrx_word' id='word_1_702' title='bbox 1572 4799 1797 4853; x_wconf 84' lang='lat' dir='ltr'><strong>minimc</strong></span> <span class='ocrx_word' id='word_1_703' title='bbox 1827 4800 2151 4865; x_wconf 79' lang='lat' dir='ltr'><strong>continebit,</strong></span> 
     </span>
    </p>
   </div>
   <div class='ocr_carea' id='block_1_92' title="bbox 573 4891 2147 4964">
    <p class='ocr_par' dir='ltr' id='par_1_92' title="bbox 573 4891 2147 4964">
     <span class='ocr_line' id='line_1_92' title="bbox 573 4891 2147 4964; baseline -0.001 -17"><span class='ocrx_word' id='word_1_704' title='bbox 573 4908 679 4947; x_wconf 81' lang='lat' dir='ltr'><strong>nec</strong></span> <span class='ocrx_word' id='word_1_705' title='bbox 708 4894 955 4964; x_wconf 81' lang='lat' dir='ltr'><strong>corporis</strong></span> <span class='ocrx_word' id='word_1_706' title='bbox 992 4894 1155 4949; x_wconf 88' lang='lat' dir='ltr'><strong>unius</strong></span> <span class='ocrx_word' id='word_1_707' title='bbox 1203 4893 1355 4948; x_wconf 84' lang='lat' dir='ltr'><strong>locus</strong></span> <span class='ocrx_word' id='word_1_708' title='bbox 1402 4892 1511 4946; x_wconf 89' lang='lat' dir='ltr'><strong>duo</strong></span> <span class='ocrx_word' id='word_1_709' title='bbox 1562 4899 1659 4945; x_wconf 87' lang='lat' dir='ltr'><strong>aut</strong></span> <span class='ocrx_word' id='word_1_710' title='bbox 1703 4891 1855 4960; x_wconf 89' lang='lat' dir='ltr'><strong>plura</strong></span> <span class='ocrx_word' id='word_1_711' title='bbox 1898 4904 2147 4957; x_wconf 85' lang='lat' dir='ltr'><strong>corpora.</strong></span> 
     </span>
    </p>
   </div>
   <div class='ocr_carea' id='block_1_93' title="bbox 574 4982 2147 5054">
    <p class='ocr_par' dir='ltr' id='par_1_93' title="bbox 574 4982 2147 5054">
     <span class='ocr_line' id='line_1_93' title="bbox 574 4982 2147 5054; baseline -0.001 -18"><span class='ocrx_word' id='word_1_712' title='bbox 574 4982 631 5036; x_wconf 88' lang='lat' dir='ltr'><strong>Si</strong></span> <span class='ocrx_word' id='word_1_713' title='bbox 676 4995 856 5038; x_wconf 88' lang='lat' dir='ltr'><strong>autem</strong></span> <span class='ocrx_word' id='word_1_714' title='bbox 912 4993 971 5038; x_wconf 88' lang='lat' dir='ltr'><strong>ut</strong></span> <span class='ocrx_word' id='word_1_715' title='bbox 1015 4984 1375 5054; x_wconf 75' lang='lat' dir='ltr'><strong>intelligibilia</strong></span> <span class='ocrx_word' id='word_1_716' title='bbox 1421 4992 1477 5039; x_wconf 88' lang='lat' dir='ltr'><strong>et</strong></span> <span class='ocrx_word' id='word_1_717' title='bbox 1509 4982 1830 5051; x_wconf 81' lang='lat' dir='ltr'><strong>incorporea</strong></span> <span class='ocrx_word' id='word_1_718' title='bbox 1863 4996 1924 5036; x_wconf 88' lang='lat' dir='ltr'><strong>ea</strong></span> <span class='ocrx_word' id='word_1_719' title='bbox 1963 4982 2147 5037; x_wconf 87' lang='lat' dir='ltr'><strong>consi-</strong></span> 
     </span>
    </p>
   </div>
   <div class='ocr_carea' id='block_1_94' title="bbox 571 5065 2158 5151">
    <p class='ocr_par' dir='ltr' id='par_1_94' title="bbox 571 5078 2149 5151">
     <span class='ocr_line' id='line_1_94' title="bbox 571 5078 2149 5151; baseline -0.001 -18"><span class='ocrx_word' id='word_1_720' title='bbox 571 5080 754 5145; x_wconf 87' lang='lat' dir='ltr'><strong>deres,</strong></span> <span class='ocrx_word' id='word_1_721' title='bbox 804 5080 934 5134; x_wconf 76' lang='lat' dir='ltr'><strong>illud</strong></span> <span class='ocrx_word' id='word_1_722' title='bbox 983 5081 1374 5144; x_wconf 76' lang='lat' dir='ltr'><strong>animadverte,</strong></span> <span class='ocrx_word' id='word_1_723' title='bbox 1415 5081 1561 5151; x_wconf 82' lang='lat' dir='ltr'><strong>quod</strong></span> <span class='ocrx_word' id='word_1_724' title='bbox 1603 5081 1743 5135; x_wconf 90' lang='lat' dir='ltr'><strong>idem</strong></span> <span class='ocrx_word' id='word_1_725' title='bbox 1776 5080 1915 5149; x_wconf 81' lang='lat' dir='ltr'><strong>ipse,</strong></span> <span class='ocrx_word' id='word_1_726' title='bbox 1946 5088 2002 5133; x_wconf 88' lang='lat' dir='ltr'><strong>et</strong></span> <span class='ocrx_word' id='word_1_727' title='bbox 2028 5078 2149 5132; x_wconf 86' lang='lat' dir='ltr'><strong>ani-</strong></span> 
     </span>
    </p>
   </div>
   <div class='ocr_carea' id='block_1_95' title="bbox 2260 5065 3784 5151">
    <p class='ocr_par' dir='ltr' id='par_1_95' title="bbox 2260 5065 3784 5151">
     <span class='ocr_line' id='line_1_95' title="bbox 2260 5065 3784 5151; baseline -0.005 -27"><span class='ocrx_word' id='word_1_728' title='bbox 2260 5070 2415 5139; x_wconf 81' lang='grc' dir='ltr'>ἀγιον</span> <span class='ocrx_word' id='word_1_729' title='bbox 2455 5073 2484 5126; x_wconf 81' lang='grc' dir='ltr'>ὁ</span> <span class='ocrx_word' id='word_1_730' title='bbox 2523 5072 2686 5133; x_wconf 84' lang='grc' dir='ltr'>αὐτὸς</span> <span class='ocrx_word' id='word_1_731' title='bbox 2724 5074 3000 5142; x_wconf 84' lang='grc' dir='ltr'>ὲχώρησα,</span> <span class='ocrx_word' id='word_1_732' title='bbox 3038 5072 3132 5125; x_wconf 75' lang='grc' dir='ltr'><strong>καὶ</strong></span> <span class='ocrx_word' id='word_1_733' title='bbox 3167 5072 3271 5141; x_wconf 76' lang='grc' dir='ltr'>πρὸ</span> <span class='ocrx_word' id='word_1_734' title='bbox 3310 5070 3446 5140; x_wconf 76' lang='grc' dir='ltr'>ἐμοῦ</span> <span class='ocrx_word' id='word_1_735' title='bbox 3469 5070 3556 5121; x_wconf 79' lang='grc' dir='ltr'>τὸν</span> <span class='ocrx_word' id='word_1_736' title='bbox 3587 5065 3784 5151; x_wconf 72' lang='grc' dir='ltr'>Πατέρα,</span> 
     </span>
    </p>
   </div>
   <div class='ocr_carea' id='block_1_96' title="bbox 569 5148 2158 5242">
    <p class='ocr_par' dir='ltr' id='par_1_96' title="bbox 569 5148 2147 5242">
     <span class='ocr_line' id='line_1_96' title="bbox 569 5148 2147 5242; baseline 0.001 -18"><span class='ocrx_word' id='word_1_737' title='bbox 569 5186 742 5237; x_wconf 68' lang='lat' dir='ltr'><strong>nun,</strong></span> <span class='ocrx_word' id='word_1_738' title='bbox 769 5180 825 5225; x_wconf 85' lang='lat' dir='ltr'><strong>et</strong></span> <span class='ocrx_word' id='word_1_739' title='bbox 846 5171 1135 5237; x_wconf 76' lang='lat' dir='ltr'><strong>rationem,</strong></span> <span class='ocrx_word' id='word_1_740' title='bbox 1166 5182 1220 5226; x_wconf 87' lang='lat' dir='ltr'><strong>et</strong></span> <span class='ocrx_word' id='word_1_741' title='bbox 1245 5148 1505 5239; x_wconf 80' lang='lat' dir='ltr'><strong>mentem,</strong></span> <span class='ocrx_word' id='word_1_742' title='bbox 1531 5184 1585 5227; x_wconf 90' lang='lat' dir='ltr'><strong>et</strong></span> <span class='ocrx_word' id='word_1_743' title='bbox 1610 5172 1874 5242; x_wconf 83' lang='lat' dir='ltr'><strong>Spiritum</strong></span> <span class='ocrx_word' id='word_1_744' title='bbox 1896 5180 2147 5227; x_wconf 88' lang='lat' dir='ltr'><strong>sanctum</strong></span> 
     </span>
    </p>
   </div>
   <div class='ocr_carea' id='block_1_97' title="bbox 2260 5148 3781 5242">
    <p class='ocr_par' dir='ltr' id='par_1_97' title="bbox 2260 5148 3781 5232">
     <span class='ocr_line' id='line_1_97' title="bbox 2260 5148 3781 5232; baseline -0.001 -16"><span class='ocrx_word' id='word_1_745' title='bbox 2260 5166 2352 5217; x_wconf 81' lang='grc' dir='ltr'>καὶ</span> <span class='ocrx_word' id='word_1_746' title='bbox 2386 5164 2475 5218; x_wconf 84' lang='grc' dir='ltr'><strong>τὸν</strong></span> <span class='ocrx_word' id='word_1_747' title='bbox 2510 5165 2659 5231; x_wconf 77' lang='grc' dir='ltr'>Υἱὸν,</span> <span class='ocrx_word' id='word_1_748' title='bbox 2688 5165 2782 5218; x_wconf 77' lang='grc' dir='ltr'>καὶ</span> <span class='ocrx_word' id='word_1_749' title='bbox 2809 5166 2871 5217; x_wconf 80' lang='grc' dir='ltr'>τὸ</span> <span class='ocrx_word' id='word_1_750' title='bbox 2902 5165 3061 5231; x_wconf 77' lang='grc' dir='ltr'>ἅγιον</span> <span class='ocrx_word' id='word_1_751' title='bbox 3096 5163 3341 5232; x_wconf 84' lang='grc' dir='ltr'>Πνεῦμα,</span> <span class='ocrx_word' id='word_1_752' title='bbox 3375 5165 3402 5215; x_wconf 85' lang='grc' dir='ltr'><strong>ὁ</strong></span> <span class='ocrx_word' id='word_1_753' title='bbox 3430 5162 3620 5229; x_wconf 83' lang='grc' dir='ltr'>κόσμος</span> <span class='ocrx_word' id='word_1_754' title='bbox 3639 5148 3781 5215; x_wconf 65' lang='grc' dir='ltr'>οὗτοί,</span> 
     </span>
    </p>
   </div>
   <div class='ocr_carea' id='block_1_98' title="bbox 566 5249 2158 5333">
    <p class='ocr_par' dir='ltr' id='par_1_98' title="bbox 566 5262 2147 5333">
     <span class='ocr_line' id='line_1_98' title="bbox 566 5262 2147 5333; baseline 0.001 -18"><span class='ocrx_word' id='word_1_755' title='bbox 566 5262 834 5327; x_wconf 80' lang='lat' dir='ltr'><strong>continui,</strong></span> <span class='ocrx_word' id='word_1_756' title='bbox 858 5272 1022 5332; x_wconf 84' lang='lat' dir='ltr'><strong>atque</strong></span> <span class='ocrx_word' id='word_1_757' title='bbox 1048 5264 1213 5318; x_wconf 83' lang='lat' dir='ltr'><strong>etiam</strong></span> <span class='ocrx_word' id='word_1_758' title='bbox 1244 5273 1371 5318; x_wconf 78' lang='lat' dir='ltr'><strong>ante</strong></span> <span class='ocrx_word' id='word_1_759' title='bbox 1402 5279 1489 5317; x_wconf 84' lang='lat' dir='ltr'><strong>me</strong></span> <span class='ocrx_word' id='word_1_760' title='bbox 1518 5264 1755 5318; x_wconf 89' lang='lat' dir='ltr'><strong>mundus</strong></span> <span class='ocrx_word' id='word_1_761' title='bbox 1785 5264 1873 5317; x_wconf 83' lang='lat' dir='ltr'><strong>hic</strong></span> <span class='ocrx_word' id='word_1_762' title='bbox 1905 5264 2033 5333; x_wconf 90' lang='lat' dir='ltr'><strong>(hoc</strong></span> <span class='ocrx_word' id='word_1_763' title='bbox 2063 5271 2147 5315; x_wconf 88' lang='lat' dir='ltr'><strong>est</strong></span> 
     </span>
    </p>
   </div>
   <div class='ocr_carea' id='block_1_99' title="bbox 2260 5249 3779 5333">
    <p class='ocr_par' dir='ltr' id='par_1_99' title="bbox 2260 5249 3779 5328">
     <span class='ocr_line' id='line_1_99' title="bbox 2260 5249 3779 5328; baseline 0.001 -16"><span class='ocrx_word' id='word_1_764' title='bbox 2260 5258 2315 5312; x_wconf 81' lang='grc' dir='ltr'>τὸ</span> <span class='ocrx_word' id='word_1_765' title='bbox 2350 5257 2415 5322; x_wconf 80' lang='grc' dir='ltr'><strong>ἐξ</strong></span> <span class='ocrx_word' id='word_1_766' title='bbox 2441 5259 2654 5327; x_wconf 82' lang='grc' dir='ltr'>ὁρατῶν</span> <span class='ocrx_word' id='word_1_767' title='bbox 2686 5259 2832 5328; x_wconf 79' lang='grc' dir='ltr'>λέγω</span> <span class='ocrx_word' id='word_1_768' title='bbox 2859 5260 2954 5313; x_wconf 74' lang='grc' dir='ltr'>καὶ</span> <span class='ocrx_word' id='word_1_769' title='bbox 2993 5259 3243 5328; x_wconf 85' lang='grc' dir='ltr'>ἀοράτων</span> <span class='ocrx_word' id='word_1_770' title='bbox 3293 5258 3558 5327; x_wconf 82' lang='grc' dir='ltr'>σύστημα.</span> <span class='ocrx_word' id='word_1_771' title='bbox 3586 5249 3779 5313; x_wconf 73' lang='grc' dir='ltr'>Τοιαύτη</span> 
     </span>
    </p>
   </div>
   <div class='ocr_carea' id='block_1_100' title="bbox 567 5346 2158 5424">
    <p class='ocr_par' dir='ltr' id='par_1_100' title="bbox 567 5351 2151 5420">
     <span class='ocr_line' id='line_1_100' title="bbox 567 5351 2151 5420; baseline -0.001 -14"><span class='ocrx_word' id='word_1_772' title='bbox 567 5353 714 5420; x_wconf 76' lang='lat' dir='ltr'><strong>quod</strong></span> <span class='ocrx_word' id='word_1_773' title='bbox 750 5368 814 5407; x_wconf 79' lang='lat' dir='ltr'><strong>ex</strong></span> <span class='ocrx_word' id='word_1_774' title='bbox 846 5353 990 5408; x_wconf 76' lang='lat' dir='ltr'><strong>visib</strong></span> <span class='ocrx_word' id='word_1_775' title='bbox 1015 5352 1160 5408; x_wconf 82' lang='lat' dir='ltr'><strong>libus</strong></span> <span class='ocrx_word' id='word_1_776' title='bbox 1196 5362 1252 5408; x_wconf 89' lang='lat' dir='ltr'><strong>et</strong></span> <span class='ocrx_word' id='word_1_777' title='bbox 1297 5353 1661 5407; x_wconf 80' lang='lat' dir='ltr'><strong>invisibilibus</strong></span> <span class='ocrx_word' id='word_1_778' title='bbox 1689 5351 1850 5406; x_wconf 75' lang='lat' dir='ltr'><strong>rebus</strong></span> <span class='ocrx_word' id='word_1_779' title='bbox 1880 5351 2151 5419; x_wconf 74' lang='lat' dir='ltr'><strong>constat),</strong></span> 
     </span>
    </p>
   </div>
   <div class='ocr_carea' id='block_1_101' title="bbox 2260 5346 3775 5424">
    <p class='ocr_par' dir='ltr' id='par_1_101' title="bbox 2260 5346 3775 5424">
     <span class='ocr_line' id='line_1_101' title="bbox 2260 5346 3775 5424; baseline -0.002 -20"><span class='ocrx_word' id='word_1_780' title='bbox 2260 5352 2360 5421; x_wconf 78' lang='grc' dir='ltr'>γὰρ</span> <span class='ocrx_word' id='word_1_781' title='bbox 2390 5353 2433 5420; x_wconf 58' lang='grc' dir='ltr'>τι</span> <span class='ocrx_word' id='word_1_782' title='bbox 2451 5352 2561 5406; x_wconf 84' lang='grc' dir='ltr'><strong>τῶν</strong></span> <span class='ocrx_word' id='word_1_783' title='bbox 2587 5353 2791 5421; x_wconf 82' lang='grc' dir='ltr'>νοητῶν</span> <span class='ocrx_word' id='word_1_784' title='bbox 2832 5353 3015 5422; x_wconf 78' lang='grc' dir='ltr'>φύσις,</span> <span class='ocrx_word' id='word_1_785' title='bbox 3042 5355 3351 5424; x_wconf 75' lang='grc' dir='ltr'>ἀσωμάτοις</span> <span class='ocrx_word' id='word_1_786' title='bbox 3370 5352 3464 5405; x_wconf 82' lang='grc' dir='ltr'>καὶ</span> <span class='ocrx_word' id='word_1_787' title='bbox 3491 5346 3775 5420; x_wconf 77' lang='grc' dir='ltr'>ἀμερίττως.</span> 
     </span>
    </p>
   </div>
   <div class='ocr_carea' id='block_1_102' title="bbox 567 5439 2158 5516">
    <p class='ocr_par' dir='ltr' id='par_1_102' title="bbox 567 5441 2138 5512">
     <span class='ocr_line' id='line_1_102' title="bbox 567 5441 2138 5512; baseline -0.001 -17"><span class='ocrx_word' id='word_1_788' title='bbox 567 5441 808 5509; x_wconf 87' lang='lat' dir='ltr'><strong>Patrem,</strong></span> <span class='ocrx_word' id='word_1_789' title='bbox 846 5443 1043 5498; x_wconf 86' lang='lat' dir='ltr'><strong>Filium</strong></span> <span class='ocrx_word' id='word_1_790' title='bbox 1093 5453 1148 5499; x_wconf 90' lang='lat' dir='ltr'><strong>et</strong></span> <span class='ocrx_word' id='word_1_791' title='bbox 1195 5444 1453 5512; x_wconf 89' lang='lat' dir='ltr'><strong>Spiritum</strong></span> <span class='ocrx_word' id='word_1_792' title='bbox 1498 5452 1769 5497; x_wconf 79' lang='lat' dir='ltr'><strong>sanctum.</strong></span> <span class='ocrx_word' id='word_1_793' title='bbox 1814 5442 1940 5496; x_wconf 64' lang='lat' dir='ltr'><strong>Haec</strong></span> <span class='ocrx_word' id='word_1_794' title='bbox 1992 5442 2138 5495; x_wconf 91' lang='lat' dir='ltr'><strong>enim</strong></span> 
     </span>
    </p>
   </div>
   <div class='ocr_carea' id='block_1_103' title="bbox 2260 5439 3777 5516">
    <p class='ocr_par' dir='ltr' id='par_1_103' title="bbox 2260 5439 3777 5516">
     <span class='ocr_line' id='line_1_103' title="bbox 2260 5439 3777 5516; baseline -0.006 -18"><span class='ocrx_word' id='word_1_795' title='bbox 2260 5448 2347 5498; x_wconf 77' lang='grc' dir='ltr'>καὶ</span> <span class='ocrx_word' id='word_1_796' title='bbox 2384 5445 2656 5516; x_wconf 84' lang='grc' dir='ltr'>ἀλλήλοις,</span> <span class='ocrx_word' id='word_1_797' title='bbox 2696 5448 2790 5498; x_wconf 79' lang='grc' dir='ltr'>καὶ</span> <span class='ocrx_word' id='word_1_798' title='bbox 2821 5447 3037 5516; x_wconf 80' lang='grc' dir='ltr'>σώμασι</span> <span class='ocrx_word' id='word_1_799' title='bbox 3072 5447 3385 5516; x_wconf 79' lang='grc' dir='ltr'>μίγνυσθαι.</span> <span class='ocrx_word' id='word_1_800' title='bbox 3405 5444 3551 5498; x_wconf 79' lang='grc' dir='ltr'>Ἐπεὶ</span> <span class='ocrx_word' id='word_1_801' title='bbox 3578 5439 3660 5493; x_wconf 77' lang='grc' dir='ltr'>καὶ</span> <span class='ocrx_word' id='word_1_802' title='bbox 3688 5449 3777 5501; x_wconf 66' lang='grc' dir='ltr'><strong>φωο</strong></span> 
     </span>
    </p>
   </div>
   <div class='ocr_carea' id='block_1_104' title="bbox 569 5522 2158 5610">
    <p class='ocr_par' dir='ltr' id='par_1_104' title="bbox 569 5535 2143 5606">
     <span class='ocr_line' id='line_1_104' title="bbox 569 5535 2143 5606; baseline -0.001 -19"><span class='ocrx_word' id='word_1_803' title='bbox 569 5548 784 5601; x_wconf 63' lang='lat' dir='ltr'><strong>eorum],</strong></span> <span class='ocrx_word' id='word_1_804' title='bbox 837 5552 958 5606; x_wconf 70' lang='lat' dir='ltr'><strong>qua:</strong></span> <span class='ocrx_word' id='word_1_805' title='bbox 1013 5537 1065 5589; x_wconf 91' lang='lat' dir='ltr'><strong>in</strong></span> <span class='ocrx_word' id='word_1_806' title='bbox 1104 5536 1438 5591; x_wconf 86' lang='lat' dir='ltr'><strong>intellectum</strong></span> <span class='ocrx_word' id='word_1_807' title='bbox 1468 5535 1700 5598; x_wconf 89' lang='lat' dir='ltr'><strong>cadunt,</strong></span> <span class='ocrx_word' id='word_1_808' title='bbox 1731 5544 1924 5588; x_wconf 86' lang='lat' dir='ltr'><strong>natura</strong></span> <span class='ocrx_word' id='word_1_809' title='bbox 1956 5546 2061 5597; x_wconf 87' lang='lat' dir='ltr'><strong>est,</strong></span> <span class='ocrx_word' id='word_1_810' title='bbox 2087 5543 2143 5587; x_wconf 89' lang='lat' dir='ltr'><strong>ut</strong></span> 
     </span>
    </p>
   </div>
   <div class='ocr_carea' id='block_1_105' title="bbox 2260 5522 3773 5610">
    <p class='ocr_par' dir='ltr' id='par_1_105' title="bbox 2260 5522 3773 5610">
     <span class='ocr_line' id='line_1_105' title="bbox 2260 5522 3773 5610; baseline -0.011 -22"><span class='ocrx_word' id='word_1_811' title='bbox 2260 5539 2338 5589; x_wconf 71' lang='lat' dir='ltr'><strong>ni</strong></span> <span class='ocrx_word' id='word_1_812' title='bbox 2372 5536 2587 5601; x_wconf 80' lang='grc' dir='ltr'>πλείους</span> <span class='ocrx_word' id='word_1_813' title='bbox 2633 5539 2773 5609; x_wconf 82' lang='grc' dir='ltr'>ἀκοῇ</span> <span class='ocrx_word' id='word_1_814' title='bbox 2826 5539 2924 5608; x_wconf 77' lang='grc' dir='ltr'>μιᾷ</span> <span class='ocrx_word' id='word_1_815' title='bbox 2978 5540 3247 5610; x_wconf 82' lang='grc' dir='ltr'>χωρηταὶ,</span> <span class='ocrx_word' id='word_1_816' title='bbox 3280 5537 3373 5590; x_wconf 83' lang='grc' dir='ltr'>καὶ</span> <span class='ocrx_word' id='word_1_817' title='bbox 3418 5535 3561 5605; x_wconf 71' lang='grc' dir='ltr'>ὄψεις</span> <span class='ocrx_word' id='word_1_818' title='bbox 3602 5522 3773 5582; x_wconf 73' lang='grc' dir='ltr'>πολλῶν</span> 
     </span>
    </p>
   </div>
   <div class='ocr_carea' id='block_1_106' title="bbox 568 5614 2158 5703">
    <p class='ocr_par' dir='ltr' id='par_1_106' title="bbox 568 5624 2145 5697">
     <span class='ocr_line' id='line_1_106' title="bbox 568 5624 2145 5697; baseline 0.001 -19"><span class='ocrx_word' id='word_1_819' title='bbox 568 5624 893 5695; x_wconf 84' lang='lat' dir='ltr'><strong>incorporeo</strong></span> <span class='ocrx_word' id='word_1_820' title='bbox 933 5636 1094 5697; x_wconf 84' lang='lat' dir='ltr'><strong>atque</strong></span> <span class='ocrx_word' id='word_1_821' title='bbox 1138 5626 1396 5681; x_wconf 86' lang='lat' dir='ltr'><strong>invisibili</strong></span> <span class='ocrx_word' id='word_1_822' title='bbox 1440 5628 1639 5692; x_wconf 85' lang='lat' dir='ltr'><strong>modo,</strong></span> <span class='ocrx_word' id='word_1_823' title='bbox 1690 5636 1747 5681; x_wconf 91' lang='lat' dir='ltr'><strong>et</strong></span> <span class='ocrx_word' id='word_1_824' title='bbox 1786 5628 1929 5680; x_wconf 89' lang='lat' dir='ltr'><strong>inter</strong></span> <span class='ocrx_word' id='word_1_825' title='bbox 1976 5641 2034 5680; x_wconf 90' lang='lat' dir='ltr'><strong>se</strong></span> <span class='ocrx_word' id='word_1_826' title='bbox 2090 5637 2145 5680; x_wconf 87' lang='lat' dir='ltr'><strong>et</strong></span> 
     </span>
    </p>
   </div>
   <div class='ocr_carea' id='block_1_107' title="bbox 2260 5614 3769 5703">
    <p class='ocr_par' dir='ltr' id='par_1_107' title="bbox 2260 5614 3769 5703">
     <span class='ocr_line' id='line_1_107' title="bbox 2260 5614 3769 5703; baseline -0.017 -8"><span class='ocrx_word' id='word_1_827' title='bbox 2260 5632 2363 5693; x_wconf 73' lang='grc' dir='ltr'>τοῖς</span> <span class='ocrx_word' id='word_1_828' title='bbox 2396 5632 2581 5693; x_wconf 73' lang='grc' dir='ltr'>αὐτοῖς</span> <span class='ocrx_word' id='word_1_829' title='bbox 2622 5634 2862 5700; x_wconf 78' lang='grc' dir='ltr'>ὁρατοῖς,</span> <span class='ocrx_word' id='word_1_830' title='bbox 2899 5634 2992 5684; x_wconf 73' lang='grc' dir='ltr'>καὶ</span> <span class='ocrx_word' id='word_1_831' title='bbox 3031 5633 3354 5703; x_wconf 78' lang='grc' dir='ltr'>ὀσφραντοῐς</span> <span class='ocrx_word' id='word_1_832' title='bbox 3382 5632 3643 5698; x_wconf 70' lang='grc' dir='ltr'>ὄσφρησις,</span> <span class='ocrx_word' id='word_1_833' title='bbox 3670 5614 3769 5670; x_wconf 77' lang='grc' dir='ltr'>οὔτε</span> 
     </span>
    </p>
   </div>
   <div class='ocr_carea' id='block_1_108' title="bbox 567 5703 2158 5796">
    <p class='ocr_par' dir='ltr' id='par_1_108' title="bbox 567 5717 2146 5789">
     <span class='ocr_line' id='line_1_108' title="bbox 567 5717 2146 5789; baseline 0.001 -19"><span class='ocrx_word' id='word_1_834' title='bbox 567 5729 692 5770; x_wconf 87' lang='lat' dir='ltr'><strong>cum</strong></span> <span class='ocrx_word' id='word_1_835' title='bbox 723 5720 1045 5787; x_wconf 83' lang='lat' dir='ltr'><strong>corporibus</strong></span> <span class='ocrx_word' id='word_1_836' title='bbox 1081 5720 1436 5783; x_wconf 84' lang='lat' dir='ltr'><strong>misceantur,</strong></span> <span class='ocrx_word' id='word_1_837' title='bbox 1475 5717 1920 5789; x_wconf 78' lang='lat' dir='ltr'><strong>quandoquidem</strong></span> <span class='ocrx_word' id='word_1_838' title='bbox 1940 5729 1996 5773; x_wconf 84' lang='lat' dir='ltr'><strong>et</strong></span> <span class='ocrx_word' id='word_1_839' title='bbox 2025 5719 2146 5788; x_wconf 83' lang='lat' dir='ltr'><strong>plu-</strong></span> 
     </span>
    </p>
   </div>
   <div class='ocr_carea' id='block_1_109' title="bbox 2260 5703 3764 5796">
    <p class='ocr_par' dir='ltr' id='par_1_109' title="bbox 2260 5703 3764 5796">
     <span class='ocr_line' id='line_1_109' title="bbox 2260 5703 3764 5796; baseline -0.001 -21"><span class='ocrx_word' id='word_1_840' title='bbox 2260 5722 2361 5776; x_wconf 78' lang='lat' dir='ltr'><strong>tth</strong></span> <span class='ocrx_word' id='word_1_841' title='bbox 2406 5724 2711 5792; x_wconf 76' lang='grc' dir='ltr'>αἰσθήσεων</span> <span class='ocrx_word' id='word_1_842' title='bbox 2769 5726 3293 5796; x_wconf 72' lang='grc' dir='ltr'>στενοχωρουμένων</span> <span class='ocrx_word' id='word_1_843' title='bbox 3344 5724 3432 5777; x_wconf 80' lang='grc' dir='ltr'>ὑπ’</span> <span class='ocrx_word' id='word_1_844' title='bbox 3485 5703 3764 5786; x_wconf 73' lang='grc' dir='ltr'>ἀλλήλωνιῆ</span> 
     </span>
    </p>
   </div>
   <div class='ocr_carea' id='block_1_110' title="bbox 641 5810 2158 5892">
    <p class='ocr_par' dir='ltr' id='par_1_110' title="bbox 641 5810 2146 5883">
     <span class='ocr_line' id='line_1_110' title="bbox 641 5810 2146 5883; baseline 0.004 -18"><span class='ocrx_word' id='word_1_845' title='bbox 641 5810 660 5844; x_wconf 76' lang='grc'><strong>⁸</strong></span> <span class='ocrx_word' id='word_1_846' title='bbox 702 5814 879 5869; x_wconf 80' lang='lat' dir='ltr'><strong>lCor.</strong></span> <span class='ocrx_word' id='word_1_847' title='bbox 920 5833 1011 5883; x_wconf 84' lang='lat' dir='ltr'><strong>xv,</strong></span> <span class='ocrx_word' id='word_1_848' title='bbox 1054 5819 1140 5872; x_wconf 78' lang='grc'><strong>47.</strong></span> <span class='ocrx_word' id='word_1_849' title='bbox 1254 5819 1274 5847; x_wconf 84' lang='grc'><strong><em>²</em></strong></span> <span class='ocrx_word' id='word_1_850' title='bbox 1323 5816 1456 5870; x_wconf 87' lang='lat' dir='ltr'><strong>ibid.</strong></span> <span class='ocrx_word' id='word_1_851' title='bbox 1493 5816 1583 5868; x_wconf 77' lang='grc'><strong>48.</strong></span> <span class='ocrx_word' id='word_1_852' title='bbox 1698 5817 1901 5871; x_wconf 69' lang='lat' dir='ltr'><strong>’Joau.</strong></span> <span class='ocrx_word' id='word_1_853' title='bbox 1938 5832 2020 5883; x_wconf 81' lang='grc' dir='ltr'>ιιι,</span> <span class='ocrx_word' id='word_1_854' title='bbox 2064 5816 2146 5871; x_wconf 79' lang='grc'><strong>15.</strong></span> 
     </span>
    </p>
   </div>
   <div class='ocr_carea' id='block_1_111' title="bbox 2260 5810 3223 5892">
    <p class='ocr_par' dir='ltr' id='par_1_111' title="bbox 2260 5817 3223 5892">
     <span class='ocr_line' id='line_1_111' title="bbox 2260 5817 3223 5892; baseline 0.005 -20"><span class='ocrx_word' id='word_1_855' title='bbox 2260 5818 2278 5849; x_wconf 80' lang='grc'><strong>’⁵</strong></span> <span class='ocrx_word' id='word_1_856' title='bbox 2319 5817 2478 5874; x_wconf 80' lang='lat' dir='ltr'><strong>Juau.</strong></span> <span class='ocrx_word' id='word_1_857' title='bbox 2514 5836 2551 5887; x_wconf 88' lang='grc' dir='ltr'>ι,</span> <span class='ocrx_word' id='word_1_858' title='bbox 2583 5823 2636 5875; x_wconf 80' lang='grc'><strong>5.</strong></span> <span class='ocrx_word' id='word_1_859' title='bbox 2748 5823 2768 5853; x_wconf 80' lang='grc'><strong><em>⁵</em></strong></span> <span class='ocrx_word' id='word_1_860' title='bbox 2802 5820 3003 5892; x_wconf 78' lang='lat' dir='ltr'><strong>Ephcs.</strong></span> <span class='ocrx_word' id='word_1_861' title='bbox 3034 5839 3113 5889; x_wconf 88' lang='grc' dir='ltr'>ιιι,</span> <span class='ocrx_word' id='word_1_862' title='bbox 3143 5823 3223 5877; x_wconf 86' lang='lat' dir='ltr'><strong>i7.</strong></span> 
     </span>
    </p>
   </div>
   <div class='ocr_carea' id='block_1_112' title="bbox 2804 4518 3310 4590">
    <p class='ocr_par' dir='ltr' id='par_1_112' title="bbox 2804 4518 3310 4590">
     <span class='ocr_line' id='line_1_112' title="bbox 2804 4518 3310 4590; baseline -0.002 -12"><span class='ocrx_word' id='word_1_863' title='bbox 2804 4522 2905 4578; x_wconf 83' lang='grc' dir='ltr'>Ἐκ</span> <span class='ocrx_word' id='word_1_864' title='bbox 2945 4520 3057 4590; x_wconf 79' lang='grc' dir='ltr'>τῆς</span> <span class='ocrx_word' id='word_1_865' title='bbox 3095 4518 3310 4590; x_wconf 76' lang='grc' dir='ltr'>αὐτῆς.</span> 
     </span>
    </p>
   </div>
   <div class='ocr_carea' id='block_1_113' title="bbox 2342 4611 3796 4685">
    <p class='ocr_par' dir='ltr' id='par_1_113' title="bbox 2342 4611 3796 4685">
     <span class='ocr_line' id='line_1_113' title="bbox 2342 4611 3796 4685; baseline -0.008 -16"><span class='ocrx_word' id='word_1_866' title='bbox 2342 4616 2481 4669; x_wconf 81' lang='grc' dir='ltr'>Ἀλλ’</span> <span class='ocrx_word' id='word_1_867' title='bbox 2510 4618 2609 4667; x_wconf 84' lang='grc' dir='ltr'>οὐκ</span> <span class='ocrx_word' id='word_1_868' title='bbox 2631 4616 2849 4684; x_wconf 76' lang='grc' dir='ltr'>ἐχώρει,</span> <span class='ocrx_word' id='word_1_869' title='bbox 2873 4615 3029 4685; x_wconf 77' lang='grc' dir='ltr'>φησὶ,</span> <span class='ocrx_word' id='word_1_870' title='bbox 3045 4615 3139 4668; x_wconf 80' lang='grc' dir='ltr'><strong>δύο</strong></span> <span class='ocrx_word' id='word_1_871' title='bbox 3160 4616 3363 4669; x_wconf 80' lang='grc' dir='ltr'>τέλεια.</span> <span class='ocrx_word' id='word_1_872' title='bbox 3381 4616 3513 4668; x_wconf 78' lang='grc' dir='ltr'><strong>Οὐδὲ</strong></span> <span class='ocrx_word' id='word_1_873' title='bbox 3537 4611 3796 4681; x_wconf 78' lang='grc' dir='ltr'>γὰρ,ετπερ</span> 
     </span>
    </p>
   </div>
   <div class='ocr_carea' id='block_1_114' title="bbox 2264 4699 3792 4777">
    <p class='ocr_par' dir='ltr' id='par_1_114' title="bbox 2264 4699 3792 4777">
     <span class='ocr_line' id='line_1_114' title="bbox 2264 4699 3792 4777; baseline -0.007 -17"><span class='ocrx_word' id='word_1_874' title='bbox 2264 4707 2593 4777; x_wconf 71' lang='grc' dir='ltr'>σωματικῶς</span> <span class='ocrx_word' id='word_1_875' title='bbox 2656 4710 2905 4771; x_wconf 85' lang='grc' dir='ltr'>σκοπεῖς.</span> <span class='ocrx_word' id='word_1_876' title='bbox 2957 4706 3207 4774; x_wconf 83' lang='grc' dir='ltr'>Ἀγγεῖον</span> <span class='ocrx_word' id='word_1_877' title='bbox 3248 4706 3358 4776; x_wconf 79' lang='grc' dir='ltr'>γὰρ</span> <span class='ocrx_word' id='word_1_878' title='bbox 3410 4706 3702 4775; x_wconf 80' lang='grc' dir='ltr'>μεδιμναίον</span> <span class='ocrx_word' id='word_1_879' title='bbox 3746 4699 3792 4751; x_wconf 73' lang='grc' dir='ltr'>οὗ</span> 
     </span>
    </p>
   </div>
   <div class='ocr_carea' id='block_1_115' title="bbox 2261 4790 3790 4870">
    <p class='ocr_par' dir='ltr' id='par_1_115' title="bbox 2261 4790 3790 4870">
     <span class='ocr_line' id='line_1_115' title="bbox 2261 4790 3790 4870; baseline -0.006 -17"><span class='ocrx_word' id='word_1_880' title='bbox 2261 4801 2502 4870; x_wconf 83' lang='grc' dir='ltr'>χωρήσει</span> <span class='ocrx_word' id='word_1_881' title='bbox 2527 4798 2864 4867; x_wconf 84' lang='grc' dir='ltr'>διμέδιμνον,</span> <span class='ocrx_word' id='word_1_882' title='bbox 2896 4797 3019 4850; x_wconf 79' lang='grc' dir='ltr'>οὐδὲ</span> <span class='ocrx_word' id='word_1_883' title='bbox 3055 4796 3305 4868; x_wconf 76' lang='grc' dir='ltr'>σώματος</span> <span class='ocrx_word' id='word_1_884' title='bbox 3337 4798 3455 4860; x_wconf 79' lang='grc' dir='ltr'>ἑνὸς</span> <span class='ocrx_word' id='word_1_885' title='bbox 3488 4800 3639 4857; x_wconf 71' lang='grc' dir='ltr'>τόπος</span> <span class='ocrx_word' id='word_1_886' title='bbox 3664 4790 3790 4857; x_wconf 72' lang='grc' dir='ltr'><strong>δύοῆ</strong></span> 
     </span>
    </p>
   </div>
   <div class='ocr_carea' id='block_1_116' title="bbox 2259 4883 3791 4957">
    <p class='ocr_par' dir='ltr' id='par_1_116' title="bbox 2259 4883 3791 4957">
     <span class='ocr_line' id='line_1_116' title="bbox 2259 4883 3791 4957; baseline -0.009 -15"><span class='ocrx_word' id='word_1_887' title='bbox 2259 4890 2428 4942; x_wconf 78' lang='grc' dir='ltr'>πλείω</span> <span class='ocrx_word' id='word_1_888' title='bbox 2458 4888 2722 4957; x_wconf 82' lang='grc' dir='ltr'>σώματα’</span> <span class='ocrx_word' id='word_1_889' title='bbox 2748 4888 2797 4941; x_wconf 75' lang='grc' dir='ltr'><strong>ει</strong></span> <span class='ocrx_word' id='word_1_890' title='bbox 2822 4886 2879 4939; x_wconf 73' lang='grc' dir='ltr'><strong>δὲ</strong></span> <span class='ocrx_word' id='word_1_891' title='bbox 2908 4886 2984 4950; x_wconf 84' lang='grc' dir='ltr'>ὡς</span> <span class='ocrx_word' id='word_1_892' title='bbox 3014 4888 3296 4957; x_wconf 78' lang='grc' dir='ltr'>νοητάκαὶ</span> <span class='ocrx_word' id='word_1_893' title='bbox 3335 4883 3791 4955; x_wconf 40' lang='grc' dir='ltr'>ἀσώματα,νσκόπει</span> 
     </span>
    </p>
   </div>
   <div class='ocr_carea' id='block_1_117' title="bbox 2257 4971 3788 5049">
    <p class='ocr_par' dir='ltr' id='par_1_117' title="bbox 2257 4971 3788 5049">
     <span class='ocr_line' id='line_1_117' title="bbox 2257 4971 3788 5049; baseline -0.005 -17"><span class='ocrx_word' id='word_1_894' title='bbox 2257 4982 2340 5033; x_wconf 85' lang='grc' dir='ltr'>ὅτι</span> <span class='ocrx_word' id='word_1_895' title='bbox 2389 4981 2482 5033; x_wconf 83' lang='grc' dir='ltr'><strong>καί</strong></span> <span class='ocrx_word' id='word_1_896' title='bbox 2519 4979 2722 5049; x_wconf 78' lang='grc' dir='ltr'>ψυχὴν,</span> <span class='ocrx_word' id='word_1_897' title='bbox 2757 4980 2853 5033; x_wconf 75' lang='grc' dir='ltr'>καὶ</span> <span class='ocrx_word' id='word_1_898' title='bbox 2900 4980 3081 5047; x_wconf 77' lang='grc' dir='ltr'>λόγον,</span> <span class='ocrx_word' id='word_1_899' title='bbox 3141 4982 3237 5033; x_wconf 72' lang='grc' dir='ltr'><strong>καὶ</strong></span> <span class='ocrx_word' id='word_1_900' title='bbox 3277 4978 3424 5044; x_wconf 88' lang='grc' dir='ltr'>νοῦν,</span> <span class='ocrx_word' id='word_1_901' title='bbox 3472 4979 3562 5031; x_wconf 85' lang='grc' dir='ltr'>καὶ</span> <span class='ocrx_word' id='word_1_902' title='bbox 3604 4971 3788 5039; x_wconf 76' lang='grc' dir='ltr'>Πνεῦμα</span> 
     </span>
    </p>
   </div>
  </div>
