4094 6300
339 394 458 458 889

1258 397 1632 460 ΡᾹΝΟΡΙᾸΑ
1667 399 2121 466 DOGMATICA.
2157 427 2228 442 -·
2266 405 2416 465 ΤΙΤ.
2457 405 2610 470 XIV.

3473 409 3598 473 890‘

337 508 761 576 ἐκθλιϐομένων,
791 508 912 562 οὔτε
957 511 1064 564 τῶν
1098 512 1369 581 αίσθητῶν
1395 514 1801 584 ἐλαττουμένων
1833 519 1908 586 τῷ

2013 518 2212 572 rimum
2237 537 2430 576 vocum
2457 525 2605 578 auris
2632 539 2733 578 una
2767 539 2930 594 capax
2955 535 3059 590 est,
3083 536 3136 581 et
3171 528 3459 584 multorum
3483 547 3578 587 ora

339 599 539 664 πλήθει
567 599 668 668 τῆς
699 600 1058 670 ἀντιλήψεως.

2012 611 2205 666 iisdem
2247 615 2510 683 aspectari
2551 617 2724 670 oculis
2758 626 3016 684 possunt,
3048 620 3352 689 odoresque
3380 621 3579 677 olfactu

336 690 529 743 endem
552 691 777 760 percipi,
807 693 878 746 ita
912 703 968 746 ut
1001 709 1103 749 nec
1135 710 1328 752 sensus
1355 706 1544 752 mutuo
1571 699 2019 770 comprimantur,
2054 702 2136 756 vel
2166 705 2526 761 extrudantur
2553 748 2567 772 ,
2599 723 2698 761 nec
2729 724 2814 763 res
2848 711 3074 765 sensilcs
3114 713 3183 767 ob
3219 715 3590 784 perceptionis.

335 781 548 848 cupiam
580 784 994 841 imminuantur.

402 891 514 944 Ποῦ
560 892 616 945 δὲ
658 893 754 946 καὶ
802 891 1007 955 τέλειος
1058 893 1184 956 νοῦς
1241 894 1534 962 ἀνθρώπου
1575 895 1607 965 ἢ
1659 895 1912 965 ἀγγέλου,

328 974 614 1051 συγκρίσει
645 979 917 1050 θεότητος,
962 981 1048 1034 ἵνα
1076 982 1136 1033 τὸ
1165 982 1350 1054 ἕτερον
1381 983 1602 1054 ἐκθλιϐῇ
1640 984 1914 1054 παρουσίᾳ

329 1073 422 1125 τοῦ
460 1072 729 1142 μείζονοςς
753 1071 874 1124 οὐδὲ
904 1071 1011 1142 γὰρ
1033 1072 1176 1143 αὐγή
1203 1089 1254 1125 τι
1423 1073 1561 1144 πρὸς
1587 1074 1758 1144 ἣλιον,
1790 1075 1911 1126 οὐδὲ

327 1165 472 1226 νοτὶς
494 1162 647 1233 ὀλίγη
681 1162 816 1235 πρὸς
849 1163 1121 1232 ποταμὸν,
1165 1163 1251 1216 ἴνα
1281 1163 1348 1217 τὰ
1389 1164 1563 1234 μικρὰ
1599 1165 1910 1235 προανέλω-

329 1271 435 1324 μεν
462 1293 476 1314 ,
621 1252 776 1306 οἴκου
809 1253 908 1324 μὲν
937 1253 1131 1324 αὐγὴν,
1167 1254 1271 1324 γῆς
1304 1253 1361 1307 δὲ
1403 1254 1602 1318 νοτίδα,
1637 1256 1733 1308 καὶ
1768 1254 1912 1309 οὕτω

326 1343 551 1414 χωρηθῇ
585 1343 653 1396 τὰ
687 1343 855 1414 μείζω
889 1344 981 1396 καὶ
1017 1343 1338 1414 τελεώτερα.
1377 1344 1500 1408 Πῶς
1526 1345 1635 1416 γὰρ
1670 1347 1915 1416 χωρήσει.

327 1435 426 1488 δύο
456 1435 652 1497 τέλεια,
686 1429 833 1499 οἶκος
865 1435 962 1505 μὲν
993 1436 1168 1506 αὐγὴν
1200 1438 1296 1490 καὶ
1329 1437 1501 1507 ἥλιον,
1539 1437 1611 1507 γῆ
1642 1438 1697 1491 δὲ
1732 1438 1912 1492 νοτίδα

326 1527 428 1580 καὶ
461 1527 722 1596 ποταμὸν,
760 1527 916 1580 τοῦτο
955 1526 1394 1598 διασκεψώμεθα·
1433 1528 1527 1582 καὶ
1567 1527 1674 1600 γὰρ
1710 1528 1911 1600 πολλῆς

323 1619 499 1681 ὅντως
533 1619 594 1670 τὸ
625 1619 854 1688 πρᾶγμα
877 1618 1156 1689 φροντίδος
1183 1617 1350 1683 ἄξιον.
1385 1621 1455 1673 Ἢ
1488 1621 1801 1689 ἀγνοοῦσιν,
1829 1621 1912 1674 ὅτι

325 1708 392 1761 ’τὸ
430 1710 562 1780 πρός
602 1727 654 1762 τι
694 1710 898 1763 τέλειον
939 1710 1075 1781 πρὸς
1126 1711 1311 1780 ἕτερον
1355 1712 1562 1776 ἀτελὲς,
1613 1713 1687 1776 ὡς
1723 1713 1917 1783 βουνὸς

328 1803 471 1870 πρὸς
505 1802 648 1872 ὄρος,
686 1804 782 1856 καὶ
821 1803 1016 1866 κόκκος
1065 1805 1267 1868 νάπυος
1317 1806 1453 1877 πρὸς
1499 1805 1730 1877 κύαμον,
1783 1808 1818 1877 ἦ
1855 1824 1910 1859 τι

324 1893 462 1945 ἄλλο
500 1893 606 1946 τῶν
650 1894 909 1964 μειζόνων
950 1895 1298 1966 σπερμάτων,
1346 1897 1448 1950 κᾶν
1487 1898 1594 1951 τῶν
1629 1899 1909 1968 ὁμογενῶν

328 1985 518 2054 μεῖζον
550 1983 795 2055 λέγηται·
829 1987 955 2038 εἰδὲ
985 1985 1182 2056 βούλει,
1215 1988 1311 2041 καὶ
1339 1987 1569 2056 ἄγγελος
1590 1989 1726 2052 πρὸς
1755 1989 1916 2057 Θεὸν,

322 2075 426 2129 καὶ
465 2075 600 2147 πρὸς
637 2075 866 2145 ἄγγελον
903 2076 1218 2148 ἄνθρωπος
1259 2079 1473 2131 Τέλειον
1512 2074 1607 2133 οὖν
1647 2079 1911 2151 ἡμέτερος

319 2166 474 2232 νοῦς,
505 2168 598 2220 καὶ
621 2168 973 2238 ἡγεμονικὸν,
1010 2168 1145 2222 άλλὰ
1174 2169 1353 2240 ψυχῆς
1386 2170 1479 2224 καὶ
1507 2169 1776 2240 σώματος,
1812 2173 1912 2242 οὐχ

2084 895 2203 951 Jam
2233 912 2364 952 vero
2393 913 2632 966 quonam
2668 906 2832 966 pacto
2877 911 3036 952 mens
3063 896 3320 962 hominis,
3360 905 3455 952 aut
3486 914 3594 953 an-

2012 989 2137 1059 geli,
2173 989 2218 1044 si
2261 1005 2386 1043 cum
2431 989 2717 1044 divinitate
2765 995 3138 1058 comparetur,
3192 989 3435 1060 perfecta
3478 991 3588 1047 dici

2009 1087 2194 1149 queat,
2220 1089 2280 1134 ut
2309 1081 2537 1134 alterum
2568 1081 2691 1135 loco
2722 1079 2916 1134 cedere
2944 1088 3173 1148 cogatur
3203 1079 3426 1148 majoris
3450 1095 3590 1149 prae-

2011 1171 2226 1226 sentia?
2255 1169 2442 1241 Neque
2469 1171 2614 1226 enim
2661 1171 2918 1240 splendor
2959 1169 3192 1240 aliquid,
3234 1170 3279 1225 si
3315 1186 3438 1224 cum
3475 1171 3590 1225 sole

2009 1263 2345 1327 conferatur,
2379 1279 2480 1318 nec
2654 1261 2854 1316 humor
2881 1263 3136 1331 exiguus,
3169 1261 3216 1316 si
3246 1276 3369 1316 cum
3398 1261 3588 1327 ﬂuvio;

2010 1360 2070 1406 ut
2111 1367 2233 1421 quae
2273 1349 2438 1422 parva
2490 1359 2620 1407 sunt
2654 1352 2808 1421 prius
2855 1352 3304 1415 submoveamus,
3353 1366 3384 1406 e
3423 1350 3590 1404 domo

2009 1441 2383 1514 splendorem,
2414 1458 2444 1498 e
2479 1451 2626 1496 terra
2657 1441 2968 1507 humorem,
3016 1449 3179 1510 atque
3219 1441 3292 1493 ita
3323 1455 3442 1510 quae
3471 1453 3589 1492 ma-

2003 1538 2126 1609 jora
2165 1545 2294 1592 sunt
2328 1546 2380 1591 et
2423 1535 2751 1606 perfectiora
2805 1535 3116 1603 capiantur.
3155 1533 3402 1598 Quonam
3442 1531 3588 1586 enim

2010 1630 2172 1684 modo
2205 1631 2315 1683 duo
2337 1627 2575 1698 perfecta
2601 1627 2982 1690 continebunt,
3018 1626 3145 1680 hinc
3173 1640 3363 1694 nempe
3392 1623 3591 1679 domus

2009 1706 2448 1789 Splendorem‘et
2483 1718 2676 1779 solem.
2712 1717 2839 1771 hinc
2875 1731 3093 1770 rursum
3127 1725 3272 1770 terra
3299 1715 3590 1767 humorem

2007 1813 2062 1862 et
2106 1804 2352 1870 ﬂuvium,
2399 1806 2503 1860 hoc
2546 1804 3000 1870 consideremus;
3040 1819 3238 1874 magna
3285 1807 3428 1858 enim
3463 1816 3592 1871 pro-

2009 1896 2156 1952 fecto
2184 1911 2318 1950 cura
2347 1904 2400 1948 et
2436 1895 2914 1948 animadversione
2950 1909 3040 1950 res
3069 1895 3234 1962 digna
3278 1899 3384 1947 est.
3418 1893 3500 1944 Au
3531 1891 3592 1944 il-

2008 1987 2102 2042 lud
2144 2003 2240 2042 eos
2280 1986 2437 2056 fugit,
2487 1985 2631 2055 quod
2686 2001 2771 2041 res
2823 1985 3036 2050 eadem,
3081 1999 3204 2054 quae
3240 1999 3365 2037 cum
3407 1981 3592 2050 aliqua

2009 2079 2206 2132 collata
2231 2076 2473 2148 perfecta
2508 2087 2613 2140 est,
2643 2077 2870 2132 alterius
2901 2077 3112 2130 ratione
3141 2073 3461 2145 imperfecta
3495 2073 3588 2138 sit,

2010 2176 2071 2222 ut
2115 2168 2272 2222 collis
2313 2182 2440 2222 cum
2482 2177 2670 2221 monte
2712 2167 2970 2232 collatus,
3003 2174 3057 2220 et
3103 2180 3335 2236 granum
3377 2163 3590 2232 sinapis

322 2259 520 2322 ἁπλῶς
550 2259 778 2324 τέλειον,
817 2259 953 2313 Θεοῦ
988 2261 1046 2312 δὲ
1078 2261 1263 2315 δοῦλον
1297 2263 1391 2315 καὶ
1426 2263 1754 2334 ὑποχείριον,
1796 2263 1908 2316 ἀλλ’

2013 2275 2140 2313 cum
2172 2257 2314 2324 faba,
2345 2266 2437 2312 aut
2465 2259 2573 2311 alio
2602 2257 2861 2328 quopiam
2891 2257 3085 2326 majori
3116 2256 3346 2318 semine,
3373 2252 3589 2308 etiamsi

321 2350 393 2402 ού
418 2350 864 2420 συνηγεμονικὸν,
893 2350 1011 2403 οὐδὲ
1038 2351 1321 2422 ὁμότιμον.
1353 2353 1504 2405 Ἐπεὶ
1532 2353 1624 2406 καὶ
1653 2353 1915 2423 Μωῦσῆς,

320 2438 527 2509 Φαραὼ
546 2439 642 2508 μὲν
666 2439 803 2502 θεὸς,
829 2439 963 2492 Θεοῦ
985 2440 1040 2492 δὲ
1065 2440 1342 2512 θεράπων,
1372 2442 1448 2505 ὡς
1471 2441 1910 2512 ἀναγέγραπται·

323 2532 426 2584 καὶ
459 2530 686 2600 ἀστέρες
714 2531 884 2585 νύκτα
925 2533 1023 2602 μὲν
1062 2533 1496 2604 περιλάμπουσιν
1524 2572 1542 2595 ,
1685 2535 1819 2605 ἡλίῳ
1855 2535 1915 2588 δὲ

324 2623 696 2690 κρύπτονται,
718 2621 821 2686 ὡς,
853 2622 974 2692 μηδ’
1004 2623 1086 2676 ὅτι
1116 2624 1286 2686 εἰσιν,
1317 2623 1498 2694 ἡμέρᾳ
1527 2623 1909 2694 γνωρίζεσθαι·

323 2711 428 2764 καὶ
464 2710 683 2782 λαμπάς
712 2712 866 2783 ὀλίγη
913 2713 1125 2785 μεγάλῃ
1162 2715 1406 2784 π’)ρκαῖᾷ
1585 2715 1910 2785 προσχωρή-

326 2815 501 2864 casa,
534 2798 659 2853 οὔτε
695 2800 1022 2862 ἀπόλλυται,
1057 2799 1179 2852 οὔτε
1211 2800 1481 2868 φαίνεται,
1517 2799 1640 2854 οὔτε
1679 2801 1907 2871 χωρίζε-

322 2906 419 2942 ται
479 2925 498 2952 ,
663 2891 778 2944 ἀλλ’
818 2892 938 2945 ὅλον
979 2892 1095 2944 ἐστ)⁸
1139 2891 1381 2962 πυρκαϊὰ
1431 2926 1448 2952 ,
1606 2891 1700 2945 τοῦ
1739 2892 1908 2962 ὑπερ-

2013 2350 2102 2414 iis,
2134 2365 2254 2419 quae
2281 2349 2527 2418 ejusdem
2567 2355 2696 2403 sunt
2719 2347 2960 2418 generis,
2996 2347 3174 2417 majus
3197 2345 3413 2401 dicatur
3441 2361 3454 2397 :
3490 2359 3589 2398 an-

2011 2442 2165 2511 gelus
2191 2441 2356 2495 etiam
2400 2441 2444 2494 si
2481 2440 2555 2493 ita
2598 2439 2773 2502 lubet,
2822 2453 2946 2492 cum
2985 2437 3118 2501 Deo,
3164 2445 3218 2491 et
3258 2436 3420 2490 homo
3464 2447 3588 2489 cum

2014 2530 2247 2598 angelo?
2267 2528 2540 2594 Quocirca
2563 2544 2718 2583 mens
2744 2536 2959 2589 nostra,
2987 2527 3228 2597 perfecta
3251 2525 3341 2578 illa
3367 2523 3589 2593 quidem

2013 2627 2118 2683 est,
2163 2627 2218 2674 et
2254 2620 2624 2690 principatum
2669 2626 2842 2684 tenet,
2885 2614 3076 2674 verum
3134 2617 3192 2671 in
3243 2615 3483 2670 animam
3533 2620 3588 2668 et

2015 2727 2252 2781 corpus;
2285 2727 2394 2765 non
2425 2719 2608 2767 autem
2657 2711 2978 2780 simpliciter
3009 2708 3288 2779 perfecta;
3324 2706 3418 2761 Dei
3457 2719 3592 2761 vero.

2015 2817 2173 2858 serva
2210 2811 2266 2856 et
2315 2802 2534 2856 subdita
2583 2809 2690 2864 est,
2725 2817 2835 2854 non
2883 2799 3228 2870 principatus
3263 2799 3434 2858 socia,
3489 2809 3588 2851 nec

2013 2891 2133 2960 pari
2169 2891 2380 2946 honore
2415 2889 2663 2960 praedita.
2693 2888 3150 2958 Quandoquidem
3181 2887 3344 2942 etiam
3383 2883 3587 2945 Moses.

2015 2981 2316 3035 Pharaonis
2339 2981 2561 3050 quidem
2583 2981 2718 3035 deus
2764 2983 2806 3042 ',
2825 2979 2920 3033 Dei
2946 2986 3128 3032 autem
3157 2976 3396 3031 famulus
3418 2981 3504 3029 est
3545 2981 3587 3038 ²,

323 2978 541 3047 ἔχοντος
574 2981 980 3052 ὲκνικήσαντος.

326 3077 387 3121 ιιι
437 3067 662 3124 Litteris
718 3071 895 3125 sacris
942 3070 1219 3140 proditum
1273 3069 1542 3135 habetur;
1586 3077 1640 3122 et
1679 3069 1852 3123 stellae
1886 3080 2100 3126 noctem
2137 3072 2453 3138 illustrant,
2489 3087 2518 3124 a
2548 3071 2665 3126 sole
2695 3080 2874 3126 autem
2905 3071 3276 3135 occultantur,
3308 3071 3381 3122 ita
3413 3077 3472 3120 ut
3501 3068 3587 3121 in-

317 3163 503 3216 terdiu
546 3179 616 3220 ne
652 3180 747 3220 eas
803 3165 1025 3234 quidem
1075 3179 1197 3218 esse
1255 3163 1481 3232 δευοεεί
1533 3163 1748 3230 possit;
1803 3170 1858 3218 et
1910 3164 2106 3234 exigua
2152 3167 2378 3219 lucerna
2427 3179 2626 3234 magno
2677 3163 2946 3218 accedens
3001 3177 3235 3217 accenso
3287 3176 3442 3231 rogo,
3488 3176 3586 3217 nec

317 3257 715 3324 exstinguitur,
745 3271 850 3310 nec
877 3254 1041 3321 lucet,
1089 3268 1192 3307 nec
1230 3253 1593 3324 disjungitur,
1628 3253 1724 3308 sed
1767 3259 1944 3306 totum
1982 3267 2152 3325 rogus
2189 3262 2276 3310 est
2319 3268 2385 3309 ac
2414 3252 2655 3320 ﬂamma,
2698 3259 2997 3322 superante
3039 3251 3299 3306 nimirum
3336 3265 3402 3306 eo
3441 3250 3585 3322 quod

317 3347 674 3414 praestant-ius
704 3353 806 3401 est.

405 3437 568 3489 Ἀλλὰ
617 3437 962 3506 κατάκριτος,
1015 3436 1200 3507 φησὶν,
1250 3437 1279 3488 ό
1317 3435 1584 3505 ἡμέτερος
1629 3431 1773 3496 νοῦς.
1828 3431 1894 3485 Τί

2073 3431 2145 3484 At
2174 3447 2325 3487 mens
2353 3439 2562 3496 nostra,
2586 3431 2782 3501 inquit,
2814 3430 3072 3484 damnata
3090 3438 3195 3486 cst.
3229 3429 3370 3497 Quid
3396 3441 3578 3492 autem

315 3526 410 3578 δαὶ
445 3528 478 3596 ή
515 3527 681 3596 σάρξς
734 3528 795 3579 οὐ
848 3528 1215 3598 κατάκριτος;
1274 3527 1344 3578 Ἦ
1389 3524 1483 3578 καὶ
1524 3523 1730 3594 ταύτην
1764 3526 1893 3577 ἀπο-

2006 3523 2169 3577 caro?
2219 3539 2404 3578 annon
2461 3522 2753 3577 damnata?
2806 3521 2989 3589 Quare
3047 3530 3142 3576 aut
3188 3523 3328 3579 hanc
3369 3540 3584 3597 quoque

321 3618 592 3670 σκεύασαι
621 3617 709 3670 διὰ
727 3618 827 3690 τὴν
856 3618 1149 3690 ἁμαρτίαν,
1184 3617 1216 3688 ἦ
1249 3617 1500 3670 κάκεῖνον
1669 3613 1908 3679 πρόσαγε

322 3707 414 3759 διὰ
446 3707 546 3776 τὴν
599 3709 894 3779 σωτηρίαν.
932 3709 995 3761 El
1028 3709 1088 3761 τὸ
1136 3710 1318 3778 χεῖρον
1367 3705 1786 3778 προσείληπται,
1838 3703 1905 3758 ἶν’

321 3799 564 3869 ἁγιασθῇ
598 3799 686 3852 διὰ
716 3800 816 3869 τῆς
848 3799 1196 3871 σαρκώσεως,
1245 3799 1308 3850 τὸ
1343 3800 1592 3868 κρεῖττον
1622 3797 1684 3849 ού
1733 3813 1905 3866 προσ-

320 3890 686 3962 ληφθήσεται,
719 3892 785 3944 ἶν’
821 3891 1054 3962 ἁγιασθῇ
1086 3891 1177 3944 διὰ
1202 3890 1302 3960 τῆς
1329 3889 1826 3960 ὲνανθρωπήσεως;
1857 3887 1908 3939 εί

322 3987 356 4037 ὁ
384 3983 555 4052 πηλὸς
588 3983 845 4055 ἐζυμώθη
899 3984 992 4037 καὶ
1021 3983 1138 4036 νέον
1179 3981 1410 4053 φύραμα
1451 3980 1696 4048 γέγονεν,
1737 3973 1783 4033 ὧ
1827 3995 1910 4031 σο-

324 4075 438 4143 φοὶ,
481 4077 514 4145 ἡ
549 4073 712 4128 εἰκὼν
755 4076 822 4128 οὐ
852 4075 1258 4145 ζυμωθήσεται,
1297 4072 1393 4126 καὶ
1425 4071 1563 4144 πρὸς
1604 4069 1738 4124 Θεὸν
1777 4070 1909 4122 ἀνα-

325 4164 662 4235 κραθήσεται
717 4201 734 4223 ,
891 4165 1157 4218 θεωθεῖσα
1189 4163 1280 4216 διὰ
1328 4162 1428 4232 τῆς
1469 4161 1752 4230 θεότητος;
1787 4159 1906 4212 Κά-

325 4257 475 4307 κεῖνυ
511 4255 570 4308 δὲ
753 4256 1162 4326 προσθήσομεν·
1196 4256 1245 4306 εί
1274 4253 1592 4306 διέπτυσται
1631 4251 1850 4312 πάντως
1877 4250 1908 4303 ὁ

325 4344 448 4408 νοῦς
481 4347 558 4408 ὼς
591 4346 961 4416 ἁμαρτητικὸς
986 4345 1083 4399 καὶ
1113 4344 1466 4414 κατάκριτος,
1500 4341 1594 4395 καὶ
1621 4340 1711 4394 διὰ
1748 4339 1908 4393 τοῦτο

327 4435 488 4506 σῶμα
547 4437 645 4504 μὲν
694 4437 1113 4508 προσείληπται,
1172 4435 1298 4498 νοῦς
1344 4432 1903 4504 δὲπαραλέλειπται,

330 4525 629 4596 συγγνώμη
672 4530 784 4589 τοῖς
817 4527 1068 4581 πταίουσι
1107 4526 1234 4597 περὶ
1265 4525 1410 4579 νοῦν.
1459 4523 1750 4594 Μαρτυρία
1797 4523 1906 4594 γὰρ

326 4613 462 4666 Θεοῦ
509 4612 650 4667 κατᾶ
695 4615 757 4668 σὲ
947 4615 1134 4684 σαφῶς
1167 4615 1334 4679 ἔδειξε
1366 4614 1428 4667 τδ
1468 4614 1568 4683 τῆς
1608 4612 1906 4682 θεραπείας

324 4705 609 4758 ἀδύνατον.
643 4706 797 4759 Εῐπω
840 4706 901 4759 τὸ
949 4707 1166 4778 μεῖζον·
1216 4706 1281 4758 σὺ
1326 4705 1426 4776 μὲν
1469 4703 1560 4756 διὰ
1593 4702 1753 4756 τοῦτο
1785 4704 1904 4756 άτι-

2009 3620 2232 3682 propter
2277 3622 2560 3682 peccatum
2602 3612 2798 3682 abjice,
2855 3619 2949 3666 aut
2991 3613 3140 3667 illam
3176 3615 3340 3669 etiam
3366 3622 3583 3685 propter

2006 3704 2237 3758 salutem
2268 3704 2525 3773 adjunge.
2559 3704 2616 3758 Si
2656 3701 2804 3772 quod
2837 3702 3080 3757 deterius
3110 3712 3215 3767 est,
3241 3713 3583 3775 assumptum

1967 3801 2112 3857 .est,
2165 3802 2227 3846 ut
2279 3809 2378 3863 per
2440 3793 2877 3848 incarnationem
2929 3791 3344 3860 sanctiticetur;
3376 3809 3584 3863 annon,

2007 3883 2153 3952 quod
2176 3885 2530 3952 prastantius
2558 3895 2664 3948 est,
2697 3892 3032 3946 assumetur,
3061 3890 3119 3936 ut
3138 3898 3234 3952 per
3273 3884 3582 3939 humanita-

2007 3974 2080 4028 tis
2133 3975 2538 4042 susceptionem
2595 3976 2888 4031 sanctitate
2953 3971 3265 4027 afﬁciatur?
3309 3973 3365 4029 Si
3409 3976 3583 4032 lutum

2008 4063 2391 4118 fermentatum
2436 4073 2600 4129 est,o
2639 4065 2916 4133 sapientes
2970 4063 3095 4127 viri,
3138 4079 3204 4119 ac
3256 4081 3398 4120 nova
3445 4082 3582 4122 con-

2007 4156 2220 4225 spersio
2246 4156 2457 4210 exstitit
2529 4155 2574 4222 ⁸,
2629 4155 2808 4224 imago
2845 4155 2962 4224 ipsa
2999 4169 3106 4208 non
3139 4155 3582 4226 fermentabitur,

2005 4257 2206 4301 etcum
2230 4246 2342 4301 Deo
2371 4246 2786 4316 temperabitur,
2813 4261 2910 4314 per
2931 4245 3274 4303 divinitatem
3310 4248 3582 4307 deificatai

2005 4339 2148 4403 Quin
2178 4337 2283 4392 hoc
2336 4353 2553 4407 quoque
2591 4337 2919 4408 adjiciemus
2947 4355 2959 4390 :
2994 4340 3040 4394 si
3073 4354 3251 4403 mens,
3299 4346 3361 4394 ut
3388 4355 3578 4411 pecca-

2004 4431 2113 4483 trix
2149 4436 2204 4485 et
2234 4429 2510 4494 damnata,
2560 4429 2786 4485 omnino
2835 4438 3019 4500 spreta
3045 4439 3100 4487 ct
3133 4432 3338 4501 rejecta
3375 4443 3480 4498 est,
3511 4433 3582 4489 ob

2004 4534 2235 4590 eamque
2264 4535 2487 4576 causam
2539 4520 2745 4576 omissa
2778 4531 2963 4577 mente
2993 4537 3198 4593 corpus
3235 4531 3581 4594 assumptum

2003 4618 2108 4676 est,
2141 4611 2351 4681 ignosci
2415 4612 2605 4682 utique
2645 4627 2744 4682 par
2778 4621 2862 4668 est
2891 4615 2982 4678 iis,
3023 4615 3116 4684 qui
3163 4613 3310 4669 circa
3342 4625 3579 4675 mentem

2005 4711 2250 4769 peccant.
2299 4700 2392 4755 Dei
2452 4702 2598 4756 enim
2648 4703 2990 4768 testimonio,
3035 4705 3102 4758 de
3151 4712 3242 4757 tua
3283 4705 3577 4772 sententia,

327 4797 544 4866 μάξεις,
611 4790 657 4850 ὧ
725 4797 988 4868 βέλτιστε,
1053 4797 1145 4850 τὸν
1200 4796 1330 4867 ἐμὸν
1371 4795 1496 4850 νοῦν
1559 4794 1653 4866 (ὼς
1704 4811 1903 4863 σαρκο-

2006 4800 2192 4863 aperte
2211 4795 2649 4849 demonstratum
2677 4805 2782 4858 est,
2811 4811 2930 4850 eam
2963 4797 3113 4848 nulla
3148 4795 3362 4848 ratione
3394 4797 3578 4851 curari

322 4887 550 4958 λάτρης,
570 4887 727 4959 εἴπερ
751 4888 1208 4958 ἀνθρωπολάτρης
1225 4887 1337 4955 ἐγώ
1381 4913 1402 4940 9
1522 4885 1608 4938 ἵνα
1631 4885 1897 4957 συνδήσῃς

323 4983 458 5035 Θεὸν
484 4982 622 5055 πρὸς
649 4983 848 5054 σάρκα,
878 4982 951 5044 ὡς
983 4980 1083 5033 οὐκ
1131 4979 1304 5042 ἄλλως
1327 4977 1548 5047 δεθῆναι
1582 4977 1898 5049 δυνάμενον,

324 5073 418 5124 καὶ
468 5073 556 5127 διὰ
600 5073 756 5126 τοῦτο
803 5070 1039 5142 ἐξαιρεῖς
1086 5069 1147 5122 τὺ
1195 5068 1525 5139 μεσότοιχον.
1578 5069 1636 5121 '0
1668 5069 1725 5120 δὲ
1767 5068 1900 5138 ἐμὸς

322 5162 481 5228 λόγος
523 5161 626 5225 τίς,
661 5161 753 5213 τοῦ
787 5159 1116 5229 ἁφιλοσόφου
1149 5158 1243 5210 καὶ
1285 5156 1650 5222 ἀπαιδεύτους
1691 5157 1719 5208 ὁ
1773 5155 1899 5218 νοῦς

323 5253 402 5322 τῷ
430 5253 510 5306 νοτ
538 5255 810 5323 μίγνυται,
856 5252 930 5314 ὡς
982 5251 1262 5321 ἐγγυτέρῳ
1307 5249 1400 5302 καὶ
1435 5248 1765 5319 οίκειοτέρῳ,
1803 5247 1898 5298 καὶ

324 5345 413 5398 διὰ
447 5344 636 5398 τούτου
668 5346 828 5416 σαρκὶ
868 5343 1242 5415 μεσιτεύοντος
1421 5341 1634 5410 θεότητι
1667 5340 1765 5394 καὶ
1797 5357 1900 5394 πα-

324 5433 537 5504 χύτητι.

398 5695 494 5757 τίς
535 5696 591 5748 δὲ
635 5695 728 5749 καὶ
769 5696 798 5748 ὁ
841 5694 998 5763 λόγος
1044 5691 1227 5751 αὐτοῖς
1273 5689 1370 5758 τῆς
1415 5687 1894 5758 ὲνανθρωπήσεοκ,

411 5869 428 5899 ¹
456 5865 621 5923 Exod.
658 5883 746 5930 ιιι,
775 5871 819 5921 1.
935 5867 952 5895 ²
991 5878 1106 5919 Jus.
1147 5880 1187 5929 ι,
1224 5865 1305 5918 15.
1419 5865 1437 5892 ³
1467 5865 1487 5917 ι
1517 5865 1644 5920 Cur.
1674 5881 1728 5931 ν,
1762 5865 1814 5918 7.

2005 4901 2186 4954 posse.
2242 4885 2497 4941 Dicamne
2543 4887 2689 4956 quod
2729 4887 2906 4954 majus
2941 4887 3054 4940 est?
3077 4885 3156 4940 'l'u
3198 4887 3437 4956 quidem.
3481 4903 3577 4958 op-

1997 4975 2128 5028 time
2155 4972 2239 5026 vir
2279 4973 2556 5041 (tanquam
2585 4972 2901 5038 sarcolatra,
2924 4970 3188 5040 siquidem
3219 4987 3318 5040 ego
3349 4972 3576 5027 anthro-

1995 5063 2208 5133 polatra
2235 5065 2402 5129 sum),
2433 5061 2647 5119 idcirco.
2671 5070 2903 5115 mentem
2939 5077 3113 5116 meam
3150 5064 3478 5124 contemnis.
3516 5071 3575 5118 ut

1997 5154 2165 5208 Deum
2195 5168 2317 5208 cum
2352 5167 2518 5206 carne
2540 5151 2820 5208 devincias
2981 5154 3206 5223 perinde
3229 5161 3394 5224 atque
3417 5156 3575 5210 aliter

1997 5245 2224 5312 astringi
2271 5251 2527 5313 nequeat,
2573 5244 2643 5298 oh
2668 5243 2831 5315 idque
2877 5245 3262 5301 intermedium
3310 5246 3570 5314 parietem

1999 5335 2145 5388 tollis
2188 5335 2361 5388 ‘.Mea
2380 5338 2558 5388 autem
2577 5333 2740 5398 ratio,
2760 5333 2861 5388 hoc
2873 5341 2978 5398 est,
2999 5334 3234 5390 hominis
3251 5334 3471 5387 minimc
3492 5347 3574 5388 sa-

2000 5422 2194 5490 pientis
2224 5427 2278 5476 et
2293 5421 2516 5486 eruditi,
2555 5438 2801 5493 quasnam
2833 5423 2954 5478 est?
2976 5421 3127 5478 Mens
3142 5422 3330 5484 menti,
3353 5429 3412 5474 ut
3441 5437 3569 5490 pro-

2000 5509 2272 5579 pinquiori
2289 5516 2342 5565 et
2363 5510 2748 5580 coniunctiori.
2770 5510 3036 5579 jungitur,
3051 5525 3115 5564 ac
3143 5523 3238 5578 per
3253 5523 3370 5562 eam
3390 5509 3565 5570 carni,

1999 5599 2139 5654 inter
2162 5598 2496 5654 divinitatem
2528 5609 2582 5653 et
2610 5600 2792 5655 carnis
2825 5598 3017 5650 molem
3045 5637 3058 5659 ,
3094 5595 3565 5650 iutervenientem.

2069 5689 2241 5744 Porro
2269 5698 2472 5755 autem,
2503 5705 2665 5761 quam
2705 5688 3059 5745 humanitatis
3101 5695 3421 5756 assumpta,
3458 5688 3566 5756 vel,

1921 5864 1946 5897 δ
1974 5863 2175 5934 Ephcs.
2211 5871 2274 5933 ιις
2304 5865 2386 5922 1-1.
