4094 6300
568 348 677 414 891⁷
1791 348 1995 414 EUTil
2009 350 2159 413 YMll

2244 343 2581 409 :lGABENt
3685 354 3783 423 επ

572 500 637 546 ut
664 491 765 564 ipsi
796 492 1116 562 loquuntur,
1154 488 1571 564 incarnationis,
1627 510 1848 551 causam
1894 497 2142 567 afferant,

2244 492 2461 563 ἴδωμεν,
2499 492 2674 544 εῐτουν
2715 490 3065 561 σαρκώσεως,
3116 488 3192 554 ὥς
3243 491 3391 546 αὐτοὶ
3435 492 3685 562 λέγουσιν.
3718 500 3777 555 Et

573 584 878 639 videamus.
914 583 1195 653 Siquidem
1226 593 1285 636 ut
1316 583 1459 639 Deus
1483 586 1685 654 alioqui
1719 588 2137 658 incomprehen-

2245 581 2344 653 μὲν
2387 582 2473 634 ἵνα
2502 580 2723 652 χωρηθῇ
2752 580 2905 643 Θεὸς,
2949 578 3124 642 ἄλλως
3154 579 3435 652 ἀχώρητος
3464 583 3556 647 ὢν,
3588 587 3673 639 καὶ
3710 590 3771 654 ὡς

571 676 782 739 sibilis,
813 675 1323 743 comprehendatur,
1367 690 1429 729 ac
1471 678 1573 729 sub
1608 692 1794 739 carne,
1826 680 1982 748 quasi
2025 682 2143 734 velo

2244 672 2348 726 ὑπὸ
2378 674 2836 744 παραπετάσματι
2866 673 2931 741 τῇ
2965 670 3127 742 σαρκὶ
3158 675 3267 735 τοῖς
3314 673 3610 744 ἀνθρώποις
3637 696 3779 749 προσ..

571 766 830 833 quodam,
870 778 993 816 cum
1034 763 1345 818 hominibus
1385 772 1651 825 versetur,
1684 766 1817 820 scita
1859 783 1992 821 sane
2018 768 2135 823 haec

2244 765 2494 836 ομιλήσῃ,
2548 764 2755 833 κομψὸν
2812 763 2873 816 τὸ
2925 765 3265 834 προσωπεῖον
3326 764 3534 831 αὐτοῖς,
3596 770 3681 821 καὶ
3724 773 3775 825 τὸ

572 856 710 924 ipsis
738 856 886 909 larva
910 863 1015 917 est,
1046 863 1100 908 et
1129 855 1445 923 hypocrisis
1463 855 1643 908 fabula
1666 875 1677 911 :
1700 864 1757 910 ut
1787 857 2002 911 interim
2032 873 2139 912 non

2244 855 2422 925 δράμοι
2444 854 2543 925 τῆς
2572 854 2913 926 ὑποκρίσεως
2937 872 2950 887 ·
2985 854 3071 908 ἵνα
3110 856 3182 926 μὴ
3222 855 3365 924 λέγω
3396 857 3477 909 ὅτι
3520 861 3608 912 καὶ
3632 861 3776 927 ἄλλως

571 946 748 999 dicam
779 946 886 998 alio
917 956 1132 1015 quoque
1159 945 1319 998 modo
1343 946 1458 999 ﬁeri
1486 948 1750 1015 potuisse,
1772 956 1829 1002 ut
1853 950 2139 1004 nobiscum

2244 946 2499 1019 ὁμιλῆσαι
2545 950 2675 1017 ἡμῖν
2724 942 2834 999 οἷόν
2871 964 2929 1000 τε
2964 942 3053 1019 ἧν,
3103 947 3292 1020 ὥσπερ
3343 951 3401 1002 ἐν
3453 948 3596 1020 βάτῳ
3636 954 3785 1025 πυρὸς

570 1046 921 1100 versaretur,
973 1038 1427 1106 quemadmodum
1471 1039 1627 1106 prius
1652 1039 1704 1091 in
1739 1040 1881 1108 ignis
1915 1041 2052 1094 rubo
2100 1046 2137 1107 ",

2244 1038 2334 1092 καὶ
2372 1037 2696 1108 ἀνθρωπίνῳ
2747 1036 2875 1091 εἴδει
3070 1039 3131 1092 τὸ
3176 1040 3459 1111 πρότερον.
3518 1043 3578 1096 Et
3620 1042 3669 1096 δὲ
3710 1046 3779 1098 ἵνα

569 1137 624 1181 et
649 1127 821 1182 forma
857 1130 1093 1181 humana
1139 1130 1179 1182 ³.
1212 1128 1268 1181 Si
1303 1136 1481 1181 autem
1542 1136 1604 1182 ut
1647 1129 1819 1183 simiii-
1841 1148 1936 1200 per
1964 1133 2144 1188 simile

2244 1129 2373 1203 λύσῃ
2421 1128 2482 1182 τὸ
2537 1128 2856 1198 κατάκριμα
2900 1131 3000 1201 τῆς
3054 1130 3327 1201 ἁμαρτίας
3389 1130 3469 1201 τῷ
3526 1132 3681 1202 ὁμοίῳ
3732 1136 3781 1188 τὶ

569 1214 911 1271 sanctiﬁcata
948 1217 1150 1286 peccati
1205 1217 1605 1272 damnationem
1647 1222 1840 1284 solvat,
1880 1223 2131 1289 profecto

2244 1220 2417 1289 ὅμοιον
2452 1219 2707 1286 ἁγιάσας,
2733 1217 2922 1289 ὥσπερ
2946 1220 3150 1291 σαρκὸς
3179 1220 3367 1292 ἐδέησε
3392 1219 3481 1274 διὰ
3506 1219 3601 1292 τὴν
3633 1223 3783 1294 σάρκα

569 1308 1024 1377 quemadmodum
1082 1323 1250 1362 carne
1286 1316 1509 1378 propter
1541 1324 1760 1364 carnem
1804 1310 2140 1377 damnatam,

2244 1309 2679 1381 κατακριθεῐσαν,
2715 1309 2808 1362 καὶ
2847 1308 3027 1380 ψυχῆς
3055 1310 3142 1364 διὰ
3182 1310 3281 1382 τὴν
3310 1311 3511 1383 ψυχὴν,
3555 1312 3683 1365 οὕτω
3708 1316 3785 1367 καὶ

568 1411 622 1453 et
668 1399 849 1452 anima
902 1407 1122 1469 propter
1184 1400 1419 1453 animam
1450 1413 1588 1469 opus
1615 1400 1825 1465 habuit,
1861 1403 1934 1455 ita
1977 1405 2141 1457 etiam

568 1498 752 1544 mente
775 1497 994 1560 propter
1018 1499 1276 1556 mentem,
1320 1499 1507 1561 utpote
1536 1506 1657 1561 quae
1689 1492 1742 1544 in
1794 1491 2003 1545 Adoreo
2031 1509 2141 1547 non

570 1579 748 1631 solum
822 1582 1162 1649 peccaverit,
1225 1582 1325 1636 sed
1373 1589 1426 1636 et
1470 1582 1645 1651 prima
1709 1581 1898 1636 aliecta
1955 1582 2139 1649 fuerit,

570 1670 1031 1737 quemadmodum
1062 1672 1257 1726 medici
1289 1673 1344 1725 in
1374 1674 1583 1727 morbis
1628 1673 1949 1741 loquuntur.
1986 1672 2143 1739 Quod

2235 1399 2325 1455 νοῦ
2354 1400 2443 1455 διὰ
2469 1399 2560 1453 τὸν
2600 1399 2743 1465 νοῦν,
2774 1400 2835 1454 οὐ
2886 1401 3189 1454 πταίσαντα
3225 1402 3387 1473 μόνον
3417 1405 3474 1455 ὲν
3500 1401 3575 1473 τῷ
3613 1404 3778 1474 Ἀδὰμ,

2236 1493 2373 1547 ἀλλὰ
2396 1493 2490 1546 καὶ
2513 1488 3039 1563 πρωτοπαθήσαντα,
3062 1492 3250 1565 ὥσπερ
3272 1496 3321 1546 οἱ
3354 1493 3530 1566 ἰατροὶ
3572 1494 3795 1563 λέγουσιν

2238 1584 2332 1638 ἐπὶ
2359 1584 2468 1637 τῶν
2492 1585 2962 1657 ἀρρωστημάτων.
2994 1587 3058 1639 Ὃ
3084 1585 3191 1656 γὰρ
3214 1585 3312 1656 τὴν
3336 1585 3559 1657 ἐντολὴν
3584 1586 3785 1651 ἐδέξατο,

2237 1673 2391 1727 τοῦτο
2431 1674 2527 1727 καὶ
2562 1674 2660 1745 τὴν
2705 1674 2920 1746 ἐντολὴν
2952 1674 3053 1729 οὔκ
3098 1674 3386 1745 ἐφύλαξεν
3419 1676 3448 1729 δ
3482 1677 3537 1729 δὲ
3561 1678 3652 1730 οὐκ
3680 1678 3788 1745 ἐφύη

570 1761 717 1814 enim
752 1764 1067 1815 mandatum
1109 1764 1338 1832 accepit,
1369 1764 1473 1817 hoc
1512 1764 1773 1818 mandato
1806 1779 2022 1833 quoque
2044 1765 2145 1817 mi-

2244 1766 2401 1830 λαξε,
2444 1765 2605 1818 τοῦτο
2648 1764 2745 1819 καὶ
2795 1764 2894 1837 τὴν
2947 1766 3262 1837 παράϐασιν
3316 1766 3642 1837 ἐτόλμησεν·
3682 1768 3707 1819 ὃ
3741 1766 3789 1818 δὲ

570 1849 719 1904 nime
774 1851 955 1919 paruit
1005 1852 1203 1920 :quod
1255 1860 1433 1905 autem
1496 1852 1720 1906 minime
1780 1855 1989 1921 paruit,
2036 1853 2141 1908 hoc

570 1937 735 1991 etiam
767 1952 831 1992 eo
860 1940 1100 1994 audacia:
1121 1955 1471 2010 progressum
1507 1949 1612 2003 est,
1641 1949 1699 1995 ut
1731 1942 1863 1995 illud
1888 1943 2136 2009 violaret;

571 2028 715 2096 quod
772 2036 949 2083 autem
983 2031 1222 2094 violavit,
1256 2031 1357 2084 hoc
1387 2031 1440 2085 in
1479 2031 1670 2101 primis
1710 2046 1928 2100 quoque
1965 2033 2139 2088 salute

2243 1856 2477 1928 παρέϐη,
2520 1856 2678 1910 τοῦτο
2726 1859 2818 1911 καὶ
2866 1859 3139 1929 σωτηρίας
3192 1858 3362 1911 ἐδεῖτο
3414 1859 3668 1929 μάλιστα;
3693 1856 3716 1909 ὁ
3742 1858 3791 1910 δὲ

2241 1948 2343 2017 τῆς
2390 1947 2659 2019 σωτηρίας
2693 1947 2881 2015 ἐδεῖτο,
2909 1949 3067 2002 τοῦτο
3094 1949 3189 2003 καὶ
3215 1947 3565 2020 προσελήφθη
3585 1964 3599 1977 ·
3629 1951 3655 2001 ὁ
3686 1945 3787 2011 νοῦς

2244 2036 2351 2108 ἄρα
2381 2037 2796 2107 προσείληπται.

570 2119 878 2190 indigebat;
902 2121 1045 2189 quod
1074 2129 1252 2175 autem
1278 2122 1453 2175 salute
1480 2121 1773 2190 indigebat,
1801 2121 1905 2175 hoc
1937 2123 2099 2177 etiam
2129 2136 2470 2196 assumptum
2486 2136 2605 2194 est;
2640 2127 2716 2181 ita
2740 2127 2817 2191 ﬁt,
2844 2134 2904 2181 ut
2935 2142 3088 2182 mens
3116 2133 3399 2197 assumpta
3420 2127 3509 2183 sit.

643 2208 757 2264 Hoc
814 2225 989 2275 nunc,
1037 2212 1201 2265 velint
1270 2213 1481 2275 nolint,
1526 2211 1960 2267 demonstratum
2020 2220 2139 2279 est,

570 2301 933 2370 geometricis,
979 2308 1037 2353 ut
1082 2302 1184 2371 ipsi
1232 2302 1405 2363 ait‘int,
1446 2318 1511 2356 ac
1558 2305 1891 2360 necessariis
1922 2305 2151 2358 demon-

571 2389 951 2443 strationibus.
1013 2388 1094 2444 Tu
1150 2405 1279 2444 vero
1313 2391 1540 2461 perinde
1590 2390 1762 2457 facis,
1805 2407 1869 2447 ac
1914 2395 1983 2454 si,
2022 2394 2150 2447 laeso

571 2478 813 2533 hominis
837 2481 1024 2546 oculo,
1054 2495 1115 2535 ac
1157 2480 1292 2550 pede
1325 2481 1553 2550 insuper
1592 2483 1822 2546 oﬂ'enso,
1878 2484 2002 2552 pedi
2028 2484 2150 2553 qui—

571 2569 695 2623 dem
728 2570 1054 2624 medicinam
1096 2570 1406 2634 adhibcres,
1454 2573 1674 2626 oculum
1711 2582 1890 2628 autem
1936 2574 2151 2628 incura-

572 2664 689 2712 tum
742 2661 1080 2730 relinqueres
1112 2671 1265 2726 :aut,
1298 2678 1423 2716 cum
1472 2664 1648 2732 pictor
1709 2665 1914 2733 aliquid
1970 2666 2150 2721 minus

574 2756 726 2805 recte
778 2750 1068 2820 pinxisset,
1127 2754 1399 2823 picturam
1442 2754 1663 2824 quidem
1701 2755 2038 2817 immutares,
2067 2757 2151 2825 pi-

574 2848 780 2894 ctorem
834 2850 1039 2908 autem,
1102 2845 1253 2899 velut
1293 2861 1522 2901 munere
1557 2860 1660 2900 suo
1687 2853 1836 2901 recte
1880 2846 2147 2912 functum,

575 2931 911 2998 praeterires.

1208 3151 1287 3221 Ea:
1319 3157 1522 3207 eadem.

2314 2217 2484 2271 Τοῦτο
2521 2218 2616 2271 νῦν
2644 2219 3034 2283 ἀποδέδεικται,
3064 2219 3168 2271 κᾶν
3201 2218 3274 2290 μὴ
3308 2217 3624 2288 βούλωνται,
3667 2236 3787 2287 γεω-

2254 2312 2557 2378 μετρικαῖς,
2612 2309 2687 2374 ὥς
2729 2327 2892 2379 φασιν
2948 2310 3121 2372 αὐτοὶ,
3168 2310 3262 2362 καὶ
3315 2311 3642 2377 ἀναγκαίαις
3677 2315 3790 2364 ἀπο·

2250 2396 2467 2464 δείξεσι.
2529 2400 2600 2453 Σὺ
2652 2399 2709 2452 δὲ
2750 2401 2923 2463 ποιεῖς
2964 2398 3373 2470 παραπλήσιον,
3426 2398 3607 2469 ὥσπερ
3650 2399 3708 2452 ἂν
3758 2399 3792 2449 εἰ

2248 2489 2525 2560 ὀφθαλμοῦ
2569 2489 2853 2561 ἀνθρώπου
2907 2490 3236 2552 πταίσαντος
3296 2489 3396 2542 καὶ
3449 2490 3606 2551 mea;
3656 2503 3792 2550 apu-

2250 2580 2593 2642 πταίσαντος,
2619 2580 2711 2632 τὸν
2740 2580 2877 2633 πόδα
2905 2578 3003 2651 μὲν
3031 2580 3389 2649 ἐθεράπευες,
3421 2577 3514 2630 τὸν
3541 2577 3596 2630 δὲ
3626 2575 3793 2644 ὀφθαλ-

2253 2673 2353 2743 μὸν
2407 2671 2781 2742 ἀθεράπευτον
2830 2672 2980 2734 είας·
3015 2671 3049 2740 ἢ
3080 2667 3377 2740 ζωγράφου
3425 2685 3479 2721 τι
3529 2666 3601 2738 μὴ
3642 2664 3793 2727 καλῶς

2250 2762 2579 2834 γράψαντος,
2607 2759 2668 2814 τδ
2705 2760 2802 2831 μὲν
2829 2762 3037 2831 γραφὲν
3068 2759 3398 2830 μετεποίεις,
3423 2757 3513 2812 τὸν
3533 2757 3589 2811 δὲ
3612 2754 3795 2826 (mob-

2251 2870 2351 2923 φον
2380 2852 2454 2916 ὡς
2498 2852 2865 2924 κατορθοῦντα
2913 2851 3266 2923 παρέτρεχες.

2797 3139 2890 3195 Ἐκ
2926 3142 3037 3211 τῆς
3080 3141 3299 3215 αὐτῆς.

2180 3195 2222 3248 (Σ

643 3294 797 3363 Quod
829 3292 898 3355 si,
932 3290 1023 3346 his
1061 3288 1362 3344 rationibus
1390 3282 1651 3356 prohibiti
1696 3296 1763 3337 eo
1807 3278 2149 3348 confugiunt,

2325 3275 2389 3328 Ei
2436 3275 2492 3326 δὲ
2547 3275 2652 3327 ὑπὸ
2698 3275 2906 3329 τούτων
2954 3276 3323 3349 ἐξειργόμενοι
3376 3282 3489 3336 τῶν
3530 3279 3798 3350 λογισμῶν,

577 3397 637 3444 ιιι
688 3386 881 3449 Deum,
936 3390 1144 3436 remota
1199 3382 1365 3434 etiam
1404 3386 1607 3437 mente,
1654 3373 1862 3427 homini
1919 3371 2149 3426 salutem

2258 3366 2704 3435 καταφεύγουσιν
2730 3368 2824 3420 ἐπὶ
2867 3368 2927 3421 τὸ
2955 3368 3182 3423 δυνατὸν
3206 3366 3346 3424 εἶναι
3366 3371 3514 3443 Θεῷ,
3541 3372 3632 3424 καὶ
3656 3370 3799 3442 χωρὶς

579 3480 771 3535 afferre
830 3489 990 3545 posse
1019 3473 1223 3536 dicant,
1259 3470 1446 3537 utique
1497 3466 1675 3536 potuit
1723 3464 1911 3527 etiam,
1944 3471 2151 3516 remota

2253 3457 2369 3525 νοῦ,
2403 3458 2577 3510 σῶσαι
2611 3456 2701 3509 τὸν
2728 3456 3037 3527 ἄνθρωπον,
3068 3459 3297 3514 δυνατὸν
3317 3460 3386 3531 δή
3414 3479 3516 3515 που
3543 3463 3631 3514 καὶ
3655 3461 3799 3531 χωρὶς

581 3582 739 3626 carne
778 3581 876 3636 per
928 3564 1097 3618 solam
1138 3561 1472 3616 voluntatem
1496 3597 1514 3623 ,
1558 3555 2014 3628 quemadmodum
2050 3554 2153 3608 alia

2257 3550 2480 3620 σαρκὸς,
2524 3549 2673 3617 μόνῳ
2722 3548 2801 3619 τῷ
2845 3548 3154 3618 βούλεσθαι,
3188 3548 3383 3620 ὥσπερ
3434 3553 3528 3606 καὶ
3572 3552 3637 3605 τὰ
3686 3551 3798 3605 ἄλλα

582 3673 794 3729 quoque
818 3657 1000 3709 omnia
1034 3655 1171 3710 citra
1221 3650 1468 3720 corporis
1498 3663 1718 3719 operam
1751 3655 2011 3716 operatus
2046 3656 2151 3710 est,

2256 3641 2434 3696 πάντα
2444 3643 2689 3711 ἐνεργεῖ,
2713 3643 2805 3693 καὶ
2825 3641 3133 3711 ἐνήργηκεν
3156 3644 3491 3713 ἀσωμάτοις.
3510 3644 3694 3699 ’Δνελε
3718 3639 3796 3697 οὖν

583 3760 627 3807 et
646 3758 925 3817 operatur.
944 3747 1126 3815 Quare
1147 3758 1272 3798 cum
1300 3749 1484 3796 mente
1510 3753 1730 3796 carnem
1762 3751 1979 3807 quoque
2003 3738 2154 3803 tolle,

2258 3737 2397 3805 μετὰ
2423 3733 2519 3786 τοῦ
2545 3734 2638 3787 νοῦ
2665 3734 2758 3787 καὶ
2786 3733 2884 3805 τὴν
2913 3735 3115 3805 σάρκα,
3141 3735 3207 3791 ἵν’
3234 3733 3269 3808 ᾗ
3302 3754 3388 3791 σοι
3419 3738 3619 3790 τέλειον
3641 3736 3694 3788 τὸ
3716 3735 3795 3803 τῆς

584 3853 636 3897 at
671 3843 829 3912 plena
846 3851 901 3893 et
934 3838 1171 3909 perfecta
1195 3834 1286 3889 tibi
1315 3835 1388 3889 sit
1422 3832 1722 3887 temeritas.
1751 3828 1857 3885 Sed
1890 3829 2101 3884 scilicet
2124 3843 2154 3882 a

2255 3827 2536 3889 ἀπονοίας.
2570 3824 2714 3879 Ἀλλ’
2744 3827 3063 3881 ἀπατῶνται
3088 3829 3195 3881 ὑπδ
3219 3828 3317 3881 τοῦ
3358 3829 3699 3898 γράμματος,
3717 3826 3794 3878 καὶ

586 3939 755 3991 littera
791 3933 1160 4000 decipiuntur,
1193 3938 1588 3997 proptereaque
1612 3923 1679 3978 ad
1710 3938 1931 3978 carnem
1965 3937 2159 3977 accur-

2255 3914 2346 3969 διὰ
2397 3917 2558 3970 τοῦτο
2600 3919 2666 3987 τῇ
2710 3918 2877 3986 σαρκὶ
2922 3920 3348 3989 προστρέχουσι,
3397 3919 3496 3990 τὴν
3546 3917 3795 3988 συνήθειαν

586 4035 733 4091 runt,
779 4024 1079 4092 Scriptura:
1140 4017 1591 4075 consuetudinem
1646 4017 1996 4085 ignorantes:
2056 4028 2157 4069 nos

2254 4008 2354 4074 τῆς
2399 4008 2439 4060 Γ
2443 4011 2622 4079 ραφῆς
2664 4009 3005 4077 ἀγνοοῦντες.
3043 4012 3236 4080 Ἡμεῖς
3287 4011 3491 4074 αὐτοὺς
3536 4011 3624 4064 καὶ
3662 4007 3793 4060 τοῦτο

586 4119 689 4173 hoc
749 4129 962 4185 quoque
1014 4127 1109 4168 eos
1155 4110 1491 4165 docebimus.
1522 4106 1657 4160 Nam
1715 4106 1859 4174 quod
1908 4105 2158 4159 Christus

2256 4097 2561 4168 διδάξομεν.
2593 4099 2716 4152 Ὅτι
2752 4100 2855 4168 μὲν
2886 4108 2994 4171 γὰρ
3032 4102 3311 4171 πανταχοῦ
3338 4104 3439 4172 τῆς
3479 4101 3690 4174 Γραφῆς
3713 4099 3790 4152 ἄν·

588 4205 792 4274 passim
833 4202 895 4256 in
945 4200 1245 4269 Scriptura,
1295 4198 1483 4259 homo,
1513 4202 1568 4249 et
1601 4193 1769 4248 Filius
1798 4194 2032 4248 hominis
2064 4207 2159 4261 ap-

2257 4188 2476 4258 θρωπος
2506 4192 2603 4245 καὶ
2636 4192 2766 4256 Tib;
2800 4193 3092 4265 ἀνθρώπου
3131 4194 3619 4266 προσαγορεύεται,
3643 4191 3692 4246 τί
3726 4188 3794 4243 δεῖ

591 4295 843 4363 pelletur,
874 4289 1007 4360 quid
1040 4289 1182 4358 apud
1211 4301 1305 4341 eos
1332 4298 1762 4339 commemorare
1790 4289 2008 4349 attinet,
2030 4298 2157 4353 qut-

2260 4283 2396 4354 πρὸς
2432 4284 2641 4348 είδότας
2680 4288 2774 4340 καὶ
2806 4288 3017 4355 λέγεινς

592 4385 694 4440 bus
724 4382 828 4435 hoc
855 4379 1130 4449 cognitum
1159 4384 1247 4431 est
1281 4383 1335 4430 et
1359 4374 1736 4444 exploratum?

660 4462 821 4528 Quod
850 4464 895 4514 si
932 4448 1089 4515 huic
1122 4461 1244 4514 loco
1290 4459 1624 4525 innituntur,
1672 4457 1900 4513 Verbum
1934 4470 2057 4509 caro
2085 4453 2159 4521 {a-

2318 4456 2380 4510 Ei
2423 4456 2480 4510 δὲ
2525 4453 2948 4525 διισχυρίζονται
2986 4454 3062 4526 τῷ
3127 4491 3144 4519 ι
3318 4457 3384 4512 '0
3439 4458 3624 4527 Λόγος
3660 4448 3789 4517 σὰρξ

593 4562 734 4608 ctum
768 4561 869 4617 est,
915 4560 967 4607 et
1004 4550 1261 4604 habitavit
1300 4551 1356 4604 in
1394 4550 1544 4605 nobis
1594 4557 1641 4615 ³,
1682 4549 1753 4604 ob
1784 4548 1971 4618 idque,
2000 4553 2062 4599 ut
2085 4559 2159 4599 su.

2249 4543 2509 4614 ἐγένετο,
2560 4544 2663 4597 καὶ
2694 4544 3048 4610 ἐσκήνωσεν
3092 4545 3164 4600 ἐν
3196 4545 3362 4614 ἡμῖν,
3394 4547 3488 4602 καὶ
3530 4546 3614 4600 διὰ
3660 4540 3795 4595 τοῦτο

594 4655 744 4701 tores
775 4660 899 4717 quae
935 4645 989 4698 in
1021 4644 1258 4713 pellibus
1287 4643 1563 4698 crassiora
1578 4648 1733 4705 sunt,
1777 4639 1854 4693 ita
1879 4638 2005 4709 ipsi,
2037 4652 2159 4707 quat

2256 4633 2568 4706 περιξέουσι
2617 4632 2711 4687 τοῦ
2760 4632 3051 4706 ἀνθρώπου
3100 4634 3163 4688 τδ
3218 4634 3522 4701 κάλλιστον,
3560 4634 3727 4699 ὥσπερ
3752 4627 3793 4679 οἱ

595 4739 650 4793 in
670 4739 892 4794 homine
915 4735 1430 4807 praestantissimum
1454 4740 1562 4796 est,
1598 4728 1895 4794 abradunt,
1928 4736 1986 4784 ut
2014 4729 2159 4783 Deun

2258 4725 2475 4786 σκυτεῖς
2520 4722 2588 4776 τὰ
2632 4721 2915 4793 παχύτερα
2952 4723 3058 4777 τῶν
3091 4723 3378 4795 δερμάτων
3410 4760 3428 4785 ,
3575 4724 3655 4775 ἴνα
3681 4717 3792 4770 Θεὸν

602 4847 730 4884 cum
780 4844 947 4883 carne
997 4827 1379 4896 conglutinent
1412 4843 1425 4879 :
1457 4833 1671 4893 tempus
1716 4829 1804 4876 est
1853 4829 1912 4875 ut
1951 4821 2056 4890 ipsi
2098 4820 2154 4874 di

2260 4816 2424 4886 σαρκὶ
2468 4813 2932 4885 συγκολλήσωσιν,
2967 4814 3086 4886 ὥρα
3129 4814 3310 4881 λέγειν
3350 4814 3543 4899 αὐτους
3571 4812 3656 4865 καὶ
3684 4822 3790 4899 σαρς

608 4929 758 4982 cant,
789 4921 1035 4973 carnium
1061 4933 1280 4987 quoque
1311 4916 1574 4970 duntaxat.
1620 4912 1791 4967 Deum
1836 4927 1959 4967 esse
1993 4910 2159 4967 Deum

2256 4906 2370 4960 κῶν
2404 4905 2580 4976 μόνων
2764 4904 2855 4957 τὸν
2891 4903 3024 4957 Θεὺν
3071 4900 3209 4957 εῖναι
3238 4903 3392 4968 Θεὸν,
3434 4894 3545 4957 ἀλλ’
3582 4898 3688 4968 οὐχὶ
3712 4893 3790 4993 καί

608 5025 719 5063 nou
780 5014 958 5061 autem
1004 5008 1167 5060 etiam
1237 5007 1566 5069 animarum,
1623 5003 1885 5074 quoniam
1921 5003 2159 5073 scriptun

2256 4996 2465 5069 ψυχῶν,
2519 4995 2607 5050 διὰ
2656 4996 2720 5050 τὸ
2765 4995 3097 5066 γεγράφθαι,
3151 4994 3356 5061 Καθὼς
3402 4994 3619 5057 ἔδωκας
3659 4989 3791 5047 αὐτῷ

606 5106 714 5161 est,
768 5096 917 5151 Sicut
969 5096 1161 5150 dedisti
1212 5098 1260 5150 ei
1308 5104 1614 5164 potestatem
1668 5095 1838 5149 omnis
1877 5094 2058 5147 carnis
2116 5100 2137 5132 δ

2257 5089 2548 5153 ἐξουσίαν
2593 5088 2796 5156 πάσης
2847 5088 3108 5156 σαρκὸς,
3165 5088 3280 5151 καὶ,
3328 5086 3483 5155 Πρὸς
3536 5083 3627 5152 σὲ,
3652 5077 3790 5133 πᾶσα

616 5197 683 5258 ει,
708 5189 790 5243 Ad
828 5200 874 5242 te
905 5191 1074 5242 omnis
1106 5205 1231 5242 caro
1257 5189 1421 5242 veniet
1455 5188 1475 5220 ⁸
1522 5204 1538 5254 ;
1572 5193 1652 5253 et,
1682 5185 1967 5240 Benedicat
2024 5183 2192 5239 omnis

607 5299 732 5337 caro
762 5282 962 5337 nomini
1021 5288 1203 5334 sancto
1238 5280 1353 5349 ejus
1394 5285 1414 5317 ⁸
1440 5295 1455 5344 ;
1498 5278 1603 5333 hoc
1633 5284 1738 5342 est,
1767 5276 1950 5331 omnis
1980 5276 2147 5330 homo
2177 5294 2191 5331 :

606 5383 705 5429 aut
735 5389 949 5430 rursum
970 5380 1150 5443 patres
1177 5378 1397 5427 nostros
1417 5369 1773 5439 incorporeos
1802 5376 1857 5423 et
1888 5365 2196 5422 invisibiles

610 5465 669 5519 in
696 5464 987 5536 Egyptum
1011 5460 1383 5525 descendisse,
1411 5462 1691 5529 solamque
1708 5458 1933 5529 Iosephi
1951 5457 2194 5511 animam

614 5569 645 5608 a
674 5554 958 5611 Pharaone
1017 5555 1073 5609 in
1103 5554 1323 5608 vincula
1353 5550 1660 5621 coniectam
1696 5549 1893 5614 fuisse,
1934 5550 2196 5619 quoniam

614 5648 882 5716 scriptum
925 5654 1065 5700 est:
1110 5642 1178 5698 In
1235 5642 1569 5714 septuaginta
1624 5642 1851 5712 quinque
1918 5637 2198 5693 animabus

2260 5180 2418 5248 σὰρξ
2457 5179 2613 5249 ἣξει,
2648 5180 2743 5233 καὶ
2777 5179 3115 5248 Εὑλογείτω
3138 5178 3306 5233 πᾶσα
3336 5176 3488 5247 σὰρξ
3528 5174 3590 5228 τὸ
3635 5171 3790 5235 ὄνομα

2259 5274 2327 5328 τὸ
2375 5274 2546 5343 ἅγιον
2581 5271 2790 5336 αὑτοῦ,
2820 5270 2963 5323 τοῦτ’
2993 5270 3107 5324 ἐστι
3136 5272 3243 5335 πᾶς
3271 5270 3545 5341 ἄνθρωπος
3564 5280 3576 5293 ·
3602 5264 3632 5333 ἦ
3660 5256 3792 5311 πάλιν

2260 5365 2603 5433 ἀσωμάτους,
2639 5362 2730 5414 καὶ
2768 5360 3034 5433 άοράτους
3062 5361 3491 5431 καωὸεόηκέναι
3518 5356 3633 5416 τοὺς
3655 5344 3790 5402 πατέ-

2266 5466 2363 5520 ρας
2388 5448 2545 5519 ήμῶν
2583 5448 2663 5510 είς
2700 5447 2998 5515 Αἴγυπτον,
3028 5449 3119 5501 καὶ
3154 5448 3254 5521 τὴν
3289 5446 3462 5517 ψυχὴν
3500 5442 3586 5496 τοῦ
3628 5433 3789 5501 Ἰωσὴφ

2261 5539 2505 5593 δεδέσθαι
2545 5538 2714 5609 μόνην
2753 5538 2859 5591 ὑπὸ
2902 5538 2997 5591 τοῦ
3035 5540 3233 5609 Φαραὼ
3269 5572 3285 5599 .
3421 5534 3504 5590 διὰ
3531 5533 3585 5586 τὸ
3616 5520 3785 5598 γεγρά-

2262 5628 2417 5700 φθαι,
2462 5629 2565 5682 Ἐν
2599 5628 3008 5698 ἐϐδομήκοντα
3041 5628 3221 5684 πέντε
3250 5626 3471 5698 ψυχαῖς
3497 5621 3786 5685 κατέδησαν

692 5814 707 5844 ι
741 5813 910 5868 Exod.
946 5825 1037 5875 ιιι,
1066 5810 1123 5866 2.
1199 5810 1219 5841 ³
1251 5809 1386 5864 Gen.
1414 5822 1573 5876 xvm,
1606 5808 1629 5863 1
1668 5823 1785 5877 sqq.
1863 5807 1884 5838 ⁸
1911 5804 2067 5861 Joan.
2106 5802 2256 5871 1,”.
2331 5799 2353 5831 ⁸
2387 5797 2543 5856 Joan.
2569 5800 2770 5869 “11,2.
2846 5798 3026 5856 'Psal.
3061 5801 3275 5867 LSIV,3.
3352 5797 3517 5853 'Psal.
3544 5777 3775 5855 mir,”-
