4070 6290
258 383 378 450 893
1208 393 1576 456 PANOPLIA
1624 398 2078 464 DOGMATICA.
2108 400 2343 468 -Ti'i‘.
2384 406 2530 471 XIV.
3422 411 3530 478 θοι

263 519 352 582 εις
371 517 694 587 Αιγυπτον,
733 519 849 584 καὶ,
890 519 1148 588 Σιδηρον
1177 519 1422 590 διῆλθεν
1447 527 1486 594 ἡ
1529 527 1700 597 ψυχὴ
1737 533 1847 584 αὐ-

1951 539 2325 597 descenderunt
2344 544 2399 598 in
2429 542 2721 614 Egyptum
2775 545 2790 577 ³
2821 561 2836 611 ;
2867 553 2941 609 ct,
2969 543 3196 600 Ferrum
3221 552 3531 617 pertransiit

261 611 372 663 τοῦ
418 646 433 670 ,
575 611 808 680 πρᾶγμα
849 611 1070 682 δεθῆναι
1105 613 1178 685 μὴ
1213 615 1529 686 δυνάμενον.
1572 620 1850 688 Ἀγνοοῦσι

1953 636 2134 688 anima
2179 636 2292 704 ejus
2362 642 2409 700 ⁸,
2443 652 2529 692 res
2564 636 2813 706 profecto
2862 638 3158 708 ejusmodi,
3202 656 3324 710 quae
3365 643 3530 697 nullis

263 701 375 770 γάρ
407 703 457 755 οἱ
489 701 662 756 ταῦτα
690 703 959 772 λέγοντες,
1003 708 1083 761 ὅτι
1115 713 1508 783 συνεκδοχικῶς
1532 715 1600 770 τὰ
1629 715 1853 771 τοιαῦτα

1953 727 2189 781 vinculis
2251 728 2474 798 astringi
2533 736 2717 798 queat.
2778 727 3037 800 Ignorant
3067 731 3238 795 enim,
3283 733 3378 802 qui
3418 733 3532 788 hac

265 791 627 896 ἀνομάζεται,
664 793 794 896 ’ἀπὸ
1087 798 1182 851 τοῦ
1244 803 1444 866 παντὸς
1486 803 1849 874 δηλουμένου·

1953 817 2162 883 dicunt,
2189 833 2279 873 res
2307 818 2472 873 hasce
2505 835 2601 889 per
2631 821 3013 891 synecdochen
3064 824 3377 887 enuntiari,
3418 833 3535 881 toto

266 883 458 951 ῶσπερ
498 883 620 945 καὶ,
657 885 912 938 Νεοσσοὶ
961 885 1080 940 τῶν
1120 891 1390 956 κοράκων
1422 893 1852 948 ἐπικαλοῦνται

267 969 376 995 -.ζμ
420 971 570 995 0...!“
628 971 692 995 ξοην
725 973 755 995 .1
811 973 983 995 __._-..L
1039 975 1120 995 §_\
1181 977 1242 995 Δρ
1341 980 1354 994 ο
1587 982 1599 995 ι
1655 983 1722 995 πε
1796 985 1808 995 ι

1954 929 2150 982 nempe
2179 929 2273 982 per
2301 922 2508 982 partem
2555 915 2828 980 indicato;
2871 923 2929 970 ut
2957 932 3080 971 cum
3114 919 3189 971 ait
3223 917 3529 990 Scriptura,

267 969 376 1086 τὸῖ
409 971 588 1086 Ξεὸν,
628 971 757 1042 ἴνή
806 973 986 1086 ἷττηνὴ
1033 975 1244 1048 δηλωθῇ
1287 980 1480 1050 φύσις,
1515 982 1609 1036 καὶ
1655 983 1853 1048 Πλειὰς

1954 1003 2024 1057 Ει
2047 1003 2180 1073 pulli
2210 1021 2483 1058 carrorum
2517 1003 2686 1059 Deum
2733 1007 2978 1061 invocant
3039 1017 3087 1074 ³,
3120 1017 3179 1064 ut
3219 1011 3400 1069 avium
3427 1027 3527 1064 na-

267 1058 385 1177 καὶ,
409 1059 679 1177 "Euripo:
737 1061 832 1114 καὶ
883 1062 1208 1137 Ἀρκτοῦρος
1257 1071 1686 1141 μνημονεύονται
1731 1076 1853 1129 ἀντὶ

1950 1106 2074 1153 tura
2106 1097 2438 1167 designetur,
2476 1105 2530 1151 et
2565 1097 2743 1152 Pleias
2763 1107 2816 1153 et
2844 1097 3120 1169 Vesperus
3169 1110 3223 1155 et
3265 1103 3535 1159 Arcturus

267 1148 486 1257 πάντων
541 1151 784 1222 ἀστέρων
807 1193 822 1219 ,
872 1154 967 1207 καὶ
1023 1156 1124 1226 τῆς
1187 1161 1314 1232 περὶ
1364 1162 1590 1229 τούτους
1647 1167 1854 1221 οἰκονο-

1955 1148 2074 1153 -_---
2112 1148 2438 1167 _---.,----_-,
2484 1148 2527 1151 --
2769 1148 2814 1153 --
2864 1148 3119 1169 ---ρ-μ-
3172 1148 3222 1155 υ-
3265 1148 3533 1159 ---πω-η

1953 1194 2330 1241 memorantur
2371 1193 2422 1251 ⁸,
2453 1201 2552 1257 pro
2581 1202 2668 1250 eo,
2704 1203 2768 1241 ac
2799 1189 2844 1243 si
2874 1189 3079 1244 diceret
3105 1191 3288 1245 omnia
3329 1191 3533 1256 sidera,

271 1241 424 1314 μίας.
1953 1275 2158 1347 Deique
2187 1277 2332 1330 circa
2349 1291 2410 1330 ea
2433 1241 2856 1345 providentiam.
2881 1299 2898 1313 -

338 1347 446 1402 Καὶ
481 1348 596 1419 ἅμα
629 1350 730 1404 οὐκ
766 1350 942 1416 άλλως
995 1347 1105 1407 οἷόν
1130 1371 1190 1407 τε
1221 1349 1290 1427 ῆν
1333 1355 1432 1428 τὴν
1459 1358 1554 1412 τοῦ
1583 1359 1720 1414 Θεοῦ
1759 1361 1844 1435 δη·

2024 1367 2142 1422 Hoc
2161 1366 2396 1432 accedit,
2454 1369 2600 1438 quod
2631 1384 2738 1423 non
2785 1369 2946 1422 aliter
2969 1367 3068 1422 Dei
3097 1383 3228 1438 erga
3259 1384 3361 1425 nos
3385 1385 3537 1428 amor

266 1438 502 1532 λωθῆναι
533 1442 661 1510 περὶ
690 1444 836 1513 ἡμᾶς
861 1443 1106 1517 ἀγάπην,
1140 1447 1174 1518 ἢ
1221 1449 1287 1501 ὲκ
1328 1449 1424 1503 τοῦ
1466 1453 1843 1525 μνημονευθῆ-

1947 1467 2183 1515 testatus
2225 1473 2348 1515 esse
2408 1467 2645 1530 poterat,
2703 1476 2866 1532 quam
2905 1477 2969 1515 ex
3025 1475 3091 1515 eo
3123 1461 3269 1531 quod
3312 1477 3442 1518 caro
3480 1466 3536 1520 in

267 1547 356 1624 ναι
387 1531 485 1601 τὴν
531 1532 730 1624 σάρκα,
783 1534 877 1588 καὶ
929 1535 1011 1588 ὅτι
1227 1537 1294 1592 δι’
1331 1542 1477 1610 ἡμᾶς
1519 1543 1721 1615 κατέϐη
1754 1548 1849 1600 και

1946 1549 2214 1604 memoria
2285 1549 2470 1617 fuerit,
2530 1562 2584 1606 et
2621 1531 2749 1622 quia
2780 1552 2955 1607 nostri
2993 1549 3162 1607 causa
3216 1556 3334 1624 ipse
3361 1555 3531 1609 etiam

270 1621 433 1713 μέχρι
465 1623 560 1676 τοῦ
604 1623 864 1694 χείρονος.
917 1628 1106 1698 Σάρκα
1146 1629 1256 1702 γὰρ
1303 1626 1441 1685 εἶναι
1487 1633 1664 1705 ψυχῆς
1696 1637 1850 1690 εὐτε-

1946 1655 2126 1710 usque
2149 1641 2215 1694 ad
2259 1641 2587 1697 deteriorem
2622 1621 2832 1713 partem
2869 1660 2991 1699 sese
3023 1621 3263 1700 demisit.
3291 1646 3525 1702 Carnem

267 1710 542 1783 λέστερον,
574 1715 682 1777 πᾶς
705 1715 815 1770 τῶν
863 1714 922 1772 εὖ
967 1719 1307 1790 φρονούντων
1509 1728 1849 1797 όπολογήσει.

1947 1734 2095 1787 enim
2126 1734 2306 1786 anima
2337 1735 2582 1788 viliorem
2611 1750 2736 1789 esse
2763 1750 2923 1789 nemo
2951 1750 3098 1790 sanas
3113 1737 3310 1793 utentis
3329 1737 3538 1792 inﬁcia-

267 1801 345 1854 Τὸ
367 1798 479 1908 οὖν,
609 1806 798 1875 Λόγος
830 1809 986 1876 σὰρξ
1020 1809 1277 1880 ἐγένετο,
1312 1809 1427 1867 ἴσον
1467 1815 1613 1869 δοκεῖ
1647 1837 1735 1886 μοι
1765 1819 1857 1873 δύ-

1952 1823 2122 1878 bitur.
2170 1823 2360 1893 Itaque
2387 1824 2477 1878 hic
2501 1825 2675 1887 locus,
2726 1824 2951 1878 Verbum
2972 1843 3096 1880 caro
3133 1825 3336 1895 factum
3365 1836 3440 1881 est
3483 1835 3531 1890 ⁸,

267 1892 460 1946 νασθαι
505 1894 582 1966 τῷ
619 1897 712 1949 καὶ
749 1899 1024 1970 ἁμαρτίαν
1065 1903 1226 1955 αὐτὸν
1267 1906 1551 1973 γεγονέναι
1591 1907 1848 1976 λέγεσθαι

1949 1914 2195 1970 eamdem
2223 1892 2332 1968 vim
2375 1922 2428 1969 et
2475 1914 2932 1983 significationem
2966 1916 3100 1970 mihi
3133 1892 3348 1972 vhabere
3384 1918 3536 1972 vide-

268 1984 368 2038 καὶ
395 1988 642 2057 κατάραν
663 2004 676 2016 ·
721 1991 823 2043 οὐκ
861 1993 941 2054 είς
968 1992 1139 2046 ταῦτα
1167 1995 1258 2048 τοῦ
1304 1997 1512 2068 Κυρίου
1547 2015 1850 2073 μεταποιη-

1947 2011 2040 2059 tur
2073 2021 2194 2060 cum
2233 2021 2320 2070 eo,
2353 2005 2497 2074 quod
2523 2016 2795 2075 peccatum
2833 2022 3052 2076 quoque
3078 2007 3255 2076 ipsum
3290 2018 3342 2061 et
3371 2006 3534 2059 male-

269 2075 478 2140 θέντος,
512 2079 626 2142 πῶς
659 2079 802 2151 γάρ;
837 2082 950 2134 ἀλλ’
979 2083 1055 2147 ὡς
1094 2083 1183 2138 διὰ
1227 2085 1322 2140 τοῦ
1368 2087 1540 2141 ταῦτα
1591 2089 1845 2154 δέξασθαι

1948 2095 2148 2150 dictum
2205 2097 2381 2153 factus
2428 2113 2550 2153 esse
2580 2097 2785 2152 dicitur
2816 2098 2836 2130 ‘
2883 2116 2898 2163 ;
2944 2113 3051 2153 non
3089 2099 3232 2167 quod
3271 2097 3533 2153 Dominus

267 2167 371 2230 τὰς
408 2169 635 2239 ἀνομίας
670 2172 832 2241 ἡμῶν
879 2174 1257 2242 ἀναλαϐόντος,
1281 2177 1380 2230 καὶ
1409 2177 1504 2241 τάς
1530 2177 1716 2242 νόσους
1749 2178 1847 2249 βα-

1948 2187 2004 2241 ἰη
2041 2187 2156 2241 haec
2203 2187 2525 2243 immutatus
2571 2188 2679 2254 sit;
2733 2189 2826 2259 qui
2869 2189 3014 2243 enim
3059 2190 3111 2242 id
3165 2189 3278 2243 ﬁeri
3318 2188 3535 2258 posset?

271 2260 592 2326 στάσαντος.

1951 2277 2049 2332 sed
2100 2278 2227 2347 quia
2277 2293 2374 2348 per
2404 2278 2456 2332 id
2490 2279 2635 2349 quod
2698 2279 2813 2333 hsce
2870 2280 3160 2349 suscepit,
3214 2279 3535 2349 iniquitates

1953 2374 2176 2422 nostras
2223 2367 2470 2432 sustulit,
2506 2375 2561 2422 et
2603 2368 2827 2422 morbos
2883 2369 3142 2438 portavit.

809 2468 911 2525 Ἐκ
935 2469 1047 2538 τῆς
1074 2471 1286 2539 αὐτῆς.

2594 2475 2675 2529 Ea:
2712 2475 2915 2528 eadem.

347 2556 554 2612 Ἐκεῖνο
575 2557 629 2612 δὲ
661 2554 948 2627 γινώσκειν
995 2564 1311 2631 ἀναγκαῖον,
1345 2566 1428 2618 ὃτι
1471 2565 1844 2633 ’Δπολινάριος
1947 2625 1954 2630 ,

1947 2625 1954 2630 ,
2024 2564 2160 2620 illud
2183 2570 2324 2622 scire
2345 2574 2570 2624 necesse
2594 2577 2697 2632 est,
2717 2565 3127 2636 Apollinarium.
3148 2565 3395 2633 quamvis
3416 2565 3534 2621 dei-

258 2649 369 2717 μὲν
389 2649 448 2700 τὸ
479 2652 579 2718 τῆς
609 2651 873 2722 Θεότητος
897 2652 1066 2720 ὄνομα
1098 2653 1174 2724 τῷ
1206 2655 1346 2724 ἁγίῳ
1379 2655 1662 2724 Πνεύματι
1695 2658 1841 2720 δοὺς,

1950 2657 2075 2711 tatis
2102 2673 2300 2712 nomen
2332 2659 2556 2729 Spiritui
2583 2669 2772 2713 sancto
2803 2659 3037 2721 dederit,
3069 2659 3176 2712 vim
3204 2667 3384 2711 tamen
3421 2657 3533 2712 dei-

255 2742 364 2807 τὴν
397 2741 626 2810 δύναμιν
659 2741 758 2812 τῆς
788 2743 1050 2816 Θεότητος
1077 2745 1177 2799 οὐκ
1217 2747 1470 2814 ἐφύλαξε.
1505 2747 1580 2801 Τὸ
1625 2749 1734 2817 γὰρ
1780 2752 1842 2802 ἐκ

1951 2751 2078 2805 tatis
2125 2752 2348 2805 minime
2397 2753 2741 2808 custodiisse.
2794 2751 3072 2820 Siquidem
3110 2767 3178 2805 ex
3228 2766 3444 2818 magno,
3477 2762 3534 2806 et

259 2831 528 2900 μεγάλου,
553 2834 647 2886 καὶ
691 2835 957 2904 μείζονος,
1005 2838 1100 2890 καὶ
1151 2839 1410 2906 μεγίστου
1463 2840 1736 2906 σννιστὸἰν⁴
1774 2840 1847 2910 τὴ

1949 2843 2164 2910 maiori,
2199 2853 2254 2899 et
2308 2845 2569 2908 maximo,
2613 2847 2716 2899 hoc
2745 2853 2848 2898 est.
2884 2860 2948 2898 ex
2982 2843 3186 2910 Spiritu
3233 2854 3444 2898 sancto.
3479 2849 3533 2896 et

256 2924 490 2991 Τριάδα,
530 2924 720 2998 ὥσπερ
767 2928 828 2994 ἐξ
857 2929 1035 2998 αὐγῆς
1075 2929 1170 2983 καὶ
1226 2931 1445 2992 ἀκτῖνος
1485 2934 1579 2984 καὶ
1657 2930 1844 2984 Ἠλίου

1945 2934 2121 2999 Filio,
2183 2943 2239 2988 et
2291 2932 2471 2996 Patre,
2527 2945 2779 3003 tanquam
2817 2948 2880 2988 ex
2916 2932 3225 3001 splendore,
3273 2940 3327 2985 et
3357 2931 3533 2992 radio,

259 3014 362 3066 τοῦ
392 3016 729 3086 Πνεύματος,
761 3019 856 3072 καὶ
887 3019 982 3073 τοῦ
1011 3018 1167 3082 Υἱοῦ.
1193 3022 1288 3074 καὶ
1319 3021 1414 3076 τοῦ
1450 3021 1681 3093 Πατρδς,
1708 3021 1848 3091 ὅπερ

1947 3033 2006 3078 et
2056 3023 2203 3102 sole,
2239 3020 2564 3077 Trinitatem
2599 3023 2933 3077 constituere
2979 3021 3143 3086 (quod
3189 3020 3408 3090 quidem
3465 3020 3523 3074 in

259 3106 454 3174 capth
494 3111 551 3162 ἐν
574 3111 688 3172 τοῖς
716 3111 924 3164 ἐκείνου
961 3112 1270 3179 γέγραπται
1304 3111 1503 3181 λόγοις,
1532 3113 1625 3168 καὶ
1648 3113 1851 3182 κλίμαξ

1951 3113 2096 3168 illius
2131 3113 2283 3168 libris
2314 3122 2500 3183 aperte
2525 3112 2786 3180 scriptum
2827 3111 2954 3179 est).
2994 3111 3213 3166 deitatis
3249 3110 3395 3165 scala
3421 3118 3526 3176 est,

255 3197 385 3250 δστὶ
441 3198 705 3267 Θεότητος
745 3201 844 3255 οὐκ
903 3204 984 3266 εἰς
1041 3205 1266 3274 οὐρανὸν
1303 3206 1603 3274 ἀνάγουσα,
1637 3206 1755 3259 ἀλλ’
1791 3205 1851 3272 ἐξ

255 3289 494 3319 μ’.--ηηπ
520 3293 832 3319 ..--Ι..--..-..
896 3293 1092 3319 οη..-ι·-
1125 3295 1176 3319 ιιι
1208 3295 1340 3319 Δ,ὶ-.
1382 3295 1724 3319 ----.-ο.--------.
1758 3296 1846 3319 ,ιη

1951 3219 2063 3264 non
2118 3205 2172 3258 in
2217 3204 2412 3259 caelum
2459 3203 2811 3266 subvehens,
2844 3203 2939 3258 sed
2987 3217 3019 3258 e
3058 3203 3199 3258 coelo
3244 3201 3529 3270 dejiciens.

1962 3299 2017 3319 ιι
2053 3311 2147 3319 ..--
2185 3295 2348 3319 ἢμη--
2390 3297 2600 3319 ---2-1-..
2630 3295 2842 3319 ἢ.-ι..-...
2883 3308 2930 3319 Αι
2959 3295 3155 3319 nale--.—
3187 3303 3232 3319 ..ι
3265 3295 3529 3319 5-2-2....-

253 3289 495 3360 οὐρανοῦ
520 3293 854 3360 κατάγουσα,
896 3293 1092 3363 Ἡμεῖς
1121 3295 1177 3348 δὲ
1208 3295 1341 3349 Θεὸν
1381 3295 1725 3367 γινώσκομεν
1756 3296 1848 3350 τὸν

1951 3299 2020 3352 At
2051 3311 2150 3351 nos
2185 3295 2350 3352 Deum
2385 3297 2604 3362 quidem
2629 3295 2848 3352 Patrem
2879 3308 2936 3351 et
2959 3295 3158 3350 Filium
3183 3303 3237 3351 et
3265 3295 3532 3364 Spiritum

255 3380 509 3451 Πατέρα,
533 3384 626 3436 καὶ
646 3383 737 3436 τὸν
758 3383 908 3448 Υίδν,
935 3385 1030 3438 καὶ
1061 3384 1122 3438 τὸ
1163 3385 1318 3453 ἅγιον
1359 3383 1608 3453 Πνεῦμα.
1665 3385 1850 3439 Ταῦτα

1949 3397 2200 3449 sanctum
2235 3389 2622 3459 agnoscimus:
2677 3389 2794 3442 hinc
2851 3397 3034 3443 autem
3085 3403 3190 3442 non
3231 3387 3378 3442 nuda
3425 3401 3533 3440 no-

255 3475 321 3528 ὂὲ
354 3475 642 3544 ούκλήσεις
676 3477 835 3545 ψιλάς
869 3477 1173 3547 τεμνούσας
1221 3477 1570 3549 ἀξιωμάτων,
1605 3478 1638 3548 ἢ
1692 3479 1851 3533 δυνά-

1949 3480 2118 3542 mina,
2158 3478 2404 3548 dispares
2449 3479 2744 3550 dignitates
2790 3489 2882 3534 aut
2927 3480 3198 3548 potentias
3245 3479 3485 3536 sccantia
3514 3517 3535 3543 ,

261 3580 415 3632 μεων
444 3565 788 3634 ἀνισότητας,
814 3566 950 3622 ἀλλά
979 3567 1110 3636 μίαν
1141 3570 1235 3621 καὶ
1278 3567 1378 3637 τὴν
1425 3567 1597 3635 αὐτὴν
1659 3567 1848 3639 ὥσπερ

1949 3572 2044 3626 sed
2077 3585 2238 3625 unam
2261 3571 2640 3641 eamdemque,
2672 3580 2730 3625 ut
2758 3571 3199 3641 appellationem,
3223 3573 3296 3627 ita
3327 3569 3533 3627 divini-

257 3657 664 3728 προσηγορίαν,
687 3658 829 3713 οὕτω
856 3663 950 3715 καὶ
981 3661 1250 3732 Θεότητος
1282 3661 1444 3731 φύσιν
1468 3699 1484 3726 ,
1517 3662 1612 3716 καὶ
1658 3662 1850 3716 οὐσίαν

1674 3662 1850 3716 δῦσίαν
1950 3662 2077 3718 tatis
2107 3670 2381 3726 naturam,
2417 3671 2472 3717 et
2506 3663 2819 3729 essentiam,
2857 3677 2921 3717 ac
2959 3664 3281 3733 potentiam.

257 3748 365 3800 καὶ
396 3747 648 3819 δύναμιν.

263 3843 384 3897 Τοῦ
409 3843 598 3897 αὑτοῦ
623 3844 693 3898 ἐκ
721 3845 832 3915 τῆς
867 3845 1020 3914 πρὸς
1037 3847 1158 3970 ἱόν
1193 3846 1381 3902 αὐτὸν
1403 3847 1689 3916 δευτέρας
1719 3848 1846 3902 ἐπει

920 3933 1035 3970 στο
1081 3935 1171 3970 nc.

1719 3848 1846 3902 timo
2125 3837 2376 3907 Ejusdem
2401 3853 2465 3892 ex
2490 3837 2662 3892 altera
2694 3836 2763 3891 ad
2783 3834 3021 3890 eumdem
3049 3833 3311 3903 Epistola.

920 3933 1171 3972 στολης.

920 3935 1074 3970 στου(
1157 3957 1171 3972 .

335 3997 498 4059 Οὗτοι
527 4007 638 4078 γὰρ
657 4009 822 4078 ἡνίκα
870 4010 970 4078 μὶν
1000 4009 1068 4065 ἃν
1239 4009 1485 4081 γνησίοις
1530 4009 1710 4064 αὐτῶν
1741 4027 1851 4079 μα-

2019 4012 2113 4068 lsti
2146 4012 2314 4076 enim,
2351 4027 2476 4067 cum
2506 4011 2652 4083 apud
2686 4011 2823 4066 tldos
2860 4025 2990 4066 suos
3013 4009 3312 4078 discipulos
3349 4017 3404 4065 et
3430 4025 3528 4064 ar-

261 4098 482 4166 θηταῖς,
514 4099 609 4151 καὶ
664 4100 898 4169 μύσταις
939 4101 1049 4155 τῶν
1095 4102 1429 4174 ἀπορρήτων
1492 4102 1842 4170 θεολογῶσιν,

1950 4116 2210 4158 canorum
2239 4101 2512 4169 conscios,
2553 4098 3012 4172 quemadmodum
3041 4099 3346 4162 Manichaai,
3379 4099 3523 4169 apud

261 4188 462 4257 ὥσπερ
491 4191 540 4243 oi
572 4193 863 4262 Μανιχαῖοι
892 4193 1006 4256 τοῖς
1041 4193 1322 4256 ἐκλεκτοῖς
1343 4192 1692 4262 λεγομένοις,
1717 4191 1850 4260 ὃλην

1947 4209 2044 4250 eos
2076 4208 2215 4263 quos
2236 4193 2441 4249 electos
2474 4200 2694 4256 vocant,
2722 4192 2788 4247 de
2811 4191 3089 4248 divinitate
3111 4190 3414 4262 disputant,
3441 4200 3524 4245 to-

259 4285 368 4356 τῆν
425 4284 581 4337 νόσον
639 4283 820 4338 αὐτῶν
877 4281 1342 4350 ἐκκαλύπτοντες,
1385 4283 1542 4352 μόλις
1603 4285 1697 4338 καὶ
1751 4283 1851 4355 τὴν

1951 4291 2066 4339 tum
2114 4300 2274 4340 suum
2329 4284 2582 4340 morbum
2628 4284 2964 4357 detegentes,
2992 4283 3076 4338 vix
3118 4283 3280 4338 etiam
3309 4295 3530 4337 carnem

265 4379 451 4446 σάρκα
492 4377 571 4448 τῷ
617 4377 836 4448 Σωτῆρι
885 4376 1144 4431 διδόασιν.
1176 4377 1348 4431 Ὅταν
1398 4377 1454 4430 δὲ
1487 4379 1610 4439 ταῖς
1643 4377 1849 4438 κοιναῖς

1953 4375 2226 4430 Salvatori
2283 4375 2549 4432 tribuunt.
2580 4375 2715 4432 Cum
2771 4385 2951 4431 autem
3006 4373 3390 4429 communibus
3442 4372 3517 4427 de

265 4467 572 4538 ὑπολήψεσι
612 4469 744 4540 περὶ
785 4469 887 4532 τῆς
936 4468 1520 4540 ἑνανθρωπήσεως,ἀς
1568 4470 1601 4538 ἠ
1658 4467 1849 4540 Γραφῆ

1952 4467 2307 4522 humanitatis
2335 4467 2711 4537 assumptione
2736 4467 3046 4528 sententiis,
3082 4479 3216 4534 quas
3243 4463 3532 4534 Scriptura

267 4560 622 4633 παρίστησιν,
666 4562 998 4634 ἐλέγχωνται
1064 4563 1160 4615 καὶ
1204 4561 1525 4626 πιέζωνται,
1580 4561 1681 4623 τὰς
1747 4561 1850 4631 μὲν

1953 4558 2198 4624 exhibet,
2229 4559 2634 4614 convincuntur
2677 4572 2740 4612 ac
2771 4567 3117 4627 premuntur,
3159 4556 3280 4625 pias
3311 4555 3534 4625 quidem

266 4652 516 4714 εὐσεϐεῖς
561 4651 734 4716 λέξεις
776 4651 1128 4722 ὁμολογοῦσι,
1159 4654 1287 4724 περὶ
1332 4651 1389 4704 δὲ
1435 4652 1526 4705 τὸν
1573 4651 1698 4704 νοῦν
1747 4668 1847 4704 κα-

1953 4651 2220 4708 dictiones
2248 4648 2600 4715 confitentur,
2641 4665 2832 4705 verum
2865 4651 3015 4704 circa
3042 4662 3264 4702 sensum
3287 4655 3344 4700 et
3370 4645 3533 4699 intel-

267 4741 621 4812 κουργοῦσιν,
677 4742 778 4795 οὐκ
821 4742 1028 4813 ἄψυχον
1080 4744 1202 4813 μὲν,
1265 4742 1388 4796 οὐδὲ
1447 4742 1667 4809 ἄλογον,
1725 4741 1847 4794 οὐδὲ

1955 4741 2230 4813 ligentiam
2260 4742 2417 4798 dolos
2461 4752 2708 4810 nectunt,
2767 4757 2874 4796 non
2923 4739 3144 4808 quidem
3188 4736 3400 4799 ani-ue,
3434 4749 3536 4789 nec

268 4832 454 4895 ἄνουν,
477 4834 597 4886 οὐδὲ
627 4833 792 4904 ἀτελῆ
813 4833 1204 4904 ὁμολογοῦντες
1230 4835 1320 4888 τιν
1344 4833 1654 4906 ἄνθρωπον,
1671 4833 1850 4904 ψυχὴν

1957 4835 2186 4890 rationis
2211 4849 2274 4889 ac
2315 4837 2516 4889 mentis
2547 4843 2822 4903 expertem
2856 4847 2958 4886 nec
3003 4827 3378 4899 imperfectum
3438 4825 3534 4880 bo-

268 4924 328 4978 δὲ
366 4925 458 4978 καὶ
503 4925 682 4994 λόγον,
714 4926 809 4980 καὶ
840 4927 986 4992 νοῦν,
1019 4926 1190 4997 αὐτὴν
1227 4927 1546 4994 εἰσάγοντες
1579 4924 1680 4996 τὴν
1733 4923 1852 4977 θεό-

1951 4926 2152 4980 minem
2200 4924 2562 4980 conﬁtentes:
2620 4931 2874 4978 ctcterum
2937 4919 3156 4984 animat,
3201 4925 3257 4971 et
3284 4915 3535 4980 rationis,

275 5035 434 5088 τητα,
457 5019 532 5082 ὡς
565 5021 738 5090 αὐτῆς
772 5023 838 5092 τῇ
871 5021 1036 5090 σαρκὶ
1069 5019 1474 5090 συγκραθείσης
1509 5018 1703 5089 μόνης,
1729 5015 1848 5072 ἀλλ’

1951 5032 2015 5072 ac
2037 5017 2236 5072 mentis
2253 5016 2372 5072 loco
2395 5015 2736 5072 divinitatem
2762 5012 3102 5076 indecentes,
3121 5009 3356 5081 perinde
3373 5019 3535 5078 atque

267 5112 396 5182 οὐχὶ
433 5113 526 5165 καὶ
555 5113 664 5164 τῶν
697 5113 984 5184 ἡμετέρων
1018 5111 1113 5166 καὶ
1153 5111 1533 5182 ἀνθρωπίνων,
1562 5113 1611 5164 εί
1661 5114 1758 5164 καὶ
1790 5111 1853 5165 τὸ

1951 5109 2069 5179 ipsa
2100 5110 2214 5164 sola
2244 5125 2366 5164 cum
2399 5122 2562 5164 carne
2582 5114 2882 5178 temperata
2928 5113 2982 5162 et
3037 5105 3292 5176 copulata
3343 5104 3534 5169 fuerit,

267 5205 664 5276 ἀναμάρτητον
704 5209 950 5276 κρεῖττον
1001 5207 1035 5275 ἢ
1091 5204 1216 5260 καθ’
1267 5205 1416 5274 ἡμᾶς
1463 5200 1558 5276 ἦν,
1603 5207 1700 5259 καὶ
1743 5205 1852 5258 τῶν

1951 5208 2008 5253 at
2043 5214 2152 5253 non
2183 5199 2345 5254 etiam
2380 5199 2633 5253 humana:
2685 5207 2884 5252 nostra:
2916 5211 3006 5253 res
3040 5203 3094 5250 et
3125 5195 3488 5267 proprietates
3515 5209 3533 5258 ;

269 5299 562 5370 ἡμετέρων
589 5301 778 5353 παθῶν
803 5299 1126 5371 καθάρσιον.

1958 5287 2173 5343 etiamsi
2209 5288 2283 5343 illi
2317 5289 2386 5344 ab
2417 5290 2565 5345 omni
2603 5298 2830 5361 peccato
2873 5289 3083 5360 puritas
3123 5287 3359 5341 humana
3402 5295 3535 5336 con-

1957 5377 2166 5434 ditione
2215 5379 2500 5435 sublimior
2527 5387 2692 5448 esset,
2745 5394 2809 5434 ac
2853 5380 3172 5434 vitiosarum
3224 5381 3537 5428 nostrarum

1959 5469 2036 5524 ali
2039 5472 2314 5527 actionum
2344 5472 2634 5542 cxpiatrix.

352 5568 508 5622 Οὖτω
538 5566 672 5636 γοῦν
699 5565 795 5620 καὶ
828 5565 910 5632 τὸ,
947 5562 1148 5632 Ἡμεῖς
1171 5561 1239 5615 δὲ
1261 5563 1414 5614 νοῦν
1442 5557 1702 5629 Χριστοῦ
1725 5559 1858 5614 ἐκο-

2032 5563 2124 5619 Sic
2172 5564 2374 5634 quippe
2423 5565 2556 5621 illud
2605 5578 2861 5635 quoque,
2934 5559 3038 5616 Nos
3091 5568 3267 5612 autem
3313 5565 3553 5609 mentem:

274 5681 410 5734 μιν,
468 5659 910 5733 παρεξηγοῦνται
945 5658 1133 5720 κακῶς
1170 5655 1262 5709 καὶ
1301 5655 1427 5708 λίαν
1459 5652 1698 5724 εὐήθως,
1730 5654 1857 5706 νοῦν

1960 5657 2160 5713 Christi
2216 5657 2463 5712 habemus
2485 5657 2532 5722 ',
2582 5671 2748 5728 prave
2797 5669 2862 5708 ac
2902 5666 3163 5726 perquam
3212 5646 3407 5704 stolide
3454 5647 3551 5701 inc.

355 5791 368 5812 ‘
404 5791 524 5840 Act.
559 5799 655 5846 vn,
682 5783 766 5836 14.
837 5781 857 5811 ⁹
888 5778 1028 5832 Psal.
1070 5791 1178 5838 ειν,
1213 5776 1300 5832 18.
1391 5775 1412 5808 ³
1435 5760 1778 5842 Psal,cxu1,
1807 5773 1860 5829 9.

1975 5776 1994 5810 δ
2021 5773 2124 5834 Job
2158 5793 2382 5844 xxxvtn,
2415 5777 2508 5844 3|,
2563 5777 2656 5835 3%.
2723 5775 2746 5809 ⁸
2774 5773 2932 5831 Joan.
2967 5789 3004 5840 ι,
3032 5771 3120 5828 ιι.
3189 5765 3209 5796 ⁶
3253 5766 3297 5826 ll
3321 5768 3446 5824 Cor.
3488 5781 3551 5838 ν,

281 5860 387 5926 ii;
422 5856 542 5913 Gal.
581 5872 667 5922 tu,
707 5854 789 5909 i5.
867 5850 886 5882 "
921 5849 937 5903 l
967 5851 1090 5905 Cor.
1127 5861 1189 5912 tt,
1222 5847 1302 5902 l6.
