4094 6300
634 370 747 437 895

1870 375 2257 437 EUTHYMII
2293 372 2667 436 ZTGABENI‘

3750 374 3833 437 Μ

626 525 1046 587 terpretantur,
1103 514 1490 582 nimirum'per
1518 510 1723 567 Christi
1781 521 2016 566 mentem
2063 513 2201 568 divi-

2307 508 2543 579 Χριστοῦ
2592 508 2693 579 τὴν
2730 507 2960 579 θεότητα
3012 509 3295 579 λέγοντες,
3341 513 3465 586 οὐχ,
3511 515 3639 589 ὅπερ
3683 522 3827 594 ἡμεῖς,

626 610 855 665 nitatem
887 606 1186 677 signiﬁcari
1228 606 1653 669 contendentes;
1687 619 1794 657 non
1841 611 2024 658 autem
2062 606 2207 660 hunc

627 703 807 755 locum
858 714 1012 753 more
1068 706 1259 751 nostro
1294 704 1667 765 exponentes,
1709 711 1903 764 nempe
1948 696 2095 766 quod
2148 698 2205 761 ii,

625 793 718 861 qui
755 798 989 845 mentem
1026 804 1180 844 suam
1214 788 1279 842 ad
1305 788 1451 842 illius
1486 788 1719 847 tuentis.
1758 803 1921 857 quam
1957 786 2209 843 Salvator

626 896 728 951 pro
802 879 963 932 nobis
1022 878 1369 945 assumpsit,
1440 877 1800 931 imitationem
1877 888 2206 947 purgarunt,

626 977 790 1037 atque
818 967 882 1019 ad
911 982 1054 1028 eam,
1085 975 1347 1034 quantum
1376 964 1491 1019 ﬁeri
1518 966 1720 1034 potest,
1753 976 2207 1036 composuerunt,

625 1064 863 1109 mentem
896 1044 1099 1109 Christi
1160 1055 1359 1109 habere
1408 1055 1705 1109 dicuntur:
1741 1056 2204 1124 quemadmodum

625 1157 680 1201 et
710 1147 786 1200 illi
819 1162 1041 1200 carnem
1074 1146 1278 1201 Christi
1306 1146 1510 1201 habere
1542 1147 1648 1201 dici
1686 1156 1931 1217 possent,
1965 1149 2056 1217 qui
2087 1164 2204 1202 car—

625 1251 748 1291 nem
788 1237 1161 1297 domuerunt,
1212 1244 1376 1303 atque
1434 1236 1535 1289 hac
1576 1237 1787 1290 ratione
1846 1251 2206 1306 concorporet

625 1336 679 1381 et
718 1328 1143 1397 comparticipes
1176 1327 1384 1380 Christi
1438 1325 1565 1381 facti
1622 1336 1752 1381 sunt
1822 1330 1865 1392 ⁸,
1909 1336 1997 1390 et,
2056 1328 2207 1382 Sicut

623 1422 950 1490 portavimus
980 1420 1263 1487 imaginem
1304 1420 1525 1484 terreni,
1558 1420 1633 1471 ita
1654 1458 1668 1481 ,
1712 1420 1891 1488 inquit
1937 1426 1989 1485 ²,
2022 1430 2207 1489 porta-

628 1514 797 1566 bimus
832 1515 1113 1581 imaginem
1162 1519 1210 1563 et
1242 1510 1485 1564 caelestis.
1531 1510 1734 1567 Eodem
1780 1526 2000 1582 quoque
2044 1514 2209 1569 modo

626 1604 762 1673 ipsis
791 1602 1065 1672 perfectus
1100 1602 1298 1667 homo,
1346 1616 1453 1655 non
1495 1603 1589 1674 qui
1619 1603 1766 1657 omni
1800 1619 1871 1658 ex
1914 1612 2071 1674 parte
2118 1621 2207 1662 res

626 1704 875 1760 nostras,
906 1703 1137 1763 excepto
1170 1703 1398 1763 peccato
1425 1737 1439 1760 ,
1482 1704 1745 1764 expertus
1775 1703 1860 1750 est
1882 1735 1898 1758 ,
1946 1697 2040 1752 sed
2072 1696 2207 1751 illud

626 1804 691 1841 ex
734 1787 843 1841 Deo
896 1798 949 1841 et
1002 1801 1168 1841 carne
1216 1796 1705 1856 temperamentum
1747 1803 1870 1843 esse
1923 1791 2204 1845 statuitur.
2241 1813 2285 1868 Β

626 1876 739 1930 Hoc
770 1876 937 1938 enim,
967 1876 1139 1939 aiunt,
1178 1877 1305 1944 quid
1346 1876 1685 1945 perfectius?

616 2004 623 2010 .
698 1965 841 2019 ldem
888 1976 1067 2021 autem
1102 1967 1264 2021 etiam
1320 1967 1468 2022 circa
1522 1967 1989 2038 ὲνανθρωπήσεως
2019 1984 2207 2025 vocem

628 2058 877 2127 improbe
931 2073 996 2111 ac
1034 2066 1255 2113 versute
1295 2066 1606 2129 usurpant,
1654 2060 1756 2114 hoc
1790 2061 2014 2114 verbum
2049 2063 2207 2131 ἐνην-

628 2148 917 2219 θρώπησεν
942 2164 1051 2203 non
1083 2148 1158 2201 ita
1197 2149 1569 2217 explicantes,
1612 2159 1671 2203 ut
1704 2150 1845 2204 idem
1888 2153 1958 2206 sit
1979 2192 2005 2216 ,ς
2040 2153 2208 2221 quod,

626 2240 682 2294 in
719 2239 971 2302 homine,
1004 2255 1165 2309 quem
1205 2241 1309 2293 sibi
1343 2240 1444 2309 ipsi
1470 2241 1656 2305 aﬂixit,
1684 2243 1922 2306 exstitit,
1947 2245 2105 2311 juxta
2155 2244 2206 2298 id

627 2333 770 2401 quod
797 2334 872 2385 ait
908 2332 1213 2401 Scriptura,
1248 2331 1367 2400 Ipse
1401 2334 1541 2386 enim
1571 2334 1767 2388 sciebat
1816 2337 1940 2404 quid
1980 2346 2116 2391 esset
2153 2338 2210 2390 in

626 2424 833 2477 homine
890 2430 948 2490 ³;
983 2439 1172 2477 verum
1210 2423 1351 2476 idem
1383 2440 1505 2478 esse
1541 2426 1788 2481 dicentes
1833 2438 1884 2482 et
1924 2429 2206 2495 docentes,

626 2517 803 2585 quod,
862 2530 985 2569 cum
1038 2515 1355 2570 hominibus
1396 2518 1847 2573 consuetudinem
1906 2520 2097 2575 habuit
2143 2537 2208 2576 ac

624 2620 877 2663 versatus
925 2615 1042 2671 est,
1098 2616 1263 2678 atque
1316 2608 1382 2661 ad
1423 2608 1540 2663 hate
1581 2611 1742 2664 verba
1783 2611 2203 2681 confugientes:

625 2699 760 2755 Post
815 2699 910 2752 hoc
942 2701 994 2753 in
1042 2709 1182 2753 terra
1212 2702 1352 2754 visus
1378 2710 1477 2765 est,
1528 2712 1576 2755 et
1620 2719 1736 2755 cum
1766 2704 2061 2759 hominibus
2092 2723 2209 2762 con-

625 2802 862 2846 versatus
894 2801 970 2845 est
1021 2794 1062 2846 ’⁵.
1096 2790 1234 2857 Quid
1277 2799 1457 2845 autem
1509 2792 1716 2847 diutius
1758 2796 2027 2863 quispiam
2074 2812 2206 2852 con-

624 2884 829 2939 certet?
866 2883 1008 2939 Sane
1055 2884 1184 2938 dum
1243 2885 1518 2937 hmninem
1555 2891 1717 2953 atque
1748 2885 2018 2939 internam
2072 2888 2208 2941 ima-

626 2974 805 3043 ginem
832 2974 1178 3040 submovent,
1212 2973 1263 3027 id
1296 2974 1560 3026 duntaxat
1596 2976 1793 3038 nostri,
1824 2974 1971 3044 quod
2001 2976 2208 3037 deforis

625 3072 732 3129 est,
766 3080 862 3133 per
891 3078 1088 3118 novam
1136 3065 1279 3117 hanc
1311 3063 1516 3116 larvam
1542 3102 1554 3125 ,
1592 3073 1643 3114 et
1664 3064 2051 3131 aspectabilem
2084 3081 2199 3136 spe-

2305 599 2801 669 ὐπολαμδάνοντες,
2838 602 2920 653 ὅτι
2949 603 2996 654 οἱ
3022 602 3113 655 τὸν
3141 603 3348 657 ἑαυτῶν
3384 606 3510 660 νοῦν
3542 611 3831 684 καθήραντες

2308 690 2539 760 μιμήσει
2589 691 2683 744 τοῦ
2729 691 2848 753 νοὸς
2898 693 3147 756 ἐκείνου,
3200 697 3368 766 ὅνπερ
3406 698 3563 769 ἡμῶν
3615 704 3640 754 ὀ
3682 707 3830 780 Σωτὴρ

2303 781 2610 847 ἀνεδέξατο,
2647 784 2741 837 καὶ
2776 784 2913 854 πρὸς
2942 786 3105 838 αὐτὸν
3137 787 3511 858 ῥυθμίζοντες,
3537 793 3606 857 ὡς
3636 797 3830 864 ἐφικτὸν,

2303 866 2447 924 οὗτοι
2482 874 2605 926 νοῦν
2634 876 2874 943 Χριστοῦ
2920 875 3066 946 ἔχειν
3119 878 3364 947 λέγονται
3386 897 3399 909 ⁸
3449 883 3524 945 ὼς
3567 888 3652 939 καὶ
3695 890 3831 961 σάρκα

2305 964 2542 1032 Χριστοῦ
2604 968 3005 1039 μαρτυρηθεῖεν
3063 971 3129 1024 ἂν
3202 971 3348 1042 ἔχειν
3408 974 3603 1028 ἐκεῖνοι
3658 980 3701 1032 οἱ
3757 984 3831 1053 τὴν

2305 1056 2485 1127 σάρκα
2679 1059 3238 1133 παιδαγωγήσαντες,
3305 1066 3401 1118 καὶ
3453 1066 3711 1139 σύσσωμοι
3762 1076 3833 1128 καὶ

2302 1147 2639 1219 συμμέτοχοι
2692 1151 2933 1220 Χριστοῦ
2977 1155 3119 1207 κατὰ
3166 1153 3326 1208 τοῦτο
3377 1158 3687 1228 γενόμενοι·
3733 1166 3832 1227 καὶ,

2316 1239 2416 1305 Ὣς
2463 1241 2843 1311 ἐφορέσαμεν
2883 1243 3000 1313 τὴν
3032 1249 3237 1300 εἰκόνα
3283 1249 3392 1303 τοῦ
3431 1253 3659 1319 χοϊκοῦ,
3697 1256 3831 1321 οὕτω,

2302 1332 2473 1399 φησιν,
2522 1333 2863 1402 φορέσομεν
3040 1338 3139 1390 καὶ
3189 1339 3305 1403 τὴν
3349 1342 3459 1396 τοῦ
3507 1343 3831 1411 ἐπαφανίου.

2303 1420 2459 1474 Οὕτω
2491 1422 2548 1474 δὲ
2588 1425 2682 1476 καὶ
2708 1425 2912 1491 τέλειος
2946 1427 3131 1492 αὐτοῖς
3166 1430 3474 1503 ἄνθρωπος,
3508 1435 3602 1505 οὐχ
3626 1437 3653 1488 ὁ
3686 1455 3835 1491 πεπει-

2306 1512 2575 1582 ρασμένος
2715 1517 2865 1570 κατὰ
2888 1520 3066 1573 πάντα
3092 1520 3162 1574 τὰ
3200 1524 3451 1597 ἡμέτερα
3488 1529 3647 1597 χωρὶς
3690 1531 3832 1602 ἁμαρ-

2305 1606 2442 1666 τάς,
2473 1605 2609 1660 ἀλλά
2638 1608 2699 1661 τὸ
2733 1610 2795 1661 ὲκ
2831 1610 2964 1664 Θεοῦ
2996 1614 3090 1665 καὶ
3124 1616 3327 1685 σαρκὸς
3365 1619 3655 1690 σύγκραμα
3678 1620 3834 1691 δογμα-

2302 1697 2534 1759 τῖζεται.
2663 1700 2864 1754 Τούτου
2886 1702 3016 1775 γὰρ,
3046 1706 3201 1773 φασὶ,
3236 1708 3674 1782 τίτελειότερον;

2372 1959 2446 2012 Τὸ
2497 1960 2543 2013 δ’
2580 1962 2713 2016 αὐτὸ
2766 1966 2860 2018 καὶ
2927 1965 3057 2038 περὶ
3115 1968 3216 2038 τὴν
3271 1970 3374 2040 τῆς
3424 1971 3831 2045 ὲνανθρωπήσεως

2301 2052 2668 2124 κακουργοῦσι
2717 2056 2900 2127 φωνὴν
2935 2094 2952 2121 ,
3098 2060 3157 2112 τὸ
3185 2062 3640 2136 ὲνηνθρώπησεν,
3671 2068 3754 2119 οὐκ
3788 2068 3832 2119 ἐν

2299 2142 2569 2215 ἀνθρώπῳ
2610 2147 2831 2214 γέγονεν
2859 2183 2875 2208 ,
3075 2150 3132 2203 ὃν
3169 2152 3351 2223 ἑαυτῷ
3394 2157 3726 2228 περιέπηξεν,
3763 2159 3831 2225 ἐξ·

2297 2234 2610 2305 ηγούμενοι,
2647 2239 2789 2292 κατὰ
2810 2240 2870 2293 τὸ
2901 2242 3211 2312 εἰρημένον,
3235 2245 3434 2312 Αὐτὸς
3460 2249 3565 2317 γὰρ
3590 2249 3831 2317 ἐγίνωσκε

2297 2326 2354 2377 τί
2395 2322 2475 2396 ἦν
2505 2327 2575 2381 ἐν
2613 2328 2692 2394 τῷ
2738 2331 3062 2399 ἀνθρώπῳ,
3098 2334 3213 2387 ἀλλ’
3253 2338 3565 2409 ἀνθρώποις
3611 2342 3829 2413 ὡμίλησε,

2297 2417 2391 2470 καὶ
2422 2421 2931 2491 συνεπολιτεύσατο,
2968 2426 3217 2495 λέγοντες
3255 2431 3353 2482 καὶ
3393 2431 3730 2497 διδάσκοντες,
3759 2436 3831 2486 καὶ

2298 2507 2433 2579 πρὸς
2464 2510 2679 2581 ἐκείνην
2718 2516 3158 2585 καταφεύγοντες
3184 2519 3283 2590 τὴν
3318 2523 3528 2593 φωνὴν,
3556 2525 3646 2595 τήν
3666 2542 3678 2553 ·
3704 2523 3829 2578 Μετὰ

2293 2601 2470 2655 τοῦτο
2639 2604 2740 2657 ἐπὶ
2771 2604 2879 2675 τῆς
2909 2608 3025 2678 γῆς
3053 2608 3243 2679 ὤφθη,
3274 2612 3380 2665 καὶ
3406 2612 3527 2679 τοῖς
3550 2615 3829 2683 ἀνθρώποις

2293 2695 2711 2766 συνεστράφη,
2748 2698 3033 2766 λέγουσαν.
3086 2702 3199 2755 Καὶ
3238 2702 3291 2755 τί
3340 2704 3407 2757 ἄν
3438 2723 3522 2768 τις
3558 2707 3828 2773 ἀγωνίζοιτο

2294 2785 2385 2838 ἐπὶ
2441 2787 2660 2851 πλεῖον;
2708 2791 2771 2842 Ul
2805 2791 2898 2843 τὸν
2944 2792 3231 2863 ἄνθρωπον
3428 2796 3827 2866 ἀποσκευαζόμε-

2293 2894 2394 2961 νοι,
2427 2878 2522 2931 καὶ
2560 2878 2658 2950 τὴν
2704 2881 2855 2943 ἐντὸς
2890 2882 3074 2937 εἰκόνα
3096 2926 3110 2950 ,
3145 2884 3205 2937 τὸ
3244 2885 3405 2950 ἐκτὸς
3446 2887 3600 2957 ήμῶν
3641 2886 3830 2955 καθαρξο

2293 2967 2443 3032 ζουσι
2471 2970 2632 3039 μόνον
2665 2971 2754 3024 διὰ
2781 2972 2875 3025 τοῦ
2901 2975 3090 3029 καινοῦ
3262 2979 3626 3048 προσωπείου,
3652 2976 3829 3030 καὶτοῦ

2291 3062 2590 3131 ὁρωμένου,
2625 3062 2878 3118 τοσοῦτον
2906 3067 3117 3131 ἑαυτοῖς
3159 3069 3481 3139 μαχόμενοι,
3512 3069 3587 3134 ὡς
3612 3070 3723 3122 ποτὲ
3747 3068 3826 3138 μὲν

625 3155 762 3210 ciem
818 3153 1112 3221 mandant,
1151 3155 1286 3209 adeo
1339 3170 1525 3209 secum
1589 3154 1692 3225 ipsi
1752 3165 2100 3226 pugnantes,
2151 3164 2201 3211 ut

2291 3150 2379 3205 διά
2411 3154 2510 3225 τὴν
2546 3156 2724 3227 σάρκα
2776 3158 2871 3210 καὶ
2898 3158 2965 3211 τὰ
3018 3158 3152 3213 ἄλλα
3203 3160 3427 3230 παχέως
3456 3162 3548 3214 καὶ
3589 3158 3829 3230 σαρκικῶς

626 3246 1021 3314 nunc'quidem
1068 3255 1289 3315 propter
1318 3261 1539 3299 carnem
1586 3256 1781 3301 caetera
1814 3248 1976 3302 etiam
2016 3264 2206 3304 crasso

626 3350 689 3389 ac
724 3338 930 3388 carnali
971 3337 1130 3390 modo
1166 3344 1445 3405 exponant
1492 3336 1642 3407 (hinc
1678 3338 1822 3391 enim
1859 3339 1967 3394 illis
2016 3355 2206 3394 secun-

627 3426 731 3480 dus
763 3423 1081 3479 Judaismus
1126 3426 1401 3491 manavit,
1444 3434 1498 3480 et
1534 3426 1705 3480 delira
1742 3428 1888 3482 mille
1937 3445 2203 3484 annorum

625 3514 682 3567 in
709 3515 962 3584 paradiso
1005 3515 1252 3583 voluptas
1274 3553 1288 3579 ,
1328 3515 1575 3584 illudque
1767 3521 2155 3586 propemodum
2181 3560 2197 3585 ,

623 3621 727 3661 nos
781 3606 969 3658 eadem
1020 3620 1215 3659 rursus
1267 3613 1390 3675 post
1438 3605 1628 3660 eadem
1665 3606 2006 3680 resumere):
2057 3626 2203 3665 nunc

625 3705 807 3753 autem
848 3697 1161 3766 Opinionem
1206 3696 1390 3767 potius
1452 3712 1616 3767 quam
1675 3699 1956 3755 veritatem
2018 3704 2201 3758 carnis

623 3791 918 3855 inducant,
952 3797 1214 3859 tanquam
1256 3788 1393 3843 nihil
1431 3788 1656 3844 humani
1696 3806 1860 3860 passa
1900 3792 2094 3857 fuerit,
2133 3812 2201 3851 ne

622 3898 811 3939 earum
861 3883 1083 3951 quidem
1115 3896 1322 3947 rerum,
1356 3898 1477 3951 qua:
1507 3893 1732 3952 peccato
1774 3894 2000 3950 vacant;
2037 3896 2196 3956 atque

624 3975 689 4028 ad
722 3972 1037 4041 hujusmodi
1091 3971 1362 4042 dogmatis
1397 3971 1904 4041 conﬁrmationem,
1933 3978 2195 4044 apostoli—

622 4080 743 4120 cam
767 4065 1057 4134 quamdam
1091 4078 1278 4118 vocem
1310 4064 1628 4128 adhibeant,
1656 4082 1753 4121 uec
1783 4069 2085 4134 apostolice
2116 4069 2197 4121 in-

620 4158 916 4217 tclleetam,
944 4172 1041 4209 nec
1061 4155 1494 4223 pronuntiatam,
1518 4155 1771 4209 nimirum
1798 4160 1827 4235 ξ
1865 4159 1920 4210 in
1951 4158 2200 4211 similitu-

617 4253 796 4306 dinem
848 4249 1130 4303 hominum
1165 4244 1502 4299 Salvatorem
1534 4241 1736 4296 factum
1772 4256 1913 4311 esse,
1967 4252 2022 4297 et
2090 4242 2190 4297 ha-

615 4344 732 4397 bitu
769 4343 1044 4395 inventum
1079 4346 1136 4390 ut
1181 4335 1495 4389 hominem:
1531 4333 1685 4400 quasi
1736 4333 1823 4387 his
1854 4333 2037 4386 verbis
2078 4346 2189 4385 non

616 4435 851 4489 humana
882 4431 1053 4483 torma
1081 4426 1435 4497 signiﬁcetur,
1472 4424 1566 4477 sed
1597 4423 1755 4478 fallax
1785 4424 2030 4492 quaedam
2063 4438 2190 4493 spe-

616 4525 730 4579 cies
757 4531 813 4576 et
834 4521 1037 4589 opinio.

847 4614 1101 4683 Ejusdem
1135 4628 1198 4666 ea:
1238 4610 1478 4679 Epistola
1511 4612 1579 4663 ad
1607 4607 1940 4662 Nectarium.

686 4710 742 4765 ln
780 4722 969 4762 manus
996 4721 1143 4761 tneas
1175 4704 1363 4758 incidit
1400 4702 1611 4757 libellus
1646 4701 1863 4770 quidam
1920 4696 2193 4768 Apollina-

613 4804 703 4869 rii,
755 4802 806 4854 in
868 4812 973 4867 quo
1029 4812 1147 4866 quae
1212 4795 1559 4863 disputantur
1609 4793 1915 4847 hmreticam
1975 4804 2188 4844 omnem

611 4894 869 4948 exhibent
901 4890 1323 4959 improbitatem.
1352 4887 1521 4957 Negat
1544 4888 1687 4941 enim
1731 4899 1948 4939 carnem
1980 4897 2191 4937 assum-

613 4992 757 5051 ptam
800 4981 869 5034 ab
906 4977 1193 5048 Unigenito
1219 4993 1284 5033 ex
1316 4986 1522 5031 naturas
1556 4984 1753 5031 nostrae
1779 4974 1967 5029 ordine
1990 4986 2181 5027 secun-

614 5076 742 5128 dum
795 5073 1231 5141 dispositionem,
1267 5070 1360 5125 sed
1402 5071 1469 5124 ab
1521 5070 1675 5122 initio
1701 5067 1846 5121 illam
1882 5064 2063 5119 carnis
2095 5079 2189 5117 na-

616 5174 794 5217 turam
839 5161 892 5216 in
944 5160 1079 5214 Filio
1110 5174 1250 5224 esse,
1280 5169 1332 5213 et
1359 5161 1649 5214 absurdam
1681 5158 1837 5212 istam
1882 5155 2187 5224 Opinionem

610 5254 846 5324 quodam
881 5250 1154 5319 Evangelii
1186 5250 1494 5305 testimonio
1523 5264 1686 5319 prave
1716 5247 1989 5303 intellecto
2024 5260 2187 5299 cona—

612 5357 698 5400 tur
729 5344 1086 5415 comprobare
1120 5364 1132 5396 :
1197 5341 1363 5396 Nemo
1421 5344 1581 5403 enim,
1649 5341 1842 5409 inquit,
1875 5340 2107 5394 ascendit
2136 5339 2187 5392 in

614 5439 831 5502 caelum,
864 5438 967 5490 nisi
994 5437 1081 5506 qui
1113 5433 1381 5487 descendit
1414 5438 1477 5485 de
1507 5434 1657 5498 caelo,
1696 5433 1870 5486 Filius
1894 5432 2118 5484 hominis
2142 5430 2184 5484 ‘.

609 5530 689 5582 Ex
712 5531 796 5585 his
830 5529 1055 5597 colligit,
1080 5536 1133 5581 ct
1155 5534 1439 5593 antequam
1461 5525 1832 5589 descenderet,
1871 5522 2064 5576 Filium
2088 5523 2189 5576 ho-

609 5620 773 5675 minis
797 5622 1092 5686 exstitisse,
1119 5630 1175 5674 et
1219 5635 1339 5673 cum
1387 5617 1742 5673 descenderet
1776 5616 2048 5687 propriam
2069 5631 2189 5668 car-

610 5757 697 5881 m‘
723 5756 920 5884 lilghes.
944 5757 1106 5825 "1,6.
1217 5758 1237 5788 '
1267 5758 1285 5813 l
1319 5756 1445 5813 Cor.
1487 5772 1575 5820 XV,
1608 5756 1697 5810 49.

2222 4588 2272 4647 D

1809 5756 1828 5787 ³
1857 5754 2022 5810 toan.
2064 5768 2126 5811 ιι..
2151 5752 2241 5807 25.

2290 3243 2601 3316 ἐξηγεῖσθαι
2646 3247 2929 3318 (ἐντεῦθεν
2984 3251 3091 3320 γὰρ
3143 3251 3330 3315 αὐτοῖς
3369 3254 3397 3305 ὁ
3440 3251 3679 3321 δεύτερος
3721 3252 3824 3303 Ἰου-

2288 3334 2514 3407 δαῖσμὸς
2548 3337 2823 3409 ὥρμηται,
2859 3341 2954 3393 καὶ
2985 3343 3017 3412 ή
3059 3340 3331 3412 χιλιοέτης
3504 3344 3592 3395 καὶ
3618 3340 3825 3413 ληρώδης

2288 3426 2346 3477 ὲν
2374 3426 2452 3497 τῷ
2485 3430 2800 3499 παραδείσῳ
2825 3430 3023 3501 τρυφὴ,
3052 3433 3145 3485 καὶ
3175 3432 3367 3503 σχεδὸν
3400 3435 3460 3488 τὸ
3628 3434 3688 3487 τὰ
3712 3430 3826 3485 αὑτά

2289 3517 2451 3573 πάλιν
2488 3521 2580 3573 ἐπὶ
2610 3524 2723 3585 τοῖς
2750 3522 2933 3585 αὐτοῖς
2970 3524 3379 3596 ἀναλαμϐάνειν
3413 3529 3556 3598 ἡμᾶς
3577 3530 3612 3593 ),
3643 3525 3754 3578 ποτὲ
3778 3522 3821 3575 δὲ

2287 3609 2507 3681 δόκησιν
2535 3613 2734 3684 μᾶλλον
2760 3615 3072 3687 ῆάλήθειαν
3103 3617 3203 3688 τῆς
3243 3619 3449 3691 σαρκὸς
3491 3617 3729 3684 εἰσάγειν,
3762 3612 3821 3674 ὡς

2287 3702 2439 3755 οὐδὲν
2479 3704 2587 3757 τῶν
2613 3706 2897 3777 ἡμετέρων
2932 3707 3233 3779 παθούσης,
3265 3709 3389 3762 οὐδὲ
3426 3710 3522 3761 ὅσα
3557 3708 3647 3777 τῆς
3677 3706 3819 3773 ἁμαρ·

2286 3794 2409 3857 τίας
2449 3797 2594 3851 ἐστὶν
2633 3797 2915 3870 ἐλεύθερα,
2956 3800 3051 3853 καὶ
3096 3801 3403 3872 κεχρῆσθαι
3438 3801 3570 3872 πρὸς
3604 3794 3815 3863 τοῦτοτῇ

2285 3885 2615 3959 ἀποστολικῇ
2671 3892 2820 3959 (ρωνῇ
2847 3928 2861 3952 ,
2911 3891 3012 3943 οὐκ
3058 3891 3437 3954 ἀποοτολικῶς
3483 3889 3751 3959 νοουμένῃ,
3788 3880 3814 3949 ἦ

2284 3972 2575 4050 λεγομένῃ,
2600 3980 2657 4030 ἐν
2680 3979 2987 4050 ὁμοιώματι
3015 3980 3321 4052 ἀνθρώπων
3345 3982 3434 4035 τὸν
3457 3980 3670 4050 Σωτῆρα
3689 3973 3816 4046 ἡμῶν

2283 4068 2643 4135 γεγενῆσθαι,
2688 4068 2782 4121 καὶ
2828 4070 3068 4141 σχήματι
3119 4071 3387 4142 εὑρῆσθαι
3428 4070 3502 4132 ὠς
3551 4066 3813 4137 ἄνθρωπον,

2282 4153 2360 4216 ὡς
2393 4157 2506 4223 οὐχὶ
2554 4157 2646 4209 τοῦ
2692 4160 3033 4231 ἀνθρωπίνου
3082 4162 3255 4224 εἴδους
3311 4164 3369 4214 ὲν
3413 4161 3617 4222 τούτοις
3662 4153 3815 4222 δηλοψ

2296 4241 2500 4312 μένου,
2558 4241 2859 4308 φαντασίας
2913 4241 2970 4295 δέ
3022 4259 3166 4305 τινος
3226 4241 3513 4313 ἀπατηλῆς
3561 4238 3648 4292 καὶ
3692 4231 3815 4301 δοχήε

2296 4349 2454 4395 σεως.

2507 4603 2620 4657 Τοῦ
2669 4602 2856 4656 αὐτοῦ
2885 4600 2955 4655 ἐκ
2998 4602 3108 4671 τῆς
3143 4603 3293 4672 πρὸς
3318 4603 3653 4671 Νεκτάριον.

2385 4695 2536 4763 Ἐμοὶ
2570 4695 2797 4747 πυκτίον
2830 4691 2993 4766 ἦλθεν
3033 4697 3091 4748 ἐν
3116 4697 3272 4766 χερσί
3296 4695 3389 4748 τοῦ
3438 4688 3812 4760 Ἀπολλιναρεουι

2299 4789 2357 4840 ἐν
2382 4780 2424 4854 ᾧ
2453 4786 2521 4839 τὰ
2569 4786 3085 4857 κατασκευαζόμενα
3134 4789 3310 4840 πᾶσαν
3356 4786 3620 4858 αἱρετικὴν
3656 4778 3811 4836 κακίαν

2299 4880 2653 4949 παρέρχεται.
2679 4877 3095 4931 Διαϐεϐαιοῦται
3119 4880 3225 4949 γὰρ
3273 4878 3348 4949 μὴ
3375 4880 3650 4947 ἐπίκτητον
3704 4865 3809 4923 εἶναι

2296 4970 2393 5042 τὴν
2434 4973 2611 5040 σάρκα
2647 4974 2768 5023 κατ’
2801 4973 3112 5042 οἰκονομίαν
3145 4974 3249 5026 ὑπὸ
3267 4974 3360 5026 τοῦ
3387 4968 3682 5042 μονογενοῦς
3708 4957 3808 5017 Υἶοῧ

2292 5062 2732 5133 προσληφθεῖσαν
2802 5064 2895 5117 ἐπὶ
2943 5062 3418 5134 μεταστοιχειὼσει
3484 5062 3577 5131 τῆς
3638 5055 3810 5126 φύσεως

2292 5155 2470 5226 ἡμῶν.
2498 5155 2610 5208 ἀλλ’
2644 5155 2701 5219 ἐξ
2738 5155 2910 5226 ἀρχῆς
2942 5158 2999 5208 ὲν
3030 5155 3106 5224 τῷ
3139 5155 3253 5225 rte
3291 5155 3391 5226 τὴν
3427 5150 3658 5225 σαρκώδη
3695 5142 3809 5198 ἐκεί·

2290 5266 2386 5319 νην
2435 5248 2595 5315 φύσιν
2641 5244 2799 5312 εἶναι,
2833 5247 2928 5300 καὶ
2980 5246 3165 5309 κακῶς
3216 5246 3458 5300 ἐκλαϐὼν
3492 5235 3803 5311 εὐαγγελικήν

2290 5359 2413 5396 τινα
2464 5343 2620 5415 ῥῆσιν
2674 5343 2753 5405 εἰς
2813 5343 3115 5412 μαρτυρίαν
3157 5343 3258 5412 τῆς
3308 5340 3552 5411 τοιαύτης
3597 5331 3800 5392 arctius:

2292 5430 2651 5501 προϐάλλεται
2673 5430 2865 5498 λέγων,
2889 5431 2971 5484 ὅτι
3006 5448 3025 5482 ι
3068 5430 3255 5495 Οὐδεὶς
3295 5428 3612 5496 ἀναὸἑόηκεν
3632 5424 3699 5484 εἰς
3730 5416 3801 5469 τὸν

2290 5522 2516 5595 οὐρανὸν
2577 5522 2727 5593 εἰμὴ
2774 5525 2801 5576 ό
2851 5525 2916 5577 ἐκ
2967 5522 3060 5577 τοῦ
3100 5522 3329 5594 ούρανοῦ
3384 5518 3623 5580 καταϐὰς,
3649 5515 3671 5567 ό
3701 5507 3800 5569 Υιδς

2292 5616 2384 5668 τοῦ
2417 5615 2705 5686 ἀνθρώπου
2733 5628 2750 5647 ο
2788 5636 2806 5668 ι
2844 5616 2919 5679 ὡς
2946 5619 3039 5669 καὶ
3070 5619 3199 5688 πρὶν
3253 5616 3346 5671 τοῦ
3392 5611 3645 5668 κατελθεῖν
3670 5599 3795 5656 αὑτὸν

3622 5746 3639 5776 ⁸
3663 5740 3788 5796 imo.

2356 5750 2636 5811 ‘Bu'uch.
2691 5769 2772 5820 ιιι,
2819 5753 2907 5808 58.
3022 5755 3043 5786 ⁸
3088 5754 3316 5823 Philipp.
3374 5769 3427 5816 ιι,
3475 5754 3523 5805 7.
