4094 6300
551 338 666 403 963
1806 328 2199 394 EUTHYMII
2226 329 2592 392 ZlGABENI
3730 330 3831 395 931

558 448 858 520 perfectum
926 455 1273 517 augmentum
1345 444 1524 500 varias
1555 450 1743 498 aetates
1808 443 2018 506 induat,
2084 450 2143 495 ut

2264 441 2514 511 ἰυομένην
2573 441 2673 503 τὰς
2728 441 2968 510 ήλικίας,
3014 441 3102 494 ἵνα
3149 442 3219 494 τᾶι
3272 440 3434 494 λοιπὰ
3482 442 3581 511 τῆς
3628 445 3833 512 τροπῆς

556 541 795 609 reliquas
822 541 1146 593 mutationes
1182 536 1539 593 omittamus.
1574 534 1754 602 Atque
1784 535 2145 602 itasequetur

2264 535 2524 604 εὰσωμεν,
2555 535 2649 587 καὶ
2670 533 2815 587 οὕτω
2841 534 3036 603 ψευδὲς
3057 534 3178 588 κατ’
3197 535 3362 588 αὑτὸν
3396 535 3734 606 δειχθήσεται
3777 540 3837 588 τ’)

560 642 619 684 ut
678 630 875 685 falsum
903 632 978 685 sit
1001 628 1381 698 ‘Evangellum,
1414 639 1469 683 et
1499 627 1675 680 inanis
1708 626 2042 694 praedicatio,
2091 634 2147 678 et

2264 626 2600 694 Εὐαγγέλιον,
2654 628 2750 678 καὶ
2814 627 2970 679 κενὸν
3017 628 3077 680 τὸ
3115 630 3409 697 κήρυγμα,
3441 630 3538 680 καὶ
3562 630 3765 696 ματαία
3800 632 3835 698 ή

558 722 719 775 stulta
771 721 923 773 tides.
976 718 1439 787 Quemadmodum
1508 716 1671 778 igitur
1725 728 1944 768 carnem
1993 727 2148 766 assu-

2264 721 2457 782 ιτίστις.
2512 721 2651 773 Ἀλλ’
2682 720 2872 789 ὥσπερ
2892 722 2954 773 ὲν
3003 723 3167 790 σαρκὶ
3219 724 3510 789 γενόμενος
3538 722 3639 774 οὐκ
3674 723 3837 790 ἐτρά-

568 825 723 864 mens
750 820 989 863 mutatus
1022 825 1126 863 non
1162 819 1264 874 est,
1297 810 1376 864 sic
1397 815 1641 862 tuentem
1694 804 1997 870 suscipiens
2039 816 2146 856 nou

2264 828 2350 880 [τη.
2383 809 2554 873 οὕτως
2587 811 2708 864 οὐδὲ
2737 811 2830 864 τὸν
2853 810 2979 865 νοῦν
3002 812 3452 883 παραδεξάμενος
3474 813 3765 885 ἠλλοιώθη.

559 912 643 955 est
673 902 1013 957 immutatus.

1059 1016 1145 1069 Ea:
1176 1018 1359 1068 cadent
1388 1014 1648 1067 oratione.

632 1109 690 1164 Si
721 1110 914 1164 divina:
943 1109 1295 1163 humanitatis
1316 1103 1672 1174 assumptioni
1696 1111 1931 1156 mentem
1970 1101 2148 1154 fuisse

550 1213 715 1273 putat
775 1203 1188 1272 impedimento,
1245 1198 1584 1255 etlihentins
1617 1211 1739 1250 eam
1801 1195 1919 1249 sine
1970 1202 2151 1248 mente

554 1298 729 1351 Deum
756 1298 1035 1350 existimat
1071 1293 1456 1361 assumpsisse,
1489 1304 1616 1358 ergo
1657 1288 1775 1343 sine
1819 1294 1998 1341 mente
2024 1299 2145 1341 esse

550 1388 774 1442 beatius
807 1387 1123 1441 arbitratur.

1059 1498 1146 1551 Ex
1173 1499 1355 1551 eadem
1384 1496 1650 1549 oratione.

632 1592 769 1648 Utra
800 1592 969 1661 magis
1015 1592 1255 1661 prepria,
1314 1606 1432 1657 qin
1468 1587 1575 1641 Deo
1602 1585 2153 1656 conjungere1ur,in—

555 1695 863 1756 ‘veuta'esl,
896 1700 1151 1740 crassane
1187 1694 1511 1750 terrenaque
1546 1694 1694 1745 caro,
1723 1695 1791 1732 an
1827 1693 1998 1741 mens,
2035 1690 2155 1744 (1032

556 1793 669 1833 nec
699 1786 898 1832 tactum
947 1792 1046 1832 nec
1081 1777 1305 1847 ﬁguram
1341 1773 1573 1829 admittit
1603 1771 1627 1827 ?

1027 1893 1112 1947 Eo:
1162 1891 1343 1946 eadem
1399 1892 1661 1945 oratione.
1938 1947 1947 1953 ,

647 1989 702 2045 Si
738 2004 835 2044 nos
868 1986 1117 2042 homines
1142 2000 1351 2046 sumus,
1379 1984 1495 2038 ovis
1523 1983 1612 2036 illa
1643 1996 1763 2052 quae
1782 1981 2159 2044 aberraserat,

558 2095 626 2140 -et
649 2083 695 2136 is
716 2078 1196 2151 quieaminvcnil,
1220 2086 1303 2132 est
1329 2074 1500 2131 Filius
1539 2076 1673 2141 Dei;
1706 2074 1960 2143 quoniam
1992 2083 2159 2129 totam

562 2173 806 2240 reduxit,
844 2181 1009 2226 totam
1044 2170 1209 2223 etiam
1240 2166 1556 2237 assumpsit.
1586 2165 1693 2220 Nec
1721 2164 1867 2234 quod
1906 2166 2046 2218 intra
2100 2164 2160 2218 il-

564 2266 683 2320 lam
711 2274 850 2328 erat,
900 2264 1139 2333 reliquit,
1182 2260 1324 2331 quod
1356 2269 1535 2313 autem
1588 2257 1722 2311 foris
1770 2256 2026 2325 gestavit,
2079 2257 2156 2322 id,

566 2358 720 2427 quod
778 2356 891 2411 vult
946 2353 1263 2426 Apollinarii
1299 2352 1591 2408 dementia.
1623 2349 1777 2414 Quod
1819 2360 1996 2403 autem
2038 2362 2160 2416 pas-

579 2449 715 2502 toris
746 2447 985 2501 humeris
1036 2453 1344 2515 gestatum,
1378 2447 1482 2496 hoc
1533 2450 1643 2506 est,
1703 2437 1914 2493 Domini
1955 2437 2160 2491 Divini-

565 2541 672 2595 -tati
698 2539 999 2594 adhibitum
1037 2549 1141 2604 est,
1194 2538 1248 2592 id
1288 2552 1451 2592 unum
1480 2549 1603 2591 eum
1634 2533 1754 2602 ipso
1778 2546 1885 2602 per
1938 2547 2162 2589 assum—

578 2634 828 2702 ,ptioucm
865 2632 1116 2687 elicitum
1149 2640 1250 2686 est.

1064 2812 1151 2867 Ea:
1185 2814 1364 2866 eadem
1396 2814 1651 2869 oratione.

638 2911 938 2966 Dominum
998 2906 1049 2959 in
1096 2903 1275 2958 servili
1326 2904 1494 2972 ﬁgura
1555 2898 2159 2971 apparuissecoueedit.

572 3005 774 3059 Servus
816 3002 994 3071 igitur,
1042 2999 1196 3069 cujus
1227 2995 1451 3066 ﬁguram
1480 2995 1737 3049 Dominus
1768 2991 1963 3056 induit,
2022 2991 2165 3043 inte.

570 3111 667 3167 ger
699 3104 837 3160 erat,
874 3110 940 3148 an
978 3091 1255 3147 mutilatus
1283 3089 1376 3144 ?id
1404 3098 1508 3153 est,
1531 3102 1819 3158 corpusne,
1837 3096 1889 3141 et
1920 3084 2156 3139 animam

2704 1011 2808 1064 Ἕκ
2834 1009 2942 1063 τοῦ
2971 1009 3160 1064 αὑτοῦ
3188 1011 3396 1077 λόγου.

2323 1106 2539 1175 Ὠσπερ
2561 1105 2821 1175 ἐμπόδιον
2848 1106 3068 1173 ἡγεῖται
3108 1104 3199 1157 τὸν
3244 1103 3368 1157 νοῦν
3409 1106 3510 1174 τῆς
3541 1106 3693 1170 θείας
3737 1110 3837 1159 ἓν-

2254 1200 2685 1271 ανθρωπήσεως,
2712 1197 2807 1249 καὶ
2844 1197 3306 1269 προσφιλέστερον
3330 1196 3542 1268 νομίζει
3587 1199 3666 1269 τῷ
3716 1200 3838 1270 Θεῷ

2253 1290 2312 1342 τὸ
2331 1290 2579 1361 ἀνόητον,
2612 1289 2809 1344 οὐκοῦν
2830 1293 3300 1361 μακαριστότερον
3314 1291 3487 1345 οἴεται
3508 1294 3571 1345 τδ
3597 1296 3672 1363 μὴ
3694 1294 3838 1365 ἔχειν

2242 1399 2401 1436 νουν.

2692 1494 2798 1548 Ἕκ
2824 1496 2929 1550 τοῦ
2963 1496 3150 1550 αὑτοῦ
3169 1497 3377 1565 λόγου.

2326 1585 2396 1637 Τί
2418 1580 2513 1639 οῦν
2539 1586 2872 1656 οἰκειότερον
2904 1587 3157 1659 εὒρεθείη
3184 1589 3321 1658 πρὸς
3346 1588 3406 1643 τὸ
3445 1594 3832 1663 συναρμοσθῆ-

2258 1697 2347 1733 ναι
2381 1678 2524 1749 Θεῷ,
2557 1679 2618 1732 τὸ
2654 1683 2799 1749 παχὺ
2835 1682 2929 1733 καὶ
2954 1682 3157 1749 γεῶδες
3181 1680 3284 1752 τῆς
3314 1682 3519 1754 σαρκὸς
3567 1683 3600 1754 ἢ
3629 1685 3691 1738 τὸ
3715 1688 3837 1739 ἁνα-

2184 1821 2233 1878 B
2264 1772 2365 1842 φές
2391 1789 2451 1825 τε
2516 1773 2610 1825 καὶ
2638 1773 3051 1842 ἀσχημάτιστον
3084 1773 3179 1828 τοῦ
3216 1778 3333 1838 νοός
3359 1792 3375 1841 ;

2300 1958 2301 1961 η
2697 1887 2800 1941 Ἐκ
2827 1887 2943 1941 -τοῦ
2981 1887 3168 1943 αὐτοῦ
3193 1890 3406 1959 λόγου.

2332 1980 2508 2049 Εἴπερ
2546 1979 2710 2050 ἡμεῖς
2740 1980 2788 2031 οἱ
2815 1978 3101 2050 ἄνθρωποι
3134 1980 3195 2033 τὸ
3243 1970 3671 2055 πεπλανημένον
3709 1986 3843 2055 πρό-

2262 2071 2429 2123 δατόν
2456 2073 2648 2140 ἐσμεν,
2681 2073 2709 2125 6
2732 2071 2789 2125 δὲ
2818 2070 2998 2143 εὑρὼν
3031 2073 3194 2127 τοῦτο
3250 2075 3462 2146 ποιμὴν
3504 2079 3533 2131 6
3577 2078 3672 2132 τοῦ
3708 2080 3841 2134 Θεοῦ

2263 2163 2413 2228 Υἱὸς,
2435 2163 2628 2234 ἐπειδὴ
2656 2164 2776 2218 ὅλον
2807 2166 3174 2235 ἁπεφοίτησε,
3210 2169 3308 2221 καὶ
3372 2169 3497 2223 ὅλον
3539 2171 3706 2227 πάλιν
3749 2175 3843 2226 ἀν-

2263 2253 2466 2308 έλαὸε-
2513 2255 2609 2308 καὶ
2638 2256 2704 2308 οὐ
2734 2255 2795 2309 τὸ
2828 2256 2928 2326 μὲν
2969 2258 3247 2312 ἐντόσθιον
3282 2261 3746 2329 καταλέλοιπε,τὸ
3788 2265 3842 2318 δὲ

2264 2346 2421 2409 ἐκτὸς
2458 2345 2787 2412 ἐϐάστασεν,
2836 2347 2993 2419 ὼςή
3056 2348 3152 2402 τοῦ
3222 2350 3641 2425 ’Δπολλιναρίου
3690 2356 3845 2409 ἄνοια

2266 2438 2541 2509 βούλεται.
2585 2440 2757 2494 Τοῦτο
2821 2440 2879 2494 δὲ
2935 2442 2993 2495 ὲν
3038 2445 3155 2506 τοῖς
3211 2442 3387 2515 ὤμοις
3441 2446 3539 2501 τοῦ
3580 2449 3841 2518 ποιμένος

2246 2520 2598 2603 βασταχθὲν,
2632 2534 2922 2588 τουτέστιν
2956 2536 3106 2607 ὲνντῇ
3134 2536 3356 2609 θεότητι
3387 2538 3485 2592 τοῦ
3515 2540 3724 2610 Κυρίου
3753 2558 3841 2610 γε·

2264 2625 2513 2693 νόμενον,
2548 2624 2608 2680 ἓν
2663 2627 2803 2697 πρὸς
2848 2628 3061 2682 ὲκείνον
3093 2629 3184 2683 διὰ
3243 2632 3346 2703 τῇς
3389 2632 3720 2703 ἀναλήψεως
3753 2636 3842 2704 γέ-

2264 2733 2449 2786 γονεν.

2697 2810 2802 2863 Ἐκ
2833 2811 2941 2865 τοῦ
2988 2812 3179 2866 αὐτοῦ
3217 2815 3426 2886 λόγου.

2334 2903 2441 2957 Τὸν
2458 2903 2667 2975 Κύριόν
2690 2922 2860 2975 φησιν
2884 2908 2942 2961 ὲν
2966 2908 3199 2978 δουλικῷ
3218 2911 3456 2980 φανῆναι
3475 2912 3553 2982 τῷ
3576 2914 3842 2983 σχήματι.

2266 2991 2417 3068 ’Λρα
2446 2997 2475 3048 6
2504 2998 2712 3064 δοῦλος,
2743 2992 2807 3052 οὗ
2838 2999 2898 3053 τὸ
2921 3000 3111 3071 σχῆμα
3140 3004 3312 3056 ὑπέδυ
3345 3006 3372 3058 6
3402 3005 3631 3075 Κύρινς,
3656 3008 3848 3077 ἄρτιος

2266 3082 2354 3159 ἦν,
2381 3090 2413 3160 ἢ
2446 3090 3005 3161 ἠκρωτηριασμένος,
3041 3094 3292 3146 τουτέστι
3326 3095 3493 3165 σῶμα
3549 3098 3646 3149 καὶ
3667 3101 3848 3168 ψυχὴν

573 3192 825 3257 rationis,
856 3204 951 3245 seu
982 3187 1175 3242 mentis
1212 3192 1515 3254 compotem
1546 3181 1822 3236 habebat?
1880 3179 1924 3233 si
1981 3178 2161 3245 aliqua

2264 3178 2515 3247 λογικήν,
2564 3181 2687 3251 ἦτοι
2738 3181 2936 3253 νοερὰν
2994 3184 3381 3254 κεκτημένος;
3445 3188 3510 3240 Et
3587 3190 3688 3257 μὲν
3754 3189 3848 3244 οὖν

573 3284 765 3337 harum
790 3282 1020 3350 partium
1054 3291 1280 3331 mancus
1308 3283 1448 3341 erat,
1503 3273 1557 3328 id
1618 3273 1929 3338 ostendant,
1985 3284 2163 3338 neque

569 3375 717 3428 enim
750 3373 985 3425 animam
1027 3368 1252 3423 rationis
1284 3376 1558 3436 expertem
1591 3364 1801 3430 habuit,
1851 3363 1941 3432 qui
1973 3376 2163 3430 pecca-

574 3472 747 3529 verat,
784 3461 940 3531 cujns
980 3460 1095 3528 ipse
1120 3458 1349 3535 formam
1375 3455 1631 3523 suscepit.
1659 3453 1755 3509 Sin
1784 3463 1903 3509 erat
1932 3454 2163 3523 integer,

572 3566 631 3609 et
654 3555 924 3621 integrum
956 3551 1087 3607 illud
1130 3550 1254 3615 fuit,
1291 3553 1435 3619 quod
1458 3555 1797 3615 assumptum
1822 3555 1927 3601 est.
1976 3547 2044 3599 At
2066 3545 2165 3599 ho-

578 3659 688 3711 mo,
723 3645 925 3712 inquit,
990 3658 1096 3697 non
1128 3651 1267 3705 erat,
1327 3641 1421 3695 sed
1468 3639 1623 3708 quasi
1656 3639 1836 3703 homo,
1896 3637 2020 3707 quia
2054 3653 2161 3690 non

575 3747 693 3793 erat
726 3737 967 3807 ejusdem
1024 3750 1147 3789 cum
1181 3735 1402 3788 homine
1444 3732 1719 3797 essentiae,
1774 3738 2033 3799 quantum
2092 3731 2160 3783 ad

575 3839 809 3886 mentem
839 3829 1090 3899 pertinet.
1108 3826 1165 3881 Si
1186 3826 1427 3895 ejusdem
1464 3839 1570 3878 non
1599 3833 1716 3879 erat
1738 3822 2007 3887 essentia',
2034 3834 2162 3888 ergo

584 3922 831 3976 diversae.
865 3920 1103 3986 Quorum
1135 3924 1319 3971 autem
1354 3913 1607 3970 essentia:
1643 3912 1779 3966 ratio
1806 3910 2040 3974 diversa,
2071 3909 2168 3962 ho-

577 4026 695 4066 rum
730 4023 831 4064 nec
867 4008 1054 4064 eadem
1091 4017 1285 4060 natura
1313 4019 1411 4060 nec
1460 4019 1681 4060 nomen.
1738 4001 1919 4068 Quare
1948 4001 1992 4055 si
2016 4000 2161 4054 aliud

576 4103 702 4174 quid
738 4116 836 4172 per
858 4101 1149 4156 essentiam
1173 4106 1312 4162 erat,
1345 4113 1453 4152 non
1478 4106 1659 4151 autem
1692 4094 1872 4158 homo,
1903 4093 2007 4148 nisi
2032 4107 2166 4162 qua-

576 4198 739 4244 tenus
768 4188 1007 4259 speciem
1059 4195 1113 4242 et
1142 4187 1366 4258 ﬁguram
1410 4187 1644 4241 hominis
1698 4183 2045 4253 praeferebat,
2105 4198 2163 4238 re

578 4292 757 4336 autem
802 4295 932 4334 vera
973 4282 1268 4334 secundum
1310 4289 1555 4333 naturam
1592 4280 1836 4333 diversus
1904 4285 2043 4340 erat,
2095 4288 2163 4328 ex

574 4373 662 4427 his
704 4371 995 4442 colligitur,
1036 4372 1158 4425 ﬁcta
1190 4370 1551 4439 simulataque
1575 4369 1762 4434 fuisse,
1787 4384 1907 4437 qua:
1941 4368 2005 4418 ad
2034 4362 2167 4418 Uni-

2266 3270 2800 3342 ἠκρωτηριασμένος
2853 3274 2935 3326 ἑνὶ
2984 3275 3214 3341 τούτων,
3264 3277 3494 3342 δειξάτω
3529 3282 3726 3334 τοῦτο·
3783 3284 3841 3335 ού

2265 3365 2375 3432 γὰρ
2400 3363 2598 3431 ἄλογον
2622 3363 2803 3436 ψυχὴν
2821 3363 2969 3435 εῖχεν
2998 3367 3027 3418 6
3062 3368 3395 3439 ἁμαρτήσας
3434 3371 3633 3441 Ἀδὰμ,
3660 3371 3723 3428 οὗ
3750 3376 3843 3446 τήν

2271 3454 2489 3527 μορφὴν
2521 3457 2811 3523 ἀνεδέξατο
2831 3474 2846 3485 ο
2881 3461 2930 3511 εἰ
2972 3460 3029 3512 δὲ
3060 3462 3274 3531 ἄρτιος,
3304 3463 3496 3533 ἄρτιον
3530 3466 3645 3535 ἄρα
3667 3472 3757 3522 καὶ
3782 3472 3839 3522 τὸ

2270 3549 2635 3620 πρόσλημμα.
2676 3551 2819 3603 Ἀλλ’
2843 3552 2944 3605 οὐκ
2988 3552 3304 3625 ἄνθρωπος,
3358 3558 3551 3627 φησιν,
3601 3556 3696 3631 ἦν,
3727 3562 3835 3615 ἀλλ’

2266 3642 2342 3707 ὡς
2372 3643 2685 3712 ἄνθρωπος,
2722 3645 2857 3698 διότι
2908 3648 3004 3716 οὐχ
3035 3647 3324 3717 δμοούσιος
3364 3646 3432 3720 ἦν
3462 3650 3541 3718 τῷ
3568 3653 3833 3725 ἀνθρώπῳ

2268 3734 2413 3788 κατὰ
2438 3735 2528 3788 τὸν
2563 3736 2711 3791 νοῦν.
2753 3737 2819 3791 Εἰ
2846 3738 2922 3808 μή
2973 3739 3280 3808 ὁμοούσεος,
3314 3742 3661 3813 ὲτεροούσιος
3707 3749 3833 3799 πὰν-

2265 3843 2399 3890 τως.
2427 3822 2533 3880 Ὧν
2562 3829 2619 3881 δὲ
2648 3832 2676 3882 6
2698 3829 2857 3897 λόγος
2883 3830 2985 3901 τῆς
3015 3833 3205 3896 οὐσίας
3233 3833 3444 3904 ἕτερος,
3477 3836 3687 3890 τούτων
3716 3839 3829 3892 οὔτε

2267 3921 2299 3990 ή
2340 3920 2503 3989 φύσις
2533 3921 2712 3992 κοινὴ,
2745 3921 2926 3994 οὖτεή
2966 3924 3183 3994 κλῆσις.
3224 3926 3286 3978 Εἰ
3322 3925 3417 3979 οῦν
3458 3928 3590 3982 ἄλλο
3620 3948 3673 3984 τι
3706 3933 3831 3986 κατὰ

2266 4012 2366 4082 τὴν
2393 4013 2584 4065 οὐσίαν
2611 4007 2700 4084 ἧν,
2750 4014 2846 4066 καὶ
2882 4014 2983 4068 οὐκ
3023 4014 3334 4087 ἄνθρωπος,
3384 4019 3521 4072 ἀλλὰ
3555 4021 3717 4092 μέχρι
3748 4022 3827 4075 τοῦ

2266 4104 2602 4173 φαινομένου
2663 4106 2789 4157 κατ’
2831 4106 3124 4177 ἄνθρωπον
3181 4109 3613 4182 ἐσχηματίζετο,
3664 4121 3723 4188 τῇ
3778 4116 3827 4170 δὲ

2266 4197 2500 4268 ἀληθείᾳ
2545 4196 2693 4251 κατὰ
2716 4198 2816 4268 τὴν
2850 4198 3015 4268 φύσιν
3048 4202 3428 4271 παρήλλακτο,
3456 4208 3823 4277 συνομολογεῖ-

2264 4310 2354 4345 ται
2389 4291 2627 4359 τούτοις,
2655 4294 2740 4346 ὅτι
2770 4293 2994 4365 δόκησις
3028 4290 3117 4367 ἦν,
3148 4300 3243 4350 καὶ
3273 4296 3534 4370 ἁπατηλὴ
3568 4300 3819 4369 φαντασία

2266 4402 2350 4449 τις
2391 4388 2423 4456 ή
2456 4387 2553 4438 ἐπὶ
2624 4386 2730 4457 γῆς
2772 4387 3021 4441 πολιτεία
3052 4392 3203 4442 πᾶσα
3235 4391 3333 4460 τῆς
3376 4393 3817 4463 ὲνανθρωπήσεως

573 4467 742 4537 geniti
774 4466 940 4519 vitam
969 4465 1476 4535 humanitatemque
1511 4475 1843 4532 assumptum
1894 4471 2161 4530 spectant,

2268 4478 2361 4531 τοῦ
2409 4479 2753 4549 Μυνογενοῦς
2798 4481 2908 4533 ἀπὸ
2948 4483 3260 4552 γεννήσεως
3315 4486 3482 4555 μέχρι
3527 4485 3627 4555 τῆς
3662 4484 3817 4552 ταφῆς

576 4558 646 4613 ab
699 4567 825 4612 ortu
873 4558 1015 4628 ejus,
1061 4572 1234 4626 usque
1271 4558 1335 4611 ad
1366 4556 1696 4627 sepulturam
1720 4564 1775 4609 et
1806 4553 2161 4613 resurrectio-

574 4664 721 4707 nem.

1074 4739 1157 4794 Ea:
1189 4737 1371 4793 eadem
1409 4739 1669 4792 oratione.

645 4832 749 4899 Qui
776 4834 919 4905 quod
948 4834 1183 4888 maxime
1211 4830 1495 4902 pr0prium
1559 4839 1643 4885 est
1694 4829 1954 4897 hominis,
2000 4831 2052 4886 id
2083 4839 2165 4886 est

578 4934 841 4993 mentem,
866 4926 1066 4991 aufert,
1123 4925 1176 4980 id
1205 4927 1344 4995 quod
1400 4925 1665 4993 reliquum
1718 4935 1820 4987 est,
1858 4924 2162 4993 jumentum

575 5017 836 5084 ostendit;
861 5018 1169 5088 jumeutum
1206 5027 1385 5073 autem
1420 5032 1523 5071 non
1547 5026 1629 5071 est
1665 5016 1826 5071 homo

644 5206 646 5209 λ
1076 5131 1159 5185 Ex
1191 5136 1376 5187 eadem
1430 5134 1692 5186 oratione.

654 5224 753 5291 Si,
809 5211 1264 5294 quemadmodum
1317 5227 1494 5296 inquit
1545 5227 1959 5297 Apollinarius,
2011 5243 2165 5284 meus

578 5316 813 5373 hominis
865 5317 1044 5373 divina
1105 5328 1297 5372 natura
1350 5322 1491 5373 tacta
1555 5330 1723 5384 esset,
1792 5320 2163 5389 magnitudine

578 5412 814 5481 aequales
839 5420 891 5466 et
915 5426 1069 5479 pares
1104 5411 1244 5466 inter
1283 5426 1342 5466 se
1371 5422 1556 5466 essent
1591 5412 1846 5467 divinitas
1886 5423 1941 5467 et
2007 5427 2163 5467 meus

582 5506 840 5560 humana.
872 5504 1025 5571 Quod
1056 5506 1201 5560 enim
1232 5505 1414 5561 locum
1442 5506 1621 5575 explet
1644 5506 1895 5573 alterius,
1952 5506 2164 5576 aequale

579 5592 657 5646 illi
689 5604 791 5649 est.
834 5595 928 5649 Sin
972 5596 1257 5653 divinitate
1287 5612 1440 5653 mens
1487 5605 1570 5653 est
1595 5596 1840 5664 inferior,
1871 5598 1923 5652 id
1949 5599 2089 5665 quod
2108 5596 2165 5651 iu

582 5698 702 5735 eam
767 5699 1087 5742 conversum
1122 5695 1233 5753 est,
1297 5687 1349 5743 in
1387 5687 1627 5743 deterius
1678 5697 1762 5743 est
1846 5697 2165 5744 commuta-

580 5781 715 5829 tum.

2266 4576 2361 4627 καὶ
2382 4573 2483 4644 τῆς
2508 4575 2881 4637 ἀναστάσεως.

2699 4727 2796 4779 Ἐκ
2842 4725 2950 4781 τοῦ
2989 4727 3178 4781 αὐτοῦ
3217 4729 3430 4798 ¹λόγου.

2349 4820 2408 4872 ‘0
2440 4819 2499 4872 τὸ
2525 4819 2869 4889 κυριώτατον
2903 4821 3162 4892 ἀφαιρῶν
3184 4823 3281 4875 τοῦ
3330 4823 3647 4894 ἀνθρώπου,
3677 4824 3810 4877 τοῦτο

2265 4912 2323 4966 δέ
2357 4917 2474 4965 ἐστι
2502 4914 2648 4979 νοῦς,
2707 4915 2908 4983 κτῆνος
2958 4916 3323 4970 ἀποδείκνυσι
3374 4919 3437 4971 τὸ
3495 4918 3808 4989 λειπόμενον.

2267 5008 2341 5059 Τὸ
2371 5007 2427 5060 δὲ
2459 5007 2659 5076 κτῆνος
2687 5008 2790 5060 οὐκ
2822 5008 3140 5078 ἄνθρωπος.

2702 5123 2797 5176 Ἐκ
2849 5122 2955 5177 τοῦ
2990 5122 3180 5177 αὐτοῦ
3207 5123 3418 5193 λόγου.

2338 5214 2534 5285 Εἴπερ,
2560 5214 2742 5277 καθώς
2766 5233 2933 5286 φησιν
2955 5216 2984 5268 6
3021 5215 3455 5286 Ἀπολλινάριος,
3478 5217 3598 5282 νοῦς
3628 5215 3807 5284 ἀνθρώ·

2270 5323 2371 5362 που
2402 5312 2435 5379 ἡ
2466 5308 2586 5361 θεία
2618 5309 2784 5379 φύσις
2816 5310 3061 5376 ἐγένετο,
3094 5311 3396 5382 ὶσομεγέθη
3440 5313 3613 5367 ταῦτα
3647 5312 3705 5364 ἂν
3736 5308 3806 5375 είή

2266 5400 2540 5471 ἀλλήλοις.
2565 5403 2662 5454 καὶ
2688 5401 2998 5464 ἰσοστάσια,
3033 5401 3229 5472 θεότης
3276 5405 3372 5457 καὶ
3403 5403 3528 5466 νοῦς
3567 5401 3809 5470 ἀνθρώπι-

2267 5510 2375 5556 νος.
2411 5494 2484 5545 Τὸ
2530 5496 2639 5562 γὰρ
2687 5491 3040 5562 ἀναπληροῦν
3067 5494 3234 5549 τόπον
3272 5497 3418 5559 τινὸς
3473 5499 3583 5549 [σον
3612 5497 3718 5547 ἐπὶ
3744 5490 3810 5559 τῷ

2269 5587 2528 5640 ἐνδέοντι.
2558 5587 2621 5638 Ei
2687 5585 2747 5638 δὲ
2808 5586 3240 5657 καταδεέστερον
3294 5591 3323 5640 6
3358 5589 3486 5652 νοῦς
3532 5592 3675 5658 παρὰ
3728 5585 3807 5653 τὴν

2269 5680 2521 5750 θεότητα,
2556 5680 2585 5732 6
2613 5680 2775 5733 τοῦτο
2809 5679 2868 5743 ἐξ
2892 5681 3105 5734 ἐκείνου
3141 5681 3443 5753 γενόμενος
3484 5682 3616 5749 πρὸς
3646 5680 3699 5733 τὸ
3730 5678 3803 5729 εὐ-

2267 5773 2579 5846 τελέστερον
2614 5772 2903 5844 ἠλλοιώθη.
3245 5823 3249 5825 .
3410 5785 3417 5793 ’
