4094 6300
557 383 679 450 an

1809 376 2185 439 EUTilYMli
2230 374 2594 436 ZlGABENI
3715 377 3790 440 903

576 527 786 590 linaris,
822 525 1096 592 rectisque
1126 539 1188 579 ac
1215 523 1319 593 piis
1343 521 1684 592 dogmatibus
1701 535 1854 574 suam
1877 520 2155 589 anteponit

2256 519 2516 587 λινάριος,
2565 517 2660 568 καὶ⁹
2708 512 2817 566 τῶν
2864 513 3104 567 εὐσεϐῶν
3161 512 3446 584 δογμάτων
3492 513 3587 585 τὴν
3631 514 3792 570 οἰκείαν

576 618 1196 685 {garrulitatemmarnem
1222 612 1439 681 quidem
1459 627 1486 664 a
1506 612 1613 664 Deo
1630 609 1806 663 Verbo
1820 619 2153 677 assumptam

575 714 671 773 ait,
708 717 868 773 atque
901 705 1000 757 hac
1023 718 1122 757 ceu
1150 702 1270 756 velo
1294 701 1527 769 quodam
1560 713 1680 754 esse
1712 713 1867 752 usum
1901 716 1916 762 ;
1975 708 2155 752 mente

575 808 752 851 autem
784 812 887 848 non
925 793 1216 862 indiguisse
1239 832 1253 856 ,
1290 794 1383 846 sed
1414 794 1585 860 ipsum
1621 793 1740 843 vice
1786 792 1984 843 mentis
2027 805 2153 844 cor-

575 887 690 952 pori
721 884 1019 939 exstitisse.
1054 882 1182 947 Sed,
1205 898 1237 936 ο
1286 882 1467 945 sodes,
1500 881 1643 933 dicet
1697 879 1743 934 ei
1797 878 1994 946 aliquis
2018 919 2033 944 ,
2089 893 2155 931 ne

575 990 799 1045 torpore
834 976 1050 1044 quidem
1082 975 1220 1028 Deus
1262 973 1494 1027 Verbum
1527 973 1718 1042 egebat
1747 989 1760 1035 ;
1818 971 1950 1024 nihil
2003 971 2148 1023 enim

577 1084 796 1137 prorsus
831 1067 1058 1136 requirit
1091 1084 1105 1120 :
1145 1073 1357 1136 poterat
1389 1074 1570 1118 autem
1626 1064 1744 1119 solo
1773 1063 2156 1117 mandato-no-

577 1172 743 1212 stram
775 1156 990 1226 Operari
1015 1155 1266 1210 salutem.
1293 1155 1396 1209 Sed
1423 1165 1601 1208 tamen
1628 1154 1792 1207 voluit
1819 1170 1913 1208 nos
1939 1169 2156 1222 quoque

577 1249 1012 1302 communionem
1033 1247 1269 1315 aliquam
1291 1257 1436 1302 recte
1467 1245 1732 1299 factorum
1757 1246 1957 1300 habere
1979 1261 1990 1296 :
2011 1246 2154 1315 quod

579 1351 634 1393 ut
663 1339 916 1405 alliceret,
946 1339 1304 1410 peccatricem
1329 1348 1662 1405 assumptum
1686 1345 1933 1390 naturam
1953 1374 1968 1399 ,
2002 1350 2156 1390 eam-

579 1448 682 1501 que
712 1431 1118 1486 suislaboribus
1139 1430 1513 1500 justiticatam,
1548 1428 1759 1483 acerbis
1779 1428 2050 1496 expedivit
2071 1437 2153 1498 ty-

578 1525 763 1578 rannis
787 1532 1006 1591 peccato
1055 1531 1110 1577 et
1151 1522 1366 1576 diabolo
1401 1538 1464 1576 ac
1494 1530 1698 1584 morte.
1735 1529 1788 1574 et
1838 1519 2149 1575 ccelestibus

579 1617 799 1670 sedibus
844 1616 1117 1669 donavit:
1157 1626 1212 1668 et
1241 1628 1336 1682 per
1381 1629 1498 1667 cam
1547 1627 1708 1682 quam
1760 1611 1878 1680 ipse
1926 1612 2156 1683 sumpsit

582 1709 995 1772 lmtttattitaletn,
1025 1707 1276 1762 universo
1328 1707 1511 1775 generi
1553 1706 1858 1760 libertatein
1897 1720 2141 1760 cominu—

2257 608 2530 678 προτάξας
2555 605 2896 676 ἀδολεσχίαν,
2926 605 3024 674 τὴν
3050 605 3148 674 μὲν
3178 605 3358 676 σάρκα
3390 604 3480 656 τὸν
3507 604 3642 658 Θεὸν
3665 608 3795 676 Λόγον

2255 698 2608 769 ἀνειληφέναι
2641 699 2796 768 φησὶ,
2829 699 2925 752 καὶ
2961 697 3135 768 ταύτῃ
3168 696 3419 766 καθάπερ
3455 699 3559 748 τινὶ
3585 716 3796 769 παραπε-

2255 789 2493 858 τάσματι
2526 787 2834 857 χρήσασθαι
2861 804 2874 818 ο
2905 787 2998 840 τοῦ
3045 787 3101 839 δὲ
3131 785 3223 840 νοῦ
3261 787 3335 856 μὴ
3367 785 3646 855 δεηθῆναι,
3677 790 3795 844 αὑτὸν

2255 881 2310 934 δέ
2339 881 2459 933 ἀντὶ
2490 879 2582 932 νοῦ
2627 879 2877 947 γενέσθαι
2910 879 2988 948 τῷ
3020 877 3253 948 σώματι.
3295 879 3455 944 Ἀλλ’,
3491 873 3537 932 ὦ
3569 878 3795 949 βέλτιστε,

2256 974 2402 1027 εἴποι
2431 992 2516 1037 τις
2551 974 2617 1026 ἂν
2665 973 2802 1042 πρὸς
2835 971 3020 1033 αὐτὸν,
3060 971 3180 1023 οὺδέ
3219 970 3315 1024 τοῦ
3366 971 3614 1041 σώματος
3646 975 3675 1025 6
3705 974 3798 1038 Θεὸς

2255 1067 2424 1135 Λόγος
2453 1064 2701 1136 ἔχρῃζεν,
2725 1063 3035 1134 ἀπροσδεὴς
3061 1064 3170 1134 γάρ
3191 1078 3204 1092 ⁸
3232 1062 3462 1132 ἠδύνατο
3483 1065 3539 1116 δὲ
3565 1067 3656 1119 καὶ
3694 1067 3800 1138 μόνῳ

2259 1158 2644 1228 προστάγματι
2690 1155 2790 1226 τὴν
2836 1154 3113 1226 ἡμετέραν
3165 1157 3700 1226 πραγματεύσασθαι
3727 1176 3800 1212 σωο

2255 1249 2476 1319 τηρίαν·
2513 1247 2627 1302 ἀλλ’
2667 1246 2935 1316 ἠθέλησεν
2977 1244 3121 1313 ἔχειν
3165 1245 3286 1298 τινὰ
3337 1246 3432 1299 καὶ
3473 1248 3620 1317 ἡμᾶς
3661 1250 3735 1310 εἰς
3764 1249 3801 1300 τὸ

2258 1339 2694 1412 κατορθούμενον
2725 1340 3031 1404 κοινωνίαν,
3055 1331 3115 1390 οὗ
3145 1336 3304 1408 χάριν
3334 1336 3514 1390 λαϐὼν
3540 1339 3704 1406 φύσιν
3731 1339 3800 1399 τὴν

2255 1435 2658 1504 ἡμαρτηκυῐαν,
2695 1431 2877 1494 πόνοις
2912 1428 3083 1500 αὐτὴν
3111 1429 3336 1491 οἰκείοις
3374 1430 3695 1494 δικαιώσας,
3725 1432 3801 1484 τῶν

2253 1544 2316 1580 τε
2338 1525 2550 1595 πικρῶν
2573 1523 2853 1595 τυράννων
2871 1521 3182 1593 ἀπήλλαξεν
3201 1523 3497 1593 ἁμαρτίας,
3529 1524 3624 1576 καὶ
3649 1525 3801 1578 διαϐό-

2256 1616 2373 1680 λου,
2393 1615 2485 1667 καὶ
2503 1615 2758 1680 θανάτου,
2783 1614 3002 1666 καὶτῶν
3026 1614 3365 1685 ἐπουρανίων
3387 1615 3592 1685 θρόνων
3609 1616 3800 1685 ἠξίωσε,

2247 1708 2342 1761 καὶ
2363 1708 2449 1762 διὰ
2474 1706 2566 1759 τοῦ
2593 1704 2891 1776 ληφθέντος
2927 1693 3090 1760 παντὶ
3112 1704 3188 1776 τῷ
3215 1707 3362 1775 γένει
3393 1707 3494 1776 τῆς
3526 1707 3803 1778 ἐλευθερίας

584 1799 803 1851 nicavit.
839 1797 1092 1852 Sedenim
1124 1797 1256 1850 nihil
1304 1797 1496 1850 horum
1533 1805 1790 1864 reputans
1816 1795 1904 1850 hic
1934 1796 2150 1865 sapien-

2257 1799 2580 1869 μετέδωκεν·
2598 1798 2716 1852 ἀλλ’
2731 1799 2880 1851 οὐδὲν
2897 1797 3101 1851 τούτων
3123 1801 3203 1862 εἰς
3219 1800 3342 1851 νοῦν
3354 1797 3534 1852 λαϐὼν
3550 1801 3578 1852 6
3598 1799 3804 1867 σοφώτα-

585 1891 826 1942 ιξςδίηιιιε
852 1929 863 1952 ,
893 1887 1293 1941 vOCaIissitnum
1333 1884 1618 1953 tbeologiae
1645 1898 1950 1953 praeconem
1980 1885 2151 1941 Joan-

587 1998 703 2032 tzeut
746 1980 1155 2048 evangelistam,
1190 1978 1438 2031 amentiae
1473 1993 1584 2030 sua:
1614 1986 1807 2030 testem
1855 1977 2060 2032 habere
2094 1993 2154 2033 se

583 2071 805 2137 indicat.
846 2087 862 2119 ‹
906 2068 1138 2122 Verbum
1174 2068 1341 2132 enim,
1385 2068 1602 2134 inquit,
1653 2082 1782 2122 caro
1821 2066 2018 2122 factum
2049 2075 2151 2133 est,

585 2177 632 2214 ci
662 2163 914 2215 habitavit
951 2163 1002 2216 in
1028 2161 1188 2215 nobis
1233 2165 1272 2214 '.
1299 2177 1319 2210 ι
1351 2160 1514 2228 Atqui
1539 2159 1761 2214 omnino
1781 2159 2153 2226 sciebat,alibi

587 2271 800 2324 quoque
825 2263 1032 2320 partem
1063 2266 1162 2320 pro
1193 2259 1308 2304 toto
1340 2250 1578 2304 divinam
1607 2249 1947 2318 Scripturam
1974 2250 2159 2320 appel-

590 2351 632 2393 1,.
671 2365 698 2396 e
727 2344 944 2397 solere:
981 2358 1100 2412 qua:
1157 2341 1316 2395 modo
1363 2341 1586 2410 quidem
1637 2355 1703 2394 ex
1755 2341 1937 2396 anima
1989 2351 2160 2396 totum

592 2436 858 2489 tmniinem
892 2443 1189 2502 nuncupat,
1224 2434 1386 2487 modo
1417 2443 1603 2488 autent
1658 2446 1726 2486 ex
1772 2448 1936 2488 carne
1992 2442 2160 2488 totum

589 2526 783 2578 animal
818 2527 1074 2580 denotat:
1111 2542 1131 2576 ε
1157 2521 1357 2579 Omnes
1387 2523 1552 2589 enim,
1581 2522 1776 2592 inquit,
1821 2523 2016 2578 anima:
2044 2535 2164 2590 qua:

587 2611 839 2676 ingressae
878 2616 1003 2662 sunt
1049 2621 1171 2662 cum
1216 2607 1418 2664 Jacobo
1467 2609 1519 2661 in
1552 2607 1846 2676 Egyptum
1875 2644 1891 2670 ,
1945 2616 2162 2671 septua-

590 2689 738 2766 ςξῑεῖιιι
779 2700 1020 2768 quinque
1049 2701 1200 2754 fuere
1255 2701 1296 2752 '.
1347 2699 1573 2754 Constat
1619 2707 1802 2756 autem
1845 2714 1950 2755 non
1994 2696 2166 2754 fuisse

594 2803 938 2856 .acorpureos
967 2788 1151 2844 Jacobi
1175 2789 1314 2845 ﬁlios
1345 2799 1506 2859 atque
1537 2799 1790 2859 nepotes;
1821 2791 1914 2846 sed
1931 2805 1994 2845 ex
2013 2801 2166 2860 parte

594 2889 758 2932 luitlllt
797 2880 1088 2933 historicus
1121 2881 1533 2936 demonstravit.
1559 2881 1627 2935 Et
1657 2895 1843 2935 rursus
1873 2896 1886 2931 :
1923 2899 1940 2932 ι
1968 2879 2159 2934 Anima

592 2988 706 3037 qzza-
729 2969 1052 3036 peccaverit,
1073 2969 1185 3038 ipsa
1205 2970 1464 3025 morietur
1485 2971 1506 3002 ³
1537 3007 1552 3024 .
1567 2970 1765 3025 »Νειιιο
1779 2983 1906 3024 vero
1925 2984 2160 3038 unquam

592 3061 998 3114 trivitanimatn
1028 3063 1231 3131 absque
1269 3075 1496 3132 corpore
1533 3063 1584 3115 in
1618 3062 1833 3130 culpam
1868 3060 2148 3116 incidisse.

2252 1907 2342 1952 τος
2357 1889 2447 1942 τὸν
2464 1888 2979 1960 μεγαλοφωνότατον
3000 1889 3215 1958 κήρυκα
3226 1889 3322 1958 τῆς
3334 1888 3632 1956 θεολογίας,
3646 1889 3735 1941 τὸν
3748 1889 3807 1940 εὑ-

2254 1982 2582 2052 αγγελιστὴν
2599 1983 2875 2051 Ἰωάννην,
2898 1980 3150 2052 μάρτυρα
3167 1981 3264 2050 τῆς
3277 1980 3479 2043 οἰκείας
3493 1981 3674 2043 ἀνοίας
3688 1980 3807 2050 ἔχειν

2255 2077 2488 2145 ἡγεῖται·
2509 2091 2526 2124 ι
2547 2075 2606 2127 Ὀ
2626 2073 2798 2142 Λόγος
2817 2073 2946 2144 γὰρ,
2969 2073 3122 2143 φησὶ,
3145 2071 3282 2141 σάρξ
3298 2071 3532 2138 ἐγένετο,
3551 2073 3646 2125 καὶ
3667 2073 3807 2128 ἐσκή-

2255 2185 2426 2223 νωσεν
2453 2167 2510 2221 ἐν
2530 2169 2661 2238 ἡμῖν
2681 2183 2694 2195 ·
2724 2187 2742 2219 ι
2760 2169 2854 2221 καὶ
2871 2167 3044 2220 ταῦτα
3065 2167 3250 2235 σαφῶς
3271 2165 3447 2229 εἰδὼς,
3469 2165 3544 2228 ὡς
3566 2165 3808 2235 πολλαχοῦ

2254 2261 2316 2312 τὸ
2343 2262 2451 2313 πᾶν
2478 2261 2588 2312 άπὸ
2617 2259 2819 2331 μέρους
2852 2258 3024 2330 ἡθεία
3055 2258 3246 2329 Γραφὴ
3282 2257 3701 2328 προσαγορεύει,
3736 2256 3809 2310 καὶ

2261 2348 2337 2418 πὴ
2362 2349 2460 2418 μὲν
2477 2349 2585 2402 ἀπὸ
2611 2350 2708 2420 τῆς
2727 2348 2906 2418 ψυχῆς
2927 2350 3103 2402 πάντα
3126 2348 3280 2402 καλεῖ
3299 2349 3390 2401 τὸν
3415 2348 3720 2417 ἄνθρωπον,
3750 2347 3808 2414 πή

2260 2439 2317 2491 δὲ
2357 2441 2464 2492 ἀπὸ
2505 2439 2600 2508 τῆς
2632 2439 2834 2511 σαρκὸς
2859 2439 2978 2491 ὅλον
3009 2437 3070 2489 τὸ
3098 2437 3236 2501 ζῶον
3262 2437 3442 2508 δηλοῖ·
3468 2458 3486 2488 ι
3509 2438 3686 2489 Πᾶσαι
3720 2435 3810 2506 γὰρ

2264 2532 2320 2584 αἱ
2349 2531 2540 2600 ψυχαὶ,
2565 2532 2622 2584 αἱ
2641 2528 3011 2594 εἰσελθοῦσαι,
3035 2531 3220 2600 φησιν,
3253 2529 3369 2599 ἃμα
3406 2527 3601 2582 Ἰακὼϐ
3636 2529 3712 2593 εἰς
3738 2527 3810 2579 Αἱ·

2257 2647 2460 2700 γυπτον
2486 2629 2856 2699 ἐϐδομήκοντα
2895 2630 3074 2682 πέντε.
3229 2626 3467 2696 Εὔδηλον
3501 2627 3558 2679 δέ
3602 2628 3678 2690 ὼς
3721 2625 3805 2678 οὐκ

2251 2722 2533 2791 ἀσώματοι
2563 2716 2704 2790 ἦσαν
2744 2723 2792 2774 οἱ
2833 2719 2930 2772 τοῦ
2974 2719 3168 2772 Ἰακὼϐ
3219 2721 3323 2772 υἱοί
3355 2737 3410 2772 τε
3445 2721 3539 2773 καὶ
3589 2720 3805 2784 ἔκγονοι,

2252 2815 2366 2869 ἀλλ’
2395 2812 2502 2867 ἀπὸ
2543 2812 2744 2882 μέρους
2782 2811 2844 2864 τὸ
2877 2813 2983 2864 πᾶν
3040 2812 3068 2862 ό
3114 2811 3526 2881 ἱστοριογράφος
3569 2809 3806 2876 ἐδήλωσε.

2254 2901 2360 2954 Καὶ
2392 2899 2552 2953 πάλιν
2575 2915 2590 2929 ο
2636 2917 2654 2950 ι
2678 2900 2838 2970 Ψυχὴ
2867 2903 2900 2968 ὴ
2936 2900 3344 2969 ἁμαρτάνουσα,
3371 2899 3511 2968 αὐτὴ
3535 2899 3810 2951 ἀποθανεῖ-

2254 3009 2361 3044 ται.
2415 3010 2433 3040 ι
2471 2989 2658 3052 Οὐδεὶς
2689 2989 2746 3041 δὲ
2768 2988 2907 3056 ἔγνω
2940 2987 3158 3041 πώποτε
3194 2988 3372 3058 ψυχὴν
3413 2987 3542 3041 ἄνευ
3577 2987 3814 3055 σώματος

2254 3081 2500 3152 ἁμαρτίᾳ
2541 3079 2976 3150 περιπεσοῦσαν·
3023 3079 3116 3130 καὶ
3161 3073 3337 3140 αὖθις,
3380 3096 3396 3128 ι
3434 3078 3511 3128 Οὐ
3555 3075 3630 3146 μὴ
3659 3091 3816 3127 κατα-

594 3153 648 3201 Ξῖῑ
672 3151 876 3206 denuo:
911 3169 929 3202 ι
952 3150 1066 3206 Non
1099 3153 1437 3222 permanebit
1463 3151 1697 3222 Spiritus
1727 3168 1881 3208 meus
1911 3153 1963 3206 in
1984 3152 2155 3206 benti-

2257 3173 2416 3242 μείνῃ
2442 3175 2504 3224 τὸ
2529 3171 2756 3242 Πνεῦμά
2786 3188 2888 3240 μου
2919 3174 2977 3223 ἐν
3005 3173 3114 3233 τοῖς
3136 3168 3445 3240 ἀνθρώποις
3475 3168 3710 3231 τούτοις,
3740 3167 3816 3219 διὰ

594 3241 749 3293 nibus
779 3241 921 3301 istis,
960 3244 1082 3308 quia
1361 3258 1486 3296 caro
1511 3242 1670 3298 sunt‘
1701 3261 1749 3294 .›
1786 3242 1851 3296 Ει
1876 3241 2002 3298 alihi
2033 3256 2161 3309 pro-

593 3352 603 3399 ;
632 3337 752 3385 beta
774 3350 784 3383 :
809 3335 1023 3388 tOmItiS
1041 3350 1168 3388 caro
1187 3334 1379 3402 pulvis,
1407 3334 1651 3389 etomnis
1673 3335 1948 3388 hominum
1989 3335 2162 3404 gloria

593 3443 685 3474 t'i'u
709 3423 927 3479 fenillus
974 3427 1050 3477 ⁵.»
1076 3426 1272 3479 Beatus
1291 3440 1505 3494 quoque
1527 3425 1690 3479 David
1726 3443 1737 3479 :
1776 3444 1793 3477 ι
1824 3425 2161 3480 Ιὶοοοιάιιιιιε

593 3526 692 3578 est,
718 3515 911 3584 inquit,
946 3517 1086 3584 quod
1111 3531 1241 3572 caro
1269 3527 1418 3584 sunt,
1472 3518 1696 3585 spiritus
1730 3519 1930 3572 vadens
1973 3525 2026 3571 et
2052 3533 2158 3572 non

593 3609 806 3660 rediens
849 3612 897 3661 ’⁸.
939 3627 956 3658 ι
1003 3606 1301 3663 Estautem
1342 3609 1633 3678 unicuique
1664 3608 2025 3678 exploratum,
2054 3623 2158 3662 non

592 3697 755 3752 fuisse
802 3701 900 3754 hos
956 3699 1220 3753 inanimes
1291 3715 1427 3768 quos
1476 3699 1845 3768 reprehendit,
1899 3699 1980 3754 vel
2042 3700 2160 3768 qui-

589 3790 873 3858 liuslegem
895 3790 1198 3852 constituit,
1225 3789 1305 3843 vel
1332 3804 1560 3858 quorum
1591 3800 1841 3844 naturam
1876 3789 2155 3845 describit.

659 3879 841 3948 Neque
877 3881 1047 3935 solum
1093 3881 1161 3935 de
1212 3881 1540 3950 vituperatis
1597 3883 1667 3935 ita
1715 3881 1959 3951 loquitur
1999 3880 2156 3934 Scri-

583 3985 759 4039 ptura,
781 3989 965 4026 verum
989 3973 1154 4028 etiam
1188 3975 1254 4026 de
1281 3973 1691 4029 laudatissimis.
1721 3973 1900 4030 Tesﬁs
1933 3972 2154 4035 Paulus,

584 4065 672 4129 qui
707 4066 756 4116 in
794 4065 1022 4133 Epistula
1052 4067 1117 4118 ad
1148 4064 1369 4120 Galatas
1399 4066 1472 4119 ait
1501 4083 1514 4120 :
1552 4085 1569 4117 ι
1596 4067 1729 4120 Cum
1752 4077 1931 4120 autem
1955 4065 2156 4134 placuit

584 4157 654 4217 ei,
691 4157 777 4223 qui
810 4172 893 4209 me
923 4158 1226 4226 Segregavit
1253 4173 1319 4211 ex
1349 4171 1509 4213 utero
1553 4158 1742 4212 matris
1773 4173 1926 4223 metu,
1978 4168 2030 4214 et
2064 4174 2158 4213 v0-

585 4249 724 4299 rmit
755 4263 846 4311 per
875 4248 1102 4314 gratiam
1135 4265 1312 4313 suam,
1361 4259 1419 4302 ut
1471 4249 1739 4304 revelaret
1769 4249 1965 4304 Filium
1996 4265 2152 4303 suum

587 4338 636 4388 in
671 4352 774 4398 me,
809 4338 1068 4391 continuo
1120 4354 1225 4392 non
1263 4341 1514 4408 acquievi
1564 4341 1716 4396 carni
1759 4350 1815 4396 et
1866 4341 2149 4412 sanguini,

586 4427 678 4476 sed
712 4426 774 4476 ad
809 4441 1167 4492 prmcessores
1198 4445 1346 4484 meos
1376 4431 1648 4498 apostolos
1678 4433 1880 4488 accessi
1938 4443 1980 4488 τ.
2037 4453 2056 4487 ι
2089 4429 2150 4491 Si

2256 3265 2314 3318 τὸ
2337 3261 2476 3319 εἶναι
2519 3265 2715 3328 αὐτοὺς
2758 3264 2953 3334 σάρκα.
2989 3282 3008 3314 ι
3050 3264 3160 3316 Καὶ
3200 3265 3227 3314 ὁ
3262 3263 3546 3331 προφήτης
3578 3258 3812 3328 ἑτέρωθι.

2261 3375 2280 3408 ι
2304 3358 2460 3410 Πᾶσα
2477 3357 2613 3426 σάρξ
2627 3354 2756 3426 χοῦς
2777 3355 2872 3426 [ita
2890 3356 3032 3419 rod.,
3053 3369 3154 3408 non
3169 3353 3406 3425 χόρτος],
3423 3355 3515 3406 καὶ
3535 3355 3683 3406 πᾶσα
3702 3351 3816 3414 δόξα

2255 3447 2542 3518 ἀνθρώπου
2566 3445 2640 3510 ὼς
2668 3446 2825 3509 ἄνθος
2850 3447 3043 3516 χόρτου
3063 3460 3076 3474 ’
3113 3464 3132 3497 ι
3165 3446 3259 3499 καὶ
3288 3447 3316 3499 ό
3344 3446 3612 3516 μακάριος
3641 3444 3810 3504 Δαϐὶδ.

2261 3559 2280 3592 ‹
2317 3537 2611 3608 Ἐμνήσθη,
2631 3539 2816 3606 φησιν,
2849 3537 2929 3590 ὅτι
2958 3535 3095 3606 σάρξ
3124 3538 3250 3596 εισι,
3283 3535 3500 3605 πνεῦμα
3530 3534 3811 3607 πορευόμε-

2257 3647 2364 3688 νον.
2401 3629 2496 3681 καὶ
2516 3629 2614 3681 οὐκ
2643 3628 2993 3697 ἐπιστρέφον.
3022 3647 3039 3677 ι
3077 3627 3246 3679 Παντὶ
3266 3625 3322 3678 δὲ
3345 3626 3614 3696 δήπουθεν
3638 3623 3808 3693 γνώριο

2261 3736 2379 3791 μον,
2403 3718 2476 3782 ὡς
2504 3717 2603 3770 οῦκ
2630 3717 2825 3785 ἄψυχοι
2851 3711 2990 3786 ἦσαν
3014 3711 3158 3768 οὗτοι
3186 3707 3260 3768 ὧν
3281 3714 3601 3784 κατηγορεῖ,
3628 3712 3716 3764 καὶ
3738 3703 3806 3770 οἷς

2258 3807 2557 3878 νομοθετεῖ.
2597 3807 2690 3859 καὶ
2714 3800 2788 3859 ὧν
2813 3805 3110 3875 ἐρμηνεύει
3142 3805 3240 3874 τὴν
3273 3803 3456 3873 φύσιν.

2328 3899 2403 3953 Οὐ
2437 3899 2594 3969 μόνον
2620 3897 2676 3950 δὲ
2713 3898 2839 3959 τοὺς
2882 3895 3384 3966 κατηγορουμένους
3414 3893 3586 3966 [λέγει
3624 3892 3803 3964 hrpa-

2260 3988 2381 4061 φὴ],
2407 3987 2544 4042 ἀλλὰ
2597 3987 2693 4041 καὶ
2723 3987 2831 4040 τῶν
2864 3985 3273 4055 ἐπαινουμένων
3307 3987 3433 4048 τοὺς
3467 3983 3802 4058 κορυφαίους·

2260 4080 2355 4132 καὶ
2389 4079 2593 4132 τούτων
2629 4077 2839 4148 μάρτυς
2865 4078 2894 4129 ὁ
2935 4075 3204 4146 μακάριος
3249 4074 3459 4136 Παῦλος
3501 4076 3558 4126 ἐν
3589 4075 3654 4143 τῇ
3692 4070 3805 4140 πρὸς

2261 4169 2505 4233 Γαλάτας
2532 4168 2704 4236 λέγων
2722 4181 2734 4195 ⁸
2769 4185 2786 4217 ι
2817 4167 2946 4220 Ὅτε
2979 4165 3033 4219 δέ
3065 4165 3357 4234 εὐδόκησεν
3388 4167 3416 4217 6
3435 4164 3566 4227 Θεὸς
3591 4166 3618 4216 ὁ
3639 4160 3805 4230 ἀφορί·

2263 4276 2361 4322 σας
2396 4275 2463 4328 με
2488 4258 2551 4310 ἐκ
2587 4255 2792 4318 κοιλίας
2833 4255 3038 4325 μητρός
3073 4269 3196 4322 μου.
3227 4252 3321 4304 καὶ
3356 4249 3594 4314 καλέσας
3623 4247 3704 4300 διὰ
3726 4245 3804 4311 τῆς

2262 4351 2478 4422 χάριτος
2513 4345 2676 4401 αὐτοῦ
2720 4344 3070 4414 ἀποκαλύψαι
3112 4343 3205 4396 τὸν
3233 4343 3359 4395 Υἰὸν
3399 4341 3564 4395 αὑτοῦ
3599 4342 3652 4393 ἐν
3682 4335 3799 4404 ἐμοὶ.

2262 4442 2461 4503 ευθέως
2496 4441 2554 4492 οὐ
2584 4437 2997 4510 προσανεθέμην
3035 4435 3201 4506 σαρκὶ
3240 4436 3333 4488 καὶ
3363 4434 3576 4503 αἵματι,
3686 4425 3796 4479 ἀλλὰ

583 4535 710 4586 mgo
737 4534 839 4571 nun
869 4529 1076 4572 tantum
1116 4521 1181 4575 de
1205 4523 1409 4577 carnali
1450 4523 1668 4590 aﬂ'ectu,
1715 4533 1769 4581 et
1807 4527 1874 4582 de
1908 4531 2154 4585 mortali-

2264 4533 2398 4603 πρὸς
2430 4531 2550 4592 τοὺς
2583 4528 2685 4598 πρὸ
2732 4526 2867 4598 ἐμοῦ
2897 4525 3226 4588 ἀποστόλους
3261 4522 3516 4593 ἀνῆλθον.
3542 4541 3558 4571 ι
3587 4519 3644 4571 Εἰ
3679 4516 3727 4568 δὲ

585 4621 726 4673 μευ,
771 4607 951 4662 carnis
1003 4625 1196 4666 sensus
1239 4613 1585 4685 intelligitur,
1638 4630 1822 4672 verum
1871 4620 2032 4674 etiam
2090 4625 2154 4678 de

583 4707 831 4753 universa
886 4701 1121 4756 hominis
1167 4711 1378 4771 natura,
1428 4701 1573 4774 pafbt
1605 4707 1916 4775 dicti0nem,
1947 4729 1964 4762 ι
2019 4712 2153 4766 Ver-

581 4793 704 4844 lmtn
731 4808 858 4846 caro
891 4793 1090 4847 factum
1123 4805 1226 4859 est,
1248 4813 1266 4846 ι
1298 4811 1404 4850 non
1446 4799 1588 4864 quod
1621 4797 1833 4856 visibile
1860 4803 2150 4858 animantis
2192 4801 2202 4810 ’

581 4894 656 4933 est
699 4887 1104 4952 tantmumodo,
1149 4891 1241 4942 sed
1275 4898 1442 4942 totum
1489 4890 1757 4944 hominem
1807 4892 2141 4964 signiﬁcare.

584 4976 762 5040 Neque
814 4982 1224 5036 conversionem
1277 4983 1563 5051 quamdam
1595 4982 1791 5040 divinae
1833 4987 2151 5043 snbstantim

583 5068 631 5117 in
667 5082 885 5118 carnem
928 5070 1181 5124 evenisse
1234 5071 1385 5136 dicit,
1439 5073 1534 5127 sed
1583 5085 1919 5143 aSSutnptant
1959 5097 1992 5130 a
2043 5079 2150 5133 Deo

584 5154 760 5211 Verlm
821 5159 1110 5213 humanam
1166 5171 1414 5216 naturam
1463 5165 1739 5232 praedicat.
1793 5167 1947 5224 Sicut
2004 5172 2149 5225 enim

582 5254 800 5314 Irtt‘tlliO,
835 5269 852 5301 ι
895 5251 1144 5306 Christus
1184 5255 1414 5308 redemit
1451 5271 1548 5310 nos
1566 5258 1632 5311 de
1670 5260 1960 5316 maledicto
1991 5265 2149 5337 legis,

580 5349 750 5400 fartus
771 5361 866 5414 pro
898 5345 1053 5399 nobis
1084 5344 1425 5400 maledictum
1471 5351 1515 5413 ⁸,
1562 5368 1578 5400 υ
1611 5367 1948 5422 nequaquam
1977 5359 2146 5414 imm].

581 5442 929 5494 mutationem
978 5439 1139 5493 fontis
1193 5442 1456 5494 bonorum
1505 5443 1556 5496 in
1609 5448 1950 5504 maledictum
1983 5493 1998 5514 ,
2054 5459 2145 5508 sed

579 5537 756 5601 ριιιῑιτε
782 5535 972 5586 factum
1002 5549 1093 5602 per
1130 5534 1303 5602 ipsum
1344 5535 1550 5602 peccati
1593 5539 1708 5595 sive
1747 5543 2016 5598 maledicti
2050 5548 2144 5600 tie-

2269 4621 2428 4694 μόνον
2458 4620 2549 4672 ἐπὶ
2577 4617 2668 4671 τοῦ
2707 4615 2969 4688 σαρκικοῦ
3005 4615 3349 4685 φρονήματος
3383 4611 3475 4664 καὶ
3509 4611 3599 4678 τῆς
3636 4603 3796 4674 θνητᾶ-

2265 4729 2442 4782 τητος,
2477 4710 2536 4762 τὸ
2571 4709 2666 4778 τῆς
2693 4706 2890 4778 σαρκὸς
2914 4706 3166 4776 φρόνημα
3197 4702 3550 4772 λαμϐάνεται,
3575 4698 3697 4752 ἀλλὰ
3721 4694 3795 4745 καὶ

2266 4803 2356 4854 ἐπὶ
2389 4801 2566 4868 πάσης
2585 4799 2680 4866 τῆς
2706 4797 2798 4850 τοῦ
2822 4794 3107 4865 ἀνθρώπου
3141 4793 3374 4862 φύσεως,
3409 4789 3625 4860 εὔδηλον
3647 4787 3712 4848 ὡς
3734 4783 3798 4844 τὸ,

2274 4913 2290 4944 ‹
2324 4893 2380 4944 '0
2410 4891 2578 4958 Λόγος
2607 4888 2743 4960 σάρξ
2773 4888 3006 4957 ἐγένετο,
3033 4905 3049 4937 ›
3073 4885 3132 4937 οὺ
3157 4884 3213 4937 τὸ
3236 4883 3555 4952 φαινόμενον
3575 4878 3661 4932 τοῦ
3685 4876 3799 4940 ζῶον

2271 4985 2449 5053 μόνον,
2496 4979 2607 5032 ἀλλ’
2643 4978 2760 5031 ὅλον
2794 4977 3046 5047 σημαίνει
3079 4975 3169 5026 τὸν
3209 4974 3523 5043 ἄνθρωπονο
3561 4969 3668 5023 οὐδὲ
3696 4980 3795 5034 τρο·

2270 5075 2378 5142 πήν
2408 5088 2528 5124 τινα
2567 5069 2663 5137 τῆς
2708 5068 2856 5128 θείας
2884 5066 3069 5127 οὐσίας
3101 5066 3179 5126 εἰς
3233 5065 3411 5132 σάρκα
3457 5063 3583 5131 φησὶ
3613 5053 3800 5126 γεγενῆ-

2272 5167 2414 5226 σθαι,
2448 5161 2584 5215 ἀλλά
2625 5161 2721 5230 τὴν
2760 5161 2864 5212 ὑπὸ
2902 5158 2993 5211 τοῦ
3028 5156 3162 5209 Θεοῦ
3209 5157 3381 5224 Λόγου
3429 5153 3679 5221 ἀνάληψιν
3722 5145 3801 5211 τῆς

2269 5252 2614 5324 ἀνθρωπείας
2649 5251 2910 5322 κηρύττει
2937 5249 3174 5315 φύσεως*
3204 5247 3391 5317 ὥσπερ
3425 5246 3530 5315 γὰρ
3553 5245 3626 5306 τὸ,
3657 5239 3802 5305 «Χρι-

2273 5344 2393 5404 οτδὲ
2439 5345 2586 5413 ἡμᾶς
2631 5342 2963 5412 ἐξηγόρασεν
2997 5341 3061 5391 ἐκ
3095 5340 3190 5408 τῆς
3237 5339 3481 5408 κατάρας
3524 5333 3612 5386 τοῦ
3639 5331 3798 5398 νόμον.

2272 5436 2558 5501 γενόμενος
2588 5434 2727 5502 ὑπὲρ
2755 5431 2907 5502 ἡμῶν
2953 5430 3184 5499 κατάρα,
3213 5448 3231 5479 ι
3259 5431 3320 5482 οῦ
3367 5430 3462 5498 τὴν
3491 5429 3564 5489 είς
3591 5420 3800 5487 κατάραν

2277 5524 2574 5594 μεταϐολὴν
2602 5523 2700 5591 τῆς
2738 5523 2843 5575 τῶν
2877 5521 3097 5588 ἀγαθῶν
3145 5520 3326 5589 πηγῆς
3359 5519 3651 5574 αἰνίττεται,
3685 5505 3798 5561 άλὶᾶ

644 5739 842 5792 ’Joau.
882 5758 918 5806 ι,
957 5740 1044 5793 ll.
1125 5741 1143 5768 ’
1172 5737 1308 5792 Gen.
1352 5755 1494 5799 XLVI.
1525 5742 1614 5795 27.
1691 5741 1707 5772 ³
1751 5741 1943 5794 Εῑιιριι.
1977 5755 2125 5802 xvtu,

2296 5738 2310 5767 ⁵
2351 5737 2488 5793 Gen.
2524 5755 2598 5805 vi,
2631 5738 2685 5803 '5,
2718 5737 2804 5791 ill.
2879 5736 2898 5769 '
2935 5735 3033 5791 isa.
3073 5750 3157 5798 xu,
3182 5734 3233 5789 θ.
3317 5730 3487 5788 'Psal.
3513 5736 3697 5784 utvn,
3721 5711 3799 5772 39.

570 5809 788 5863 9#Galat.
831 5825 866 5867 t.
906 5809 990 5862 15.
1057 5811 1075 5839 ⁸
1103 5809 1275 5863 Galal.
1309 5825 1389 5874 ιιι,
1426 5811 1515 5863 15.

1149 6013 1174 6036 4
