4070 6290
367 415 476 475 (illi)

371 541 472 606 τὴν
514 537 578 589 δι’
617 538 779 592 αὑτοῦ
830 542 1130 617 γενομένην.
1167 545 1265 614 τῆς
1319 546 1595 616 ἁμαρτίας
1645 551 1812 621 ἡγουν
1849 553 1946 623 τῆς
1976 568 2015 618 Α

371 628 618 696 κατάρας
665 631 1004 703 ἀπαλλαγὴν,
1048 634 1140 686 καὶ
1185 635 1268 700 τὸ,
1309 656 1326 688 1
1367 638 1624 694 Γενέσθαι
1672 645 1945 715 ἁμαρτίαν

371 721 512 788 ὑπὲρ
557 721 713 790 ἡμῶν
751 725 842 776 τὸν
899 727 971 795 μὴ
1001 726 1196 794 γνόντα
1233 729 1530 801 ἁμαρτίαν,
1577 752 1594 785 ι
1631 737 1689 787 οὐ
1717 737 1815 806 τὴν
1847 740 1945 808 τῆς

370 811 710 880 δικαιοσύνης
728 816 980 883 σημαίνει
1001 820 1208 889 τροπὴν
1230 823 1522 892 (ἄτρεπτον
1539 826 1646 896 γὰρ
1677 827 1737 879 τὸ
1767 830 1940 894 θεῖον,

372 903 464 951 καὶ
496 901 869 968 ἀναλλοίωτον,
901 905 976 967 ὡς
1004 906 1092 959 διὰ
1138 907 1233 960 τοῦ
1278 914 1559 982 προφήτου
1589 915 1687 983 βοᾷ
1706 934 1718 946 ⁶
1760 933 1777 966 ι
1803 919 1944 986 Ἐγώ

370 993 507 1058 εἰμι,
547 994 640 1044 καὶ
669 994 767 1046 οὐκ
794 995 1094 1067 ἠλλοίωμαι
1113 1037 1126 1059 ,
1161 999 1207 1067 ι)
1231 1001 1365 1055 ἀλλά
1393 1004 1492 1073 τὴν
1521 1005 1628 1057 τῶν
1661 1009 1943 1079 ἡμετέρων

371 1082 784 1154 ἁμαρτημάτων
809 1087 1104 1156 ἀνάληψιν·
1135 1109 1154 1141 1
1191 1092 1294 1144 Ἴδε
1328 1093 1456 1162 γὰρ,
1485 1097 1668 1165 φησὶν,
1689 1100 1717 1149 6
1751 1101 1942 1168 Ἀμνὺς

368 1171 466 1222 τοῦ
505 1172 661 1238 Θεοῦ,
701 1175 773 1226 ίδε
800 1178 827 1228 6
855 1178 1025 1246 αἴρων
1056 1179 1156 1249 τὴν
1200 1182 1472 1251 ἁμαρτίαν
1526 1185 1620 1238 τοῦ
1658 1187 1882 1257 κόσμου’
1918 1209 1936 1240 ι

370 1260 513 1315 οὓτω
535 1266 615 1328 τὸ,
648 1281 666 1314 1
689 1266 746 1317 Ὀ
773 1267 942 1335 Λόγος
966 1269 1103 1340 σὰρξ
1130 1271 1365 1338 ἐγένετο,
1395 1290 1414 1324 t
1445 1276 1504 1326 οὐ
1536 1276 1634 1346 τὴν
1659 1278 1941 1331 ἀλλοίωσιν

372 1351 521 1419 λέγει
560 1354 660 1430 τῆς
705 1355 984 1426 Θεότητος,
1017 1361 1152 1415 ἀλλὰ
1179 1363 1277 1432 τῆς
1335 1364 1683 1437 ἀνθρωπίνης
1727 1371 1940 1438 φύσεως

372 1444 645 1513 ἀνάληψιν
672 1462 684 1476 ·
714 1447 812 1517 τὴν
849 1449 1056 1518 ἄφατον
1086 1453 1193 1523 γὰρ
1233 1455 1328 1508 τοῦ
1366 1457 1500 1510 Θεοῦ
1534 1459 1941 1531 φιλανθρωπίαν

370 1534 401 1585 6
423 1535 808 1606 εύαγγελιστὴς
841 1541 1148 1611 κηρύττων,
1169 1545 1243 1604 ὡς
1275 1545 1515 1609 ἐδίδαξεν
1555 1549 1629 1610 ὡς
1651 1551 1678 1600 ὁ
1707 1551 1766 1601 ἐν
1797 1553 1940 1623 ἀρχῇ

369 1641 447 1694 ὢν
481 1681 496 1703 ,
607 1645 701 1698 καὶ
735 1647 865 1711 Θεὸς
887 1649 982 1715 ὢν,
1019 1653 1112 1704 καί
1140 1653 1276 1722 πρὸς
1315 1655 1408 1707 τὸν
1436 1655 1567 1708 Θεὸν
1595 1656 1691 1720 ὢν,
1716 1660 1810 1711 καὶ
1846 1661 1940 1712 οὑ-

366 1730 562 1786 δέποτε
593 1736 666 1820 μὴ
698 1736 793 1798 ὢν,
829 1741 856 1791 6
876 1740 1285 1812 δημιουργήσας
1314 1745 1519 1809 πάντα,
1548 1749 1577 1800 6
1609 1747 1676 1801 τὰ
1714 1750 1788 1820 μὴ
1812 1749 1942 1805 ὄντα

373 1816 456 1876 είς
477 1820 537 1867 τὸ
565 1814 702 1871 εἶναι
729 1825 984 1892 ποιήσας,
1016 1829 1046 1897 ή
1070 1830 1205 1900 ζωὴ,
1237 1833 1296 1884 τὸ
1321 1834 1438 1900 φῶς
1459 1836 1521 1888 τὸ
1554 1814 1829 1912 ἀληθινὸν,

369 2092 668 2159 σωτηρίαν.
699 2096 809 2148 Καὶ
834 2099 1099 2166 μειζόνως
1121 2106 1286 2158 αὐτοῦ
1309 2107 1480 2174 δεῖξαι
1499 2113 1567 2182 τῆ

349 2171 426 2227 ’τδ
460 2180 691 2248 μέγεθος
719 2184 1006 2258 ἐθελήσας,
1029 2192 1092 2244 οὐ
1121 2195 1223 2265 τῆς
1245 2171 1427 2268 ψυχῆς
1456 2171 1828 2273 ἐμνημόνέυξῒε

359 2269 660 2337 ἀθανάτου,
697 2277 834 2331 ἀλλά
866 2282 964 2352 τῆς
1003 2287 1208 2356 σαρκὸς
1232 2290 1332 2360 τῆς
1367 2269 1636 2366 παθητῆς,
1667 2300 1767 2368 τῆς
1815 2269 1945 2373 θνηζ

356 2360 481 2429 τῆς,
514 2363 615 2431 τῆς
650 2365 1040 2442 φθειρομένης,
1090 2377 1192 2445 τῆς
1234 2379 1299 2432 ὲκ
1344 2360 1516 2450 πηλοῦ
1546 2360 1943 2460 γεγενημένης·

355 2452 584 2507 καὶ-ἀπὸ
624 2457 721 2510 τοῦ
757 2461 957 2532 μέρους
989 2465 1086 2536 τὴν
1113 2470 1298 2523 πᾶσαν
1328 2475 1492 2539 φύσιν
1537 2452 1834 2547 ἐδήλωσεν,

320 2550 634 2616 ’μαρτυρεῖ
673 2550 744 2602 τὰ
792 2555 1110 2626 ὲπαγόμενα
1135 2575 1150 2589 ⁸
1191 2580 1209 2613 1
1251 2563 1310 2614 Ὀ
1355 2565 1528 2634 Λόγος
1571 2568 1703 2640 γὰρ,
1752 2572 1936 2640 φησὶν,

358 2634 497 2704 σάρξ
525 2639 764 2706 ἐγένετο,
799 2645 892 2697 καὶ
913 2648 1226 2718 ἐσκήνωσεν
1250 2654 1306 2706 ὲν
1334 2658 1486 2726 ἡμῖν.
1518 2678 1537 2709 ι

427 2743 653 2818 Ἕτερος
691 2752 748 2804 δὲ
781 2755 808 2807 6
833 2759 1166 2830 κατοικήσας
1203 2763 1344 2819 κατὰ
1367 2766 1459 2818 τὸν
1501 2768 1657 2838 λόγον
1694 2774 1792 2844 τῆς
1830 2778 1932 2845 φύς

347 2853 507 2898 σεως,
534 2841 629 2892 καὶ
655 2842 840 2914 ἕτερος
863 2849 890 2900 6
917 2849 1169 2912 ναός.Διὸ
1189 2855 1284 2907 καὶ
1311 2859 1424 2921 τοῖς
1454 2861 1730 2928 Ἰουδαίοις
1750 2841 1929 2936 ἔλεγε·

351 2946 366 2973 1
400 2927 611 2983 Λύσατε
645 2933 734 2987 τὸν
780 2938 908 2991 ναὲν
958 2941 1168 3008 τοῦτον,
1217 2949 1314 2999 καὶ
1368 2951 1424 3003 ἐν
1470 2955 1650 3023 τρισὶν
1693 2960 1932 3031 ἡμέραις

345 3019 522 3088 ἐγερῶ
556 3023 736 3078 αὐτόν.
769 3044 786 3075 t
809 3028 978 3095 Λύσις
1006 3032 1062 3084 δὲ

337 3125 432 3172 τος
468 3111 499 3180 ἡ
539 3112 843 3182 διάζευξιςο
888 3121 1118 3188 θάνατος
1156 3129 1264 3201 γάρ
1292 3132 1408 3185 ἐστι
1466 3111 1642 3207 ψυχῆς
1674 3140 1783 3194 ἀπὸ
1817 3111 1926 3196 σώ-

341 3218 511 3266 ματος
536 3205 918 3281 ἀναχώρησις·
943 3216 1139 3272 οὐκοῦν
1164 3220 1264 3291 τὴν
1303 3222 1458 3279 λύσιν
1484 3205 1579 3282 τοῦ
1601 3205 1738 3286 ναοῦ
1768 3236 1796 3288 6
1820 3235 1923 3307 τῆς

335 3290 520 3363 ψυχῆς
557 3298 850 3368 ἐργάζεται
883 3311 1194 3380 χωρισμόςο
1247 3316 1294 3368 εί
1323 3317 1501 3371 τοίνυν
1545 3322 1785 3378 Ἰουδαῖοι
1828 3328 1920 3381 τὸν

335 3383 468 3436 ναὸν
516 3385 714 3443 ἔλυσαν
754 3397 976 3467 σταυρῷ
1024 3401 1118 3453 καὶ
1167 3402 1382 3476 θανάτῳ
1438 3412 1914 3483 παραδεδωκότες,

332 3473 492 3539 λύσις
515 3477 570 3530 δὲ
602 3482 732 3534 ναοῦ
755 3485 863 3538 τῶν
886 3491 1251 3561 συνημμένων
1281 3499 1310 3550 6
1335 3473 1636 3572 γωρισμὺς,
1658 3507 1686 3558 6
1706 3505 1761 3559 δὲ
1783 3473 1916 3574 Θεός

329 3565 507 3633 Λόγος
542 3568 730 3624 τοῦτον
776 3573 1008 3632 λυθέντα
1063 3565 1368 3656 ἀνέστησε,
1400 3565 1570 3661 σαφές
1598 3565 1752 3667 οἶμαι

328 3655 620 3750 ξμιρροσιν,
658 3661 734 3727 ὡς
766 3666 868 3719 οὐκ
913 3670 1119 3742 ἄψυχον
1153 3655 1274 3730 οὐδὲ
1297 3655 1494 3750 ἄνουν,
1538 3655 1672 3742 ἀλλά
1706 3690 1795 3742 τέλ

323 3742 620 3815 ἄνθρωπον
653 3754 681 3804 6
709 3752 844 3819 Θεὸς
883 3758 1176 3817 ἀνε).ά6ετο
1199 3767 1372 3838 Λόγος
1395 3790 1408 3804 ·
1444 3742 1493 3827 εί
1527 3777 1634 3849 γὰρ
1661 3781 1783 3834 ἀντὶ

320 3833 594 3891 ἀθανάτου
621 3840 818 3914 ψυχῆς,
845 3849 902 3900 ὲν
930 3849 1008 3920 τῷ
1040 3833 1404 3926 ἀναληφθέντι
1442 3833 1656 3938 σώματι

317 3924 352 3974 ὁ
397 3925 528 3990 Θεὸς
549 3931 740 4000 Λόγος,
773 3932 927 3992 εἶπεν
958 3942 1024 3995 ἂν
1063 3949 1178 4009 τοῖς

327 4017 427 4070 καὶ
464 4020 522 4071 ἐν
575 4026 752 4114 τρισὶν
797 4030 1036 4102 ἡμέραις
1068 4017 1485 4114 άναστήσομαιί
1541 4051 1636 4104 νῦν
1661 4054 1718 4106 δὲ

316 4119 490 4169 σκων,
522 4109 615 4162 καὶ
649 4112 743 4166 τοῦ
784 4119 914 4171 ναοῦ
947 4121 1009 4174 τὸ
1036 4128 1336 4194 τηνικαῦτα
1363 4135 1426 4186 τὸ
1467 4136 1680 4208 θνητὸν,
1711 4145 1806 4198 καὶ

310 4195 540 4250 δυνατὸν
572 4199 672 4270 τῆς
705 4205 1024 4282 ἐνοικούσης
1068 4215 1355 4288 Θεότητος,
1410 4243 1428 4275 ι
1470 4195 1705 4295 Λύσατε,

306 4285 408 4339 τὸν
432 4287 557 4341 ναὸν
600 4291 821 4359 τοῦτον,
871 4302 964 4354 καὶ
996 4305 1053 4357 ὲν
1099 4285 1275 4376 τρισίν
1317 4315 1552 4385 ἡμέραις
1587 4285 1764 4393 ἐγεριῦ

303 4376 402 4484 τόμ
423 4397 434 4408 ο
467 4399 486 4431 ι
514 4385 576 4437 οὐ
608 4387 718 4459 γὰρ
754 4390 884 4459 ἐγὼ,
903 4398 1088 4465 φησὶν,
1118 4401 1209 4470 ὑφ’
1240 4376 1392 4475 ὑμιῦίν
1419 4376 1743 4484 λυθήσομάι,

303 4470 336 4521 6
367 4469 595 4540 ληφθεὶς
631 4479 724 4532 ὑπ’
773 4483 909 4552 ἐμοῦ
951 4491 1108 4552 ναός·
1142 4469 1238 4546 καί
1270 4469 1424 4564 οὗτος
1454 4503 1510 4555 δὲ
1540 4469 1761 4572 λύεται,
1799 4512 1886 4566 ἵνα

300 4562 617 4630 κρείττονος
660 4571 1013 4642 ἀναστάσεως
1067 4582 1370 4660 ἀπολαύσῃ,
1426 4592 1512 4645 ἵνα
1549 4597 1648 4666 τὴν
1681 4599 1882 4674 θνητήν

301 4651 470 4674 :__.1n.-
663 4661 692 4674 '-
829 4667 849 4674 “
979 4670 988 4674 ⁸

1310 422 1683 486 PANOPLIA
1727 429 2188 497 DOGMA'I‘ICA.
2219 462 2289 474 —
2314 441 2457 505 TIT.
2505 445 2659 507 XIV.

3511 459 3616 524 910

2045 580 2344 651 pulsionem
2371 598 2384 646 ;
2417 591 2469 637 et
2499 583 2658 638 sicuti
2685 586 2868 650 verba,
2909 604 2928 638 ι
2967 588 3170 646 factum
3191 607 3311 651 esse
3331 610 3612 666 peccatum

2044 688 2142 740 pro
2167 673 2320 728 nobis
2346 687 2469 727 eum
2505 676 2594 743 qui
2623 689 2900 744 peccatum
2956 695 3060 736 non
3089 698 3318 742 noverat
3371 697 3418 754 ί,
3461 711 3478 744 ι
3517 711 3608 747 ne.

2047 779 2314 834 quaquam
2349 766 2576 835 iustitiae
2609 769 2966 826 mutationem
3001 774 3308 844 signiﬁcant
3338 783 3440 851 (est
3466 788 3612 840 enim

2047 857 2368 912 invertibilis
2401 857 2538 913 Deus
2563 869 2619 912 et
2647 860 3016 928 immutabilis,
3048 866 3206 922 sicuti
3237 885 3334 937 per
3380 877 3611 944 prOpbe-

2047 959 2154 1001 tam
2184 947 2408 1003 clamat:
2443 967 2463 1000 1
2497 949 2607 1019 Ego
2635 966 2774 1017 sum,
2804 962 2980 1008 etnon
3005 967 3182 1013 mutor
3225 967 3274 1026 ',
3310 964 3465 1033 r)sed
3481 983 3616 1037 pec-

2046 1054 2290 1093 calorum
2338 1049 2644 1096 noStrorum
2687 1048 3148 1112 assumptionem:
3184 1072 3203 1104 1
3256 1054 3392 1112 Ecce
3424 1062 3568 1116 enim
3593 1103 3610 1128 ,

2045 1131 2138 1196 ait,
2179 1131 2360 1201 Agnus
2393 1133 2506 1197 Dei,
2540 1148 2666 1188 ecce
2693 1138 2781 1204 qui
2810 1138 2948 1192 tollit
2976 1151 3256 1208 peccatum
3280 1151 3464 1204 mundi
3494 1161 3513 1189 ³
3544 1173 3560 1220 ;
3586 1174 3608 1209 ρ

2044 1222 2150 1284 sic,
2195 1223 2433 1290 inquam,
2480 1225 2662 1288 dictio,
2700 1246 2719 1278 1
2759 1226 2988 1283 Verbum
3028 1248 3154 1286 caro
3203 1236 3401 1293 factum
3449 1255 3552 1306 est,
3581 1267 3600 1298 ›

2045 1323 2148 1361 non
2181 1311 2532 1364 mutationem
2556 1313 2687 1368 dicit
2729 1315 2974 1381 Deitatis,
3000 1325 3092 1374 sed
3121 1325 3370 1383 humanas
3402 1345 3606 1388 natura:

2046 1401 2496 1467 assumptioncm.
2541 1402 2784 1474 Namque
2827 1409 3152 1466 ineﬂ'abilem
3193 1413 3288 1470 Dei
3339 1434 3465 1485 erga
3511 1424 3610 1478 ho-

2047 1489 2220 1542 mines
2273 1491 2592 1546 charitatem
2649 1495 2943 1561 praedicare
2999 1498 3183 1554 volens
3228 1509 3554 1576 evangelista
3591 1552 3608 1574 ,

2049 1588 2334 1646 postquam
2350 1581 2553 1646 docuit,
2837 1601 2957 1638 eum
2985 1590 3073 1656 qui
3111 1591 3178 1643 ab
3212 1593 3363 1648 initio
3387 1609 3527 1664 erat,
3557 1615 3613 1655 et

2045 1669 2136 1734 qui
2169 1668 2308 1724 Deus
2330 1683 2467 1736 erat,
2489 1684 2543 1727 et
2567 1675 2656 1743 qui
2699 1678 2840 1743 apud
2874 1679 3036 1732 Deum
3075 1693 3211 1750 erat,
3242 1695 3298 1738 et
3331 1690 3420 1756 qui
3465 1705 3608 1746 nun.

2045 1770 2345 1823 quamnon
2381 1762 2594 1830 (uerat,
2639 1767 2730 1833 qui
2780 1769 2958 1822 omnia
2992 1785 3312 1842 creaverat,
3360 1781 3450 1847 qui
3499 1799 3606 1838 non

1858 1845 2350 1916 'c'hvBexsistentia
2380 1861 2446 1914 ad
2485 1865 2856 1918 exsistendum
2900 1875 3164 1932 traxerat,
3207 1871 3297 1937 qui
3337 1873 3443 1925 vita
3486 1887 3607 1926 erat

1771 1937 1958 2004 ἓδκειῶ-
2030 1958 2085 2004 et
2112 1949 2204 2005 lux
2231 1965 2392 2016 vera;
2426 1953 2535 2018 hic,
2573 1956 2667 2017 ait,
2700 1957 2976 2011 hominum
2998 1974 3124 2013 suas
3153 1961 3281 2014 fecit
3304 1964 3606 2031 passiones,

1587 2028 1922 2098 ματευόμενο

2031 2041 2156 2094 dum
2199 2041 2476 2096 hominum
2503 2045 2733 2099 salutem
2764 2060 3108 2112 operaretur.
3144 2049 3388 2119 Cumque
3430 2053 3608 2107 adhuc

1577 2132 1602 2176 ς
1628 2117 1918 2187 εὐεργεσία

2031 2134 2203 2205 magis
2261 2137 2642 2192 beneﬁciorum
2704 2139 2847 2194 illius
2911 2142 3341 2210 magnitudinem
3379 2144 3606 2197 demon-

2028 2233 2205 2278 strare
2229 2225 2406 2288 vellet,
2437 2242 2776 2296 nequaquam
2805 2231 2872 2282 de
2905 2230 3196 2284 immortali
3222 2233 3403 2286 anima
3437 2235 3601 2287 verba

2027 2314 2173 2381 fecit,
2206 2319 2298 2372 sed
2339 2319 2404 2372 de
2426 2320 2668 2389 passibili
2699 2337 2884 2386 carne,
2909 2323 3123 2377 mortali
3152 2333 3206 2378 et
3235 2326 3598 2396 corruptibili,

2026 2421 2090 2458 ex
2123 2406 2249 2461 limo
2273 2406 2460 2474 facta;
2509 2420 2673 2480 atque
2710 2425 2738 2463 a
2784 2420 2938 2480 parte
2988 2422 3153 2466 totam
3200 2423 3449 2468 naturam
3499 2417 3598 2471 de-

2025 2493 2285 2561 claravit,
2327 2508 2387 2550 ut
2410 2500 2693 2566 sequentia
2725 2509 2996 2555 testantur
3032 2521 3046 2556 :
3083 2520 3100 2552 1
3142 2503 3376 2559 Verbum
3407 2506 3550 2560 enim
3576 2548 3594 2570 ,

2022 2583 2238 2654 inquit,
2311 2604 2441 2644 caro
2497 2589 2698 2644 factum
2760 2602 2892 2657 est,
2958 2602 3011 2646 et
3068 2594 3333 2651 habitavit
3385 2597 3436 2652 in
3493 2613 3593 2652 no-

2021 2677 2254 2732 bis‘.:

2088 2789 2240 2845 Alius
2267 2805 2396 2846 vero
2427 2792 2473 2847 is
2500 2801 2642 2858 erat,
2688 2795 2778 2862 qui
2823 2797 2985 2850 modo
3043 2799 3272 2853 naturali
3321 2801 3594 2858 inhabita-

2020 2879 2130 2945 bat,
2169 2881 2313 2936 aliud
2347 2895 2473 2937 vero
2509 2883 2790 2953 templum.
2824 2884 3003 2952 Quare
3033 2896 3087 2940 et
3118 2887 3318 2945 ludatis
3367 2892 3586 2946 aiebat:

2021 2989 2041 3023 1
2078 2971 2282 3028 Solvite
2331 2973 2588 3044 templum
2625 2975 2823 3042 hoc,et
2865 2990 2965 3046 ego
3010 2978 3184 3034 tribus
3213 2981 3402 3038 diebus
3437 2986 3592 3039 exci-

1093 3036 1186 3089 τοῦ
1213 3040 1367 3103 ναοῦ,
1397 3042 1577 3114 ψυχῆς
1604 3049 1697 3102 καὶ
1737 3051 1922 3121 σώμα-

2015 3064 2142 3120 tabo
2166 3063 2314 3119 illud.
2373 3069 2414 3117 ⁸.
2443 3036 2476 3118 ⁷ι
2514 3063 2723 3136 Templi
2762 3083 2894 3122 vero
2925 3069 3124 3124 solutio
3155 3080 3275 3126 erat
3307 3075 3505 3131 anima:
3553 3095 3586 3132 a

1945 3186 1986 3239 ρ
2013 3169 2240 3226 corpore
2273 3155 2591 3211 dissolutio:
2614 3172 2738 3211 nam
2764 3173 2915 3214 mors
2947 3170 3033 3215 est
3056 3162 3252 3216 auimzc
3291 3180 3320 3218 a
3351 3178 3586 3236 corpore

2012 3259 2278 3304 recessus.
2311 3248 2453 3318 Ergo
2491 3250 2672 3319 templi
2722 3251 3044 3306 solutionem
3090 3265 3348 3324 operatur
3387 3260 3584 3314 anima:

2009 3351 2039 3391 a
2065 3353 2293 3408 corpore
2326 3340 2619 3406 separatio.
2661 3338 2830 3412 Igitur
2881 3343 2924 3396 si
2966 3339 3135 3398 Judaei
3181 3347 3437 3416 templum
3477 3353 3586 3404 sot-

2009 3439 2240 3496 verunt,
2293 3431 2438 3485 cruci
2494 3432 2766 3500 mortique
2824 3433 3100 3489 tradentes
3136 3476 3151 3500 ,
3211 3438 3412 3494 solutio
3452 3453 3583 3495 vero

2007 3520 2188 3588 templi
2238 3519 2647 3587 coniunctorum
2693 3523 2966 3592 separatio
3006 3523 3107 3578 fuit
3139 3567 3152 3589 ,
3221 3527 3362 3582 Dcus
3398 3539 3578 3584 autem

1801 3605 1912 3666 τοῖς
2008 3611 2240 3666 Verbum
2274 3615 2374 3667 hoc
2404 3614 2723 3669 dissolutum
2790 3618 3183 3683 resuscitavit,
3231 3621 3578 3690 exploratum

1800 3709 1912 3746 ειον
2004 3704 2240 3758 arbitror
2276 3719 2399 3760 esse
2451 3705 2830 3775 prudentibus,
2888 3723 2992 3762 non
3054 3711 3348 3765 iuanimem
3402 3730 3579 3784 neque

1810 3785 1908 3854 τῆς
2004 3805 2182 3850 mente
2227 3804 2522 3860 carentem,
2550 3799 2644 3852 sed
2696 3799 2997 3866 perfectum
3057 3803 3332 3858 hominem
3390 3821 3419 3859 a
3466 3808 3578 3862 Deo

1685 3873 1906 3940 γέγονεν
2006 3886 2178 3939 Verbo
2215 3897 2548 3954 assumptum
2611 3886 2796 3942 fuisse.
2857 3888 2990 3942 Nam
3033 3891 3080 3945 si
3133 3907 3230 3960 pro
3279 3893 3575 3951 immortali

1221 3949 1492 4020 Ἰουδαίοις
1507 3976 1521 3989 ·
1563 3961 1776 4017 Λύσατέ
1809 3985 1900 4034 με,

2013 3975 2202 4040 mima,
2239 3975 2292 4028 in
2338 3984 2620 4042 assumpto
2668 3991 2895 4046 corpore
2930 3977 3072 4033 Deus
3119 3979 3352 4035 Verbum
3405 3986 3575 4036 exsti-

1999 4065 2187 4129 tisset,
2220 4063 2405 4133 utique
2441 4063 2641 4120 Judaeis
2691 4067 2922 4122 dixisset
2969 4085 2984 4124 :
3022 4068 3312 4128 Dissolvite
3352 4090 3457 4140 me,
3517 4089 3572 4130 et

1837 4148 1898 4200 τὸ
1997 4156 2176 4210 triduo
2208 4169 2508 4224 resurgam.
2541 4154 2696 4212 Nunc
2721 4172 2852 4213 vero
2882 4173 3005 4214 cum
3033 4160 3250 4228 doceat,
3281 4172 3335 4219 et
3384 4169 3569 4236 templi

1993 4246 2136 4301 illius
2154 4248 2988 4312 mortalitatem,etinhabitantis
3002 4251 3228 4309 Deitatis
3245 4258 3565 4326 potentiam,

1995 4356 2017 4392 1
2058 4339 2285 4406 Solvite,
2317 4340 2520 4408 inquit,
2540 4341 2800 4412 templum
2837 4344 2961 4407 hoc,
2988 4353 3044 4400 et
3075 4360 3174 4416 ego
3211 4348 3390 4403 triduo
3415 4349 3567 4404 exei-

1991 4432 2115 4487 tabo
2143 4432 2289 4486 illud.
2331 4451 2350 4484 ι
2395 4431 2511 4487 Non
2536 4434 2681 4488 enim
2715 4448 2840 4504 ego,
2869 4437 2983 4502 ait,
3017 4453 3050 4491 a
3077 4439 3234 4494 vobis
3266 4441 3558 4509 dissolvar,

1916 4529 1956 4584 υ
1987 4525 2080 4578 sed
2111 4534 2444 4590 assmnptnm
2480 4541 2509 4580 a
2539 4541 2625 4580 me
2658 4529 2954 4598 templum;
3010 4541 3065 4586 et
3091 4532 3197 4588 hoc
3227 4535 3444 4602 quidem
3478 4537 3562 4606 ip-

1986 4630 2104 4672 sum
2137 4616 2208 4668 ita
2236 4616 2550 4671 dissolvitur
2579 4657 2594 4680 ,
2629 4629 2688 4671 ut
2721 4620 2946 4676 meliore
2981 4626 3380 4680 resurrectione
3409 4640 3566 4697 post-

1983 4722 2045 4763 ea
2088 4707 2319 4771 fruatur,
2352 4717 2408 4761 ut
2436 4708 2722 4762 mortalem
2753 4711 2990 4776 deponat
3027 4725 3302 4779 naturam,
3342 4728 3400 4770 ut
3433 4732 3558 4772 eor-

1975 4781 2284 4849 ruptionem
2338 4796 2502 4840 exuat
2559 4797 2614 4842 et
2666 4791 2858 4847 induat
2922 4795 3435 4864 incorruptionem,
3494 4813 3558 4859 ut

1974 4872 2168 4926 mortis
2230 4876 2518 4944 imperium
2581 4881 2852 4947 destruat,
2902 4897 2962 4938 ut
3012 4885 3103 4939 ﬁat
3164 4888 3559 4949 dormientium

1975 4965 2252 5032 primitiaa,
2312 4978 2372 5021 ut
2427 4972 2798 5040 corruptionis
2859 4977 3140 5034 doloribus
3198 4981 3394 5038 solutis
3455 5001 3556 5056 ap-

1975 5068 2164 5124 pareat
2193 5070 2532 5114 mortuornm
2568 5065 2989 5134 primogenitus.
3034 5081 3087 5126 et
3117 5076 3338 5143 propria
3370 5093 3559 5134 resur-

1971 5149 2214 5205 rectione
2257 5152 2500 5206 omnium
2565 5157 2844 5213 hominum
2911 5168 3368 5224 resurrectionem
3426 5188 3554 5241 por-

1970 5242 2176 5295 tendat.
2559 5267 2598 5286 κ

2463 5340 2544 5394 Ea:
2576 5342 2756 5397 eadem
2787 5349 3048 5405 oratione.

359 5384 472 5443 Ὅτι
506 5391 560 5446 δὲ
592 5396 766 5452 ταῦτα
793 5401 964 5468 οὕτως
999 5409 1134 5479 ἔχει,
1173 5425 1447 5488 μαρτυρεί
1482 5427 1590 5480 τῶν
1623 5432 1860 5490 ἀποστό-

359 5500 386 5518 υ
433 5485 462 5518 Α
516 5495 814 5518 υ--...-..τ--
867 5500 880 5518 ε
1024 5507 1045 5518 -
1120 5507 1164 5518 ...
1222 5511 1272 5518 .-
1406 5517 1410 5518 ,

2038 5423 2189 5486 Quod
2238 5436 2418 5483 autem
2450 5431 2564 5487 haec
2612 5435 2684 5488 ita
2718 5452 2778 5491 se
2833 5440 3085 5506 habeant,
3125 5452 3362 5500 testatur
3412 5462 3550 5518 apo-

268 5480 386 5544 λων
433 5485 462 5536 ὁ
516 5495 816 5561 κορυφαῖος
861 5500 920 5553 ἐν
951 5507 1071 5567 ταῖς
1118 5480 1374 5578 Unde-ear
1402 5517 1600 5588 λέγων,
1630 5480 1858 5584 δτιηοξκ

268 5577 661 5604 :....---~.-,__n,_
731 5589 745 5604 .
817 5589 828 5604 .
919 5597 930 5604 .
1036 5599 1048 5604 -
1130 5600 1153 5604 ι

2046 5480 2079 5486 τ
2344 5480 2416 5483 νγ-
2452 5480 2562 5487 -----
2612 5480 2684 5488 --..
2718 5480 2776 5491 νυ
2833 5480 3085 5506 ..πηνα-η,
3128 5480 3353 5500 ινσηιιιιι
3412 5480 3549 5518 αμυ-

2015 5520 2224 5573 olorum
2255 5523 2508 5594 princeps
2539 5528 2593 5582 in
2619 5530 2843 5586 Actibus
2877 5536 3084 5604 dicens,
3112 5553 3221 5592 non
3255 5539 3422 5597 fuisse
3449 5546 3549 5600 de-

260 5577 668 5699 ἑγκατελὶἱφθη
720 5589 946 5699 ήῆψυγὴ
989 5599 1268 5699 αὑτοῦείς
1317 5577 1855 5694 ᾇδουξούδὲή-σὰρξ

2255 5577 2270 5591 ⁸
2392 5577 2505 5594 c_r‘
2539 5577 2593 5582 _--
2619 5577 2843 5586 -....--υ..-
2879 5577 3084 5604 “nvo-aq,
3112 5577 3221 5592 ule
3255 5577 3422 5597 ιιι-σου
3449 5577 3543 5600 uc-

2013 5608 2204 5664 :lictam
2251 5614 2488 5670 animam
2535 5620 2650 5688 ejus
2695 5622 2748 5675 in
2803 5624 3041 5689 inferno,
3087 5642 3264 5699 neque
3321 5646 3543 5690 carne-nt

1248 5665 1260 5668 _
1326 5665 1340 5678 ,
1458 5665 1474 5677 ν
1514 5665 1625 5670 -η-
1659 5665 1686 5690 -ι
1717 5665 1780 5676 --ι
1827 5665 1854 5690 ν

262 5665 440 5722 αὐτοῦ
486 5667 594 5726 οἶδε
639 5677 962 5752 διαφθοράν.
995 5691 1168 5756 Λύσις
1217 5705 1511 5772 τοιγαροῦν
1557 5710 1650 5762 τοῦ
1697 5665 1847 5784 ναοῦ,

2289 5665 2487 5670 ηοω----
2536 5665 2650 5688 Ἴ.--
2695 5665 2748 5675 ...
2804 5665 3041 5689 ..ηιμ-υ,
3087 5665 3264 5699 ιιυιιυῡ
3321 5665 3543 5690 ιαιιισιιι

2013 5717 2073 5756 us
2098 5705 2295 5761 vidisse
2317 5713 2722 5780 corruptionem
2743 5716 2783 5769 ⁸.
2826 5712 3036 5789 Templi
3069 5738 3200 5794 ergo
3228 5725 3427 5783 solutio
3457 5735 3548 5784 est

1322 4651 1366 4660 .--
1605 4651 1615 4666 I
1692 4651 1699 4652 ’
1725 4651 1732 4653 ‘
1753 4651 1776 4668 Ί
1795 4651 1806 4654 ⁷
1821 4651 1877 4674 'l'

295 4651 572 4723 ἀπόθηται
607 4661 789 4727 φύσιν,
829 4667 914 4720 ἵνα
939 4670 1037 4741 τὴν
1066 4675 1275 4747 φθορὰν
1306 4683 1642 4756 ἀποδύσηται
1672 4696 1764 4746 καὶ
1784 4697 1879 4767 τὴν

296 4743 442 4767 Luﬂ—
465 4765 478 4767 —
501 4749 540 4767 -‘
655 4753 666 4766 ‘
718 4755 738 4767 “
758 4755 769 4767 '
988 4765 1007 4767 “

292 4743 612 4815 ἀφθαρσίαν
651 4753 960 4828 ἐνδύσηται,
987 4765 1073 4818 ἵνα
1106 4769 1200 4823 τοῦ
1242 4772 1474 4830 θανάτου
1506 4783 1783 4858 καταλύσῃ
1817 4790 1877 4842 τὸ

1757 4837 1783 4858 el
1830 4837 1872 4842 ‘-

290 4837 518 4902 κράτος,
557 4842 644 4895 ἵνα
668 4845 773 4897 τῶν
809 4857 1223 4926 κεκοιμημένων
1244 4865 1473 4940 ἀπαρχὴ
1504 4873 1750 4946 γένηται,
1788 4881 1872 4934 ἵνα

1032 4923 1058 4926 η
1366 4923 1473 4940 an!
1515 4923 1750 4946 I"'l""'
1790 4923 1871 4934 ”“’“

288 4923 460 4990 λύσας
491 4931 591 5001 τῆς
616 4935 822 5009 φθορᾶς
851 4944 948 5008 τὰς
984 4947 1178 5015 ὠδῖνας
1209 4954 1498 5032 άναδειχθῇ
1524 4967 1630 5017 τῶν
1661 4973 1871 5039 νεκρῶν

287 5020 660 5089 πρωτότοκος,
691 5031 784 5082 καὶ
812 5032 898 5087 διὰ
935 5039 1033 5107 τῆς
1059 5043 1265 5109 οἰκείας
1304 5049 1653 5121 ἀναστάσεως
1707 5063 1866 5130 εὐαγ-

287 5107 570 5179 γελίσηται
603 5118 702 5182 τὴν
729 5123 945 5180 πάντων
975 5129 1278 5201 ἀνθρώπων
1303 5139 1612 5200 ἀνάστασιν.

725 5305 817 5359 Ἐκ
849 5311 954 5365 τοῦ
996 5315 1185 5374 αὐτοῦ
1215 5324 1425 5394 λόγου.

341 5871 354 5900 ¹
404 5870 443 5925 ll
474 5873 599 5931 Cor.
637 5896 686 5938 ν.
717 5879 805 5932 21.
875 5883 894 5912 ⁸
926 5882 1154 5942 Malaeh.
1183 5904 1264 5953 Ill,
1291 5891 1341 5946 6.
1419 5897 1438 5928 ³
1462 5894 1621 5958 Joan.
1665 5921 1702 5967 ι,
1737 5906 1826 5964 29.
1898 5915 1916 5942 ⁴

2013 5933 2105 5974 an.
2141 5936 2177 5981 ι,
2221 5921 2303 5977 H.
2427 5919 2584 5980 Joan.
2612 5941 2644 5980 ιι
2667 5965 2681 5990 ,
2715 5924 2798 5982 l9.
2867 5928 2891 5961 θ
2919 5931 3040 5988 Act.
3075 5951 3136 5999 ιι,
3160 5935 3248 5989 ΞΠ.
