4094 6300
315 388 424 451 913

1247 385 1625 448 PANOPLIA
1665 389 2122 454 DOGMATICA.
2156 418 2224 427 -
2263 394 2412 454 TlT.
2456 393 2608 457 XIV.

3463 391 3566 458 911

317 536 669 610 θρωπότητος
708 533 927 597 τελείως
955 534 1186 604 ἐχούσης
1219 534 1362 587 κατά
1410 533 1498 587 τὸν
1534 535 1662 588 ῖδιον
1711 537 1886 603 λόγον,

2006 549 2079 591 est
2110 538 2406 600 Christum,
2437 553 2502 589 ex
2536 536 2868 589 humanitate
2919 535 3157 589 numeris
3199 536 3448 591 omnibus
3479 552 3567 594 sc—

317 631 412 684 καὶ
461 632 524 682 ἐκ
576 628 669 682 τοῦ
725 627 1027 698 πεφηνότος
1078 628 1140 679 ἐκ
1188 626 1322 679 Θεοῦ
1372 627 1512 680 κατὰ
1544 629 1702 696 φύσιν
1736 627 1888 691 Υἱοῦ,

318 720 562 776 τουτέστι
586 720 680 773 τοῦ
709 718 1064 787 Μονογενοῦς.
1099 719 1563 790 Διαϐεϐαιούμεθα
1594 721 1647 773 δὲ
1681 721 1892 774 σύνοδον

322 814 421 884 μέν
452 831 590 877 τινα,
621 813 714 864 καὶ
757 811 853 882 τὴν
901 811 1038 881 ὑπὲρ
1071 810 1226 878 λόγον
1251 813 1574 882 συνδρομὴν,
1601 814 1679 874 είς
1701 814 1892 865 ἕνωσιν

318 907 518 960 ἀνίσων
560 922 620 958 τε
655 904 747 957 καὶ
776 903 1039 973 ἀνομοίων
1070 904 1382 973 πεπρᾶχθαι
1422 905 1798 973 φύσεων.”Ενα
1839 906 1896 958 δ’

319 994 411 1050 οὖν
463 997 610 1066 ὅμως
677 992 934 1065 Χριστὸν,
975 971 1068 1047 καὶ
1113 994 1315 1064 Κύριον
1355 996 1580 1066 Ἰησοῦν,
1620 997 1711 1048 καὶ
1768 997 1894 1050 ne»,

319 1088 683 1159 ὀνομάζεσθαι
740 1086 1195 1156 ἐπιγινώσκομεν,
1233 1089 1290 1139 ἐν
1347 1088 1530 1158 ταυτῷ
1577 1092 1670 1141 καὶ
1726 1090 1898 1160 ὑπάρ-

321 1200 504 1252 χοντα,
540 1182 632 1233 καὶ
682 1179 967 1249 νοούμενον
1011 1179 1144 1232 Θεόν
1189 1197 1246 1232 τε
1295 1179 1429 1249 ὁμοῦ
1461 1181 1556 1232 καὶ
1589 1181 1893 1252 ἄνθρωπον.

334 1275 725 1327 Ἀδιάσπαστον
762 1272 818 1325 δέ
857 1271 1138 1334 παντελῶς
1166 1271 1264 1342 τὴν
1295 1272 1486 1325 ἕνωσιν
1514 1273 1790 1344 διατηρεῖν
1819 1276 1898 1327 εἰ-

323 1363 577 1434 θίσμεθα,
606 1363 696 1416 τὸν
726 1362 886 1416 αὐτὸν
922 1358 1060 1416 εἶναι
1096 1363 1188 1416 καὶ
1219 1363 1502 1433 Μονογενῆ
1530 1365 1898 1430 πιστεύοντες,

323 1457 418 1508 καὶ
468 1454 833 1523 πρωτότοκον·
886 1453 1161 1524 Μονογενῆ
1216 1452 1332 1522 μὲν,
1365 1452 1438 1516 ῶς
1497 1452 1630 1506 Θεοῦ
1692 1455 1902 1525 Πατρὸς

322 1548 516 1615 Λόγον,
559 1547 652 1599 καὶ
679 1546 744 1598 ἐκ
775 1546 873 1616 τῆς
902 1545 1085 1608 οὐσίας
1122 1545 1286 1597 αὐτοῦ
1328 1546 1609 1616 πεφηνότα
1632 1565 1643 1576 ·
1679 1548 1894 1617 πρωτό-

322 1658 482 1693 τοκον
520 1641 563 1691 δ’
593 1635 683 1702 αὖ,
715 1638 847 1690 καθὸ
882 1640 1104 1706 γέγονεν
1133 1637 1438 1706 ἄνθρωπος,
1475 1638 1569 1690 καὶ
1598 1640 1654 1690 ἐν
1680 1637 1897 1700 πολλοῖς

324 1732 810 1800 ἀδελφοῖς.”Ωσπερ
845 1729 953 1799 γὰρ
986 1724 1064 1792 εἷς
1113 1732 1227 1781 ἐστι
1260 1728 1392 1790 Θεὸς
1421 1731 1448 1782 ό
1479 1728 1688 1799 Πατὴρ,
1733 1729 1793 1793 ἐξ
1833 1721 1895 1782 οὗ

1999 631 2229 683 cundum
2274 632 2544 697 propriam
2603 630 2862 683 rationem
2927 633 3161 698 perfecta
3219 639 3272 682 et
3323 629 3562 683 absoluta

2001 721 2337 788 naturalique
2385 721 2475 774 Dei
2512 720 2671 786 Filio,
2717 722 2816 774 hoc
2858 731 2938 774 est
2971 719 3278 790 Unigenito,
3306 723 3566 774 constitu-

2003 825 2138 876 tum,
2177 814 2472 882 Scriptnris
2508 814 2891 868 convenienter
2920 815 3290 882 praedicamus.
3321 814 3569 866 Allirmao

2003 920 2120 958 mus
2158 913 2337 958 autem
2368 916 2584 958 naturas
2610 906 2875 974 dispares,
2905 919 2968 957 ac
2994 905 3133 958 inter
3172 919 3230 958 se
3258 903 3565 967 dissimiles,

2001 998 2232 1064 quadam
2287 997 2522 1052 coitione
2569 1009 2620 1051 et
2664 1012 2929 1051 concursu
2959 997 3048 1065 qui
3100 997 3276 1050 verbis
3311 999 3566 1066 explicari

2003 1104 2104 1141 non
2139 1097 2334 1157 potest,
2361 1076 2410 1141 in
2441 1104 2604 1142 unum
2637 1089 2976 1143 convenisse.
3005 1089 3363 1157 Agnoseimus
3393 1099 3566 1142 tamen

1998 1195 2161 1233 unum
2335 1180 2703 1245 Christum,et
2729 1180 3010 1234 Dominum
3044 1178 3248 1244 .lesntn,
3283 1191 3335 1232 et
3370 1180 3562 1232 Filium

1996 1279 2283 1336 vocatum;
2327 1273 2520 1342 quippe
2552 1286 2670 1325 cum
2696 1271 2853 1326 simul
2885 1269 3024 1324 Deus
3050 1281 3102 1323 et
3140 1272 3299 1324 homo
3343 1273 3567 1326 exsistat

2000 1365 2275 1436 mentique
2323 1382 2381 1420 se
2437 1366 2648 1420 ollerat.
2677 1365 2891 1420 Etenim
2935 1365 3062 1418 unio
3119 1366 3203 1420 illa
3253 1379 3568 1420 naturarum

2001 1473 2171 1527 usque
2228 1460 2363 1514 adeo
2415 1460 2689 1514 individua
2752 1460 3126 1529 indivulsaque
3177 1469 3262 1516 est
3303 1471 3361 1514 ut
3408 1477 3570 1515 unum

2003 1549 2360 1617 emndcmque
2421 1549 2756 1620 unigenitum
2816 1552 2977 1606 simul
3039 1562 3092 1605 et
3156 1551 3569 1621 primogenitum

2003 1639 2324 1692 credamus:
2361 1639 2694 1708 unigenitum
2730 1641 2968 1709 quidem,
2995 1650 3247 1710 tanquam
3285 1642 3372 1694 Dei
3399 1640 3572 1694 Patris

2004 1727 2261 1793 Verbum,
2289 1745 2351 1783 ex
2381 1730 2522 1785 illius
2548 1731 2852 1786 substantia
2895 1745 3116 1800 natum;
3150 1721 3568 1802 primogenitum

321 1823 390 1875 τὰ
425 1824 599 1875 πάντα
623 1839 634 1850 ·
666 1821 808 1874 οὕτω
835 1821 926 1872 καὶ
953 1815 1032 1883 εἷς
1065 1821 1268 1890 Κύριος
1306 1818 1513 1888 Ἰησοῦς
1542 1819 1797 1889 Χριστὸς,
1825 1820 1903 1874 δι’

2006 1835 2148 1889 vero,
2184 1831 2447 1889 quatenus
2493 1823 2635 1878 inter
2668 1823 2862 1878 multos
2892 1825 3089 1878 fratres
3137 1825 3296 1879 homo
3325 1825 3572 1879 exstitit:

323 1913 384 1971 οὗ
410 1917 477 1969 τὰ
504 1917 699 1968 πάντα.
727 1914 858 1967 Θεὸν
887 1914 994 1983 γὰρ
1024 1914 1151 1967 ὄντα
1180 1912 1321 1965 κατά
1349 1911 1509 1980 φύσιν
1539 1912 1899 1981 ἐπιγινώσκο-

328 2026 427 2076 μεν
464 2007 555 2060 τὸν
595 2006 660 2059 δι’
694 1999 756 2060 οῦ
781 2005 847 2058 τὰ
879 2005 1075 2068 πάντα,
1107 2005 1298 2072 Λόγον,
1327 2005 1419 2058 καὶ
1451 2006 1498 2057 εἰ
1525 2004 1714 2072 γέγονε
1744 2004 1899 2075 σὰρξ,

325 2095 602 2149 τουτέστιν
629 2094 934 2162 ἄνθρωπος.
1113 2099 1119 2105 ’

326 2188 469 2256 quod
513 2189 689 2240 omnia
739 2190 1062 2248 C0nslstunl,
1095 2185 1391 2238 secundum
1435 2193 1680 2238 naturam
1723 2185 1888 2238 Deum
1928 2198 2047 2238 esse
2069 2187 2335 2247 novimus,
2372 2188 2584 2242 etiamsi
2627 2203 2774 2254 caro,

329 2291 432 2336 85L

552 2372 690 2424 Ἀλλ’
722 2370 837 2425 οὔτι
867 2387 967 2422 που
997 2369 1199 2440 σφόδρα
1226 2372 1344 2432 ταῖς
1371 2371 1428 2421 ὲν
1453 2370 1582 2439 ἡμῖν
1613 2370 1738 2439 περὶ
1776 2367 1894 2420 τού-

328 2484 422 2520 του
471 2465 651 2532 δόξαις
697 2466 766 2518 τὰ
811 2464 1036 2516 ἐκείνων
1091 2462 1590 2532 συμφέρεται.Ἔνα
1642 2462 1739 2532 μὲν
1793 2461 1901 2530 γὰρ

329 2557 776 2628 ὁμολογουμένως
844 2554 1239 2625 παραδέχονται
1305 2554 1398 2606 καὶ
1460 2553 1614 2606 αὐτοὶ
1695 2552 1900 2623 Ἰησοῦν

330 2650 586 2721 Χριστὸν,
617 2646 995 2718 παρωθοῦνται
1030 2646 1084 2699 δὲ
1115 2646 1254 2709 λίαν,
1287 2645 1360 2708 ὡς
1389 2645 1643 2707 δυσσεϐὲς
1669 2645 1749 2696 ὅτι
1797 2645 1900 2714 μά-

329 2743 507 2805 λιστα,
537 2739 884 2808 καταδιιστᾷν
927 2739 1006 2801 είς
1049 2736 1141 2790 δύο
1187 2737 1277 2789 τὸν
1311 2737 1676 2808 Ἐμμανουήλ.
1711 2738 1903 2808 Ψυχῆς

329 2833 378 2887 δ’
402 2826 497 2886 οῦν
524 2832 672 2900 ὅμως
699 2828 800 2898 τῆς
830 2827 1176 2898 ἀνθρωπίνης
1222 2827 1316 2879 καὶ
1344 2811 1566 2898 λογικῆς
1595 2828 1694 2898 τὴν
1726 2828 1902 2898 σάρκα

332 2920 670 2991 χωρίσαντες
712 2917 805 2970 καὶ
848 2916 1250 2986 γυμνώσαντες,
1289 2916 1528 2986 ἡνῶσθαί
1569 2935 1730 2987 φασιν
1765 2920 1900 2990 αὐτῇ

331 3014 422 3068 τὸν
453 3015 516 3066 ἐκ
545 3010 680 3064 Θεοῦ
710 3010 907 3078 Λόγονο
936 3008 1224 3080 ἐξεύρηται
1249 3009 1305 3062 δέ
1338 3026 1421 3071 τις
1456 3009 1636 3072 αὐτοῖς
1685 3011 1777 3062 καὶ
1819 3029 1905 3064 πι-

332 3101 513 3166 θανὸς,
560 3100 633 3163 ὠς
678 3097 903 3163 οἴονται,
943 3097 1076 3168 πρὸς
1110 3096 1266 3150 τοῦτο
1306 3097 1482 3166 λόγος.
1519 3097 1599 3151 Τὰ
1645 3098 1752 3170 γάρ
1799 3116 1902 3165 τοι,

2001 1911 2432 1981 quandoquidem
2481 1922 2536 1966 ut
2595 1927 2730 1968 unus
2791 1923 2874 1969 est
2926 1913 3069 1969 Deus
3122 1913 3303 1978 Pater,
3349 1931 3412 1968 ex
3470 1932 3575 1982 quo

1997 2003 2211 2069 omnia;
2245 2003 2315 2056 ita
2357 2019 2496 2057 unus
2527 2019 2740 2074 quoque
2775 2015 2860 2060 est
2899 2005 3159 2060 Dominus
3211 2007 3370 2061 JeSus
3424 2006 3578 2060 Chri-

1999 2103 2132 2155 stus,
2166 2109 2261 2164 per
2307 2109 2465 2164 quem
2519 2098 2697 2149 omnia
2748 2097 2787 2149 ¹.
2824 2095 2956 2151 Nam
3015 2095 3249 2152 Verbum
3298 2099 3448 2160 illud,
3485 2116 3579 2166 per

2847 2172 2955 2242 hoc
3003 2199 3085 2243 est
3157 2190 3318 2245 homo
3378 2190 3576 2244 factum

2285 2369 2574 2434 Caeterum,
2604 2385 2787 2432 eorum
2841 2371 2982 2426 dicta
3032 2387 3152 2424 cum
3224 2376 3422 2426 nostris
3473 2391 3576 2427 non

2008 2461 2140 2514 satis
2173 2470 2493 2531 congruunt.
2541 2459 2670 2514 Nam
2720 2471 2774 2516 et
2813 2461 2910 2531 ipsi
2938 2478 3151 2534 quoque
3190 2481 3353 2518 unum
3406 2466 3576 2520 solum

2009 2553 2276 2608 Christum
2344 2566 2529 2623 aperte
2595 2557 2952 2620 constituunt,
3013 2568 3064 2610 et
3125 2572 3286 2609 unum
3367 2556 3580 2610 Elllllltl-

2009 2645 2219 2700 nuelem
2269 2646 2320 2700 in
2375 2646 2509 2700 duos
2563 2645 2841 2710 divellere,
2895 2657 3147 2716 tanquam
3196 2664 3305 2702 rem
3369 2663 3578 2702 summa

2009 2750 2129 2790 cum
2171 2736 2451 2806 impietate
2493 2736 2858 2805 coniunctam,
2900 2752 3246 2808 summopere
3290 2753 3581 2794 exsecran-

2011 2837 2100 2881 tur
2134 2846 2146 2881 :
2178 2827 2271 2882 sed
2305 2825 2541 2882 Verbum
2597 2829 2811 2882 interim
2843 2831 3017 2895 carni,
3052 2845 3170 2900 quae
3197 2830 3454 2895 humana,
3479 2834 3580 2886 hoc

2010 2933 2110 2985 est,
2139 2923 2348 2975 ratione
2380 2921 2603 2990 praedita
2655 2921 2833 2975 anima
2884 2931 3048 2976 exuta
3098 2922 3460 2993 destitutaque
3489 2925 3578 2985 sit,

2012 3013 2217 3065 unitum
2247 3011 2572 3081 praedicant;
2603 3021 2656 3067 et
2687 3028 2784 3066 cur
2825 3014 2964 3068 istud
3009 3013 3301 3083 prwdicarc
3326 3014 3577 3078 debeant,

2012 3101 2273 3155 rationem
2307 3100 2594 3154 admodum
2621 3101 2959 3171 plausibilem
2991 3104 3321 3172 comperisse
3340 3120 3397 3157 se
3424 3115 3580 3158 autu-

331 3195 500 3265 φασὶ,
546 3192 686 3246 κατά
740 3191 987 3245 σύνθεσιν
1039 3191 1175 3262 πρὸς
1225 3190 1341 3253 ἐνὸς
1388 3190 1594 3244 τελείου
1649 3193 1905 3245 σύστασιν

2013 3201 2181 3246 mant.
2212 3191 2380 3245 Aiunt
2406 3191 2712 3259 enim,quze
2744 3192 2810 3246 ad
2858 3193 3016 3246 unius
3059 3192 3282 3262 perfecti
3323 3198 3584 3248 constitu-

334 3283 848 3356 συνδεδραμηκότα,
887 3283 1029 3353 μέρη
1057 3299 1115 3334 τε
1206 3281 1300 3334 καὶ
1327 3280 1385 3345 ἐξ
1428 3283 1632 3336 ἀτελῶν
1677 3282 1905 3354 ὁρᾶσθαι

335 3377 506 3447 φιλεῖ·
535 3374 627 3428 τοῦ
665 3375 886 3437 τελείως
935 3375 1148 3444 ἔχοντος
1197 3373 1318 3426 καθ’
1348 3373 1543 3434 ἑαυτὸ,
1578 3376 1673 3427 καὶ
1723 3375 1797 3438 ὡς
1849 3376 1906 3427 ἐν

337 3470 447 3538 ἰδία
480 3466 660 3536 φύσει,
697 3467 797 3537 τῆς
836 3466 900 3518 ἐκ
930 3463 1110 3534 μερῶν
1140 3463 1440 3529 συνθέσεως
1474 3464 1533 3517 οὐ
1562 3463 1903 3534 δεδεημένου.

338 3559 650 3629 Τοιγάρτοι,
692 3555 844 3625 φασὶ,
909 3553 1268 3625 παραιτητέον
1335 3553 1575 3618 εἰκότως,
1624 3553 1904 3622 ἄνθρωπον

337 3648 520 3703 δοῦναι
554 3647 780 3712 τέλειον,
809 3645 900 3698 τὸν
932 3644 1295 3698 συνενωθέντα
1325 3643 1406 3714 τῷ
1438 3645 1594 3715 Λόγῳ
1639 3644 1786 3711 ναὸν,
1819 3644 1909 3697 ἵνα

337 3743 432 3794 καὶ
465 3742 498 3810 ἡ
533 3741 726 3803 ἐνωσις
774 3778 788 3802 ,
822 3739 966 3809 ἥπερ
999 3737 1064 3790 ἂν
1110 3738 1203 3790 ἐπὶ
1235 3737 1456 3807 Χριστῷ
1504 3739 1675 3791 νοοῖτο
1722 3736 1908 3806 τυχὸν,

338 3831 544 3902 ἀκριϐῆ
573 3847 631 3883 τε
682 3829 777 3883 καὶ
812 3828 1130 3898 ἀδιάϐλητον
1179 3828 1270 3881 τὸν
1325 3829 1411 3879 ἐπ’
1439 3828 1605 3898 αὐτῆς
1635 3827 1908 3890 ἀποσώζοι

335 3923 514 3990 λόγον.
557 3921 663 3975 Καὶ
720 3921 825 3991 μὴν
871 3921 1089 3975 κάκεῖνο
1141 3918 1425 3990 προσθεῖεν
1471 3919 1556 3980 ἂν,
1587 3917 1773 3989 ῶσπερ
1817 3914 1910 3971 οὗν

335 4014 575 4086 ἡγοῦμαι
633 4056 646 4080 ,
671 4012 850 4067 πάλιν.
881 4012 940 4064 Ei
969 4011 1074 4081 γὰρ
1106 4009 1164 4074 ἐξ
1193 4009 1480 4081 ἀνθρώπου
1502 4009 1730 4074 τελείου,
1750 4011 1906 4078 φασι,

334 4103 430 4157 καὶ
459 4103 553 4154 τοῦ
590 4101 654 4155 ἐκ
682 4101 775 4155 τοῦ
808 4101 1019 4172 [ἰατρὸς
1056 4100 1206 4164 ὄντος
1231 4100 1407 4169 Λόγου
1437 4100 1682 4170 φήσομεν
1765 4095 1902 4151 εἶναι

332 4196 424 4249 τὸν
460 4193 827 4265 Ἐμμανουήλ,
861 4194 920 4246 οὐ
985 4192 1157 4263 βραχὺ
1215 4193 1273 4244 τὸ
1330 4189 1523 4260 δεῖμα,
1586 4190 1782 4261 μᾶλλον
1846 4191 1902 4242 δὲ

332 4285 666 4354 ἀδιάφυκτον
732 4284 829 4354 ἤδη
870 4300 986 4345 πως
1051 4283 1402 4350 ἀναφανεῖται
1461 4280 1668 4342 λοιπὸν,
1701 4280 1759 4331 τὸ
1808 4280 1900 4331 καὶ

333 4374 648 4445 ἀϐουλήτως
695 4374 805 4426 δεῖν
851 4372 943 4426 δύο
989 4372 1086 4442 μὲν
1116 4372 1284 4436 υἱοὺς,
1332 4372 1600 4439 Χριστοὺς
1642 4371 1687 4423 δ’
1710 4366 1774 4424 αὖ
1811 4370 1902 4423 δύο

334 4464 552 4536 φρονεῖν
596 4481 655 4518 τε
702 4465 796 4518 καὶ
847 4464 1045 4532 λέγειν.
1075 4459 1208 4516 Εἶτα
1240 4463 1294 4516 τί
1319 4462 1528 4526 τούτοις
1571 4462 1903 4534 ἀντεροῦμεν

333 4557 526 4627 ἡμεῖς
575 4555 798 4625 Πρῶτον
830 4558 947 4626 μέν,
977 4556 1056 4609 ὅτι
1083 4553 1183 4624 τῆς
1216 4555 1449 4618 πίστεως
1478 4555 1576 4625 τὴν
1600 4553 1769 4616 οὕτως
1801 4556 1901 4624 ἁρ-
1934 4535 1974 4589 ί)

336 4647 661 4720 χαιοτάτην,
683 4647 778 4701 καὶ
815 4644 874 4711 ἐξ
903 4646 1081 4700 αὐτῶν
1113 4645 1224 4700 τῶν
1264 4645 1433 4713 ἁγίων
1480 4646 1792 4700 ἀποστόλων
1833 4649 1912 4700 δι-

337 4741 580 4811 ήκουσαν
607 4741 688 4803 είς
716 4739 862 4808 ἡμᾶς
894 4737 1211 4808 παράδοσιν,
1244 4737 1305 4789 οὐ
1347 4738 1469 4800 ταῖς
1501 4737 1869 4808 ὑπερμέτροις

337 4829 646 4902 ἀκριϐείαις
667 4828 954 4882 καταλύειν
1021 4827 1191 4894 ἄξιον,
1219 4826 1343 4881 οὔτε
1369 4828 1474 4898 μὴν
1496 4831 1616 4893 ταῖς
1646 4830 1723 4892 εἰς
1746 4830 1913 4901 ἄκρον

339 4919 590 4990 ἐρεύναις
635 4919 928 4990 ὑποφέρειν
971 4918 1041 4971 τὰ
1109 4919 1249 4986 ὑπὲρ
1297 4917 1439 4983 νοῦν,
1469 4919 1583 4972 ἀλλ’
1608 4918 1728 4972 οὐδὲ
1761 4920 1916 4990 ῆκειν

339 5015 418 5074 είς
468 5012 632 5082 μέσον
680 5009 874 5082 οἷάπερ
899 5011 1052 5074 τινὰς
1092 5011 1345 5080 ὁριστὰς,
1392 5010 1485 5063 καὶ
1534 5009 1918 5080 ῥιψοκινδύνως

340 5105 632 5172 λέγοντας,
679 5104 753 5168 ὡς
805 5105 866 5157 τὸ
910 5105 1057 5157 δεῖνα
1105 5101 1204 5172 μὲν
1252 5101 1450 5173 ὀρθῶς,
1479 5101 1540 5154 τὸ
1575 5102 1720 5155 δεῖνα
1769 5102 1812 5154 δ’
1849 5097 1916 5156 αὖ

343 5197 547 5267 ἑτέρως
576 5196 740 5266 ἔχειν.
759 5196 957 5268 Ἐχρῆν
991 5195 1188 5266 δήπου,
1211 5194 1308 5246 καὶ
1333 5189 1400 5264 ἦν
1428 5193 1647 5263 ἄμεινον
1682 5191 1914 5263 ἀληθῶς,

343 5289 640 5358 ἀπονέμειν
677 5288 878 5359 μᾶλλον
931 5287 1009 5359 τῷ
1041 5287 1299 5356 πανσόφῳ
1328 5286 1446 5356 Θεῷ
1484 5285 1592 5338 τῶν
1630 5285 1772 5338 ἰδίων
1803 5285 1918 5340 δια·

347 5382 590 5450 σκέψεων
635 5382 735 5450 τὴν
785 5382 924 5447 ὁδὸν,
961 5382 1056 5436 καὶ¹
1089 5381 1162 5453 μὴ
1189 5385 1300 5444 τοῖς
1338 5377 1396 5434 εὖ
1433 5379 1577 5450 ἔχειν
1608 5380 1740 5450 παρ’
1771 5379 1917 5450 αὐτῷ

345 5473 843 5543 δεδοκιμασμένοις,
914 5474 1144 5538 ἀνοσίως
1205 5473 1488 5543 ἐπιτιμᾷν.
1548 5472 1918 5542 Ἀκουσόμεθα

328 5563 455 5632 ιγὰρ
483 5563 730 5631 λέγοντος
762 5565 1006 5635 ἐναργῶς
1027 5581 1038 5592 ·
1073 5583 1091 5616 ι
1121 5565 1194 5618 Οὐ
1222 5564 1330 5634 γάρ
1356 5566 1492 5617 εἰσιν
1526 5567 1580 5618 αἱ
1605 5563 1789 5634 βουλαί
1820 5579 1920 5633 μου

348 5655 534 5724 ὥσπερ
567 5655 623 5708 αἱ
656 5654 842 5724 βουλαὶ
869 5656 1044 5726 ὑμῶν,
1075 5655 1195 5710 οὐδὲ
1236 5655 1424 5724 ὥσπερ
1457 5657 1510 5708 αἱ
1542 5656 1650 5710 ὁδοὶ
1679 5656 1833 5724 ὑμῶν
1867 5658 1919 5708 αἱ

422 5775 440 5809 ¹
465 5777 484 5833 l
513 5777 636 5834 Cor.
672 5792 784 5844 νηί,
807 5779 858 5835 6.

2014 3281 2214 3336 tionem
2259 3294 2357 3348 per
2403 3280 2849 3349 compositionem
2907 3293 3262 3344 concurrunt,
3293 3297 3354 3336 ea
3405 3292 3584 3352 partes

2012 3386 2132 3427 esse
2149 3383 2200 3427 et
2223 3373 2660 3444 imperfectorum
2688 3379 2949 3431 rationem
2984 3376 3228 3432 obtinere
3253 3394 3266 3442 ;
3295 3393 3417 3431 nam
3441 3379 3582 3446 quod

2011 3464 2308 3533 perlectum
2342 3474 2425 3520 est
2451 3482 2544 3536 per
2583 3482 2659 3533 se,
2691 3455 2852 3537 atque
2879 3476 2937 3521 ut
2989 3467 3042 3521 in
3098 3468 3311 3537 propria
3368 3479 3582 3533 natura,

2013 3570 2117 3608 non
2160 3570 2293 3624 Opus
2353 3557 2534 3622 habet,
2573 3566 2631 3610 ut
2687 3557 2753 3611 ad
2803 3557 3082 3626 partialem
3138 3557 3582 3625 compositionem

2010 3646 2189 3701 veniat
2219 3666 2233 3700 :
2267 3655 2429 3716 atque
2455 3649 2576 3702 ideo
2602 3649 2901 3702 cavendum
2930 3663 3051 3704 esse
3103 3649 3293 3702 sedqu
3345 3665 3411 3704 ne
3451 3659 3586 3703 tem-

2006 3739 2176 3808 plum,
2206 3741 2350 3808 quod
2382 3739 2560 3794 Verbo
2589 3741 2802 3794 unitum
2839 3751 2942 3805 est,
2978 3741 3278 3810 perlectum
3310 3743 3590 3795 hominem

2007 3832 2281 3886 exsntisse
2330 3834 2708 3899 concedentes,
2731 3843 2979 3887 exactam
3035 3834 3179 3887 illam
3229 3834 3389 3888 imius
3417 3837 3586 3888 ratio-

2009 3936 2149 3982 nem,
2181 3937 2299 3989 qum
2341 3923 2391 3975 in
2416 3922 2632 3978 Christo
2680 3924 2942 3977 accidisse
2989 3924 3346 3991 dignoscitur,
3378 3927 3585 3978 meritm

2007 4011 2286 4064 ealumnirc
2334 4027 2688 4082 exponamus.
2726 4014 2861 4079 Quin
2919 4023 2973 4068 et
3023 4014 3151 4080 illud
3205 4029 3419 4083 quoque
3482 4016 3585 4070 huc

2015 4101 2317 4170 adjecturos
2350 4104 2628 4170 suspicor;
2669 4116 2880 4172 nempe,
2908 4105 2950 4158 si
2981 4118 3044 4158 ex
3075 4105 3290 4158 homine
3324 4106 3582 4172 perleclo.

2013 4202 2064 4246 et
2091 4191 2180 4246 Dei
2213 4191 2391 4248 Patris
2428 4193 2599 4248 Verbo
2659 4194 3066 4249 Emmanuelem
3119 4195 3390 4250 coaluisse
3436 4195 3585 4250 dira-

2003 4298 2145 4346 mus,
2181 4283 2234 4336 in
2266 4282 2395 4338 illud
2428 4299 2525 4339 nos
2572 4295 2623 4339 et
2669 4302 2943 4356 magnum,
2977 4298 3024 4341 et
3062 4287 3220 4357 plane
3273 4289 3585 4344 inevitabile

2001 4373 2297 4440 periculum
2327 4381 2584 4428 venturos
2615 4388 2754 4438 esse,
2778 4385 2834 4429 ut
2865 4375 2948 4430 vel
2981 4377 3132 4430 inviti
3157 4378 3290 4431 duos
3313 4378 3580 4444 Christos,

2001 4475 2054 4518 et
2086 4466 2222 4520 duos
2275 4467 2458 4521 itidem
2503 4464 2642 4522 ﬁlios
2696 4477 2882 4524 tenere
2926 4478 2981 4524 et
3028 4470 3271 4540 proﬁteri
3303 4485 3580 4540 cegamur.

1999 4555 2166 4622 Cedo,
2201 4557 2325 4625 quid
2388 4574 2485 4614 nos
2543 4563 2608 4614 ad
2669 4561 2780 4616 lucc
2825 4562 3585 4632 respondebimus?Appi-inte

2009 4645 2287 4713 indignum
2321 4655 2443 4696 esse
2502 4655 2601 4695 nos
2627 4641 3059 4710 antiquissimam
3093 4643 3215 4698 ﬁdei
3245 4645 3588 4698 traditionem

2009 4736 2098 4808 (ut
2157 4751 2276 4806 qua:
2315 4734 2382 4790 ab
2413 4735 2545 4804 ipsis
2595 4734 2800 4788 sanctis
2832 4735 3086 4803 apostolis
3123 4735 3362 4802 profecta
3389 4738 3454 4789 ad
3491 4752 3586 4790 nos

2009 4843 2178 4898 usque
2196 4827 2476 4897 pervenit)
2505 4835 2721 4896 pr0pter
2747 4826 2992 4880 curiosas
3030 4824 3287 4893 quasdam
3315 4841 3375 4879 ac
3399 4842 3588 4894 super-

2009 4934 2277 4973 vacaneas
2322 4919 2564 4973 rationes
2610 4933 2672 4969 ac
2723 4915 3142 4984 disceptationes
3193 4915 3466 4984 deserere,
3506 4922 3584 4973 vel

2009 5010 2192 5066 nimiis
2218 5009 2658 5079 inquisitionibus
2693 5009 2938 5059 humanae
2967 5007 3160 5061 mentis
3188 5021 3402 5078 captmn
3429 5025 3588 5065 exce-

2007 5101 2188 5155 dentia
2215 5100 2521 5168 subjicere;
2686 5095 2769 5149 vel
2800 5095 2852 5149 iu
2881 5096 3113 5150 medium
3163 5101 3384 5156 exsilire
3421 5103 3581 5154 veluti

2002 5193 2235 5261 judices,
2267 5199 2324 5243 ut
2357 5200 2542 5243 nostro
2581 5202 2766 5252 sensu,
2801 5199 3108 5257 contempto
3138 5194 3396 5261 periculo,
3432 5195 3585 5260 quid-

2009 5286 2090 5338 vis
2126 5282 2431 5345 metientes,
2461 5281 2703 5335 dicamus
2735 5297 2747 5334 :
2779 5279 2889 5335 lloc
2933 5290 3077 5335 recte
3131 5298 3186 5335 se
3242 5285 3420 5347 habet,
3456 5284 3582 5337 illud

2011 5388 2136 5425 vero
2168 5368 2576 5436 secus.Qnant0
2620 5369 2811 5434 satius,
2848 5382 3157 5439 quantoque
3208 5372 3390 5425 utilius
3423 5371 3580 5434 foret,

2008 5463 2405 5534 sapientissimo
2427 5460 2533 5517 Deo
2566 5461 2914 5516 consiliorum
2962 5476 3179 5515 suorum
3232 5461 3467 5515 rationes
3495 5464 3579 5514 iu-

2011 5568 2155 5624 tegre
2185 5555 2517 5623 permittere,
2554 5566 2608 5608 et
2633 5569 2694 5609 ea
2730 5569 2848 5622 quae
2891 5553 2989 5623 ipsi
3022 5553 3399 5622 probatissima
3435 5566 3580 5619 sunt,

2009 5649 2170 5716 impie
2193 5665 2295 5704 non
2321 5651 2734 5720 reprehendere,
2772 5648 3062 5717 praesertim
3086 5661 3205 5701 cum
3236 5647 3377 5701 illum
3399 5662 3581 5719 aperte
