4094 6300
547 313 654 382 915
1755 317 2124 379 ΕυΤΠΥΣιῙῙΙ

2230 319 2537 378 lGABENl
3668 334 3759 398 θῶ

548 463 916 528 dicentem,ct
965 461 1120 532 quasi
1155 459 1586 529 expostulantern
1623 459 1940 512 audiamus:
1967 478 1984 510 ι
2012 457 2124 514 Non

2226 459 2332 512 ὁδοί
2367 476 2466 529 μου
2487 473 2499 485 ·
2555 457 2670 511 ἀλλ’
2698 459 2773 522 ὡς
2804 460 2996 529 ἀπέχει
3040 460 3067 511 ὁ
3101 461 3323 532 οὐρανός
3372 464 3476 515 ἀπὸ
3517 467 3606 534 τῆς
3633 467 3755 536 γῆς,

549 567 674 610 sunt
708 554 930 610 consilia
963 567 1080 607 mea
1111 552 1244 606 sicut
1266 550 1487 605 consilia
1523 559 1723 613 vestra,
1751 566 1849 604 nec
1875 550 1972 604 viae
1996 566 2124 605 meae

2225 549 2397 614 οὓτως
2423 551 2615 622 ἀπέχει
2649 553 2682 620 ἡ
2711 552 2828 616 ὁδός
2863 570 2964 621 μου
2993 553 3100 607 ἀπὸ
3127 554 3235 607 τῶν
3252 556 3384 607 ὁδῶν
3415 558 3582 626 ὑμῶν,
3601 561 3683 613 καὶ
3703 562 3757 614 τὰ

550 657 610 702 ιιι
634 648 735 702 viae
770 656 1000 701 vestrae:
1029 643 1121 697 sed
1178 643 1321 698 sicut
1360 642 1524 696 distat
1575 641 1770 697 coelum
1804 658 1832 695 a
1860 652 2026 709 terra,
2053 647 2122 696 ita

2227 640 2562 710 διανοήματα
2597 641 2750 710 ὑμῶν
2782 641 2888 695 ἀπὸ
2924 643 3020 711 τῆς
3049 644 3282 708 διανοίας
3320 664 3440 715 μου.
3474 666 3492 699 ι

549 743 649 795 via:
675 755 853 794 meam
884 739 984 792 viis
1025 737 1241 802 vestris,
1266 745 1322 790 et
1365 735 1719 804 cogitationes
1753 751 1882 792 mea:
1914 753 1941 789 a
1973 740 2122 807 cogi-

550 832 842 886 tationibus
874 831 1064 884 vestris
1117 832 1152 882 ³.
1185 847 1203 879 ι

843 921 1022 987 Quare
1061 921 1200 976 licet
1223 922 1504 988 templum,
1538 919 1679 988 quod
1709 916 1887 975 Verbo
1915 920 2121 973 unitum

550 1026 653 1082 est,
693 1015 868 1068 anima
902 1014 1136 1068 humana
1167 1014 1465 1082 perlectum
1495 1022 1549 1066 et
1594 1013 1944 1066 informatum
1973 1020 2125 1065 certo

549 1109 855 1172 credamus,
897 1121 1002 1159 non
1056 1106 1190 1160 duos
1244 1116 1421 1159 tamen
1480 1104 1621 1158 ﬁlios
1681 1104 1992 1166 adoramus,
2027 1117 2125 1155 nec

546 1203 682 1256 duos
713 1199 962 1254 Christos
992 1199 1358 1268 agnoscimus.
1385 1195 1454 1252 Ut
1488 1197 1632 1250 enim
1666 1195 1876 1249 tametsi
1910 1193 2126 1248 Emma-

549 1294 761 1347 nuelcm
819 1306 899 1362 ex,
940 1289 1053 1344 sola
1109 1303 1274 1343 carne
1309 1295 1364 1340 ct
1402 1287 1490 1339 Dei
1540 1285 1715 1339 Patris
1751 1281 2123 1348 Verbo,juxta

550 1385 864 1453 opinionem
929 1395 1089 1448 quam
1148 1379 1223 1432 illi
1281 1374 2122 1446 complectuntur,compositum

550 1481 816 1535 statuant,
879 1469 1022 1521 nulla
1056 1468 1229 1520 adhuc
1265 1476 1442 1520 tamen
1495 1466 1703 1519 ratione
1735 1465 1839 1518 huc
1876 1463 1951 1516 illi
1984 1461 2124 1531 adigi

549 1575 611 1615 se
648 1566 982 1630 paterentur,
1031 1566 1084 1609 ut
1107 1571 1272 1610 carne
1307 1568 1576 1613 seorsmn,
1600 1562 1656 1607 et
1688 1551 1976 1621 Unigenito
2001 1565 2124 1603 rur-

2225 1549 2528 1618 Μονογενῆ,
2556 1549 2724 1602 δυάδα
2775 1549 2830 1600 δὲ
2870 1549 3118 1619 Χριστῶν
3155 1549 3440 1618 ὁμολογεῖν
3464 1566 3476 1577 ν
3508 1549 3639 1601 οὕτω
3682 1551 3765 1602 κᾶν

549 1667 668 1703 sum
699 1663 942 1708 seorsum
998 1646 1194 1716 posito,
1240 1647 1376 1700 duos
1415 1644 1657 1698 Christos
1707 1641 2120 1710 proﬁterentur;

2225 1642 2290 1709 τῇ
2313 1639 2434 1692 καθ’
2461 1641 2612 1708 ἡμᾶς
2648 1639 3028 1710 ἁνθρωπότητι
3057 1638 3273 1701 τελείως
3304 1639 3429 1709 ὲχού
3443 1656 3524 1710 τῃ,
3566 1641 3691 1693 κατά
3711 1658 3762 1706 γε

551 1744 626 1796 ita
657 1756 753 1796 nos
805 1753 1035 1808 quoque,
1068 1739 1316 1807 quainvis
1369 1735 1464 1788 Dei
1507 1733 1763 1798 Verbum,
1800 1734 2122 1787 humanitati

2225 1730 2314 1784 τὸν
2342 1731 2442 1802 τῆς
2475 1731 2610 1794 ἰδίας
2657 1730 2870 1798 φύσεως
2921 1730 3097 1798 λόγον,
3130 1732 3294 1783 οἱονεὶ
3330 1732 3692 1801 συνενηνέχθαι
3716 1750 3763 1785 τε

552 1844 752 1889 nostra:
785 1833 1077 1886 secmnlmn
1106 1829 1335 1899 propriae
1367 1839 1571 1881 naturae
1605 1827 1869 1880 rationem
1903 1827 2124 1880 omnino

2225 1823 2320 1874 καὶ
2354 1819 2596 1891 ἡνῶσθαι
2643 1820 2887 1890 λέγωμεν
2919 1819 3250 1890 ἀπορρήτως
3283 1837 3344 1871 τε
3383 1820 3478 1872 καὶ
3506 1821 3634 1890 ὑπὲρ
3663 1819 3763 1872 νοῦν

551 1925 790 1998 perfecte
843 1924 1076 1985 unitum,
1121 1919 1484 1989 ineﬂ‘ahilique
1551 1933 1615 1972 ac
1675 1918 2124 1986 incomprehenso

2225 1913 2315 1964 τὸν
2359 1913 2422 1965 ἐκ
2465 1911 2599 1964 Θεοῦ
2641 1910 2833 1979 Λόγον,
2869 1912 2967 1980 οὐχ
2997 1911 3128 1962 υίῶν
3151 1911 3320 1964 δυάδα
3347 1912 3627 1982 νοὴσομεν,
3660 1911 3764 1964 ἀλλ’

551 2017 712 2086 plane
743 2016 902 2070 modo
945 2014 1209 2070 sociatum
1248 2011 1600 2075 allit'mamus,
1652 2027 1755 2063 non
1789 2013 1922 2066 duos
1945 2022 2122 2063 tamen

2226 2004 2322 2056 ἕνα
2350 2005 2444 2056 καὶ
2477 2002 2567 2055 τὸν
2596 2003 2778 2064 αὑτὸν,
2813 2001 2973 2069 φύσει
3013 2004 3112 2072 μὲν
3142 2004 3272 2056 ὄντα
3305 2003 3460 2067 Θεὸν,
3486 2005 3574 2054 καὶ
3615 2002 3668 2068 ὲξ
3690 2003 3765 2055 αὑ-

549 2107 691 2162 iilios
746 2115 923 2160 mente
971 2103 1330 2177 concipimus,
1365 2103 1460 2157 sed
1527 2117 1689 2154 unum
1748 2102 2120 2170 eamdemque,

2226 2095 2324 2163 τῆς
2356 2095 2632 2163 πεφηνότα
2675 2093 2776 2162 τῆς
2821 2094 3005 2156 οὐσίας
3036 2095 3130 2147 τοῦ
3163 2095 3302 2146 Θεοῦ
3351 2095 3442 2148 καὶ
3477 2096 3695 2165 Πατρός·
3720 2097 3765 2146 ἐν

551 2197 643 2268 qui
677 2195 892 2264 quidem
943 2175 1141 2246 natura
1181 2192 1320 2246 Deus
1370 2191 1662 2256 exsistens,
1693 2202 1876 2259 utpote
1914 2206 1978 2245 ex
2033 2190 2122 2242 Dei

2225 2185 2473 2253 ἐσχάτοις
2502 2174 2560 2237 δὲ
2584 2183 2677 2236 τοῦ
2705 2185 2900 2248 αἰῶνος
2929 2188 3139 2256 καιροῖς
3174 2187 3468 2255 γενόμενον
3493 2186 3761 2256 ἄνθρωπον,

553 2298 608 2342 et
641 2285 819 2340 Patris
853 2284 1154 2340 substantia
1195 2292 1366 2345 ortus,
1400 2290 1453 2334 et
1507 2281 1558 2333 in
1623 2279 1886 2333 extremis
1942 2279 2122 2333 surculi

2227 2277 2322 2330 καὶ
2352 2277 2440 2329 διὰ
2481 2277 2578 2346 τῆς
2616 2277 2778 2344 ἁγίας
2809 2279 2903 2330 καὶ
2933 2278 3194 2331 Θεοτόκου
3232 2280 3508 2350 Παρθένου
3540 2296 3762 2348 γεγεννη-

552 2377 887 2451 temporibus
947 2377 1107 2429 homo
1157 2372 1333 2428 factus
1393 2377 1438 2432 ’,
1480 2382 1538 2426 et
1581 2387 1646 2426 ex
1701 2385 1856 2426 sacra
1907 2373 2123 2439 deipara

2229 2365 2407 2436 μένον,
2443 2367 2539 2420 καὶ
2570 2367 2706 2437 πρός
2740 2385 2796 2420 τε
2829 2369 2986 2438 ἡμῶν
3017 2369 3193 2423 αὐτῶν
3225 2371 3324 2422 καὶ
3361 2372 3467 2422 τῶν
3498 2372 3654 2440 ἁγίων
3681 2372 3762 2437 ἀγ·

552 2470 775 2541 Virgine
805 2476 982 2530 natus,
1011 2480 1133 2520 eum
1166 2480 1194 2516 a
1228 2463 1406 2532 nobis,
1449 2471 1561 2516 tum
1609 2463 1677 2516 ab
1734 2462 1866 2531 ipsis
1911 2476 2124 2530 quoque

2226 2457 2399 2527 γέλων
2434 2458 2929 2530 προσκυνούμενον,
2965 2462 3106 2514 κατὰ
3131 2460 3227 2523 τας
3256 2461 3500 2532 Γραφάς.

551 2560 756 2615 sanctis
794 2557 1021 2627 angelis,
1057 2553 1352 2610 secundum
1410 2551 1716 2621 Seripturas
1773 2557 1820 2618 ³,
1852 2553 2046 2606 colitur
2072 2561 2125 2606 et

553 2650 830 2705 adorator.

797 2741 948 2807 Quod
999 2739 1044 2794 si
1086 2738 1322 2793 dixerint
1350 2753 1519 2809 genus
1555 2746 1801 2794 nostrum
1835 2738 1951 2794 solo
1993 2737 2122 2793 Uni-

552 2834 720 2903 geniti
776 2832 1008 2886 adventu
1064 2831 1360 2902 indiguisse
1424 2843 1587 2901 atque
1626 2833 1748 2886 ideo
1779 2832 1951 2899 illum,
1981 2831 2123 2902 quod

2226 2841 2371 2911 ἡμᾶς
2416 2840 2512 2909 τῆς
2557 2837 2652 2890 τοῦ
2701 2836 3040 2904 Μονογενοῦς
3084 2835 3417 2904 ἐπιδημίας·
3449 2833 3687 2904 ἐθελήσας
3717 2832 3762 2884 δὲ

549 2929 620 2985 ιιι)
658 2928 723 2982 iis
753 2927 844 2996 qui
875 2926 927 2979 in
975 2927 1133 2981 terris
1172 2926 1391 2996 degunt,
1431 2927 1603 2990 cerni,
1657 2926 1939 2994 amiceque
2001 2940 2123 2979 cum

2225 2931 2457 3000 ὀφθῆναι
2483 2931 2595 2992 τοῖς
2623 2931 2714 2982 ἐπὶ
2743 2930 2864 2998 γῆς,
2890 2931 2983 2982 καὶ
3005 2927 3316 2998 ἀνθρώποις
3349 2925 3760 2994 συναναστραιινῆ⁹

550 3020 858 3083 hominibus
885 3019 1216 3083 conversari,
1254 3027 1308 3072 et
1334 3019 1456 3074 vita:
1487 3018 1816 3091 evangelicae
1860 3018 1998 3070 viam
2030 3032 2124 3071 no-

2225 3040 2332 3086 ναι,
2364 3018 2684 3092 παραδεῖξαί
2725 3038 2787 3073 τε
2825 3011 2960 3090 ἡμῖν
3007 3021 3108 3088 τῆς
3155 3020 3455 3089 ἀγγελικῆς
3525 3016 3761 3077 πολιτείας

546 3113 634 3173 his
663 3120 1081 3181 prazmonstrare
1132 3111 1313 3174 vellet,
1335 3086 1732 3180 dispensatoris
1763 3109 1996 3180 quadam
2032 3125 2122 3163 ra-

2225 3115 2321 3186 τὴν
2355 3086 2490 3177 ὁδὸν,
2522 3086 2880 3182 οἰκονομικῶς
2899 3086 3205 3181 ἠμπίσχετο
3244 3086 3249 3087 ν
3275 3111 3377 3180 τὴν
3405 3086 3586 3178 όμοίαν
3652 3109 3763 3176 ἡμῖν

548 3206 699 3270 tione
721 3203 890 3257 solam
930 3217 1156 3264 ear-nem
1199 3202 1355 3257 nobis
1388 3202 1622 3256 similem
1679 3201 1915 3256 induisse
1947 3199 2122 3271 (Deus

2225 3207 2403 3276 σάρκα
2451 3204 2532 3273 (τὸ
2558 3204 2666 3274 γάρ
2695 3221 2776 3257 τοι
2819 3203 2973 3256 Θεῖον
3003 3201 3143 3254 κατὰ
3170 3201 3335 3269 φύσιν
3371 3200 3501 3253 ίδίαν
3531 3198 3622 3268 οὐχ
3651 3199 3764 3266 ὁρα-

547 3311 784 3364 namque
819 3297 1114 3348 secundum
1140 3310 1290 3348 suam
1313 3305 1556 3347 naturam
1576 3295 1678 3348 sub
1713 3302 1990 3362 aspectum
2017 3309 2120 3345 non

2225 3299 2357 3364 τόν)’
2396 3297 2724 3365 ἠγνοηκότες
2765 3294 3060 3349 ἁλώσονται
3081 3297 3177 3363 τῆς
3209 3293 3658 3363 ὲνανθρωπήσεως
3687 3289 3763 3340 τὸν

548 3387 755 3456 cadit),
795 3386 869 3439 illi
913 3385 1304 3440 incarnationis
1356 3400 1578 3452 scopum
1625 3399 1682 3436 se
1707 3384 1973 3452 ignorare,
2013 3398 2124 3435 ma-

2231 3387 2450 3452 σκοπὺν,
2467 3387 2560 3439 καί⁸
2577 3386 2848 3448 συνιέντες
2869 3384 3118 3453 οὐδαμῶς
3144 3384 3202 3436 τὸ
3228 3385 3374 3452 μέγα
3398 3383 3490 3451 τῆς
3517 3379 3760 3438 εὐσεϐείας

549 3491 824 3549 gnumque
891 3477 1019 3530 illud
1079 3477 1297 3546 pietatis
1332 3477 1644 3548 mysterium
1697 3478 1718 3509 ⁸
1760 3491 1983 3546 prorsus
2013 3491 2118 3528 non

2232 3477 2547 3548 μυστήριον.
2576 3476 2638 3528 Εἰ
2685 3475 2791 3545 γὰρ
2831 3475 2894 3546 δὴ
2939 3475 3104 3545 μόνην
3132 3475 3246 3545 ἔχει
3282 3476 3381 3548 τὴν
3415 3475 3655 3546 ἀφορμὴν
3682 3471 3759 3526 τοῦ

550 3567 872 3638 intelligere,
899 3579 1085 3638 aperte
1119 3568 1432 3622 ostendunt.
1462 3567 1593 3621 Nam
1621 3567 1665 3621 si
1700 3564 2025 3636 Unigenitus
2055 3578 2120 3619 ea

2225 3570 2453 3642 ὀφθῆναι
2481 3573 2594 3633 τοῖς
2626 3571 2720 3622 ἐπὶ
2753 3571 2855 3640 γῆς
2890 3570 2983 3623 τοῦ
3033 3573 3373 3640 Μονογενοῦς
3421 3577 3452 3644 ἡ
3497 3573 3756 3642 σάρκωσις,

551 3663 723 3736 solum
758 3667 823 3716 de
873 3675 1034 3724 causa
1083 3660 1416 3729 incarnatus,
1439 3660 1540 3714 hoc
1589 3669 1691 3724 est,
1731 3659 1890 3713 homo
1951 3659 2124 3713 factus

2225 3661 2389 3732 ἤγουν
2491 3660 2932 3731 ὲνανθρῶπησις,
2986 3661 3284 3731 προσετέθη
3322 3679 3385 3729 γε
3475 3661 3575 3732 μὴν
3602 3661 3758 3728 ἕτερον

551 3763 779 3822 est,quo
805 3755 871 3806 ab
915 3753 980 3807 iis
999 3751 1089 3821 qui
1127 3751 1182 3805 in
1221 3751 1378 3806 terris
1419 3759 1632 3805 aetatem
1668 3760 1852 3819 agunt,
1882 3751 2122 3820 conspici

2225 3751 2374 3804 οὐδὲν
2410 3754 2475 3822 τῇ
2504 3751 2795 3822 ἀνθρώπου
2819 3751 2998 3820 φύσει·
3031 3751 3148 3814 πῶς
3178 3752 3277 3804 οὐκ
3305 3752 3520 3822 ἄμεινον
3547 3751 3639 3821 ἤδη
3663 3766 3758 3810 πως

553 3854 754 3915 posset,
783 3844 1026 3913 nihilque
1075 3843 1220 3897 aliud
1277 3852 1538 3912 praeterea
1571 3843 1838 3897 commodi
1868 3842 2012 3896 illius
2043 3843 2124 3896 in-

2225 3844 2316 3894 καὶ
2349 3843 2527 3910 σοφῶν
2580 3882 2594 3905 ,
2634 3845 2699 3912 τῇ
2727 3842 2836 3896 τῶν
2870 3843 3121 3912 Δοκητῶν
3153 3843 3522 3914 συμφέρεσθαι
3544 3842 3659 3912 δόξῃ
3682 3841 3758 3892 καὶ

549 3936 797 3991 earnatio
828 3937 1072 3988 humana:
1116 3945 1319 3989 natura:
1365 3935 1542 3988 attulit
1574 3954 1586 3989 :
1616 3950 1713 3988 cur
1755 3933 1966 3987 illorum
1998 3949 2119 3988 sen-

2226 3935 2372 4004 ημᾶς
2405 3934 2620 3999 αὐτοὺς,
2639 3935 2688 3986 οἳ
2726 3934 2928 4002 σαρκός
2957 3952 3014 3986 τε
3041 3934 3179 4004 ὁμοῦ
3208 3935 3303 3987 καὶ
3331 3934 3513 4005 γηῖνου
3539 3933 3757 4002 σώματος

549 4028 734 4089 tentia:
774 4029 1123 4106 subscribere
1293 4043 1393 4080 non
1426 4027 1627 4096 pigeat,
1658 4026 1746 4094 qui
1779 4025 2118 4093 phantastira

2228 4024 2700 4093 ἁπαμφιεννύντες
2742 4024 2832 4076 τὸν
2865 4025 3058 4093 Λόγον,
3091 4020 3270 4093 ὦφθαι
3310 4026 3407 4097 μὲν
3455 4027 3542 4077 ἐπὶ
3579 4025 3669 4092 γῆς
3696 4022 3756 4083 ὡς

552 4131 760 4174 tantum
818 4136 982 4174 carne
1032 4133 1086 4175 et
1120 4133 1346 4187 corpore
1379 4117 1608 4172 Verbum
1651 4117 2118 4183 imlutum,neque

2225 4113 2507 4183 ἄνθρωπον
2537 4114 3001 4186 μυθοπλαστοῦσιν
3028 4117 3076 4168 oi
3095 4115 3350 4180 δείλαιοι;
3388 4114 3757 4185 Ἥμαρτηκότες

553 4211 606 4272 in
646 4211 878 4266 hominis
910 4220 1122 4275 natura,
1157 4210 1248 4263 sed
1278 4209 1329 4261 in
1367 4209 1602 4270 hominis
1633 4217 1842 4262 tantum
1877 4207 2124 4260 similitu-

2225 4205 2275 4259 δὲ
2304 4204 2569 4275 τάληθοῦς
2619 4205 2796 4258 ἁλοῖεν
2833 4206 2899 4260 ἂν
2933 4209 3026 4261 καὶ
3061 4207 3120 4259 οὐ
3153 4208 3250 4259 σὺν
3283 4207 3468 4276 ἱδρῶτι
3497 4197 3757 4274 μακρῷ.Ἥ

555 4303 680 4354 dine
721 4303 771 4353 in
805 4303 962 4354 terris
995 4301 1317 4368 apparuisse
1351 4297 1694 4352 fabulantur?
1726 4300 1919 4354 Verum
1954 4314 2124 4367 quan-

2225 4299 2317 4352 οὐκ
2346 4299 2567 4367 ἄμεινον
2597 4299 2836 4370 ἐροῦσιν,
2867 4303 2915 4352 εἰ
2946 4301 3111 4371 μηδὲν
3139 4301 3347 4370 ὀνίνησι
3381 4300 3475 4369 τὴν
3502 4295 3754 4367 ἀνθρώπου

557 4405 668 4444 tmn
695 4391 746 4443 hi
775 4391 957 4453 miseri
993 4407 1022 4444 a
1053 4391 1297 4445 veritatis
1341 4405 1503 4457 scopo
1547 4391 1824 4455 aberrent,
1863 4391 2003 4443 facili
2033 4405 2124 4442 ne-

2225 4391 2380 4460 φύσιν
2425 4392 2453 4442 ὁ
2497 4393 2572 4442 ὲκ.
2599 4391 2733 4443 Θεοῦ
2761 4392 2954 4460 Λόγος,
2990 4393 3038 4443 εἰ
3070 4394 3164 4444 καὶ
3197 4394 3390 4460 γέγονε
3423 4390 3570 4460 σὰρξ,
3607 4386 3754 4440 ἀπαλ-

556 4483 703 4549 gotio
754 4482 961 4534 ostendi
1020 4491 1214 4549 potest.
1268 4481 1344 4544 Si,
1411 4482 1648 4549 inquam,
1712 4483 1804 4536 Dei
1869 4484 2124 4549 Verbum,

2225 4480 2506 4534 λάττεσθαι
2536 4482 2632 4550 μὲν
2681 4481 3018 4552 ἀκαθαρσίας
3069 4483 3340 4551 σαρκικῆς
3360 4523 3374 4545 ,
3406 4475 3649 4548 δόξαι
3676 4469 3753 4525 οὖν

557 4575 768 4627 etiamsi
796 4589 922 4628 caro
953 4574 1153 4627 factum
1196 4584 1298 4636 est,
1327 4573 1529 4627 nullum
1563 4574 1705 4629 aliud
1737 4575 1984 4630 humana:
2034 4595 2124 4631 na-

2225 4570 2366 4636 ἅπαξ
2407 4570 2481 4640 τῷ
2513 4573 2685 4642 γηΐνῳ
2715 4572 3155 4643 προσκεχρῆσθαι
3190 4571 3424 4642 σώματι,
3461 4562 3751 4636 διαπερᾶναί

559 4677 692 4717 tura:
717 4663 1286 4727 comumdnmattulit,
1323 4678 1389 4716 an
1427 4679 1533 4717 non
1567 4665 1765 4717 rectius
1802 4677 2123 4722 statueretnt

2225 4679 2277 4714 τε
2301 4661 2442 4715 οὕτω
2475 4663 2564 4714 τὸν
2598 4664 2930 4734 προτεθέντα
2962 4664 3189 4728 σκοπόν;
3224 4665 3317 4726 Τίς
3348 4660 3439 4716 οῦν
3469 4663 3530 4716 ἂν
3573 4661 3752 4724 γένοιτο

559 4755 794 4810 at'arnis
841 4757 1059 4823 quidem
1113 4754 1452 4807 imumnditia
1512 4755 1736 4808 omnino
1784 4757 2124 4821 abstinuisse,

2225 4753 2400 4806 λοιπὸν
2433 4753 2533 4823 τῆς
2591 4754 2883 4825 ἐπιδημίας
2917 4756 2944 4806 ὁ
2972 4756 3128 4822 λόγος
3150 4797 3164 4818 ,
3202 4756 3234 4826 ἢ
3279 4755 3360 4818 τίς
3396 4755 3423 4805 ό
3459 4753 3643 4824 τρόπος
3671 4747 3752 4815 τῆς

559 4862 773 4906 terreno
810 4845 1161 4900 nihilominus
1194 4860 1423 4914 corpore
1483 4847 1556 4898 uti
1593 4847 1761 4900 visum
1800 4863 1939 4912 esse,
1972 4859 2124 4917 atque

2225 4844 2720 4916 ἐνανθρωπήσεως,
2770 4849 3084 4917 πέπρακται
3119 4847 3175 4900 δὲ
3220 4849 3342 4899 ὅτου
3373 4848 3546 4916 χάριν,
3598 4842 3647 4894 εἴ
3681 4854 3750 4897 τις

559 4941 659 4994 hac
693 4938 899 4995 ratione
939 4937 1079 5006 quod
1125 4937 1440 4992 decreverat
1497 4936 1824 5003 perfecisse?
1863 4942 2124 4995 Caeterum

2225 4936 2393 5006 ἔροιτο
2424 4937 2602 5006 τυχὸν,
2623 4938 3017 4992 ἁντακούσεται
3049 4942 3177 5009 παρ’
3205 4940 3388 5009 ἡμῶν·
3421 4939 3480 4991 Ἠ
3498 4935 3608 4989 θεία
3630 4929 3748 4984 διδὲο

559 5029 680 5095 quis
704 5027 962 5082 adventus
993 5027 1134 5080 illius
1175 5027 1338 5087 fuerit
1392 5043 1541 5094 usus,
1570 5039 1623 5082 et
1650 5029 1825 5097 qualis
1875 5031 2124 5085 incarna-

2225 5027 2297 5091 ξει
2329 5028 2651 5098 Γραφή.⁹ἰθι
2681 5029 2744 5097 δὴ
2789 5026 2901 5096 οὖν,
2926 5024 2970 5082 ὦ
3021 5035 3254 5098 γενναῖε,
3285 5030 3455 5082 πυθοῦ
3487 5029 3584 5080 τῶν
3613 5020 3746 5091 ἱερῶν

562 5121 724 5173 tionis
758 5119 1023 5184 modus,si
1049 5118 1170 5185 quis
1200 5119 1336 5174 forte
1359 5137 1384 5171 a
1414 5120 1567 5175 nobis
1592 5122 1921 5186 sciscitetur,
1953 5127 2124 5189 cujus-

2225 5121 2585 5191 Γραμμάτων,
2620 5122 2712 5174 καὶ
2740 5125 2857 5183 ταῖ;
2903 5123 3011 5174 τῶν
3042 5125 3209 5191 ἁγίων
3239 5123 3542 5176 ἀποστόλων
3569 5119 3742 5188 φωναῖς

560 5229 666 5282 que
713 5214 789 5269 rei
843 5215 1016 5282 gratia
1057 5224 1265 5282 patrata
1312 5217 1413 5281 sit;
1449 5217 1537 5270 ille
1577 5218 1820 5284 responsi
1882 5218 1997 5272 loco
2035 5220 2124 5272 hoc

2225 5211 2493 5280 ἐνερείσας
2523 5209 2580 5264 εὖ
2612 5213 2756 5282 μάλα
2790 5217 2886 5284 τῆς
2927 5214 3160 5278 διανοίας
3189 5217 3278 5268 τὸν
3306 5213 3590 5284 ὀφθαλμὸν,
3616 5207 3741 5272 ἄθρει

560 5308 749 5377 paucis
797 5304 998 5360 habeat
1028 5324 1042 5360 :
1077 5306 1210 5375 Age,
1257 5307 1401 5366 istud
1463 5309 1640 5365 divina
1696 5307 1982 5376 Scriptura
2041 5311 2124 5364 tibi

2225 5303 2280 5374 δὴ
2317 5304 2498 5366 καλῶς
2530 5305 2590 5356 τὸ
2613 5307 2964 5377 ζητούμενον.
2993 5309 3136 5377 ’Έιρη
3175 5309 3353 5360 τοίνυν
3386 5309 3414 5358 ὁ
3445 5307 3588 5371 σοφὸς
3633 5299 3741 5368 ἡμῖν

565 5400 868 5469 patefaciet.
899 5396 1051 5452 Vade
1111 5413 1240 5468 ergo
1288 5408 1344 5452 et
1397 5413 1584 5454 sacras
1614 5398 1844 5453 Litteras
1896 5401 2124 5455 consule.

2225 5393 2448 5458 Παῦλος,
2496 5395 2657 5450 αὑτὸν
2704 5395 2840 5465 ἔχων
2888 5397 2945 5447 έν
2996 5395 3176 5465 ἑαυτῴ
3221 5395 3476 5448 λαλοῦντα
3521 5386 3736 5459 Χριστόν·

566 5494 870 5561 mentisque
917 5493 1131 5547 oculum
1169 5501 1484 5547 sanctorum
1511 5494 1874 5560 apostolorum
1917 5496 2124 5548 voeibn:

2225 5487 2483 5558 «Ἐπειδὴ
2536 5488 2592 5540 δὲ
2644 5491 2712 5541 τα
2765 5488 2951 5541 παιδία
3003 5487 3394 5558 κεκοινώνηκεν
3431 5487 3635 5553 αἵματος
3663 5473 3736 5527 καί

563 5583 736 5650 infer;
768 5594 818 5640 et
848 5587 988 5654 quod
1008 5584 1535 5654 qumritur,dilueide
1569 5585 1654 5639 hic
1681 5601 1798 5638 mox
1830 5586 2132 5640 intuebere.

1063 5724 1079 5752 ²
1113 5721 1277 5776 llebr.
1311 5735 1352 5790 ι,
1388 5720 1438 5785 l,
1469 5719 1519 5772 Ξ.

2452 911 2610 974 Tisia;
2671 911 2726 964 δὲ
2752 909 2868 964 οῦτι
2907 929 3008 964 που
3046 911 3137 965 δύο
3175 916 3631 984 προσκυνήσομεν,
3658 917 3762 970 ἀλλ’

2224 1003 2344 1056 οὐδὲ
2377 1006 2643 1073 Χριστοίδς
2676 1005 2904 1074 ἐροῦμεν
2925 1002 3035 1066 δύο,
3061 1003 3164 1056 κᾶν
3190 1005 3498 1073 ἐψηχῶσθαι
3531 1009 3761 1060 πιστεύω-

2227 1112 2327 1164 μεν
2349 1095 2492 1165 ψυχῇ
2518 1096 2707 1166 λογικῇ
2736 1096 2824 1147 τὸν
2851 1095 3122 1148 ἐνωθέντα
3142 1096 3219 1165 τῷ
3253 1098 3410 1168 Λόγῳ
3437 1098 3764 1169 ναόν.”Ωσπερ

2225 1189 2360 1258 γὰρ,
2389 1188 2529 1241 κατά
2553 1204 2615 1255 γε
2648 1188 2708 1239 τὸ
2753 1187 2982 1250 ἐκείνοις
3011 1183 3068 1241 εὖ
3100 1188 3244 1257 ἔχειν
3274 1188 3616 1260 δοκοῦνηκᾶν
3645 1193 3685 1242 εἰ
3713 1194 3764 1245 si.

2229 1279 2393 1349 μόνης
2421 1277 2630 1345 λέγοιτο
2749 1278 2849 1346 τῆς
2877 1276 3098 1348 σαρκὸς,
3127 1278 3327 1330 καὶτοῦ
3345 1279 3411 1340 ὲκ
3431 1279 3559 1331 Θεοῦ
3587 1283 3764 1350 [Ἰατρὸς

2225 1369 2531 1438 πεφηνότος
2579 1369 2778 1435 Λόγου,
2809 1367 2983 1430 οὐδεὶς
3023 1369 3218 1431 αὐτοὺς
3257 1370 3536 1422 ἀναπείσει
3573 1373 3762 1440 τρόπος,

2224 1458 2330 1513 ἀνὰ
2363 1459 2524 1530 μέρος
2551 1459 2648 1529 τὴν
2686 1458 2863 1529 σάρκα
2894 1458 3159 1525 τιθέντας,
3197 1459 3290 1511 καὶ
3316 1461 3418 1512 ἀνα
3455 1461 3611 1530 μέρος
3631 1463 3764 1515 αὐτόν

2440 2748 2500 2799 Εἰ
2530 2746 2585 2799 δὲ
2615 2745 2680 2816 δὴ
2708 2748 2881 2814 φαῖεν,
2913 2747 2996 2798 ὅτι
3029 2745 3195 2816 μόνης
3227 2745 3330 2813 μὲν
3369 2743 3538 2797 ἐδεῖτο
3561 2744 3622 2795 τὰ
3651 2740 3762 2795 καθ’

2218 5579 2436 5649 σαρκὸς,
2457 5583 2547 5631 καὶ
2579 5581 2738 5645 αὐτὸς
2771 5582 3164 5652 παραπλησίως
3193 5583 3414 5654 μετέσχε
3446 5577 3543 5630 τῶν
3565 5568 3725 5626 αὐτῶν.

618 5718 636 5753 ⁸
674 5717 774 5783 lsa.
812 5736 898 5788 ιν,
930 5726 980 5777 8.
1063 5724 1079 5752 ²
1113 5721 1277 5776 llebr.
1311 5735 1352 5788 ι,
1388 5720 1438 5785 l,
1469 5719 1519 5772 Ξ.
1599 5720 1618 5750 ³
1655 5719 1790 5773 f‘sal.
1831 5733 1971 5780 teri,
2003 5719 2052 5772 8.

2244 5715 2387 5770 Tim.
2423 5733 2500 5780 ιιι,
2535 5721 2613 5773 lii.
