4094 6300
581 291 688 359 9ἱ9

1815 305 2016 364 ΕυἸἨ
2032 307 2143 367 ΥΜ]

2244 307 2562 367 ZIGABEN
2571 308 2596 366 Ι
3698 312 3781 372 920

574 450 673 489 sua
713 443 968 504 tanquam
999 449 1204 506 organo
1249 438 1316 490 ad
1353 437 1534 492 carnis
1565 452 1750 508 opera,
1779 446 2143 514 naturalesan

2260 453 2515 526 καθάπερ
2539 457 2777 527 ὀργάνῳ,
2812 462 2880 530 τῇ
2925 458 3024 528 μὲν
3074 459 3180 529 ἰδίᾳ
3220 455 3403 527 σαρκὶ,
3441 453 3552 527 [τὰ]
3584 454 3700 522 πρὸς
3729 455 3782 507 τὰ

573 527 946 597 aegritudines,
973 541 1037 582 ac
1070 538 1264 582 cmtera
1305 526 1480 582 oﬂicla
1520 530 1934 600 vituperationis
1964 552 2154 604 exper-

572 617 684 683 tia;
728 615 907 670 anima
949 631 1161 671 rursum
1190 616 1264 670 ad»
1307 616 1576 674 humanas
1626 621 2040 693 inculpatasque
2071 629 2154 678 at-

572 706 839 762 fectiones
887 707 1158 761 utebatur.
1202 705 1340 760 Nam
1389 717 1443 762 et
1488 711 1749 777 esuriem,
1796 723 1852 767 et
1893 714 2154 782 longioris

572 799 784 854 itineris
813 799 1078 863 laborem,
1123 809 1180 853 et
1224 813 1482 867 pavorem
1521 817 1584 857 ac
1619 814 1846 870 metum,
1889 816 1943 860 et
1984 808 2155 860 tristi-

575 890 727 955 tiam,
760 898 814 944 et
848 903 1128 956 angorem,
1157 899 1214 943 et
1246 890 1413 958 ipsam
1451 893 1686 960 denique
1718 894 1771 948 in
1808 911 1968 950 cruce
2009 913 2155 950 mor-

572 992 679 1035 tem
709 979 999 1048 pertulisse
1031 979 1280 1036 traditur.
1310 981 1525 1036 Etenim
1571 985 1718 1040 nullo
1751 999 2001 1057 cogente,
2036 991 2153 1042 ani-

569 1086 713 1125 mam
753 1086 906 1126 suam
943 1072 1115 1125 nostri
1151 1088 1315 1127 causa
1352 1077 1535 1142 posuit
1587 1078 1626 1143 ³,
1672 1092 1779 1147 quo
1812 1080 2062 1134 nimirum
2100 1094 2153 1135 et

567 1163 709 1218 vivis
737 1171 791 1216 et
816 1162 1044 1217 mortuis
1067 1163 1444 1219 dominaretur
1491 1171 1533 1220 ³.
1570 1168 1634 1222 Et
1656 1171 1874 1238 quidem
2031 1188 2151 1227 car-

566 1266 691 1308 nem
723 1266 880 1307 suam
909 1252 1048 1306 citra
1085 1255 1517 1309 controversiam
1550 1255 1890 1315 liherationis
1918 1263 2149 1330 pretium

567 1358 668 1414 pro
703 1344 944 1398 omnium
982 1357 1148 1399 carne
1181 1345 1484 1421 dependit;
1514 1349 1752 1404 animam
1785 1367 1914 1408 vero
1944 1352 2146 1421 justum

566 1449 667 1505 pro
719 1434 1026 1488 mortalium
1071 1435 1313 1489 omnium
1368 1438 1653 1494 animabus
1710 1441 1942 1509 pretium
1996 1444 2150 1497 exhi-

566 1526 712 1589 buit,
759 1526 978 1580 tametsi
1011 1527 1174 1580 vitam
1204 1542 1366 1596 quam
1415 1541 1671 1597 posuerat
1704 1533 1850 1602 (nam
1877 1536 1986 1588 vita
2032 1546 2150 1590 erat

565 1633 628 1678 ut
667 1621 808 1677 Deus
861 1622 1159 1676 secundum
1218 1629 1496 1692 naturanﬁ
1542 1623 1719 1680 denuo
1770 1630 2146 1697 resumpserit.

2261 547 2466 615 σαρκὸς
2510 546 2647 617 ἔργα
2669 565 2730 601 τε
2766 549 2861 601 καὶ
2893 550 3155 621 ἀρῤωστή
3167 566 3312 618 ματα
3343 545 3560 616 φυσικὰ,
3597 547 3679 598 καὶ
3703 546 3783 599 ὅσα

2261 637 2454 707 μώμου
2487 640 2704 709 μακράν
2725 653 2739 668 ⁶
2773 640 2918 712 ψυχῇ
2945 641 2988 693 δ’
3015 636 3082 694 αὖ
3115 644 3180 712 τῇ
3220 641 3345 711 ἰδίᾳ,
3374 640 3505 710 πρὸς
3531 640 3592 692 τὰ
3612 638 3784 708 ἀνθρὼ-

2258 730 2390 784 πινά
2419 746 2478 782 τε
2509 731 2600 784 καὶ
2624 733 2922 785 ἀνυπαίτια
2951 733 3123 803 πάθη.
3152 733 3412 803 Πεινῆσαι
3453 732 3556 802 γὰρ
3579 731 3782 800 λέγεται,

2257 823 2462 885 κόπους
2520 825 2844 891 ὑπενεγκεῖν
2897 827 3025 888 τοὺς
3079 827 3143 878 ἐκ
3199 825 3426 896 μακρῶν
3489 823 3783 894 ὁδοιποριῶν,

2257 915 2448 976 πτοίας
2481 933 2540 967 τε
2579 917 2674 968 καὶ
2705 917 2928 985 φόϐους,
2958 919 3052 970 καὶ
3086 916 3286 987 λύπην,
3317 917 3410 969 καὶ⁸
3439 915 3678 982 ἀγωνίαν,
3709 916 3784 968 καὶ

2255 1006 2346 1059 τὸν
2379 1007 2474 1058 ἐπὶ
2507 1006 2585 1077 τῷ
2631 1007 2853 1077 σταυρῷ
2889 1007 3142 1060 θάνατον.
3183 1006 3672 1074 Ἐπαναγκάζοντος
3699 1007 3784 1077 γὰρ

2255 1093 2490 1156 οὐδενὸς,
2522 1094 2766 1148 τέθεικεν
2809 1097 2902 1164 ἀφ’
2946 1097 3142 1151 ἐαυτοῦ
3175 1097 3272 1167 τὴν
3306 1097 3440 1151 ἰδίαν
3467 1097 3632 1167 ψυχὴν
3671 1097 3784 1166 ὑπὲρ

2253 1185 2437 1255 ήμῶν,
2473 1188 2560 1241 ἵνα
2588 1189 2682 1241 καὶ
2701 1190 2911 1260 νεκρῶν
2950 1191 3044 1244 καὶ
3078 1189 3295 1254 ζώντων
3323 1189 3606 1261 κυριεύσῃ·
3639 1189 3784 1258 σάρκα

2256 1280 2357 1349 μὲν
2393 1278 2492 1350 τὴν
2539 1280 2698 1347 ἰδίαν,
2729 1283 2828 1350 τῆς
2875 1283 3131 1336 ἁπάντων
3171 1281 3374 1354 σαρκὸς
3421 1282 3783 1344 ἀνταποτιννὺς,

2253 1369 2424 1440 δῶρον
2463 1371 2678 1439 ἀληθῶς
2699 1373 2972 1439 ἀντάξιον*
2990 1373 3168 1444 ψυχὴν
3191 1374 3269 1434 δέ,
3303 1373 3482 1443 ψυχῆς
3514 1373 3784 1444 ἀντίλυτρον

2251 1458 2354 1527 τῆς
2381 1459 2639 1514 ἁπάντων
2669 1463 3016 1530 ποιούμενος,
3055 1465 3104 1516 εί
3141 1465 3233 1516 καὶ
3268 1464 3471 1517 ἀνεϐίω
3503 1464 3666 1527 πάλιν,
3694 1465 3784 1536 ζωὴ

2254 1551 2398 1604 κατὰ
2427 1551 2589 1620 φύσιν
2620 1553 2882 1624 ὑπάρχων
2909 1556 2985 1615 ὠς
3014 1555 3168 1619 Θεός.
3203 1557 3314 1608 Καὶ
3338 1557 3469 1624 γοῦν
3490 1559 3517 1608 ὁ
3545 1556 3786 1620 Θεσπέσιος

2253 1643 2460 1716 Πέτρος
2483 1685 2498 1708 ,
2536 1665 2554 1697 ι
2593 1646 2820 1717 Ἀνδρες
2850 1647 3095 1715 ἀδελφοὶ,
3125 1649 3314 1718 φησὶν,
3347 1649 3464 1715 ἐξὸν
3493 1650 3650 1701 εἰπεῖν
3674 1651 3785 1720 μετὰ

564 1713 705 1770 Hinc
733 1715 950 1768 divinus
991 1713 1230 1769 Petrus:
1270 1731 1290 1764 ι
1321 1712 1454 1780 Viri,
1490 1717 1684 1785 inquit,
1737 1717 1955 1782 fratres,
1994 1721 2143 1776 liceat

2254 1712 2564 1805 παρρησίας
2597 1712 2743 1807 πρὸς.
2775 1739 2922 1808 ὑμᾶς
2969 1712 3100 1810 περὶ
3129 1712 3223 1792 τοῦ
3253 1712 3588 1811 πατριάρχου
3633 1712 3784 1807 Δαεΐιδ,

566 1813 834 1862 audenter
867 1807 1051 1861 dicere
1093 1805 1164 1860 ad
1201 1821 1293 1860 vos
1324 1807 1390 1861 de
1438 1809 1744 1875 patriarcha
1779 1811 1970 1876 David,
2017 1828 2153 1882 quo-

566 1900 713 1952 niam
743 1905 797 1952 et
821 1895 1109 1952 defunctus
1140 1904 1246 1961 est,
1279 1906 1331 1951 et
1363 1897 1607 1967 sepultus
1629 1909 1732 1964 est,
1759 1909 1812 1954 et
1838 1902 2150 1970 sepulcrum

565 1988 684 2058 ejus
711 1997 798 2059 est
827 1987 969 2058 apud
1021 2002 1120 2044 nos
1153 2003 1324 2057 usque
1367 1989 1419 2044 in
1467 1990 1789 2046 hodiernum
1821 1994 1986 2048 diem.
2019 1993 2152 2049 Pro-

565 2084 726 2151 pheta
766 2082 932 2152 igitur
971 2096 1095 2135 cum
1127 2090 1294 2145 esset,
1338 2091 1395 2136 et
1442 2083 1608 2138 sciret
1642 2085 1771 2153 quia
1797 2086 2150 2155 jurejurando

560 2176 805 2244 jurasset
862 2173 938 2228 illi
999 2173 1161 2239 Deus,
1221 2174 1287 2228 de
1345 2173 1525 2230 fructu
1574 2175 1744 2232 lumbi
1798 2178 1916 2247 ejus
1958 2181 2150 2234 sedere

565 2284 729 2339 super
755 2269 940 2324 sedem
969 2267 1108 2338 ejus,
1162 2267 1454 2337 providens
1491 2269 1700 2325 locutus
1736 2280 1822 2326 est
1863 2274 1930 2327 de
1967 2287 2150 2328 resur-

565 2361 808 2415 rectione
849 2360 1076 2430 Christi,
1130 2363 1257 2432 quia
1289 2378 1466 2432 neque
1516 2365 1807 2422 derelictus
1851 2376 1936 2422 est
1969 2369 2022 2422 in
2065 2369 2149 2422 in-

564 2455 745 2520 ferno,
776 2468 954 2523 neque
977 2469 1106 2508 caro
1138 2454 1257 2522 ejus
1289 2455 1424 2510 vidit
1448 2457 1853 2524 corruptionem
1903 2459 1945 2511 ³.
1983 2477 2002 2510 ι
2035 2458 2149 2514 Nec

564 2544 710 2596 enim
765 2541 849 2597 fas
892 2550 977 2597 est
1025 2541 1228 2608 dicere,
1285 2557 1505 2596 carnem
1554 2540 1735 2598 Verbo
1787 2545 1996 2599 unitam
2047 2545 2148 2598 ali-

565 2633 784 2702 quando
816 2634 1056 2703 potuisse
1105 2634 1398 2703 corrumpi,
1435 2643 1527 2688 aut
1564 2635 1803 2690 divinant
1838 2635 1984 2690 illam
2028 2637 2146 2691 ani-

564 2744 708 2782 mam
757 2729 898 2782 intra
944 2727 1142 2782 inferni
1179 2738 1369 2798 portas
1409 2729 1662 2783 detineri.
1696 2729 1852 2796 Nam,
1910 2741 1968 2784 ut
2007 2731 2147 2785 divi-

568 2835 674 2874 nus
724 2819 918 2874 Petrus
942 2819 1038 2883 ait,
1081 2819 1261 2873 anima
1309 2817 1428 2885 ejus
1459 2819 1512 2872 in
1548 2819 1766 2875 inferno
1809 2821 1998 2875 relicta
2037 2837 2142 2876 non

562 2913 688 2968 t‘uit.
734 2910 920 2981 Neque
969 2926 1097 2966 vero
1144 2921 1395 2964 naturam
1445 2910 1614 2978 illam,
1642 2926 1762 2981 quae
1809 2927 1912 2968 nec
1962 2925 2142 2969 mente

562 3003 986 3074 comprehendi,
1045 3018 1220 3072 neque
1269 3018 1366 3072 per
1415 3011 1644 3058 mortem
1709 3003 1978 3061 ullatenus
2023 3006 2141 3076 capi

559 3071 760 3167 potest,
789 3096 890 3152 hoc
916 3107 999 3150 est
1024 3071 1298 3166 Uuiéeniti
1324 3096 1686 3163 divinitatem,
1713 3112 1743 3151 e
1769 3071 2142 3154 subterraneis
2170 3071 2212 3127 δ

559 3189 670 3243 illis
698 3189 966 3254 specubus
1003 3203 1217 3241 rursum
1259 3189 1551 3244 emersisse
1583 3189 1865 3245 dicemus:
1893 3190 2138 3260 quando-

560 3283 778 3350 quidem
843 3281 989 3336 nulla
1037 3281 1397 3335 admiratione
1443 3281 1663 3350 dignum
1712 3293 1895 3346 esset,
1946 3285 1990 3338 si
2047 3285 2137 3338 Dei

561 3373 803 3428 V’erbum
839 3373 1136 3428 divinitatis
1167 3373 1218 3426 vi
1252 3374 1610 3442 ejusdemque
1644 3371 1880 3428 eilicacia
1929 3379 2135 3444 nixum,

561 3466 702 3535 apud
727 3464 930 3519 inferos
963 3479 1070 3517 non
1106 3465 1417 3531 mansisset,
1445 3479 1566 3518 cum
1597 3465 1989 3522 admirabiliter
2015 3485 2134 3524 om-

559 3557 722 3613 nibus
785 3555 948 3620 adsit,
1007 3554 1336 3625 impleatque
1393 3557 1596 3610 omnia.
1659 3557 1844 3613 Deitas
1901 3576 2135 3630 namque

556 3646 708 3701 oittni
744 3645 865 3702 loco
892 3655 948 3702 et
977 3646 1509 3716 circumscriptione,
1544 3659 1598 3702 et
1638 3651 1987 3706 mensurabili
2021 3669 2136 3707 ma-

557 3738 839 3808 gnitudine
885 3738 1156 3806 superior,
1209 3754 1238 3792 a
1289 3739 1442 3793 nullo
1505 3725 1625 3807 capi
1679 3744 2133 3810 comprehendive

579 3841 754 3886 mtest.

579 3850 625 3883 iu
652 3848 680 3886 e
716 3841 754 3886 ι.

556 3847 574 3898 1
630 3841 711 3888 ιε
840 3914 1033 3968 Mirum
1083 3928 1212 3968 vero
1267 3913 1437 3967 videri
1491 3913 1672 3976 debet,
1728 3914 1868 3981 quod
1938 3928 2137 3984 corpus

559 4016 754 4074 suapte
788 4014 981 4060 natura
1029 4005 1268 4058 interitui
1315 4014 1370 4057 et
1411 4004 1569 4057 morti
1599 4005 1892 4058 obnoxium
1950 4005 2015 4057 ad
2058 4006 2136 4058 vi-

561 4107 672 4148 tam
716 4096 894 4150 denuo
963 4094 1188 4149 redierit
1232 4111 1245 4147 :
1294 4093 1346 4148 id
1397 4095 1542 4148 enim
1598 4093 1922 4148 immortalis
1971 4091 2134 4146 Verbi

559 4188 840 4257 proprium
890 4194 1028 4256 erat.
1080 4185 1172 4240 Sic
1221 4199 1439 4255 quoque
1487 4186 1686 4250 anima,
1729 4202 1848 4253 qua:
1882 4201 2002 4240 cum
2047 4185 2137 4240 illo

561 4279 848 4347 ctoiijuncta
881 4278 1238 4349 eopulataque
1271 4279 1468 4344 fuerat,
1497 4280 1562 4333 ad
1591 4279 1794 4334 inferos
1818 4280 2134 4343 descendit,

561 4371 851 4439 divinaque
879 4371 1079 4425 virtute
1113 4385 1177 4426 ac
1209 4371 1450 4440 potentia
1483 4381 1662 4435 utens,
1691 4372 1972 4441 spiritibus
1999 4387 2138 4441 quo-

560 4475 668 4527 que
699 4459 897 4514 ibidem
930 4460 1162 4529 captivis
1189 4475 1310 4515 sese
1339 4462 1584 4516 exhibuit
1633 4461 1672 4514 ⁵.
1707 4461 1922 4517 Etenim
1955 4464 2019 4518 iis
2043 4463 2137 4534 qui

560 4548 796 4604 vinculis
846 4550 918 4605 ibi
953 4549 1234 4604 constricti
1274 4550 1663 4606 detinebantur
1695 4570 1707 4605 :
1745 4570 1763 4602 ι
1797 4553 1974 4616 Exite,
2013 4555 2088 4608 ait
2119 4571 2134 4607 :

560 4644 628 4698 iis
653 4657 778 4698 vero
816 4642 907 4713 qui
949 4643 1190 4697 tenebris
1211 4643 1630 4712 operiebantur;
1657 4643 1989 4700 Revelamini
2041 4649 2082 4700 ⁸.
2111 4667 2129 4700 i

559 4739 736 4805 Atque
789 4737 895 4791 huc
949 4736 1078 4790 mihi
1133 4751 1360 4806 magnus
1436 4736 1524 4790 ille
1577 4737 1771 4793 Petrus
1829 4741 2138 4810 respexisse

559 4827 790 4893 videtur,
830 4842 952 4880 cum
983 4827 1049 4880 de
1085 4823 1181 4880 Dei
1218 4824 1416 4889 Verbo,
1453 4824 1802 4896 ejusdemque
1837 4831 2135 4883 secundum

559 4919 1014 4987 dispensatoriam
1069 4919 1324 4974 unionem
1375 4919 1578 4985 anima,
1635 4921 1778 4975 hunc
1814 4922 1865 4974 in
1919 4926 2134 4978 modum

560 5009 918 5064 concionatur
952 5028 965 5064 :
1001 5029 1018 5062 ‹
1050 5009 1241 5066 Melius
1287 5023 1368 5066 est
1418 5013 1564 5066 enim
1621 5013 2024 5070 benefacientes
2070 5019 2135 5083 (si

558 5103 810 5158 voluntas
845 5101 938 5156 Dei
974 5101 1126 5172 velit)
1161 5105 1296 5171 pati,
1328 5120 1488 5174 quam
1522 5105 1928 5188 malefacieqtes
1962 5125 1974 5161 :
2009 5111 2134 5178 quia

559 5207 615 5248 et
644 5193 897 5249 Christus
930 5194 1095 5248 semel
1135 5210 1232 5264 pro
1259 5199 1498 5265 peccatis
1531 5202 1731 5254 nostris
1761 5211 2134 5276 mortuusuesl,

552 5290 734 5357 justus
778 5302 874 5357 pro
899 5287 1140 5358 injustis,
1303 5297 1360 5341 ut
1406 5304 1506 5344 nos
1537 5289 1757 5346 oﬂ‘erret
1788 5293 1936 5359 Deo;
1986 5311 2134 5348 mor-

557 5381 795 5436 titicatus
856 5379 1074 5449 quidem
1145 5393 1348 5445 carne,
1417 5380 1719 5438 viviﬁcatus
1789 5396 1966 5439 autem
2026 5389 2137 5456 spi-

555 5473 661 5527 ritu
705 5473 746 5539 °,
809 5473 862 5527 in
911 5487 1018 5541 quo
1062 5482 1116 5528 et
1163 5472 1248 5526 his
1281 5473 1372 5542 qui
1413 5473 1464 5526 in
1513 5487 1736 5530 carcere
1785 5488 1943 5531 erant
1973 5481 2134 5549 spiri-

556 5565 699 5620 tibus
750 5566 974 5620 veniens
1027 5565 1378 5634 praedicavit,
1434 5566 1527 5635 qui
1602 5567 1862 5623 increduli
1921 5569 2137 5626 fuerant

553 5655 866 5724 aliquando.
881 5673 899 5705 ›
927 5653 1040 5710 Nec
1063 5670 1192 5710 vero
1210 5656 1390 5710 dicent
1417 5656 1755 5714 divinitatem
1777 5676 1869 5729 per
1890 5677 1950 5716 se
1968 5662 2136 5716 solam

562 5749 628 5800 ad
668 5749 873 5802 inferos
914 5749 1282 5815 descendisse,
1327 5749 1718 5823 spiritibusque
1765 5755 1964 5810 ibidem
2007 5774 2138 5812 cun-

637 5847 655 5880 ¹
690 5847 896 5904 lJoan.
920 5862 1000 5917 tu,
1028 5850 1112 5907 l6.
1171 5850 1378 5927 fliom.
1421 5869 1531 5918 xw,
1563 5854 1614 5909 9.
1687 5858 1706 5888 ³
1736 5856 1854 5910 Act.
1887 5871 1946 5922 ιι,
1982 5855 2170 5911 29-51.

2251 1825 2333 1876 ὃτι
2363 1825 2458 1877 καὶ
2491 1826 2811 1899 ἐτελεύτησε
2847 1830 2944 1883 καὶ
2976 1829 3150 1901 ἐτάφη
3177 1871 3192 1894 ,
3224 1832 3320 1884 καὶ
3355 1833 3414 1884 τὺ
3448 1833 3624 1902 μνῆμα
3651 1833 3784 1886 αὑτοῦ

2251 1918 2399 1971 ἐστιν
2431 1921 2489 1972 ἐν
2536 1920 2666 1990 ἡμῖν
2711 1921 2840 1993 ἄχρι
2886 1923 2986 1992 τῆς
3021 1926 3232 1995 ἡμέρας
3266 1926 3494 1996 ταύτης.
3540 1929 3786 2001 Προφήτης

2250 2005 2344 2062 οῦν
2376 2010 2660 2080 ὑπάρχων,
2706 2013 2799 2065 καὶ
2830 2014 2988 2074 εἰδὼς
3015 2053 3030 2077 ,
3062 2016 3142 2068 ὅτι
3189 2017 3344 2087 ὅρκῳ
3387 2019 3591 2088 ὤμοσεν
3617 2022 3786 2091 at;th

2251 2101 2406 2167 Θεὸς,
2435 2105 2500 2157 ἐκ
2526 2104 2742 2174 καρποῦ
2785 2105 2882 2176 τῆς
2917 2107 3114 2176 ὀσφύος
3143 2109 3310 2162 αὑτοῦ
3357 2111 3569 2165 καθίσαι
3613 2115 3691 2167 ἐπί
3712 2116 3784 2169 τοῦ

2252 2192 2443 2262 θρόνου
2487 2194 2675 2260 αὑτοῦ,
2726 2197 2990 2266 προειδὼς
3035 2197 3265 2270 ἐλάλησε
3314 2203 3566 2274 περὶτῆς
3593 2207 3784 2260 chasti-

2252 2302 2390 2348 σεως
2421 2285 2516 2338 τοῦ
2561 2289 2821 2358 Χριστοῦ,
2858 2291 2940 2344 ὅτι
2983 2289 3106 2344 οὔτε
3153 2294 3550 2367 ἐγκατελείφθη
3598 2301 3625 2366 ἡ
3671 2299 3784 2370 ιέιυχὴ

2251 2375 2418 2429 αὑτοῦ
2443 2379 2523 2441 εἰς
2548 2378 2703 2450 ᾅδην,
2731 2379 2846 2434 οὗθ’
2873 2383 2905 2453 ή
2944 2382 3083 2454 σὰρξ
3110 2385 3277 2438 αὑτοῦ
3303 2383 3413 2440 οἶδε
3445 2389 3730 2459 διαφθοράν.
3763 2411 3778 2443 i

2250 2468 2324 2520 Ού
2360 2469 2469 2538 γάρ
2491 2486 2573 2522 τοι
2598 2469 2758 2540 Θέμις
2792 2475 2988 2539 εἰπεῖν,
3041 2475 3216 2546 φθορᾷ
3257 2477 3362 2546 μὲν
3391 2478 3636 2532 δύνασθαι
3677 2499 3782 2552 κρα-

2246 2559 2458 2613 τεῖσθαί
2488 2579 2618 2615 ποτε
2663 2564 2761 2635 τὴν
2804 2565 3100 2620 ἐνωθεῖσαν
3139 2569 3219 2638 τῷ
3256 2571 3418 2642 Λόγῳ
3465 2573 3651 2640 σάρκα,
3679 2575 3782 2628 κάτ-

2247 2667 2372 2721 οχον
2389 2653 2434 2706 δ’
2451 2648 2519 2706 αὖ
2541 2658 2661 2718 ταῖς
2682 2655 2808 2726 ᾇδου
2839 2658 3033 2722 πύλαις
3058 2661 3155 2730 τὴν
3179 2661 3335 2715 θείαν
3355 2664 3600 2731 γενέσθαι
3614 2666 3779 2736 ψυχήν·

2248 2743 2349 2796 οὑκ
2370 2745 2764 2818 ἐγκατελείφθη
2783 2749 2891 2820 γὰρ
2916 2751 2996 2813 είς
3024 2750 3175 2823 ᾅδην,
3195 2734 3344 2807 καθά
3369 2755 3460 2808 καὶ
3487 2758 3512 2809 ὁ
3535 2734 3781 2818 Oeensem

2247 2831 2349 2903 ἔφη
2389 2833 2617 2904 Πέτρος.
2649 2836 2724 2888 Οὐ
2756 2839 2864 2908 γάρ
2905 2856 3007 2891 που
3033 2841 3142 2911 τήν
3161 2859 3219 2894 τε
3261 2842 3502 2912 ἄληπτον
3526 2845 3780 2910 παντελῶς,

2251 2924 2344 2975 καὶ
2388 2926 2663 2980 ἀνάλωτον
2704 2928 2783 2998 τῷ
2819 2929 3036 3001 θανάτῳ
3071 2932 3254 3000 φύσιν,
3289 2937 3533 2988 τουτέστι
3561 2936 3654 3007 τὴν
3688 2938 3782 2989 θεό-

2247 3029 2386 3084 τητα
2415 3014 2510 3067 τοῦ
2542 3017 2884 3086 Μονογενοῦς
2906 3059 2922 3085 ,
2975 3022 3084 3076 τῶν
3118 3023 3222 3077 ὑπὸ
3260 3007 3435 3096 ’χθόνα
3471 3029 3646 3098 μυχῶν
3679 3030 3785 3082 ἀνα-

2247 3107 2568 3176 κεκομίσθαι
2597 3110 2842 3181 φήσομεν
2863 3130 2876 3144 ·
2907 3113 3030 3166 οὔτε
3061 3114 3170 3185 γὰρ
3199 3117 3267 3170 ἂν
3306 3119 3512 3190 ἠξιώθη
3541 3122 3595 3174 τὸ
3625 3123 3787 3192 χρῆμα

2244 3197 2544 3267 θαύματος,
2581 3203 2630 3253 εί
2673 3203 2747 3272 μὴ
2808 3205 3116 3276 μεμένηκεν
3143 3211 3223 3271 εἰς
3251 3210 3348 3262 τὸν
3380 3211 3508 3282 ᾅδην
3539 3214 3565 3265 ὁ
3589 3213 3649 3266 ἐκ
3672 3212 3784 3265 Θεοῦ

2239 3290 2432 3360 Λόγος,
2498 3297 2564 3364 τῇ
2608 3295 2706 3365 τῆς
2776 3297 3030 3368 θεότητος
3087 3301 3344 3371 ἐνεργείᾳ
3384 3320 3441 3356 τε
3493 3307 3582 3357 καὶ
3629 3304 3781 3371 φύσει,

2243 3384 2566 3454 παραδόξως
2625 3402 2685 3438 τε
2749 3387 2844 3440 καὶ
2903 3389 3044 3460 ὑπὲρ
3103 3391 3283 3458 λόγον,
3331 3394 3548 3465 πληρῶν
3599 3397 3685 3465 μὲν
3729 3397 3782 3447 τὰ

2245 3477 2440 3538 πάντα,
2474 3479 2570 3530 καὶ
2599 3481 2711 3542 τοῖς
2743 3481 2909 3534 πᾶσιν
2937 3482 3551 3558 ἐπιδημῶν.’Δνώτερον
3573 3488 3671 3556 γάρ
3696 3502 3778 3564 ποθ

2244 3568 2337 3618 καὶ
2371 3569 2733 3640 περιορισμοῦ
2768 3572 2862 3624 καὶ¹
2887 3571 3051 3626 τόπου
3083 3577 3178 3627 καὶ
3205 3577 3471 3646 μεγέθους
3550 3580 3780 3644 μίτρῃτοῦ

2241 3660 2302 3710 τὸ
2334 3660 2510 3725 Θεῐον,
2546 3662 2678 3714 αὑτὸ
2716 3663 2774 3716 δέ
2807 3664 2913 3718 ὑπὸ
2941 3667 3171 3736 μηδενὸς
3197 3670 3560 3742 χωρούμενον.

2464 3925 2774 3998 Παράδοξον
2844 3925 2902 3978 δὲ
2929 3923 3024 3976 καὶ
3054 3922 3234 3976 οὐδενὶ
3267 3921 3378 3974 τῶν
3404 3920 3568 3972 ὄντων
3595 3915 3778 3984 θαυμα-

2241 4019 2364 4073 στὸν
2417 4060 2430 4080 ,
2461 4021 2544 4072 ὅτι
2575 4016 2735 4086 σῶμα
2777 4014 2875 4084 μὲν
2909 4013 3107 4066 ἀνεϐίω
3140 4011 3199 4065 τὸ
3235 4015 3306 4083 τῇ
3355 4010 3512 4079 φύσει
3539 4003 3772 4077 φθαρτόν·

2238 4104 2305 4178 ἦν
2333 4107 2442 4178 γὰρ
2478 4106 2609 4158 ἴδιον
2632 4103 2726 4157 τοῦ
2757 4101 3036 4172 ἀφθάρτου
3063 4098 3436 4169 Λόγου.Ψυχὴ
3458 4099 3510 4150 δέ
3537 4097 3596 4167 δὴ
3622 4094 3775 4154 πάλιν,

2240 4197 2338 4266 τὴν
2386 4195 2520 4267 πρὸς
2569 4194 2730 4250 αὑτὸν
2761 4191 3006 4262 λαχοῦσα
3035 4191 3345 4264 συνδρομήν
3375 4206 3436 4241 τε
3466 4192 3555 4243 καί
3584 4188 3768 4244 ἕνωσιν,

2241 4289 2682 4360 καταπεφοίτηκε
2718 4288 2816 4359 μὲν
2864 4289 2943 4350 εἰς
2978 4287 3131 4358 ᾆδου,
3179 4285 3475 4356 θεοπρεπεί
3498 4283 3554 4336 δέ
3581 4277 3774 4344 δυνάμει

2243 4382 2338 4436 καὶ
2399 4380 2618 4450 ἐξουσίᾳ.
2670 4379 2952 4450 χρωμένη,
2996 4379 3245 4440 καὶτοῖς
3297 4378 3479 4430 ἐκεῖσε
3537 4369 3774 4436 πνεύμασι

2244 4473 2618 4541 κατεφαίνετο.
2676 4472 2974 4542 Τοιγάρτοι
3054 4471 3150 4524 καὶ
3209 4468 3418 4537 ἔφασκε
3462 4469 3566 4527 τοῖς
3617 4465 3666 4514 ἐν
3709 4457 3776 4510 δε·

2246 4569 2428 4637 σμοῖςο
2466 4587 2485 4617 ‹
2535 4552 2806 4630 Ἐξέλθετε
2827 4582 2839 4595 ·
2872 4564 3101 4626 καὶτοῖς
3127 4565 3184 4616 ἐν
3217 4561 3294 4632 τῷ
3321 4560 3528 4613 σκότει·
3575 4557 3771 4608 Ἀνακασ

2243 4657 2528 4712 λύπτεσθε.
2567 4676 2585 4708 ι
2624 4657 2731 4710 Καί
2765 4675 2854 4727 μοι
2905 4656 3053 4709 δοκεῖ
3095 4654 3261 4724 φάναι
3295 4671 3347 4706 τι
3391 4649 3618 4705 τοιοῦτον
3649 4639 3773 4738 καὶὸ

2244 4745 2527 4807 θεσπέσιος
2571 4743 2774 4814 Πέτρος
2819 4745 2951 4814 περῖ⁹
2991 4742 3088 4795 τοῦ
3144 4741 3279 4795 Θεοῦ
3334 4741 3530 4808 Λόγου,
3573 4733 3657 4788 καὶ
3694 4733 3772 4796 τῆς

2243 4840 2363 4892 καθ’
2391 4839 2582 4892 ἕνωσιν
2621 4839 2931 4909 οἰκονομίας
2954 4841 2970 4874 ι
3004 4835 3382 4906 γεγενημένης
3413 4829 3569 4885 αὑτοῦ
3591 4825 3768 4895 ψυχης·

2249 4953 2266 4984 ι
2305 4935 2567 5004 Κρεῑττον
2599 4933 2706 5002 γὰρ
2733 4928 3218 5002 ἀγαθοποιοῦντας,
3254 4927 3304 4980 εί
3337 4924 3478 4978 θέλοι
3513 4921 3570 5008 τὸ
3595 4916 3771 4983 θέλημα

2243 5028 2335 5080 τοῦ
2362 5025 2518 5087 Θεοῦ,
2549 5026 2801 5096 πάσχειν,
2829 5027 2861 5096 ἢ
2892 5021 3323 5082 κακοποιοῦντας
3345 5035 3357 5050 ο
3387 5019 3467 5071 ὅτι
3498 5014 3584 5068 καὶ
3615 5013 3639 5062 ὁ
3659 5008 3772 5096 Χρι·

2244 5121 2367 5182 στος
2405 5117 2551 5182 ἅπαξ
2585 5118 2727 5188 ὑπὲρ
2758 5115 3102 5187 ἁμαρτωλῶν
3135 5113 3374 5167 ἀπέθανε
3396 5148 3410 5173 ,
3439 5108 3630 5164 δίκαιος
3655 5095 3769 5162 ὑπὲρ

2241 5211 2461 5276 ἀδίκων,
2512 5211 2577 5262 ἵν’
2607 5211 2754 5279 ἡμᾶς
2804 5207 3133 5280 προσαγάγῃ
3183 5204 3260 5275 τῷ
3305 5201 3446 5271 Θεῷ,
3479 5188 3770 5289 θανατωθεὶς

2244 5302 2341 5371 μὲν
2393 5301 2593 5373 σαρκὶ,
2645 5298 3002 5369 ζωοποιηθεὶς
3045 5299 3102 5351 δὲ
3149 5296 3226 5367 τῷ
3270 5293 3566 5362 πνεύματι·
3625 5287 3764 5383 ἐνιφ.

2241 5394 2394 5462 φησὶ,
2451 5393 2548 5444 καὶ
2609 5393 2719 5456 τοῖς
2784 5393 2841 5444 ἐν
2912 5391 3126 5460 φυλακῇ
3192 5387 3462 5457 πνεύμασι
3521 5373 3764 5448 πορευθεὶς

2239 5463 2875 5556 ἐκήρύξεν,άπειοήσασί
2896 5499 3048 5536 ποτε.
3077 5501 3096 5534 ι
3127 5480 3259 5535 Οὐδὲ
3284 5479 3413 5547 γάρ,
3445 5471 3606 5543 οἶμαι,
3635 5464 3762 5532 φαῖεν

2241 5573 2326 5636 ἂν,
2371 5573 2444 5636 ὡς
2493 5571 2674 5644 γυμνὴ
2704 5574 2798 5626 καὶ
2829 5571 2965 5625 καθ’.
2988 5571 3186 5640 ἑαυτὴν
3228 5571 3260 5640 ἡ
3291 5567 3477 5636 θεότης
3504 5559 3588 5615 τοῦ
3615 5557 3759 5649 alwa-

2240 5661 2431 5728 γενοῦς
2471 5663 2916 5731 καταπεφοίτηκε
2961 5661 3060 5732 μὲν
3095 5661 3176 5724 είς
3221 5659 3369 5730 ᾅδου,
3425 5644 3692 5744 διεκήρυξε.
3710 5638 3756 5690 δε

2239 5757 2348 5816 τοῖς
2396 5756 2573 5807 ἐκεῖσε
2620 5756 2926 5822 πνεύμασιν
2959 5791 2975 5818 ,
3027 5753 3266 5815 ἄποπτος
3313 5746 3444 5803 οὖσα
3485 5744 3745 5797 minam?

2239 5855 2256 5886 ⁸
2292 5857 2482 5911 ll’etr.
2517 5871 2599 5916 ιιι,
2631 5854 2717 5909 l9.
2781 5855 2801 5885 ⁵
2836 5853 2937 5907 lsa.
2969 5866 3086 5904 ιιι-ι·
3140 5852 3170 5882 τι
3258 5852 3275 5880 ⁸
3303 5849 3470 5903 IPctr.
3497 5841 3662 5906 nt,l7,
3688 5831 3752 5890 l3-
