4094 6300
427 369 645 434 221--

1380 368 1753 429 PANOPLIA
1793 372 2338 456 DOGMATlCAf'
2373 375 2524 435 TlT.
2558 377 2714 440 XIV.

3585 380 3690 444 922

427 511 672 580 κρεῖττον
700 508 808 582 γάρ
835 510 924 564 ἀεὶ
961 508 1054 562 τοῦ
1079 509 1310 579 ὁρᾶσθαι
1335 511 1398 560 τὸ
1439 509 1612 561 Θεῖον.
1653 508 1794 560 Ἀλλ’
1821 509 1882 560 οὑ
1914 508 1998 560 δο-

2119 508 2273 561 :lttsis
2320 509 2678 576 praedicasse;
2731 523 2852 562 cum
2909 507 3021 576 ipsa
3075 511 3297 566 omnino
3343 515 3446 570 sub
3497 521 3682 574 oculos

426 603 588 672 κήσει
613 603 707 654 καὶ
728 601 1215 670 ὲσχηματισμένως
1257 601 1338 662 είς
1369 599 1430 653 τὸ
1457 599 1637 670 ψυχῆς
1668 596 1804 661 εἶδος
1832 601 1999 668 αὐτὴν

431 685 826 764 μεμορφῶσθαι
873 690 1152 761 δώσομεν⁹
1203 691 1572 761 παραιτητέον
1605 691 1713 760 γὰρ
1751 691 2002 760 πανταχῆ

430 786 529 855 τὴν
555 785 793 854 δόκησιν.
813 783 952 836 Ἀλλ’
981 782 1169 855 ὥσπερ
1200 787 1313 848 τοῖς
1337 785 1429 837 ἐπὶ
1457 783 1562 852 γῆς
1586 784 1998 852 συνανεστράφη

431 878 574 948 μετὰ
599 878 821 956 σαρκὸς,
855 873 997 929 οὕτω
1044 877 1137 930 καὶ
1182 881 1304 940 ταῖς
1336 880 1414 941 εἰς
1445 876 1570 948 ᾅδου
1600 876 1797 946 ψυχαῖς
1824 875 2005 944 διεκή-

430 969 610 1041 ρυξεν,
662 969 792 1024 ἴδιον
848 968 988 1039 ἔχων
1047 969 1296 1040 φόρημα,
1348 968 1447 1038 τὴν
1505 967 1797 1021 ένωθεῐσαν
1851 966 2000 1036 αὑτῴ

429 1063 635 1132 ψυχήνο

427 1155 718 1222 degebant,
770 1161 1015 1208 versatus
1061 1163 1144 1206 est
1176 1153 1229 1206 in
1278 1167 1552 1220 corpore;
1587 1152 1659 1205 ita
1727 1153 2030 1222 spiritibus,

2111 615 2215 653 non
2245 600 2434 662 cadat,
2481 599 2934 669 praislantiorque
2990 599 3080 665 sit,
3127 617 3292 670 quam
3353 614 3412 660 ut
3456 609 3523 661 ab
3572 613 3682 664 ullo

2109 690 2256 744 cerni
2294 699 2480 759 queat.
2514 691 2622 743 Nec
2651 692 2813 744 etiam
2853 693 3256 746 concedendum
3295 707 3376 749 est
3424 697 3591 765 ipsam
3629 703 3678 752 in

2110 793 2457 852 apparentem
2504 782 2698 836 anima:
2747 784 2980 850 speciem
3026 785 3463 842 transformatam
3513 805 3681 846 esse:

2107 875 2376 943 siquidem
2430 883 2669 927 externae
2721 873 2875 927 istius
2927 877 3254 942 apparentia:
3315 889 3679 934 commentum

2109 967 2335 1023 Omnino
2371 965 2641 1034 repudiari
2693 967 2868 1019 debet.
2917 965 3023 1020 Sed
3061 969 3511 1034 quemadmodum
3556 970 3685 1026 Uni-

2107 1061 2322 1130 geuitus
2371 1075 2498 1114 cum
2557 1059 2658 1122 iis,
2703 1058 2792 1126 qui
2845 1057 2902 1112 in
2971 1061 3293 1128 Corporibus
3339 1064 3452 1116 suis
3501 1066 3683 1118 adhuc

2105 1153 2198 1220 qui
2251 1149 2644 1220 apud-inferos
2700 1149 3050 1216 tenebantur,
3111 1151 3348 1207 animam
3395 1168 3575 1211 mente
3627 1169 3682 1212 et

429 1247 648 1301 ratione
685 1247 964 1314 praeditam
1003 1235 1104 1299 sibi
1138 1243 1484 1312 coniunctam
1520 1245 1748 1307 habens,
1785 1245 2143 1298 conciOnatus
2184 1253 2289 1298 est.

671 1338 782 1391 Καὶ
818 1337 985 1405 βαθὺς
1017 1337 1115 1407 μὲν
1149 1336 1276 1400 ἴσως
1307 1337 1403 1390 καὶ
1431 1338 1741 1408 ἀπόρρητος
1794 1337 2009 1408 άληθῶς

428 1431 534 1484 καὶ
571 1433 691 1493 ταῖς
735 1429 1031 1500 ἡμετέραις
1079 1428 1341 1492 διανοίαις
1383 1429 1483 1498 οὑχ
1528 1428 1800 1499 ἁλώσιμος
1839 1431 1868 1482 ὁ
1905 1429 2006 1497 τῆς

426 1521 896 1592 ὲνανθρωπήσεως
924 1520 1144 1590 τρόπος.
1190 1521 1397 1573 Ἐκεῖνο
1427 1501 1596 1574 δ”οὗν
1630 1521 1778 1590 ὅμως
1810 1520 2002 1574 ἀναλο-

425 1612 682 1681 γίζεσθαι
727 1609 960 1681 πρέπεν
1005 1611 1073 1664 τὰ
1115 1609 1224 1680 γάρ
1253 1627 1336 1662 τοι
1387 1609 1461 1681 μὴ
1505 1608 1627 1662 καθ’
1660 1611 1810 1680 ἡμᾶς
1845 1610 2010 1662 πολι--

429 1705 794 1774 πραγμονεῖν,
827 1703 929 1754 οὑκ
957 1701 1192 1771 ἀζήμιον
1213 1719 1228 1734 ⁸
1281 1703 1610 1756 ἀνούστατον
1645 1703 1703 1754 δὲ
1729 1701 2007 1764 παντελῶς

425 1797 498 1850 τὸ
533 1795 781 1866 βασάνοις
819 1795 1114 1864 ὑποφέρειν
1139 1795 1206 1848 τὰ
1239 1795 1378 1865 ὑπὲρ
1405 1793 1554 1857 νοῦν,
1592 1795 1684 1848 καὶ
1714 1795 2009 1865 πειρᾶσθαι

2415 1335 2506 1390 Est
2556 1351 2688 1392 Sane
2721 1337 3118 1393 incarnationis
3164 1342 3351 1396 modus
3397 1345 3679 1403 admodum

2112 1428 2349 1491 subtilis,
2390 1443 2622 1496 vereque
2664 1431 3099 1498 ineatplicabilis;
3151 1433 3272 1487 talis
3306 1435 3541 1504 demum,
3585 1442 3678 1509 qui

2111 1521 2460 1591 cogitatiOnis
2501 1533 2799 1591 captusque
2829 1525 3002 1577 nostri
3035 1528 3312 1595 angustias
3341 1529 3524 1584 multis
3562 1548 3686 1601 par-

2097 1615 2256 1669 ‘tibus
2297 1613 2545 1668 excedat.
2580 1614 2920 1683 Quapropter
2959 1617 3092 1670 illud
3141 1620 3333 1672 iterum
3383 1623 3684 1694 iterumque

2111 1707 2418 1774 eXpendere
2473 1721 2570 1759 nos
2615 1708 2823 1760 decet:
2867 1724 3094 1776 nempe,
3151 1721 3208 1762 ut
3265 1714 3506 1780 periculo
3580 1733 3685 1770 non

2113 1807 2270 1852 vacat
2315 1798 2587 1852 curiosius
2627 1798 2680 1851 in
2719 1814 2781 1852 ca
2815 1799 3110 1868 inquirere,
3148 1819 3267 1873 qua:
3301 1805 3532 1861 humana
3578 1825 3684 1864 non

426 1889 577 1942 νοεῖν
613 1885 649 1940 ἃ
697 1887 795 1956 οὐχ
821 1881 930 1938 οἷόν
954 1903 1035 1940 τε.
1068 1888 1138 1940 Ἢ
1166 1889 1266 1940 οὑκ
1305 1883 1483 1954 οἶσθα,
1529 1889 1612 1942 ὃτι
1656 1891 1719 1940 sb
1769 1886 1904 1956 βαθὺ
1944 1888 2007 1959 δὴ

2119 1901 2236 1942 sunt
2263 1907 2276 1942 :
2306 1889 2377 1943 ita
2421 1899 2680 1944 extrema:
2713 1891 3000 1946 dementiae
3033 1894 3199 1947 videri
3241 1915 3302 1948 ea
3338 1914 3456 1965 quae
3490 1901 3686 1955 mentis

428 1977 596 2032 τοῦτο
627 1978 943 2048 μυστήριον,
976 1977 1070 2029 καὶ
1096 1977 1219 2030 νοῦν
1247 1978 1515 2050 ὑπερέχον
1545 1978 1635 2031 τὸν
1666 1981 1723 2032 ὲν
1754 1979 1910 2047 ἡμῖν,
1941 1981 2007 2048 τῇ

427 2070 596 2142 ἡμῶν
618 2069 1039 2139 ἀπεριεργάστῳ
1067 2070 1246 2122 πίστει
1301 2071 1624 2140 τετίμηταις
1655 2071 1728 2123 Τὸ
1753 2072 1809 2124 δὲ
1842 2074 2009 2126 ὰσυν-

427 2167 577 2229 έτως
611 2166 820 2232 λέγειν,
869 2187 886 2216 ι
921 2165 1041 2228 Πῶς
1067 2165 1284 2216 δύναται
1314 2162 1484 2216 ταῦτα
1526 2163 1814 2230 γενέσθαι;
1855 2181 1871 2214 ι
1909 2163 2009 2215 Νι-

435 2257 664 2329 κοδήμῳ
684 2274 744 2310 τε
767 2257 961 2326 ἐκείνῳ
1003 2256 1097 2308 καὶ
1129 2257 1242 2318 τοῖς
1269 2257 1392 2307 κατ’
1427 2256 1590 2308 αὑτὸν
1616 2255 2008 2325 ἀπονέμοντες,

433 2347 826 2408 ἀνενδοιάστως
858 2344 1292 2415 παραδεξεὺμεθα
1325 2345 1395 2398 τὰ
1417 2345 1505 2397 διὰ
1523 2344 1616 2397 τοῦ
1661 2344 1806 2397 θείου
1841 2344 2012 2397 Ilvati-

442 2453 616 2507 ματος
659 2433 1150 2505 χρησμῳδούμενα,
1191 2436 1283 2487 καὶ
1337 2433 1482 2503 αὑτῷ
1521 2433 1580 2486 δὲ
1628 2433 2010 2501 πιστεύσωμεν

434 2528 650 2596 λέγοντι
685 2525 936 2596 Χριστῷ·
977 2544 993 2576 ι
1037 2525 1226 2594 Ἀμὴν,
1259 2524 1404 2595 ἀμὴν
1428 2525 1570 2594 λέγω
1621 2526 1768 2595 ὑμῖν,
1795 2524 1831 2578 ἃ
1864 2525 2003 2577 οῖδα-

441 2639 567 2692 μεν,
617 2619 904 2690 λαλοῦμεν,
954 2618 1049 2670 καὶ
1090 2618 1125 2670 ὃ.
1161 2619 1505 2687 ἑωράκειμεν,
1547 2617 1950 2688 μαρτυροῦμεν.
1986 2635 2004 2669 ι

433 2712 682 2784 υιχὲσθω
707 2712 771 2782 δὴ
803 2705 898 2765 οὖν
928 2711 1091 2781 λῆρος
1125 2710 1224 2779 μὲν
1255 2708 1419 2772 ἄπας,
1470 2709 1635 2778 μῦθός
1667 2726 1724 2761 τε
1753 2708 2010 2778 ἀδρανὴς,

432 2807 539 2858 καὶ
576 2803 912 2874 ψευδοδοξία,
949 2805 1040 2855 καὶ
1075 2801 1533 2871 κεκομψευμένων
1579 2802 1880 2872 ρημὰτωνιι
1927 2817 2017 2868 cpe-

433 2897 733 2968 νακισμός·
785 2894 1125 2965 προσιέμεθα
1169 2891 1286 2945 οὔτι
1339 2910 1440 2944 που
1493 2891 1552 2945 τὺ
1625 2891 2013 2945 κατασίνεσθαι

433 2989 685 3059 πεφυκὸς
709 3027 723 3052 ,
753 2988 856 3042 κᾶν
896 2989 944 3039 εἰ
977 2989 1087 3048 τοῖς
1122 2985 1260 3053 ἄγαν
1303 2985 1720 3055 ὲξησκημένοις,
1771 2985 1866 3037 καὶ
1908 2984 2016 3054 μὴν

434 3083 538 3135 καὶ
565 3082 780 3150 πικροῖς
808 3081 956 3150 ἡμᾶς
984 3081 1371 3150 κατακροτοῖεν
1413 3087 1438 3118 ν
1471 3077 1651 3145 λόγοις
1679 3078 1726 3130 οἱ
1767 3077 1835 3130 δι’
1859 3077 2010 3128 ὲναν-

427 3173 583 3245 τίας.
618 3173 772 3226 Ἐστι
802 3172 912 3240 γὰρ
955 3171 1015 3222 τὸ
1058 3169 1199 3223 θεῖον
1248 3169 1408 3239 ἡμῶν
1457 3170 1759 3240 μυστήριον
1807 3167 1906 3218 οὑκ
1951 3167 2010 3218 ὲν

2115 1991 2314 2036 nostrae
2366 1983 2537 2036 aciem
2583 1984 2894 2049 excedunt,
2943 1985 3165 2039 humani
3210 1987 3396 2056 judicii
3459 1993 3682 2046 trutina:

2113 2075 2380 2144 subjicere
2422 2073 2598 2173 moliri
2631 2094 2644 2128 :
2677 2074 2759 2128 vel
2807 2077 2873 2129 ad
2920 2090 3108 2130 eorum
3163 2095 3376 2132 rursum
3424 2084 3687 2151 cognitio-

2114 2183 2236 2221 nem
2292 2168 2449 2229 eniti,
2510 2166 2629 2234 quae
2682 2166 2829 2221 nullo
2882 2178 3042 2234 pacto
3093 2179 3276 2222 nostra
3333 2171 3684 2241 intelligentia

2113 2257 2501 2326 comprehendi
2552 2267 2796 2324 possunt.
2840 2256 3028 2310 Nescis
3060 2259 3376 2326 profundum
3425 2263 3526 2317 hoc
3573 2279 3688 2334 n:y-

2115 2351 2365 2414 sterium,
2397 2351 2655 2417 uninique
2691 2351 2927 2402 humano
2951 2365 3113 2404 sensu
3149 2353 3452 2418 sublimius.
3485 2355 3589 2408 lidc
3620 2359 3688 2408 ab

2115 2441 2260 2494 omni
2317 2441 2530 2495 curiosa
2584 2441 2834 2507 indagine
2877 2440 3051 2495 aliena
3107 2442 3362 2496 honorari
3415 2462 3442 2496 a
3495 2447 3693 2500 nobis?

2115 2531 2477 2596 Quamobrem
2511 2531 2728 2585 stultam
2759 2531 2900 2584 illam
2932 2532 3281 2600 quaestionem
3311 2550 3325 2589 :
3364 2554 3379 2584 ι
3411 2535 3689 2601 Quomodo

2117 2633 2341 2691 possunt
2384 2625 2496 2678 haec
2532 2623 2642 2677 ﬁeri
2695 2622 2758 2675 '?
2788 2641 2806 2674 ι
2851 2622 3144 2676 Nicodemo
3169 2625 3393 2694 ejusque
3425 2627 3690 2682 similibus

2121 2715 2525 2782 relinquentes,
2581 2713 2714 2765 citra
2781 2711 2940 2765 ullam
3002 2714 3395 2769 haesitationem
3457 2717 3690 2786 Spiritus

2114 2805 2287 2860 Sancti
2323 2805 2538 2858 oracula
2582 2803 2962 2871 suscipiamus,
3005 2805 3215 2874 ipsique
3256 2806 3474 2861 Christo
3517 2812 3581 2862 de
3632 2825 3690 2863 se

2115 2897 2352 2965 loquenti
2406 2897 2564 2950 ﬁdem
2618 2896 2915 2950 habeamus
2945 2916 2956 2950 :
2991 2915 3009 2946 ι
3041 2896 3234 2966 Amen,
3289 2899 3482 2968 inquit,
3531 2917 3686 2955 amen

2113 2989 2234 3042 dico
2274 2986 2450 3049 vobis,
2506 2987 2631 3055 quia
2685 3000 2804 3054 qua:
2839 2986 3060 3052 scimus,
3111 2988 3416 3056 loquimur;
3486 3000 3539 3042 et
3573 3006 3690 3060 qua:

2115 3078 2366 3143 vidimus,
2393 3086 2656 3131 testamur
2695 3081 2735 3130 ³.
2770 3097 2787 3128 ι
2824 3078 3049 3131 Valeant
3081 3079 3244 3147 igitur
3272 3081 3484 3147 delirin,
3517 3083 3681 3136 faces-

2119 3179 2241 3222 Sant
2273 3182 2461 3221 omnes
2494 3167 2721 3220 intimate
2752 3169 2817 3220 ad
2849 3170 3281 3236 persuadendum
3325 3171 3536 3234 fabula),
3572 3175 3682 3241 Opi-

435 3263 649 3326 ττειθοίς
675 3264 864 3332 σοφίας
891 3261 1237 3332 ἀνθρωπίνης
1267 3261 1470 3330 λόγοις,
1502 3259 1617 3314 ἀλλ’
1646 3261 1704 3310 ἐν
1733 3256 2011 3320 ἀποδείξει

2123 3259 2417 3323 nionesque
2451 3255 2620 3321 falsat,
2653 3271 2715 3308 ac
2745 3256 3144 3324 phaleratarum
3178 3260 3485 3314 vocularum
3521 3262 3695 3329 impoo

436 3356 783 3427 Πνεῦματος.

2125 3359 2288 3403 Stura:
2315 3364 2329 3402 :
2357 3347 2489 3400 nihil
2519 3348 2661 3400 enim
2703 3347 2846 3414 quod
2880 3347 3262 3402 detrimentum
3295 3349 3492 3404 all'erre
3535 3352 3612 3404 sol
3653 3362 3692 3414 t,

440 3449 806 3513 admittimus;
844 3445 1059 3498 etiamsi
1120 3443 1413 3498 adversarii
1475 3441 1948 3497 exercitatissimis
2007 3440 2402 3507 acerrimisqne
2454 3438 2756 3493 rationibus
2820 3456 2916 3494 nos
2979 3441 3332 3508 pulsaverint.
3395 3441 3488 3497 Est
3548 3445 3691 3498 enim

436 3544 680 3596 divinum
704 3542 804 3596 hoc
836 3549 1079 3594 nostrum
1113 3548 1536 3604 sacramentum,
1571 3555 1676 3592 uon
1713 3537 1765 3590 in
1830 3531 2276 3604 persuasibilibus
2339 3531 2590 3584 humana)
2661 3535 2942 3601 sapientiae
2969 3537 3148 3591 verbis
3182 3557 3196 3592 :
3228 3541 3322 3593 sed
3364 3539 3420 3596 in
3460 3538 3693 3608 Spiritus

435 3633 754 3690 ostensione
791 3633 1048 3702 positum.

677 3721 810 3786 Θεὸς
850 3716 945 3773 οὖν
979 3717 1262 3788 ὑπάρχων,
1307 3716 1400 3769 καὶ
1458 3715 1564 3769 τῶν
1605 3714 1742 3768 ὅλων
1789 3712 2014 3782 Κύριος,

439 3814 586 3869 κατὰ
626 3815 725 3878 τὰς
763 3811 1022 3884 Γραφὰς,
1069 3812 1096 3862 ὁ
1135 3807 1480 3878 Μονογενὴς,
1541 3808 1809 3875 ὲπέφανεν
1847 3808 2016 3874 ἡμῖν’

439 3905 600 3975 ὤφθη
645 3904 754 3976 γὰρ
797 3903 898 3960 ἐπὶ,
932 3901 1070 3970 γῆς,
1110 3900 1206 3952 καὶ
1241 3897 1520 3968 ἐπέλαμψε
1565 3899 1677 3959 τοῖς
1722 3899 1780 3948 ὲν
1816 3894 2017 3956 σκότει,

442 3997 730 4065 γενόμενος
753 3993 1037 4065 ἄνθρωπος
1061 4031 1075 4056 ,
1102 3992 1161 4044 οὑ
1195 3991 1409 4059 δοκησει
1434 4028 1448 4053 ,
1482 3987 1554 4057 μὴ
1580 3986 1819 4054 γένοιτοῑ
1857 3984 2020 4054 μανία

443 4087 554 4158 γὰρ
583 4086 740 4140 τοῦτὸ
772 4102 835 4154 γε
865 4086 1104 4155 φρονεῖν,
1130 4082 1163 4151 ἢ
1192 4081 1372 4148 λέγειν
1398 4096 1410 4109 ·
1441 4079 1564 4132 οὒτε
1596 4079 1701 4149 μὴν
1733 4079 1812 4140 εἰς
1846 4078 2023 4147 σάρκα

445 4177 800 4249 παρενεχθεὶς
827 4174 969 4230 κατὰ
1013 4174 1365 4244 μετάστασιν,
1399 4171 1434 4241 ἢ
1464 4171 1672 4240 τροπήν
1690 4185 1701 4196 ’
1727 4167 2017 4221 ἀναλλοίω-

446 4291 538 4336 τος
570 4273 680 4342 γάρ
721 4271 809 4325 ἀεὶ
842 4269 984 4324 κατὰ
1010 4269 1072 4322 τὸ
1109 4267 1240 4320 αὐτὸ
1287 4265 1382 4318 καὶ
1426 4263 1686 4325 ὡσαύτως
1731 4260 1868 4331 ἔχων
1903 4261 1932 4312 ὁ
1959 4261 2024 4312 ὲκ

447 4367 582 4419 ε)εοῦ
613 4366 802 4434 Λόγος.
847 4363 987 4416 Ἀλλ’
1018 4360 1142 4414 οὑδὲ
1171 4359 1467 4428 ὁμόχρονον
1491 4359 1557 4428 τῇ
1592 4355 1755 4425 σαρκὶ
1781 4354 1880 4424 τὴν
1919 4352 2022 4405 ὓπ-

447 4457 606 4528 αρξιν
634 4456 773 4525 ἔχων
797 4470 809 4483 ·
845 4453 1008 4517 αὑτὸς
1049 4454 1148 4523 γάρ
1174 4455 1290 4505 ἐστι
1322 4449 1430 4502 τῶν
1461 4447 1672 4502 αἰώνων
1706 4448 1734 4499 ὁ
1762 4445 2021 4516 Ποιητής.

449 4548 590 4602 υῦτε
618 4548 724 4616 μὴν
748 4545 824 4608 ὡς
849 4543 1005 4610 λόγος
1034 4542 1428 4606 ἀνυπόστατος,
1458 4539 1577 4592 οὑδὲ
1597 4539 1673 4600 ὡς
1697 4538 1849 4610 ῥῆμα
1871 4537 2025 4607 ψιλὸν

2426 3703 2744 3774 Unigenitus
2775 3705 2957 3773 igitur,
2989 3703 3080 3772 qui
3106 3712 3159 3755 et
3192 3699 3358 3762 Deus,
3385 3706 3440 3751 et
3473 3695 3694 3750 univcr-

2122 3815 2303 3854 sorum
2358 3797 2656 3852 secundum
2707 3795 3021 3863 Scripturas
3065 3793 3326 3846 Dominus
3378 3799 3494 3853 est,
3542 3789 3699 3842 nobis

2123 3890 2374 3960 apparuit
2409 3907 2422 3942 :
2454 3889 2602 3944 visus
2631 3897 2718 3944 est
2753 3888 2806 3941 in
2843 3887 3009 3939 terra'
3037 3889 3080 3950 ³,
3111 3893 3165 3937 et
3194 3885 3354 3937 homo
3379 3880 3575 3945 factus,
3608 3880 3694 3934 his

2121 3983 2212 4052 qui
2255 3983 2308 4034 in
2353 3980 2593 4035 tenebris
2636 3978 3015 4039 versabantur,
3067 3975 3262 4035 illuxit,
3319 3987 3428 4026 non
3471 3970 3700 4039 phanta-

2122 4081 2315 4136 smate,
2358 4077 2450 4124 aut.
2497 4081 2724 4124 externo
2767 4077 2973 4121 tantum
3025 4067 3332 4129 schemate,
3372 4063 3543 4116 absit!
3597 4064 3700 4116 hoc

2122 4167 2264 4220 enim
2295 4163 2520 4227 sentire,
2549 4170 2642 4214 aut
2667 4160 2869 4222 dicere,
2899 4167 2978 4212 est
3007 4167 3194 4227 aperte
3229 4154 3490 4208 insanire.
3517 4152 3700 4224 Negne

2125 4267 2340 4309 rursum
2380 4265 2476 4322 per
2508 4251 2590 4306 sui
2637 4249 3012 4314 mutationem,
3051 4256 3143 4300 aut
3171 4245 3601 4308 conversionem,
3647 4245 3698 4296 in

2125 4361 2346 4402 carnem
2393 4342 2816 4398 transformatus
2985 4349 3068 4394 est
3097 4355 3111 4392 :
3143 4328 3235 4392 Dei
3288 4337 3432 4392 enim
3462 4335 3698 4390 Verbum

2127 4437 2304 4494 omnis
2353 4432 2670 4488 mutationis
2719 4445 2933 4500 expers,
2981 4445 3090 4484 uno
3141 4444 3356 4497 semper
3403 4429 3704 4495 eodemque

2127 4527 2288 4583 modo
2335 4539 2396 4581 se
2435 4525 2620 4579 habet.
2665 4522 2850 4591 Neque
2897 4535 3135 4575 coauvam
3189 4534 3310 4574 cum
3360 4533 3525 4572 carne
3573 4517 3702 4570 sub-

450 4643 509 4694 ὲν
545 4636 819 4708 ἀνθρώπῳ
845 4634 1066 4702 γεγονός
1084 4641 1109 4668 ι
1133 4650 1145 4663 ο
1173 4634 1200 4684 ὁ
1233 4631 1341 4701 γάρ
1369 4648 1452 4683 τοι
1478 4628 1656 4682 καλῶν
1681 4629 1748 4681 τὰ
1773 4628 1873 4680 οὐκ
1897 4626 2016 4679 ὄντα

2129 4619 2387 4674 stantiam
2415 4615 2640 4671 sortitus
2661 4623 2745 4670 est
2771 4629 2785 4665 :
2817 4613 2930 4681 ipse
2958 4625 3192 4679 namque
3232 4609 3552 4664 saeculorum
3583 4623 3706 4662 con.

450 4731 586 4785 ποτὲ
664 4729 798 4799 πρὸς
856 4726 1090 4796 ὓπαρξιν
1156 4723 1252 4777 καὶ
1307 4723 1556 4792 γένεσιν,
1613 4721 2026 4791 προῦφέστηκεν

449 4821 802 4890 ἀναγκαίως·
853 4817 1017 4880 αὐτὸς
1059 4816 1168 4886 γάρ
1199 4817 1346 4867 ἐστιν
1395 4815 1429 4884 ὴ
1475 4812 1626 4881 ζωὴ,
1661 4810 1916 4880 πεφηνὼς
1963 4813 2027 4863 ὲκ

452 4916 600 4984 ζωῆς
637 4911 732 4965 τοῦ
764 4909 900 4964 Θεοῦ
935 4910 1029 4962 καὶ
1063 4907 1274 4977 Πατρὸς
1296 4945 1311 4969 ,
1341 4906 1494 4968 bino;
1520 4922 1580 4956 τε
1606 4904 1698 4956 καὶ
1735 4902 2027 4970 νοουμένου

455 5009 576 5060 κατ’
624 5005 758 5058 ἰδίαν
805 5001 1121 5055 ὑπόστασιν.
1164 4998 1304 5051 Ἀλλ’
1342 4997 1463 5050 οὐδὲ
1500 4997 1670 5066 μόνην
1717 4993 2032 5066 ἠμπέσχετο

457 5099 637 5167 σάρκα
665 5095 841 5166 ψυχῆς
874 5093 1088 5162 ἐρήμην
1125 5089 1227 5157 τῆς
1271 5088 1525 5158 λογικῆςο
1566 5087 1886 5156 γεγέννηται
1925 5084 2032 5155 γὰρ

458 5190 604 5243 κατὰ
631 5187 888 5257 ἀλήθειαν
917 5187 980 5236 ἐκ
1012 5181 1293 5251 γυναικὸς,
1327 5181 1422 5233 καὶ
1452 5179 1694 5248 πέφηνεν
1723 5176 2032 5246 ἄνθρωπος,

458 5281 489 5332 ὁ
513 5279 623 5341 ζῶν
649 5279 747 5330 καὶ
777 5276 1061 5348 ὑπάρχων,
1078 5275 1174 5326 καὶ
1205 5271 1472 5333 συναῖδιος
1494 5269 1572 5340 τῷ
1601 5268 1720 5338 Θεῷ
1750 5269 1843 5321 καὶ⁹
1861 5266 2034 5338 Πατρὶ

458 5370 593 5434 Θεὸς
618 5371 812 5437 Λόγος,
859 5368 1071 5438 μορφὴν
1090 5365 1276 5419 δούλου
1308 5361 1488 5417 λαϐὼν
1507 5380 1520 5393 ·
1555 5362 1649 5414 καὶ
1679 5361 1822 5414 ἔστιν
1849 5358 2035 5430 ὥσπερ

452 5463 514 5512 ἐν
551 5459 768 5530 θεότητι
817 5458 1064 5524 τέλειος,
1111 5455 1256 5508 οὓτω
1289 5455 1383 5508 καὶ
1426 5454 1484 5505 ἐν
1528 5451 1907 5520 άνθρωπότητι
1947 5451 2036 5501 τέ-

454 5552 635 5613 λειος’
673 5551 774 5602 οὑκ
817 5553 880 5603 ὲκ
933 5549 1099 5618 μόνης
1147 5546 1397 5614 θεότητος
1444 5543 1537 5596 καὶ
1584 5542 1784 5614 σαρκὸς
1829 5544 1908 5604 είς
1941 5541 2037 5593 ἕνα

457 5642 700 5713 Χριστὸν
749 5642 845 5695 καὶ
878 5640 1082 5710 Κύριον
1128 5639 1224 5692 καὶ
1254 5637 1383 5691 Υἱὺν
1416 5635 1790 5705 συγκείμενος,
1826 5632 1942 5686 ἀλλ’
1973 5632 2036 5685 ἐκ

1014 5803 1033 5832 ¹
1065 5802 1198 5858 lbi.l.
1246 5801 1332 5856 Η.
1408 5799 1428 5830 ³
1457 5797 1662 5854 Barucb
1697 5812 1776 5862 ιιι,
1818 5798 1907 5853 58.

539 5803 733 5858 ‘Joan.
770 5815 850 5868 In,
884 5803 938 5856 9.

2127 4711 2270 4766 ditor
2305 4717 2414 4764 est.
2451 4705 2644 4776 Neque
2682 4707 3038 4774 hypostaseos
3064 4717 3272 4763 exsors,
3306 4707 3363 4754 ut
3396 4714 3577 4753 sermo
3613 4709 3707 4751 ant

2129 4805 2328 4858 nudum
2357 4811 2564 4854 tantum
2601 4798 2941 4866 simplexque
2970 4794 3216 4856 verbum,
3241 4791 3384 4859 quod
3411 4789 3464 4842 in
3489 4789 3706 4842 homine

2130 4895 2452 4952 inhabitavit
2482 4912 2495 4948 :
2528 4908 2651 4948 nam
2683 4890 2771 4959 qui
2821 4904 2882 4942 ea
2927 4901 3046 4955 quae
3090 4901 3194 4938 non
3232 4892 3378 4947 sunt,
3419 4891 3610 4935 evocat
3651 4891 3710 4933 ut

2131 4992 2240 5046 sint
2288 4998 2343 5042 et
2384 4987 2674 5046 exsistant,
2731 4982 2778 5034 is
2827 4977 3134 5032 necessario
3181 4974 3507 5044 praeexsistit
3540 4993 3554 5029 :
3590 4974 3708 5044 ipse

2131 5083 2275 5137 enim
2327 5088 2412 5135 est
2454 5077 2560 5130 vita
2598 5088 2665 5128 ex
2715 5071 2821 5124 vita
2879 5070 2990 5124 Deo
3035 5066 3199 5122 Patre
3247 5070 3570 5136 procedens,
3615 5067 3704 5132 qui

2133 5171 2351 5243 quidem
2399 5165 2697 5224 secundum
2739 5162 3012 5232 propriam
3061 5160 3373 5230 hypostasin
3427 5169 3482 5212 et
3526 5166 3609 5211 est.
3652 5168 3707 5209 et

2134 5260 2470 5330 intelligitur.
2509 5256 2616 5311 Sed
2650 5267 2826 5322 neque
2863 5266 3081 5308 carnem
3115 5264 3351 5320 quoque,
3376 5263 3496 5316 qum
3525 5246 3704 5299 anima

2133 5353 2343 5408 ratione
2377 5349 2601 5419 praedita
2638 5356 2877 5410 vacaret,
2910 5344 3084 5400 induit
3113 5339 3584 5411 :qnandoquidem
3628 5336 3700 5388 vi-

2132 5458 2254 5498 vum
2297 5441 2426 5496 illud
2470 5441 2904 5506 subsistensque,
2949 5450 3015 5490 ac
3046 5435 3153 5488 Deo
3179 5431 3328 5485 Patri
3371 5437 3700 5484 eoa-uernum

2130 5535 2273 5589 Deus
2297 5532 2534 5589 Verbum
2565 5532 2750 5588 servili
2795 5531 2966 5584 forma
2997 5533 3270 5594 suscepta,
3319 5533 3448 5574 vere
3479 5533 3546 5572 ex
3590 5531 3709 5568 mn-

2132 5627 2263 5684 liere
2311 5636 2518 5693 natum,
2563 5634 2618 5680 et
2653 5625 2814 5679 homo
2858 5621 3058 5676 iactum
3109 5625 3228 5679 est,
3264 5622 3452 5680 estque
3480 5610 3710 5680 perinde
