4094 6300
300 351 410 414 925

1267 359 1649 419 PANOI’LIA
1697 361 2418 468 DOt’EMA'l‘IC.\.—Tl'l‘.
2463 367 2616 427 XlV.

3468 374 3573 436 9%

311 464 476 516 τοῦτο
500 462 652 532 αὐτῷ
683 464 758 534 τῲ
780 465 959 535 πιστῷ
990 466 1183 540 κτίστῃ
1211 471 1306 531 τὰς
1343 473 1554 524 ἑαυτῶν
1589 462 1857 543 πορατιθέ

1993 495 2242 532 carceres
2293 481 2746 546 demittebantur,
2813 484 3003 538 mortis
3063 491 3404 556 receptacula
3462 494 3571 550 illic

305 574 460 622 μενοι
492 558 693 627 ψυχὰς,
717 561 775 610 ἐν
807 558 1022 611 ἐλπίσιν
1063 561 1233 630 ἐσμὲν
1261 564 1497 631 ἀγαθαῖς
1523 585 1532 597 ·
1568 569 1752 638 ἐγερεῖ
1773 567 1882 636 γὰρ

300 655 548 712 ἅπαντας
581 657 607 706 6
636 654 889 723 Χριστός.

1991 569 2290 646 impletum:
2326 588 2339 623 :
2376 585 2430 626 at
2469 589 2598 626 vero
2634 587 2992 645 posteaquam
3032 578 3288 634 Christus
3317 584 3569 650 Spiritum

1988 675 2146 714 Sltttm
2182 663 2234 716 itt
2273 679 2469 718 manus
2511 663 2686 718 Patris
2729 672 3160 735 commentlavit,
3213 675 3380 726 etiant
3433 677 3571 730 hanc

310 744 651 808 existimare,
708 743 820 798 lucc
873 747 942 798 ita
1004 745 1224 808 habere,
1285 750 1388 804 hoc
1420 761 1523 811 est.
1576 753 1858 822 imaginari
1893 754 1958 807 ad
2003 753 2225 819 inferos,
2273 758 2367 810 sed
2429 760 2620 811 ducem
2679 772 2922 814 nostrum
2983 778 3120 830 pone
3157 766 3568 834 subsequimttr,

257 831 263 835 ’
305 833 619 900 animisque
654 834 854 885 nostris
890 833 962 887 illi
1009 836 1177 890 veluti
1215 836 1322 888 ﬁdo
1359 839 1630 893 conditori
1653 841 1982 908 commissis,
2032 843 2299 910 tantisper
2347 844 2486 897 bona
2522 860 2617 913 spe
2649 847 2890 903 vivimus
2925 850 3104 918 quoad
3153 831 3406 906 Christus
3445 854 3569 906 uui-

295 934 484 972 \'ersos
510 920 730 972 tantlettt
763 921 828 974 ad
861 923 1026 974 vitam
1062 924 1359 980 revocabit.

298 1028 409 1080 Tui}
441 1028 634 1082 αὐτοῦ
664 1029 732 1082 ἐκ
765 1031 872 1085 τοῦ
929 1033 1064 1101 περὶ
1104 1033 1622 1105 ἐνανθρωπήσεως
1663 1040 1870 1108 λόγου.

361 1180 548 1234 Ταῦτα
575 1185 677 1252 τὴν
731 1185 1144 1256 Ἀπολλιναρίου
1187 1193 1588 1260 ματαιολογίαν
1627 1196 1866 1266 ἐλέγχει,

290 1271 350 1335 ὃς
406 1275 529 1326 ἀντὶ
568 1275 662 1327 νοῦ
711 1277 804 1328 τὸν
855 1279 989 1331 Θεὸν
1041 1282 1218 1348 Λόγον
1267 1285 1555 1354 ἐνοικῆσαι
1593 1288 1743 1352 λέγει
1801 1295 1867 1362 τῇ

291 1367 704 1438 προεληφθείσῃ
735 1370 922 1440 σαρκί.
957 1373 1016 1424 Εἰ
1051 1375 1160 1442 γὰρ
1192 1378 1292 1427 οὐκ
1341 1374 1490 1447 εἶχεν
1523 1380 1870 1450 ἀνθρώπινον

291 1458 416 1510 νοῦν
442 1461 473 1528 ἡ
503 1460 882 1528 ἀναληφθεῖσα
914 1465 1099 1530 φύσις,
1132 1467 1264 1529 Θεὸς
1297 1471 1397 1536 μὲν
1428 1467 1498 1538 ἦν
1524 1474 1551 1524 6
1592 1475 1726 1542 πρὸς
1750 1475 1869 1531 διὰ-

290 1547 449 1601 6ολον
488 1552 924 1620 ἀγωνισάμενος,
959 1555 1093 1618 Θεὸς
1139 1557 1195 1609 δὲ
1227 1560 1256 1610 6
1277 1561 1378 1622 τὴν
1408 1561 1565 1630 νίκην
1598 1565 1870 1618 ἀναδυσά-

293 1658 475 1711 μενος.
503 1643 640 1695 Θεοῦ
667 1644 726 1696 δὲ
762 1649 1133 1715 νενικηκότος,
1176 1650 1286 1718 ἐγὼ
1314 1653 1416 1720 μὲν
1459 1655 1615 1710 οὐδὲν
1645 1659 1865 1712 ἀπωνά-

2127 1041 2380 1109 Ejusdem
2407 1060 2472 1097 ex
2497 1047 2731 1099 oratione
2759 1050 2821 1100 de
2853 1047 3178 1102 Inunauilale
3202 1069 3228 1101 α
3263 1049 3428 1102 Verbo

2619 1133 2912 1182 tta-sumpta,

2054 1211 2174 1265 ηερε
2229 1213 2424 1266 stultas
2480 1210 2794 1279 Apollinarii
2864 1226 3033 1280 nugas
3092 1221 3413 1280 eoat-guunt,
3477 1213 3565 1279 qui

1981 1305 2180 1357 mentis
2239 1305 2356 1358 loco
2391 1303 2553 1357 Deum
2590 1303 2821 1356 Verbum
2858 1303 2910 1354 iu
2942 1319 3106 1358 carne
3127 1317 3402 1370 assumpta
3437 1306 3568 1356 diett

2001 1398 2310 1450 nbabitare.
2345 1397 2454 1450 Nisi
2513 1397 2657 1448 enim
2729 1404 2965 1448 mentem
3005 1395 3301 1448 humanam
3346 1398 3562 1450 Ital-uis-
3617 1463 3628 1470 ο

1972 1500 2054 1544 set
2077 1499 2350 1559 assumpta
2381 1500 2594 1553 natura,
2629 1488 2769 1543 Deus
2787 1488 2972 1544 fuisset
3004 1491 3071 1553 is,
3101 1492 3326 1556 quit'um
3348 1489 3566 1543 diabolo

1973 1587 2330 1645 dccertasset,
2400 1581 2538 1635 Deus
2568 1582 2850 1636 victoriam
2902 1592 3252 1649 reportasset.
3319 1581 3396 1634 Ex
3458 1599 3561 1650 qua

1973 1672 2189 1739 quidem
2224 1671 2448 1725 victoria
2502 1669 2596 1724 Dei
2663 1673 2794 1725 nihil
2825 1686 2926 1739 ego
2979 1672 3330 1726 emolumenti
3389 1675 3562 1740 pet-ci-

290 1751 404 1803 μην
441 1736 541 1804 τῆς
595 1736 773 1805 νίκης,
816 1741 890 1802 ὠς
939 1742 1095 1793 οὐδὲν
1146 1745 1226 1806 είς
1259 1745 1467 1817 ταύτην
1519 1749 1859 1817 είσενεγκὼν1

1973 1779 2179 1832 perem,
2221 1765 2420 1832 quippe
2449 1764 2537 1832 qui
2566 1764 2700 1816 nihil
2731 1767 2796 1818 ad
2831 1780 2949 1818 eam
3009 1765 3379 1819 contulissem.
3419 1767 3560 1829 Qum

286 1826 426 1880 ἀλλά
447 1830 555 1896 γὰρ
585 1832 683 1899 τῆς
711 1832 968 1883 ἐντεῦθεν
988 1835 1335 1905 εὐφροσύνης
1369 1838 1738 1908 γεγύμνωμαι
1774 1843 1867 1894 ἐπὶ

286 1920 570 1987 τροπαίοις
597 1925 843 1990 γαυριῶν
871 1924 1198 1996 ἀλλοτρίοις,
1229 1930 1388 1999 αὐχεῖ
1427 1931 1482 1983 δὲ
1530 1934 1557 1982 6
1595 1933 1864 1998 διάϐολος,

285 2018 380 2062 καί
419 2016 721 2081 κομπάζει,
774 2017 868 2068 καὶ
910 2019 1054 2085 μέγα
1097 2025 1306 2091 φρονεῖ,
1352 2023 1449 2075 καὶ
1511 2025 1862 2093 σεμνύνεται,

281 2098 356 2162 ὼς
384 2101 500 2170 Θεῴ
534 2105 824 2170 παλαίσας,
855 2109 948 2161 καὶ
979 2110 1084 2162 ὑπὸ
1104 2111 1238 2164 Θεοῦ
1270 2113 1545 2184 ἡττηθείς.
1571 2117 1730 2186 Μέγα
1756 2119 1865 2189 γάρ

282 2193 433 2265 αὐτῷ
460 2197 555 2247 καὶ
583 2198 644 2249 τὸ
676 2200 981 2268 ἡττηθῆναι
1016 2202 1122 2254 ὑπὸ
1147 2202 1241 2254 τοῦ
1271 2205 1432 2264 Θεοῦ,

722 2291 816 2342 Ἐκ
862 2290 967 2342 τοῦ
1006 2294 1196 2346 αὑτοῦ
1227 2297 1438 2362 λόγου.

371 2374 690 2447 Ἀπολογίαν
711 2380 924 2449 ἔχουσιν
949 2385 996 2435 οἱ
1016 2385 1452 2454 ἁμαρτάνοντες,
1477 2391 1525 2440 εί
1554 2392 1599 2442 ὼ
1661 2394 1859 2464 ἀσθενῆ

277 2471 372 2521 τὸν
398 2470 524 2522 νοῦν
560 2474 660 2525 οὐκ
697 2475 959 2527 ἀνέλαϐεν
991 2479 1016 2528 6
1050 2476 1182 2540 Θεὸς
1208 2480 1398 2546 Λόγος.
1430 2482 1492 2533 El
1527 2484 1634 2552 γὰρ
1662 2487 1761 2538 οὐκ
1793 2483 1862 2556 ἦν

278 2563 338 2612 ἐν
367 2561 444 2631 τῷ
466 2564 863 2634 προσλήμματι
899 2566 1022 2629 νοῦς
1045 2569 1411 2638 ἀνθρώπινος,
1447 2574 1476 2625 6
1497 2575 1632 2638 Θεὸς
1659 2577 1714 2630 δὲ
1739 2580 1858 2631 ἀντὶ

279 2648 372 2704 νοῦ
401 2652 663 2722 ὑπάρχων
696 2656 764 2708 τὰ
791 2655 869 2726 τῷ
913 2657 991 2728 νῷ
1038 2661 1265 2728 ἐνήργει
1321 2667 1689 2735 προσήκοντα,
1727 2670 1859 2733 Θεὸς

281 2743 382 2813 μεν
413 2740 481 2814 ἦν
513 2747 540 2798 6
573 2746 651 2816 τῷ
684 2747 900 2816 σώματι
929 2752 1344 2822 συμπεινήσας,
1378 2755 1508 2818 Θεὸς
1543 2758 1598 2809 δὲ
1628 2763 1654 2811 6
1701 2762 1860 2832 διψήο

281 2853 402 2901 σας,
431 2837 526 2889 καὶ
564 2840 853 2906 κοπιάσας,
890 2842 983 2893 καὶ
1032 2842 1400 2915 καθευδήσας,
1450 2853 1540 2901 καὶ
1573 2851 1856 2920 λυπηθεὶς,

280 2931 373 2981 καὶ
400 2928 700 2992 δειλιάσας,
735 2932 830 2984 καὶ
861 2934 1038 2987 πάντα
1070 2936 1240 2989 τᾶλλα
1275 2941 1344 2992 τὰ
1374 2940 1692 3010 ἀνθρώπινα
1723 2947 1856 2999 6:0-

290 3020 472 3087 μείνας
508 3021 835 3092 παθήματα.
882 3025 946 3077 Εἰ
969 3025 1100 3088 Θεὸς
1128 3027 1186 3079 δὲ
1218 3029 1246 3081 6
1271 3031 1564 3098 παλαίσας,
1589 3041 1680 3087 καὶ
1703 3040 1858 3108 νική-

1971 1855 2132 1906 etiam
2175 1854 2306 1906 nihil
2343 1855 2465 1908 inde
2491 1853 2692 1906 lat-titur
2753 1855 3119 1923 degustat-em,
3189 1871 3310 1907 cum
3374 1855 3564 1907 alienis

1971 1947 2191 2013 trepaeis
2240 1945 2552 2013 gauderem.
2585 1943 2703 1997 .lam
2735 1960 2860 1997 vero
2889 1956 2940 1998 et
2963 1945 3210 2000 diabolus
3243 1944 3560 2008 exsultaret,

1969 2043 2022 2088 ct
2054 2036 2402 2103 gloriaretur,
2437 2036 2650 2102 sibique
2689 2036 2804 2105 ipse
2837 2039 3107 2100 plateret,
3145 2045 3200 2090 et
3259 2035 3560 2106 plauderet,

1967 2127 2057 2194 qui
2089 2142 2208 2179 cum
2253 2127 2359 2180 Deo
2387 2127 2620 2180 luctatus
2649 2135 2812 2192 esset,
2847 2139 2898 2179 et
2930 2145 2956 2178 a
2987 2127 3096 2180 Deo
3136 2128 3311 2186 victus
3349 2127 3557 2180 luisset.

1968 2216 2294 2270 l’rwclarutn
2356 2217 2501 2271 enim
2535 2219 2672 2272 foret
2707 2219 2778 2271 illi
2810 2234 2840 2272 a
2875 2219 2981 2272 Deo
3034 2220 3114 2272 vel
3143 2220 3412 2285 superari.

2461 2304 2547 2359 Ea:
2580 2309 2763 2360 eadem
2809 2307 3067 2361 omniane.

2035 2399 2454 2454 Excusationem
2491 2400 2756 2454 haberent
2786 2411 3124 2469 peccatores,
3166 2400 3210 2453 si
3248 2398 3389 2451 Deus
3425 2397 3556 2451 Ver-

1967 2492 2093 2542 Imm
2129 2498 2363 2543 mentem
2398 2500 2584 2558 utpote
2651 2489 2977 2544 imbecillam
3041 2506 3146 2543 nou
3209 2490 3555 2556 sust-cpisset.

1967 2583 2023 2637 Si
2058 2585 2199 2639 enim
2226 2597 2518 2654 assumpr
2553 2586 2706 2640 carni
2741 2601 2894 2639 mens
2926 2574 3159 2638 humana
3206 2600 3314 2636 nun
3362 2587 3558 2645 inerat,

1967 2679 2062 2730 sed
2094 2677 2236 2732 Deus
2269 2694 2333 2732 ea
2362 2695 2483 2747 quae
2518 2681 2712 2732 mentis
2765 2691 2914 2742 sunt,
2957 2681 3373 2744 exsequebatur,
3417 2677 3560 2732 Deus

1965 2767 2265 2834 incorpore
2293 2769 2585 2834 esut'iebat,
2605 2768 2744 2823 Deus
2775 2769 3012 2830 sitiebat.
3037 2769 3176 2822 Deus
3223 2769 3559 2837 defatigabo-

1965 2865 2072 2922 tur,
2098 2857 2240 2913 Deus
2266 2858 2586 2923 dormiebat,
2609 2859 2750 2913 Deus
2770 2861 3106 2922 tristabzttur,
3143 2861 3282 2914 Deus
3307 2863 3558 2928 parebat,

1963 2949 2107 3003 Deus
2131 2950 2362 3018 denique
2409 2950 2646 3019 reliquas
2674 2965 2864 3004 omnes
2895 2951 3209 3004 atlcctoncs
3235 2952 3560 3004 sustinebat.

1964 3037 2116 3099 Quod
2145 3037 2187 3090 si
2219 3036 2360 3090 Deus
2389 3037 2502 3106 ipse
2528 3038 2756 3091 certavit
2808 3047 2862 3090 et
2891 3039 3041 3101 vicit,
3065 3052 3165 3107 ego
3195 3037 3420 3091 victoria
3454 3039 3563 3104 pri-

284 3129 400 3175 σας,
424 3113 537 3181 ἐγὼ
569 3115 668 3183 μὲν
695 3116 792 3185 τῆς
821 3116 976 3188 νίκης
1013 3119 1339 3191 ἐστέρημαι,
1361 3124 1492 3186 Θεὸς
1511 3126 1565 3179 δὲ
1592 3129 1619 3179 6
1647 3128 1747 3196 τὴν
1777 3131 1859 3184 δι-

1967 3136 2121 3180 vatus
2146 3143 2288 3191 sum,
2323 3128 2464 3183 Deus
2491 3128 2948 3198 autemjustitiant
2970 3147 3182 3183 omnem
3206 3131 3428 3197 peregit.
3457 3128 3558 3194 Qui

279 3207 580 3275 καιοσύνην
605 3207 823 3262 ἃπασαν
847 3211 1227 3280 κατορθώσας.
1249 3215 1316 3268 Οί
1347 3217 1506 3270 τοῦτο
1523 3219 1581 3272 δὲ
1608 3220 1861 3288 λέγοντες

281 3297 503 3366 πρῶτον
531 3301 633 3369 μὲν
668 3302 892 3354 ἀτονίαν
923 3303 1001 3372 τῷ
1027 3304 1148 3374 Θεῷ
1175 3307 1334 3376 Λόγῳ
1360 3313 1772 3380 προσάπτουσιν
1795 3317 1858 3369 οὐ

273 3391 379 3457 τὴν
407 3391 697 3460 τυχοῦσαν,
733 3396 916 3463 εἴπερ,
953 3396 1029 3460 ὥς
1053 3415 1242 3466 φασιν,
1284 3402 1380 3471 οὐχ
1411 3397 1518 3466 οἷός
1555 3422 1612 3456 τε
1638 3399 1732 3474 ἦν,
1765 3406 1862 3460 τοῦ

282 3479 377 3532 νοῦ
408 3481 502 3533 τοῦ
561 3483 914 3553 ἀνθρωπείου
971 3489 1243 3554 συνόντος,
1311 3492 1602 3548 δικαιῶσαι
1638 3499 1732 3551 τὸν
1763 3502 1861 3555 άν-

285 3574 506 3645 θρωπον
538 3590 553 3603 ⁸
589 3579 782 3630 ἔπειτα
825 3578 881 3630 δὲ
918 3581 1010 3632 καὶ
1039 3584 1170 3635 πᾶσι
1195 3587 1306 3648 τοῖς
1338 3585 1738 3655 ἁμαρτάνουσι,
1767 3595 1862 3645 καὶ

282 3669 408 3730 τοὺς
442 3667 636 3731 θείους
685 3671 1090 3736 παραϐαίνουσι
1133 3674 1332 3744 νόμους
1382 3677 1686 3746 ἀπολογίας
1721 3682 1862 3736 ὑπα-

281 3759 524 3828 νρὶγουσι
556 3761 750 3832 θύραν.
803 3763 1014 3816 Εἴπωσι
1051 3767 1159 3836 γὰρ
1201 3767 1266 3844 ᾁν
1326 3770 1554 3832 είκὸτως
1585 3775 1722 3842 πρὸς
1768 3777 1859 3832 τὸν

276 3852 388 3905 τῶν
414 3853 554 3907 ὅλων
581 3855 735 3920 Θεὸν,
782 3857 898 3908 Οὐκ
930 3858 1326 3926 ἀσύγγνωστα,
1364 3854 1408 3912 ὦ
1454 3864 1730 3933 Δέσποτα,
1764 3887 1861 3922 πε-

280 3944 779 4016 πλημμελήκαμεν,
809 3949 930 4001 οὐδὲ
962 3954 1235 4021 τιμωρίας
1265 3953 1413 4017 ἄξια,
1448 3955 1575 4008 νοῦν
1613 3960 1864 4027 ἡγεμόνα

278 4035 537 4100 λαϐόντες
571 4038 798 4108 ἀσθενῆ,
831 4041 927 4092 καὶ
957 4041 1254 4109 φυλάττειν
1293 4047 1420 4109 τοὺς
1450 4047 1579 4110 σοὺς
1613 4051 1673 4101 ού
1703 4051 1862 4104 δυνά-

281 4147 444 4197 μενον
465 4129 683 4202 νόμους.
719 4134 828 4185 Καὶ
852 4135 916 4187 σὺ
940 4135 996 4186 δὲ
1029 4135 1214 4201 αὐτὸς,
1235 4133 1280 4189 ὦ
1303 4138 1574 4206 Δέσποτα,
1605 4143 1666 4194 ἐν
1691 4147 1860 4216 σαρκὶ

281 4223 676 4291 παραγεγονὼς
707 4227 889 4294 σάρκα
944 4227 1042 4295 μὲν
1101 4229 1201 4296 τὴν
1238 4231 1519 4301 ἡμετέραν
1574 4235 1856 4303 ἁνέλαόες,

273 4319 368 4368 τὸν
401 4318 456 4370 δὲ
494 4317 618 4371 νοῦν
646 4319 720 4381 ὡς
760 4318 860 4388 τῆς
909 4321 1115 4390 ἀρετῆς
1150 4321 1248 4391 τὴν
1304 4324 1500 4393 κτῆσιν
1550 4327 1854 4392 κωλύοντα,

1968 3223 2082 3275 haec
2113 3221 2430 3288 loquuntur,
2463 3220 2696 3289 primum
2729 3236 2837 3275 non
2896 3222 3154 3289 exiguam
3223 3223 3332 3275 Deo
3377 3219 3559 3278 Verbo

1971 3311 2221 3365 tribuunt
2257 3311 2660 3376 inﬁrmitatem,
2706 3312 2998 3380 siquidem,
3051 3325 3110 3366 ut
3156 3313 3253 3382 ipsi
3285 3325 3556 3375 asserunt,

1966 3419 2072 3458 non
2095 3412 2305 3471 poterat
2329 3407 2560 3457 humana
2587 3415 2766 3458 incute
2787 3416 3032 3470 suscepta
3059 3404 3329 3457 hominem
3347 3405 3555 3471 justum

1965 3495 2198 3548 ellicere.
2260 3493 2464 3548 Deinde
2516 3493 2769 3548 omnibus
2825 3491 3554 3561 peccantibusdivitiasque

1967 3583 2112 3653 leges
2149 3584 2479 3639 violantibus
2552 3585 2924 3640 excusationis
2960 3586 3164 3638 aditum
3201 3583 3553 3653 patefaciunt.

1970 3676 2062 3732 Sic
2084 3678 2226 3732 enim
2249 3691 2351 3731 nec
2382 3679 2652 3732 immerito
2694 3677 2862 3732 Deum
2892 3679 3132 3733 omnium
3167 3678 3508 3746 alloquuntur
3537 3693 3554 3730 :

1968 3769 2218 3834 Domine,
2250 3787 2347 3826 nos
2374 3788 2480 3825 non
2534 3771 2854 3826 admisimus
2892 3786 2953 3824 ea
3012 3773 3212 3840 quibus
3255 3771 3410 3822 venia
3447 3785 3554 3822 non

1969 3863 2256 3925 debeatur,
2290 3876 2382 3916 aut
2411 3879 2530 3932 quae
2570 3864 2835 3931 supplicio
2857 3863 3015 3930 digna
3063 3862 3192 3924 sint,
3243 3876 3366 3914 cum
3402 3875 3554 3913 men-

1970 3969 2101 4022 tem,
2131 3957 2285 4025 cujus
2306 3959 2466 4011 ductu
2484 3958 2745 4026 regimur,
2782 3953 3104 4009 imbecillam
3139 3955 3514 4022 acceperimus
3534 3991 3552 4019 .

1970 4064 2090 4118 qua:
2122 4051 2265 4119 leges
2298 4060 2418 4103 tuas
2448 4050 2739 4103 observare
2765 4062 2867 4100 non
2907 4055 3103 4114 potest.
3135 4047 3204 4098 At
3237 4057 3290 4098 tu
3333 4048 3549 4114 quidem

1969 4143 2108 4212 ipse,
2143 4140 2392 4204 Domine,
2431 4141 2487 4194 in
2537 4154 2706 4194 carne
2733 4139 3053 4202 adveniens,
3086 4153 3303 4191 carnem
3333 4139 3549 4206 quidem

1969 4247 2209 4288 nostram
2243 4233 2548 4303 suscepisti,
2579 4241 2812 4287 mentem
2867 4245 3014 4297 vero,
3058 4246 3178 4300 qua:
3204 4234 3552 4300 assequcnzlte

1969 4325 2157 4378 virtuti
2197 4323 2356 4377 aﬂert
2411 4323 2881 4392 impedimentum,
2943 4334 2995 4375 et
3051 4322 3256 4389 peccati
3320 4323 3438 4376 dolo
3468 4323 3551 4377 l'a-

275 4413 368 4463 καὶ
404 4411 506 4481 τῆς
539 4412 818 4482 ἁμαρτίας
850 4411 945 4482 τὴν
971 4414 1189 4482 ἀπάτην
1225 4417 1428 4486 ῥᾳδίως
1453 4419 1858 4492 ὑποδεχόμενον

1967 4419 2070 4472 cile
2094 4417 2420 4480 succumbit,
2479 4415 2736 4485 rejeeisti,
2789 4425 2842 4470 et
2867 4414 3116 4484 accipere
3152 4416 3438 4479 recusasd,
3498 4426 3550 4468 et

271 4505 610 4576 ἀπέρριψας,
663 4506 762 4558 καὶ
801 4505 988 4558 λαϐεῖν
1041 4507 1145 4560 οὐκ
1203 4509 1462 4578 ἠνέσχου,
1517 4513 1746 4580 γέγονας
1799 4515 1858 4568 δὲ

271 4603 396 4653 ἀντὶ
425 4600 520 4653 νοῦ
545 4603 608 4670 τῇ
634 4602 823 4668 σαρκὶ,
855 4604 948 4653 καὶ
982 4600 1161 4671 τούτῳ
1189 4603 1267 4672 τῷ
1299 4605 1490 4674 τρόπῳ
1522 4608 1622 4677 τὴν
1651 4608 1861 4662 δικαιο-

923 4697 1097 4767 τούτῳ
1122 4697 1198 4767 τῷ
1224 4698 1410 4768 τρόπῳ
1444 4700 1545 4769 τὴν
1578 4701 1858 4772 ἁμαρτίαν

269 4795 587 4857 νενίκηκας.
641 4787 774 4852 Θεὸς
822 4790 933 4857 γὰρ
998 4791 1291 4860 ὑπάρχεις,
1361 4791 1524 4862 βουλῇ
1574 4796 1633 4845 τὸ
1667 4795 1857 4849 δοκοῦν

269 4882 464 4947 ποιῶν,
491 4881 722 4950 νεύματι
744 4881 1179 4945 κατασκευάζων
1201 4883 1270 4934 τὰ
1294 4887 1622 4954 πράγματα.
1666 4888 1853 4957 Ἡμεῖς

267 4975 324 5026 δὲ
357 4974 450 5026 τὸν
482 4973 828 5042 ἀνθρώπινον
865 4974 994 5026 νοῦν
1047 4974 1292 5042 ἔχοντες,
1320 4977 1379 5027 ὃν
1434 4977 1726 5031 ἀναλαϐεῖν
1757 4981 1856 5033 οὐκ

271 5066 574 5136 quam“,
597 5064 912 5132 ἀναγκαίως
941 5065 1049 5115 ὑπὸ
1067 5065 1164 5134 τὴν
1189 5066 1465 5135 ἁμαρτίαν
1484 5069 1852 5138 τυγχάνομεν,

269 5161 388 5222 τοῖς
440 5159 556 5220 σοῖς
601 5157 807 5226 ἰχνεσιν
863 5157 1230 5226 ἀκολουθῆσαι
1264 5160 1364 5210 οὐκ
1399 5160 1746 5228 ἰσχύσαντες.
1789 5164 1854 5215 Τί

271 4696 442 4764 σύνην
472 4694 868 4764 κατώρθωσας,

269 5255 379 5324 γὰρ
407 5252 532 5314 νοῦς
560 5251 898 5323 ἀνθρώπινος
919 5253 1052 5321 πρὸς
1073 5251 1209 5303 Θεοῦ
1238 5251 1366 5304 δίνα
1379 5271 1494 5321 μιν,
1521 5256 1614 5306 καὶ
1637 5257 1852 5322 σοφίαν,

266 5347 363 5400 καὶ
396 5346 534 5416 φῶς,
577 5345 671 5397 καὶ
701 5345 1075 5413 δικαιοσύνην,
1109 5348 1200 5398 καὶ
1235 5345 1404 5415 ζωὴν,
1439 5353 1532 5399 καὶ
1554 5351 1651 5410 τὰς
1687 5350 1853 5412 ἄλλας

263 5442 363 5510 τῆς
394 5439 495 5505 σῆς
527 5438 718 5500 οὐσίας
759 5437 1067 5507 ἐνεργείας,
1099 5437 1154 5490 αῖ
1195 5437 1452 5505 καθάπερ
1493 5442 1710 5504 ἀκτῖνες
1761 5445 1854 5495 καὶ

267 5531 618 5603 λαμπηδόνες
650 5533 714 5585 ὲκ
748 5530 850 5598 τῆς
880 5531 980 5598 σῆς
1033 5533 1320 5602 ἀνίσχουσι
1368 5536 1618 5601 φύσεωςς
1665 5538 1853 5590 Ταῦτα

272 5629 338 5680 ἂν
364 5628 576 5681 εἴποιεν
603 5626 828 5687 εἰγότως
860 5624 909 5676 οἰ
952 5626 1017 5694 τῇ
1055 5624 1302 5696 ἁμαρτίᾳ
1329 5627 1606 5680 δουλεύειν
1663 5636 1845 5700 αἱρου-

271 5736 446 5786 μενοι,
479 5718 639 5785 εἰπερ
666 5717 884 5788 ἀληθῶς
910 5719 938 5771 ὁ
968 5719 1101 5782 Θεὸς
1127 5719 1298 5787 Λόγος
1327 5721 1489 5774 ἄνουν
1535 5722 1728 5776 ἔλαϐεν
1755 5725 1847 5777 άν-

1968 4524 2020 4565 ttt
2053 4513 2107 4564 in
2142 4526 2307 4565 carne
2334 4508 2534 4574 mentis
2563 4521 2790 4563 munere
2819 4506 3040 4560 iunctus
3067 4522 3149 4571 es,
3186 4508 3360 4560 ethoc
3391 4507 3551 4561 modo

1957 4603 2223 4670 justitiam
2265 4599 2574 4669 implevisti,
2613 4599 2715 4652 hoc
2749 4602 2909 4652 modo
2945 4608 3222 4665 peccatum
3253 4597 3546 4664 superasti,

1962 4696 2104 4749 Deus
2130 4695 2276 4748 enim
2304 4709 2385 4757 es,
2422 4702 2477 4746 et
2500 4693 2798 4755 voluntate,
2847 4691 2990 4759 quod
3047 4689 3148 4753 vis,
3209 4689 3544 4755 exsequeris,

1947 4798 2013 4841 et
2048 4797 2178 4841 nutu
2209 4801 2296 4840 res
2317 4785 2561 4840 conficis.
2594 4781 2704 4837 Nos
2733 4793 2934 4844 autem,
2970 4781 3058 4848 qui
3111 4789 3345 4832 tuentem
3385 4778 3548 4832 babe-

1962 4895 2106 4942 tuus,
2135 4893 2296 4946 quam
2323 4888 2377 4930 ttt
2411 4877 2660 4945 accipere
2685 4873 2936 4934 noluisti,
2966 4871 3279 4924 necessario
3307 4871 3546 4938 peccatis

1960 4975 2224 5034 cedimus,
2257 4987 2380 5026 cum
2420 4970 2650 5037 vestigia
2683 4980 2772 5021 tua
2800 4965 2951 5034 sequi
2986 4978 3346 5033 nequeamus.
3404 4961 3543 5028 Quid

1957 5070 2102 5120 enim
2129 5067 2365 5120 humana
2396 5072 2480 5118 est
2509 5074 2684 5125 tuens,
2717 5059 2761 5113 si
2789 5073 2912 5112 cum
2953 5057 3046 5112 Dei
3079 5060 3302 5122 virtute,
3335 5065 3388 5110 et
3421 5072 3540 5109 cum

1959 5160 2051 5214 Dei
2085 5156 2372 5227 sapientia,
2415 5165 2466 5208 et
2515 5154 2656 5217 luce,
2685 5150 2994 5223 etjustitia,
3067 5161 3120 5206 et
3155 5153 3286 5216 vita,
3315 5158 3363 5202 et
3419 5147 3543 5200 aliis

1957 5253 2208 5309 essentia:
2263 5261 2367 5302 tum
2399 5247 2635 5312 dotibus,
2669 5261 2788 5316 quae
2840 5257 3091 5312 tanquam
3121 5244 3252 5296 radii
3287 5254 3340 5294 et
3397 5239 3542 5292 faces

1960 5363 2029 5401 ex
2069 5352 2262 5398 natura
2299 5351 2384 5396 tua
2420 5338 2645 5410 fulgent,
2677 5336 3036 5393 conferatur?
3065 5335 3188 5388 [hec
3231 5333 3423 5384 merito
3455 5333 3539 5382 di-

1956 5451 2080 5490 cere
2133 5439 2386 5502 poterunt
2412 5430 2500 5497 qui
2528 5436 2750 5495 peccato
2784 5426 2886 5481 sibi
2943 5424 3281 5479 serviendum
3325 5419 3540 5488 judica-

1960 5539 2106 5593 runt,
2142 5527 2187 5580 si
2228 5541 2352 5578 vere
2389 5521 2532 5577 Deus
2578 5521 2812 5576 Verbum
2851 5519 3124 5574 hominem
3180 5516 3374 5567 mentis
3431 5528 3540 5566 ex-

1958 5637 2162 5697 pet-tvm
2186 5619 2499 5693 assumpsit,
2525 5635 2577 5677 ct
2603 5620 2701 5674 hoc
2720 5619 2878 5673 modo
2909 5615 3107 5671 vitandi
3133 5611 3337 5684 peccdti
3373 5613 3542 5666 ratio-

1958 5737 2079 5776 ncut
2125 5715 2350 5773 invenit.

273 5813 510 5886 θρωπον,
539 5812 713 5881 τούτῳ
740 5811 815 5884 τῷ
845 5813 1030 5884 τρόπῳ
1074 5815 1133 5867 τὸ
1164 5817 1556 5888 ἀναμάρτητον
1600 5836 2083 5891 μηχαςνηοαξωνος.
