4094 6300
580 352 681 415 927
1850 366 2059 426 EUTII
2070 367 2145 425 Y+\

2280 368 2457 428 7.in
2472 367 2668 433 ΒΕΝῘ,
3690 372 3771 434 9:33

1074 471 1157 527 Ea:
1195 475 1372 526 eadem
1404 478 1657 529 oratione.

2716 484 2811 535 Ἐκ
2832 480 2938 537 τοῦ
2981 481 3167 537 αὐτοῦ
3191 483 3394 552 λόγον.

647 612 753 666 Sed
799 612 911 681 jam
962 609 1189 665 istorum
1230 620 1399 675 nugas
1430 606 1481 658 in
1516 606 1768 672 praesenti
1813 607 2149 659 omittamus.

570 702 682 757 Nos
723 715 854 755 vero
885 699 951 753 ad
986 700 1315 769 propositum
1366 708 1743 766 argumentum
1793 706 2151 758 revertamur,

571 804 733 863 atque
772 794 1202 846 demonstremus
1242 788 1607 843 necessariam
1644 786 1813 839 fuisse
1843 786 2154 839 Servatoris

567 885 740 941 nostri
783 882 1233 936 incarnationem.
1276 882 1411 948 Quia
1445 882 1587 933 enim
1622 889 1763 933 totus
1794 880 1953 932 homo
1997 876 2155 931 dece—

570 989 695 1046 ptus
736 976 934 1039 fuerat,
970 953 1221 1040 totusque
1253 976 1351 1027 sub
1403 982 1685 1043 peceatum
1745 972 2041 1033 deciderat,
2100 979 2156 1022 et

571 1081 699 1123 ante
738 1069 911 1136 ipsum
940 1081 1139 1133 corpus
1179 1081 1330 1119 mens
1359 1080 1599 1119 errorem
1633 1063 1964 1128 admiserat;
2002 1076 2155 1114 nam-

572 1175 677 1230 que
698 1167 855 1213 antea
877 1158 1076 1211 mentis
1098 1171 1395 1211 consensus
1417 1166 1696 1225 peccatum
1730 1155 1983 1217 deliueat,
2003 1153 2155 1206 dein-

575 1254 641 1306 tle
688 1253 739 1305 id
784 1265 982 1319 corpus
1030 1265 1126 1319 per
1166 1264 1320 1302 suam
1377 1249 1643 1303 actionem
1693 1247 1904 1318 ﬁgurat,
1962 1246 2157 1300 merito

574 1345 823 1400 Christus
859 1344 1114 1397 Dominus
1158 1342 1360 1412 lapsam
1409 1352 1654 1396 naturam
1696 1345 1907 1412 erigere
1948 1342 2153 1401 volens.

576 1438 794 1506 utrique
825 1435 984 1490 simul
1021 1450 1240 1489 manmn
1291 1436 1540 1505 porrigit,
1574 1444 1627 1489 et
1665 1435 1933 1503 jacentem
1975 1434 2154 1501 erigit,

577 1544 825 1593 carnem,
849 1528 1087 1595 inquam,
1116 1542 1178 1580 ac
1208 1538 1462 1589 mentem,
1494 1542 1615 1595 qua?
1641 1526 1706 1579 ad
1728 1524 2003 1579 Creatoris
2024 1526 2157 1578 ima-

577 1622 757 1691 ginem
791 1620 931 1674 facta
969 1618 1087 1672 fuit.
1119 1619 1215 1673 Est
1245 1620 1387 1672 enim
1426 1635 1578 1673 mens
1620 1618 1925 1683 invisibilis,
1974 1619 2148 1672 incon-

2256 1612 2454 1680 σάρκα,
2479 1631 2550 1682 φη
2560 1614 2640 1683 μὶ,
2661 1615 2861 1668 καὶτὸν
2886 1614 3031 1680 νοῦν,
3049 1616 3107 1678 ὃς
3128 1617 3372 1684 ἐγεγόνει
3395 1620 3509 1672 κατ’
3529 1620 3689 1671 εἰκόνα
3706 1620 3779 1672 τοῦ

578 1714 928 1783 templabilis,
964 1715 1223 1783 impervia
1269 1723 1323 1767 et
1366 1711 1949 1781 incomprehensibilis,
1983 1727 2148 1780 neque

2252 1704 2582 1768 Κτίσαντος·
2608 1706 2837 1777 ἀόρατός
2872 1724 2931 1760 τε
2973 1710 3080 1779 γάρ
3122 1711 3260 1773 ἐστι,
3284 1710 3378 1764 καὶ
3399 1711 3631 1774 ἀθέατος,
3652 1714 3779 1782 ἀνέφυ

579 1824 639 1862 se
684 1808 853 1877 ipsam
900 1822 1252 1875 cognoscens,
1295 1816 1348 1860 et
1398 1807 1617 1873 insuper
1645 1803 2148 1870 incircumscripta:

2256 1796 2403 1858 ικτός
2437 1813 2496 1848 τε
2530 1797 2623 1849 καὶ
2657 1798 3062 1869 ἀκατάληπτος,
3085 1801 3192 1852 οὐδ’
3216 1802 3412 1854 ἑαυτὸν
3452 1803 3777 1871 ἐπιστάμενος,

579 1910 634 1955 et
680 1901 723 1953 si
770 1900 1156 1968 cogitationum
1196 1898 1535 1966 phantasiam
1583 1904 1910 1963 spectamus,
1961 1895 2148 1946 ducatu

2255 1889 2391 1958 πρὸς
2432 1889 2487 1940 δὲ
2532 1890 2741 1952 τοᾶτοις
2781 1892 2873 1944 καὶ
2897 1892 3305 1964 άπερίγραφος·
3331 1896 3484 1965 εἴπερ
3504 1898 3576 1957 είς
3595 1898 3679 1965 τὴν
3696 1896 3781 1949 τῶν

580 2002 633 2044 et
668 1998 933 2060 potestate
992 1990 1235 2058 praedita,
1294 1986 1499 2039 artibus
1548 1995 1601 2037 et
1654 1984 1897 2038 scientiis
1944 1996 2148 2047 ornata,

2252 1978 2527 2048 λογισμῶν
2566 1981 2975 2051 ἁποϐλέψαιμεν
3012 1986 3333 2051 φαντασίαν,
3362 1987 3614 2055 ἡγεμονίᾳ
3638 2004 3686 2038 τε
3708 1988 3779 2037 καὶ

583 2098 749 2152 parva
773 2082 1012 2151 qttazdam
1037 2097 1095 2135 ac
1111 2095 1246 2134 nova
1270 2079 1525 2142 creatrix,
1543 2079 1646 2139 vel,
1673 2088 1729 2130 ut
1750 2080 1927 2131 verius
1955 2076 2148 2142 dicam,

2253 2070 2471 2142 ἐξουσίᾳ
2507 2074 2888 2143 τετιμημένος,
2915 2076 3128 2143 τέχναις
3174 2078 3269 2129 καὶ
3313 2080 3628 2149 ἐπιστήμαις
3659 2096 3783 2129 κεκο-

580 2174 857 2228 Creatoris
900 2173 1178 2236 imitatrix,
1232 2173 1414 2240 regina
1462 2181 1721 2225 creaturae
1773 2170 2017 2236 visibilis,
2074 2172 2148 2224 vel

2255 2164 2557 2232 σμημένος,
2587 2164 2793 2234 βραχύς
2833 2184 2915 2228 τις
2956 2168 3048 2219 καὶ
3075 2168 3189 2231 νέος
3211 2169 3625 2241 δημιουργὸς,ῆ,
3660 2171 3709 2221 τό
3736 2186 3783 2235 γε

581 2266 725 2335 regis
772 2266 970 2335 imago,
1024 2264 1221 2318 tributa
1271 2264 1336 2317 de
1389 2272 1530 2317 terra
1577 2262 1855 2331 colligens,
1899 2279 1961 2315 ex
1999 2263 2148 2325 mari,

2253 2254 2613 2327 ἀληθέστερον
2655 2259 2849 2323 εἰπεῖν,
2892 2258 2982 2312 τοῦ
3008 2260 3354 2331 Δημιουργοῦ
3396 2261 3639 2332 μιμητὴς,
3665 2261 3784 2330 βασι-

581 2364 743 2423 atque
776 2370 922 2420 aere,
972 2371 1037 2411 ex
1069 2356 1181 2409 sole
1229 2371 1292 2409 ac
1334 2355 1459 2408 luna
1491 2365 1545 2410 et
1596 2355 1787 2418 stellis,
1820 2371 1882 2408 ex
1913 2356 2054 2408 caelo
2103 2365 2148 2407 et

2252 2346 2376 2409 λεὺς
2396 2348 2493 2415 τῆς
2514 2350 2797 2420 ὁρωμένης
2820 2350 3119 2421 κτίσεως,ἣ
3148 2351 3417 2420 βασιλέως
3439 2352 3610 2413 εἰκὼν,
3627 2353 3785 2422 φόρους

579 2446 834 2512 nubibus,
869 2463 931 2502 ex
977 2447 1186 2511 ovibus,
1232 2447 1423 2511 bobus,
1457 2446 1685 2515 aliisque
1997 2460 2148 2514 pecu-

2256 2438 2525 2505 συλλέγων
2548 2440 2611 2491 ἐκ
2634 2439 2756 2510 γῆς,
2784 2442 2848 2493 ὲκ
2871 2440 3161 2512 Θαλάττης,
3187 2441 3247 2507 ἐξ
3271 2443 3454 2514 ἀέρος,
3475 2443 3533 2507 ἐξ
3550 2442 3682 2511 ἡλίου
3714 2444 3785 2495 καὶ

580 2538 769 2603 dibus;
801 2540 910 2591 imo
935 2554 1059 2593 vero
1085 2537 1323 2593 omnium
1350 2538 1555 2592 fructus
1577 2553 1805 2607 carpens
1830 2556 1843 2590 :
1874 2538 1989 2604 ejus
2013 2538 2148 2590 enim

2252 2528 2482 2600 σελήνης
2510 2532 2604 2583 καὶ
2624 2533 2889 2602 ἀστέρων,
2916 2532 2973 2598 ἐξ
3002 2533 3234 2603 οὐρανοῦ
3268 2536 3364 2588 καὶ
3391 2533 3581 2603 νεφῶν,
3603 2535 3660 2586 ἐκ
3678 2550 3785 2604 προ-

580 2631 753 2698 gratia
794 2630 1023 2684 visibilia
1058 2640 1252 2685 cuncta
1284 2638 1411 2685 sunt
1438 2628 1616 2683 facta:
1644 2645 1769 2683 nam
1800 2629 1941 2683 Deus
1967 2629 2148 2683 horum

2254 2624 2432 2677 ϐάτων
2474 2625 2568 2675 καὶ
2609 2623 2747 2693 βοῶν
2791 2626 2885 2677 καὶ
2924 2624 3034 2677 τῶν
3073 2624 3247 2678 ἄλλων
3290 2625 3520 2694 κτηνῶν,
3545 2624 3719 2695 μᾶλλον
3743 2624 3784 2676 δὲ

580 2736 686 2773 non
717 2731 798 2774 est
834 2721 1064 2788 indigus.

2254 2714 2462 2775 πάντας
2503 2714 2683 2767 αὐτῶν
2719 2713 2846 2775 τοὺς
2888 2716 3131 2785 καρποὺς
3166 2716 3528 2786 δρεπόμενος’
3568 2718 3630 2769 δι’
3659 2716 3786 2769 αὑτὸν

2252 2805 2360 2877 γὰρ
2385 2804 2597 2873 ἐγένετο
2617 2805 2684 2859 τὰ
2705 2804 2978 2876 ὁρώμενα’
2994 2806 3123 2870 Θεὸς
3147 2807 3255 2878 γὰρ
3284 2807 3488 2862 τούτων
3503 2808 3783 2878 ἀπροσδεής.

2339 608 2497 661 Ἀλλὰ
2534 607 2632 678 τὴν
2677 609 2775 678 μὲν
2819 610 3135 680 ἀδολεσχίαν
3172 613 3393 666 ἐκείνων
3437 618 3769 688 καταλίπωμεν

2253 701 2345 752 ἐπὶ
2389 698 2483 752 τοῦ
2536 701 2836 771 παρόντος·
2879 705 3038 774 ἡμεῖς
3086 705 3141 756 δὲ
3189 706 3279 756 ἐπὶ
3322 707 3415 776 τὴν
3458 712 3768 782 προκειμένην

2253 788 2512 844 ὑπόθεσιν
2537 790 2945 860 ἐπανέλθωμεν,
2980 796 3072 845 καὶ
3098 794 3360 864 δείξωμεν
3384 798 3477 866 τὴν
3505 800 3589 851 τοῦ
3621 802 3768 872 Σωτῆ-

2256 894 2346 948 ρος
2375 880 2529 950 ἡμῶν
2552 883 2869 951 οἰκονομίαν
2902 886 3217 952 ἀναγκαίως
3247 890 3617 961 γεγενημένην.
3634 896 3771 946 Ἐπει-

2251 970 2315 1038 δὴ
2343 971 2451 1042 γὰρ
2480 971 2626 1035 ἅπας
2652 975 2679 1026 ὁ
2706 973 2990 1043 ἄνθρωπος
3014 977 3291 1047 ἠπατήθη,
3321 979 3409 1030 καὶ
3434 980 3569 1043 ἄπας
3595 983 3683 1034 ὑπὸ
3698 984 3773 1053 τὴν

2254 1063 2530 1134 ἁμαρτίαν
2553 1067 2898 1134 ἐγένετο,κα“ι
2922 1068 3027 1137 πρὸ
3049 1068 3141 1120 τοῦ
3164 1068 3412 1140 σώματος
3431 1073 3585 1144 δὲτὴν
3600 1076 3774 1144 ἀπάτην

2252 1156 2280 1206 ὁ
2302 1156 2427 1218 νοῦς
2450 1156 2746 1222 ὑπεδέξατο
2762 1177 2773 1187 ο
2802 1162 2832 1230 ἡ
2857 1159 2950 1212 τοῦ
2974 1160 3065 1213 νοῦ
3089 1162 3197 1232 γάρ
3218 1164 3477 1233 πρότερον
3496 1167 3777 1233 συγκατάθεο

2255 1263 2338 1309 σις
2354 1248 2452 1317 τὴν
2474 1250 2751 1319 ἁμαρτίαν
2773 1257 3125 1325 σκιαγραφεῖ,
3149 1248 3249 1307 εἷθ’
3269 1254 3440 1319 οὕτως
3457 1256 3540 1310 διὰ
3558 1259 3643 1327 τῆς
3663 1262 3777 1330 ὲνερο

2254 1338 2405 1404 γείας
2446 1340 2509 1392 τὸ
2554 1341 2711 1411 σῶμα
2752 1342 2958 1414 ταύτην
2992 1348 3210 1415 μορφοῖ,
3254 1347 3775 1419 εἰκότωςὸΔεσπότης

2253 1431 2488 1500 Χριστὸς
2526 1432 2627 1504 τὴν
2661 1438 3016 1489 πεπτωκυῖαν
3052 1435 3213 1504 φύσιν
3239 1437 3534 1507 ἀναστῆσαι
3564 1437 3776 1507 βουλόμε-

2253 1539 2363 1585 νος,
2412 1524 2543 1575 πᾶσι
2584 1526 2743 1593 χεῖρα
2784 1526 3002 1595 ὀρέγει,
3048 1527 3141 1579 καὶ
3182 1527 3440 1598 κειμένην
3481 1528 3664 1599 ἐγείρει
3702 1532 3779 1598 τὴν

649 2913 765 2968 Non
790 2930 919 2986 ergo
939 2916 1384 2986 eontempsittam
1401 2918 1691 2988 pretiosam
1717 2928 1922 2988 partem
1949 2921 2154 2979 medela

578 3017 870 3077 egentem;
902 3010 1195 3072 morboque
1226 3019 1279 3061 et
1310 3021 1524 3063 senecta
1555 3020 1862 3080 corruptam
1889 3013 2157 3081 mortique

579 3096 939 3164 mancipatam
988 3097 1379 3154 humanitatem
1434 3116 1538 3154 non
1595 3101 1666 3155 ita
1728 3103 2045 3172 assumpsit,
2099 3114 2155 3158 ut

576 3195 785 3255 partem
824 3187 994 3258 ipsius
1034 3190 1348 3244 rationalem
1391 3199 1445 3244 et
1489 3189 1850 3247 immortalem
1887 3203 2045 3262 atque
2087 3196 2153 3249 ad

576 3280 865 3348 imaginem
901 3298 1054 3339 suam
1091 3286 1284 3340 factam
1312 3286 1652 3354 despexerit;
1690 3286 1988 3354 praesertim
2029 3286 2155 3354 quia

580 3372 741 3436 male,
766 3380 824 3425 ut
845 3374 1014 3436 aiunt,
1045 3387 1101 3425 se
1129 3371 1365 3425 habebat
1391 3389 1404 3423 τ
1436 3371 1529 3425 sed
1557 3370 1865 3424 universam
1897 3378 2146 3424 naturam

580 3465 918 3534 antiquatam
955 3462 1257 3516 renovavit.
1308 3462 1465 3515 Anne
1492 3460 1637 3514 enim
1665 3468 1872 3529 partem
1909 3460 2026 3530 ejus
2058 3476 2150 3513 no-

578 3573 701 3611 vam
762 3556 1000 3618 fecisset,
1060 3554 1206 3609 illam
1242 3568 1389 3619 veto,
1440 3568 1578 3621 quae.
1606 3553 1901 3606 inveterata
1943 3560 2061 3606 erat
2095 3562 2149 3606 et

576 3657 858 3717 corrupta,
894 3646 1012 3700 sine
1050 3644 1290 3699 remedio
1338 3658 1459 3697 esse
1492 3643 1742 3697 sivisset?
1764 3658 1885 3697 cum
1923 3658 2143 3707 praeser-

581 3740 674 3792 tim
703 3752 828 3808 pars
861 3738 974 3791 haec
1022 3733 1420 3806 pretiosissima
1451 3743 1617 3799 esset,
1647 3744 1701 3788 et
1736 3735 2145 3788 immortalitate

578 3832 806 3899 pollens,
835 3840 891 3884 et
922 3829 1146 3882 rationis
1181 3843 1281 3882 usu
1313 3836 1595 3893 exornata,
1630 3835 1683 3881 et
1708 3828 1773 3880 ad
1804 3827 2147 3881 intellectua-

575 3924 706 3976 linm
762 3921 1009 3976 ordinem
1058 3920 1358 3989 pertinens.
1430 3918 1895 3973 Absurdissimum
1946 3919 2146 3987 quippe

576 4014 784 4075 fuisset,
809 4027 1006 4082 corpus
1034 4012 1236 4064 luteum
1272 4018 1326 4063 et
1356 4010 1691 4078 pulvereum,
1716 4018 1769 4063 et
1802 4009 2145 4077 passionibus

574 4106 894 4176 implicitum
952 4104 1053 4158 sibi
1110 4117 1390 4157 assumere
1432 4111 1592 4171 atque
1646 4102 1961 4171 adiungere,
2004 4109 2058 4155 et
2089 4100 2141 4152 in

574 4199 799 4252 dextera
828 4196 1127 4263 majesmtis
1154 4197 1454 4249 collocare:
1481 4203 1716 4247 mentem
1748 4208 1876 4247 vero
1894 4191 2144 4245 invisibi-

574 4287 704 4350 lem,
735 4285 1121 4349 immortalem,
1152 4286 1444 4338 animantis
1476 4285 1786 4349 rectricem,
1828 4283 1894 4336 ad
1924 4281 2017 4336 Dei
2064 4282 2147 4335 fa-

573 4390 713 4433 ctam
748 4378 1063 4446 imaginem,
1108 4375 1625 4445 incorruptibilitate
1669 4376 1971 4444 praeditam,
2018 4388 2145 4428 cor-

2254 4382 2524 4450 6ερνήτην
2552 4381 2646 4432 καὶ
2676 4379 2955 4447 μουσικὸν,
2992 4377 3057 4430 δι’
3087 4378 3144 4430 ὃν
3184 4379 3285 4430 οὐκ
3325 4376 3518 4446 ἄλογος
3545 4377 3576 4438 ἠ
3617 4369 3793 4440 ἀνθρω-

574 4471 722 4539 poris
746 4470 910 4523 veluti
944 4470 1210 4539 aurigam,
1240 4469 1698 4536 gubernatricem,
1733 4477 1790 4520 et
1823 4467 1976 4535 quasi
2012 4482 2146 4520 con-

2256 4476 2384 4526 πεῖα
2415 4473 2598 4541 φύσις,
2632 4471 2768 4525 ἀλλὰ
2797 4471 2986 4539 σοφίας
3033 4473 3125 4523 καὶ
3154 4470 3359 4540 τέχνης
3396 4471 3492 4523 καὶ
3521 4465 3794 4531 ἐπιστήμης

573 4566 738 4617 centu
774 4571 1190 4631 temperantem,
1230 4575 1327 4629 per
1352 4575 1511 4629 quam
1547 4559 1783 4611 humana
1814 4568 2007 4611 natura
2038 4574 2143 4612 non

2251 4566 2556 4628 ἀνάπλεως,
2588 4564 2777 4617 τοῦτον
2834 4563 3172 4635 άπερῤίφθαι
3221 4566 3398 4626 κάτω,
3450 4561 3542 4613 καὶ
3585 4559 3671 4625 τῆς
3718 4550 3793 4605 τῦο

2321 2917 2530 2971 Οὔκουν
2573 2918 2811 2988 ἠτίμασε
2850 2919 2939 2972 τὸν
2980 2918 3123 2972 οὕτω
3158 2921 3372 2991 τίμιον,
3410 2921 3500 2975 τὸν
3539 2921 3788 2991 θεραπείας

2249 3010 2522 3080 δεόμενον·
2547 3009 2667 3061 οὐδὲ
2690 3009 2751 3061 τὸ
2772 3009 3147 3081 φθειρόμενον,
3163 3011 3261 3062 καὶ
3271 3013 3415 3082 νόσῳ
3438 3012 3528 3064 καὶ
3549 3013 3613 3082 γή
3623 3028 3682 3081 pq
3696 3010 3790 3062 δον·

2251 3102 2408 3157 λεῦον
2428 3103 2521 3156 καὶ
2535 3100 2750 3171 θανάτῳ
2767 3101 3020 3167 ἀνέλαϐε,
3041 3101 3104 3153 τὸ
3124 3101 3180 3154 δὲ
3203 3101 3424 3170 λογικὸν
3447 3105 3539 3156 καὶ
3562 3104 3791 3156 ἀθάνατον

2249 3195 2343 3247 καὶ
2354 3193 2473 3247 κατ’
2487 3211 2511 3246 ε
2520 3193 2672 3246 ίκόνα
2680 3194 3043 3263 γεγενημένον
3057 3194 3158 3247 ὑπε
3167 3193 3309 3263 ρεῖδε
3319 3234 3331 3258 ,
3342 3193 3606 3247 καὶταῦτα
3616 3194 3790 3257 κακῶς,

2247 3286 2322 3349 ὥς
2336 3304 2487 3347 φασι,
2498 3285 2860 3353 διακείμενονο
2877 3286 3012 3341 ἀλλὰ
3029 3288 3206 3340 πᾶσαν
3216 3287 3316 3356 τὴν
3332 3285 3491 3355 φύσιν
3503 3285 3790 3339 παλαιωθεί-

2257 3384 2359 3420 σαν
2389 3369 2735 3439 ἐνεοποίησε.
2777 3369 2889 3424 Καὶ
2917 3371 2978 3422 τὸ
3014 3366 3112 3438 μὲν
3142 3366 3319 3436 αὐτῆς
3354 3366 3537 3421 καινὸν
3563 3357 3794 3428 ἀπειργά-

2255 3473 2407 3519 σατο,
2424 3457 2486 3508 τὸ
2507 3457 2562 3509 δὲ
2588 3457 3038 3526 πεπαλαιωμένον
3063 3456 3156 3510 καὶ
3182 3455 3581 3525 διεφθαρμένον
3608 3453 3793 3505 ἀνίατον

2252 3549 2435 3614 εἴασε;
2467 3550 2560 3601 καὶ
2592 3549 2765 3602 ταῦτα
2791 3548 3122 3618 τιμιώτατον
3150 3547 3420 3619 ὑπάρχον,
3441 3548 3531 3600 καὶ
3561 3542 3793 3609 ἀθανασίᾳ

2251 3639 2638 3710 τετιμημένον,
2677 3641 2769 3694 καὶ
2800 3640 2942 3708 λόγῳ
2988 3639 3436 3706 κεκοσμημένον,
3471 3638 3561 3689 καὶ
3594 3634 3680 3702 τῆς
3705 3632 3793 3683 τῶν

2251 3734 2458 3804 νοητῶν
2493 3734 2689 3803 μοίρας
2732 3733 3029 3801 τυγχάνον·
3064 3731 3175 3784 τῶν
3209 3730 3580 3784 ἀτοπωτάτων
3626 3730 3719 3793 γὰρ
3745 3723 3791 3773 τὸ

2255 3828 2354 3896 μὲν
2383 3827 2540 3895 σῶμα
2569 3827 2629 3878 τὸ
2660 3825 2903 3890 πήλινον,
2939 3824 3031 3877 καὶ
3067 3823 3273 3894 χοῖκὸν,
3307 3822 3401 3875 καὶ
3434 3819 3626 3874 πάθεσι
3665 3829 3794 3868 συνε-

2252 3917 2571 3987 ζευγμένον,
2594 3918 2686 3970 καὶ
2713 3917 3154 3986 προσληφθῆναι,
3189 3917 3285 3967 καὶ
3314 3912 3696 3982 ἀναληφθῆναι,
3718 3906 3793 3957 καὶ

2252 4013 2316 4063 ἐκ
2348 4012 2536 4077 δεξιῶν
2570 4012 2667 4079 τῆς
2704 4008 3101 4078 μεγαλωσύνης
3154 4006 3577 4077 καθιδρυνθῆναι
3602 4018 3614 4032 ο
3642 4005 3721 4052 τὸν
3748 3997 3792 4050 δὲ

2252 4104 2377 4157 νοῦν
2415 4104 2508 4156 τὸν
2545 4105 2794 4172 ἀόρατον,
2828 4100 2920 4153 τὸν
2962 4100 3255 4161 ἀθάνατον,
3306 4100 3398 4150 τὸν
3451 4095 3678 4165 ἡγεμόνι
3716 4087 3791 4141 τοῦ

2254 4195 2417 4261 ζώου,
2436 4196 2525 4248 τὸν
2553 4195 2672 4246 κατ’
2707 4194 2886 4246 εἰκόνα
2917 4193 3066 4245 θείαν
3097 4191 3593 4261 γεγενημένον,τὸν
3618 4185 3793 4254 ἀφθαρ-

2256 4291 2345 4360 σίᾳ
2374 4287 2760 4358 τετιμημένον,
2804 4286 2893 4338 τὸν
2924 4286 3017 4338 τοῦ
3053 4287 3310 4354 σώματος
3346 4286 3557 4353 ἡνίοχον
3594 4280 3677 4334 καὶ
3710 4293 3793 4328 κυ-

2185 3237 2225 3291 C

572 4666 655 4709 est
703 4655 885 4719 bruta,
918 4654 1015 4708 sed
1063 4650 1352 4720 sapientia,
1386 4652 1594 4705 artibus
1632 4660 1686 4703 et
1715 4651 1905 4720 quavis
1951 4651 2143 4718 peritia

570 4747 859 4801 abundat:
916 4747 1077 4812 hanc,
1134 4746 1376 4816 inquam,
1429 4754 1665 4799 mentem
1714 4744 1777 4797 ad
1831 4744 2145 4797 inferiorem

572 4839 797 4905 gradum
831 4838 1098 4907 deprimi,
1146 4853 1248 4893 nec
1300 4852 1483 4907 parem
1525 4837 1716 4892 saltem
1763 4853 1885 4890 cum
1916 4852 2147 4906 corpore

573 4932 837 4985 honorem
869 4932 1224 5000 participare;
1247 4947 1369 4985 cum
1411 4942 1592 4984 tamen
1622 4931 1742 4999 ejus
1763 4945 1923 4984 causa
1948 4946 2148 4999 corpus

572 5022 852 5077 rationalis
899 5036 1146 5076 creatura
1203 5024 1472 5087 evaserit;
1521 5038 1643 5076 cum
1693 5022 1935 5089 eiusdem
1981 5038 2145 5077 causa

571 5117 712 5168 datae
750 5114 952 5168 fuerint
998 5114 1142 5184 leges
1170 5129 1233 5168 ac
1283 5116 1623 5184 prophetiae;
1672 5130 1769 5183 per
1798 5130 1959 5180 quam
2007 5116 2143 5169 ﬁunt

573 5208 889 5270 certamina,
942 5207 1124 5271 luctat,
1168 5207 1431 5270 victorim,
1488 5209 1851 5271 laudationes,
1883 5224 2138 5289 coronat;

571 5318 668 5371 per
702 5316 860 5371 quam
902 5314 1103 5369 corpus
1138 5314 1261 5354 cum
1296 5314 1358 5354 ea
1410 5301 1716 5365 decertans,
1756 5303 2037 5368 pramnium
2067 5304 2144 5355 Ia-

569 5395 764 5449 borum
813 5393 1167 5461 consequitur
1221 5392 1480 5445 caelorum
1536 5409 1795 5463 regnum;
1858 5395 1927 5447 ob
1982 5410 2144 5462 quant

570 5488 691 5557 ipse
725 5502 942 5556 quoque
974 5485 1282 5541 Servatoris
1322 5486 1489 5539 nostri
1520 5489 1784 5540 adventus
1812 5489 2055 5558 contigit,
2091 5498 2147 5541 et

573 5579 967 5633 incarnationis
1007 5587 1280 5646 peractum
1330 5579 1650 5648 mysterium
1691 5589 1796 5633 est.
1840 5579 1955 5633 Non
1998 5582 2143 5635 enim

2254 4659 2508 4730 σώματος
2549 4659 2622 4728 μὴ
2657 4657 3090 4728 μεταλαγχάνειν
3131 4656 3302 4739 τιμῆς
3326 4672 3339 4685 ο
3381 4655 3449 4708 δι’
3493 4654 3546 4706 ὃν
3577 4652 3632 4703 τὸ
3663 4647 3791 4739 σῶμα

2253 4754 2350 4824 τῆς
2376 4753 2600 4822 λογικῆς
2631 4751 2850 4817 ἐγένετο
2879 4751 3108 4812 κτίσεως
3135 4766 3151 4783 ο
3186 4736 3255 4801 δι’
3282 4748 3344 4803 ὃν
3380 4744 3697 4817 νομοθεσίαι,
3718 4736 3791 4791 καὶ

2258 4847 2585 4917 προφητεῖαι
2612 4860 2624 4873 ⁸
2649 4844 2715 4896 δι’
2740 4842 2799 4896 ὃν
2826 4842 3059 4910 ἀγῶνες,
3082 4840 3175 4894 καὶ
3204 4840 3398 4902 πάλαι,
3430 4839 3522 4891 καὶ
3548 4837 3697 4895 νίκαι,
3717 4831 3790 4881 καὶ

2255 4938 2608 5008 ἀναρρήσεις,
2641 4934 2738 4987 καὶ
2781 4934 3037 5001 στέφανοι
3060 4948 3074 4963 ’
3106 4932 3173 4984 δι’
3214 4932 3273 4984 ὃν
3311 4931 3409 4985 καὶ
3460 4930 3517 4981 τὸ
3569 4927 3707 4989 σῶμα
3745 4918 3791 4969 τὺ

2256 5027 2575 5091 συναθλοῦν,
2606 5024 2771 5080 ἆθλον
2812 5027 2922 5078 τῶν
2954 5026 3129 5077 πόνων
3157 5024 3271 5093 ἔχει
3319 5024 3419 5091 τὴν
3452 5022 3553 5074 τῶν
3580 5011 3788 5086 οὐρανῶν

2251 5120 2557 5189 βασιλείανο
2585 5120 2651 5172 δι’
2679 5119 2740 5172 ὃν
2772 5118 2865 5172 καὶ
2894 5117 3031 5188 αὐτὴ
3062 5116 3154 5169 τοῦ
3171 5116 3429 5186 Σωτῆρος
3455 5111 3600 5183 ἡμῶν
3626 5109 3653 5177 ή
3677 5118 3788 5171 πιρ-

2251 5216 2407 5269 ουσία
2442 5214 2757 5283 γεγένηται,
2826 5214 2921 5265 καὶ
2951 5212 3012 5263 τὸ
3041 5212 3142 5279 τῆς
3176 5211 3493 5277 οἰκονομίας
3537 5208 3789 5271 ὲπριγμα·

2243 5307 2409 5376 τεύθη
2442 5306 2775 5376 μυστήριονο
2813 5307 2871 5357 οὐ
2906 5304 3015 5374 γὰρ
3051 5304 3190 5373 ὑπὲρ
3228 5303 3460 5372 ἀψύχων
3494 5299 3524 5367 ἦ
3577 5291 3785 5360 ἀνοήτων

2246 5396 2312 5450 τὰ
2362 5399 2610 5467 σωτήρια
2660 5395 2987 5461 κατεδέξατο
3035 5395 3205 5465 πάθη,
3264 5394 3375 5445 οὐδ’
3426 5391 3556 5457 ὑπὲρ
3605 5382 3783 5445 ἀλόγων

2246 5488 2462 5557 κτηνῶν
2497 5488 2530 5558 ἢ
2579 5488 2742 5543 λίθων
2786 5488 2966 5558 ψυχῆς
2991 5486 3403 5557 ἐστερημένων,
3433 5482 3541 5536 ἀλλ’
3569 5476 3689 5541 ὑπὲρ
3713 5473 3784 5521 ἀν·

2249 5581 2487 5648 θρώπων
2516 5582 2693 5652 ψυχὴν
2725 5582 2998 5636 ἀθάνατον
3028 5580 3238 5633 ἔνοικον
3282 5574 3640 5645 κεκτημένων.

574 5686 672 5737 pro
703 5671 863 5725 rebus
892 5672 1086 5727 anima:
1126 5690 1189 5729 ac
1215 5675 1413 5729 mentis
1453 5674 1789 5740 expertibus,
1826 5682 1921 5727 aut
1950 5689 2050 5743 pro
2081 5675 2347 5743 jumentis
2379 5675 2788 5744 insipientibus,
2822 5686 2915 5728 aut
2954 5672 3221 5743 lapidibus
3257 5667 3528 5728 inanimis,
3560 5659 3640 5715 scd
3695 5664 3775 5724 Ρτο

572 5764 882 5819 hominibus
914 5769 1272 5823 innuortalcm
1308 5772 1359 5822 in
1396 5786 1450 5824 sc
1471 5771 1705 5824 animam
1737 5770 2060 5825 incolcntcm
2086 5771 2484 5838 obtinentibus,
2521 5773 2794 5828 cruciatus
2822 5773 3047 5842 pertulit
3074 5770 3359 5826 salutares.
