4070 6290
21 3190 106 3220 .3;

20 3277 106 3292 1--

22 3303 94 3312 ..-ι

30 3923 84 3933 ν-δ-

33 3945 72 3953 .-

383 428 493 489 9'1’9
1345 423 1428 481 PA
1441 421 1711 480 NOPLIA
1759 419 1904 479 DOG
1916 420 1963 477 M

2067 419 2188 478 ΗΖΛ
2262 447 2316 455 -
2359 421 2488 480 TlT
2552 420 2700 481 XIV.
3522 419 3630 481 9⁸40

384 546 514 596 Ἔτι
567 540 715 594 κατὰ
749 537 1340 601 Ἀπολμίινιιριίισῖῶν
1385 538 1488 590 τοῦ
1532 534 1947 605 Δαμνισκηνοῦ.

2067 535 2196 588 Ιιριιι
2245 538 2494 592 adversus
2536 529 2942 606 .‘ipollinaristas
2989 534 3320 588 Damasceni.
3362 533 3492 604 Cap.
3538 539 3629 590 82.

988 608 1209 676 Κεφάλ.
1251 606 1358 676 πβ’.

452 726 584 775 Θεῖιν
623 723 829 775 τέλειον
871 722 964 774 καὶ
1015 721 1301 789 ἄνθρωπον
1343 721 1548 773 τέλειον
1585 721 1834 788 λέγοντες
1867 723 1956 772 τὸν

376 817 636 884 Χριστὸν,
675 815 892 876 πάντως
929 814 1102 866 πάντα
1131 815 1396 881 δώσομεν,
1427 816 1494 868 τά
1525 832 1583 868 τε
1612 815 1706 867 τοῦ
1747 817 1956 884 [ἰατρὸς

379 908 608 976 φυσικὰ.
642 907 710 959 τά
750 923 808 958 τε
837 906 932 974 τῆς
969 906 1190 973 Μητρός
1218 921 1230 934 ⁸
1272 907 1463 974 γέγονε
1494 908 1602 975 γὰρ
1643 905 1954 975 ἄνθρωπος,

380 996 470 1046 ἵνα
514 995 574 1048 τὸ
624 994 845 1062 νικηθὲν
891 995 1113 1065 νικήσῃ.
1164 995 1278 1047 Οὐκ
1332 995 1593 1059 ἀδύνατος
1649 999 1756 1068 γὰρ
1812 995 1878 1065 ἦν
1931 1000 1958 1050 6

378 1089 448 1141 τὶι
497 1085 674 1139 πάντα
718 1086 1040 1155 δυνάμενος,
1079 1087 1171 1139 καὶ
1211 1089 1277 1158 τῇ
1336 1087 1734 1158 παντοὸυνάμῳ
1788 1088 1956 1142 αὑτοῦ

379 1179 601 1249 ἐξουσία
630 1180 722 1231 καὶ
753 1178 983 1248 δυνάμει
1017 1177 1297 1242 ἐξελέσθαι
1323 1179 1416 1232 τοῦ
1447 1179 1836 1250 τυραννοῦντος
1867 1184 1958 1235 τὸν

379 1272 706 1340 ἄνθρωπον·
762 1269 879 1322 ἀλλ’
927 1265 996 1341 ἦν
1050 1269 1394 1340 ἐγκλήματος
1449 1273 1528 1340 τῷ
1594 1275 1958 1341 τυραννοῦντι

381 1365 660 1428 ὑπόθεσις,
686 1363 974 1432 ἄνθρωπον
1018 1364 1329 1431 νικήσαντι,
1362 1366 1458 1417 καὶ
1508 1365 1613 1418 ὑπὸ
1653 1368 1791 1420 Θεοῦ
1843 1367 1962 1436 βια-

384 1457 593 1508 σθέντι.
623 1456 796 1508 Αὑτον
835 1451 927 1508 οῦν
965 1455 1056 1506 τὸν
1111 1455 1352 1508 πεσόντα
1399 1457 1630 1526 νικητὴν
1679 1459 1957 1524 ἀναδεῖξαι

386 1548 668 1616 βουληθεὶς
728 1549 754 1600 6
815 1549 1107 1618 συμπαθὴς
1185 1546 1316 1610 Θεὸς
1386 1549 1480 1600 καὶ
1551 1549 1956 1618 φιλάνθρωπος,

383 1639 671 1708 ἄνθρωπος
709 1638 922 1706 γίνεται
962 1636 1041 1705 τῷ
1089 1637 1262 1707 ὁμοίῳ
1312 1635 1371 1688 τὸ
1419 1638 1605 1708 ὅμοιον
1656 1639 1958 1693 ἀνακαλού-

385 1748 568 1802 μενος.

460 1912 580 1964 Ὅτι
622 1912 678 1964 δὲ
733 1910 950 1978 λογικὸν
1012 1910 1104 1963 καὶ
1149 1911 1334 1980 νοερὸν
1383 1909 1522 1973 ζῶον
1565 1910 1594 1961 ὃ
1647 1910 1954 1978 ἄνθρωπος’
1993 1949 2034 2004 Β

383 2005 557 2066 οὐδεὶς
580 2006 822 2073 ἀντερεῖ·
854 2003 968 2064 πῶς
993 1997 1085 2055 οῦν
1109 2002 1396 2070 ἄνθρωπος
1430 2003 1676 2069 γέγονεν,
1699 2003 1746 2054 εἰ
1779 2003 1958 2070 σάρκα

381 2098 590 2167 ἄψυχον
611 2095 641 2162 ἢ
664 2095 838 2166 ψυχὴν
867 2097 1027 2148 ἄνουν
1059 2095 1285 2156 ἔλαϐεν;
1317 2095 1392 2147 Οὐ
1426 2093 1585 2148 τοῦτο
1613 2093 1721 2165 γὰρ
1747 2095 1957 2163 ἄνθρω-

382 2207 504 2252 πος.
533 2188 598 2241 Τί
629 2188 684 2240 δὲ
711 2187 802 2240 καὶ
828 2190 926 2256 τῆς
955 2185 1422 2256 ἐνανθρωπήσεως
1455 2186 1820 2254 ἀπωνάμεθα,
1855 2184 1952 2238 τοῦ

383 2279 915 2350 πῳτοπαθήσαντος
964 2279 1039 2348 μὴ
1084 2276 1460 2344 σεσωσμένου,
1507 2276 1641 2345 μηδὲ
1680 2279 1746 2348 τῇ
1787 2294 1952 2329 συνα-

384 2372 514 2441 φείᾳ
542 2370 642 2434 τῆς
679 2370 931 2438 θεότητος
971 2370 1500 2438 ἀνακεκαινισμένου
1536 2386 1593 2420 τε
1634 2370 1729 2422 καὶ
1770 2385 1956 2420 νενευ-

385 2469 631 2536 ρωμένου
649 2483 664 2533 ;
688 2466 760 2519 Τὸ
788 2465 895 2536 γὰρ
929 2465 1336 2536 ἀπρόσληπτον,
1368 2461 1768 2533 ἀθεράπευτον.
1803 2461 1961 2514 ’Λνα-

383 2558 650 2627 λαμϐἀνει
691 2556 874 2610 τοίνυν
919 2555 1040 2608 ὅλον
1071 2554 1163 2608 τὸν
1207 2554 1518 2622 ἄνθρωπον,
1552 2551 1736 2604 καὶτὸ
1765 2550 1959 2604 τούτου

384 2649 698 2713 κάλλιστον,
742 2644 849 2700 ὑπὸ
892 2644 1210 2716 ἀρρωστίαν
1245 2642 1430 2706 πεσὸν,
1464 2641 1549 2694 ἵνα
1589 2642 1697 2711 ὅλῳ
1729 2640 1829 2710 τὴν
1857 2659 1962 2693 σω-

385 2739 581 2807 τηρίαν
632 2738 962 2809 χαρίσηταιο
1017 2735 1143 2797 νοῦς
1207 2734 1262 2788 δὲ
1317 2733 1542 2800 ᾶσοφος,
1592 2731 1964 2800 ἐστερημένος

384 2834 662 2900 γνώσεως,
695 2832 794 2884 οὐκ
823 2831 888 2884 ἂν
925 2831 1010 2900 εἴη
1042 2829 1196 2882 ποτέ.
1225 2828 1289 2881 Ei
1319 2826 1428 2897 γὰρ
1464 2825 1825 2894 ἀνενέργητος
1864 2825 1963 2879 καὶ

383 2926 663 2996 ἀκίνητος,
693 2925 784 2976 καὶ
810 2923 1155 2992 ἀνύπαρκτος
1195 2920 1432 2981 πάντως.

2133 716 2416 780 Assumpta
2478 726 2672 767 natura
2735 716 2989 776 humana,
3044 723 3101 766 ut
3163 715 3276 780 ipsa
3329 712 3381 766 in
3425 711 3634 767 Christo

2061 807 2248 859 victria:
2289 806 2436 874 ﬁeret
2482 805 2698 858 diaboli.
2751 835 2808 845 —-
2853 804 3305 871 Quandoquidem
3353 803 3633 859 Christum

2060 897 2356 965 perfectum
2415 895 2582 950 Deum
2625 911 2687 949 ac
2734 897 3032 964 perfectum
3069 896 3342 948 hominem
3381 896 3633 954 dicimus.

2062 989 2219 1058 plane
2249 990 2431 1042 omnia
2486 1005 2604 1056 qua:
2637 999 2744 1041 tum
2804 989 2967 1048 Patri,
3006 1000 3114 1040 tum
3169 987 3324 1040 Matri
3365 987 3636 1040 naturalia

2061 1089 2207 1138 sunt.
2251 1081 2300 1134 ei
2350 1079 2677 1133 tribuamus.
2732 1079 2907 1131 llotno
2949 1082 3147 1146 quippe
3197 1077 3375 1131 factus
3423 1085 3527 1136 esl,
3582 1088 3640 1129 ut

2060 1171 2202 1239 quod
2235 1171 2434 1224 victum
2469 1171 2646 1224 fuerat
2678 1170 2938 1224 vinceret.
2987 1169 3142 1222 llaud
3180 1171 3326 1222 enim
3373 1169 3490 1235 ejus
3537 1168 3641 1218 ἰιιι-

2063 1262 2368 1316 becillitatis
2397 1271 2515 1316 erat
2553 1262 2660 1319 ille.
2715 1262 2806 1330 qui
2843 1262 3022 1314 omnia
3065 1271 3262 1328 potest,
3299 1261 3430 1328 quin
3463 1260 3643 1312 omni-

2061 1355 2268 1424 potenti
2321 1370 2417 1408 sua
2462 1353 2662 1408 virtute
2696 1353 2970 1407 hominem
3004 1369 3070 1406 ex
3109 1352 3321 1423 tyranni
3359 1351 3639 1405 dominatu

2061 1449 2274 1517 eripere
2311 1448 2535 1501 valeret.
2579 1446 2778 1501 Verum
2831 1457 3094 1516 tyrannus
3124 1445 3360 1513 querel-.e
3394 1444 3641 1497 occasio-

2061 1554 2185 1592 nem
2218 1539 2519 1600 habuisset,
2555 1540 2597 1592 si
2627 1548 2911 1606 postquam
2947 1539 3228 1591 hominem
3271 1537 3385 1604 ipse
3408 1534 3640 1594 vicerat,

2063 1633 2210 1686 illata
2247 1631 2295 1684 vi
2340 1647 2368 1685 a
2416 1631 2523 1682 Deo
2564 1631 2830 1701 spoliatus
2869 1640 3037 1684 esset.
3069 1629 3335 1694 Quocirca
3374 1628 3514 1681 Deus
3545 1640 3644 1693 pro

2063 1741 2156 1778 sua
2205 1725 2599 1782 misericordia.
2655 1737 2710 1777 et
2761 1740 2884 1792 erga
2937 1723 3186 1776 homines
3241 1719 3642 1783 benevolentia,

2066 1816 2229 1869 homo
2269 1816 2348 1880 tit,
2382 1831 2491 1883 quo
2530 1815 2712 1868 simile
2744 1814 2936 1868 similis
2967 1830 3132 1882 opera
3175 1813 3464 1866 instauret.

2137 1910 2421 1971 Assumpta
2479 1907 2659 1959 anima
2715 1916 2872 1975 atque
2937 1922 3080 1958 mens
3131 1907 3402 1965 humana,
3461 1910 3644 1955 contra

2070 1997 2502 2066 Apotlinaristas.
2527 2028 2596 2037 —
2622 1998 2777 2063 Quod
2800 2008 2981 2052 autem
3015 1998 3180 2049 homo
3220 1996 3290 2049 sit
3322 1994 3525 2048 animal
3554 2009 3646 2047 ra-

2069 2092 2215 2146 tione
2243 2100 2298 2144 et
2337 2093 2694 2161 intelligentia
2726 2090 3036 2160 praeditum,
3065 2105 3228 2143 nemo
3262 2087 3384 2141 ierit
3412 2085 3644 2141 inﬁcias.

2064 2184 2295 2252 Quinam
2341 2186 2505 2254 igitur
2557 2183 2731 2238 factus
2777 2191 2861 2238 est
2895 2186 3077 2246 homo,
3113 2182 3154 2234 si
3199 2196 3421 2236 carnem
3472 2181 3649 2233 inani—

2066 2291 2290 2338 matam,
2351 2287 2442 2332 aut
2495 2287 2773 2347 expertem
2831 2278 3030 2332 mentis
3082 2277 3318 2329 animam
3364 2274 3648 2342 suscepit?

2066 2371 2180 2426 Hoc
2207 2372 2352 2426 enim
2381 2385 2722 2440 nequaquam
2759 2371 2924 2423 immo
2951 2379 3054 2423 est.
3096 2368 3236 2434 Quid
3273 2382 3404 2421 vero
3429 2379 3646 2418 rursum

2067 2479 2133 2517 ex
2169 2471 2444 2530 assumpta
2469 2467 2535 2514 at;
2567 2476 2634 2514 eo
2666 2461 3006 2515 humanitate
3043 2458 3397 2514 emolumenti
3451 2458 3517 2512 ad
3546 2472 3650 2512 nos

2069 2555 2252 2618 rediit,
2295 2555 2338 2609 si
2382 2554 2456 2609 illi
2511 2555 2604 2624 qui
2635 2555 2894 2625 primario
2928 2553 3206 2608 contraxit
3261 2551 3466 2614 labem,
3500 2551 3650 2605 salus

2067 2647 2228 2701 allata
2289 2663 2395 2702 non
2427 2656 2548 2711 est;
2579 2663 2761 2718 neque
2810 2647 2860 2701 id
2896 2655 3077 2701 actum
3117 2646 3252 2712 fuit,
3295 2653 3354 2699 ut
3390 2660 3486 2713 per
3519 2658 3651 2697 con-

2066 2737 2404 2805 iunctionem
2452 2753 2577 2792 cum
2623 2737 2907 2792 divinitate
2959 2736 3354 2798 innovaretur,
3384 2743 3438 2788 et
3485 2733 3651 2786 robur

2070 2828 2526 2884 obtineret?Nam
2555 2840 2803 2884 curatum
2838 2845 2946 2884 non
2982 2827 3103 2892 fuit,
3136 2827 3280 2896 quod
3308 2835 3650 2895 assumptum

2073 2937 2184 2976 non
2223 2931 2340 2989 est;
2387 2931 2718 2992 quapropter
2769 2931 2940 2978 totum
2993 2922 3273 2975 hominem
3328 2916 3648 2987 assumpsit.

388 3022 638 3090 illamque
683 3019 818 3074 adeo
867 3020 1036 3086 ipsius
1084 3024 1291 3086 partem
1340 3031 1463 3084 qua:
1508 3017 1743 3072 obnoxia
1793 3017 1982 3073 morbo
2044 3017 2263 3085 fuerat,
2318 3028 2378 3074 ut
2424 3020 2521 3075 toti
2577 3021 2805 3074 salutem
2857 3019 3209 3089 largiretur‘.
3276 3017 3432 3072 Nulla
3488 3034 3651 3088 porro

387 3134 542 3174 mens
566 3129 792 3183 usquam
827 3113 1010 3178 fuerit,
1053 3127 1173 3182 quae
1204 3111 1464 3181 sapientia
1502 3125 1554 3168 et
1585 3115 1896 3186 cognitione
1924 3115 2184 3172 destituta
2219 3117 2310 3172 sit.
2349 3116 2482 3170 Nam
2531 3116 2576 3170 si
2609 3117 2756 3172 iners
2796 3125 2851 3172 et
2881 3117 2998 3171 sine
3029 3127 3178 3171 motu
3201 3159 3216 3183 ,
3248 3116 3393 3170 nulla
3424 3132 3649 3186 prorsus

386 3217 600 3272 ratione
622 3211 854 3268 exsistit.

458 3361 534 3416 Τὸ
589 3356 682 3414 οῦν
732 3359 852 3413 κατ’
905 3359 1088 3411 εἰκόνα
1139 3357 1488 3411 ἀνακαινίσαι
1551 3356 1878 3427 βουλόμενος
1933 3361 2032 3426 6C

383 3455 519 3518 Θεὸς
550 3455 742 3522 Λόγος,
765 3454 991 3519 γέγονεν
1021 3450 1325 3518 ἄνθρωπος.
1347 3451 1414 3503 Tt’
1431 3451 1488 3504 δὲ
1517 3453 1576 3504 τὸ
1602 3451 1723 3504 κατ’
1752 3454 1960 3516 εἰκόνα,

384 3549 436 3600 εἰ
470 3552 543 3616 μὴ
597 3547 625 3598 6
672 3543 827 3609 νοῦς;
860 3543 932 3595 Τὸ
969 3545 1217 3611 κρεῖττον
1267 3542 1363 3596 οὖν
1410 3545 1630 3612 παρεὶς,
1668 3544 1728 3596 τὸ
1780 3546 1963 3614 χεῖρον

383 3637 652 3702 dia-510.66;
703 3635 844 3697 Νοῦς
895 3635 1004 3702 γὰρ
1035 3635 1092 3686 ὲν
1143 3634 1452 3702 μεταιχμίῳ
1511 3635 1628 3686 ἐστὶ
1681 3634 1816 3686 Θεοῦ
1867 3635 1964 3687 καὶ

385 3729 609 3798 σαρκὸς,
642 3727 741 3795 τῆς
791 3728 888 3794 μὲν
931 3729 1006 3786 ὡς
1040 3725 1310 3788 σύνοικος,
1343 3725 1439 3778 τοῦ
1477 3726 1616 3778 Θεοῦ
1668 3726 1745 3789 δὲ,
1783 3726 1857 3790 ὼς
1885 3727 1963 3778 εἰ-

385 3823 520 3875 κών,
558 3819 703 3881 Νοῦς
751 3815 845 3872 οῦν
891 3817 972 3871 νοῒ
1025 3818 1306 3886 μίγνυται,
1340 3818 1434 3870 καὶ
1471 3818 1750 3885 μεσιτεύει
1780 3819 1808 3870 6
1842 3819 1965 3882 νοῦς

385 3911 522 3964 Θεοῦ
570 3909 903 3979 καθαρότητι
976 3909 1072 3960 καί⁸
1126 3909 1327 3977 σαρκὸς
1383 3907 1694 3978 παχύτητι’
1753 3911 1802 3960 εἰ
1857 3910 1964 3979 γὰρ

383 4004 564 4074 ψυχὴν
599 4002 763 4056 ἄνουν
784 4002 812 4054 6
833 4001 1039 4068 Κύριος
1065 3997 1351 4062 ἀνέλαϐεν,
1380 3998 1576 4066 ἀλόγου
1613 3997 1752 4063 ζώου
1786 3999 1964 4069 ψυχὴν

390 4096 674 4150 ἀνέλαϐεν.

2140 3358 2290 3414 Mens
2335 3360 2391 3414 in
2427 3361 2635 3414 homine
2665 3363 2733 3413 τὸ
2776 3361 2906 3414 κατ’
2935 3361 3142 3414 εἰκόνα
3194 3360 3345 3414 Verbi
3376 3372 3424 3414 rt
3473 3365 3652 3417 carn's

2068 3453 2267 3508 media.
2298 3483 2366 3496 -—
2407 3453 2591 3521 Itaque
2641 3453 2782 3508 Deus
2828 3451 3112 3509 Verbum'
3167 3455 3218 3508 id
3264 3456 3409 3524 quod
3464 3457 3528 3510 ad
3569 3458 3653 3511 sui

2070 3545 2362 3615 imaginem
2403 3554 2521 3599 erat
2565 3547 2876 3600 instaurare
2905 3547 3118 3611 volens,
3157 3545 3333 3602 factus
3356 3558 3438 3603 est
3467 3549 3650 3604 homo.

2067 3635 2207 3702 Quid
2245 3651 2374 3690 vero
2406 3636 2536 3690 illud
2574 3637 2678 3690 fuit
2706 3637 2851 3706 quod
2876 3644 3024 3692 esset
3059 3638 3126 3691 ad
3171 3638 3485 3708 imaginem,
3515 3656 3654 3708 prae-

2071 3735 2316 3793 lerquam
2368 3726 2562 3780 mens?
2613 3725 2765 3780 Itane
2826 3727 3034 3780 omisso
3089 3729 3310 3795 potiori,
3359 3730 3503 3798 quod
3556 3731 3657 3784 de-

2077 3818 2247 3871 terius
2296 3828 2417 3871 erat
2477 3818 2814 3885 assumpsit!
2867 3817 3018 3872 Mens
3053 3819 3319 3885 siquidem
3356 3819 3409 3872 in
3459 3821 3549 3875 Dei
3601 3833 3657 3878 et

2076 3910 2258 3964 carnis
2309 3908 2614 3962 meditullio
2651 3918 2770 3962 est:
2819 3911 3002 3962 carnis
3051 3909 3336 3975 nimirum,
3370 3922 3426 3966 ut
3463 3925 3658 3969 contu-

2076 3999 2343 4063 bernalis;
2386 3999 2479 4053 Dei
2512 4007 2718 4061 autem,
2749 4007 2808 4052 ut
2843 4000 3040 4068 imago.
3078 4001 3230 4055 Mens
3272 4003 3454 4073 itaque
3485 4010 3655 4062 menti

2071 4092 2338 4162 jungitur,
2372 4099 2535 4160 atque
2567 4091 2709 4146 inter
2733 4091 2824 4146 Dei
2862 4092 3150 4160 puritatem
3185 4103 3238 4147 et
3287 4100 3470 4151 carnis
3507 4112 3658 4154 cras-

387 4193 567 4248 sitiem
621 4191 930 4246 intercedit.
995 4188 1130 4244 Nam
1180 4188 1224 4243 si
1287 4187 1547 4244 Dominus
1598 4189 1835 4244 animam
1890 4197 2072 4244 mente
2132 4203 2359 4243 vacuam
2417 4174 2754 4260 assumpsit,
2815 4189 2957 4244 bruti
3022 4189 3205 4260 utique
3273 4194 3508 4248 animam
3563 4211 3653 4252 as-

387 4289 643 4359 sumpsit.

463 4427 526 4480 Εἰ
567 4426 623 4478 δὲ
680 4424 860 4494 σάρκα
909 4424 1163 4490 γενέσθαι
1203 4427 1231 4479 6
1275 4423 1672 4494 εὖαγγελιστὴς
1720 4424 1824 4494 ἔφη
1869 4425 1964 4477 τὸν

387 4515 583 4584 Λόγον,
621 4517 796 4570 ἰστέον
841 4517 918 4580 ὡς
958 4517 1112 4589 παρὰ
1161 4521 1226 4588 τῇ
1261 4518 1397 4588 ἁγίᾳ
1442 4518 1660 4586 Γραφῇ,
1697 4519 1829 4570 ποτὲ
1863 4519 1965 4587 μὲν

2139 4425 2644 4496 Apollinaristarum
2676 4425 2895 4494 objectio
2937 4425 3177 4480 solvitur.
3215 4426 3412 4481 Anima
3438 4438 3486 4483 et
3527 4445 3655 4486 caro

2070 4535 2168 4589 pro
2219 4519 2429 4572 homine
2480 4519 2537 4571 in
2591 4516 2889 4587 Scriptura.
2919 4548 2987 4558 —
3027 4517 3182 4583 Quod
3225 4520 3272 4572 si
3319 4522 3653 4590 evangelista

385 4608 535 4680 ψυχὴ
557 4610 777 4677 λέγεται
807 4612 834 4662 ὁ
864 4609 1171 4679 ἄνθρωπος,
1205 4609 1281 4672 ὡς
1303 4610 1396 4662 τό·
1432 4611 1528 4660 Ἑν
1557 4609 1963 4678 ἐϐδομήκοντα

2072 4612 2310 4668 Verbum
2356 4625 2576 4666 carnem
2621 4609 2822 4664 factum
2862 4610 3031 4665 fuisse
3061 4609 3222 4677 divit,
3260 4611 3542 4666 sciendum
3571 4622 3658 4667 est

385 4701 569 4754 πέντε
614 4700 841 4770 ψυχαῖς
892 4699 1186 4767 εἰσῆλθεν
1235 4699 1439 4754 ἰακὼσ
1475 4702 1562 4765 εἰς
1612 4701 1960 4768 Αἴγυπτον·

387 4791 523 4845 ποτὲ
549 4792 606 4846 δὲ
642 4793 804 4861 σὰρξ,
847 4793 924 4855 ὡς
958 4791 1017 4846 τό
1043 4810 1057 4823 ο
1082 4793 1326 4861 Ὀψεται
1359 4791 1528 4848 πᾶσα
1567 4793 1726 4862 σὰρξ
1746 4795 1811 4846 τὸ
1847 4807 1968 4848 σω-

385 4885 596 4954 τήριον
615 4885 724 4938 τοῦ
743 4885 911 4940 Θεοῦ.
929 4886 1003 4940 Οὐ
1028 4886 1166 4955 σὰρξ
1188 4887 1368 4939 τοίνυν
1392 4887 1615 4957 ἄψυχος,
1631 4886 1752 4938 οὐδὲ
1778 4885 1960 4951 ἄνους,

387 4976 506 5028 ἀλλ’
531 4976 816 5046 ἄνθρωπος
846 4977 1071 5046 γέγονεν
1099 4979 1128 5030 6
1170 4977 1395 5048 Κύριος.
1421 4978 1564 5048 Φησὶ
1593 4976 1725 5046 γοῦν
1761 4978 1922 5038 c1316;
1943 4991 1956 5004 ·

395 5069 455 5122 Τί
475 5084 553 5135 με
575 5068 768 5136 δέρεις
790 5068 1130 5137 ἄνθρωπον,
1153 5070 1220 5136 ὃς
1245 5070 1360 5136 τὴν
1385 5070 1678 5136 ἀλήθειαν
1704 5070 1846 5139 ὑμῖν
1866 5073 1963 5123 ,ιε-

384 5160 666 5226 λὰληκιῑς
697 5162 950 5214 ’Λνέλαόε
993 5163 1173 5216 τοίνυν
1206 5162 1385 5231 σάρκα
1425 5165 1788 5234 ἐψυχωμένην
1813 5163 1958 5233 ψυχῇ

387 5252 584 5323 λογικῇ
638 5271 696 5306 τε
747 5257 840 5307 καὶ
871 5257 1055 5326 νοερᾷ,
1091 5257 1394 5325 ἡγεμονικῇ
1431 5257 1528 5322 μὲν
1581 5256 1681 5324 τῆς
1731 5257 1956 5327 σαρκὸς,

387 5343 838 5414 ἡγεμονευομένῃ
863 5345 920 5398 δὲ
947 5345 1052 5398 ὑπὸ
1075 5346 1172 5416 τῆς
1202 5344 1297 5398 τοῦ
1326 5346 1499 5412 Λόγου
1538 5345 1818 5412 Θεότητος.

2074 4705 2125 4757 in
2164 4718 2316 4758 sacra
2343 4701 2630 4772 Scriptura
2660 4701 2896 4756 animam
2941 4715 3336 4770 nonnunquam
3369 4702 3653 4758 hominem

2072 4795 2353 4864 appellari,
2416 4795 2559 4848 utin
2616 4793 2706 4847 illo
2756 4794 2914 4848 loco:
2961 4792 3023 4846 In
3054 4792 3394 4860 septuaginta
3424 4793 3658 4861 quinque

2070 4887 2349 4938 animabus
2390 4887 2651 4954 ingressus
2689 4894 2768 4938 est
2817 4883 2982 4937 Iacob
3013 4883 3066 4935 in
3111 4880 3411 4951 ﬁgyptam
3439 4884 3479 4938 ³.
3506 4883 3656 4938 Non-

2073 4991 2354 5045 nunquam
2389 4978 2516 5029 item
2544 4990 2790 5034 caruem,
2821 4982 2880 5026 ut
2907 4982 2992 5026 est
3024 4972 3159 5027 illud
3193 4991 3207 5026 :
3253 4972 3455 5028 Videbit
3482 4976 3655 5028 omnis

2071 5077 2194 5122 caro
2241 5066 2479 5120 salutare
2514 5066 2665 5121 Dei‘.
2699 5069 2773 5120 Ac
2801 5065 3028 5134 proinde
3062 5066 3348 5131 Dominus,
3387 5084 3495 5122 non
3523 5083 3654 5124 caro

2072 5160 2330 5220 inanima,
2367 5173 2467 5212 nec
2511 5166 2693 5211 mente
2725 5172 2927 5217 vacua.
2973 5158 3066 5213 sed
3116 5159 3281 5214 homo
3325 5158 3502 5214 factus
3547 5169 3651 5214 est.

2073 5254 2158 5305 Ait
2185 5252 2384 5321 quippe
2413 5253 2524 5321 ipse
2549 5269 2562 5304 :
2589 5250 2729 5315 Quid
2763 5266 2842 5304 me
2876 5251 3058 5315 credis,
3094 5252 3360 5305 hominem
3392 5253 3483 5322 qui
3518 5253 3656 5305 veri-

2076 5354 2237 5398 tatem
2291 5346 2492 5397 locutus
2543 5359 2661 5397 sum
2703 5344 2922 5398 vobis“?
2975 5343 3285 5413 Assumpsit
3338 5343 3503 5414 igitur
3534 5359 3655 5397 car-

386 5456 514 5494 nem
551 5443 728 5495 anima
784 5442 1033 5497 rationali
1084 5453 1138 5497 et
1198 5441 1535 5511 intelligente
1588 5443 1906 5506 animatam,
1959 5457 2206 5511 quaeque,
2243 5442 2382 5494 sicut
2413 5442 2594 5496 carnis
2630 5441 2988 5510 principatum
3041 5443 3302 5506 tenebat,
3338 5441 3410 5493 ita
3462 5455 3655 5496 rursus

388 5536 661 5595 divinitati
687 5538 930 5607 parebat,
965 5539 1032 5592 ab
1055 5552 1226 5607 eaque
1249 5540 1562 5608 regebatur.

478 5779 666 5850 ’Greg.
700 5779 939 5850 Νομᾼιί
969 5777 1181 5832 Cledon.

1291 5781 1309 5809 ¹
1341 5780 1500 5849 Greg.
1533 5779 1661 5832 Naz.
1713 5792 1881 5849 carm.
1929 5794 2110 5832 seuar.
2138 5775 2274 5849 adv.
2308 5777 2575 5849 _Apol|iu.,
2613 5781 2779 5847 epist.
2814 5780 2899 5835 ad.
2935 5780 3087 5836 Cled.
3130 5789 3185 5835 et
3219 5779 3365 5836 alibi.
3466 5781 3486 5814 ³
3511 5778 3654 5840 Gen.

395 5866 538 5918 χινι,
565 5847 653 5915 ‘27,
676 5867 765 5920 ap.
793 5849 967 5915 LXX;
1005 5851 1125 5903 Act.
1159 5865 1251 5914 vn,
1293 5851 1372 5903 Η.
1451 5847 1472 5880 ῖ
1494 5849 1593 5903 lsa.
1623 5865 1704 5913 ιιι,
1735 5848 1806 5914 5;
1852 5847 1959 5901 Luc

2067 5867 2094 5913 ι,
2122 5848 2172 5901 6.
2254 5847 2452 5903 ’Joan.
2497 5865 2613 5917 vm,
2648 5852 2739 5905 40.
