4094 6300
450 361 557 427 937

1410 363 1790 426 PANOPLIA
1832 365 2291 432 DOGMATICA.
2323 363 2558 435 -ζΤΙἬ
2604 369 2755 432 XIV.

3608 371 3713 433 938

437 472 558 532 πῶς
586 468 884 534 τεονεῶτος
920 469 1087 524 αὐτοῦ
1119 471 1372 535 τοσοῦτος
1406 466 1475 542 ἦν
1507 473 1565 526 ὲν
1596 475 1708 537 τοῖς
1746 475 2011 544 στοιχείοις

2136 476 2236 532 fuit
2281 479 2567 535 clementis
2616 478 2995 550 perturbatio?
3026 476 3115 534 Sol
3154 481 3295 536 enim
3350 482 3528 538 radios
3587 500 3716 537 con-

432 562 463 614 6
490 562 750 633 86po€o;;
776 560 837 616 '0
871 562 968 631 μὲν
992 563 1101 633 γὰρ
1128 564 1279 634 ἥλιος
1303 564 1400 628 τὰς
1426 566 1650 630 ἀκτῖνας
1680 567 2018 636 συνέστελλε,

434 657 534 711 καὶ
562 659 617 709 ὲν
648 656 836 727 ἡμέρᾳ
870 655 1059 718 σκότος
1089 657 1374 727 εἰργάζετο
1398 697 1411 722 ,
1444 660 1478 729 ἡ
1509 659 1564 711 δὲ
1598 659 1682 728 γῆ,
1702 660 1791 713 τὸν
1821 661 2021 731 ἑαυτῆς

433 749 716 816 Δεσπότην
746 749 931 819 ὸρῶσα
960 748 1111 815 παρὰ
1136 750 1242 802 τῶν
1278 750 1549 805 Ἰουδαίων
1577 753 2020 823 ὲμπαροινούμε-

433 858 528 894 νο)
566 842 811 911 ἐσχίζετο
838 857 851 871 ο
890 841 1071 911 ἀφῆκε
1107 841 1162 894 δὲ
1199 843 1293 896 καὶ
1329 844 1356 896 6
1393 843 1524 915 ᾅδης
1561 844 1661 908 τὰς
1699 845 1809 899 τῶν
1846 845 2019 914 ἁγίων

431 934 630 1003 ψυχάς.
671 932 825 996 Τίνος
858 931 1034 985 ταῦτα
1066 932 1384 1001 ποιοῦντος;
1418 931 1508 1005 ἆρ’
1530 936 1649 1007 οὐχὶ
1684 936 1855 1004 Θεοῦ;
1886 938 2019 1003 Θεὸς

433 1026 543 1095 γὰρ
572 1020 639 1095 ἦν
671 1026 729 1076 ὲν
759 1024 946 1094 σαρκὶ,
973 1015 1017 1092 ᾧ
1045 1024 1141 1077 καὶ
1171 1026 1203 1095 ἡ
1237 1024 1411 1092 κτίσις
1442 1026 1789 1100 ὑϐριζομένῳ
1817 1030 2018 1099 τρόπον

432 1118 559 1172 τινὰ
597 1118 952 1187 συιωρίζετο.

504 1208 614 1264 Καὶ
636 1209 717 1263 σὺ
736 1251 750 1276 ,
772 1210 1035 1281 παιδίον,
1058 1212 1259 1282 προερή
1270 1230 1376 1279 της
1406 1212 1689 1282 Ὑψίστου
1712 1214 2016 1284 κληθήσῃ.

432 1302 826 1370 Προπορεύσῃ
862 1303 971 1372 γὰρ
1008 1308 1122 1372 πρὸ
1160 1303 1487 1371 προσώπου
1529 1307 1747 1374 Κυρίου
1782 1306 2017 1378 ἑτοιμά-

433 1408 540 1446 σαι
582 1393 763 1459 ὀδοὺς
801 1395 1009 1461 αὐτοῦ,
1050 1398 1155 1451 τοῦ
1200 1396 1410 1451 δοῦναι
1454 1396 1683 1466 γνῶσιν
1716 1401 2018 1468 σωτηρίας

432 1485 515 1549 τῷ
548 1483 674 1550 λαῷ
708 1485 895 1539 αὑτοῦ
928 1486 998 1540 ἐν
1026 1488 1239 1557 ἀφέσει
1273 1490 1573 1560 ἁμαρτιῶν
1601 1490 1818 1550 αὐτῶν.
1851 1495 2017 1565 Προε-

434 1574 619 1638 6ἀδιζε
650 1577 757 1646 γὰρ
789 1575 883 1629 τοῦ
917 1574 1157 1647 Χριστοῦ
1178 1621 1191 1642 ,
1228 1580 1321 1632 καὶ
1352 1578 1517 1631 αὑτοῦ
1550 1580 1743 1649 γέγονε
1777 1583 2015 1654 πρόδρο-

437 1685 559 1737 μος,
588 1669 679 1721 καὶ
707 1668 855 1739 αὐτῷ
884 1669 984 1735 τὰς
1012 1670 1164 1734 ὁδοὺς
1197 1670 1699 1741 προετοιμάζεσθαι
1729 1674 2016 1745 διεκήρυτ-

433 1777 526 1823 τε,
559 1763 648 1814 καὶ
682 1761 772 1813 τὸν
804 1760 888 1813 ἐπ’
915 1762 1063 1831 αὐτῷ
1096 1764 1435 1834 προεφήτευε
1472 1763 1629 1834 λόγον
1660 1766 2011 1838 ἐπιστρέφων

432 1852 508 1917 ὡς
543 1853 634 1905 ἐπὶ
669 1852 838 1921 Θεὸν,
867 1853 1112 1907 δικαιοῦν
1149 1854 1403 1925 ἰσχύοντα
1436 1856 1559 1920 τοὺς
1593 1860 1649 1909 ἐν
1680 1858 2006 1929 ἁμαρτίαις.

434 1938 569 1996 Εἶτα
599 1943 719 2006 πῶς
747 1942 807 1996 οὐ
841 1942 973 2007 Θεὸς
1006 1945 1032 1996 6
1057 1944 1329 2015 Χριστός;

521 2035 832 2105 Ἐπιγνοὺς
864 2034 932 2089 δέ
959 2037 992 2090 ὀ
1020 2036 1252 2105 Ἰησοῦς
1281 2036 1419 2104 τοὺς
1450 2037 1880 2112 διαλογισμοὺς
1909 2046 2012 2099 αὐ·

432 2125 571 2189 τῶν,
605 2124 735 2181 εἷπε
768 2128 920 2196 πρὸς
951 2128 1206 2194 αὐτοὺς,
1250 2129 1310 2183 Τί
1342 2129 1750 2201 διαλογίζεσθε
1782 2135 1852 2190 ἐν
1883 2137 2013 2203 ταῖς

433 2223 703 2292 καρδίαις
749 2223 951 2291 ὑμῶν;
1003 2224 1063 2277 Τί
1104 2223 1277 2279 ἐστιν
1316 2226 1752 2296 εὐκοπώτερον,
1796 2232 2011 2299 εἰπεῖν,

444 2315 768 2382 Ἀφέωνταί
784 2332 883 2369 σοι
903 2317 963 2369 αἱ
980 2301 1261 2385 ἁμαρτίαι
1275 2332 1417 2383 σου,
1436 2319 1473 2387 ἢ
1494 2320 1707 2384 εἰπεῖν,
1726 2322 2009 2390 Ἔγειραι,

431 2406 531 2459 καί
557 2406 861 2475 περιπάτει
878 2423 897 2471 ;
915 2408 1049 2466 Ἵνα
1072 2408 1141 2462 δὲ
1164 2408 1385 2478 εἰδῆτε,
1409 2410 1495 2464 ἔτι
1521 2411 1813 2475 ἐξουσίαν
1831 2414 1955 2484 ἔχει
1980 2418 2012 2470 d

439 2499 575 2564 Υἱὸς
608 2499 716 2553 τοῦ
755 2500 1072 2568 ἀνθρώπου
1111 2500 1211 2555 ἐπὶ
1247 2501 1360 2571 τῆς
1399 2502 1512 2573 τῆς
1547 2504 1785 2574 ἀφιέναι
1826 2508 2011 2577 ἀμαρ-

433 2594 585 2659 τίας,
613 2588 743 2647 εἶπε
765 2592 845 2659 τῷ
874 2594 1283 2663 παραλυτικῷ,
1312 2595 1412 2650 Σοί
1438 2596 1616 2667 λέγω,
1641 2598 1887 2669 ἐγείραι,
1913 2606 2012 2657 καί

430 2686 760 2753 περιπάτει,
801 2687 899 2740 καὶ
943 2686 1092 2755 ἄρας
1131 2687 1199 2742 τὸ
1243 2688 1545 2744 κλινίδιόν
1585 2705 1703 2747 σου
1750 2696 2011 2762 πορεύου

429 2779 519 2842 εἰς
550 2778 654 2831 τὸν
681 2774 851 2831 οἶκόν
877 2793 1017 2834 σου.
1050 2779 1114 2832 Εἰ
1146 2778 1309 2849 μόνος
1335 2782 1484 2852 ἡμᾶς
1517 2784 1544 2835 6
1572 2782 1681 2838 τῶν
1712 2784 1849 2841 ὅλων
1882 2788 2013 2851 Θεὸς

429 2868 764 2922 ἀπαλλάττει
790 2868 1284 2941 πλημμελημάτων
1306 2911 1321 2937 ,
1350 2871 1522 2945 ἑτέρῳ
1551 2874 1860 2943 πρέποντος
1886 2881 2011 2933 τού-

428 2978 527 3013 του
576 2960 788 3032 μηδενὶ,
836 2962 1124 3033 χαρίζεται
1167 2964 1225 3018 δὲ
1269 2968 1365 3020 καὶ
1407 2965 1569 3020 τοῦτο
1611 2968 1850 3038 Χριστὸς
1896 2972 2014 3041 μετ’

428 3053 682 3117 ἐξουσίας
711 3054 1077 3125 θεοπρεποῦς,
1111 3056 1230 3120 πῶς
1261 3057 1361 3111 οὐκ
1390 3056 1458 3113 ἂν
1488 3058 1576 3131 εἴη
1604 3059 1733 3126 Θεός
1760 3080 1773 3129 ;
1804 3063 2015 3136 Κέκ).η-

2126 570 2316 636 traxit,
2402 579 2456 627 et
2511 572 2563 627 in
2601 571 2688 627 die
2749 570 3000 627 tenebras
3046 569 3253 626 cl‘fndit.
3306 570 3477 628 Terra
3535 586 3712 629 autem

2122 677 2281 717 suum
2343 663 2511 732 ipsius
2532 664 2818 720 Dominum
2880 677 3110 719 cernens
3137 679 3165 717 a
3201 660 3403 719 Iudaeis
3433 676 3711 731 vexatum,

2121 756 2293 813 scissa
2325 767 2429 812 est.
2486 754 2550 811 Ει
2574 757 2821 813 infernus
2874 765 3186 813 sanctorum
3223 756 3432 811 animas
3506 759 3708 812 emisit.

2122 847 2373 915 Quonam
2404 848 2521 903 haec
2549 848 2888 918 perﬁciente,
2918 846 3024 901 nisi
3058 847 3168 904 Deo
3196 849 3220 901 ?
3252 845 3393 903 Deus
3422 848 3566 903 enim
3597 860 3712 902 erat

2121 938 2175 993 in
2198 953 2363 995 carne
2396 941 2523 1009 :qni
2559 955 2681 995 cum
2710 938 3017 996 afﬁceretur
3053 938 3405 1005 contumelia,
3432 955 3522 997 res
3548 941 3694 993 etian

2122 1042 2417 1103 procreatzr
2458 1031 2964 1088 commovebantur.

2192 1207 2263 1261 Et
2288 1216 2366 1274 tu,
2395 1225 2548 1277 puer,
2570 1212 2820 1279 propheta
2846 1209 3108 1264 Altissimi
3148 1210 3440 1273 vocaberis,
3496 1210 3708 1279 pra’a'bi':

2117 1304 2253 1356 enim
2284 1312 2403 1357 ante
2420 1302 2607 1371 faciem
2636 1301 2846 1357 Domini
2868 1318 3059 1368 parare
3074 1301 3182 1356 vias
3212 1300 3345 1368 ejus,
3381 1303 3448 1355 ad
3477 1302 3709 1353 dandam

2117 1391 2389 1445 scientiam
2424 1392 2613 1447 salutis
2643 1391 2834 1461 papula
2870 1392 2984 1460 ejus
3042 1391 3096 1444 in
3119 1392 3477 1445 remissionem
3525 1406 3692 1459 perra-

2120 1492 2297 1537 t0rum
2361 1483 2597 1554 ipsorum
2646 1485 2685 1535 ¹.
2732 1482 2953 1536 Prmivit
2996 1482 3143 1537 enim
3194 1482 3440 1546 Christo,
3468 1491 3521 1536 et
3587 1484 3710 1550 eius

2119 1590 2417 1645 praecursor
2438 1577 2612 1630 factus
2629 1573 2807 1631 est.Et
2825 1574 3015 1639 edixit,
3037 1586 3090 1628 ut
3109 1583 3436 1645 pararentur
3451 1574 3547 1627 viae
3574 1576 3708 1643 ejus.

2117 1667 2182 1723 Et
2232 1668 2455 1724 verbum
2537 1668 2605 1722 de
2649 1669 2764 1737 ipso
2853 1668 3180 1723 vaticinatus
3222 1678 3325 1732 cst,
3385 1679 3711 1724 convertens

2119 1778 2379 1833 tanquam
2426 1764 2491 1815 ad
2531 1763 2721 1827 Deum,
2789 1762 2879 1832 qui
2926 1759 3331 1829 potestfjustos
3380 1758 3592 1814 elliccre
3616 1776 3712 1814 eos

2117 1856 2275 1925 quiin
2298 1853 2536 1923 peccatis
2578 1854 2959 1908 versabantur.
3008 1850 3289 1917 Quomodo
3340 1852 3501 1921 igitur
3553 1851 3709 1905 (Ἀιτὶ-

2116 1957 2233 2003 stus
2264 1936 2370 2002 πίοι)
2428 1954 2512 2002 est
2538 1946 2721 2000 Deus?

2184 2038 2511 2111 Cognoscens
2570 2047 2743 2093 autem
2774 2039 2929 2092 Jesus
2986 2039 3331 2110 cogitationes
3361 2054 3568 2100 eorum,
3629 2052 3709 2090 re-

2114 2136 2326 2202 spondit
2357 2134 2536 2189 dicens
2559 2135 2628 2187 ad
2654 2150 2740 2188 eos
2760 2150 2778 2187 :
2810 2134 2951 2199 Quid
2999 2144 3075 2189 est
3098 2136 3308 2204 [acilius
3371 2136 3563 2201 dicere,
3611 2134 3707 2188 Di-

2114 2226 2398 2278 mittuntur
2428 2224 2522 2277 tibi
2554 2234 2767 2293 peccuta
2801 2233 2914 2287 tua,
2942 2241 3009 2278 an
3054 2226 3248 2289 dicere,
3277 2225 3467 2294 Surge,
3502 2234 3551 2278 et
3584 2242 3703 2277 am-

2116 2317 2281 2372 bula?
2315 2314 2380 2370 Ut
2404 2325 2579 2370 autem
2610 2318 2818 2379 sciat's,
2870 2315 3075 2370 Filium
3129 2317 3358 2370 hominis
3393 2316 3582 2369 habere
3612 2333 3709 2383 po-

2115 2415 2352 2462 testatem
2393 2408 2447 2460 in
2490 2416 2633 2460 terra
2681 2408 2981 2461 dimittendi
3052 2417 3293 2476 peccata,
3338 2408 3711 2478 dixitparaty-

2115 2500 2219 2554 tico
2253 2515 2270 2554 :
2305 2498 2422 2553 Tibi
2454 2499 2597 2567 dico,
2626 2515 2801 2569 surge,
2838 2509 2888 2553 et
2915 2501 3149 2565 ambula,
3179 2498 3226 2555 et
3251 2500 3471 2572 grabato
3506 2501 3710 2553 sublato

2116 2594 2246 2650 vade
2268 2595 2323 2647 in
2350 2593 2564 2647 domum
2609 2602 2753 2646 tuam
2787 2595 2830 2647 ⁸.
2858 2591 2913 2647 Si
2944 2593 3090 2647 solus
3109 2608 3206 2647 nos
3258 2607 3439 2647 rerum
3466 2591 3708 2648 omnium

2116 2691 2258 2746 Deus
2289 2690 2482 2745 liberat
2518 2704 2546 2743 a
2576 2688 2840 2760 peccatis,
2868 2690 3009 2758 quod
3033 2688 3123 2742 alii
3152 2698 3347 2757 praeter
3370 2687 3545 2757 ipsum
3576 2702 3709 2740 ron-

2115 2782 2259 2852 gruit
2282 2779 2511 2848 nemini,
2542 2780 2648 2836 hoc
2692 2760 3156 2851 autemelargitnr
3187 2779 3435 2834 Christus
3465 2793 3587 2833 cum
3608 2792 3708 2832 au-

2115 2875 2370 2930 ctoritate
2394 2873 2502 2928 Deo
2519 2880 2873 2943 congruente,
2894 2873 2985 2941 qui
3004 2871 3118 2927 ﬁeri
3143 2880 3341 2942 p0test,
3362 2880 3419 2926 ut
3443 2870 3585 2926 Deus
3600 2884 3706 2925 non

2116 2968 2186 3024 sit
2214 2965 2239 3021 2
2299 2965 2537 3023 Vocatus
2560 2974 2645 3022 est
2689 2973 2870 3020 autem
2892 2962 3062 3021 Filius
3096 2964 3356 3028 hominis,
3383 2965 3510 3035 quia
3536 2981 3711 3036 quan-

2118 3067 2229 3111 tum
2249 3058 2315 3114 ad
2335 3071 2551 3113 carnem
2575 3056 2788 3122 attinet,
2805 3065 2985 3112 natum
3006 3066 3175 3113 estex
3196 3056 3424 3115 muliere
3448 3057 3707 3124 Verbum,

428 3162 521 3199 ται
558 3145 617 3199 δὲ
656 3146 786 3210 Υἱὸς
819 3146 1111 3218 ἀνθρώπου
1150 3149 1435 3219 γεννηθεὶς
1469 3152 1533 3205 ἐκ
1569 3154 1829 3220 γυναικὸς
1870 3159 2011 3211 κατὰ

2117 3166 2145 3202 e
2160 3168 2180 3200 ς
2193 3150 2386 3203 sistens
2416 3146 2582 3202 Deus.

431 3235 633 3307 σάρκα,
667 3237 846 3291 καίτοι
879 3237 1012 3300 Θεὸς
1038 3238 1114 3292 ὣν
1140 3240 1167 3292 6
1198 3240 1392 3307 Λόγος.

492 3330 681 3393 Αὐτὸς
712 3329 781 3383 δὲ
811 3333 843 3384 ὁ
878 3329 1122 3398 Ἰησοῦς
1154 3332 1265 3385 οὐκ
1296 3332 1665 3388 ἐπίστευσεν
1694 3334 1880 3389 αὐτὸν
1906 3342 2013 3392 αὐ-

428 3418 555 3485 τοῖς
587 3420 683 3473 διὰ
714 3420 782 3474 τὸ
816 3421 1005 3475 αὑτὸν
1034 3420 1353 3489 γινώσκειν
1382 3420 1649 3490 πάντας,
1683 3426 1781 3480 καὶ
1816 3426 1905 3480 ὅτι
1940 3431 2011 3484 οὐ

429 3514 639 3583 χρείαν
661 3510 846 3581 εἶχεν,
875 3514 975 3567 ἵνα
1001 3532 1090 3581 τις
1114 3514 1469 3585 μαρτυρήσῃ
1499 3517 1631 3586 περί
1660 3518 1766 3573 τοῦ
1792 3520 2013 3589 ἀνθρώ-

430 3621 568 3661 που.
601 3605 791 3672 Αὐτὸς
818 3606 925 3676 γὰρ
951 3606 1245 3677 ἐγίνωσκε
1264 3647 1278 3671 ,
1308 3606 1364 3659 τί
1392 3602 1469 3677 ἦν
1492 3608 1562 3661 ἐν
1591 3609 1670 3675 τῷ
1700 3610 2007 3679 ἀνθρώπῳ.

430 3701 567 3769 Περὶ
594 3699 727 3752 Θεοῦ
758 3699 1096 3769 γέγραπται,
1135 3699 1201 3753 '0
1228 3700 1479 3766 πλάσας
1509 3701 1660 3757 κατὰ
1683 3704 1877 3773 μόνας
1902 3706 2009 3773 τὰς

430 3794 677 3864 καρδίας
717 3792 940 3847 αὐτῶν.
980 3793 1090 3847 Καὶ
1133 3793 1294 3858 αὐτὸς
1334 3793 1390 3848 δέ
1431 3793 1533 3846 πού
1576 3813 1730 3865 φησι,
1770 3796 1864 3867 Μὴ
1905 3798 2008 3851 ἀπ’

428 3884 575 3953 ἐμοῦ
604 3883 971 3952 κρυϐήσεταί
999 3900 1126 3949 τις;
1154 3882 1217 3936 Εἰ
1246 3885 1302 3937 δὲ
1330 3882 1539 3947 πάντας
1569 3886 1882 3954 ἐπίσταται,
1914 3889 2007 3942 καὶ

428 3971 536 4030 οἶδε
569 3976 638 4029 τὰ
672 3978 731 4030 ὲν
760 3975 838 4046 τῷ
873 3975 1180 4046 ἀνθρώπῳ,
1219 3976 1335 4041 πῶς
1370 3977 1471 4029 οὐκ
1507 3976 1574 4030 ἂν
1605 3977 1689 4049 εἴη
1730 3978 1896 4043 Θεὸς,
1932 3982 2006 4044 ὡς

426 4068 661 4136 καρδίας
692 4068 898 4134 ὲτάζων
929 4069 1022 4123 καὶ
1052 4067 1325 4139 νεφρούς;

510 4160 717 4229 Ἀμὴν,
752 4159 933 4230 ἀμὴν,
967 4160 1122 4229 λέγω
1156 4159 1319 4229 ὑμῖν,
1355 4159 1389 4213 d
1422 4160 1734 4213 πιστεύων
1760 4163 1846 4226 εἰς
1878 4161 2003 4230 ἐμὲ,

430 4256 501 4310 τὰ
533 4258 677 4326 ἔργα
709 4255 749 4311 ἂ
780 4257 893 4327 ἐγὼ
926 4257 1094 4320 ποιῶ,
1133 4256 1411 4322 κάκεῖνος
1444 4255 1709 4324 ποιήσει,
1746 4257 1841 4310 καί
1873 4259 2003 4325 μεί-

428 4349 565 4410 ζονα
596 4349 825 4401 τούτων
856 4349 1131 4417 ποιήσει,
1172 4348 1260 4402 ὅτι
1297 4348 1411 4415 ἐγὼ
1449 4346 1600 4415 πρὸς
1633 4347 1740 4401 τὸν
1776 4346 2006 4416 Πατέρα

423 4459 541 4511 μου
576 4442 933 4510 πορεύομαι,
971 4441 1067 4496 καί
1093 4441 1124 4494 ὅ
1147 4458 1199 4494 τι
1234 4439 1311 4493 ἂν
1345 4439 1636 4507 αἰτήσητε
1668 4439 1737 4492 ἐν
1770 4438 1849 4505 τῷ
1867 4440 2004 4493 ὀνό-

2185 3326 2304 3395 lpse
2328 3337 2501 3380 autem
2522 3328 2678 3380 Iesus
2711 3342 2815 3381 non
2866 3326 3109 3381 credebat
3134 3344 3189 3380 se
3227 3330 3395 3397 ipsum
3420 3330 3495 3383 eis
3516 3371 3529 3393 ,
3581 3332 3707 3401 quia

2113 3420 2452 3491 cognoscebat
2487 3408 2685 3479 omnes.
2717 3434 2808 3473 nec
2866 3434 2995 3488 opus
3029 3419 3279 3484 habebat,
3318 3431 3375 3475 ut
3431 3422 3707 3492 quisquam

2114 3514 2467 3569 testimonium
2504 3514 2586 3568 illi
2625 3513 2690 3568 de
2735 3514 2947 3569 homine
3020 3514 3340 3584 Perhiberet.
3396 3514 3517 3585 Ipse
3569 3518 3709 3571 enim

2108 3606 2323 3672 sciebat,
2353 3604 2481 3675 quid
2514 3617 2645 3660 esset
2673 3605 2727 3659 in
2760 3606 2969 3660 homine
2995 3603 3037 3659 ⁸.
3113 3606 3190 3662 De
3251 3606 3361 3662 Deo
3441 3608 3704 3677 scriptum

2110 3709 2191 3753 est
2226 3715 2238 3751 :
2283 3698 2386 3763 Qui
2418 3698 2577 3767 ﬁnxit
2612 3696 2894 3767 sigillatim
2924 3697 3086 3751 corda
3122 3699 3357 3765 ipsorum
3427 3698 3474 3751 ⁸.
3513 3699 3580 3753 Et
3629 3701 3707 3768 ip-

2108 3799 2168 3840 se
2197 3786 2427 3855 quodam
2463 3785 2580 3839 loco
2617 3803 2630 3838 :
2669 3783 2834 3852 Num,
2871 3786 3067 3854 inquit,
3092 3802 3124 3838 a
3149 3802 3228 3839 me
3265 3788 3548 3856 quisquam
3584 3789 3708 3843 abs-

2113 3877 2365 3929 conditur
2396 3879 2416 3909 ⁸
2456 3876 2479 3927 ?
2529 3874 2681 3941 Quod
2732 3876 2776 3929 si
2805 3890 2995 3930 omnes
3029 3874 3189 3928 habet
3220 3877 3486 3945 cognitos,
3530 3889 3583 3931 et
3614 3892 3710 3931 no-

2113 3968 2189 4021 vit
2223 3982 2344 4037 quze
2376 3976 2501 4022 sunt
2527 3966 2581 4019 iu
2606 3968 2847 4033 homine,
2884 3980 3063 4022 nonne
3088 3966 3225 4022 Deus
3255 3975 3359 4035 est,
3396 3968 3485 4036 qui
3540 3970 3706 4025 corda

2108 4069 2387 4114 scrutatur
2435 4068 2489 4111 et
2530 4058 2730 4111 renes?

2175 4151 2368 4212 Amen,
2400 4165 2555 4202 amen
2583 4150 2705 4204 dico
2740 4148 2911 4211 vobis,
2963 4155 3056 4219 qui
3108 4152 3278 4205 credit
3304 4155 3357 4208 in
3392 4173 3491 4219 me,
3526 4174 3706 4225 opera,

2105 4260 2219 4313 qum
2243 4258 2334 4310 ego
2367 4240 2523 4309 facio,
2596 4252 2643 4295 et
2702 4240 3001 4311 ipsefnciet,
3056 4253 3102 4297 et
3153 4245 3359 4312 majora
3407 4250 3487 4302 his
3527 4249 3708 4318 faciet,

2108 4334 2369 4399 Quoniam
2397 4350 2487 4404 ego
2526 4332 2595 4386 ad
2630 4332 2844 4388 Patrem
2882 4335 3035 4400 vado,
3068 4348 3115 4391 et
3146 4337 3490 4410 quodcunque
3544 4349 3709 4411 petie-

2109 4428 2223 4480 ritis
2264 4427 2316 4479 in
2348 4429 2555 4480 nomine
2602 4442 2738 4493 meo,
2772 4426 2971 4497 faciam
3013 4429 3157 4483 vobis
3216 4431 3258 4485 ⁸.
3321 4431 3601 4489 Proﬁcisci
3651 4452 3709 4489 se

423 4535 568 4603 ματί
606 4552 747 4602 μου,
791 4532 966 4587 τοῦτο
1011 4534 1265 4599 ποιήσω.
1307 4532 1646 4602 Πορεύεσθαί
1689 4550 1820 4602 φησι
1863 4530 2002 4600 πρὸς

2114 4520 2233 4576 dicit
2272 4522 2336 4574 ad
2371 4520 2582 4577 Patrem
2611 4520 2797 4577 Filius.
2832 4520 3019 4592 Atqui,
3049 4533 3107 4578 ut
3139 4524 3296 4592 Deus,
3334 4527 3523 4597 implet
3592 4546 3709 4584 om-

427 4626 519 4679 τὸν
554 4627 795 4696 Πατέρα,
824 4625 1002 4678 καίτοι
1030 4626 1190 4693 φύσει
1217 4624 1348 4688 Θεὸς
1379 4623 1644 4695 ὑπάρχων
1672 4626 1700 4677 6
1733 4623 1883 4687 Υἰὸς,
1909 4624 2004 4677 καὶ

2114 4615 2216 4670 nia.
2249 4613 2435 4682 Itaque
2468 4615 2832 4686 proﬁciscitur
2862 4625 3118 4686 tanquam
3174 4618 3356 4674 homo.
3386 4621 3710 4691 Assumptus

426 4715 589 4777 αὐτὸς
618 4718 645 4769 6
670 4716 739 4769 τὰ
768 4716 949 4769 πάντα
980 4713 1225 4785 πληρῶν.
1263 4712 1563 4784 Πορεύεται
1588 4714 1769 4767 τοίνυν
1795 4713 2004 4783 ἀνθρω-

2103 4708 2245 4762 enim
2278 4716 2360 4763 cst
2390 4707 2443 4762 in
2476 4709 2694 4765 coelum.
2730 4706 2931 4763 Verum
2977 4718 3037 4763 ut
3105 4710 3245 4766 Deus
3278 4710 3560 4783 pollicetur
3613 4716 3712 4768 im-

426 4808 621 4871 πίνως.
650 4807 952 4877 Ἀνελήφθη
972 4806 1081 4875 γὰρ
1109 4807 1185 4869 εἰς
1207 4807 1299 4859 τὸν
1321 4805 1570 4875 οὐρανόν.
1602 4805 1743 4860 Ἀλλ’
1767 4805 1842 4870 ὡς
1868 4805 2004 4869 Θεὸς

2114 4801 2371 4871 pleturum
2402 4817 2461 4857 se
2491 4803 2825 4872 precantium
2853 4802 3140 4872 postulata,
3172 4804 3217 4858 si
3273 4804 3325 4858 in
3368 4805 3585 4860 nomine
3611 4823 3713 4861 suo

425 4900 828 4968 ἐπαγγέλλεται
864 4899 1110 4970 πληροῦν
1143 4899 1210 4953 τὰ
1242 4900 1522 4970 αἰτήματα
1554 4899 1663 4952 τῶν
1693 4916 2002 4969 προσερχο-

429 4994 607 5060 μένων
628 5032 643 5055 ,
679 4995 727 5045 εἰ
762 4994 817 5045 ὲν
848 4991 928 5061 τῷ
960 4991 1187 5061 ὀνόματι
1220 4991 1388 5043 αὑτοῦ
1424 4991 1664 5043 ποιοῖντο
1694 4991 1793 5053 τὰς
1825 4990 2001 5051 λιτάς.

429 5080 561 5135 Εἶτα
593 5084 699 5137 τίνι
739 5083 805 5137 ἂν
843 5085 1043 5153 πρέποι
1079 5082 1139 5135 τὸ
1181 5080 1424 5153 πληροῦν
1460 5081 1626 5152 εὐχὰς
1667 5081 1877 5149 ἁγίων,
1915 5079 2014 5133 καὶ

426 5174 751 5245 χαρίζεσθαι
790 5175 858 5227 τὰ
899 5176 1215 5245 αἰτήματα,
1259 5172 1401 5244 πλὴν
1439 5173 1521 5227 ὅτι
1564 5172 1710 5243 μόνῳ
1747 5171 1825 5242 τῷ
1869 5170 2013 5225 κατὰ

426 5268 588 5338 φύσιν
619 5269 712 5322 καὶ
740 5267 934 5337 ἀληθεί
964 5268 1079 5319 ὄντι
1113 5265 1270 5337 Θεῷἶ

494 5360 655 5427 Αὕτη
689 5360 755 5416 δέ
791 5362 965 5414 ἐστιν
1000 5358 1037 5426 ἡ
1075 5357 1312 5424 αἰώνιος
1349 5358 1460 5424 ζωὴ
1482 5398 1495 5420 ,
1532 5358 1631 5411 ἵνα
1668 5355 2013 5427 γινώσκωσι

330 5510 333 5511 ν
422 5466 499 5503 σε
527 5453 631 5505 τὸν
657 5453 849 5522 μόνον
876 5450 1169 5517 ἀληθινὸν
1200 5449 1370 5514 Θεὸν,
1406 5449 1503 5502 καί
1539 5447 1613 5501 ὃν
1639 5450 2007 5514 ἀπέστειλας

437 5543 684 5610 Ἰησοῦν
713 5545 991 5612 Χριστόν.
1022 5542 1083 5594 Εἰ
1112 5544 1179 5613 τῇ
1213 5540 1510 5609 ἐπιγνώσει
1541 5541 1633 5594 τοῦ
1668 5541 1831 5611 μόνου
1864 5540 2002 5594 Θεοῦ

422 5629 781 5701 συνεζεῦχθαί
810 5647 869 5683 τε
920 5631 1015 5684 καὶ
1072 5629 1471 5682 συνεισϐαίνειν
1504 5630 1720 5700 ἀνάγκη
1751 5630 1848 5700 τὴν
1880 5630 2001 5682 ἐπί-

497 5772 511 5801 ¹
544 5768 678 5827 Luc.
710 5786 748 5834 t,
781 5773 869 5836 76,
906 5772 995 5825 77.
1125 5773 1143 5801 ¹
1176 5771 1360 5824 Matth.
1393 5787 1466 5832 ιχ,
1500 5769 1608 5823 46.

423 5838 444 5871 ⁸
500 5839 655 5896 JOan.
708 5858 819 5900 xw.
874 5843 963 5906 12,
1003 5842 1088 5896 l3.
1167 5840 1370 5896 ’⁷.Ιι›;ηι.
1411 5842 1625 5905 xm,3.

705 5938 973 5997 Pn'noL.
1006 5940 1119 5997 Gn.
1152 5933 1392 5995 CXXX.

1747 5771 1767 5802 ³
1795 5768 1951 5827 Joan.
1984 5785 2043 5835 ll,
2097 5768 2189 5831 9.4,

2105 4906 2301 4962 preces
2328 4892 2634 4947 ell'utlerint.
2674 4891 2773 4946 Cui
2802 4902 2984 4947 autem
3009 4894 3265 4949 convenit
3315 4904 3437 4951 vota
3494 4909 3712 4951 sancto-

2113 4997 2234 5036 rum
2267 4983 2515 5051 explere,
2546 4992 2601 5037 et
2644 4998 2766 5052 quae
2835 4981 3201 5052 postulantur,
3232 4982 3480 5056 elargiri,
3510 4988 3614 5041 nisi
3660 4985 3708 5041 ei

2110 5074 2201 5142 qui
2235 5073 2385 5128 solus
2406 5083 2668 5127 etuatura
2704 5082 2759 5126 et
2803 5073 3033 5130 veritate
3053 5085 3140 5130 est
3165 5076 3354 5133 Deus?

2198 5352 2325 5405 11(ιέ
2352 5361 2525 5405 autem
2555 5362 2630 5407 est
2664 5355 2765 5408 vita
2794 5369 3013 5421 aeterna.
3046 5369 3101 5412 ut
3127 5371 3445 5429 cognoscant
3468 5372 3515 5415 te
3540 5362 3708 5416 solum

2116 5461 2287 5498 rerum
2322 5443 2506 5510 Dcunt,
2535 5454 2581 5498 ct
2610 5462 2761 5515 quem
2810 5451 3046 5512 misisti,
3103 5451 3282 5504 Jesum
3338 5448 3611 5505 Christum
3665 5460 3711 5510 ⁷.

2114 5539 2167 5591 Si
2211 5538 2375 5606 igitur
2417 5537 2586 5592 solius
2639 5539 2730 5593 Dei
2789 5542 3150 5611 cognitionem
3204 5545 3330 5597 Jesu
3364 5545 3561 5598 Christi
3615 5563 3707 5600 co-

2116 5630 2282 5698 gnitio
2322 5630 2566 5695 sequitur
2598 5632 2929 5696 necessario,
2965 5631 3123 5700 eique
3149 5633 3440 5701 conjuncta
3493 5647 3599 5702 esl,
3658 5648 3714 5693 et

2423 5766 2442 5796 ⁸
2485 5766 2830 5833 Ρετιί.ιικιι,
2884 5771 2970 5823 l5.
3093 5770 3114 5802 '
3149 5769 3313 5837 Εωτιί.
3373 5787 3562 5839 xxxn,
3617 5775 3709 5831 24.

3241 5938 3313 5997 30
