4070 6290
401 336 511 397 943

1360 349 1737 410 PANOPLIA
1782 347 2244 413 DOGMATICA.
2273 376 2340 391 -·
2385 355 2534 421 ΤΙΤ.
2576 359 2693 422 XV.

3546 370 3650 435 945

398 449 587 511 δόξαν
602 451 805 504 αι’-τοῦ.
831 453 925 505 καὶ
950 454 1324 511 ἐπίστευσαν
1341 462 1425 526 είς
1439 463 1629 515 αὐτὸν
1650 465 1703 515 ot
1717 461 1971 532 μαθηταί

2080 462 2131 515 in
2162 481 2277 519 eum
2305 467 2560 536 discipuli
2607 488 2721 540 qus
2754 472 2792 531 ⁸.
2823 471 2962 529 Num
2992 484 3051 531 ιιι
3082 477 3134 532 in
3173 475 3446 537 hominem
3489 501 3651 542 sanc'

397 541 610 597 αὑτοῦ.
632 543 672 594 Γ
675 546 923 611 εγονότος
956 548 1063 616 ἄρα
1100 548 1193 603 τοῦ
1222 552 1475 621 σημείου,
1498 554 1594 611 καὶ
1627 557 1979 628 φανερώσαν-

398 649 489 696 τος
519 633 618 703 τὴν
645 634 804 700 δόξαν
836 638 1022 704 αὑτοῦ,
1060 642 1135 704 ὡς
1180 645 1260 711 είς
1293 645 1414 699 τίνα
1460 649 1895 706 πεπιστεύκασιν
1924 654 1975 706 ot

404 727 648 796 μαθηταὶ
677 729 866 793 αὐτοῦ,
902 727 992 802 ἆρ’
1025 732 1098 798 ὡς
1131 737 1222 799 είς,
1246 738 1542 808 ἄνθρωπον
1574 744 1730 811 ἆγιον
1753 744 1972 813 ἁπλῶς;

402 819 512 871 Καὶ
543 819 649 891 μὴν
698 822 794 876 καὶ
846 824 952 894 πρὸ
995 826 1088 880 τοῦ
1135 831 1367 901 σημείου
1415 834 1792 907 ἠκολούθησαν
1825 840 1976 911 αὑτῷ

401 907 809 979 τεθαυμακότες
848 913 921 976 ὡς
969 914 1146 982 ἅγιον.
1214 920 1376 975 Ἀλλὰ
1435 923 1724 980 τεθέανται
1756 927 1845 982 διὰ
1880 907 1975 983 τού

405 1002 632 1071 σημείου
672 1004 769 1074 τὴν
802 1005 941 1078 ὑπὲρ
962 1006 1246 1080 ἄνθρωπον
1272 1012 1500 1083 δύναμίν
1526 1032 1584 1070 τε
1606 1018 1700 1071 καὶ
1726 1019 1976 1083 ἐξουσίαν

402 1091 617 1162 ἔχοντα.
651 1096 857 1150 Οὐκοῦν
886 1102 1321 1158 πεπιστεύκασιν
1357 1106 1434 1170 ὡς
1463 1111 1544 1173 εἰς
1576 1110 1731 1167 Θεόν.
1771 1113 1976 1168 ’ἰστέον

403 1182 461 1236 δὲ
490 1183 571 1238 ὅτι
601 1185 787 1241 πολλοὶ
811 1189 918 1246 τῶν
950 1192 1122 1260 ἁγίων
1156 1195 1327 1252 πολλὰ
1364 1204 1697 1273 πεποιήκασι
1740 1207 1976 1277 παράδο-

321 1336 329 1350 Ι
403 1272 494 1340 ξα,
528 1276 619 1329 καὶ
648 1276 1077 1351 ἐθαυμάσθησαν
1110 1284 1233 1355 μὲν,
1283 1272 1557 1343 ἐπίστευε
1586 1292 1642 1345 δὲ
1671 1295 1752 1358 είς
1779 1272 1975 1358 αύτοὺς

324 1366 332 1456 Ξ
403 1365 526 1418 οὐδὲ
551 1360 652 1430 εἷς.
688 1370 839 1441 Ἔχοι
872 1371 916 1423 δ’
942 1374 1008 1427 ἂν
1038 1377 1136 1446 τὴν
1170 1379 1289 1448 ἴσην
1324 1380 1564 1437 διάνοιαν
1600 1386 1696 1439 καὶ
1726 1387 1811 1453 τὸ,
1882 1389 1977 1456 Ὡς

314 1436 333 1551 J
401 1455 473 1507 δὲ
510 1454 586 1526 ἦν
610 1459 680 1512 ἐν
718 1436 842 1528 τοῖς
881 1436 1319 1539 Ἰεροσολύμοις
1346 1475 1415 1526 ἐν
1439 1475 1518 1541 τῷ
1544 1436 1875 1548 Πιίσχα,’ἐν
1901 1436 1976 1553 τλῖῖ

401 1547 602 1619 ἑορτῇ,
637 1556 853 1610 πολλοὶ
900 1559 1273 1617 ἐπίστευσαν
1309 1568 1396 1633 εἰς
1440 1568 1502 1621 τὸ
1535 1547 1723 1640 ὄνομα
1767 1547 1974 1644 αὐτού,

402 1643 763 1711 θεωροῦντες
790 1648 978 1705 αὐτοῦ
1012 1653 1083 1707 τὰ
1108 1656 1347 1724 σημεῖα,
1378 1656 1416 1712 d
1448 1659 1657 1716 ἐποίει.

490 1732 813 1806 ’Λνέστησεν
863 1741 929 1795 ἐκ
955 1744 1164 1815 νεκρῶν
1212 1747 1305 1801 τοῦ
1342 1749 1620 1819 βασιλικοῦ
1655 1754 1749 1810 τὸν
1806 1758 1921 1813 υἱὸν
1948 1762 1974 1815 6
2000 1788 2051 1851 Β

498 1825 642 1851 .--Ἀρ
704 1830 837 1851 ,1-ηε
868 1830 899 1851 ,ι
1018 1836 1029 1851 ι
1088 1836 1112 1849 ο
1187 1843 1232 1851 ..-
1356 1842 1367 1851 .
1538 1848 1548 1851 -
1673 1849 1682 1851 ε

405 1824 664 1921 Ξίῠριστὸς,
700 1830 936 1921 εἰρηκὼς
970 1836 1140 1907 αὐτῷ’
1180 1842 1467 1908 Πορεύου,
1515 1848 1549 1899 ὁ
1586 1849 1714 1914 υἱός
1738 1852 1853 1904 σοὺ
1884 1851 1971 1921 ζῆ.

405 1909 540 1968 Εἶτα
596 1920 929 1977 πεπίστευκε
963 1930 1203 1984 πανοικί.
1262 1926 1390 2003 Ἆρ’
1433 1930 1523 1989 οὖν
1569 1937 1657 1993 διὰ
1687 1940 1786 2011 τῆς
1834 1944 1977 1999 οὕτω

407 2012 650 2082 μεγάλης
679 2018 775 2070 καὶ
811 2018 1149 2094 θεοπρεποῦς
1190 2027 1438 2092 ἐξουσίας
1470 2031 1545 2095 ὡς
1575 2035 1653 2098 είς
1688 2036 1977 2109 ἄνθρωπον

404 2104 772 2199 πεπίστευκεν
804 2110 832 2161 ὁ
868 2112 1167 2183 βασιλικὸς,
1221 2119 1251 2190 ἦ
1288 2121 1420 2174 Θεὸν
1460 2123 1602 2190 ἔγνω
1632 2104 1976 2199 κατὰνφύκν

402 2190 535 2245 ὄντα
564 2196 745 2263 αὐτὸν,
798 2203 891 2255 καὶ
920 2203 1293 2266 ζωοποιοῦντα
1335 2211 1454 2279 μετ’
1479 2210 1747 2281 ἐξουσίας,
1781 2216 1874 2282 οὓς
1909 2221 1976 2274 ἂν

402 2282 581 2338 ἕλοιτο
631 2290 722 2344 καὶ
779 2293 927 2366 μόνῳ
963 2298 1036 2366 τῷ
1070 2300 1315 2369 Mittam;
1349 2304 1488 2357 Ἀλλ’
1520 2304 1636 2360 ἔστι
1684 2309 1860 2380 δῆλον,
1893 2318 1975 2371 ὅτι

404 2378 772 2435 πεπίστευκεν
810 2385 885 2448 ὡς
924 2390 1004 2452 el;
1039 2391 1196 2449 Θεόν.

402 2567 710 2661 κινοῦμεν
769 2573 801 2626 ὃ
859 2575 1139 2646 οἴδαμεν,
1202 2583 1291 2639 ὅτι
1334 2590 1372 2657 ἠ
1426 2559 1691 2661 σωτηρία
1740 2559 1990 2652 sitsi

419 2655 717 2755 Ἰουδαίωνρ
751 2663 903 2721 ἐστί.
968 2671 1104 2743 Φαίη
1136 2691 1221 2737 τις
1261 2676 1327 2731 ἂν
1360 2655 1489 2745 ῖσως
1518 2655 1862 2755 ἀναρμοστον
1896 2687 1976 2745 et»

404 2765 495 2800 ναι
552 2753 617 2851 τῇ
670 2752 790 2835 θείᾳ
849 2775 906 2810 τε
983 2764 1075 2816 καὶ
1156 2766 1441 2842 ἀνωτόιιιιῳΔ
1490 2776 1584 2829 τοῦ
1627 2752 1819 2847 ’Λόγου
1874 2783 1976 2851 φύ-

403 2856 491 2890 σει
545 2841 606 2894 τό
663 2853 1005 2915 προσκυνεῖν.
1060 2852 1193 2910 Εἶτα
1244 2841 1404 2931 πῶς,
1464 2868 1621 2938 εἴπερ
1672 2841 1790 2926 ἐστὶ
1843 2841 1975 2941 Θεὸς

401 2931 621 3002 άληθῶς
680 2939 707 2989 6
776 2939 1031 3011 Χριστὸς,
1096 2949 1288 3005 ἑαυτὸν
1332 2958 1445 3020 τοῖς
1491 2931 1768 3029 ὀφείλουσι
1802 2931 1974 3038 προσ;

403 3027 592 3078 κυνεῖν
688 3031 880 3100 ὁρᾶται
956 3042 1338 3113 συντεταχώς;
1390 3048 1454 3102 Τί
1507 3048 1604 3105 οὖν
1678 3057 1787 3125 ἄρα
1836 3027 1974 3130 προς

2082 566 2193 608 tum
2228 559 2550 629 simpliciter
2577 564 2601 616 ?
2631 563 2869 621 Minime.
2913 566 3047 622 Nam
3070 579 3126 625 et
3155 583 3281 629 ante
3314 575 3527 644 signum
3562 594 3651 634 se-

2079 651 2190 703 cuti
2223 663 2376 706 erant
2407 655 2576 719 illum,
2614 665 2672 710 ut
2701 660 2874 712 virum
2900 670 3174 718 sanctum.
3212 664 3516 734 Conspecta
3546 685 3651 724 an-

2080 752 2185 797 tem
2225 759 2319 811 per
2336 747 2545 814 signum
2566 748 2764 806 virtute
2789 758 2843 806 et
2875 754 3114 821 potentia
3144 756 3365 825 majore,
3399 774 3562 828 quam
3592 772 3651 818 ut

2080 835 2131 887 in
2174 836 2446 890 hominem
2480 840 2721 904 caderet,
2756 843 2810 896 in
2838 842 3009 910 ipsum
3035 852 3294 916 tanquam
3333 850 3498 905 Deum
3530 868 3654 908 cre-

2078 927 2346 983 diderunt.
2379 928 2547 985 Porro
2600 933 2879 989 sciendum
2900 943 3002 1000 est,
3040 938 3238 995 multos
3293 951 3515 997 sanctos
3569 945 3651 996 vi-

2080 1035 2170 1074 ros
2203 1035 2290 1075 res
2341 1022 2540 1079 multas
2590 1024 2938 1081 admirandas
2993 1027 3211 1096 fecisse,
3278 1033 3649 1090 admirationi-

2079 1124 2184 1176 qtte
2217 1108 2409 1178 fuisse,
2441 1115 2533 1168 sed
2564 1129 2722 1169 nemo
2752 1123 2931 1171 tamen
2982 1118 3032 1173 in
3063 1121 3184 1176 illos
3215 1124 3464 1178 credidit.
3504 1126 3648 1181 Idem

2077 1214 2139 1252 ex
2164 1201 2269 1256 illis
2298 1203 2654 1273 colligendum
2682 1215 2765 1261 est
2800 1209 3021 1264 verbis:
3066 1210 3136 1264 Ut
3170 1226 3345 1267 autem
3386 1216 3484 1285 fuit
3522 1216 3650 1270 Hie-

2078 1290 2351 1360 rosolymis
2374 1294 2428 1347 in
2462 1291 2741 1362 Pascliate,
2768 1297 2820 1351 in
2851 1301 3167 1363 celebritate,
3226 1304 3379 1357 multi
3411 1307 3650 1359 credide-

2079 1392 2202 1436 runt
2257 1386 2311 1439 in
2353 1400 2538 1441 nomen
2591 1389 2729 1459 ejus,
2784 1390 3012 1447 videntes
3080 1395 3255 1464 signa,
3312 1414 3428 1466 qua:
3482 1401 3646 1468 facie-

2078 1474 2169 1531 bat
2199 1479 2240 1533 ’.

2150 1750 2417 1810 Excitavit
2443 1769 2473 1810 a
2509 1757 2735 1814 mortuis
2766 1758 2935 1830 reguli
2988 1758 3153 1814 tilium
3184 1760 3473 1817 Christus:
3538 1760 3646 1817 Va-

2078 1845 2162 1913 de,
2188 1847 2450 1915 inquiens,
2488 1848 2633 1915 ﬁlius
2682 1860 2799 1903 tuus
2819 1852 2963 1906 vivit.
3033 1853 3230 1908 Deinde
3295 1856 3511 1909 credidit
3553 1858 3650 1909 do-

2080 1953 2193 1991 mus
2234 1940 2345 2007 ejus
2378 1948 2491 1993 tota
2518 1941 2558 1994 ³.
2610 1942 2837 2011 Propter
2868 1959 3122 2012 magnam
3170 1945 3333 2014 igitur
3394 1956 3449 2002 et
3510 1947 3648 2002 divi-

2079 2044 2200 2082 nam
2224 2038 2544 2098 poteStatem
2569 2042 2822 2103 tanquam
2865 2034 3214 2091 inbominem
3269 2038 3496 2093 credidit
3558 2055 3647 2094 rc-

2076 2120 2263 2191 gulus?
2288 2139 2355 2177 an
2397 2123 2570 2192 ipsum
2604 2132 2797 2189 natura
2830 2124 2994 2179 Deum
3020 2128 3258 2195 agnovit,
3291 2139 3346 2184 et
3399 2130 3450 2185 in
3481 2132 3648 2185 vitam

2081 2222 2446 2278 revocantem,
2477 2227 2613 2280 quos
2674 2213 2853 2277 vellet,
2913 2214 3075 2284 idque
3121 2218 3285 2273 verbo
3323 2219 3477 2273 solo?
3538 2220 3643 2277 Sed

2079 2320 2200 2360 eum
2237 2313 2490 2375 tanquam
2528 2305 2579 2358 in
2606 2305 2769 2359 Deum
2804 2306 3121 2374 credidisse,
3158 2323 3261 2363 non
3290 2321 3371 2364 est
3399 2309 3647 2369 dubium.

2156 2505 2263 2561 Vos
2291 2506 2555 2569 adoratis,
2580 2504 2716 2573 quod
2753 2503 2993 2571 nescitis,
3036 2521 3131 2560 nos
3166 2506 3477 2571 adoramus,
3509 2510 3646 2576 quod

2077 2603 2291 2660 scimus,
2322 2599 2445 2668 quia
2470 2598 2615 2653 salus
2673 2613 2738 2651 ea:
2763 2597 2967 2652 Judwis
3015 2607 3092 2652 est
3134 2599 3177 2652 ⁵.
3235 2599 3388 2654 Dicat
3452 2600 3651 2668 aliquis

2077 2695 2326 2757 fortasse,
2364 2691 2561 2747 divinae
2610 2705 2676 2745 ac
2722 2704 2991 2760 supremae
3058 2690 3219 2747 Verbi
3272 2699 3478 2746 natura
3544 2708 3649 2745 non

2075 2787 2391 2851 convenire,
2423 2792 2479 2839 ut
2511 2784 2721 2839 adoret.
2761 2782 3029 2839 Praeterea
3092 2785 3138 2839 si
3178 2798 3306 2839 vere
3368 2783 3513 2838 Deus
3570 2791 3653 2837 est

2074 2880 2348 2943 Christus,
2381 2892 2478 2933 cur
2509 2892 2570 2932 se
2608 2877 2661 2931 in
2690 2876 3033 2932 adorantium
3058 2891 3281 2932 numero
3328 2876 3653 2932 constituit?

2078 2973 2214 3039 Quid
2236 2987 2335 3027 nos
2365 2971 2430 3024 ad
2454 2969 2616 3024 hinc?
2663 2970 2720 3024 Si
2750 2967 2985 3024 Verbum
3011 2984 3079 3025 ex
3112 2967 3220 3023 Deo
3272 2970 3416 3024 nuda
3459 2967 3655 3023 divini-

2078 3073 2187 3118 tate
2210 3062 2419 3118 venisse
2450 3061 2504 3116 in
2536 3061 2680 3117 hunc
2701 3060 2960 3114 mundum
2997 3060 3365 3125 crederemus,
3416 3061 3467 3115 ei
3527 3075 3653 3130 proo

403 3116 811 3220 :o'Std-tpapsv;
849 3127 908 3180 Et
942 3129 1041 3197 μὲν
1073 3139 1253 3207 γυμνῇ
1286 3142 1348 3210 τῇ
1383 3140 1599 3213 θεότητι
1624 3116 1802 3202 τὸν-ὲκ
1837 3116 1971 3205 θὲοῑῖ

2080 3156 2217 3210 recto
2252 3152 2691 3208 nonconveniret
2717 3152 2969 3206 adorare.
3009 3151 3278 3206 Adoratur
3338 3153 3482 3207 enim
3553 3166 3655 3220 po-

406 3209 635 3310 ΠιατρὸςΔ
682 3221 960 3310 πεφηνότα
1020 3224 1193 3293 Λόγον
1223 3230 1452 3301 ἀφῖχθαι
1508 3209 1842 3310 πιστεύομεν
1893 3249 1971 3310 είς

404 3300 557 3355 τόνδε
588 3304 679 3357 τὸν
714 3308 937 3378 κόσμον,
970 3312 1316 3384 ἀνάρμοστον
1344 3300 1540 3394 κομιδῆ
1574 3326 1634 3379 τὸ
1665 3300 1853 3400 χρημα
1878 3300 1975 3386 αὐζ

404 3392 518 3461 τῷο
571 3403 957 3466 προσκυνεῖται
1015 3404 1069 3457 δὲ
1127 3409 1346 3475 μᾶλλον,
1406 3392 1547 3483 ἥπερ
1593 3392 1975 3495 αὑτός-’ἑτέρῳ

406 3489 734 3554 προσκυνεί“
788 3492 836 3543 εί
888 3492 943 3545 δὲ
998 3498 1215 3569 μορφὴν
1270 3501 1457 3555 δούλου
1494 3505 1693 3572 λαϐὼν,
1744 3514 1837 3565 καὶ

407 3578 824 3653 προσκυνούσης
873 3585 1292 3660 ἀνθρωπότητος
1320 3596 1380 3647 τὸ
1423 3597 1622 3667 μέτρον
1648 3602 1749 3656 οὐκ
1775 3578 1977 3676 dictitat-

409 3688 513 3734 σας
544 3676 955 3744 κεχρημάτικεν
991 3680 1119 3745 Υἱὸς
1168 3685 1483 3756 ἀνθρώπου,
1529 3694 1560 3762 ή
1602 3698 1978 3769 προσκύνησις

409 3762 565 3817 ἔσται
611 3768 708 3835 τῆς
743 3769 1074 3840 οἰκονομίας,
1128 3776 1223 3829 καὶ
1288 3782 1581 3849 πρέπουσα
1632 3762 1836 3856 μᾶλλον
1869 3762 1979 3855 τοῖς

407 3854 509 3923 τῆς
531 3856 812 3921 κενώσεως
838 3862 1079 3929 μέτροις,
1120 3864 1219 3918 οὐκ
1249 3868 1386 3938 αὐτῇ
1420 3873 1560 3925 κατὰ
1587 3854 1759 3942 μόνας
1784 3883 1848 3950 τῇ
1883 3881 1983 3947 φύ-

411 3964 496 4000 σει
526 3948 620 4002 τοῦ
656 3951 831 4019 Λόγου
853 3968 867 3982 °
918 3955 1041 4007 ἐπεὶ
1073 3956 1191 4019 πῶς
1237 3958 1300 4012 ὲκ
1332 3960 1438 4013 τῶν
1472 3962 1742 4021 Ἰουδαίων
1770 3948 1917 4025 ἐστὶν
1947 3974 1981 4043 ἡ

411 4044 697 4115 σωτηρία;
726 4046 804 4101 Οὐ
838 4047 947 4116 γάρ
979 4065 1082 4102 που
1112 4050 1248 4120 φαίη
1280 4068 1364 4116 τις
1384 4052 1449 4106 ἂν
1479 4055 1616 4108 καθὸ
1645 4058 1844 4113 νοεῖται
1887 4065 1983 4118 καὶ

409 4132 527 4186 εστι
557 4136 748 4203 Λόγος,
776 4136 834 4202 ἐξ
864 4139 1139 4192 Ἰουδαίων
1178 4140 1447 4212 ὑπάρχειν
1486 4145 1674 4213 αὐτὸν,
1720 4150 1858 4206 ἀλλὰ
1882 4171 1984 4209 κα-

411 4228 591 4300 θάπερ
612 4231 725 4284 ἐστὶ
747 4232 854 4285 τῶν
881 4233 939 4285 ἐν
962 4234 1125 4304 σαρκί
1148 4252 1206 4288 τε
1239 4238 1330 4289 καὶ
1356 4238 1550 4308 αἵματι
1573 4243 1811 4309 γεγονὼς
1835 4248 1985 4302 ἀδελ-

409 4320 533 4388 φὺς,
571 4321 659 4375 διὰ
690 4320 752 4374 τὸ
799 4323 1158 4380 ἐπιλαϐέσθαι
1212 4328 1528 4398 σπέρματος
1581 4332 1857 4406 Ἀϐραάμ.
1888 4338 1985 4407 Εἷς

2079 3243 2204 3307 tius,
2232 3257 2395 3312 quam
2435 3241 2624 3295 adorat
2649 3239 2838 3294 alium.
2871 3239 3072 3293 Verum
3114 3253 3236 3293 cum
3274 3239 3418 3295 servi
3480 3238 3652 3294 forma

2076 3343 2349 3402 suscepta,
2375 3331 2757 3399 adorantisque
2784 3330 3136 3385 humanitatis
3174 3345 3482 3385 mensuram
3545 3345 3653 3386 non

2078 3425 2384 3496 despiciens
2420 3422 2756 3478 declaratum
2794 3422 2864 3478 sit
2893 3420 3132 3477 hominis
3182 3420 3373 3489 Filius,
3432 3422 3654 3491 dispen-

2079 3518 2309 3575 sationis
2354 3525 2437 3571 est
2481 3515 2746 3579 adoratio,
2795 3522 2850 3570 et
2878 3528 3145 3569 mensura:
3191 3513 3375 3580 potius
3419 3512 3657 3570 exinani-

2082 3607 2579 3673 tiunieonveniens,
2611 3618 2772 3675 quam
2826 3613 3030 3659 natura:
3082 3604 3262 3669 Verbi,
3337 3604 3384 3660 si
3441 3620 3536 3673 per
3593 3621 3656 3661 se

2082 3703 2481 3759 consideretur.
2513 3697 2647 3767 Nam
2682 3698 2954 3765 quomodo
2976 3710 3043 3751 ex
3094 3694 3297 3750 Judteis
3327 3703 3405 3750 est
3462 3695 3655 3750 salus?

2082 3795 2268 3864 Neque
2306 3792 2446 3848 enim
2482 3797 2753 3860 quatenus
2794 3787 3028 3842 Verbum
3075 3786 3418 3856 intelligitur,
3453 3784 3657 3840 dixerit

2082 3887 2366 3957 quisquam
2396 3883 2573 3953 ipsum
2593 3895 2655 3935 ex
2682 3878 2885 3934 Iudaeis
2933 3892 3073 3944 esse,
3112 3879 3206 3936 sed
3256 3886 3527 3948 quatenus
3559 3892 3656 3933 eo-

2085 3994 2200 4034 rum
2243 3975 2430 4038 t‘rater,
2459 3973 2549 4042 qui
2583 3985 2648 4025 ex
2680 3984 2847 4027 carne
2875 3978 3087 4025 constat
3114 3980 3169 4025 et
3197 3969 3475 4039 sanguine,
3495 3982 3656 4039 prop-

2084 4078 2231 4126 terea
2261 4067 2402 4137 quod
2431 4076 2615 4119 semen
2644 4061 2917 4117 Abraham
3003 4061 3318 4131 assumpsit.
3347 4060 3501 4116 Unus
3530 4074 3661 4131 ergo

2084 4162 2357 4222 Christus,
2383 4156 2511 4212 licet
2533 4162 2801 4225 quatenus
2833 4162 2917 4208 est
2956 4152 3138 4218 homo,
3195 4152 3412 4208 dicatur
3467 4154 3662 4208 adora-

2087 4270 2167 4320 re,
2220 4259 2280 4309 ut
2308 4249 2451 4305 Deus
2515 4245 2585 4303 ab
2651 4244 2906 4300 omnibus
2952 4244 3114 4300 rebus
3173 4245 3479 4316 procreatis
3534 4244 3665 4301 ado-

2086 4356 2258 4404 ratur.

409 4411 505 4464 οὗν
538 4412 647 4484 ἄρα
694 4414 949 4486 Χριστὸς,
1004 4418 1110 4473 κᾶν
1150 4424 1479 4492 προσκυνεῖν
1529 4423 1769 4514 λέγηται
1788 4430 1877 4487 διὰ
1943 4439 2004 4492 τὸ
2059 4438 2424 4517 ἀνθρώπινον,
2462 4432 2638 4489 καίτοι
2682 4431 2833 4503 παρὰ
2886 4431 3066 4503 πάσης
3091 4432 3194 4509 τῆς
3230 4433 3464 4496 κτίσεως
3494 4447 3663 4503 προσ-

408 4510 761 4580 κυνούμενος,
802 4515 877 4578 ὼς
901 4514 1054 4580 Θεός.

482 4606 686 4673 Καθὼς
716 4606 1037 4663 ἀπέστειλέ
1063 4626 1135 4677 με
1160 4611 1194 4664 ὁ
1217 4608 1330 4672 ζῶν
1358 4614 1586 4685 Πατὴρ,
1605 4618 1768 4690 κάγὼ
1791 4620 1863 4683 ζῶ
1888 4624 1979 4679 διὰ

2162 4616 2311 4672 Sicut
2347 4615 2487 4669 misit
2534 4630 2613 4668 me
2668 4617 2837 4668 vivens
2873 4613 3052 4681 Pater,
3083 4624 3129 4668 et
3178 4630 3270 4684 ego
3320 4616 3427 4668 vivo
3455 4624 3666 4684 propter

408 4702 516 4758 τὸν
544 4701 793 4770 Πατέρα,
835 4702 935 4756 καί
966 4705 998 4756 ό
1027 4701 1264 4773 τρώγων
1286 4723 1383 4776 με,
1410 4708 1692 4779 κάκεῖνος
1714 4714 1882 4783 ζήσει
1906 4716 1981 4770 δι’

404 4795 531 4865 ἐμέ.
573 4794 775 4858 Ἡδέως
799 4794 866 4849 ἃν
894 4794 1183 4865 ἐπυθόμην
1212 4797 1323 4851 τῶν
1344 4800 1424 4863 τίς
1448 4800 1541 4855 δύο
1574 4803 1844 4873 Χριστοὺς
1874 4807 1985 4862 διο-

410 4886 670 4959 ριζόντων
694 4887 784 4940 τὸν
813 4886 931 4950 ἕνα,
971 4890 1054 4948 τίς
1086 4886 1150 4958 δὴ
1184 4889 1294 4957 ἄρα
1332 4892 1478 4947 ἐστὶν
1507 4895 1535 4947 6
1564 4895 1981 4968 ἀπεσταλμένος

412 4976 570 5046 παρὰ
616 4976 711 5031 τοῦ
765 4975 900 5029 Θεοῦ
960 4977 1056 5030 καὶ
1113 4978 1348 5049 Πατρὸς,
1401 4983 1497 5036 καὶ
1542 4983 1651 5047 ζῶν
1695 4984 1763 5039 δι’
1796 4987 1983 5057 αὑτὸν,

407 5069 673 5137 ὑπάρχων
704 5085 763 5121 τε
789 5067 877 5121 διὰ
900 5068 1057 5122 τοῦτο
1080 5070 1377 5138 ζωοποιόςς
1409 5074 1471 5128 Ei
1504 5076 1601 5145 μὲν
1626 5072 1721 5131 οὖν
1753 5079 1979 5149 γυμνὸς,

410 5162 508 5214 καὶ
562 5159 684 5213 καθ’
719 5161 911 5213 ἑαυτὸν
948 5162 975 5214 6
1009 5160 1067 5228 ιε
1101 5154 1503 5231 αὐτοῦ’Λόγος,
1565 5168 1681 5233 πῶς
1739 5169 1987 5223 ἐσθίεται

2079 4712 2315 4771 Patrem,
2343 4718 2390 4763 et
2417 4707 2505 4778 qui
2531 4706 2814 4761 manduca!
2844 4722 2946 4768 me,
2986 4715 3032 4759 et
3094 4705 3202 4772 ipse
3269 4706 3400 4759 vivet
3452 4716 3666 4774 propter

2080 4820 2158 4859 me
2205 4805 2248 4857 ⁵.
2309 4801 2391 4856 Ab
2423 4799 2544 4854 istis
2583 4812 2700 4867 ego,
2756 4797 2847 4866 qui
2876 4797 3152 4851 Christum
3215 4811 3378 4849 unum
3449 4796 3501 4850 in
3529 4806 3666 4853 duos

2081 4895 2356 4958 dividunt,
2432 4890 2664 4946 libenter
2714 4888 2997 4943 didicerim
3046 4887 3263 4957 quinam
3323 4888 3409 4945 ille
3455 4890 3526 4945 sit
3573 4894 3664 4960 qui

2085 4988 2284 5043 missus
2317 4991 2457 5040 esta
2517 4983 2627 5037 Deo
2657 4990 2711 5037 et
2766 4979 2950 5045 Patre,
3002 4989 3058 5035 et
3123 4981 3216 5051 qui
3270 4980 3403 5037 vivit
3448 4992 3666 5052 propter

2086 5080 2299 5148 ipsum,
2335 5085 2389 5131 et
2437 5072 2641 5130 idcirco
2665 5073 2786 5127 vita:
2823 5082 2908 5127 est
2952 5072 3068 5143 ipse
3126 5074 3372 5145 largitor.
3442 5075 3496 5131 Si
3521 5076 3665 5132 enim

2090 5170 2350 5233 Verbum,
2376 5168 2518 5239 quod
2550 5179 2613 5220 ex
2636 5167 2750 5236 ipso
2774 5177 2858 5221 est
2917 5168 3118 5222 nudum
3169 5177 3222 5221 et
3258 5183 3351 5237 per
3374 5182 3451 5233 se,
3528 5185 3666 5239 quo-

413 5248 553 5316 πρδς
579 5248 756 5318 ἡμῶν,
784 5248 869 5303 ἵνα
908 5249 1165 5320 ζήσωμεν
1198 5251 1266 5305 δι’
1293 5254 1494 5321 αὑτόν;
1526 5256 1848 5327 Ἀσὼματον
1877 5260 1979 5331 γὰρ

2093 5262 2251 5315 modo
2287 5276 2314 5312 a
2345 5259 2503 5314 nobis
2535 5259 2915 5326 manducatur,
2951 5270 3011 5313 ut
3039 5275 3136 5329 per
3168 5260 3342 5331 ipsum
3378 5262 3666 5321 vivamus?

413 5340 487 5407 τῇ
513 5338 673 5405 φύσει
704 5339 759 5391 τὸ
787 5339 959 5394 Θεῖον.
994 5342 1054 5394 Et
1087 5342 1144 5394 δὲ
1178 5341 1364 5412 μόνον,
1397 5346 1491 5397 καὶ
1525 5346 1647 5399 καθ’
1678 5347 1872 5401 ἑαυτὸν
1901 5348 1979 5403 ἄν⁴

2091 5350 2291 5405 Natura
2341 5350 2487 5404 enim
2520 5349 2879 5418 incorporeus
2935 5364 3017 5404 εει
3062 5350 3225 5404 Deus.
3279 5351 3373 5403 Sin
3429 5351 3575 5405 solus
3613 5361 3668 5404 et

420 5428 641 5499 θρωπον
661 5427 801 5485 εῖναί
836 5450 971 5501 φασι
994 5434 1082 5488 τὸν
1117 5434 1559 5503 ἀπεσταλμένον,
1598 5438 1714 5502 πῶς
1741 5438 1848 5509 ἄρα
1873 5441 1979 5492 ἐστι

2092 5453 2185 5507 per
2229 5454 2288 5494 se
2313 5438 2473 5493 homo
2506 5448 2611 5503 est,
2661 5440 2751 5509 qui
2814 5440 3010 5493 missus
3071 5448 3176 5501 est,
3226 5440 3498 5509 quomodo
3546 5441 3670 5495 vita!

419 5521 702 5591 ζωοποιὸς,
737 5526 818 5579 ὅτι
869 5528 935 5596 ζῇ
987 5527 1073 5581 διὰ
1102 5529 1192 5580 τὸν
1226 5529 1476 5599 Πατέρα;
1515 5531 1691 5585 καίτοι
1747 5531 1863 5594 πῶς
1895 5532 1979 5600 οὐ)

2096 5531 2320 5598 largitor
2345 5540 2449 5596 est,
2493 5532 2613 5600 quia
2660 5533 2791 5587 vivit
2827 5541 3048 5602 propter
3101 5532 3370 5587 Patrem?
3417 5531 3482 5586 Et
3535 5547 3666 5601 quo-

422 5617 664 5683 ἅπαντες
686 5619 735 5674 ot
767 5618 860 5673 ἐπὶ
884 5621 980 5689 τῆς
1014 5620 1117 5691 γῆς
1147 5619 1205 5673 ὲν
1232 5619 1400 5684 ζῶσιν
1428 5622 1615 5692 ἐσμὲν,
1668 5621 1996 5687 ζωοποιοῦν-

2097 5621 2258 5677 modo
2284 5638 2388 5679 non
2425 5638 2632 5690 omnes,
2662 5624 2753 5694 qui
2782 5639 2970 5680 sumus
3007 5624 3057 5679 in
3091 5633 3255 5691 terra,
3294 5625 3438 5680 inter
3484 5626 3667 5683 viven-

500 5809 515 5840 ¹
548 5805 702 5863 Joan.
756 5822 819 5877 ιι,
852 5807 933 5863 ιι.
1011 5811 1029 5840 ³
1072 5804 1316 5864 lbid.95.
1395 5805 1918 5870 ’Jsian.tv,50.53.
1996 5805 2177 5862 ‘l-bid.
2237 5804 2325 5861 22.
2401 5803 2443 5881 _"
2490 5801 2645 5859 Joan.
2704 5802 2890 5867 vi,58.
