4094 6300
319 413 430 474 9.19

1289 411 1660 470 l’ANOPLM
1704 406 2145 471 DOGBIATICA
2209 431 2274 440 -
2306 406 2455 466 ΤΙΤ.
2503 403 2623 464 XV.

3485 405 3586 467 950

320 534 426 589 σεε,
459 523 556 578 καὶ
575 522 708 578 ἴδιον
739 521 1065 595 ἔχωναῦτόι
1098 525 1148 577 εί
1169 524 1223 577 δὲ
1247 525 1348 577 ἀνὰ
1381 527 1546 593 μέρος
1576 525 1670 576 καὶ
1701 521 1903 584 ίδικῶς,

2015 519 2137 572 heat
2162 523 2442 589 proprium
2471 533 2535 572 ac
2570 533 2724 572 suun
2775 515 2914 570 YSiu
2949 516 3222 569 hominem
3293 516 3587 582 privatum,

312 620 482 690 ἦγουν
517 617 660 671 κατά
694 619 865 687 μόνας
894 618 985 670 τὸν
1019 618 1083 671 ὲκ
1107 618 1364 686 γυναικὸς
1392 616 1683 692 ἄνθρωπον
1710 615 1899 683 δεδεῆ-

313 707 440 762 σθαί
475 723 610 779 φασι
651 707 750 778 τῆς
792 707 888 761 τοῦ
922 707 1240 779 Πνεῦματος
1293 709 1551 782 μετοχῆς,
1585 708 1703 772 πῶς
1736 705 1900 768 αὑτός

313 803 466 855 ἔστιν
497 801 527 853 ό
558 801 842 870 βαπτίζων
880 802 938 855 ὲν
983 800 1152 871 αὐτῷ,
1189 801 1369 854 καίτοι
1421 801 1560 874 μόνῃ
1593 799 1899 871 πρέποντος

311 897 381 965 τῇ
416 895 682 966 ἀνωτάτῳ
740 895 904 965 φύσει
960 892 1058 946 τοῦ
1107 895 1202 948 καὶ
1250 893 1578 962 ἀποφαίνειν
1637 890 1901 946 δύνασθαι

317 991 722 1063 μετεσχηκότας
754 991 848 1046 τοῦ
871 991 1190 1062 Πνεῦματος
1208 991 1336 1053 τοὺς
1361 987 1687 1062 προσιὰντας
1718 983 1855 1052 αὖτῆ
1883 999 1897 1047 ;

317 1081 384 1135 Εἰ
411 1081 469 1135 δὲ
514 1081 730 1153 δέχεται
770 1083 865 1136 καὶ
919 1082 1136 1136 δίδωσιν
1177 1082 1204 1134 ό
1253 1080 1436 1148 αὐτὸς,
1490 1077 1779 1158 πρόδηλον,
1816 1077 1902 1131 ὅτι

313 1176 460 1230 κατὰ
487 1190 552 1243 γε
589 1176 716 1239 τοὺς
768 1177 868 1248 τῆς
911 1175 1051 1246 μετά
1094 1176 1298 1246 σαρκὸς
1334 1173 1652 1242 οἰκονομίας
1685 1171 1898 1241 λόγους,

314 1267 412 1320 καὶ
443 1265 580 1320 καθὸ
613 1267 801 1337 φύσει,
835 1267 932 1321 καὶ
961 1267 1177 1337 ἀληθῶς
1199 1270 1317 1323 ἐστι
1350 1267 1504 1337 Θεός.
1553 1265 1775 1336 Δέχεται
1803 1265 1900 1338 μὲν

312 1359 422 1431 γὰρ
447 1358 802 1428 ἀνθρωπίνως
832 1359 930 1430 οὐχ
960 1359 1137 1430 ἐαυτῷ
1171 1358 1392 1430 μᾶλλον,
1417 1357 1554 1413 ἀλλὰ
1583 1359 1653 1429 τῇ
1682 1355 1898 1424 ἀνθρώρ

313 1469 437 1506 πων
467 1451 712 1522 φύσειδι’
739 1452 962 1517 ἑαυτοῦ,
989 1452 1092 1516 καὶ,
1112 1454 1165 1505 ὲν
1183 1450 1358 1522 ἐαυτῷ
1381 1451 1598 1522 πρῶτον
1621 1446 1900 1516 προξενῶν

313 1546 453 1600 αὑτό
498 1562 511 1577 ·
549 1545 734 1601 δίδωσι
759 1545 816 1600 δὲ
849 1544 1046 1610 θεῖκῶς
1070 1545 1128 1611 ἐξ
1158 1545 1294 1610 ἰδίας
1345 1543 1510 1598 αὑτοῦ
1539 1541 1751 1611 φύσεως
1790 1540 1901 1603 τοῖς

311 1638 488 1706 ἀξίοις
527 1638 622 1690 τοῦ
651 1637 836 1690 λαϐεῐν
871 1636 1059 1700 ὲνιείς.
1085 1631 1197 1689 Ἷίν
1229 1636 1330 1704 μὲν
1359 1634 1453 1690 οὖν
1493 1633 1571 1709 τῷ
1599 1632 1900 1703 προκειμέ-

311 1749 392 1800 νῳ
425 1730 572 1802 ῥητῷ
604 1729 967 1802 προσεοικότα
1013 1747 1072 1783 τε
1105 1730 1200 1782 καὶ
1232 1728 1324 1782 τὸν
1374 1729 1490 1781 ἴσον
1536 1726 1731 1798 ἔχοντα
1772 1724 1898 1779 νοῦν

2007 622 2060 665 ει
2082 611 2276 674 εοίιιιιι,
2308 611 2397 680 qui
2438 625 2502 664 ex
2564 609 2791 662 muliere
2819 617 2980 662 natus
3012 607 3103 666 sit.
3154 605 3366 674 Spiritu
3434 609 3588 662 ιιίιυ.

2010 701 2126 755 rint
2166 701 2428 770 indigere,
2468 700 2739 770 quomodo
2762 698 2879 766 ipse
2938 705 3020 752 est
3072 699 3160 766 qui
3239 699 3478 770 baptizat
3533 700 3586 753 in

2007 793 2122 860 ipso
2174 790 2414 862 Spiritu,
2476 807 2601 846 cum
2675 791 2776 845 soli
2827 805 3094 859 supremae
3125 802 3334 845 natura:
3389 806 3588 846 conve-

2006 881 2120 935 niat
2154 895 2310 950 posse
2376 879 2657 936 declarare
2732 879 2968 951 Spiritus
3033 881 3325 950 participes
3364 896 3456 936 cos
3497 881 3587 950 qui

2005 975 2072 1028 ad
2137 973 2315 1044 ipsum
2370 972 2690 1028 accedunt?
2733 972 2889 1039 Quod
2927 973 2971 1028 si
3015 988 3156 1028 unus
3230 983 3393 1042 atque
3446 972 3584 1027 idem

2004 1074 2111 1134 est,
2152 1066 2244 1136 qui
2279 1065 2530 1135 suscipit,
2564 1075 2618 1120 et
2645 1066 2736 1136 qui
2769 1065 3020 1136 largitur,
3075 1063 3425 1134 perSpicmun
3483 1075 3589 1128 est,

2006 1161 2121 1215 hazc
2169 1160 2309 1225 ﬁeri,
2351 1168 2622 1231 quatenus
2671 1159 2910 1230 pertinet
2961 1157 3029 1215 ad
3071 1169 3362 1228 assumpta:
3408 1158 3590 1212 carnis

2005 1251 2495 1322 dispensationem,
2531 1262 2581 1308 ct
2633 1261 2907 1322 quatenus
2961 1260 3164 1307 natura
3200 1258 3253 1306 et
3293 1265 3418 1307 vere
3451 1251 3588 1304 Deus

2003 1359 2106 1401 est.
2139 1345 2376 1415 Suscipit
2403 1349 2548 1403 enim
2602 1357 2660 1401 ut
2714 1347 2897 1412 homo,
2959 1361 3062 1400 nou
3098 1346 3266 1414 magis
3298 1345 3398 1400 sibi
3423 1361 3586 1416 quam

2009 1437 2256 1490 humanae
2315 1446 2520 1492 natura:
2572 1451 2668 1506 per
2694 1438 2934 1507 seipsum
2963 1445 3018 1490 et
3073 1436 3123 1489 in
3175 1436 3354 1504 seipso
3417 1435 3590 1504 primo

2007 1526 2268 1597 Spiritum
2325 1529 2645 1585 concilians.
2685 1530 2981 1584 Datautem
3019 1539 3075 1583 ut
3128 1527 3295 1590 Deus,
3340 1543 3404 1582 ex
3467 1543 3588 1596 pro.

2005 1622 2120 1692 pria
2155 1632 2347 1677 natura
2380 1622 2621 1678 tribuens
2657 1621 2763 1676 illis
2816 1622 2904 1692 qui
2935 1621 3085 1692 digni
3158 1629 3308 1688 sunt,
3349 1628 3407 1673 ut
3460 1633 3586 1674 eum

2005 1715 2298 1786 accipiant.
2336 1715 2584 1770 Poteram
2645 1715 2773 1769 huic
2829 1715 3116 1770 sententiae
3197 1713 3396 1768 multas
3452 1711 3588 1766 alias

314 1820 648 1891 παραθεῖναι
672 1820 769 1874 καὶ
797 1820 959 1892 ἕτερα
983 1835 996 1851 ⁸
1023 1817 1083 1871 τὸ
1109 1818 1166 1872 δέ
1190 1835 1252 1887 γε
1277 1819 1605 1872 ταυτοεπεῖν
1639 1815 1900 1888 φορτικὸν

2009 1807 2214 1862 similes
2254 1817 2308 1864 et
2345 1807 2600 1863 eandem
2632 1808 2896 1862 habentes
2921 1807 3026 1862 vim
3068 1809 3120 1861 in
3185 1808 3417 1860 medium
3465 1820 3591 1876 pro-

313 1873 537 1974 εῐδϐτες,
565 1913 742 1970 ἐκεῖνό
771 1873 977 1984 φαμδεν,
1022 1910 1096 1984 ὡς
1125 1873 1344 1981 ἀπόχρη
1392 1911 1507 1975 τοῖς
1559 1873 1902 1978 νουνεγεστέ-

2007 1898 2169 1966 ferre,
2231 1914 2415 1964 verum
2443 1914 2563 1954 cum
2598 1899 2736 1954 idem
2771 1909 3013 1970 repetere
3055 1899 3344 1955 molestmn
3393 1899 3485 1963 sit,
3524 1913 3588 1957 ex

317 2022 436 2074 ροις
471 2006 505 2078 ἡ
560 2005 678 2069 ἐνὸς
729 2006 990 2075 ἐξήγησις
1021 2004 1099 2068 εἰς
1132 2002 1232 2075 τὴν
1262 2003 1371 2055 τῶν
1423 2001 1626 2072 ὁμοίως
1666 2000 1900 2069 ἐχόντων

313 2098 522 2168 ἀκριϐῆ
549 2097 902 2169 διασάφησιν.
935 2097 1151 2153 Οὐκοῦν
1192 2097 1386 2160 ὁσάκις
1415 2095 1482 2151 ἂν
1514 2094 1726 2163 λέγοιτο
1762 2093 1900 2164 Χρι-

316 2194 443 2254 στὸς
477 2190 802 2261 ἀγιάζεοθαι
849 2193 1056 2261 τυχεῖν,
1113 2191 1284 2265 ἤγουν
1319 2190 1380 2244 τὸ
1427 2187 1655 2260 Πνεῦμα
1686 2186 1896 2251 λαϐεῖν,

313 2285 463 2338 κατά
496 2283 687 2338 τοῦτον
724 2283 888 2338 αὐτὸν
919 2282 1011 2337 τὸν
1048 2282 1253 2354 τρόπον
1290 2281 1562 2354 προσήκει
1593 2285 1758 2335 νοεῖν.

393 2375 529 2446 Περὶ
552 2375 620 2429 δὲ
643 2374 755 2442 τῆς
785 2374 1029 2446 ἡμέρας,
1059 2375 1098 2444 ἣ
1125 2373 1236 2445 τῆς
1256 2375 1412 2442 ὥρας
1444 2374 1681 2450 ἐκείνης
1702 2371 1904 2439 οὐδεὶς

311 2467 504 2535 οἶδεν,
535 2469 674 2525 οὔτε
702 2471 756 2525 oi
779 2468 1022 2540 ἄγγελοι
1054 2466 1173 2526 τῶν
1196 2466 1492 2537 οὐρανῶν,
1522 2467 1661 2524 οὔτε
1690 2468 1722 2522 ὁ
1749 2465 1902 2534 Υἱὸς,

314 2565 375 2618 si
401 2561 487 2632 μὴ
532 2565 565 2618 ὁ
593 2562 815 2632 Πατήρ.
873 2563 936 2618 Et
965 2560 1201 2634 Χριστὸν
1234 2560 1356 2624 ἕνα,
1391 2560 1579 2638 φασὶν,
1617 2559 1906 2638 ὁμολογεῖν

315 2655 604 2724 ἐγνώκατε
637 2654 730 2709 τὸν
759 2652 852 2714 τοῦ
882 2633 1028 2710 Θεοῦ
1061 2653 1238 2723 Λόγον
1261 2633 1706 2724 σεσαρκωμένον,
1739 2653 1906 2726 ἤγουν

315 2747 793 2822 ἐνηνθρωπηκότα
823 2787 838 2814 ,
890 2747 1007 2816 πῶς
1057 2747 1246 2818 ἠγνόει
1294 2746 1392 2820 τὴν
1443 2732 1544 2817 τῆς
1592 2744 1906 2808 συντελείας

314 2844 534 2914 ἡμέραν
557 2860 574 2912 ;
601 2842 789 2913 Φαμὲν
835 2841 952 2910 οῦν,
977 2844 1062 2897 ὅτι
1111 2844 1385 2917 ἀγνοῆσαι
1408 2843 1572 2916 τυχὸν
1601 2842 1672 2898 τά
1701 2843 1760 2896 ὲν
1786 2842 1908 2912 Θεῷ

317 2937 603 3008 μυστήρια
642 2935 768 2990 οὔτε
794 2935 1089 3008 ἀσύνηθες,
1125 2935 1252 3002 οὔτε
1283 2937 1391 3008 μὴν
1424 2936 1626 3006 ἑτέρως
1655 2934 1908 3004 ἀπρεπὲς

314 3028 488 3100 ἂνεῖη
512 3030 580 3101 τῇ
607 3029 805 3084 κτίσει.
843 3031 939 3096 Τίς
971 3029 1082 3098 γὰρ
1113 3029 1266 3102 ἔγνω
1305 3029 1458 3085 γοῦν
1483 3029 1708 3098 Κυρίου
1720 3043 1740 3093 ;
1763 3026 1907 3082 κατά

313 3121 380 3174 τὸ
397 3121 809 3192 γεγραμμένον.
826 3120 939 3176 Καὶ
969 3121 1017 3175 εἰ
1045 3105 1262 3191 λέγεται
1281 3121 1457 3194 βραχὺ
1477 3121 1610 3192 παρ’
1639 3121 1907 3190 ἀγγέλους

2006 1992 2165 2049 unius
2197 1991 2294 2062 ioci
2327 1991 2696 2047 declaratione
2751 1990 3046 2060 prudentes
3088 1992 3358 2056 homines,
3391 2001 3584 2046 caetera

2004 2084 2200 2140 similia
2253 2085 2368 2140 loca
2429 2082 2585 2140 facile
2637 2085 2869 2140 dicimus
2948 2084 3341 2140 intellecturos.
3411 2083 3592 2154 Itaque

2005 2177 2220 2246 quoties
2257 2176 2528 2242 Christus,
2559 2186 2652 2231 aut
2679 2177 3008 2233 sanctiﬁcari
3055 2175 3286 2239 dicetur,
3318 2185 3409 2231 aut
3469 2175 3590 2247 Spi-

2006 2269 2169 2324 ritum
2203 2272 2471 2340 accipere,
2507 2268 2610 2324 hoc
2641 2270 2800 2325 modo
2847 2269 3102 2324 convenit
3155 2269 3474 2338 intelligere.

2079 2381 2158 2438 De
2196 2384 2278 2437 die
2321 2392 2520 2448 autem,
2550 2393 2641 2436 aut
2668 2382 2799 2438 liora
2854 2383 2950 2436 illa
3015 2399 3165 2438 nemo
3209 2384 3370 2444 novit,
3428 2398 3589 2453 neque

2008 2476 2186 2554 angeli
2241 2475 2496 2541 cwlesles,
2552 2492 2716 2546 neque
2771 2473 2946 2532 Filius
2980 2518 2998 2544 ,
3066 2476 3172 2530 nisi
3225 2474 3388 2530 Pater
3444 2476 3484 2532 ⁸.
3530 2476 3586 2538 Si

2008 2568 2287 2633 Christum
2345 2585 2538 2635 unum,
2595 2569 2874 2639 inquiunt,
2944 2569 3311 2626 conﬁtendum
3351 2570 3588 2624 senseris

2011 2660 2106 2716 Dei
2145 2659 2400 2728 Verbum,
2434 2663 2580 2733 quod
2608 2676 2853 2727 carnem,
2883 2675 2981 2719 seu
3016 2661 3289 2718 hominem
3340 2676 3590 2728 assump-

2009 2752 2102 2822 sit,
2130 2753 2402 2822 quomodo
2428 2753 2916 2810 consummationis
2947 2753 3090 2810 diem
3117 2752 3420 2824 ignoravit?
3483 2753 3588 2808 Re-

2009 2844 2344 2917 spondemus
2378 2859 2480 2900 nec
2539 2844 2817 2900 insolitum
2845 2859 3010 2910 esse,
3077 2860 3176 2902 nec
3221 2847 3488 2901 dedecere
3535 2855 3592 2899 ut

2010 2950 2098 2998 res
2124 2947 2419 3006 procreata:
2457 2939 2712 3008 ignorent
2738 2938 3022 3010 mysteria,
3059 2954 3181 3008 quae
3223 2951 3352 2995 sunt
3377 2939 3429 2994 in
3458 2941 3589 3001 Deo.

2012 3029 2148 3096 Qui:
2170 3029 2342 3097 enim,
2401 3031 2598 3102 inquit,
2630 3031 2770 3090 novit
2814 3047 3028 3096 seruant
3087 3031 3301 3086 Domini
3326 3030 3398 3084 ’Ἰ
3439 3029 3505 3085 Ει
3548 3031 3594 3084 εἰ

2013 3122 2181 3182 Filius
2201 3126 2398 3188 dicitur
2427 3126 2644 3197 paulum
2681 3127 2749 3185 ab
2788 3127 2996 3197 angelis
3029 3127 3371 3193 imminutus,
3399 3134 3594 3195 quate-

313 3215 345 3266 ὁ
377 3213 500 3279 rte;
525 3212 871 3284 ὴλαττῷσθαι
895 3251 914 3279 ,
969 3213 1106 3276 καθὸ
1135 3214 1365 3283 γέγονεν
1400 3213 1690 3286 ἄνθρωπος
1713 3213 1903 3284 δηλονε

2015 3231 2114 3272 nus
2137 3218 2300 3274 homo
2332 3217 2509 3274 factus
2543 3227 2647 3285 est,
2672 3219 2918 3289 quamvis
2948 3228 3004 3274 ul
3039 3219 3180 3274 Deus
3245 3222 3408 3276 rebus
3459 3234 3598 3288 prae-

315 3306 426 3371 ότι,
485 3305 662 3370 καίτοι
697 3306 929 3372 κτίσεως
953 3306 1176 3376 ἀπάσης
1201 3307 1280 3366 ὢν
1307 3306 1568 3367 ἐπέκεινα
1593 3304 1814 3370 θεῖκῶς,
1848 3304 1900 3365 τί

315 3405 381 3460 τὸ
412 3404 620 3475 θαῦμα.
637 3405 740 3460 κᾶν
771 3403 908 3477 ὁμοῦ
933 3407 1047 3470 τοῖς
1071 3405 1326 3474 ἀγγέλοις
1350 3405 1567 3474 ἀγνοεῖν
1598 3391 1819 3473 λέγεται
1841 3403 1904 3458 τὸ

319 3500 380 3552 ὲν
399 3498 517 3569 Θεῷ
545 3499 869 3570 μυστήριον,
900 3498 1082 3554 καίτοι
1110 3495 1274 3568 σοφία
1306 3497 1405 3551 καὶ
1453 3494 1687 3567 δύναμις
1721 3495 1900 3566 ὑπάρ·

318 3611 433 3664 κων
460 3591 624 3649 αὐτοῦ
649 3610 664 3661 ;
697 3589 829 3662 Εἶτα
859 3593 978 3657 πῶς
999 3592 1066 3648 ἂν
1093 3592 1363 3664 ἠγνόησεν
1393 3593 1426 3664 ὴ
1463 3589 1625 3661 σοφία
1653 3589 1745 3644 τοῦ
1766 3589 1902 3644 Θεοῦ

319 3686 418 3741 καὶ
472 3685 683 3757 [ἰατρὸς
717 3685 787 3751 τὰ
818 3687 876 3738 ἐν
909 3685 1063 3756 αὑτῷ
1109 3684 1510 3756 κεκρυμμένας
1573 3682 1685 3738 Καὶ
1735 3683 1784 3736 εί
1843 3684 1906 3736 τὸ

320 3777 552 3848 Πνεῦμα
597 3777 824 3845 λέγεται
863 3778 1045 3834 πάντα
1097 3778 1350 3848 ὲρευνᾷν,
1383 3777 1481 3834 καὶ
1514 3775 1586 3830 τὰ
1635 3775 1772 3847 βάθη
1805 3777 1904 3842 τοῦ

317 3869 481 3934 Θεοῦ,
503 3869 562 3923 τὸ
590 3868 820 3940 ¹[ίνεῦμα
849 3868 907 3923 δέ
933 3869 1049 3924 ἔστι
1076 3867 1174 3923 τοῦ
1205 3867 1468 3940 Χριστοῦ,
1497 3867 1616 3931 πῶς
1645 3868 1712 3922 ἀν
1742 3867 1903 3931 αὐτὸς

319 3963 591 4034 ἠγνόησεν
627 3962 773 4035 ἅπερ
829 3956 972 4016 οἶδεν
1021 3961 1269 4032 ἀκριϐῶς
1311 3961 1374 4023 τὸ
1426 3961 1654 4038 [ινεῦμα
1699 3958 1902 4026 αὐτοῦ;

318 4055 534 4110 Οὐκοῦν
567 4053 672 4109 κᾶν
700 4057 916 4122 ἀγνοεῖν
969 4052 1325 4122 ἀνθρωπίνως
1360 4052 1610 4122 λέγηται,
1646 4051 1765 4106 ἀλλ’
1792 4047 1930 4105 οἶδε

320 4149 540 4212 θιῖκῶς.
572 4147 686 4203 Καὶ
713 4147 867 4216 γοῦν,
902 4146 1026 4201 Ποῦ
1047 4145 1296 4200 τέθειται
1322 4144 1628 4212 Λάζαρος;
1661 4145 1900 4216 ιρωτῶν,

323 4241 398 4306 ὡς
427 4241 552 4308 ιξὺν
581 4239 728 4309 αῦτῷ
765 4243 838 4310 μὴ
861 4239 1063 4295 εἰδέναι
1095 4238 1239 4292 κατὰ
1262 4238 1323 4288 τὺ
1351 4237 1714 4308 ἀνθρώπινον,
1741 4238 1907 4309 ἑνήρ-

325 4351 412 4403 γει
445 4333 666 4399 θεῖκῶς,
691 4333 1005 4403 ἀναστήσας
1025 4331 1190 4386 αὐτὸν
1212 4332 1276 4385 ἐκ
1307 4330 1540 4402 νεκρῶν.
1572 4331 1905 4401 Ἀττο-νέμον·

321 4445 410 4490 τις
435 4430 617 4482 τοίνυν
657 4429 722 4498 τῇ
752 4425 890 4496 μετὰ
918 4423 1123 4498 σαρκὸς
1148 4424 1434 4495 οἰκονομίᾳ
1463 4423 1532 4478 τὰ
1559 4421 1898 4493 ἀνθρώπινα,

2003 3315 2112 3364 stet
2140 3309 2392 3366 omnibus
2414 3312 2738 3379 procreatis,
2764 3311 2892 3380 quid
2939 3310 3156 3377 mirum,
3204 3311 3250 3365 si
3303 3326 3406 3364 una
3463 3325 3589 3366 cum

2007 3400 2213 3470 angelis
2244 3401 2495 3471 ignorare
2525 3404 2738 3460 dicatur
2760 3405 3178 3475 mysteria,quae
3200 3413 3327 3460 sunt
3353 3405 3408 3459 in
3444 3405 3550 3461 Deo
3573 3409 3596 3458 ’ί

2005 3493 2169 3562 Atqui
2238 3496 2508 3566 sapientia
2537 3506 2644 3562 est,
2675 3507 2730 3553 et
2761 3500 2933 3554 virtus
2957 3499 3148 3569 ipsius.
3185 3499 3469 3565 Quomodo
3495 3513 3592 3552 au-

2007 3595 2118 3644 tem
2157 3589 2370 3657 ignoret
2421 3589 2686 3660 sapientia
2722 3589 2816 3645 Dei
2855 3601 2910 3645 et
2955 3591 3133 3650 Patris
3183 3605 3308 3662 qua:
3353 3599 3482 3660 sunt
3539 3592 3594 3646 iu

2005 3677 2122 3748 ipso
2143 3680 2459 3738 abscondita
2485 3681 2506 3734 i
2537 3681 2604 3736 Et
2638 3681 2682 3736 si
2718 3681 2955 3751 Spiritus
2977 3683 3178 3739 dicitur
3201 3692 3406 3740 cuncta
3437 3698 3592 3740 scru-

2007 3772 2133 3838 tari,
2167 3775 2332 3830 etiam
2372 3774 2637 3842 profunda
2666 3775 2784 3839 Dei,
2819 3773 3060 3844 Spiritus
3090 3784 3270 3832 autem
3298 3784 3381 3830 est
3437 3779 3594 3832 Citrio

2006 3868 2117 3931 sti,
2145 3869 2422 3937 quomodo
2450 3867 2712 3924 Christus
2743 3869 3016 3940 ignoravit
3040 3885 3102 3925 ea
3138 3885 3260 3939 quas
3314 3871 3475 3941 plane
3495 3888 3592 3925 no-

2007 3959 2084 4014 vit
2101 3959 2337 4027 Spiritus
2374 3959 2545 4029 ipsius
2570 3960 2592 4013 ?
2620 3960 2913 4015 Dicendum
2944 3960 3106 4032 igitur
3127 3971 3233 4024 est,
3259 3976 3380 4015 eum
3402 3976 3594 4029 quam-

2007 4053 2090 4107 vis
2117 4054 2331 4123 iguoret
2362 4060 2422 4106 ut
2459 4053 2642 4117 homo,
2674 4052 2816 4108 scire
2867 4059 3048 4106 tamen
3084 4060 3142 4106 ut
3205 4053 3398 4107 Deum.
3454 4051 3590 4106 Νιιιιι

2006 4159 2130 4200 cum
2165 4143 2329 4198 etiam
2359 4142 2668 4212 quaesisset,
2706 4142 2797 4197 ubi
2830 4143 3075 4210 Lazarus
3136 4151 3288 4198 esset
3342 4143 3579 4212 positus,

2010 4244 2264 4304 tanquam
2291 4235 2392 4302 ipsi
2423 4244 2480 4289 ut
2505 4235 2711 4289 homini
2742 4236 2931 4290 liceret
2957 4235 3187 4300 nescire,
3246 4245 3304 4288 ut
3335 4235 3475 4291 Deus
3508 4246 3589 4290 tu-

2011 4347 2133 4386 men
2160 4330 2311 4385 illum
2337 4345 2365 4383 a
2400 4330 2634 4386 mortuis
2663 4329 2917 4391 excitans
2966 4331 3020 4384 in
3065 4332 3230 4384 vitam
3288 4333 3583 4386 revocavit.

2012 4422 2336 4478 Tribueutes
2366 4423 2529 4494 igitur
2555 4415 2975 4491 dispensationi,
3002 4437 3119 4491 qua:
3139 4422 3192 4477 in
3223 4439 3385 4479 carne
3448 4424 3588 4479 facta

320 4521 634 4590 τηρήσομεν
683 4517 924 4582 εὐσεϐῶς
975 4518 1073 4576 καὶ
1102 4516 1226 4570 καθ’
1272 4518 1419 4587 ἡμᾶς
1451 4516 1700 4586 γεγονότι
1731 4517 1810 4585 τῷ
1837 4519 1903 4570 ὲκ

2009 4526 2114 4577 εει,
2161 4516 2251 4571 illa
2287 4531 2408 4585 qua:
2455 4524 2580 4570 sunt
2635 4517 2894 4579 humana,
2935 4515 3109 4571 Verbo
3131 4531 3198 4572 ex
3255 4518 3364 4574 Deo
3410 4519 3591 4589 genito

322 4613 458 4666 Θεοῦ
489 4613 647 4681 φύντι
676 4611 834 4680 Λόγῳ
869 4611 937 4664 τὰ
963 4611 1268 4680 θεοπρεπῆ.

396 4789 781 4859 Βαπτιζόμεθα
808 4789 997 4860 ὥσπερ
1021 4791 1102 4854 είς
1121 4789 1179 4848 ἓν
1205 4790 1376 4861 ὄνομα
1403 4789 1495 4844 τοῦ
1528 4792 1909 4862 Πατρὺς,οῦτω

323 4886 415 4936 καὶ¹
439 4885 521 4945 είς
567 4882 626 4935 ἓν
659 4883 832 4950 ὄνομα
860 4882 954 4936 τοῦ
987 4883 1140 4947 Υίοῦ,
1176 4885 1273 4937 καὶ
1305 4885 1384 4947 είς
1425 4883 1518 4936 τὸν
1545 4884 1777 4938 θάνατον
1806 4885 1907 4938 αὐ-

321 4975 439 5039 τοῦ,
481 4975 580 5028 καὶ
604 4977 684 5039 είς
722 4975 782 5028 τὺ
809 4975 1033 5044 Πνεῦμα
1054 4975 1114 5027 τδ
1142 4975 1318 5042 ἀγιον.
1352 4975 1770 5030 Διδασκέτωσαν
1796 4977 1908 5029 τοί-

324 5083 417 5118 νυν
443 5068 494 5120 οί
523 5065 852 5136 διορίζοντες
883 5067 961 5128 είς
995 5065 1150 5128 υἱοὺς
1177 5065 1272 5118 δύο
1302 5066 1394 5119 τὸν
1419 5066 1517 5120 ἕνα
1551 5068 1786 5137 Χριστὸν
1814 5069 1907 5120 καὶ

327 5158 474 5224 Υίδν,
509 5157 796 5228 ἄνθρωπόν
830 5175 890 5211 τε
923 5159 1042 5229 Θεῷ
1077 5157 1412 5230 συναφθῆναι
1451 5159 1728 5228 λέγοντες,
1767 5160 1908 5214 κατά

327 5251 498 5321 μόνην
555 5251 656 5320 τὴν
697 5250 918 5321 ἰσότητα
973 5251 1075 5321 τῆς
1136 5251 1317 5316 ἀξίας,
1369 5252 1539 5321 ἤγουν
1596 5251 1906 5315 αὑθεντίας,

323 5342 670 5413 διῃρημένων
697 5343 805 5396 τῶν
835 5342 1072 5411 φύσεων,
1106 5346 1184 5405 είς
1213 5343 1304 5396 τὸν
1334 5345 1480 5406 τίνος
1514 5343 1742 5397 θάνατον
1773 5345 1903 5397 ὲϐαο

327 5429 671 5500 πτίσθημεν;
704 5429 769 5484 Et
803 5430 902 5501 μὲν
933 5431 1116 5495 ίδικῶς
1163 5435 1240 5494 είς
1269 5432 1362 5486 τὸν
1388 5432 1485 5484 τοῦ
1536 5433 1670 5486 Θεοῦ
1706 5433 1905 5502 Λόγον,

327 5523 782 5594 κατηγορήσομεν
815 5525 1064 5594 ἐναργῶς
1097 5527 1197 5596 τῆς
1222 5524 1504 5596 ἀκηράτου
1558 5527 1775 5595 φύσεως
1809 5527 1909 5595 τὴν

328 5614 557 5684 φθορὰν,
619 5616 714 5668 καὶ
747 5615 1116 5686 καθοριοῦμεν
1149 5617 1380 5672 θάνατον
1423 5618 1524 5688 τῆς
1571 5617 1715 5672 κατά
1747 5617 1908 5688 φύσιν

330 5706 471 5779 ζωῆς
498 5745 513 5763 .
549 5709 599 5762 εί
631 5708 688 5762 δὲ
716 5709 782 5780 δὴ
808 5712 970 5779 φαῖεν
1019 5712 1101 5774 είς
1127 5711 1220 5766 τὸν
1252 5711 1347 5765 τοῦ
1390 5713 1455 5766 ἐκ
1500 5712 1757 5781 γυναικὸς
1799 5711 1907 5784 ίδίᾳ

402 5895 417 5924 ¹
460 5891 655 5952 Matth.
697 5910 868 5962 .ntv,
922 5895 1010 5950 56.
1089 5897 1109 5927 ¹
1144 5895 1304 5952 Rom.
1352 5910 1430 5962 ιι,
1463 5895 1548 5952 54.

2009 4615 2063 4662 ει
2101 4607 2395 4662 secundum
2429 4622 2528 4663 nos
2547 4607 2692 4663 facto
2722 4622 2784 4662 ea
2806 4623 2928 4677 quae
2954 4610 3064 4665 Deo
3093 4619 3226 4664 sunt
3265 4612 3429 4680 digna
3461 4628 3591 4666 cou-

2009 4700 2375 4755 servabimus.

2079 4791 2542 4858 Quemadmodum
2575 4795 2626 4846 iu
2652 4809 2815 4848 unum
2871 4793 3045 4849 Patris
3075 4807 3298 4852 nomen,
3330 4791 3408 4846 sic
3435 4804 3486 4845 et
3537 4797 3590 4844 in

2010 4900 2178 4939 unum
2218 4883 2338 4938 Filii
2383 4901 2600 4946 nomen,
2634 4896 2687 4940 et
2732 4887 2782 4940 iu
2818 4895 3048 4940 mortem
3083 4885 3277 4955 ipsius,
3311 4886 3439 4939 etin
3472 4886 3593 4954 Spi-

2009 4977 2174 5030 ritum
2209 4985 2455 5030 sanrtum
2487 4976 2846 5044 baptizamur.
2883 4975 2984 5040 Qui
3007 4976 3142 5031 duos
3178 4977 3228 5031 in
3263 4978 3400 5034 ﬁlios
3427 4993 3590 5034 unum

2007 5066 2289 5120 Christum
2345 5077 2400 5118 et
2468 5066 2658 5118 Filium
2713 5065 2983 5133 dividunt,
3039 5068 3260 5140 Deoque
3309 5072 3586 5126 hominem

2007 5157 2360 5227 coniunctum
2413 5166 2682 5222 asserunt,
2741 5159 2990 5226 doceant,
3053 5163 3239 5220 divisis
3295 5169 3589 5221 secundum

2006 5249 2175 5303 solam
2213 5246 2513 5316 dignitatis,
2548 5259 2641 5300 seu
2675 5250 3018 5307 auctoritatis
3042 5255 3409 5323 aequalitatem
3439 5267 3592 5309 natu-

2010 5341 2105 5407 ris,
2135 5340 2186 5394 in
2220 5352 2376 5407 cujus
2417 5347 2644 5395 mortem
2709 5341 2968 5410 baptizati
3011 5358 3222 5399 sumus.
3273 5345 3330 5398 Si
3357 5359 3578 5414 separa-

2007 5432 2104 5487 tim
2132 5431 2188 5486 in
2217 5428 2381 5484 Verbi
2413 5429 2502 5485 Dei
2535 5439 2783 5498 mortem,
2825 5443 3013 5505 aperte
3048 5447 3258 5489 natura:
3291 5435 3588 5488 immortali

2009 5524 2393 5581 mortalitatem
2426 5523 2789 5592 ascribemus,
2818 5527 3230 5594 tribuemusque
3269 5533 3502 5581 mortem
3529 5529 3579 5581 ei

2007 5618 2099 5689 qui
2131 5627 2226 5681 per
2261 5621 2510 5668 naturam
2539 5617 2772 5670 estvita.
2807 5615 2962 5680 Quod
2987 5617 3033 5670 si
3070 5614 3325 5679 dixerint,
3355 5615 3410 5669 in
3443 5631 3588 5671 mor-

2009 5715 2119 5767 tem
2151 5705 2296 5762 illius
2322 5705 2643 5775 separatim,
2679 5714 2735 5760 et
2755 5704 3056 5774 siglllatim,
3081 5714 3137 5764 et
3174 5721 3270 5780 per
3295 5719 3380 5774 se,
3405 5709 3495 5778 qui
3523 5725 3589 5766 ex
