  <div class='ocr_page' id='page_1' title='image "/cluster/home/n/w/nwhite01/storage/ocr_20150623/130/mdp.39015078384255/483.png"; bbox 0 0 4094 6300; ppageno 0'>
   <div class='ocr_carea' id='block_1_1' title="bbox 528 437 629 499">
    <p class='ocr_par' dir='ltr' id='par_1_1' title="bbox 528 437 629 499">
     <span class='ocr_line' id='line_1_1' title="bbox 528 437 629 499; baseline 0.02 -2"><span class='ocrx_word' id='word_1_1' title='bbox 528 437 629 499; x_wconf 76' lang='grc'><strong>951</strong></span> 
     </span>
    </p>
   </div>
   <div class='ocr_carea' id='block_1_2' title="bbox 1757 432 3754 502">
    <p class='ocr_par' dir='ltr' id='par_1_2' title="bbox 1757 432 3754 502">
     <span class='ocr_line' id='line_1_2' title="bbox 1757 432 3754 502; baseline -0.012 -3"><span class='ocrx_word' id='word_1_2' title='bbox 1757 439 2141 502; x_wconf 86' lang='lat' dir='ltr'><strong>EUTHYMll</strong></span> <span class='ocrx_word' id='word_1_3' title='bbox 2186 436 2552 497; x_wconf 83' lang='lat' dir='ltr'><strong>ZiGABENl</strong></span> <span class='ocrx_word' id='word_1_4' title='bbox 3666 432 3754 496; x_wconf 65' lang='lat'><strong>953</strong></span> 
     </span>
    </p>
   </div>
   <div class='ocr_carea' id='block_1_3' title="bbox 522 548 2115 629">
    <p class='ocr_par' dir='ltr' id='par_1_3' title="bbox 522 555 2097 626">
     <span class='ocr_line' id='line_1_3' title="bbox 522 555 2097 626; baseline 0.004 -19"><span class='ocrx_word' id='word_1_5' title='bbox 522 555 749 609; x_wconf 77' lang='lat' dir='ltr'><strong>muliere</strong></span> <span class='ocrx_word' id='word_1_6' title='bbox 793 561 953 608; x_wconf 86' lang='lat' dir='ltr'><strong>natus</strong></span> <span class='ocrx_word' id='word_1_7' title='bbox 1008 563 1111 620; x_wconf 84' lang='lat' dir='ltr'><strong>est,</strong></span> <span class='ocrx_word' id='word_1_8' title='bbox 1172 568 1350 611; x_wconf 87' lang='lat' dir='ltr'><strong>nonne</strong></span> <span class='ocrx_word' id='word_1_9' title='bbox 1389 556 1681 626; x_wconf 84' lang='lat' dir='ltr'><strong>perspicue</strong></span> <span class='ocrx_word' id='word_1_10' title='bbox 1738 556 1942 622; x_wconf 83' lang='lat' dir='ltr'><strong>dicent,</strong></span> <span class='ocrx_word' id='word_1_11' title='bbox 1974 572 2097 614; x_wconf 87' lang='lat' dir='ltr'><strong>eum</strong></span> 
     </span>
    </p>
   </div>
   <div class='ocr_carea' id='block_1_4' title="bbox 2216 548 3743 629">
    <p class='ocr_par' dir='ltr' id='par_1_4' title="bbox 2216 548 3743 629">
     <span class='ocr_line' id='line_1_4' title="bbox 2216 548 3743 629; baseline 0.001 -25"><span class='ocrx_word' id='word_1_12' title='bbox 2216 568 2267 629; x_wconf 41' lang='grc' dir='ltr'><strong>ιε,</strong></span> <span class='ocrx_word' id='word_1_13' title='bbox 2294 552 2386 604; x_wconf 79' lang='grc' dir='ltr'><strong>καὶ</strong></span> <span class='ocrx_word' id='word_1_14' title='bbox 2430 548 2534 603; x_wconf 77' lang='grc' dir='ltr'><strong>ἀνὰ</strong></span> <span class='ocrx_word' id='word_1_15' title='bbox 2566 548 2756 621; x_wconf 80' lang='grc' dir='ltr'><strong>μέρος,</strong></span> <span class='ocrx_word' id='word_1_16' title='bbox 2787 549 2881 603; x_wconf 80' lang='grc' dir='ltr'><strong>καὶ</strong></span> <span class='ocrx_word' id='word_1_17' title='bbox 2909 548 3033 603; x_wconf 77' lang='grc' dir='ltr'><strong>καθ’</strong></span> <span class='ocrx_word' id='word_1_18' title='bbox 3081 548 3274 603; x_wconf 77' lang='grc' dir='ltr'><strong>ἑαυτὸν</strong></span> <span class='ocrx_word' id='word_1_19' title='bbox 3306 549 3611 619; x_wconf 61' lang='grc' dir='ltr'><strong>νοουμένου,</strong></span> <span class='ocrx_word' id='word_1_20' title='bbox 3641 554 3743 620; x_wconf 75' lang='grc' dir='ltr'><strong>πῶς</strong></span> 
     </span>
    </p>
   </div>
   <div class='ocr_carea' id='block_1_5' title="bbox 522 643 2097 718">
    <p class='ocr_par' dir='ltr' id='par_1_5' title="bbox 522 643 2097 718">
     <span class='ocr_line' id='line_1_5' title="bbox 522 643 2097 718; baseline 0.005 -23"><span class='ocrx_word' id='word_1_21' title='bbox 522 643 671 699; x_wconf 68' lang='lat' dir='ltr'><strong>omni</strong></span> <span class='ocrx_word' id='word_1_22' title='bbox 728 643 936 699; x_wconf 89' lang='lat' dir='ltr'><strong>ratione</strong></span> <span class='ocrx_word' id='word_1_23' title='bbox 964 646 1218 717; x_wconf 89' lang='lat' dir='ltr'><strong>omnique</strong></span> <span class='ocrx_word' id='word_1_24' title='bbox 1259 647 1416 701; x_wconf 86' lang='lat' dir='ltr'><strong>modo</strong></span> <span class='ocrx_word' id='word_1_25' title='bbox 1445 662 1567 702; x_wconf 90' lang='lat' dir='ltr'><strong>cum</strong></span> <span class='ocrx_word' id='word_1_26' title='bbox 1601 646 1761 702; x_wconf 86' lang='lat' dir='ltr'><strong>Patre</strong></span> <span class='ocrx_word' id='word_1_27' title='bbox 1797 658 1851 702; x_wconf 87' lang='lat' dir='ltr'><strong>et</strong></span> <span class='ocrx_word' id='word_1_28' title='bbox 1893 648 2097 718; x_wconf 89' lang='lat' dir='ltr'><strong>Spiritu</strong></span> 
     </span>
    </p>
   </div>
   <div class='ocr_carea' id='block_1_6' title="bbox 523 738 2098 809">
    <p class='ocr_par' dir='ltr' id='par_1_6' title="bbox 523 738 2098 809">
     <span class='ocr_line' id='line_1_6' title="bbox 523 738 2098 809; baseline 0.001 -19"><span class='ocrx_word' id='word_1_29' title='bbox 523 744 713 792; x_wconf 79' lang='lat' dir='ltr'><strong>sancto</strong></span> <span class='ocrx_word' id='word_1_30' title='bbox 746 738 1091 809; x_wconf 75' lang='lat' dir='ltr'><strong>coniunctum</strong></span> <span class='ocrx_word' id='word_1_31' title='bbox 1139 750 1285 804; x_wconf 86' lang='lat' dir='ltr'><strong>esse,</strong></span> <span class='ocrx_word' id='word_1_32' title='bbox 1326 738 1551 809; x_wconf 78' lang='lat' dir='ltr'><strong>expulso</strong></span> <span class='ocrx_word' id='word_1_33' title='bbox 1580 739 1743 794; x_wconf 86' lang='lat' dir='ltr'><strong>etiam</strong></span> <span class='ocrx_word' id='word_1_34' title='bbox 1777 739 2007 795; x_wconf 82' lang='lat' dir='ltr'><strong>fortasse</strong></span> <span class='ocrx_word' id='word_1_35' title='bbox 2030 754 2098 794; x_wconf 78' lang='lat' dir='ltr'><strong>ex</strong></span> 
     </span>
    </p>
   </div>
   <div class='ocr_carea' id='block_1_7' title="bbox 527 825 2101 899">
    <p class='ocr_par' dir='ltr' id='par_1_7' title="bbox 527 825 2101 899">
     <span class='ocr_line' id='line_1_7' title="bbox 527 825 2101 899; baseline 0.001 -18"><span class='ocrx_word' id='word_1_36' title='bbox 527 828 637 881; x_wconf 85' lang='lat' dir='ltr'><strong>veri</strong></span> <span class='ocrx_word' id='word_1_37' title='bbox 662 826 779 883; x_wconf 83' lang='lat' dir='ltr'><strong>Filii</strong></span> <span class='ocrx_word' id='word_1_38' title='bbox 807 826 949 892; x_wconf 90' lang='lat' dir='ltr'><strong>loco,</strong></span> <span class='ocrx_word' id='word_1_39' title='bbox 978 825 1150 883; x_wconf 87' lang='lat' dir='ltr'><strong>Verbo</strong></span> <span class='ocrx_word' id='word_1_40' title='bbox 1179 842 1248 882; x_wconf 81' lang='lat' dir='ltr'><strong>ex</strong></span> <span class='ocrx_word' id='word_1_41' title='bbox 1278 827 1389 884; x_wconf 86' lang='lat' dir='ltr'><strong>Deo</strong></span> <span class='ocrx_word' id='word_1_42' title='bbox 1415 830 1760 898; x_wconf 80' lang='lat' dir='ltr'><strong>genito‘tSed</strong></span> <span class='ocrx_word' id='word_1_43' title='bbox 1794 828 1914 885; x_wconf 83' lang='lat' dir='ltr'><strong>vide</strong></span> <span class='ocrx_word' id='word_1_44' title='bbox 1944 829 2101 899; x_wconf 84' lang='lat' dir='ltr'><strong>plane</strong></span> 
     </span>
    </p>
   </div>
   <div class='ocr_carea' id='block_1_8' title="bbox 528 919 2103 988">
    <p class='ocr_par' dir='ltr' id='par_1_8' title="bbox 528 919 2103 988">
     <span class='ocr_line' id='line_1_8' title="bbox 528 919 2103 988; baseline 0.004 -17"><span class='ocrx_word' id='word_1_45' title='bbox 528 930 603 985; x_wconf 87' lang='lat' dir='ltr'><strong>tu,</strong></span> <span class='ocrx_word' id='word_1_46' title='bbox 637 919 728 988; x_wconf 88' lang='lat' dir='ltr'><strong>qui</strong></span> <span class='ocrx_word' id='word_1_47' title='bbox 783 927 1017 975; x_wconf 87' lang='lat' dir='ltr'><strong>mentem</strong></span> <span class='ocrx_word' id='word_1_48' title='bbox 1052 919 1220 976; x_wconf 87' lang='lat' dir='ltr'><strong>babes</strong></span> <span class='ocrx_word' id='word_1_49' title='bbox 1253 921 1571 987; x_wconf 82' lang='lat' dir='ltr'><strong>excitatam,</strong></span> <span class='ocrx_word' id='word_1_50' title='bbox 1607 922 1894 980; x_wconf 76' lang='lat' dir='ltr'><strong>f’absurdas</strong></span> <span class='ocrx_word' id='word_1_51' title='bbox 1922 923 2103 979; x_wconf 69' lang='lat' dir='ltr'><strong>bomi~</strong></span> 
     </span>
    </p>
   </div>
   <div class='ocr_carea' id='block_1_9' title="bbox 529 1010 2103 1084">
    <p class='ocr_par' dir='ltr' id='par_1_9' title="bbox 529 1010 2103 1084">
     <span class='ocr_line' id='line_1_9' title="bbox 529 1010 2103 1084; baseline 0.003 -19"><span class='ocrx_word' id='word_1_52' title='bbox 529 1026 652 1067; x_wconf 89' lang='lat' dir='ltr'><strong>num</strong></span> <span class='ocrx_word' id='word_1_53' title='bbox 681 1010 1061 1082; x_wconf 78' lang='lat' dir='ltr'><strong>cogitationes.</strong></span> <span class='ocrx_word' id='word_1_54' title='bbox 1091 1011 1473 1069; x_wconf 80' lang='lat' dir='ltr'><strong>Necessarium</strong></span> <span class='ocrx_word' id='word_1_55' title='bbox 1512 1013 1677 1084; x_wconf 83' lang='lat' dir='ltr'><strong>igitur</strong></span> <span class='ocrx_word' id='word_1_56' title='bbox 1725 1021 1834 1079; x_wconf 90' lang='lat' dir='ltr'><strong>est,</strong></span> <span class='ocrx_word' id='word_1_57' title='bbox 1859 1025 1920 1072; x_wconf 92' lang='lat' dir='ltr'><strong>ut</strong></span> <span class='ocrx_word' id='word_1_58' title='bbox 1946 1017 2103 1072; x_wconf 78' lang='lat' dir='ltr'><strong>intel-</strong></span> 
     </span>
    </p>
   </div>
   <div class='ocr_carea' id='block_1_10' title="bbox 528 1101 2106 1178">
    <p class='ocr_par' dir='ltr' id='par_1_10' title="bbox 528 1101 2106 1178">
     <span class='ocr_line' id='line_1_10' title="bbox 528 1101 2106 1178; baseline 0.006 -23"><span class='ocrx_word' id='word_1_59' title='bbox 528 1104 775 1174; x_wconf 78' lang='lat' dir='ltr'><strong>ligamus,</strong></span> <span class='ocrx_word' id='word_1_60' title='bbox 811 1102 902 1158; x_wconf 89' lang='lat' dir='ltr'><strong>Dei</strong></span> <span class='ocrx_word' id='word_1_61' title='bbox 940 1101 1169 1159; x_wconf 83' lang='lat' dir='ltr'><strong>Verbum</strong></span> <span class='ocrx_word' id='word_1_62' title='bbox 1222 1113 1279 1160; x_wconf 90' lang='lat' dir='ltr'><strong>ut</strong></span> <span class='ocrx_word' id='word_1_63' title='bbox 1328 1119 1447 1173; x_wconf 88' lang='lat' dir='ltr'><strong>nos,</strong></span> <span class='ocrx_word' id='word_1_64' title='bbox 1478 1116 1690 1172; x_wconf 89' lang='lat' dir='ltr'><strong>natum,</strong></span> <span class='ocrx_word' id='word_1_65' title='bbox 1739 1117 1932 1177; x_wconf 84' lang='lat' dir='ltr'><strong>sponte</strong></span> <span class='ocrx_word' id='word_1_66' title='bbox 1978 1122 2106 1178; x_wconf 55' lang='lat' dir='ltr'><strong>pas.</strong></span> 
     </span>
    </p>
   </div>
   <div class='ocr_carea' id='block_1_11' title="bbox 527 1193 2103 1269">
    <p class='ocr_par' dir='ltr' id='par_1_11' title="bbox 527 1193 2103 1269">
     <span class='ocr_line' id='line_1_11' title="bbox 527 1193 2103 1269; baseline 0.003 -22"><span class='ocrx_word' id='word_1_67' title='bbox 527 1208 647 1249; x_wconf 86' lang='lat' dir='ltr'><strong>sum</strong></span> <span class='ocrx_word' id='word_1_68' title='bbox 677 1207 803 1250; x_wconf 86' lang='lat' dir='ltr'><strong>esse</strong></span> <span class='ocrx_word' id='word_1_69' title='bbox 833 1208 1018 1249; x_wconf 89' lang='lat' dir='ltr'><strong>carne.</strong></span> <span class='ocrx_word' id='word_1_70' title='bbox 1050 1193 1144 1251; x_wconf 90' lang='lat' dir='ltr'><strong>Sic</strong></span> <span class='ocrx_word' id='word_1_71' title='bbox 1174 1197 1319 1251; x_wconf 88' lang='lat' dir='ltr'><strong>enim</strong></span> <span class='ocrx_word' id='word_1_72' title='bbox 1353 1196 1406 1252; x_wconf 90' lang='lat' dir='ltr'><strong>in</strong></span> <span class='ocrx_word' id='word_1_73' title='bbox 1429 1205 1662 1252; x_wconf 88' lang='lat' dir='ltr'><strong>mortem</strong></span> <span class='ocrx_word' id='word_1_74' title='bbox 1704 1197 1874 1267; x_wconf 91' lang='lat' dir='ltr'><strong>ipsius</strong></span> <span class='ocrx_word' id='word_1_75' title='bbox 1927 1197 2103 1269; x_wconf 88' lang='lat' dir='ltr'><strong>bapti-</strong></span> 
     </span>
    </p>
   </div>
   <div class='ocr_carea' id='block_1_12' title="bbox 529 1287 2102 1361">
    <p class='ocr_par' dir='ltr' id='par_1_12' title="bbox 529 1287 2102 1361">
     <span class='ocr_line' id='line_1_12' title="bbox 529 1287 2102 1361; baseline 0.003 -20"><span class='ocrx_word' id='word_1_76' title='bbox 529 1287 635 1342; x_wconf 73' lang='lat' dir='ltr'><strong>rati</strong></span> <span class='ocrx_word' id='word_1_77' title='bbox 679 1301 889 1350; x_wconf 87' lang='lat' dir='ltr'><strong>sumus,</strong></span> <span class='ocrx_word' id='word_1_78' title='bbox 940 1296 999 1343; x_wconf 90' lang='lat' dir='ltr'><strong>ut</strong></span> <span class='ocrx_word' id='word_1_79' title='bbox 1050 1289 1143 1358; x_wconf 91' lang='lat' dir='ltr'><strong>qui</strong></span> <span class='ocrx_word' id='word_1_80' title='bbox 1186 1303 1326 1345; x_wconf 90' lang='lat' dir='ltr'><strong>unus</strong></span> <span class='ocrx_word' id='word_1_81' title='bbox 1377 1287 1448 1345; x_wconf 81' lang='lat' dir='ltr'><strong>sit</strong></span> <span class='ocrx_word' id='word_1_82' title='bbox 1495 1288 1689 1351; x_wconf 86' lang='lat' dir='ltr'><strong>Filius.</strong></span> <span class='ocrx_word' id='word_1_83' title='bbox 1743 1300 2005 1361; x_wconf 88' lang='lat' dir='ltr'><strong>quantum</strong></span> <span class='ocrx_word' id='word_1_84' title='bbox 2037 1292 2102 1346; x_wconf 82' lang='lat' dir='ltr'><strong>ad</strong></span> 
     </span>
    </p>
   </div>
   <div class='ocr_carea' id='block_1_13' title="bbox 530 1379 2102 1452">
    <p class='ocr_par' dir='ltr' id='par_1_13' title="bbox 530 1379 2102 1452">
     <span class='ocr_line' id='line_1_13' title="bbox 530 1379 2102 1452; baseline 0.003 -19"><span class='ocrx_word' id='word_1_85' title='bbox 530 1379 829 1436; x_wconf 80' lang='lat' dir='ltr'><strong>divinitatis</strong></span> <span class='ocrx_word' id='word_1_86' title='bbox 857 1388 1109 1437; x_wconf 86' lang='lat' dir='ltr'><strong>naturam</strong></span> <span class='ocrx_word' id='word_1_87' title='bbox 1139 1381 1395 1452; x_wconf 84' lang='lat' dir='ltr'><strong>pertinet,</strong></span> <span class='ocrx_word' id='word_1_88' title='bbox 1448 1381 1789 1452; x_wconf 87' lang='lat' dir='ltr'><strong>impatibilis,</strong></span> <span class='ocrx_word' id='word_1_89' title='bbox 1841 1394 2102 1452; x_wconf 86' lang='lat' dir='ltr'><strong>quantum</strong></span> 
     </span>
    </p>
   </div>
   <div class='ocr_carea' id='block_1_14' title="bbox 530 1471 1376 1543">
    <p class='ocr_par' dir='ltr' id='par_1_14' title="bbox 530 1471 1376 1543">
     <span class='ocr_line' id='line_1_14' title="bbox 530 1471 1376 1543; baseline 0.005 -18"><span class='ocrx_word' id='word_1_90' title='bbox 530 1484 711 1526; x_wconf 84' lang='lat' dir='ltr'><strong>autem</strong></span> <span class='ocrx_word' id='word_1_91' title='bbox 741 1471 807 1526; x_wconf 90' lang='lat' dir='ltr'><strong>ad</strong></span> <span class='ocrx_word' id='word_1_92' title='bbox 841 1486 1080 1537; x_wconf 86' lang='lat' dir='ltr'><strong>carnem,</strong></span> <span class='ocrx_word' id='word_1_93' title='bbox 1117 1473 1376 1543; x_wconf 81' lang='lat' dir='ltr'><strong>patibilis.</strong></span> 
     </span>
    </p>
   </div>
   <div class='ocr_carea' id='block_1_15' title="bbox 600 1564 2106 1636">
    <p class='ocr_par' dir='ltr' id='par_1_15' title="bbox 600 1564 2106 1636">
     <span class='ocr_line' id='line_1_15' title="bbox 600 1564 2106 1636; baseline 0.005 -19"><span class='ocrx_word' id='word_1_94' title='bbox 600 1565 861 1634; x_wconf 84' lang='lat' dir='ltr'><strong>Apparuit</strong></span> <span class='ocrx_word' id='word_1_95' title='bbox 890 1567 1066 1636; x_wconf 87' lang='lat' dir='ltr'><strong>gratia</strong></span> <span class='ocrx_word' id='word_1_96' title='bbox 1090 1564 1185 1621; x_wconf 89' lang='lat' dir='ltr'><strong>Dei</strong></span> <span class='ocrx_word' id='word_1_97' title='bbox 1230 1565 1319 1621; x_wconf 88' lang='lat' dir='ltr'><strong>illa</strong></span> <span class='ocrx_word' id='word_1_98' title='bbox 1350 1567 1605 1623; x_wconf 85' lang='lat' dir='ltr'><strong>salutaris</strong></span> <span class='ocrx_word' id='word_1_99' title='bbox 1657 1570 1898 1623; x_wconf 85' lang='lat' dir='ltr'><strong>omnibus</strong></span> <span class='ocrx_word' id='word_1_100' title='bbox 1937 1571 2106 1624; x_wconf 81' lang='lat' dir='ltr'><strong>Itami-</strong></span> 
     </span>
    </p>
   </div>
   <div class='ocr_carea' id='block_1_16' title="bbox 533 1655 2107 1731">
    <p class='ocr_par' dir='ltr' id='par_1_16' title="bbox 533 1655 2107 1731">
     <span class='ocr_line' id='line_1_16' title="bbox 533 1655 2107 1731; baseline 0.007 -24"><span class='ocrx_word' id='word_1_101' title='bbox 533 1656 708 1720; x_wconf 83' lang='lat' dir='ltr'><strong>nibus,</strong></span> <span class='ocrx_word' id='word_1_102' title='bbox 751 1655 995 1710; x_wconf 78' lang='lat' dir='ltr'><strong>erudiens</strong></span> <span class='ocrx_word' id='word_1_103' title='bbox 1046 1674 1177 1731; x_wconf 40' lang='lat' dir='ltr'><strong>nos,’</strong></span> <span class='ocrx_word' id='word_1_104' title='bbox 1209 1667 1267 1712; x_wconf 88' lang='lat' dir='ltr'><strong>ut</strong></span> <span class='ocrx_word' id='word_1_105' title='bbox 1319 1660 1633 1728; x_wconf 86' lang='lat' dir='ltr'><strong>abnegantes</strong></span> <span class='ocrx_word' id='word_1_106' title='bbox 1676 1659 2014 1731; x_wconf 77' lang='lat' dir='ltr'><strong>impietatem,</strong></span> <span class='ocrx_word' id='word_1_107' title='bbox 2059 1672 2107 1718; x_wconf 91' lang='lat' dir='ltr'><strong>et</strong></span> 
     </span>
    </p>
   </div>
   <div class='ocr_carea' id='block_1_17' title="bbox 533 1746 2107 1819">
    <p class='ocr_par' dir='ltr' id='par_1_17' title="bbox 533 1746 2107 1819">
     <span class='ocr_line' id='line_1_17' title="bbox 533 1746 2107 1819; baseline 0.006 -20"><span class='ocrx_word' id='word_1_108' title='bbox 533 1746 816 1800; x_wconf 69' lang='lat' dir='ltr'><strong>saecularia</strong></span> <span class='ocrx_word' id='word_1_109' title='bbox 865 1748 1151 1814; x_wconf 83' lang='lat' dir='ltr'><strong>desideria,</strong></span> <span class='ocrx_word' id='word_1_110' title='bbox 1178 1750 1372 1817; x_wconf 88' lang='lat' dir='ltr'><strong>sobrie,</strong></span> <span class='ocrx_word' id='word_1_111' title='bbox 1401 1761 1448 1804; x_wconf 86' lang='lat' dir='ltr'><strong>et</strong></span> <span class='ocrx_word' id='word_1_112' title='bbox 1480 1751 1643 1819; x_wconf 86' lang='lat' dir='ltr'><strong>juste,</strong></span> <span class='ocrx_word' id='word_1_113' title='bbox 1673 1763 1722 1806; x_wconf 87' lang='lat' dir='ltr'><strong>et</strong></span> <span class='ocrx_word' id='word_1_114' title='bbox 1750 1752 1837 1817; x_wconf 85' lang='lat' dir='ltr'><strong>pie</strong></span> <span class='ocrx_word' id='word_1_115' title='bbox 1873 1753 2107 1808; x_wconf 80' lang='lat' dir='ltr'><strong>vivamus</strong></span> 
     </span>
    </p>
   </div>
   <div class='ocr_carea' id='block_1_18' title="bbox 2202 641 3749 713">
    <p class='ocr_par' dir='ltr' id='par_1_18' title="bbox 2202 641 3749 713">
     <span class='ocr_line' id='line_1_18' title="bbox 2202 641 3749 713; baseline 0 -16"><span class='ocrx_word' id='word_1_116' title='bbox 2202 644 2301 697; x_wconf 87' lang='grc' dir='ltr'><strong>οὐκ</strong></span> <span class='ocrx_word' id='word_1_117' title='bbox 2337 642 2517 697; x_wconf 72' lang='grc' dir='ltr'><strong>ἐκεῖνό</strong></span> <span class='ocrx_word' id='word_1_118' title='bbox 2549 658 2717 713; x_wconf 81' lang='grc' dir='ltr'><strong>φασιν</strong></span> <span class='ocrx_word' id='word_1_119' title='bbox 2747 642 3080 713; x_wconf 79' lang='grc' dir='ltr'><strong>ἀναφανδὸν,</strong></span> <span class='ocrx_word' id='word_1_120' title='bbox 3114 643 3198 696; x_wconf 81' lang='grc' dir='ltr'><strong>ὅτι</strong></span> <span class='ocrx_word' id='word_1_121' title='bbox 3229 641 3406 713; x_wconf 82' lang='grc' dir='ltr'>πάντη</span> <span class='ocrx_word' id='word_1_122' title='bbox 3437 660 3495 695; x_wconf 89' lang='grc' dir='ltr'><strong>τε</strong></span> <span class='ocrx_word' id='word_1_123' title='bbox 3523 645 3612 696; x_wconf 78' lang='grc' dir='ltr'><strong>καὶ</strong></span> <span class='ocrx_word' id='word_1_124' title='bbox 3636 646 3749 697; x_wconf 73' lang='grc' dir='ltr'><strong>πᾶν·</strong></span> 
     </span>
    </p>
   </div>
   <div class='ocr_carea' id='block_1_19' title="bbox 2200 735 3749 809">
    <p class='ocr_par' dir='ltr' id='par_1_19' title="bbox 2200 735 3749 809">
     <span class='ocr_line' id='line_1_19' title="bbox 2200 735 3749 809; baseline 0 -19"><span class='ocrx_word' id='word_1_125' title='bbox 2200 752 2307 799; x_wconf 78' lang='grc' dir='ltr'><strong>τως</strong></span> <span class='ocrx_word' id='word_1_126' title='bbox 2340 736 2501 799; x_wconf 80' lang='grc' dir='ltr'><strong>αὐτὸς</strong></span> <span class='ocrx_word' id='word_1_127' title='bbox 2525 737 2609 809; x_wconf 84' lang='grc' dir='ltr'><strong>εῐη</strong></span> <span class='ocrx_word' id='word_1_128' title='bbox 2644 735 2712 791; x_wconf 79' lang='grc' dir='ltr'><strong>ἂν</strong></span> <span class='ocrx_word' id='word_1_129' title='bbox 2738 735 2767 789; x_wconf 80' lang='grc' dir='ltr'><strong><em>ὁ</em></strong></span> <span class='ocrx_word' id='word_1_130' title='bbox 2796 736 3227 806; x_wconf 72' lang='grc' dir='ltr'><strong>συντεταγμένος</strong></span> <span class='ocrx_word' id='word_1_131' title='bbox 3253 735 3330 805; x_wconf 86' lang='grc' dir='ltr'><strong>τῷ</strong></span> <span class='ocrx_word' id='word_1_132' title='bbox 3356 735 3527 805; x_wconf 72' lang='lat' dir='ltr'><strong>Ila-cpi.</strong></span> <span class='ocrx_word' id='word_1_133' title='bbox 3579 739 3661 791; x_wconf 73' lang='grc' dir='ltr'><strong>καὶ</strong></span> <span class='ocrx_word' id='word_1_134' title='bbox 3683 738 3749 809; x_wconf 83' lang='grc' dir='ltr'><strong>τῷ</strong></span> 
     </span>
    </p>
   </div>
   <div class='ocr_carea' id='block_1_20' title="bbox 2203 826 3754 901">
    <p class='ocr_par' dir='ltr' id='par_1_20' title="bbox 2203 826 3754 901">
     <span class='ocr_line' id='line_1_20' title="bbox 2203 826 3754 901; baseline 0.001 -19"><span class='ocrx_word' id='word_1_135' title='bbox 2203 826 2346 899; x_wconf 79' lang='grc' dir='ltr'><strong>ἁγίῳ</strong></span> <span class='ocrx_word' id='word_1_136' title='bbox 2373 827 2649 897; x_wconf 84' lang='grc' dir='ltr'><strong>[Ινεύματι</strong></span> <span class='ocrx_word' id='word_1_137' title='bbox 2676 845 2691 896; x_wconf 88' lang='grc'><strong>;</strong></span> <span class='ocrx_word' id='word_1_138' title='bbox 2720 828 2861 898; x_wconf 83' lang='grc' dir='ltr'><strong>τάχα</strong></span> <span class='ocrx_word' id='word_1_139' title='bbox 2891 845 2995 881; x_wconf 84' lang='grc' dir='ltr'><strong>που</strong></span> <span class='ocrx_word' id='word_1_140' title='bbox 3035 828 3129 881; x_wconf 81' lang='grc' dir='ltr'><strong>καὶ</strong></span> <span class='ocrx_word' id='word_1_141' title='bbox 3158 827 3485 892; x_wconf 73' lang='grc' dir='ltr'><strong>ὲξωσθέντος</strong></span> <span class='ocrx_word' id='word_1_142' title='bbox 3517 827 3614 897; x_wconf 82' lang='grc' dir='ltr'><strong>τῆς</strong></span> <span class='ocrx_word' id='word_1_143' title='bbox 3643 830 3754 901; x_wconf 81' lang='grc' dir='ltr'><strong>ἁλη-</strong></span> 
     </span>
    </p>
   </div>
   <div class='ocr_carea' id='block_1_21' title="bbox 2204 918 3755 993">
    <p class='ocr_par' dir='ltr' id='par_1_21' title="bbox 2204 918 3755 993">
     <span class='ocr_line' id='line_1_21' title="bbox 2204 918 3755 993; baseline 0.001 -20"><span class='ocrx_word' id='word_1_144' title='bbox 2204 918 2330 982; x_wconf 81' lang='grc' dir='ltr'><strong>θοῦς</strong></span> <span class='ocrx_word' id='word_1_145' title='bbox 2356 918 2602 990; x_wconf 82' lang='grc' dir='ltr'><strong>υἱότητος</strong></span> <span class='ocrx_word' id='word_1_146' title='bbox 2623 918 2718 972; x_wconf 81' lang='grc' dir='ltr'><strong>τοῦ</strong></span> <span class='ocrx_word' id='word_1_147' title='bbox 2740 921 2805 973; x_wconf 85' lang='grc' dir='ltr'><strong>ὲκ</strong></span> <span class='ocrx_word' id='word_1_148' title='bbox 2840 918 2977 974; x_wconf 87' lang='grc' dir='ltr'>Θεοῦ</span> <span class='ocrx_word' id='word_1_149' title='bbox 3012 919 3211 990; x_wconf 80' lang='grc' dir='ltr'><strong>φύντος</strong></span> <span class='ocrx_word' id='word_1_150' title='bbox 3247 919 3442 987; x_wconf 81' lang='grc' dir='ltr'><strong>Λόγου.</strong></span> <span class='ocrx_word' id='word_1_151' title='bbox 3515 921 3647 973; x_wconf 85' lang='grc' dir='ltr'><strong>Ἀλλ’</strong></span> <span class='ocrx_word' id='word_1_152' title='bbox 3670 922 3755 993; x_wconf 78' lang='grc' dir='ltr'><strong>ὅρα</strong></span> 
     </span>
    </p>
   </div>
   <div class='ocr_carea' id='block_1_22' title="bbox 2206 1010 3756 1083">
    <p class='ocr_par' dir='ltr' id='par_1_22' title="bbox 2206 1010 3756 1083">
     <span class='ocr_line' id='line_1_22' title="bbox 2206 1010 3756 1083; baseline 0.002 -20"><span class='ocrx_word' id='word_1_153' title='bbox 2206 1028 2308 1064; x_wconf 86' lang='grc' dir='ltr'><strong>που</strong></span> <span class='ocrx_word' id='word_1_154' title='bbox 2326 1011 2612 1075; x_wconf 74' lang='grc' dir='ltr'><strong>πάντως,6</strong></span> <span class='ocrx_word' id='word_1_155' title='bbox 2638 1010 2766 1066; x_wconf 78' lang='grc' dir='ltr'><strong>νοῦν</strong></span> <span class='ocrx_word' id='word_1_156' title='bbox 2789 1010 2928 1081; x_wconf 76' lang='grc' dir='ltr'><strong>ἔχων</strong></span> <span class='ocrx_word' id='word_1_157' title='bbox 2949 1010 3397 1082; x_wconf 81' lang='grc' dir='ltr'><strong>διεγηγερμένον,</strong></span> <span class='ocrx_word' id='word_1_158' title='bbox 3434 1011 3532 1083; x_wconf 77' lang='grc' dir='ltr'><strong>τὴν</strong></span> <span class='ocrx_word' id='word_1_159' title='bbox 3559 1012 3659 1064; x_wconf 83' lang='grc' dir='ltr'><strong>τῶν</strong></span> <span class='ocrx_word' id='word_1_160' title='bbox 3682 1017 3756 1066; x_wconf 83' lang='grc' dir='ltr'><strong>ὲν-</strong></span> 
     </span>
    </p>
   </div>
   <div class='ocr_carea' id='block_1_23' title="bbox 2204 1104 3758 1174">
    <p class='ocr_par' dir='ltr' id='par_1_23' title="bbox 2204 1104 3758 1174">
     <span class='ocr_line' id='line_1_23' title="bbox 2204 1104 3758 1174; baseline -0.001 -16"><span class='ocrx_word' id='word_1_161' title='bbox 2204 1104 2369 1159; x_wconf 83' lang='grc' dir='ltr'><strong>νοιῶν</strong></span> <span class='ocrx_word' id='word_1_162' title='bbox 2402 1104 2657 1160; x_wconf 71' lang='grc' dir='ltr'><strong>ἀτοπίαν.</strong></span> <span class='ocrx_word' id='word_1_163' title='bbox 2700 1104 2912 1158; x_wconf 80' lang='grc' dir='ltr'><strong>Οὐκοῦν</strong></span> <span class='ocrx_word' id='word_1_164' title='bbox 2960 1105 3174 1174; x_wconf 66' lang='grc' dir='ltr'><strong>ἀνάγκη</strong></span> <span class='ocrx_word' id='word_1_165' title='bbox 3230 1106 3393 1167; x_wconf 84' lang='grc' dir='ltr'><strong>νοεῖν,</strong></span> <span class='ocrx_word' id='word_1_166' title='bbox 3434 1104 3516 1157; x_wconf 82' lang='grc' dir='ltr'><strong>ὅτι</strong></span> <span class='ocrx_word' id='word_1_167' title='bbox 3545 1105 3758 1173; x_wconf 84' lang='grc' dir='ltr'><strong>γεγονὼς</strong></span> 
     </span>
    </p>
   </div>
   <div class='ocr_carea' id='block_1_24' title="bbox 2207 1194 3757 1268">
    <p class='ocr_par' dir='ltr' id='par_1_24' title="bbox 2207 1194 3757 1268">
     <span class='ocr_line' id='line_1_24' title="bbox 2207 1194 3757 1268; baseline 0.001 -18"><span class='ocrx_word' id='word_1_168' title='bbox 2207 1194 2332 1250; x_wconf 84' lang='grc' dir='ltr'><strong>καθ’</strong></span> <span class='ocrx_word' id='word_1_169' title='bbox 2363 1198 2512 1268; x_wconf 79' lang='grc' dir='ltr'><strong>ἡμᾶς</strong></span> <span class='ocrx_word' id='word_1_170' title='bbox 2538 1198 2567 1250; x_wconf 81' lang='grc' dir='ltr'>ὁ</span> <span class='ocrx_word' id='word_1_171' title='bbox 2590 1196 2684 1250; x_wconf 82' lang='grc' dir='ltr'><strong>τοῦ</strong></span> <span class='ocrx_word' id='word_1_172' title='bbox 2713 1195 2851 1250; x_wconf 82' lang='grc' dir='ltr'><strong>Θεοῦ</strong></span> <span class='ocrx_word' id='word_1_173' title='bbox 2882 1196 3077 1265; x_wconf 87' lang='grc' dir='ltr'><strong>Λόγος,</strong></span> <span class='ocrx_word' id='word_1_174' title='bbox 3112 1198 3273 1267; x_wconf 77' lang='grc' dir='ltr'><strong>σαρκὶ</strong></span> <span class='ocrx_word' id='word_1_175' title='bbox 3309 1196 3572 1250; x_wconf 73' lang='grc' dir='ltr'><strong>πέπονθεν</strong></span> <span class='ocrx_word' id='word_1_176' title='bbox 3615 1198 3757 1253; x_wconf 80' lang='grc' dir='ltr'><strong>ἑκών.</strong></span> 
     </span>
    </p>
   </div>
   <div class='ocr_carea' id='block_1_25' title="bbox 2206 1283 3757 1357">
    <p class='ocr_par' dir='ltr' id='par_1_25' title="bbox 2206 1283 3757 1357">
     <span class='ocr_line' id='line_1_25' title="bbox 2206 1283 3757 1357; baseline 0.001 -19"><span class='ocrx_word' id='word_1_177' title='bbox 2206 1284 2636 1356; x_wconf 76' lang='grc' dir='ltr'><strong>Βεόαπτίσμεθα</strong></span> <span class='ocrx_word' id='word_1_178' title='bbox 2668 1283 2777 1357; x_wconf 88' lang='grc' dir='ltr'><strong>γάρ</strong></span> <span class='ocrx_word' id='word_1_179' title='bbox 2801 1283 2974 1348; x_wconf 77' lang='grc' dir='ltr'><strong>οὕτως</strong></span> <span class='ocrx_word' id='word_1_180' title='bbox 2995 1286 3074 1350; x_wconf 77' lang='grc' dir='ltr'><strong>εἰς</strong></span> <span class='ocrx_word' id='word_1_181' title='bbox 3104 1287 3197 1338; x_wconf 68' lang='grc' dir='ltr'><strong>τὸν</strong></span> <span class='ocrx_word' id='word_1_182' title='bbox 3221 1285 3387 1340; x_wconf 80' lang='grc' dir='ltr'><strong>αὑτοῦ</strong></span> <span class='ocrx_word' id='word_1_183' title='bbox 3412 1286 3653 1349; x_wconf 78' lang='grc' dir='ltr'><strong>θάνατον,</strong></span> <span class='ocrx_word' id='word_1_184' title='bbox 3693 1287 3757 1351; x_wconf 85' lang='grc' dir='ltr'><strong>ὡς</strong></span> 
     </span>
    </p>
   </div>
   <div class='ocr_carea' id='block_1_26' title="bbox 2208 1376 3760 1450">
    <p class='ocr_par' dir='ltr' id='par_1_26' title="bbox 2208 1376 3760 1450">
     <span class='ocr_line' id='line_1_26' title="bbox 2208 1376 3760 1450; baseline 0.003 -20"><span class='ocrx_word' id='word_1_185' title='bbox 2208 1376 2328 1441; x_wconf 80' lang='grc' dir='ltr'><strong>ἑνὸς</strong></span> <span class='ocrx_word' id='word_1_186' title='bbox 2374 1377 2528 1442; x_wconf 76' lang='grc' dir='ltr'><strong>ὄντος</strong></span> <span class='ocrx_word' id='word_1_187' title='bbox 2555 1377 2711 1440; x_wconf 76' lang='grc' dir='ltr'><strong>Υῐοῦ,</strong></span> <span class='ocrx_word' id='word_1_188' title='bbox 2748 1378 2892 1432; x_wconf 86' lang='grc' dir='ltr'><strong>κατά</strong></span> <span class='ocrx_word' id='word_1_189' title='bbox 2925 1378 3026 1447; x_wconf 84' lang='grc' dir='ltr'><strong>μὲν</strong></span> <span class='ocrx_word' id='word_1_190' title='bbox 3072 1378 3173 1450; x_wconf 83' lang='grc' dir='ltr'><strong>τὴν</strong></span> <span class='ocrx_word' id='word_1_191' title='bbox 3207 1378 3305 1448; x_wconf 83' lang='grc' dir='ltr'><strong>τῆς</strong></span> <span class='ocrx_word' id='word_1_192' title='bbox 3340 1378 3590 1449; x_wconf 75' lang='grc' dir='ltr'><strong>θεότητος</strong></span> <span class='ocrx_word' id='word_1_193' title='bbox 3623 1379 3760 1448; x_wconf 83' lang='grc' dir='ltr'><strong>φύσιν</strong></span> 
     </span>
    </p>
   </div>
   <div class='ocr_carea' id='block_1_27' title="bbox 2208 1465 3489 1539">
    <p class='ocr_par' dir='ltr' id='par_1_27' title="bbox 2208 1465 3489 1539">
     <span class='ocr_line' id='line_1_27' title="bbox 2208 1465 3489 1539; baseline 0.002 -19"><span class='ocrx_word' id='word_1_194' title='bbox 2208 1467 2480 1533; x_wconf 81' lang='grc' dir='ltr'><strong>ἀπαθοῦς,</strong></span> <span class='ocrx_word' id='word_1_195' title='bbox 2508 1465 2758 1537; x_wconf 80' lang='grc' dir='ltr'><strong>παθητοῦ</strong></span> <span class='ocrx_word' id='word_1_196' title='bbox 2788 1466 2845 1522; x_wconf 84' lang='grc' dir='ltr'><strong>δὲ</strong></span> <span class='ocrx_word' id='word_1_197' title='bbox 2872 1468 3011 1522; x_wconf 86' lang='grc' dir='ltr'><strong>κατά</strong></span> <span class='ocrx_word' id='word_1_198' title='bbox 3043 1467 3243 1539; x_wconf 83' lang='grc' dir='ltr'>σάρκα.</span> <span class='ocrx_word' id='word_1_199' title='bbox 3486 1502 3489 1505; x_wconf 94' lang='grc'><strong><em>-</em></strong></span> 
     </span>
    </p>
   </div>
   <div class='ocr_carea' id='block_1_28' title="bbox 2289 1558 3762 1631">
    <p class='ocr_par' dir='ltr' id='par_1_28' title="bbox 2289 1558 3762 1631">
     <span class='ocr_line' id='line_1_28' title="bbox 2289 1558 3762 1631; baseline 0 -18"><span class='ocrx_word' id='word_1_200' title='bbox 2289 1558 2591 1628; x_wconf 69' lang='grc' dir='ltr'><strong>Ἐπεφάνη</strong></span> <span class='ocrx_word' id='word_1_201' title='bbox 2610 1560 2648 1628; x_wconf 75' lang='grc' dir='ltr'>ἡ</span> <span class='ocrx_word' id='word_1_202' title='bbox 2667 1558 2840 1628; x_wconf 76' lang='grc' dir='ltr'><strong>χάρις</strong></span> <span class='ocrx_word' id='word_1_203' title='bbox 2857 1559 2962 1614; x_wconf 83' lang='grc' dir='ltr'><strong>τοῦ</strong></span> <span class='ocrx_word' id='word_1_204' title='bbox 2986 1559 3133 1614; x_wconf 86' lang='grc' dir='ltr'><strong>Θεοῦ</strong></span> <span class='ocrx_word' id='word_1_205' title='bbox 3150 1561 3182 1629; x_wconf 83' lang='grc' dir='ltr'>ἡ</span> <span class='ocrx_word' id='word_1_206' title='bbox 3203 1561 3474 1631; x_wconf 82' lang='grc' dir='ltr'><strong>σωτήριος</strong></span> <span class='ocrx_word' id='word_1_207' title='bbox 3494 1560 3668 1618; x_wconf 78' lang='grc' dir='ltr'><em>πᾶσιν</em></span> <span class='ocrx_word' id='word_1_208' title='bbox 3679 1581 3762 1618; x_wconf 73' lang='lat' dir='ltr'><strong>ar-</strong></span> 
     </span>
    </p>
   </div>
   <div class='ocr_carea' id='block_1_29' title="bbox 2208 1646 3762 1722">
    <p class='ocr_par' dir='ltr' id='par_1_29' title="bbox 2208 1646 3762 1722">
     <span class='ocr_line' id='line_1_29' title="bbox 2208 1646 3762 1722; baseline 0.003 -19"><span class='ocrx_word' id='word_1_209' title='bbox 2208 1646 2482 1719; x_wconf 81' lang='grc' dir='ltr'><strong>θρώποις,</strong></span> <span class='ocrx_word' id='word_1_210' title='bbox 2512 1650 2889 1705; x_wconf 78' lang='grc' dir='ltr'><strong>παιδεύουσα</strong></span> <span class='ocrx_word' id='word_1_211' title='bbox 2922 1650 3100 1721; x_wconf 76' lang='grc' dir='ltr'><strong>ἡμᾶς,</strong></span> <span class='ocrx_word' id='word_1_212' title='bbox 3129 1651 3231 1705; x_wconf 79' lang='grc' dir='ltr'><strong>ἵνα</strong></span> <span class='ocrx_word' id='word_1_213' title='bbox 3248 1652 3645 1722; x_wconf 75' lang='grc' dir='ltr'><strong>ἀρνησάμενοι</strong></span> <span class='ocrx_word' id='word_1_214' title='bbox 3667 1656 3762 1722; x_wconf 79' lang='grc' dir='ltr'><strong>τὴν</strong></span> 
     </span>
    </p>
   </div>
   <div class='ocr_carea' id='block_1_30' title="bbox 2206 1741 3760 1815">
    <p class='ocr_par' dir='ltr' id='par_1_30' title="bbox 2206 1741 3760 1815">
     <span class='ocr_line' id='line_1_30' title="bbox 2206 1741 3760 1815; baseline 0.001 -18"><span class='ocrx_word' id='word_1_215' title='bbox 2206 1741 2485 1797; x_wconf 77' lang='grc' dir='ltr'><strong>ἀσέϐειαν</strong></span> <span class='ocrx_word' id='word_1_216' title='bbox 2514 1742 2608 1795; x_wconf 73' lang='grc' dir='ltr'><strong>καὶ</strong></span> <span class='ocrx_word' id='word_1_217' title='bbox 2633 1743 2739 1807; x_wconf 83' lang='grc' dir='ltr'><strong>τὰς</strong></span> <span class='ocrx_word' id='word_1_218' title='bbox 2761 1744 3055 1811; x_wconf 82' lang='grc' dir='ltr'><strong>κοσμικὰς</strong></span> <span class='ocrx_word' id='word_1_219' title='bbox 3069 1743 3393 1814; x_wconf 79' lang='grc' dir='ltr'><strong>ἐπιθυμίας</strong></span> <span class='ocrx_word' id='word_1_220' title='bbox 3410 1784 3424 1808; x_wconf 84' lang='grc'><strong>,</strong></span> <span class='ocrx_word' id='word_1_221' title='bbox 3446 1747 3760 1815; x_wconf 71' lang='grc' dir='ltr'><strong>σωφρόνως,</strong></span> 
     </span>
    </p>
   </div>
   <div class='ocr_carea' id='block_1_31' title="bbox 534 1829 2115 1909">
    <p class='ocr_par' dir='ltr' id='par_1_31' title="bbox 534 1837 2104 1909">
     <span class='ocr_line' id='line_1_31' title="bbox 534 1837 2104 1909; baseline 0.006 -20"><span class='ocrx_word' id='word_1_222' title='bbox 534 1837 586 1890; x_wconf 84' lang='lat' dir='ltr'><strong>in</strong></span> <span class='ocrx_word' id='word_1_223' title='bbox 610 1838 706 1891; x_wconf 83' lang='lat' dir='ltr'><strong>hoc</strong></span> <span class='ocrx_word' id='word_1_224' title='bbox 730 1840 940 1904; x_wconf 79' lang='lat' dir='ltr'><strong>strculo,</strong></span> <span class='ocrx_word' id='word_1_225' title='bbox 961 1850 1318 1909; x_wconf 73' lang='lat' dir='ltr'><strong>exspectantes</strong></span> <span class='ocrx_word' id='word_1_226' title='bbox 1348 1841 1555 1896; x_wconf 87' lang='lat' dir='ltr'><strong>beatam</strong></span> <span class='ocrx_word' id='word_1_227' title='bbox 1578 1858 1720 1905; x_wconf 83' lang='lat' dir='ltr'><strong>spem</strong></span> <span class='ocrx_word' id='word_1_228' title='bbox 1749 1851 1798 1897; x_wconf 88' lang='lat' dir='ltr'><strong>et</strong></span> <span class='ocrx_word' id='word_1_229' title='bbox 1826 1844 2104 1899; x_wconf 86' lang='lat' dir='ltr'><strong>adventum</strong></span> 
     </span>
    </p>
   </div>
   <div class='ocr_carea' id='block_1_32' title="bbox 2216 1829 3763 1909">
    <p class='ocr_par' dir='ltr' id='par_1_32' title="bbox 2216 1829 3763 1902">
     <span class='ocr_line' id='line_1_32' title="bbox 2216 1829 3763 1902; baseline 0.006 -19"><span class='ocrx_word' id='word_1_230' title='bbox 2216 1830 2308 1883; x_wconf 75' lang='grc' dir='ltr'><strong>καὶ</strong></span> <span class='ocrx_word' id='word_1_231' title='bbox 2336 1829 2619 1897; x_wconf 81' lang='grc' dir='ltr'><strong>δικαίως,</strong></span> <span class='ocrx_word' id='word_1_232' title='bbox 2675 1832 2774 1886; x_wconf 70' lang='grc' dir='ltr'><strong>καὶ</strong></span> <span class='ocrx_word' id='word_1_233' title='bbox 2802 1833 3069 1897; x_wconf 82' lang='grc' dir='ltr'><strong>εὐσεόως</strong></span> <span class='ocrx_word' id='word_1_234' title='bbox 3115 1830 3394 1902; x_wconf 59' lang='grc' dir='ltr'><strong>ζήσωμεν</strong></span> <span class='ocrx_word' id='word_1_235' title='bbox 3446 1834 3514 1889; x_wconf 80' lang='grc' dir='ltr'><strong>ἐν</strong></span> <span class='ocrx_word' id='word_1_236' title='bbox 3559 1835 3632 1900; x_wconf 86' lang='grc' dir='ltr'><strong>τῷ</strong></span> <span class='ocrx_word' id='word_1_237' title='bbox 3667 1839 3763 1892; x_wconf 82' lang='grc' dir='ltr'><strong>νῦν</strong></span> 
     </span>
    </p>
   </div>
   <div class='ocr_carea' id='block_1_33' title="bbox 532 1906 2115 2002">
    <p class='ocr_par' dir='ltr' id='par_1_33' title="bbox 532 1906 2104 2002">
     <span class='ocr_line' id='line_1_33' title="bbox 532 1906 2104 2002; baseline 0.003 -19"><span class='ocrx_word' id='word_1_238' title='bbox 532 1929 716 2000; x_wconf 75' lang='lat' dir='ltr'><strong>gloriae</strong></span> <span class='ocrx_word' id='word_1_239' title='bbox 743 1933 921 2001; x_wconf 83' lang='lat' dir='ltr'><strong>magni</strong></span> <span class='ocrx_word' id='word_1_240' title='bbox 956 1906 1072 1996; x_wconf 81' lang='lat' dir='ltr'><strong>Dei,</strong></span> <span class='ocrx_word' id='word_1_241' title='bbox 1103 1942 1150 1987; x_wconf 90' lang='lat' dir='ltr'><strong>et</strong></span> <span class='ocrx_word' id='word_1_242' title='bbox 1194 1932 1486 1989; x_wconf 79' lang='lat' dir='ltr'><strong>Saluatoris</strong></span> <span class='ocrx_word' id='word_1_243' title='bbox 1526 1936 1693 1988; x_wconf 84' lang='lat' dir='ltr'><strong>nostri</strong></span> <span class='ocrx_word' id='word_1_244' title='bbox 1720 1934 1847 1990; x_wconf 71' lang='lat' dir='ltr'><strong>Iesu</strong></span> <span class='ocrx_word' id='word_1_245' title='bbox 1883 1935 2104 2002; x_wconf 79' lang='lat' dir='ltr'><strong>Christi,</strong></span> 
     </span>
    </p>
   </div>
   <div class='ocr_carea' id='block_1_34' title="bbox 2216 1906 3763 2002">
    <p class='ocr_par' dir='ltr' id='par_1_34' title="bbox 2216 1919 3763 1994">
     <span class='ocr_line' id='line_1_34' title="bbox 2216 1919 3763 1994; baseline 0.003 -16"><span class='ocrx_word' id='word_1_246' title='bbox 2216 1919 2396 1985; x_wconf 74' lang='grc' dir='ltr'><strong>αἰῶνι,</strong></span> <span class='ocrx_word' id='word_1_247' title='bbox 2412 1923 2880 1994; x_wconf 78' lang='grc' dir='ltr'><strong>προσδεχόμενοι</strong></span> <span class='ocrx_word' id='word_1_248' title='bbox 2902 1925 3105 1993; x_wconf 66' lang='grc' dir='ltr'><strong>τὴν-μα</strong></span> <span class='ocrx_word' id='word_1_249' title='bbox 3144 1926 3320 1993; x_wconf 85' lang='grc' dir='ltr'><strong>αρίαν</strong></span> <span class='ocrx_word' id='word_1_250' title='bbox 3330 1925 3545 1980; x_wconf 74' lang='grc' dir='ltr'><strong>ἐλπίδα</strong></span> <span class='ocrx_word' id='word_1_251' title='bbox 3559 1946 3593 1983; x_wconf 83' lang='grc' dir='ltr'><em>κ</em></span> <span class='ocrx_word' id='word_1_252' title='bbox 3614 1930 3643 1979; x_wconf 79' lang='lat' dir='ltr'><strong>ti</strong></span> <span class='ocrx_word' id='word_1_253' title='bbox 3661 1929 3763 1983; x_wconf 74' lang='grc' dir='ltr'><strong>ἐπιο</strong></span> 
     </span>
    </p>
   </div>
   <div class='ocr_carea' id='block_1_35' title="bbox 419 2022 2111 2111">
    <p class='ocr_par' dir='ltr' id='par_1_35' title="bbox 419 2022 2111 2111">
     <span class='ocr_line' id='line_1_35' title="bbox 419 2022 2111 2111; baseline 0.005 -36"><span class='ocrx_word' id='word_1_254' title='bbox 419 2087 427 2111; x_wconf 41' lang='grc' dir='ltr'>ι</span> <span class='ocrx_word' id='word_1_255' title='bbox 534 2022 623 2091; x_wconf 87' lang='lat' dir='ltr'><strong>qui</strong></span> <span class='ocrx_word' id='word_1_256' title='bbox 665 2024 805 2077; x_wconf 82' lang='lat' dir='ltr'><strong>dedit</strong></span> <span class='ocrx_word' id='word_1_257' title='bbox 846 2025 1178 2093; x_wconf 81' lang='lat' dir='ltr'><strong>semetipsum</strong></span> <span class='ocrx_word' id='word_1_258' title='bbox 1215 2035 1272 2079; x_wconf 90' lang='lat' dir='ltr'><strong>ut</strong></span> <span class='ocrx_word' id='word_1_259' title='bbox 1305 2043 1396 2080; x_wconf 85' lang='lat' dir='ltr'><strong>nos</strong></span> <span class='ocrx_word' id='word_1_260' title='bbox 1428 2026 1699 2082; x_wconf 82' lang='lat' dir='ltr'><strong>redimeret</strong></span> <span class='ocrx_word' id='word_1_261' title='bbox 1731 2029 1794 2082; x_wconf 90' lang='lat' dir='ltr'><strong>ab</strong></span> <span class='ocrx_word' id='word_1_262' title='bbox 1819 2031 1961 2084; x_wconf 88' lang='lat' dir='ltr'><strong>omni</strong></span> <span class='ocrx_word' id='word_1_263' title='bbox 2006 2030 2111 2084; x_wconf 85' lang='lat' dir='ltr'><strong>iui-</strong></span> 
     </span>
    </p>
   </div>
   <div class='ocr_carea' id='block_1_36' title="bbox 536 2114 2111 2192">
    <p class='ocr_par' dir='ltr' id='par_1_36' title="bbox 536 2114 2111 2192">
     <span class='ocr_line' id='line_1_36' title="bbox 536 2114 2111 2192; baseline 0.007 -25"><span class='ocrx_word' id='word_1_264' title='bbox 536 2114 755 2185; x_wconf 80' lang='lat' dir='ltr'><strong>quitate,</strong></span> <span class='ocrx_word' id='word_1_265' title='bbox 828 2124 877 2171; x_wconf 83' lang='lat' dir='ltr'><strong>et</strong></span> <span class='ocrx_word' id='word_1_266' title='bbox 933 2121 1213 2171; x_wconf 76' lang='lat' dir='ltr'><strong>mandaret</strong></span> <span class='ocrx_word' id='word_1_267' title='bbox 1265 2117 1365 2172; x_wconf 85' lang='lat' dir='ltr'><strong>sibi</strong></span> <span class='ocrx_word' id='word_1_268' title='bbox 1421 2120 1671 2188; x_wconf 85' lang='lat' dir='ltr'><strong>populum</strong></span> <span class='ocrx_word' id='word_1_269' title='bbox 1720 2121 2111 2192; x_wconf 83' lang='lat' dir='ltr'><strong>aceeptabilem,</strong></span> 
     </span>
    </p>
   </div>
   <div class='ocr_carea' id='block_1_37' title="bbox 538 2210 2115 2281">
    <p class='ocr_par' dir='ltr' id='par_1_37' title="bbox 538 2210 2115 2281">
     <span class='ocr_line' id='line_1_37' title="bbox 538 2210 2115 2281; baseline 0.006 -17"><span class='ocrx_word' id='word_1_270' title='bbox 538 2218 845 2265; x_wconf 77' lang='lat' dir='ltr'><strong>sectatorem</strong></span> <span class='ocrx_word' id='word_1_271' title='bbox 892 2210 1146 2264; x_wconf 89' lang='lat' dir='ltr'><strong>bonorum</strong></span> <span class='ocrx_word' id='word_1_272' title='bbox 1209 2214 1493 2280; x_wconf 79' lang='lat' dir='ltr'><strong>operum‘.</strong></span> <span class='ocrx_word' id='word_1_273' title='bbox 1551 2212 1809 2281; x_wconf 71' lang='lat' dir='ltr'><strong>Quaenam</strong></span> <span class='ocrx_word' id='word_1_274' title='bbox 1860 2224 1954 2278; x_wconf 65' lang='lat' dir='ltr'><strong>est,</strong></span> <span class='ocrx_word' id='word_1_275' title='bbox 1999 2219 2115 2274; x_wconf 69' lang='lat' dir='ltr'><strong>haec</strong></span> 
     </span>
    </p>
   </div>
   <div class='ocr_carea' id='block_1_38' title="bbox 538 2299 2114 2374">
    <p class='ocr_par' dir='ltr' id='par_1_38' title="bbox 538 2299 2114 2374">
     <span class='ocr_line' id='line_1_38' title="bbox 538 2299 2114 2374; baseline 0.005 -19"><span class='ocrx_word' id='word_1_276' title='bbox 538 2302 729 2370; x_wconf 77' lang='lat' dir='ltr'><strong>gratia,</strong></span> <span class='ocrx_word' id='word_1_277' title='bbox 777 2308 833 2356; x_wconf 89' lang='lat' dir='ltr'><strong>et</strong></span> <span class='ocrx_word' id='word_1_278' title='bbox 862 2299 1016 2370; x_wconf 83' lang='lat' dir='ltr'><strong>cujus</strong></span> <span class='ocrx_word' id='word_1_279' title='bbox 1045 2299 1161 2365; x_wconf 85' lang='lat' dir='ltr'><strong>Dei,</strong></span> <span class='ocrx_word' id='word_1_280' title='bbox 1190 2315 1310 2371; x_wconf 82' lang='lat' dir='ltr'><strong>quae</strong></span> <span class='ocrx_word' id='word_1_281' title='bbox 1332 2302 1488 2357; x_wconf 89' lang='lat' dir='ltr'><strong>nobis</strong></span> <span class='ocrx_word' id='word_1_282' title='bbox 1525 2305 1795 2374; x_wconf 81' lang='lat' dir='ltr'><strong>apparuit,</strong></span> <span class='ocrx_word' id='word_1_283' title='bbox 1823 2315 1878 2361; x_wconf 89' lang='lat' dir='ltr'><strong>et</strong></span> <span class='ocrx_word' id='word_1_284' title='bbox 1909 2306 2114 2363; x_wconf 87' lang='lat' dir='ltr'><strong>saluta-</strong></span> 
     </span>
    </p>
   </div>
   <div class='ocr_carea' id='block_1_39' title="bbox 543 2390 2116 2453">
    <p class='ocr_par' dir='ltr' id='par_1_39' title="bbox 543 2390 2116 2453">
     <span class='ocr_line' id='line_1_39' title="bbox 543 2390 2116 2453; baseline 0.005 -8"><span class='ocrx_word' id='word_1_285' title='bbox 543 2390 619 2446; x_wconf 86' lang='lat' dir='ltr'><strong>ris</strong></span> <span class='ocrx_word' id='word_1_286' title='bbox 668 2406 788 2446; x_wconf 84' lang='lat' dir='ltr'><strong>esse</strong></span> <span class='ocrx_word' id='word_1_287' title='bbox 813 2390 1012 2447; x_wconf 89' lang='lat' dir='ltr'><strong>dicitur</strong></span> <span class='ocrx_word' id='word_1_288' title='bbox 1042 2391 1295 2448; x_wconf 89' lang='lat' dir='ltr'><strong>omnibus</strong></span> <span class='ocrx_word' id='word_1_289' title='bbox 1342 2391 1692 2448; x_wconf 84' lang='lat' dir='ltr'><strong>hominibus?</strong></span> <span class='ocrx_word' id='word_1_290' title='bbox 1732 2392 1920 2451; x_wconf 88' lang='lat' dir='ltr'><strong>Nonne</strong></span> <span class='ocrx_word' id='word_1_291' title='bbox 1972 2394 2116 2453; x_wconf 90' lang='lat' dir='ltr'><strong>Deus</strong></span> 
     </span>
    </p>
   </div>
   <div class='ocr_carea' id='block_1_40' title="bbox 540 2480 2117 2558">
    <p class='ocr_par' dir='ltr' id='par_1_40' title="bbox 540 2480 2117 2558">
     <span class='ocr_line' id='line_1_40' title="bbox 540 2480 2117 2558; baseline 0.004 -21"><span class='ocrx_word' id='word_1_292' title='bbox 540 2492 594 2537; x_wconf 87' lang='lat' dir='ltr'><strong>et</strong></span> <span class='ocrx_word' id='word_1_293' title='bbox 625 2481 908 2550; x_wconf 87' lang='lat' dir='ltr'><strong>Dominus,</strong></span> <span class='ocrx_word' id='word_1_294' title='bbox 969 2492 1026 2537; x_wconf 84' lang='grc' dir='ltr'><strong>ιιι</strong></span> <span class='ocrx_word' id='word_1_295' title='bbox 1056 2498 1119 2536; x_wconf 75' lang='lat' dir='ltr'><strong>ex</strong></span> <span class='ocrx_word' id='word_1_296' title='bbox 1154 2482 1296 2538; x_wconf 85' lang='lat' dir='ltr'><strong>beati</strong></span> <span class='ocrx_word' id='word_1_297' title='bbox 1339 2480 1560 2540; x_wconf 76' lang='lat' dir='ltr'><strong>Davitiis</strong></span> <span class='ocrx_word' id='word_1_298' title='bbox 1598 2485 1780 2541; x_wconf 83' lang='lat' dir='ltr'><strong>verbis</strong></span> <span class='ocrx_word' id='word_1_299' title='bbox 1831 2488 2117 2558; x_wconf 87' lang='lat' dir='ltr'><strong>perspicue</strong></span> 
     </span>
    </p>
   </div>
   <div class='ocr_carea' id='block_1_41' title="bbox 540 2571 2108 2643">
    <p class='ocr_par' dir='ltr' id='par_1_41' title="bbox 540 2571 2108 2643">
     <span class='ocr_line' id='line_1_41' title="bbox 540 2571 2108 2643; baseline 0.003 -17"><span class='ocrx_word' id='word_1_300' title='bbox 540 2581 707 2638; x_wconf 85' lang='lat' dir='ltr'><strong>patet,</strong></span> <span class='ocrx_word' id='word_1_301' title='bbox 756 2572 1009 2643; x_wconf 79' lang='lat' dir='ltr'><strong>apparuit</strong></span> <span class='ocrx_word' id='word_1_302' title='bbox 1060 2572 1236 2637; x_wconf 89' lang='lat' dir='ltr'><strong>nobis,</strong></span> <span class='ocrx_word' id='word_1_303' title='bbox 1286 2580 1341 2627; x_wconf 86' lang='lat' dir='ltr'><strong>et</strong></span> <span class='ocrx_word' id='word_1_304' title='bbox 1389 2571 1505 2641; x_wconf 85' lang='lat' dir='ltr'><strong>ejus</strong></span> <span class='ocrx_word' id='word_1_305' title='bbox 1554 2586 1584 2628; x_wconf 87' lang='lat' dir='ltr'><strong>e</strong></span> <span class='ocrx_word' id='word_1_306' title='bbox 1633 2573 1789 2629; x_wconf 71' lang='lat' dir='ltr'><strong>cmlis</strong></span> <span class='ocrx_word' id='word_1_307' title='bbox 1817 2575 2108 2630; x_wconf 81' lang='lat' dir='ltr'><strong>adventum</strong></span> 
     </span>
    </p>
   </div>
   <div class='ocr_carea' id='block_1_42' title="bbox 541 2660 2113 2731">
    <p class='ocr_par' dir='ltr' id='par_1_42' title="bbox 541 2660 2113 2731">
     <span class='ocr_line' id='line_1_42' title="bbox 541 2660 2113 2731; baseline -0.001 -14"><span class='ocrx_word' id='word_1_308' title='bbox 541 2663 898 2731; x_wconf 72' lang='lat' dir='ltr'><strong>suscepimus,</strong></span> <span class='ocrx_word' id='word_1_309' title='bbox 947 2671 1000 2716; x_wconf 89' lang='lat' dir='ltr'><strong>et</strong></span> <span class='ocrx_word' id='word_1_310' title='bbox 1052 2663 1165 2729; x_wconf 89' lang='lat' dir='ltr'><strong>ipse</strong></span> <span class='ocrx_word' id='word_1_311' title='bbox 1210 2671 1297 2716; x_wconf 88' lang='lat' dir='ltr'><strong>est</strong></span> <span class='ocrx_word' id='word_1_312' title='bbox 1353 2660 1495 2716; x_wconf 88' lang='lat' dir='ltr'><strong>Deus</strong></span> <span class='ocrx_word' id='word_1_313' title='bbox 1536 2669 1592 2717; x_wconf 87' lang='lat' dir='ltr'><strong>et</strong></span> <span class='ocrx_word' id='word_1_314' title='bbox 1625 2660 1884 2717; x_wconf 75' lang='lat' dir='ltr'><strong>Senator</strong></span> <span class='ocrx_word' id='word_1_315' title='bbox 1911 2672 2113 2730; x_wconf 88' lang='lat' dir='ltr'><strong>noster,</strong></span> 
     </span>
    </p>
   </div>
   <div class='ocr_carea' id='block_1_43' title="bbox 542 2751 2119 2824">
    <p class='ocr_par' dir='ltr' id='par_1_43' title="bbox 542 2751 2119 2824">
     <span class='ocr_line' id='line_1_43' title="bbox 542 2751 2119 2824; baseline 0.001 -16"><span class='ocrx_word' id='word_1_316' title='bbox 542 2754 698 2811; x_wconf 82' lang='lat' dir='ltr'><strong>Jesus</strong></span> <span class='ocrx_word' id='word_1_317' title='bbox 727 2752 996 2816; x_wconf 84' lang='lat' dir='ltr'><strong>Christus.</strong></span> <span class='ocrx_word' id='word_1_318' title='bbox 1033 2754 1126 2824; x_wconf 88' lang='lat' dir='ltr'><strong>qui</strong></span> <span class='ocrx_word' id='word_1_319' title='bbox 1159 2752 1311 2808; x_wconf 88' lang='lat' dir='ltr'><strong>dedit</strong></span> <span class='ocrx_word' id='word_1_320' title='bbox 1339 2751 1687 2824; x_wconf 86' lang='lat' dir='ltr'><strong>semetipsum</strong></span> <span class='ocrx_word' id='word_1_321' title='bbox 1718 2767 1817 2822; x_wconf 91' lang='lat' dir='ltr'><strong>pro</strong></span> <span class='ocrx_word' id='word_1_322' title='bbox 1845 2752 2035 2819; x_wconf 79' lang='lat' dir='ltr'><strong>nobis&#39;,</strong></span> <span class='ocrx_word' id='word_1_323' title='bbox 2060 2762 2119 2809; x_wconf 91' lang='lat' dir='ltr'><strong>ut</strong></span> 
     </span>
    </p>
   </div>
   <div class='ocr_carea' id='block_1_44' title="bbox 545 2843 2119 2918">
    <p class='ocr_par' dir='ltr' id='par_1_44' title="bbox 545 2843 2119 2918">
     <span class='ocr_line' id='line_1_44' title="bbox 545 2843 2119 2918; baseline -0.001 -15"><span class='ocrx_word' id='word_1_324' title='bbox 545 2862 641 2904; x_wconf 89' lang='lat' dir='ltr'><strong>nos</strong></span> <span class='ocrx_word' id='word_1_325' title='bbox 674 2848 741 2903; x_wconf 86' lang='lat' dir='ltr'><strong>ab</strong></span> <span class='ocrx_word' id='word_1_326' title='bbox 772 2848 915 2902; x_wconf 86' lang='lat' dir='ltr'><strong>omni</strong></span> <span class='ocrx_word' id='word_1_327' title='bbox 946 2856 1165 2918; x_wconf 85' lang='lat' dir='ltr'><strong>peccato</strong></span> <span class='ocrx_word' id='word_1_328' title='bbox 1199 2844 1454 2902; x_wconf 87' lang='lat' dir='ltr'><strong>liberatos</strong></span> <span class='ocrx_word' id='word_1_329' title='bbox 1479 2857 1638 2900; x_wconf 70' lang='lat' dir='ltr'><strong>veros</strong></span> <span class='ocrx_word' id='word_1_330' title='bbox 1662 2843 1765 2900; x_wconf 84' lang='lat' dir='ltr'><strong>sibi</strong></span> <span class='ocrx_word' id='word_1_331' title='bbox 1805 2844 2119 2901; x_wconf 84' lang='lat' dir='ltr'><strong>adoratores</strong></span> 
     </span>
    </p>
   </div>
   <div class='ocr_carea' id='block_1_45' title="bbox 545 2934 2116 3008">
    <p class='ocr_par' dir='ltr' id='par_1_45' title="bbox 545 2934 2116 3008">
     <span class='ocr_line' id='line_1_45' title="bbox 545 2934 2116 3008; baseline -0.001 -15"><span class='ocrx_word' id='word_1_332' title='bbox 545 2939 865 2995; x_wconf 75' lang='lat' dir='ltr'><strong>adhiberet?</strong></span> <span class='ocrx_word' id='word_1_333' title='bbox 922 2939 1054 3006; x_wconf 84' lang='lat' dir='ltr'><strong>Quis</strong></span> <span class='ocrx_word' id='word_1_334' title='bbox 1083 2938 1247 3008; x_wconf 80' lang='lat' dir='ltr'><strong>igitur</strong></span> <span class='ocrx_word' id='word_1_335' title='bbox 1287 2937 1455 2994; x_wconf 85' lang='lat' dir='ltr'><strong>Deum</strong></span> <span class='ocrx_word' id='word_1_336' title='bbox 1484 2950 1673 2992; x_wconf 86' lang='lat' dir='ltr'><strong>verum</strong></span> <span class='ocrx_word' id='word_1_337' title='bbox 1707 2934 2116 2992; x_wconf 85' lang='lat' dir='ltr'><strong>Emmanueiem</strong></span> 
     </span>
    </p>
   </div>
   <div class='ocr_carea' id='block_1_46' title="bbox 543 3026 2118 3101">
    <p class='ocr_par' dir='ltr' id='par_1_46' title="bbox 543 3026 2118 3101">
     <span class='ocr_line' id='line_1_46' title="bbox 543 3026 2118 3101; baseline -0.003 -15"><span class='ocrx_word' id='word_1_338' title='bbox 543 3045 665 3087; x_wconf 88' lang='lat' dir='ltr'><strong>esse</strong></span> <span class='ocrx_word' id='word_1_339' title='bbox 719 3040 912 3101; x_wconf 72' lang='lat' dir='ltr'><strong>neget,</strong></span> <span class='ocrx_word' id='word_1_340' title='bbox 985 3045 1106 3086; x_wconf 87' lang='lat' dir='ltr'><strong>cum</strong></span> <span class='ocrx_word' id='word_1_341' title='bbox 1164 3030 1353 3085; x_wconf 88' lang='lat' dir='ltr'><strong>beatus</strong></span> <span class='ocrx_word' id='word_1_342' title='bbox 1415 3026 1614 3083; x_wconf 85' lang='lat' dir='ltr'><strong>Paulus</strong></span> <span class='ocrx_word' id='word_1_343' title='bbox 1679 3041 1802 3082; x_wconf 88' lang='lat' dir='ltr'><strong>eum</strong></span> <span class='ocrx_word' id='word_1_344' title='bbox 1867 3041 2118 3097; x_wconf 76' lang='lat' dir='ltr'><strong>magnum</strong></span> 
     </span>
    </p>
   </div>
   <div class='ocr_carea' id='block_1_47' title="bbox 547 3116 2118 3178">
    <p class='ocr_par' dir='ltr' id='par_1_47' title="bbox 547 3116 2118 3178">
     <span class='ocr_line' id='line_1_47' title="bbox 547 3116 2118 3178; baseline -0.003 -3"><span class='ocrx_word' id='word_1_345' title='bbox 547 3122 712 3178; x_wconf 80' lang='lat' dir='ltr'><strong>Deum</strong></span> <span class='ocrx_word' id='word_1_346' title='bbox 765 3131 820 3178; x_wconf 86' lang='lat' dir='ltr'><strong>et</strong></span> <span class='ocrx_word' id='word_1_347' title='bbox 897 3122 1232 3178; x_wconf 81' lang='lat' dir='ltr'><strong>Salvatorem</strong></span> <span class='ocrx_word' id='word_1_348' title='bbox 1302 3128 1548 3176; x_wconf 90' lang='lat' dir='ltr'><strong>nostrum</strong></span> <span class='ocrx_word' id='word_1_349' title='bbox 1604 3116 1788 3177; x_wconf 80' lang='lat' dir='ltr'><strong>Jesum</strong></span> <span class='ocrx_word' id='word_1_350' title='bbox 1840 3117 2118 3175; x_wconf 86' lang='lat' dir='ltr'><strong>Christum</strong></span> 
     </span>
    </p>
   </div>
   <div class='ocr_carea' id='block_1_48' title="bbox 543 3213 819 3284">
    <p class='ocr_par' dir='ltr' id='par_1_48' title="bbox 543 3213 819 3284">
     <span class='ocr_line' id='line_1_48' title="bbox 543 3213 819 3284; baseline -0.004 -16"><span class='ocrx_word' id='word_1_351' title='bbox 543 3213 819 3284; x_wconf 78' lang='lat' dir='ltr'><strong>sppeueti</strong></span> 
     </span>
    </p>
   </div>
   <div class='ocr_carea' id='block_1_49' title="bbox 616 3390 2118 3464">
    <p class='ocr_par' dir='ltr' id='par_1_49' title="bbox 616 3390 2118 3464">
     <span class='ocr_line' id='line_1_49' title="bbox 616 3390 2118 3464; baseline -0.003 -16"><span class='ocrx_word' id='word_1_352' title='bbox 616 3394 682 3448; x_wconf 83' lang='lat' dir='ltr'><strong>Et</strong></span> <span class='ocrx_word' id='word_1_353' title='bbox 714 3394 830 3450; x_wconf 86' lang='lat' dir='ltr'><strong>sine</strong></span> <span class='ocrx_word' id='word_1_354' title='bbox 862 3393 1232 3449; x_wconf 81' lang='lat' dir='ltr'><strong>controversia</strong></span> <span class='ocrx_word' id='word_1_355' title='bbox 1260 3407 1512 3464; x_wconf 75' lang='lat' dir='ltr'><strong>magnum</strong></span> <span class='ocrx_word' id='word_1_356' title='bbox 1537 3400 1619 3446; x_wconf 84' lang='lat' dir='ltr'><strong>est</strong></span> <span class='ocrx_word' id='word_1_357' title='bbox 1643 3390 1861 3463; x_wconf 88' lang='lat' dir='ltr'><strong>pietatis</strong></span> <span class='ocrx_word' id='word_1_358' title='bbox 1916 3397 2118 3461; x_wconf 79' lang='lat' dir='ltr'><strong>myste-</strong></span> 
     </span>
    </p>
   </div>
   <div class='ocr_carea' id='block_1_50' title="bbox 545 3480 2119 3549">
    <p class='ocr_par' dir='ltr' id='par_1_50' title="bbox 545 3480 2119 3549">
     <span class='ocr_line' id='line_1_50' title="bbox 545 3480 2119 3549; baseline -0.004 -8"><span class='ocrx_word' id='word_1_359' title='bbox 545 3486 710 3541; x_wconf 87' lang='lat' dir='ltr'><strong>rium.</strong></span> <span class='ocrx_word' id='word_1_360' title='bbox 744 3485 884 3540; x_wconf 89' lang='lat' dir='ltr'><strong>Deus</strong></span> <span class='ocrx_word' id='word_1_361' title='bbox 942 3482 1319 3539; x_wconf 84' lang='lat' dir='ltr'><strong>manit‘estatus</strong></span> <span class='ocrx_word' id='word_1_362' title='bbox 1353 3481 1519 3538; x_wconf 86' lang='lat' dir='ltr'><strong>estin</strong></span> <span class='ocrx_word' id='word_1_363' title='bbox 1555 3494 1738 3545; x_wconf 88' lang='lat' dir='ltr'><strong>carne,</strong></span> <span class='ocrx_word' id='word_1_364' title='bbox 1792 3480 2119 3549; x_wconf 80' lang='lat' dir='ltr'><strong>justiﬁeatns</strong></span> 
     </span>
    </p>
   </div>
   <div class='ocr_carea' id='block_1_51' title="bbox 546 3573 2122 3647">
    <p class='ocr_par' dir='ltr' id='par_1_51' title="bbox 546 3573 2122 3647">
     <span class='ocr_line' id='line_1_51' title="bbox 546 3573 2122 3647; baseline -0.003 -13"><span class='ocrx_word' id='word_1_365' title='bbox 546 3590 632 3634; x_wconf 88' lang='lat' dir='ltr'><strong>est</strong></span> <span class='ocrx_word' id='word_1_366' title='bbox 664 3580 715 3633; x_wconf 86' lang='lat' dir='ltr'><strong>in</strong></span> <span class='ocrx_word' id='word_1_367' title='bbox 752 3578 991 3647; x_wconf 84' lang='lat' dir='ltr'><strong>Spiritu,</strong></span> <span class='ocrx_word' id='word_1_368' title='bbox 1028 3577 1175 3633; x_wconf 85' lang='lat' dir='ltr'><strong>visus</strong></span> <span class='ocrx_word' id='word_1_369' title='bbox 1208 3584 1291 3632; x_wconf 90' lang='lat' dir='ltr'><strong>est</strong></span> <span class='ocrx_word' id='word_1_370' title='bbox 1321 3577 1388 3630; x_wconf 85' lang='lat' dir='ltr'><strong>ab</strong></span> <span class='ocrx_word' id='word_1_371' title='bbox 1428 3573 1654 3644; x_wconf 76' lang='lat' dir='ltr'><strong>angelis,</strong></span> <span class='ocrx_word' id='word_1_372' title='bbox 1690 3574 2010 3644; x_wconf 66' lang='lat' dir='ltr'><strong>praedicatus</strong></span> <span class='ocrx_word' id='word_1_373' title='bbox 2037 3583 2122 3630; x_wconf 84' lang='lat' dir='ltr'><strong>est</strong></span> 
     </span>
    </p>
   </div>
   <div class='ocr_carea' id='block_1_52' title="bbox 549 3665 2123 3739">
    <p class='ocr_par' dir='ltr' id='par_1_52' title="bbox 549 3665 2123 3739">
     <span class='ocr_line' id='line_1_52' title="bbox 549 3665 2123 3739; baseline -0.003 -14"><span class='ocrx_word' id='word_1_374' title='bbox 549 3675 598 3725; x_wconf 92' lang='lat' dir='ltr'><strong>in</strong></span> <span class='ocrx_word' id='word_1_375' title='bbox 630 3670 897 3739; x_wconf 73' lang='lat' dir='ltr'><strong>gentibus,</strong></span> <span class='ocrx_word' id='word_1_376' title='bbox 951 3667 1190 3723; x_wconf 88' lang='lat' dir='ltr'><strong>creditus</strong></span> <span class='ocrx_word' id='word_1_377' title='bbox 1220 3675 1303 3722; x_wconf 87' lang='lat' dir='ltr'><strong>est</strong></span> <span class='ocrx_word' id='word_1_378' title='bbox 1328 3666 1381 3721; x_wconf 92' lang='lat' dir='ltr'><strong>iu</strong></span> <span class='ocrx_word' id='word_1_379' title='bbox 1437 3665 1660 3730; x_wconf 87' lang='lat' dir='ltr'><strong>mundo,</strong></span> <span class='ocrx_word' id='word_1_380' title='bbox 1693 3675 2005 3735; x_wconf 83' lang='lat' dir='ltr'><strong>assumptus</strong></span> <span class='ocrx_word' id='word_1_381' title='bbox 2035 3674 2123 3721; x_wconf 83' lang='lat' dir='ltr'><strong>est</strong></span> 
     </span>
    </p>
   </div>
   <div class='ocr_carea' id='block_1_53' title="bbox 547 3754 2122 3834">
    <p class='ocr_par' dir='ltr' id='par_1_53' title="bbox 547 3754 2122 3834">
     <span class='ocr_line' id='line_1_53' title="bbox 547 3754 2122 3834; baseline -0.004 -17"><span class='ocrx_word' id='word_1_382' title='bbox 547 3762 816 3834; x_wconf 77' lang='lat' dir='ltr'><strong>ingloria.</strong></span> <span class='ocrx_word' id='word_1_383' title='bbox 846 3759 1045 3829; x_wconf 85' lang='lat' dir='ltr'><strong>Ecquis</strong></span> <span class='ocrx_word' id='word_1_384' title='bbox 1077 3756 1452 3814; x_wconf 79' lang='lat' dir='ltr'><strong>manifestatus</strong></span> <span class='ocrx_word' id='word_1_385' title='bbox 1507 3764 1595 3812; x_wconf 86' lang='lat' dir='ltr'><strong>est</strong></span> <span class='ocrx_word' id='word_1_386' title='bbox 1618 3756 1673 3811; x_wconf 92' lang='lat' dir='ltr'><strong>in</strong></span> <span class='ocrx_word' id='word_1_387' title='bbox 1710 3754 1912 3811; x_wconf 84' lang='lat' dir='ltr'><strong>carne?</strong></span> <span class='ocrx_word' id='word_1_388' title='bbox 1942 3768 2122 3811; x_wconf 86' lang='lat' dir='ltr'><strong>nonne</strong></span> 
     </span>
    </p>
   </div>
   <div class='ocr_carea' id='block_1_54' title="bbox 548 3844 2120 3927">
    <p class='ocr_par' dir='ltr' id='par_1_54' title="bbox 548 3844 2120 3927">
     <span class='ocr_line' id='line_1_54' title="bbox 548 3844 2120 3927; baseline -0.007 -17"><span class='ocrx_word' id='word_1_389' title='bbox 548 3855 704 3927; x_wconf 79' lang='lat' dir='ltr'><strong>plane</strong></span> <span class='ocrx_word' id='word_1_390' title='bbox 722 3864 883 3924; x_wconf 89' lang='lat' dir='ltr'><strong>atque</strong></span> <span class='ocrx_word' id='word_1_391' title='bbox 909 3851 1133 3908; x_wconf 89' lang='lat' dir='ltr'><strong>omnino</strong></span> <span class='ocrx_word' id='word_1_392' title='bbox 1155 3849 1389 3907; x_wconf 78' lang='lat' dir='ltr'><strong>Verbum</strong></span> <span class='ocrx_word' id='word_1_393' title='bbox 1411 3863 1478 3903; x_wconf 78' lang='lat' dir='ltr'><strong>ex</strong></span> <span class='ocrx_word' id='word_1_394' title='bbox 1506 3848 1615 3903; x_wconf 84' lang='lat' dir='ltr'><strong>Deo</strong></span> <span class='ocrx_word' id='word_1_395' title='bbox 1637 3845 1830 3902; x_wconf 84' lang='lat' dir='ltr'><strong>Patre?</strong></span> <span class='ocrx_word' id='word_1_396' title='bbox 1857 3844 1950 3902; x_wconf 88' lang='lat' dir='ltr'><strong>Sic</strong></span> <span class='ocrx_word' id='word_1_397' title='bbox 1974 3845 2120 3902; x_wconf 78' lang='lat' dir='ltr'><strong>enim</strong></span> 
     </span>
    </p>
   </div>
   <div class='ocr_carea' id='block_1_55' title="bbox 547 3940 2125 4018">
    <p class='ocr_par' dir='ltr' id='par_1_55' title="bbox 547 3940 2125 4018">
     <span class='ocr_line' id='line_1_55' title="bbox 547 3940 2125 4018; baseline -0.006 -15"><span class='ocrx_word' id='word_1_398' title='bbox 547 3950 652 4003; x_wconf 87' lang='lat' dir='ltr'><strong>erit</strong></span> <span class='ocrx_word' id='word_1_399' title='bbox 690 3960 939 4018; x_wconf 79' lang='lat' dir='ltr'><strong>magnum</strong></span> <span class='ocrx_word' id='word_1_400' title='bbox 971 3943 1189 4015; x_wconf 89' lang='lat' dir='ltr'><strong>pietatis</strong></span> <span class='ocrx_word' id='word_1_401' title='bbox 1226 3942 1568 4015; x_wconf 83' lang='lat' dir='ltr'><strong>mysterium.</strong></span> <span class='ocrx_word' id='word_1_402' title='bbox 1621 3940 1778 3997; x_wconf 83' lang='lat' dir='ltr'><strong>Visus</strong></span> <span class='ocrx_word' id='word_1_403' title='bbox 1824 3950 2004 3995; x_wconf 82' lang='lat' dir='ltr'><strong>autem</strong></span> <span class='ocrx_word' id='word_1_404' title='bbox 2037 3948 2125 3994; x_wconf 87' lang='lat' dir='ltr'><strong>est</strong></span> 
     </span>
    </p>
   </div>
   <div class='ocr_carea' id='block_1_56' title="bbox 449 4031 2123 4110">
    <p class='ocr_par' dir='ltr' id='par_1_56' title="bbox 449 4031 2123 4110">
     <span class='ocr_line' id='line_1_56' title="bbox 449 4031 2123 4110; baseline -0.007 -13"><span class='ocrx_word' id='word_1_405' title='bbox 449 4048 463 4061; x_wconf 82' lang='lat'><strong><em>‘</em></strong></span> <span class='ocrx_word' id='word_1_406' title='bbox 548 4042 617 4097; x_wconf 81' lang='lat' dir='ltr'><strong>ab</strong></span> <span class='ocrx_word' id='word_1_407' title='bbox 644 4039 851 4110; x_wconf 83' lang='lat' dir='ltr'><strong>angelis</strong></span> <span class='ocrx_word' id='word_1_408' title='bbox 875 4037 929 4093; x_wconf 91' lang='lat' dir='ltr'><strong>in</strong></span> <span class='ocrx_word' id='word_1_409' title='bbox 973 4036 1171 4093; x_wconf 71' lang='lat' dir='ltr'><strong>cmlum</strong></span> <span class='ocrx_word' id='word_1_410' title='bbox 1202 4034 1537 4101; x_wconf 85' lang='lat' dir='ltr'><strong>ascendens;</strong></span> <span class='ocrx_word' id='word_1_411' title='bbox 1583 4032 1908 4103; x_wconf 66' lang='lat' dir='ltr'><strong>praedicatus</strong></span> <span class='ocrx_word' id='word_1_412' title='bbox 1943 4042 2028 4087; x_wconf 88' lang='lat' dir='ltr'><strong>est</strong></span> <span class='ocrx_word' id='word_1_413' title='bbox 2064 4031 2123 4086; x_wconf 90' lang='lat' dir='ltr'><strong>in</strong></span> 
     </span>
    </p>
   </div>
   <div class='ocr_carea' id='block_1_57' title="bbox 548 4117 2121 4203">
    <p class='ocr_par' dir='ltr' id='par_1_57' title="bbox 548 4117 2121 4203">
     <span class='ocr_line' id='line_1_57' title="bbox 548 4117 2121 4203; baseline -0.01 -16"><span class='ocrx_word' id='word_1_414' title='bbox 548 4131 798 4203; x_wconf 74' lang='lat' dir='ltr'><strong>gentibus</strong></span> <span class='ocrx_word' id='word_1_415' title='bbox 846 4143 941 4199; x_wconf 89' lang='lat' dir='ltr'><strong>per</strong></span> <span class='ocrx_word' id='word_1_416' title='bbox 1014 4134 1234 4183; x_wconf 85' lang='lat' dir='ltr'><strong>sanctos</strong></span> <span class='ocrx_word' id='word_1_417' title='bbox 1288 4122 1585 4196; x_wconf 89' lang='lat' dir='ltr'><strong>apostolos,</strong></span> <span class='ocrx_word' id='word_1_418' title='bbox 1642 4120 1878 4176; x_wconf 86' lang='lat' dir='ltr'><strong>creditus</strong></span> <span class='ocrx_word' id='word_1_419' title='bbox 1932 4127 2016 4175; x_wconf 87' lang='lat' dir='ltr'><strong>est</strong></span> <span class='ocrx_word' id='word_1_420' title='bbox 2066 4117 2121 4172; x_wconf 90' lang='lat' dir='ltr'><strong>in</strong></span> 
     </span>
    </p>
   </div>
   <div class='ocr_carea' id='block_1_58' title="bbox 551 4212 2125 4286">
    <p class='ocr_par' dir='ltr' id='par_1_58' title="bbox 551 4212 2125 4286">
     <span class='ocr_line' id='line_1_58' title="bbox 551 4212 2125 4286; baseline -0.009 -8"><span class='ocrx_word' id='word_1_421' title='bbox 551 4223 773 4279; x_wconf 90' lang='lat' dir='ltr'><strong>mundo.</strong></span> <span class='ocrx_word' id='word_1_422' title='bbox 823 4221 891 4277; x_wconf 85' lang='lat' dir='ltr'><strong>Et</strong></span> <span class='ocrx_word' id='word_1_423' title='bbox 917 4220 1063 4275; x_wconf 88' lang='lat' dir='ltr'><strong>nullo</strong></span> <span class='ocrx_word' id='word_1_424' title='bbox 1096 4217 1255 4273; x_wconf 90' lang='lat' dir='ltr'><strong>modo</strong></span> <span class='ocrx_word' id='word_1_425' title='bbox 1284 4215 1513 4286; x_wconf 87' lang='lat' dir='ltr'><strong>amplius</strong></span> <span class='ocrx_word' id='word_1_426' title='bbox 1562 4212 1813 4279; x_wconf 88' lang='lat' dir='ltr'><strong>dicimus,</strong></span> <span class='ocrx_word' id='word_1_427' title='bbox 1843 4225 1966 4266; x_wconf 90' lang='lat' dir='ltr'><strong>eum</strong></span> <span class='ocrx_word' id='word_1_428' title='bbox 2001 4221 2125 4267; x_wconf 84' lang='lat' dir='ltr'><strong>esse</strong></span> 
     </span>
    </p>
   </div>
   <div class='ocr_carea' id='block_1_59' title="bbox 549 4301 2123 4385">
    <p class='ocr_par' dir='ltr' id='par_1_59' title="bbox 549 4301 2123 4385">
     <span class='ocr_line' id='line_1_59' title="bbox 549 4301 2123 4385; baseline -0.01 -15"><span class='ocrx_word' id='word_1_429' title='bbox 549 4314 866 4385; x_wconf 85' lang='lat' dir='ltr'><strong>simpliciter</strong></span> <span class='ocrx_word' id='word_1_430' title='bbox 899 4311 1194 4371; x_wconf 85' lang='lat' dir='ltr'><strong>hominem,</strong></span> <span class='ocrx_word' id='word_1_431' title='bbox 1229 4306 1417 4377; x_wconf 88' lang='lat' dir='ltr'><strong>quales</strong></span> <span class='ocrx_word' id='word_1_432' title='bbox 1443 4318 1543 4361; x_wconf 87' lang='lat' dir='ltr'><strong>nos</strong></span> <span class='ocrx_word' id='word_1_433' title='bbox 1571 4316 1783 4370; x_wconf 89' lang='lat' dir='ltr'><strong>sumus,</strong></span> <span class='ocrx_word' id='word_1_434' title='bbox 1808 4302 1902 4359; x_wconf 88' lang='lat' dir='ltr'><strong>sed</strong></span> <span class='ocrx_word' id='word_1_435' title='bbox 1928 4301 2123 4367; x_wconf 89' lang='lat' dir='ltr'><strong>Deum,</strong></span> 
     </span>
    </p>
   </div>
   <div class='ocr_carea' id='block_1_60' title="bbox 551 4402 2126 4479">
    <p class='ocr_par' dir='ltr' id='par_1_60' title="bbox 551 4402 2126 4479">
     <span class='ocr_line' id='line_1_60' title="bbox 551 4402 2126 4479; baseline -0.009 -16"><span class='ocrx_word' id='word_1_436' title='bbox 551 4412 641 4479; x_wconf 77' lang='lat' dir='ltr'><strong>qni</strong></span> <span class='ocrx_word' id='word_1_437' title='bbox 663 4409 715 4462; x_wconf 91' lang='lat' dir='ltr'><strong>in</strong></span> <span class='ocrx_word' id='word_1_438' title='bbox 744 4420 935 4472; x_wconf 81' lang='lat' dir='ltr'><strong>carne,</strong></span> <span class='ocrx_word' id='word_1_439' title='bbox 960 4403 1033 4456; x_wconf 89' lang='lat' dir='ltr'><strong>uti</strong></span> <span class='ocrx_word' id='word_1_440' title='bbox 1067 4415 1187 4468; x_wconf 89' lang='lat' dir='ltr'><strong>nos,</strong></span> <span class='ocrx_word' id='word_1_441' title='bbox 1208 4407 1485 4465; x_wconf 77' lang='lat' dir='ltr'><strong>natuscst,</strong></span> <span class='ocrx_word' id='word_1_442' title='bbox 1510 4407 1818 4468; x_wconf 84' lang='lat' dir='ltr'><strong>assumptus</strong></span> <span class='ocrx_word' id='word_1_443' title='bbox 1844 4405 2021 4450; x_wconf 87' lang='lat' dir='ltr'><strong>autem</strong></span> <span class='ocrx_word' id='word_1_444' title='bbox 2043 4402 2126 4451; x_wconf 82' lang='lat' dir='ltr'><strong>est</strong></span> 
     </span>
    </p>
   </div>
   <div class='ocr_carea' id='block_1_61' title="bbox 554 4488 2121 4571">
    <p class='ocr_par' dir='ltr' id='par_1_61' title="bbox 554 4488 2121 4571">
     <span class='ocr_line' id='line_1_61' title="bbox 554 4488 2121 4571; baseline -0.008 -17"><span class='ocrx_word' id='word_1_445' title='bbox 554 4503 604 4554; x_wconf 88' lang='lat' dir='ltr'><strong>in</strong></span> <span class='ocrx_word' id='word_1_446' title='bbox 662 4499 857 4571; x_wconf 76' lang='lat' dir='ltr'><strong>gloria,</strong></span> <span class='ocrx_word' id='word_1_447' title='bbox 911 4506 970 4550; x_wconf 91' lang='lat' dir='ltr'><strong>ut</strong></span> <span class='ocrx_word' id='word_1_448' title='bbox 1014 4495 1179 4549; x_wconf 87' lang='lat' dir='ltr'><strong>Deum</strong></span> <span class='ocrx_word' id='word_1_449' title='bbox 1228 4503 1281 4548; x_wconf 85' lang='lat' dir='ltr'><strong>et</strong></span> <span class='ocrx_word' id='word_1_450' title='bbox 1326 4492 1541 4548; x_wconf 85' lang='lat' dir='ltr'><strong>Patrem</strong></span> <span class='ocrx_word' id='word_1_451' title='bbox 1590 4491 1773 4544; x_wconf 84' lang='lat' dir='ltr'><strong>audiat</strong></span> <span class='ocrx_word' id='word_1_452' title='bbox 1802 4488 2121 4544; x_wconf 87' lang='lat' dir='ltr'><strong>dicentem:</strong></span> 
     </span>
    </p>
   </div>
   <div class='ocr_carea' id='block_1_62' title="bbox 2212 2013 3764 2090">
    <p class='ocr_par' dir='ltr' id='par_1_62' title="bbox 2212 2013 3764 2090">
     <span class='ocr_line' id='line_1_62' title="bbox 2212 2013 3764 2090; baseline 0.006 -25"><span class='ocrx_word' id='word_1_453' title='bbox 2212 2013 2471 2083; x_wconf 70' lang='grc' dir='ltr'><strong>φάνειιιν</strong></span> <span class='ocrx_word' id='word_1_454' title='bbox 2485 2014 2597 2084; x_wconf 83' lang='grc' dir='ltr'><strong>τῆς</strong></span> <span class='ocrx_word' id='word_1_455' title='bbox 2613 2016 2797 2084; x_wconf 77' lang='grc' dir='ltr'><strong>δόξης</strong></span> <span class='ocrx_word' id='word_1_456' title='bbox 2812 2016 2920 2069; x_wconf 88' lang='grc' dir='ltr'>τοῦ</span> <span class='ocrx_word' id='word_1_457' title='bbox 2936 2018 3205 2086; x_wconf 73' lang='grc' dir='ltr'><strong>μεγάλου</strong></span> <span class='ocrx_word' id='word_1_458' title='bbox 3232 2018 3387 2074; x_wconf 85' lang='grc' dir='ltr'><strong>Θεοῦ</strong></span> <span class='ocrx_word' id='word_1_459' title='bbox 3403 2021 3498 2074; x_wconf 75' lang='grc' dir='ltr'><strong>καὶ</strong></span> <span class='ocrx_word' id='word_1_460' title='bbox 3524 2021 3764 2090; x_wconf 83' lang='grc' dir='ltr'><strong>Σωτῆρος</strong></span> 
     </span>
    </p>
   </div>
   <div class='ocr_carea' id='block_1_63' title="bbox 2213 2104 3764 2181">
    <p class='ocr_par' dir='ltr' id='par_1_63' title="bbox 2213 2104 3764 2181">
     <span class='ocr_line' id='line_1_63' title="bbox 2213 2104 3764 2181; baseline 0.005 -25"><span class='ocrx_word' id='word_1_461' title='bbox 2213 2104 2385 2173; x_wconf 72' lang='grc' dir='ltr'><strong>ἡμῶν</strong></span> <span class='ocrx_word' id='word_1_462' title='bbox 2415 2105 2617 2173; x_wconf 82' lang='grc' dir='ltr'><strong>Ἰησοῦ</strong></span> <span class='ocrx_word' id='word_1_463' title='bbox 2661 2107 2945 2176; x_wconf 78' lang='grc' dir='ltr'><strong>Χριστοῦ,</strong></span> <span class='ocrx_word' id='word_1_464' title='bbox 2981 2109 3051 2175; x_wconf 76' lang='grc' dir='ltr'><strong>ὃς</strong></span> <span class='ocrx_word' id='word_1_465' title='bbox 3081 2109 3348 2163; x_wconf 77' lang='grc' dir='ltr'><strong>δέδωκεν</strong></span> <span class='ocrx_word' id='word_1_466' title='bbox 3395 2110 3607 2166; x_wconf 79' lang='grc' dir='ltr'><strong>ἑαυτὸν</strong></span> <span class='ocrx_word' id='word_1_467' title='bbox 3636 2113 3764 2181; x_wconf 69' lang='grc' dir='ltr'><strong>ὑπὲρ</strong></span> 
     </span>
    </p>
   </div>
   <div class='ocr_carea' id='block_1_64' title="bbox 2214 2195 3761 2273">
    <p class='ocr_par' dir='ltr' id='par_1_64' title="bbox 2214 2195 3761 2273">
     <span class='ocr_line' id='line_1_64' title="bbox 2214 2195 3761 2273; baseline 0.005 -23"><span class='ocrx_word' id='word_1_468' title='bbox 2214 2195 2406 2266; x_wconf 77' lang='grc' dir='ltr'><strong>ἡμῶν,</strong></span> <span class='ocrx_word' id='word_1_469' title='bbox 2424 2198 2525 2252; x_wconf 80' lang='grc' dir='ltr'><strong>ἵνα</strong></span> <span class='ocrx_word' id='word_1_470' title='bbox 2549 2197 2932 2267; x_wconf 70' lang='grc' dir='ltr'><strong>λυτρώσηται</strong></span> <span class='ocrx_word' id='word_1_471' title='bbox 2965 2198 3124 2269; x_wconf 76' lang='grc' dir='ltr'><strong>ἡμᾶς</strong></span> <span class='ocrx_word' id='word_1_472' title='bbox 3148 2200 3266 2254; x_wconf 82' lang='grc' dir='ltr'><strong>ἀπὸ</strong></span> <span class='ocrx_word' id='word_1_473' title='bbox 3287 2201 3497 2271; x_wconf 83' lang='grc' dir='ltr'><em>πάσης</em></span> <span class='ocrx_word' id='word_1_474' title='bbox 3518 2204 3761 2273; x_wconf 72' lang='grc' dir='ltr'><strong>ἀνομίας,</strong></span> 
     </span>
    </p>
   </div>
   <div class='ocr_carea' id='block_1_65' title="bbox 2214 2290 3767 2362">
    <p class='ocr_par' dir='ltr' id='par_1_65' title="bbox 2214 2290 3767 2362">
     <span class='ocr_line' id='line_1_65' title="bbox 2214 2290 3767 2362; baseline 0.002 -16"><span class='ocrx_word' id='word_1_475' title='bbox 2214 2291 2313 2346; x_wconf 76' lang='grc' dir='ltr'><strong>καὶ</strong></span> <span class='ocrx_word' id='word_1_476' title='bbox 2336 2293 2634 2361; x_wconf 81' lang='grc' dir='ltr'><strong>καθαρίσῃ</strong></span> <span class='ocrx_word' id='word_1_477' title='bbox 2651 2290 2842 2346; x_wconf 72' lang='grc' dir='ltr'><strong>ἑαυτῶ</strong></span> <span class='ocrx_word' id='word_1_478' title='bbox 2856 2292 3012 2347; x_wconf 71' lang='grc' dir='ltr'><strong>λαὸν</strong></span> <span class='ocrx_word' id='word_1_479' title='bbox 3028 2305 3195 2361; x_wconf 65' lang='lat' dir='ltr'><strong>saepto</strong></span> <span class='ocrx_word' id='word_1_480' title='bbox 3203 2293 3402 2359; x_wconf 84' lang='grc' dir='ltr'><strong>ὑσιον,</strong></span> <span class='ocrx_word' id='word_1_481' title='bbox 3421 2292 3674 2362; x_wconf 73' lang='grc' dir='ltr'><strong>ζηλωτὴν</strong></span> <span class='ocrx_word' id='word_1_482' title='bbox 3684 2311 3767 2349; x_wconf 84' lang='grc' dir='ltr'><strong>κα-</strong></span> 
     </span>
    </p>
   </div>
   <div class='ocr_carea' id='block_1_66' title="bbox 2215 2382 3764 2455">
    <p class='ocr_par' dir='ltr' id='par_1_66' title="bbox 2215 2382 3764 2455">
     <span class='ocr_line' id='line_1_66' title="bbox 2215 2382 3764 2455; baseline 0 -18"><span class='ocrx_word' id='word_1_483' title='bbox 2215 2382 2342 2437; x_wconf 71' lang='grc' dir='ltr'><strong>λῶν</strong></span> <span class='ocrx_word' id='word_1_484' title='bbox 2361 2382 2569 2453; x_wconf 73' lang='grc' dir='ltr'><strong>ἔργων.</strong></span> <span class='ocrx_word' id='word_1_485' title='bbox 2590 2383 2730 2438; x_wconf 79' lang='grc' dir='ltr'><strong>Ποία</strong></span> <span class='ocrx_word' id='word_1_486' title='bbox 2746 2384 2906 2454; x_wconf 86' lang='grc' dir='ltr'><strong>χάρις</strong></span> <span class='ocrx_word' id='word_1_487' title='bbox 2923 2384 3195 2454; x_wconf 65' lang='grc' dir='ltr'><strong>ὲπέφανεν</strong></span> <span class='ocrx_word' id='word_1_488' title='bbox 3215 2386 3377 2455; x_wconf 76' lang='grc' dir='ltr'><strong>ἡμῖν,</strong></span> <span class='ocrx_word' id='word_1_489' title='bbox 3396 2387 3429 2455; x_wconf 81' lang='grc' dir='ltr'>ἢ</span> <span class='ocrx_word' id='word_1_490' title='bbox 3450 2387 3599 2438; x_wconf 82' lang='grc' dir='ltr'><strong>ποίου</strong></span> <span class='ocrx_word' id='word_1_491' title='bbox 3630 2386 3764 2451; x_wconf 62' lang='grc' dir='ltr'><strong>Θεοῦ,</strong></span> 
     </span>
    </p>
   </div>
   <div class='ocr_carea' id='block_1_67' title="bbox 2216 2472 3761 2548">
    <p class='ocr_par' dir='ltr' id='par_1_67' title="bbox 2216 2472 3761 2548">
     <span class='ocr_line' id='line_1_67' title="bbox 2216 2472 3761 2548; baseline -0.001 -17"><span class='ocrx_word' id='word_1_492' title='bbox 2216 2476 2398 2531; x_wconf 78' lang='grc' dir='ltr'><strong>καίτοι</strong></span> <span class='ocrx_word' id='word_1_493' title='bbox 2418 2493 2483 2545; x_wconf 88' lang='grc' dir='ltr'><strong>γε</strong></span> <span class='ocrx_word' id='word_1_494' title='bbox 2504 2475 2772 2547; x_wconf 75' lang='grc' dir='ltr'><strong>λεγομένη</strong></span> <span class='ocrx_word' id='word_1_495' title='bbox 2797 2476 3066 2546; x_wconf 86' lang='grc' dir='ltr'><strong>σωτήριος</strong></span> <span class='ocrx_word' id='word_1_496' title='bbox 3090 2472 3231 2531; x_wconf 76' lang='grc' dir='ltr'><strong>εἶναι</strong></span> <span class='ocrx_word' id='word_1_497' title='bbox 3253 2477 3427 2531; x_wconf 76' lang='grc' dir='ltr'><strong>πᾶσιν</strong></span> <span class='ocrx_word' id='word_1_498' title='bbox 3446 2478 3761 2548; x_wconf 61' lang='lat' dir='ltr'><strong>emptam;</strong></span> 
     </span>
    </p>
   </div>
   <div class='ocr_carea' id='block_1_68' title="bbox 2230 2567 3766 2641">
    <p class='ocr_par' dir='ltr' id='par_1_68' title="bbox 2230 2567 3766 2641">
     <span class='ocr_line' id='line_1_68' title="bbox 2230 2567 3766 2641; baseline -0.002 -17"><span class='ocrx_word' id='word_1_499' title='bbox 2230 2568 2371 2624; x_wconf 81' lang='grc' dir='ltr'><strong>Ἀλλ’</strong></span> <span class='ocrx_word' id='word_1_500' title='bbox 2394 2569 2514 2623; x_wconf 70' lang='grc' dir='ltr'><strong>ἐστι</strong></span> <span class='ocrx_word' id='word_1_501' title='bbox 2530 2568 2714 2637; x_wconf 81' lang='grc' dir='ltr'><strong>δῆλον,</strong></span> <span class='ocrx_word' id='word_1_502' title='bbox 2729 2568 2811 2621; x_wconf 80' lang='grc' dir='ltr'><strong>ὅτι</strong></span> <span class='ocrx_word' id='word_1_503' title='bbox 2833 2567 2965 2632; x_wconf 84' lang='grc' dir='ltr'><strong>Θεδς</strong></span> <span class='ocrx_word' id='word_1_504' title='bbox 2983 2568 3058 2621; x_wconf 82' lang='grc' dir='ltr'><strong>ὢν</strong></span> <span class='ocrx_word' id='word_1_505' title='bbox 3079 2571 3105 2621; x_wconf 72' lang='grc' dir='ltr'>ὁ</span> <span class='ocrx_word' id='word_1_506' title='bbox 3118 2568 3327 2641; x_wconf 78' lang='grc' dir='ltr'><strong>Κύριος</strong></span> <span class='ocrx_word' id='word_1_507' title='bbox 3352 2572 3614 2639; x_wconf 76' lang='grc' dir='ltr'><strong>ἐπέφανεν</strong></span> <span class='ocrx_word' id='word_1_508' title='bbox 3633 2573 3766 2640; x_wconf 64' lang='grc' dir='ltr'><strong>ἡμῖν,</strong></span> 
     </span>
    </p>
   </div>
   <div class='ocr_carea' id='block_1_69' title="bbox 2219 2659 3766 2734">
    <p class='ocr_par' dir='ltr' id='par_1_69' title="bbox 2219 2659 3766 2734">
     <span class='ocr_line' id='line_1_69' title="bbox 2219 2659 3766 2734; baseline 0 -19"><span class='ocrx_word' id='word_1_509' title='bbox 2219 2660 2365 2715; x_wconf 85' lang='grc' dir='ltr'><strong>κατά</strong></span> <span class='ocrx_word' id='word_1_510' title='bbox 2378 2660 2472 2715; x_wconf 72' lang='grc' dir='ltr'><strong>τὸν</strong></span> <span class='ocrx_word' id='word_1_511' title='bbox 2503 2661 2775 2733; x_wconf 80' lang='grc' dir='ltr'><strong>μακάριον</strong></span> <span class='ocrx_word' id='word_1_512' title='bbox 2800 2659 2985 2726; x_wconf 80' lang='grc' dir='ltr'><strong>Δασὶδ,</strong></span> <span class='ocrx_word' id='word_1_513' title='bbox 3011 2661 3108 2715; x_wconf 78' lang='grc' dir='ltr'><strong>καὶ</strong></span> <span class='ocrx_word' id='word_1_514' title='bbox 3136 2659 3302 2715; x_wconf 81' lang='grc' dir='ltr'><strong>αὐτοῦ</strong></span> <span class='ocrx_word' id='word_1_515' title='bbox 3340 2664 3444 2734; x_wconf 81' lang='grc' dir='ltr'><strong>τὴν</strong></span> <span class='ocrx_word' id='word_1_516' title='bbox 3468 2661 3526 2729; x_wconf 78' lang='grc' dir='ltr'>ἐξ</span> <span class='ocrx_word' id='word_1_517' title='bbox 3549 2661 3766 2733; x_wconf 80' lang='grc' dir='ltr'><strong>οὐρανῶν</strong></span> 
     </span>
    </p>
   </div>
   <div class='ocr_carea' id='block_1_70' title="bbox 2219 2750 3766 2823">
    <p class='ocr_par' dir='ltr' id='par_1_70' title="bbox 2219 2750 3766 2823">
     <span class='ocr_line' id='line_1_70' title="bbox 2219 2750 3766 2823; baseline -0.001 -17"><span class='ocrx_word' id='word_1_518' title='bbox 2219 2750 2320 2819; x_wconf 81' lang='grc' dir='ltr'><strong>τῆς</strong></span> <span class='ocrx_word' id='word_1_519' title='bbox 2336 2750 2496 2822; x_wconf 79' lang='grc' dir='ltr'><strong>δόξης</strong></span> <span class='ocrx_word' id='word_1_520' title='bbox 2524 2751 2855 2821; x_wconf 71' lang='grc' dir='ltr'><strong>ἐπιφάνειαν</strong></span> <span class='ocrx_word' id='word_1_521' title='bbox 2872 2752 3309 2823; x_wconf 74' lang='grc' dir='ltr'><strong>προσδεχόμεθα,</strong></span> <span class='ocrx_word' id='word_1_522' title='bbox 3335 2754 3434 2807; x_wconf 80' lang='grc' dir='ltr'><strong>καὶ</strong></span> <span class='ocrx_word' id='word_1_523' title='bbox 3458 2753 3613 2818; x_wconf 75' lang='grc' dir='ltr'><strong>αὑτός</strong></span> <span class='ocrx_word' id='word_1_524' title='bbox 3641 2756 3766 2807; x_wconf 67' lang='grc' dir='ltr'><strong>ἔστιν</strong></span> 
     </span>
    </p>
   </div>
   <div class='ocr_carea' id='block_1_71' title="bbox 2219 2843 3768 2915">
    <p class='ocr_par' dir='ltr' id='par_1_71' title="bbox 2219 2843 3768 2915">
     <span class='ocr_line' id='line_1_71' title="bbox 2219 2843 3768 2915; baseline -0.001 -17"><span class='ocrx_word' id='word_1_525' title='bbox 2219 2843 2394 2907; x_wconf 79' lang='grc' dir='ltr'><strong>ὀΘεὸς</strong></span> <span class='ocrx_word' id='word_1_526' title='bbox 2422 2844 2517 2898; x_wconf 76' lang='grc' dir='ltr'><strong>καὶ</strong></span> <span class='ocrx_word' id='word_1_527' title='bbox 2548 2843 2745 2915; x_wconf 82' lang='grc' dir='ltr'><strong>Σωτὴρ</strong></span> <span class='ocrx_word' id='word_1_528' title='bbox 2771 2843 2929 2915; x_wconf 78' lang='grc' dir='ltr'><strong>ἡμῶν</strong></span> <span class='ocrx_word' id='word_1_529' title='bbox 2958 2843 3170 2915; x_wconf 81' lang='grc' dir='ltr'><strong>Ἰησοῦς</strong></span> <span class='ocrx_word' id='word_1_530' title='bbox 3186 2844 3452 2915; x_wconf 81' lang='grc' dir='ltr'><strong>Χριστὸς,</strong></span> <span class='ocrx_word' id='word_1_531' title='bbox 3478 2846 3536 2909; x_wconf 81' lang='grc' dir='ltr'><strong>ὃς</strong></span> <span class='ocrx_word' id='word_1_532' title='bbox 3564 2845 3768 2898; x_wconf 78' lang='grc' dir='ltr'><strong>δέδωκεν</strong></span> 
     </span>
    </p>
   </div>
   <div class='ocr_carea' id='block_1_72' title="bbox 2220 2931 3769 3007">
    <p class='ocr_par' dir='ltr' id='par_1_72' title="bbox 2220 2931 3769 3007">
     <span class='ocr_line' id='line_1_72' title="bbox 2220 2931 3769 3007; baseline 0.001 -21"><span class='ocrx_word' id='word_1_533' title='bbox 2220 2931 2414 2987; x_wconf 73' lang='grc' dir='ltr'><strong>ἑαυτὸν</strong></span> <span class='ocrx_word' id='word_1_534' title='bbox 2440 2932 2581 3003; x_wconf 82' lang='grc' dir='ltr'><strong>ὑπὲρ</strong></span> <span class='ocrx_word' id='word_1_535' title='bbox 2609 2932 2791 3007; x_wconf 61' lang='grc' dir='ltr'><strong>ἡμῶν,</strong></span> <span class='ocrx_word' id='word_1_536' title='bbox 2816 2931 2905 2988; x_wconf 76' lang='grc' dir='ltr'><strong>ἵνα</strong></span> <span class='ocrx_word' id='word_1_537' title='bbox 2936 2931 3119 3003; x_wconf 81' lang='grc' dir='ltr'><strong>πάσης</strong></span> <span class='ocrx_word' id='word_1_538' title='bbox 3144 2932 3427 3004; x_wconf 71' lang='grc' dir='ltr'><strong>ἁμαρτίας</strong></span> <span class='ocrx_word' id='word_1_539' title='bbox 3453 2935 3597 3005; x_wconf 79' lang='grc' dir='ltr'><strong>ημᾶς</strong></span> <span class='ocrx_word' id='word_1_540' title='bbox 3620 2933 3769 2987; x_wconf 83' lang='grc' dir='ltr'><strong>ἀπαλ-</strong></span> 
     </span>
    </p>
   </div>
   <div class='ocr_carea' id='block_1_73' title="bbox 2220 3021 3766 3096">
    <p class='ocr_par' dir='ltr' id='par_1_73' title="bbox 2220 3021 3766 3096">
     <span class='ocr_line' id='line_1_73' title="bbox 2220 3021 3766 3096; baseline 0 -20"><span class='ocrx_word' id='word_1_541' title='bbox 2220 3021 2387 3090; x_wconf 79' lang='grc' dir='ltr'><strong>λάξας</strong></span> <span class='ocrx_word' id='word_1_542' title='bbox 2446 3024 2622 3094; x_wconf 79' lang='grc' dir='ltr'><strong>ἑαυτῷ</strong></span> <span class='ocrx_word' id='word_1_543' title='bbox 2677 3022 3009 3096; x_wconf 76' lang='grc' dir='ltr'><strong>παραστήσῃ</strong></span> <span class='ocrx_word' id='word_1_544' title='bbox 3064 3023 3326 3094; x_wconf 84' lang='grc' dir='ltr'><strong>γνησίους</strong></span> <span class='ocrx_word' id='word_1_545' title='bbox 3388 3025 3766 3096; x_wconf 65' lang='grc' dir='ltr'><strong>προσκυντγιάς.</strong></span> 
     </span>
    </p>
   </div>
   <div class='ocr_carea' id='block_1_74' title="bbox 2223 3110 3769 3188">
    <p class='ocr_par' dir='ltr' id='par_1_74' title="bbox 2223 3110 3769 3188">
     <span class='ocr_line' id='line_1_74' title="bbox 2223 3110 3769 3188; baseline 0.001 -20"><span class='ocrx_word' id='word_1_546' title='bbox 2223 3110 2357 3169; x_wconf 71' lang='grc' dir='ltr'><strong>Εἶτα</strong></span> <span class='ocrx_word' id='word_1_547' title='bbox 2399 3113 2484 3177; x_wconf 81' lang='grc' dir='ltr'><strong>τίς</strong></span> <span class='ocrx_word' id='word_1_548' title='bbox 2529 3114 2558 3167; x_wconf 81' lang='grc' dir='ltr'>ὀ</span> <span class='ocrx_word' id='word_1_549' title='bbox 2588 3114 2763 3184; x_wconf 64' lang='grc' dir='ltr'><strong>λέγων</strong></span> <span class='ocrx_word' id='word_1_550' title='bbox 2792 3115 2893 3168; x_wconf 79' lang='grc' dir='ltr'><strong>οὐκ</strong></span> <span class='ocrx_word' id='word_1_551' title='bbox 2924 3110 3064 3169; x_wconf 75' lang='grc' dir='ltr'><strong>εἶναι</strong></span> <span class='ocrx_word' id='word_1_552' title='bbox 3097 3114 3232 3169; x_wconf 82' lang='grc' dir='ltr'><strong>Θεὸν</strong></span> <span class='ocrx_word' id='word_1_553' title='bbox 3262 3116 3447 3188; x_wconf 83' lang='grc' dir='ltr'><strong>ἀληθῆ</strong></span> <span class='ocrx_word' id='word_1_554' title='bbox 3478 3118 3565 3171; x_wconf 80' lang='grc' dir='ltr'><strong>τδν</strong></span> <span class='ocrx_word' id='word_1_555' title='bbox 3585 3118 3769 3187; x_wconf 83' lang='grc' dir='ltr'><strong>Ἐμμα-</strong></span> 
     </span>
    </p>
   </div>
   <div class='ocr_carea' id='block_1_75' title="bbox 2222 3200 3770 3274">
    <p class='ocr_par' dir='ltr' id='par_1_75' title="bbox 2222 3200 3770 3274">
     <span class='ocr_line' id='line_1_75' title="bbox 2222 3200 3770 3274; baseline 0 -17"><span class='ocrx_word' id='word_1_556' title='bbox 2222 3202 2412 3274; x_wconf 78' lang='grc' dir='ltr'><strong>νουηλ,</strong></span> <span class='ocrx_word' id='word_1_557' title='bbox 2445 3200 2539 3256; x_wconf 82' lang='grc' dir='ltr'><strong>τοῦ</strong></span> <span class='ocrx_word' id='word_1_558' title='bbox 2581 3202 2858 3274; x_wconf 79' lang='grc' dir='ltr'><strong>μακαρίου</strong></span> <span class='ocrx_word' id='word_1_559' title='bbox 2901 3201 3117 3255; x_wconf 79' lang='grc' dir='ltr'><strong>Παύλου</strong></span> <span class='ocrx_word' id='word_1_560' title='bbox 3156 3204 3289 3274; x_wconf 73' lang='grc' dir='ltr'><strong>περὶ</strong></span> <span class='ocrx_word' id='word_1_561' title='bbox 3322 3203 3496 3258; x_wconf 80' lang='grc' dir='ltr'><strong>αὐτοῦ</strong></span> <span class='ocrx_word' id='word_1_562' title='bbox 3526 3204 3770 3274; x_wconf 60' lang='grc' dir='ltr'><strong>λέγοντος,</strong></span> 
     </span>
    </p>
   </div>
   <div class='ocr_carea' id='block_1_76' title="bbox 2219 3292 3768 3367">
    <p class='ocr_par' dir='ltr' id='par_1_76' title="bbox 2219 3292 3768 3367">
     <span class='ocr_line' id='line_1_76' title="bbox 2219 3292 3768 3367; baseline -0.002 -17"><span class='ocrx_word' id='word_1_563' title='bbox 2219 3294 2313 3351; x_wconf 78' lang='grc' dir='ltr'><strong>τοῦ</strong></span> <span class='ocrx_word' id='word_1_564' title='bbox 2339 3294 2575 3365; x_wconf 77' lang='grc' dir='ltr'><strong>μεγάλου</strong></span> <span class='ocrx_word' id='word_1_565' title='bbox 2592 3292 2729 3348; x_wconf 82' lang='grc' dir='ltr'>Θεοῦ</span> <span class='ocrx_word' id='word_1_566' title='bbox 2744 3294 2837 3349; x_wconf 76' lang='grc' dir='ltr'><strong>καὶ</strong></span> <span class='ocrx_word' id='word_1_567' title='bbox 2854 3294 3106 3365; x_wconf 83' lang='grc' dir='ltr'><strong>Σωτῆρος</strong></span> <span class='ocrx_word' id='word_1_568' title='bbox 3124 3293 3280 3366; x_wconf 77' lang='grc' dir='ltr'><strong>ἡμῶν</strong></span> <span class='ocrx_word' id='word_1_569' title='bbox 3304 3294 3487 3367; x_wconf 77' lang='grc' dir='ltr'><strong>Ἰησοῦ</strong></span> <span class='ocrx_word' id='word_1_570' title='bbox 3512 3295 3733 3366; x_wconf 78' lang='grc' dir='ltr'><strong>Χριστοῦ</strong></span> <span class='ocrx_word' id='word_1_571' title='bbox 3754 3336 3768 3361; x_wconf 90' lang='grc'><strong>,</strong></span> 
     </span>
    </p>
   </div>
   <div class='ocr_carea' id='block_1_77' title="bbox 2292 3385 3769 3457">
    <p class='ocr_par' dir='ltr' id='par_1_77' title="bbox 2292 3385 3769 3457">
     <span class='ocr_line' id='line_1_77' title="bbox 2292 3385 3769 3457; baseline -0.001 -16"><span class='ocrx_word' id='word_1_572' title='bbox 2292 3388 2403 3442; x_wconf 80' lang='grc' dir='ltr'><strong>Καὶ</strong></span> <span class='ocrx_word' id='word_1_573' title='bbox 2429 3386 2881 3457; x_wconf 79' lang='grc' dir='ltr'><strong>ὁμολογουμένως</strong></span> <span class='ocrx_word' id='word_1_574' title='bbox 2924 3385 3069 3455; x_wconf 77' lang='grc' dir='ltr'><strong>μέγα</strong></span> <span class='ocrx_word' id='word_1_575' title='bbox 3099 3385 3219 3440; x_wconf 73' lang='grc' dir='ltr'><strong>ἐστὶ</strong></span> <span class='ocrx_word' id='word_1_576' title='bbox 3261 3385 3328 3440; x_wconf 76' lang='grc' dir='ltr'><strong>τὸ</strong></span> <span class='ocrx_word' id='word_1_577' title='bbox 3361 3387 3462 3457; x_wconf 87' lang='grc' dir='ltr'><strong>τῆς</strong></span> <span class='ocrx_word' id='word_1_578' title='bbox 3517 3388 3769 3449; x_wconf 79' lang='grc' dir='ltr'><strong>εὑσεόείας</strong></span> 
     </span>
    </p>
   </div>
   <div class='ocr_carea' id='block_1_78' title="bbox 2222 3476 3765 3550">
    <p class='ocr_par' dir='ltr' id='par_1_78' title="bbox 2222 3476 3765 3550">
     <span class='ocr_line' id='line_1_78' title="bbox 2222 3476 3765 3550; baseline -0.001 -17"><span class='ocrx_word' id='word_1_579' title='bbox 2222 3479 2541 3550; x_wconf 81' lang='grc' dir='ltr'><strong>μυστήριον.</strong></span> <span class='ocrx_word' id='word_1_580' title='bbox 2574 3476 2707 3542; x_wconf 79' lang='grc' dir='ltr'><strong>Θεδς</strong></span> <span class='ocrx_word' id='word_1_581' title='bbox 2732 3478 3053 3549; x_wconf 73' lang='grc' dir='ltr'><strong>ἐφανερώθη</strong></span> <span class='ocrx_word' id='word_1_582' title='bbox 3084 3478 3144 3532; x_wconf 71' lang='grc' dir='ltr'><strong>ὲν</strong></span> <span class='ocrx_word' id='word_1_583' title='bbox 3180 3479 3373 3546; x_wconf 75' lang='grc' dir='ltr'><strong>σαρκὶ,</strong></span> <span class='ocrx_word' id='word_1_584' title='bbox 3406 3479 3685 3546; x_wconf 65' lang='grc' dir='ltr'><strong>ἐδικαιώθη</strong></span> <span class='ocrx_word' id='word_1_585' title='bbox 3717 3482 3765 3531; x_wconf 75' lang='grc' dir='ltr'><strong>ὲν</strong></span> 
     </span>
    </p>
   </div>
   <div class='ocr_carea' id='block_1_79' title="bbox 2221 3569 3767 3645">
    <p class='ocr_par' dir='ltr' id='par_1_79' title="bbox 2221 3569 3767 3645">
     <span class='ocr_line' id='line_1_79' title="bbox 2221 3569 3767 3645; baseline -0.002 -19"><span class='ocrx_word' id='word_1_586' title='bbox 2221 3571 2521 3642; x_wconf 82' lang='grc' dir='ltr'><strong>Πνεύματι,</strong></span> <span class='ocrx_word' id='word_1_587' title='bbox 2558 3569 2715 3641; x_wconf 77' lang='grc' dir='ltr'><strong>ὤφθη</strong></span> <span class='ocrx_word' id='word_1_588' title='bbox 2776 3571 3053 3641; x_wconf 76' lang='grc' dir='ltr'><strong>ἀγγέλοις,</strong></span> <span class='ocrx_word' id='word_1_589' title='bbox 3111 3571 3402 3645; x_wconf 69' lang='grc' dir='ltr'><strong>ἐκηρύχθη</strong></span> <span class='ocrx_word' id='word_1_590' title='bbox 3446 3574 3506 3627; x_wconf 81' lang='grc' dir='ltr'><strong>ὲν</strong></span> <span class='ocrx_word' id='word_1_591' title='bbox 3562 3573 3767 3635; x_wconf 60' lang='grc' dir='ltr'><strong>ἔθνεσιν,</strong></span> 
     </span>
    </p>
   </div>
   <div class='ocr_carea' id='block_1_80' title="bbox 2220 3662 3770 3735">
    <p class='ocr_par' dir='ltr' id='par_1_80' title="bbox 2220 3662 3770 3735">
     <span class='ocr_line' id='line_1_80' title="bbox 2220 3662 3770 3735; baseline -0.001 -19"><span class='ocrx_word' id='word_1_592' title='bbox 2220 3662 2514 3734; x_wconf 71' lang='grc' dir='ltr'><strong>ἐπιστεύθη</strong></span> <span class='ocrx_word' id='word_1_593' title='bbox 2569 3663 2630 3716; x_wconf 75' lang='grc' dir='ltr'><strong>ἐν</strong></span> <span class='ocrx_word' id='word_1_594' title='bbox 2657 3662 2871 3733; x_wconf 79' lang='grc' dir='ltr'><strong>κόσμῳ,</strong></span> <span class='ocrx_word' id='word_1_595' title='bbox 2900 3662 3180 3735; x_wconf 79' lang='grc' dir='ltr'><strong>ἀνελήφθη</strong></span> <span class='ocrx_word' id='word_1_596' title='bbox 3237 3664 3298 3717; x_wconf 76' lang='grc' dir='ltr'><strong>ὲν</strong></span> <span class='ocrx_word' id='word_1_597' title='bbox 3351 3664 3503 3734; x_wconf 81' lang='grc' dir='ltr'><strong>δόξῃ.</strong></span> <span class='ocrx_word' id='word_1_598' title='bbox 3537 3665 3628 3728; x_wconf 80' lang='grc' dir='ltr'><strong>Τίς</strong></span> <span class='ocrx_word' id='word_1_599' title='bbox 3663 3664 3688 3717; x_wconf 80' lang='grc' dir='ltr'><strong><em>ὁ</em></strong></span> <span class='ocrx_word' id='word_1_600' title='bbox 3720 3665 3770 3714; x_wconf 74' lang='grc' dir='ltr'><strong>ὲν</strong></span> 
     </span>
    </p>
   </div>
   <div class='ocr_carea' id='block_1_81' title="bbox 2221 3752 3768 3826">
    <p class='ocr_par' dir='ltr' id='par_1_81' title="bbox 2221 3752 3768 3826">
     <span class='ocr_line' id='line_1_81' title="bbox 2221 3752 3768 3826; baseline -0.003 -17"><span class='ocrx_word' id='word_1_601' title='bbox 2221 3753 2390 3823; x_wconf 81' lang='grc' dir='ltr'><strong>σαρκὶ</strong></span> <span class='ocrx_word' id='word_1_602' title='bbox 2419 3752 2782 3824; x_wconf 76' lang='grc' dir='ltr'><strong>φανερωθείςς</strong></span> <span class='ocrx_word' id='word_1_603' title='bbox 2813 3753 2847 3824; x_wconf 77' lang='grc' dir='ltr'>ἢ</span> <span class='ocrx_word' id='word_1_604' title='bbox 2875 3752 3051 3824; x_wconf 84' lang='grc' dir='ltr'><strong>δῆλον,</strong></span> <span class='ocrx_word' id='word_1_605' title='bbox 3070 3755 3152 3807; x_wconf 82' lang='grc' dir='ltr'><strong>ὃτι</strong></span> <span class='ocrx_word' id='word_1_606' title='bbox 3177 3753 3360 3826; x_wconf 81' lang='grc' dir='ltr'><strong>πάντη</strong></span> <span class='ocrx_word' id='word_1_607' title='bbox 3384 3771 3443 3808; x_wconf 88' lang='grc' dir='ltr'><strong>τε</strong></span> <span class='ocrx_word' id='word_1_608' title='bbox 3466 3756 3558 3808; x_wconf 81' lang='grc' dir='ltr'><strong>καὶ</strong></span> <span class='ocrx_word' id='word_1_609' title='bbox 3576 3756 3768 3815; x_wconf 83' lang='grc' dir='ltr'><strong>πάντως</strong></span> 
     </span>
    </p>
   </div>
   <div class='ocr_carea' id='block_1_82' title="bbox 2221 3843 3767 3918">
    <p class='ocr_par' dir='ltr' id='par_1_82' title="bbox 2221 3843 3767 3918">
     <span class='ocr_line' id='line_1_82' title="bbox 2221 3843 3767 3918; baseline -0.001 -20"><span class='ocrx_word' id='word_1_610' title='bbox 2221 3844 2252 3898; x_wconf 81' lang='grc' dir='ltr'><strong>ὁ</strong></span> <span class='ocrx_word' id='word_1_611' title='bbox 2287 3845 2352 3898; x_wconf 72' lang='lat' dir='ltr'><strong>tu</strong></span> <span class='ocrx_word' id='word_1_612' title='bbox 2378 3845 2512 3898; x_wconf 84' lang='grc' dir='ltr'><strong>Θεοῦ</strong></span> <span class='ocrx_word' id='word_1_613' title='bbox 2549 3845 2765 3918; x_wconf 66' lang='lat' dir='ltr'><strong>Harpe;</strong></span> <span class='ocrx_word' id='word_1_614' title='bbox 2796 3844 2970 3914; x_wconf 75' lang='grc' dir='ltr'><strong>Λόγος</strong></span> <span class='ocrx_word' id='word_1_615' title='bbox 2996 3861 3012 3911; x_wconf 88' lang='lat'><strong>;</strong></span> <span class='ocrx_word' id='word_1_616' title='bbox 3043 3843 3203 3899; x_wconf 75' lang='grc' dir='ltr'><strong>Οὕτω</strong></span> <span class='ocrx_word' id='word_1_617' title='bbox 3233 3845 3347 3918; x_wconf 83' lang='grc' dir='ltr'><strong>γὰρ</strong></span> <span class='ocrx_word' id='word_1_618' title='bbox 3380 3845 3533 3900; x_wconf 77' lang='grc' dir='ltr'><strong>ἔσται</strong></span> <span class='ocrx_word' id='word_1_619' title='bbox 3564 3846 3694 3916; x_wconf 82' lang='grc' dir='ltr'><strong>μέγα</strong></span> <span class='ocrx_word' id='word_1_620' title='bbox 3716 3846 3767 3897; x_wconf 69' lang='grc' dir='ltr'><strong>τὸ</strong></span> 
     </span>
    </p>
   </div>
   <div class='ocr_carea' id='block_1_83' title="bbox 2223 3919 3764 4007">
    <p class='ocr_par' dir='ltr' id='par_1_83' title="bbox 2223 3919 3764 4007">
     <span class='ocr_line' id='line_1_83' title="bbox 2223 3919 3764 4007; baseline -0.009 -7"><span class='ocrx_word' id='word_1_621' title='bbox 2223 3934 2321 4004; x_wconf 83' lang='grc' dir='ltr'><strong>τῆς</strong></span> <span class='ocrx_word' id='word_1_622' title='bbox 2338 3933 2623 3999; x_wconf 67' lang='grc' dir='ltr'><strong>εὐσεϐείας</strong></span> <span class='ocrx_word' id='word_1_623' title='bbox 2645 3934 2967 4007; x_wconf 72' lang='grc' dir='ltr'><strong>μυστήριον.</strong></span> <span class='ocrx_word' id='word_1_624' title='bbox 2999 3934 3176 4006; x_wconf 78' lang='grc' dir='ltr'><strong>Ὠφθη</strong></span> <span class='ocrx_word' id='word_1_625' title='bbox 3198 3934 3257 3989; x_wconf 76' lang='grc' dir='ltr'><strong>δὲ</strong></span> <span class='ocrx_word' id='word_1_626' title='bbox 3289 3936 3542 4005; x_wconf 82' lang='grc' dir='ltr'><strong>ἀγγέλοις</strong></span> <span class='ocrx_word' id='word_1_627' title='bbox 3565 3919 3764 4005; x_wconf 57' lang='grc' dir='ltr'><strong>ἁιαὸαιο</strong></span> 
     </span>
    </p>
   </div>
   <div class='ocr_carea' id='block_1_84' title="bbox 2221 4025 3762 4098">
    <p class='ocr_par' dir='ltr' id='par_1_84' title="bbox 2221 4025 3762 4098">
     <span class='ocr_line' id='line_1_84' title="bbox 2221 4025 3762 4098; baseline 0 -20"><span class='ocrx_word' id='word_1_628' title='bbox 2221 4040 2330 4078; x_wconf 86' lang='grc' dir='ltr'><strong>νων</strong></span> <span class='ocrx_word' id='word_1_629' title='bbox 2361 4025 2444 4088; x_wconf 78' lang='grc' dir='ltr'><strong>εις</strong></span> <span class='ocrx_word' id='word_1_630' title='bbox 2472 4025 2757 4098; x_wconf 64' lang='grc' dir='ltr'><strong>οὐρανοὺς,</strong></span> <span class='ocrx_word' id='word_1_631' title='bbox 2775 4025 3055 4096; x_wconf 70' lang='grc' dir='ltr'><strong>ἐκηρύχθη</strong></span> <span class='ocrx_word' id='word_1_632' title='bbox 3083 4027 3141 4079; x_wconf 75' lang='grc' dir='ltr'><strong>ὲν</strong></span> <span class='ocrx_word' id='word_1_633' title='bbox 3162 4026 3344 4080; x_wconf 72' lang='grc' dir='ltr'><strong>ἔθνεσι</strong></span> <span class='ocrx_word' id='word_1_634' title='bbox 3372 4028 3459 4081; x_wconf 72' lang='grc' dir='ltr'><strong>διὰ</strong></span> <span class='ocrx_word' id='word_1_635' title='bbox 3485 4028 3590 4081; x_wconf 85' lang='grc' dir='ltr'><strong>τῶν</strong></span> <span class='ocrx_word' id='word_1_636' title='bbox 3614 4026 3762 4096; x_wconf 77' lang='grc' dir='ltr'><strong>ἁγίων</strong></span> 
     </span>
    </p>
   </div>
   <div class='ocr_carea' id='block_1_85' title="bbox 2221 4117 3769 4193">
    <p class='ocr_par' dir='ltr' id='par_1_85' title="bbox 2221 4117 3769 4193">
     <span class='ocr_line' id='line_1_85' title="bbox 2221 4117 3769 4193; baseline -0.003 -18"><span class='ocrx_word' id='word_1_637' title='bbox 2221 4118 2555 4187; x_wconf 79' lang='grc' dir='ltr'><strong>ἀποστόλων,</strong></span> <span class='ocrx_word' id='word_1_638' title='bbox 2571 4118 2864 4189; x_wconf 74' lang='grc' dir='ltr'><strong>ἐπιστεύθη</strong></span> <span class='ocrx_word' id='word_1_639' title='bbox 2890 4119 2948 4173; x_wconf 76' lang='grc' dir='ltr'><strong>δὲ</strong></span> <span class='ocrx_word' id='word_1_640' title='bbox 2974 4124 3069 4173; x_wconf 79' lang='grc' dir='ltr'><strong>καὶ</strong></span> <span class='ocrx_word' id='word_1_641' title='bbox 3102 4120 3161 4173; x_wconf 77' lang='grc' dir='ltr'><strong>ὲν</strong></span> <span class='ocrx_word' id='word_1_642' title='bbox 3191 4120 3405 4193; x_wconf 85' lang='grc' dir='ltr'><strong>κόσμῳ,</strong></span> <span class='ocrx_word' id='word_1_643' title='bbox 3435 4124 3525 4176; x_wconf 76' lang='grc' dir='ltr'><strong>καὶ</strong></span> <span class='ocrx_word' id='word_1_644' title='bbox 3551 4122 3658 4175; x_wconf 73' lang='lat'><strong>06::</strong></span> <span class='ocrx_word' id='word_1_645' title='bbox 3680 4117 3769 4172; x_wconf 76' lang='grc' dir='ltr'><strong>πού</strong></span> 
     </span>
    </p>
   </div>
   <div class='ocr_carea' id='block_1_86' title="bbox 2225 4210 3766 4283">
    <p class='ocr_par' dir='ltr' id='par_1_86' title="bbox 2225 4210 3766 4283">
     <span class='ocr_line' id='line_1_86' title="bbox 2225 4210 3766 4283; baseline -0.001 -18"><span class='ocrx_word' id='word_1_646' title='bbox 2225 4228 2429 4283; x_wconf 73' lang='grc' dir='ltr'><strong>φαμεν,</strong></span> <span class='ocrx_word' id='word_1_647' title='bbox 2460 4211 2543 4266; x_wconf 76' lang='grc' dir='ltr'><strong>ὅτι</strong></span> <span class='ocrx_word' id='word_1_648' title='bbox 2579 4212 2705 4267; x_wconf 78' lang='grc' dir='ltr'><strong>καθ’</strong></span> <span class='ocrx_word' id='word_1_649' title='bbox 2736 4212 2887 4281; x_wconf 75' lang='grc' dir='ltr'><strong>ἡμᾶς</strong></span> <span class='ocrx_word' id='word_1_650' title='bbox 2926 4210 3210 4282; x_wconf 74' lang='grc' dir='ltr'><strong>ἅνθρωπος</strong></span> <span class='ocrx_word' id='word_1_651' title='bbox 3249 4211 3459 4277; x_wconf 82' lang='grc' dir='ltr'><strong>ἁπλῶς,</strong></span> <span class='ocrx_word' id='word_1_652' title='bbox 3496 4212 3625 4267; x_wconf 82' lang='grc' dir='ltr'><strong>ἀλλά</strong></span> <span class='ocrx_word' id='word_1_653' title='bbox 3653 4210 3766 4273; x_wconf 72' lang='grc' dir='ltr'><strong>Θεὸς</strong></span> 
     </span>
    </p>
   </div>
   <div class='ocr_carea' id='block_1_87' title="bbox 2224 4299 3764 4374">
    <p class='ocr_par' dir='ltr' id='par_1_87' title="bbox 2224 4299 3764 4374">
     <span class='ocr_line' id='line_1_87' title="bbox 2224 4299 3764 4374; baseline -0.001 -21"><span class='ocrx_word' id='word_1_654' title='bbox 2224 4302 2284 4356; x_wconf 69' lang='grc' dir='ltr'><strong>ιν</strong></span> <span class='ocrx_word' id='word_1_655' title='bbox 2331 4302 2501 4373; x_wconf 80' lang='grc' dir='ltr'><strong>σαρκὶ</strong></span> <span class='ocrx_word' id='word_1_656' title='bbox 2540 4302 2632 4357; x_wconf 79' lang='grc' dir='ltr'><strong>καὶ</strong></span> <span class='ocrx_word' id='word_1_657' title='bbox 2661 4303 2786 4355; x_wconf 80' lang='grc' dir='ltr'><strong>καθ’</strong></span> <span class='ocrx_word' id='word_1_658' title='bbox 2813 4302 2964 4372; x_wconf 75' lang='grc' dir='ltr'><strong>ἡμᾶς</strong></span> <span class='ocrx_word' id='word_1_659' title='bbox 2993 4300 3255 4370; x_wconf 86' lang='grc' dir='ltr'><strong>γεγονὼς,</strong></span> <span class='ocrx_word' id='word_1_660' title='bbox 3284 4302 3561 4374; x_wconf 74' lang='grc' dir='ltr'><strong>ἀνελήφθη</strong></span> <span class='ocrx_word' id='word_1_661' title='bbox 3602 4302 3654 4356; x_wconf 76' lang='grc' dir='ltr'><strong>δὲ</strong></span> <span class='ocrx_word' id='word_1_662' title='bbox 3684 4299 3764 4353; x_wconf 73' lang='grc' dir='ltr'><strong>καὶ</strong></span> 
     </span>
    </p>
   </div>
   <div class='ocr_carea' id='block_1_88' title="bbox 2225 4391 3762 4469">
    <p class='ocr_par' dir='ltr' id='par_1_88' title="bbox 2225 4391 3762 4469">
     <span class='ocr_line' id='line_1_88' title="bbox 2225 4391 3762 4469; baseline -0.001 -21"><span class='ocrx_word' id='word_1_663' title='bbox 2225 4396 2283 4449; x_wconf 82' lang='grc' dir='ltr'><strong>ὲν</strong></span> <span class='ocrx_word' id='word_1_664' title='bbox 2310 4393 2464 4469; x_wconf 77' lang='grc' dir='ltr'><strong>δόξῃ,</strong></span> <span class='ocrx_word' id='word_1_665' title='bbox 2513 4394 2601 4449; x_wconf 80' lang='grc' dir='ltr'><strong>ῐνα</strong></span> <span class='ocrx_word' id='word_1_666' title='bbox 2633 4394 2882 4463; x_wconf 81' lang='grc' dir='ltr'><strong>λέγοντος</strong></span> <span class='ocrx_word' id='word_1_667' title='bbox 2908 4394 3116 4466; x_wconf 79' lang='grc' dir='ltr'><strong>ἀκούσῃ</strong></span> <span class='ocrx_word' id='word_1_668' title='bbox 3148 4393 3242 4448; x_wconf 84' lang='grc' dir='ltr'><strong>τοῦ</strong></span> <span class='ocrx_word' id='word_1_669' title='bbox 3270 4393 3409 4449; x_wconf 82' lang='grc' dir='ltr'><strong>Θεοῦ</strong></span> <span class='ocrx_word' id='word_1_670' title='bbox 3440 4396 3533 4449; x_wconf 81' lang='grc' dir='ltr'><strong>καὶ</strong></span> <span class='ocrx_word' id='word_1_671' title='bbox 3556 4391 3762 4463; x_wconf 81' lang='grc' dir='ltr'><strong>Πατρδς,</strong></span> 
     </span>
    </p>
   </div>
   <div class='ocr_carea' id='block_1_89' title="bbox 2226 4485 3764 4558">
    <p class='ocr_par' dir='ltr' id='par_1_89' title="bbox 2226 4485 3764 4558">
     <span class='ocr_line' id='line_1_89' title="bbox 2226 4485 3764 4558; baseline -0.002 -16"><span class='ocrx_word' id='word_1_672' title='bbox 2226 4487 2425 4543; x_wconf 84' lang='grc' dir='ltr'><strong>Κάθου</strong></span> <span class='ocrx_word' id='word_1_673' title='bbox 2470 4487 2541 4542; x_wconf 82' lang='grc' dir='ltr'><strong>ἐκ</strong></span> <span class='ocrx_word' id='word_1_674' title='bbox 2574 4486 2790 4557; x_wconf 65' lang='grc' dir='ltr'><strong>ὂξξιῶν</strong></span> <span class='ocrx_word' id='word_1_675' title='bbox 2824 4504 2966 4558; x_wconf 82' lang='grc' dir='ltr'><strong>μου,</strong></span> <span class='ocrx_word' id='word_1_676' title='bbox 2993 4487 3103 4554; x_wconf 77' lang='grc' dir='ltr'><strong>ἕως</strong></span> <span class='ocrx_word' id='word_1_677' title='bbox 3130 4487 3209 4543; x_wconf 78' lang='grc' dir='ltr'><strong>ἂν</strong></span> <span class='ocrx_word' id='word_1_678' title='bbox 3255 4487 3339 4543; x_wconf 78' lang='grc' dir='ltr'><strong>θῶ</strong></span> <span class='ocrx_word' id='word_1_679' title='bbox 3379 4487 3521 4556; x_wconf 80' lang='grc' dir='ltr'><strong>τοὺς</strong></span> <span class='ocrx_word' id='word_1_680' title='bbox 3544 4485 3764 4557; x_wconf 77' lang='grc' dir='ltr'><strong>ἐχθρούς</strong></span> 
     </span>
    </p>
   </div>
   <div class='ocr_carea' id='block_1_90' title="bbox 554 4578 2115 4651">
    <p class='ocr_par' dir='ltr' id='par_1_90' title="bbox 554 4580 2115 4651">
     <span class='ocr_line' id='line_1_90' title="bbox 554 4580 2115 4651; baseline -0.008 -4"><span class='ocrx_word' id='word_1_681' title='bbox 554 4592 683 4647; x_wconf 79' lang='lat' dir='ltr'><strong>Sede</strong></span> <span class='ocrx_word' id='word_1_682' title='bbox 738 4607 771 4643; x_wconf 81' lang='grc' dir='ltr'><strong>ιι</strong></span> <span class='ocrx_word' id='word_1_683' title='bbox 824 4590 1023 4643; x_wconf 69' lang='lat' dir='ltr'><strong>dextris</strong></span> <span class='ocrx_word' id='word_1_684' title='bbox 1066 4586 1217 4648; x_wconf 84' lang='lat' dir='ltr'><strong>meis,</strong></span> <span class='ocrx_word' id='word_1_685' title='bbox 1266 4584 1430 4639; x_wconf 88' lang='lat' dir='ltr'><strong>donec</strong></span> <span class='ocrx_word' id='word_1_686' title='bbox 1469 4597 1660 4651; x_wconf 83' lang='lat' dir='ltr'><strong>ponam</strong></span> <span class='ocrx_word' id='word_1_687' title='bbox 1707 4580 1951 4635; x_wconf 83' lang='lat' dir='ltr'><strong>inimicos</strong></span> <span class='ocrx_word' id='word_1_688' title='bbox 2003 4588 2115 4634; x_wconf 76' lang='lat' dir='ltr'><strong>tuos</strong></span> 
     </span>
    </p>
   </div>
   <div class='ocr_carea' id='block_1_91' title="bbox 2216 4578 3247 4651">
    <p class='ocr_par' dir='ltr' id='par_1_91' title="bbox 2228 4578 3247 4637">
     <span class='ocr_line' id='line_1_91' title="bbox 2228 4578 3247 4637; baseline -0.001 -3"><span class='ocrx_word' id='word_1_689' title='bbox 2228 4593 2344 4635; x_wconf 90' lang='grc' dir='ltr'><strong>σου</strong></span> <span class='ocrx_word' id='word_1_690' title='bbox 2370 4579 2702 4637; x_wconf 80' lang='grc' dir='ltr'><strong>ὑποπόδιον</strong></span> <span class='ocrx_word' id='word_1_691' title='bbox 2730 4578 2848 4634; x_wconf 82' lang='grc' dir='ltr'><strong>τῶν</strong></span> <span class='ocrx_word' id='word_1_692' title='bbox 2875 4578 3079 4634; x_wconf 83' lang='grc' dir='ltr'><strong>ποδῶν</strong></span> <span class='ocrx_word' id='word_1_693' title='bbox 3109 4593 3247 4635; x_wconf 88' lang='grc' dir='ltr'><strong>σου.</strong></span> 
     </span>
    </p>
   </div>
   <div class='ocr_carea' id='block_1_92' title="bbox 553 4678 1359 4751">
    <p class='ocr_par' dir='ltr' id='par_1_92' title="bbox 553 4678 1359 4751">
     <span class='ocr_line' id='line_1_92' title="bbox 553 4678 1359 4751; baseline -0.011 -11"><span class='ocrx_word' id='word_1_694' title='bbox 553 4683 836 4740; x_wconf 83' lang='lat' dir='ltr'><strong>scabeuum</strong></span> <span class='ocrx_word' id='word_1_695' title='bbox 862 4682 1049 4751; x_wconf 82' lang='lat' dir='ltr'><strong>pedum</strong></span> <span class='ocrx_word' id='word_1_696' title='bbox 1089 4686 1302 4732; x_wconf 90' lang='lat' dir='ltr'><strong>tuorum</strong></span> <span class='ocrx_word' id='word_1_697' title='bbox 1338 4678 1359 4709; x_wconf 84' lang='grc'><strong><em>²</em></strong></span> 
     </span>
    </p>
   </div>
   <div class='ocr_carea' id='block_1_93' title="bbox 947 4763 1747 4836">
    <p class='ocr_par' dir='ltr' id='par_1_93' title="bbox 947 4763 1747 4836">
     <span class='ocr_line' id='line_1_93' title="bbox 947 4763 1747 4836; baseline -0.009 -12"><span class='ocrx_word' id='word_1_698' title='bbox 947 4767 1032 4823; x_wconf 77' lang='lat' dir='ltr'><strong>Ea:</strong></span> <span class='ocrx_word' id='word_1_699' title='bbox 1076 4766 1319 4836; x_wconf 84' lang='lat' dir='ltr'><strong>Epistola</strong></span> <span class='ocrx_word' id='word_1_700' title='bbox 1356 4765 1424 4819; x_wconf 88' lang='lat' dir='ltr'><strong>ad</strong></span> <span class='ocrx_word' id='word_1_701' title='bbox 1463 4763 1747 4818; x_wconf 88' lang='lat' dir='ltr'><strong>Romanos.</strong></span> 
     </span>
    </p>
   </div>
   <div class='ocr_carea' id='block_1_94' title="bbox 630 4850 2127 4929">
    <p class='ocr_par' dir='ltr' id='par_1_94' title="bbox 630 4850 2127 4929">
     <span class='ocr_line' id='line_1_94' title="bbox 630 4850 2127 4929; baseline -0.008 -12"><span class='ocrx_word' id='word_1_702' title='bbox 630 4864 694 4917; x_wconf 85' lang='lat' dir='ltr'><strong>Ei</strong></span> <span class='ocrx_word' id='word_1_703' title='bbox 747 4870 943 4926; x_wconf 80' lang='lat' dir='ltr'><strong>autem,</strong></span> <span class='ocrx_word' id='word_1_704' title='bbox 983 4860 1072 4929; x_wconf 80' lang='lat' dir='ltr'><strong>qui</strong></span> <span class='ocrx_word' id='word_1_705' title='bbox 1115 4863 1285 4929; x_wconf 86' lang='lat' dir='ltr'><strong>potest</strong></span> <span class='ocrx_word' id='word_1_706' title='bbox 1332 4870 1427 4910; x_wconf 87' lang='lat' dir='ltr'><strong>nos</strong></span> <span class='ocrx_word' id='word_1_707' title='bbox 1477 4850 1791 4919; x_wconf 76' lang='lat' dir='ltr'><strong>conﬁrmare</strong></span> <span class='ocrx_word' id='word_1_708' title='bbox 1840 4853 2127 4906; x_wconf 84' lang='lat' dir='ltr'><strong>secundum</strong></span> 
     </span>
    </p>
   </div>
   <div class='ocr_carea' id='block_1_95' title="bbox 558 4942 2131 5023">
    <p class='ocr_par' dir='ltr' id='par_1_95' title="bbox 558 4942 2131 5023">
     <span class='ocr_line' id='line_1_95' title="bbox 558 4942 2131 5023; baseline -0.01 -11"><span class='ocrx_word' id='word_1_709' title='bbox 558 4953 896 5023; x_wconf 77' lang='lat' dir='ltr'><strong>Euangelium</strong></span> <span class='ocrx_word' id='word_1_710' title='bbox 947 4966 1141 5016; x_wconf 84' lang='lat' dir='ltr'><strong>meum,</strong></span> <span class='ocrx_word' id='word_1_711' title='bbox 1194 4957 1245 5003; x_wconf 89' lang='lat' dir='ltr'><strong>et</strong></span> <span class='ocrx_word' id='word_1_712' title='bbox 1290 4944 1715 5018; x_wconf 79' lang='lat' dir='ltr'><strong>prtedicationem</strong></span> <span class='ocrx_word' id='word_1_713' title='bbox 1761 4943 1893 4998; x_wconf 82' lang='lat' dir='ltr'><strong>Jesu</strong></span> <span class='ocrx_word' id='word_1_714' title='bbox 1932 4942 2131 4997; x_wconf 80' lang='lat' dir='ltr'><strong>(&#39;hristi</strong></span> 
     </span>
    </p>
   </div>
   <div class='ocr_carea' id='block_1_96' title="bbox 2456 4742 3681 4829">
    <p class='ocr_par' dir='ltr' id='par_1_96' title="bbox 2456 4742 3681 4829">
     <span class='ocr_line' id='line_1_96' title="bbox 2456 4742 3681 4829; baseline -0.002 -15"><span class='ocrx_word' id='word_1_715' title='bbox 2456 4760 2555 4814; x_wconf 76' lang='grc' dir='ltr'><strong>Ἐκ</strong></span> <span class='ocrx_word' id='word_1_716' title='bbox 2583 4758 2691 4827; x_wconf 84' lang='grc' dir='ltr'><strong>τῆς</strong></span> <span class='ocrx_word' id='word_1_717' title='bbox 2710 4758 2861 4829; x_wconf 79' lang='grc' dir='ltr'><strong>πρὸς</strong></span> <span class='ocrx_word' id='word_1_718' title='bbox 2895 4758 3222 4829; x_wconf 79' lang='grc' dir='ltr'><strong>Ῥωμαίους</strong></span> <span class='ocrx_word' id='word_1_719' title='bbox 3242 4757 3587 4826; x_wconf 77' lang='grc' dir='ltr'><strong>ἐπιστολῆς.</strong></span> <span class='ocrx_word' id='word_1_720' title='bbox 3675 4742 3681 4747; x_wconf 41' lang='grc'><em>’</em></span> 
     </span>
    </p>
   </div>
   <div class='ocr_carea' id='block_1_97' title="bbox 2302 4842 3763 4922">
    <p class='ocr_par' dir='ltr' id='par_1_97' title="bbox 2302 4842 3763 4922">
     <span class='ocr_line' id='line_1_97' title="bbox 2302 4842 3763 4922; baseline -0.006 -16"><span class='ocrx_word' id='word_1_721' title='bbox 2302 4850 2464 4917; x_wconf 80' lang='grc' dir='ltr'><strong>Τῷδὲ</strong></span> <span class='ocrx_word' id='word_1_722' title='bbox 2483 4850 2796 4920; x_wconf 74' lang='grc' dir='ltr'><strong>δυναμένῳ</strong></span> <span class='ocrx_word' id='word_1_723' title='bbox 2823 4849 2979 4922; x_wconf 82' lang='grc' dir='ltr'><strong>ὑμᾶς</strong></span> <span class='ocrx_word' id='word_1_724' title='bbox 2996 4852 3274 4919; x_wconf 73' lang='grc' dir='ltr'><strong>στηρίξαι</strong></span> <span class='ocrx_word' id='word_1_725' title='bbox 3288 4852 3437 4905; x_wconf 83' lang='grc' dir='ltr'><strong>κατὰ</strong></span> <span class='ocrx_word' id='word_1_726' title='bbox 3455 4850 3518 4904; x_wconf 86' lang='grc' dir='ltr'><strong>τὸ</strong></span> <span class='ocrx_word' id='word_1_727' title='bbox 3538 4842 3763 4916; x_wconf 65' lang='lat' dir='ltr'><strong>Euan-i-</strong></span> 
     </span>
    </p>
   </div>
   <div class='ocr_carea' id='block_1_98' title="bbox 2225 4933 3762 5014">
    <p class='ocr_par' dir='ltr' id='par_1_98' title="bbox 2225 4933 3762 5014">
     <span class='ocr_line' id='line_1_98' title="bbox 2225 4933 3762 5014; baseline -0.006 -17"><span class='ocrx_word' id='word_1_728' title='bbox 2225 4944 2362 4997; x_wconf 70' lang='lat' dir='ltr'><strong>.1th</strong></span> <span class='ocrx_word' id='word_1_729' title='bbox 2401 4960 2543 5013; x_wconf 82' lang='grc' dir='ltr'><strong>μου,</strong></span> <span class='ocrx_word' id='word_1_730' title='bbox 2575 4944 2675 4999; x_wconf 80' lang='grc' dir='ltr'><strong>καὶ</strong></span> <span class='ocrx_word' id='word_1_731' title='bbox 2707 4944 2771 4997; x_wconf 84' lang='grc' dir='ltr'><strong>τό</strong></span> <span class='ocrx_word' id='word_1_732' title='bbox 2805 4943 3079 5014; x_wconf 78' lang='grc' dir='ltr'><strong>κήρυγμα</strong></span> <span class='ocrx_word' id='word_1_733' title='bbox 3098 4942 3305 5012; x_wconf 85' lang='grc' dir='ltr'><strong>Ἰησοῦ</strong></span> <span class='ocrx_word' id='word_1_734' title='bbox 3336 4940 3606 5011; x_wconf 81' lang='grc' dir='ltr'><strong>Χριστοῦ,</strong></span> <span class='ocrx_word' id='word_1_735' title='bbox 3634 4933 3762 4991; x_wconf 83' lang='grc' dir='ltr'><strong>κατὰ</strong></span> 
     </span>
    </p>
   </div>
   <div class='ocr_carea' id='block_1_99' title="bbox 556 5032 2115 5109">
    <p class='ocr_par' dir='ltr' id='par_1_99' title="bbox 556 5032 2115 5109">
     <span class='ocr_line' id='line_1_99' title="bbox 556 5032 2115 5109; baseline -0.008 -8"><span class='ocrx_word' id='word_1_736' title='bbox 556 5046 844 5102; x_wconf 82' lang='lat' dir='ltr'><strong>secundum</strong></span> <span class='ocrx_word' id='word_1_737' title='bbox 875 5041 1239 5096; x_wconf 72' lang='lat' dir='ltr'><strong>reuelationem</strong></span> <span class='ocrx_word' id='word_1_738' title='bbox 1273 5036 1529 5109; x_wconf 76' lang='lat' dir='ltr'><strong>mysterii,</strong></span> <span class='ocrx_word' id='word_1_739' title='bbox 1560 5032 1879 5104; x_wconf 84' lang='lat' dir='ltr'><strong>temporibus</strong></span> <span class='ocrx_word' id='word_1_740' title='bbox 1914 5035 2115 5089; x_wconf 62' lang='lat' dir='ltr'><strong>aeterni:</strong></span> 
     </span>
    </p>
   </div>
   <div class='ocr_carea' id='block_1_100' title="bbox 2216 5032 3759 5109">
    <p class='ocr_par' dir='ltr' id='par_1_100' title="bbox 2224 5032 3759 5103">
     <span class='ocr_line' id='line_1_100' title="bbox 2224 5032 3759 5103; baseline -0.006 -15"><span class='ocrx_word' id='word_1_741' title='bbox 2224 5032 2615 5102; x_wconf 68' lang='grc' dir='ltr'><strong>ἀποκάλυψιν</strong></span> <span class='ocrx_word' id='word_1_742' title='bbox 2639 5036 2980 5103; x_wconf 83' lang='grc' dir='ltr'><strong>μυστηρίου</strong></span> <span class='ocrx_word' id='word_1_743' title='bbox 3007 5035 3248 5102; x_wconf 65' lang='grc' dir='ltr'><strong>χρόνοις</strong></span> <span class='ocrx_word' id='word_1_744' title='bbox 3266 5032 3520 5097; x_wconf 71' lang='grc' dir='ltr'><strong>αἰωνίοις</strong></span> <span class='ocrx_word' id='word_1_745' title='bbox 3546 5041 3759 5095; x_wconf 70' lang='grc' dir='ltr'><strong>σεσιγη-</strong></span> 
     </span>
    </p>
   </div>
   <div class='ocr_carea' id='block_1_101' title="bbox 557 5125 2127 5200">
    <p class='ocr_par' dir='ltr' id='par_1_101' title="bbox 557 5125 2127 5200">
     <span class='ocr_line' id='line_1_101' title="bbox 557 5125 2127 5200; baseline -0.006 -9"><span class='ocrx_word' id='word_1_746' title='bbox 557 5139 722 5200; x_wconf 84' lang='lat' dir='ltr'><strong>taciti,</strong></span> <span class='ocrx_word' id='word_1_747' title='bbox 774 5132 1105 5200; x_wconf 77' lang='lat' dir='ltr'><strong>manifestati</strong></span> <span class='ocrx_word' id='word_1_748' title='bbox 1154 5138 1331 5185; x_wconf 79' lang='lat' dir='ltr'><strong>autem</strong></span> <span class='ocrx_word' id='word_1_749' title='bbox 1366 5144 1503 5184; x_wconf 87' lang='lat' dir='ltr'><strong>nunc</strong></span> <span class='ocrx_word' id='word_1_750' title='bbox 1530 5144 1624 5198; x_wconf 82' lang='lat' dir='ltr'><strong>per</strong></span> <span class='ocrx_word' id='word_1_751' title='bbox 1653 5125 1959 5195; x_wconf 87' lang='lat' dir='ltr'><strong>Scripturas</strong></span> <span class='ocrx_word' id='word_1_752' title='bbox 2000 5143 2127 5196; x_wconf 89' lang='lat' dir='ltr'><strong>pro-</strong></span> 
     </span>
    </p>
   </div>
   <div class='ocr_carea' id='block_1_102' title="bbox 2219 5119 3758 5193">
    <p class='ocr_par' dir='ltr' id='par_1_102' title="bbox 2219 5119 3758 5193">
     <span class='ocr_line' id='line_1_102' title="bbox 2219 5119 3758 5193; baseline 0.002 -16"><span class='ocrx_word' id='word_1_753' title='bbox 2219 5123 2429 5193; x_wconf 80' lang='grc' dir='ltr'><strong>μένου,</strong></span> <span class='ocrx_word' id='word_1_754' title='bbox 2461 5125 2911 5192; x_wconf 69' lang='grc' dir='ltr'><strong>φανερωθέντος</strong></span> <span class='ocrx_word' id='word_1_755' title='bbox 2934 5125 3003 5178; x_wconf 80' lang='grc' dir='ltr'><strong>δὲ</strong></span> <span class='ocrx_word' id='word_1_756' title='bbox 3023 5125 3141 5179; x_wconf 85' lang='grc' dir='ltr'><strong>νῦν</strong></span> <span class='ocrx_word' id='word_1_757' title='bbox 3160 5124 3260 5178; x_wconf 80' lang='grc' dir='ltr'><strong>διά</strong></span> <span class='ocrx_word' id='word_1_758' title='bbox 3291 5140 3353 5177; x_wconf 83' lang='grc' dir='ltr'><strong>τε</strong></span> <span class='ocrx_word' id='word_1_759' title='bbox 3376 5119 3620 5189; x_wconf 72' lang='grc' dir='ltr'><strong>Γραφῶν</strong></span> <span class='ocrx_word' id='word_1_760' title='bbox 3634 5134 3685 5180; x_wconf 64' lang='grc' dir='ltr'><strong>πε</strong></span> <span class='ocrx_word' id='word_1_761' title='bbox 3705 5132 3758 5167; x_wconf 83' lang='grc' dir='ltr'><strong>θ·</strong></span> 
     </span>
    </p>
   </div>
   <div class='ocr_carea' id='block_1_103' title="bbox 556 5211 2115 5298">
    <p class='ocr_par' dir='ltr' id='par_1_103' title="bbox 556 5219 2115 5298">
     <span class='ocr_line' id='line_1_103' title="bbox 556 5219 2115 5298; baseline -0.006 -16"><span class='ocrx_word' id='word_1_762' title='bbox 556 5230 834 5298; x_wconf 78' lang='lat' dir='ltr'><strong>pltetarmn</strong></span> <span class='ocrx_word' id='word_1_763' title='bbox 864 5228 1153 5278; x_wconf 85' lang='lat' dir='ltr'><strong>secundum</strong></span> <span class='ocrx_word' id='word_1_764' title='bbox 1186 5222 1495 5276; x_wconf 83' lang='lat' dir='ltr'><strong>mandatum</strong></span> <span class='ocrx_word' id='word_1_765' title='bbox 1526 5221 1710 5276; x_wconf 71' lang='grc' dir='ltr'><strong>«τίοι-ιιί</strong></span> <span class='ocrx_word' id='word_1_766' title='bbox 1749 5219 1848 5274; x_wconf 90' lang='lat' dir='ltr'><strong>Dei</strong></span> <span class='ocrx_word' id='word_1_767' title='bbox 1903 5220 1974 5273; x_wconf 90' lang='lat' dir='ltr'><strong>ad</strong></span> <span class='ocrx_word' id='word_1_768' title='bbox 2005 5219 2115 5274; x_wconf 85' lang='lat' dir='ltr'><strong>obe-</strong></span> 
     </span>
    </p>
   </div>
   <div class='ocr_carea' id='block_1_104' title="bbox 2216 5211 3758 5298">
    <p class='ocr_par' dir='ltr' id='par_1_104' title="bbox 2225 5211 3758 5287">
     <span class='ocr_line' id='line_1_104' title="bbox 2225 5211 3758 5287; baseline -0.001 -19"><span class='ocrx_word' id='word_1_769' title='bbox 2225 5214 2508 5284; x_wconf 81' lang='grc' dir='ltr'><strong>φητικῶν,</strong></span> <span class='ocrx_word' id='word_1_770' title='bbox 2524 5215 2651 5270; x_wconf 78' lang='grc' dir='ltr'><strong>κατ’</strong></span> <span class='ocrx_word' id='word_1_771' title='bbox 2664 5216 2956 5287; x_wconf 76' lang='grc' dir='ltr'><strong>ἐπιταγὴν</strong></span> <span class='ocrx_word' id='word_1_772' title='bbox 2972 5216 3078 5270; x_wconf 82' lang='grc' dir='ltr'><strong>τοῦ</strong></span> <span class='ocrx_word' id='word_1_773' title='bbox 3095 5216 3341 5270; x_wconf 73' lang='grc' dir='ltr'><strong>αἰωνίου</strong></span> <span class='ocrx_word' id='word_1_774' title='bbox 3363 5213 3618 5277; x_wconf 72' lang='grc' dir='ltr'><strong>Θεοῦ,εδς</strong></span> <span class='ocrx_word' id='word_1_775' title='bbox 3630 5211 3758 5262; x_wconf 78' lang='grc' dir='ltr'><strong>ὐπα-</strong></span> 
     </span>
    </p>
   </div>
   <div class='ocr_carea' id='block_1_105' title="bbox 558 5301 2115 5384">
    <p class='ocr_par' dir='ltr' id='par_1_105' title="bbox 558 5309 2115 5384">
     <span class='ocr_line' id='line_1_105' title="bbox 558 5309 2115 5384; baseline -0.007 -10"><span class='ocrx_word' id='word_1_776' title='bbox 558 5318 810 5374; x_wconf 72' lang='lat' dir='ltr'><strong>dientiant</strong></span> <span class='ocrx_word' id='word_1_777' title='bbox 843 5316 986 5384; x_wconf 72' lang='lat' dir='ltr'><strong>,‘iuei.</strong></span> <span class='ocrx_word' id='word_1_778' title='bbox 1012 5315 1065 5368; x_wconf 86' lang='lat' dir='ltr'><strong>in</strong></span> <span class='ocrx_word' id='word_1_779' title='bbox 1095 5329 1271 5368; x_wconf 88' lang='lat' dir='ltr'><strong>omnes</strong></span> <span class='ocrx_word' id='word_1_780' title='bbox 1311 5323 1489 5381; x_wconf 83' lang='lat' dir='ltr'><strong>gentes</strong></span> <span class='ocrx_word' id='word_1_781' title='bbox 1518 5311 1733 5381; x_wconf 87' lang='lat' dir='ltr'><strong>cogniti,</strong></span> <span class='ocrx_word' id='word_1_782' title='bbox 1766 5309 1867 5365; x_wconf 81' lang='lat' dir='ltr'><strong>soli</strong></span> <span class='ocrx_word' id='word_1_783' title='bbox 1897 5310 2115 5379; x_wconf 67' lang='lat' dir='ltr'><strong>sapienti</strong></span> 
     </span>
    </p>
   </div>
   <div class='ocr_carea' id='block_1_106' title="bbox 2216 5301 3757 5384">
    <p class='ocr_par' dir='ltr' id='par_1_106' title="bbox 2223 5301 3757 5374">
     <span class='ocr_line' id='line_1_106' title="bbox 2223 5301 3757 5374; baseline 0.001 -14"><span class='ocrx_word' id='word_1_784' title='bbox 2223 5309 2377 5374; x_wconf 82' lang='grc' dir='ltr'><strong>κοὴν</strong></span> <span class='ocrx_word' id='word_1_785' title='bbox 2408 5309 2689 5372; x_wconf 80' lang='grc' dir='ltr'><strong>πίστεως,</strong></span> <span class='ocrx_word' id='word_1_786' title='bbox 2729 5310 2817 5373; x_wconf 86' lang='grc' dir='ltr'><strong>εὶς</strong></span> <span class='ocrx_word' id='word_1_787' title='bbox 2855 5308 3054 5361; x_wconf 80' lang='grc' dir='ltr'><strong>πάντα</strong></span> <span class='ocrx_word' id='word_1_788' title='bbox 3077 5307 3148 5361; x_wconf 84' lang='grc' dir='ltr'><strong>τὰ</strong></span> <span class='ocrx_word' id='word_1_789' title='bbox 3182 5309 3325 5365; x_wconf 78' lang='grc' dir='ltr'><strong>ἐθνο</strong></span> <span class='ocrx_word' id='word_1_790' title='bbox 3357 5301 3757 5373; x_wconf 66' lang='grc' dir='ltr'><strong>γνωρισθέντος</strong></span> 
     </span>
    </p>
   </div>
   <div class='ocr_carea' id='block_1_107' title="bbox 562 5384 2115 5478">
    <p class='ocr_par' dir='ltr' id='par_1_107' title="bbox 562 5402 2115 5478">
     <span class='ocr_line' id='line_1_107' title="bbox 562 5402 2115 5478; baseline -0.005 -13"><span class='ocrx_word' id='word_1_791' title='bbox 562 5412 690 5475; x_wconf 85' lang='lat' dir='ltr'><strong>Deo,</strong></span> <span class='ocrx_word' id='word_1_792' title='bbox 734 5426 825 5478; x_wconf 84' lang='lat' dir='ltr'><strong>per</strong></span> <span class='ocrx_word' id='word_1_793' title='bbox 849 5409 1032 5461; x_wconf 86' lang='lat' dir='ltr'><strong>Jesunt</strong></span> <span class='ocrx_word' id='word_1_794' title='bbox 1086 5403 1372 5467; x_wconf 79' lang='lat' dir='ltr'><strong>Christum,</strong></span> <span class='ocrx_word' id='word_1_795' title='bbox 1412 5402 1496 5456; x_wconf 87' lang='lat' dir='ltr'><strong>cui</strong></span> <span class='ocrx_word' id='word_1_796' title='bbox 1531 5402 1702 5472; x_wconf 78' lang='lat' dir='ltr'><strong>gloria</strong></span> <span class='ocrx_word' id='word_1_797' title='bbox 1759 5410 1810 5456; x_wconf 86' lang='lat' dir='ltr'><strong>et</strong></span> <span class='ocrx_word' id='word_1_798' title='bbox 1853 5402 2115 5471; x_wconf 72' lang='lat' dir='ltr'><strong>imperium</strong></span> 
     </span>
    </p>
   </div>
   <div class='ocr_carea' id='block_1_108' title="bbox 2216 5384 3753 5478">
    <p class='ocr_par' dir='ltr' id='par_1_108' title="bbox 2218 5384 3753 5478">
     <span class='ocr_line' id='line_1_108' title="bbox 2218 5384 3753 5478; baseline -0.014 -17"><span class='ocrx_word' id='word_1_799' title='bbox 2218 5394 2384 5463; x_wconf 77' lang='grc' dir='ltr'><strong>μόνῳ</strong></span> <span class='ocrx_word' id='word_1_800' title='bbox 2395 5393 2566 5462; x_wconf 68' lang='grc' dir='ltr'><strong>σοφῷ</strong></span> <span class='ocrx_word' id='word_1_801' title='bbox 2586 5393 2707 5460; x_wconf 81' lang='grc' dir='ltr'><strong>Θεῷ</strong></span> <span class='ocrx_word' id='word_1_802' title='bbox 2729 5395 2833 5450; x_wconf 84' lang='grc' dir='ltr'><strong>διὰ</strong></span> <span class='ocrx_word' id='word_1_803' title='bbox 2852 5394 3059 5463; x_wconf 82' lang='grc' dir='ltr'>Ἰησοῦ</span> <span class='ocrx_word' id='word_1_804' title='bbox 3078 5393 3359 5463; x_wconf 79' lang='grc' dir='ltr'><strong>Χριστοῦ,</strong></span> <span class='ocrx_word' id='word_1_805' title='bbox 3376 5387 3424 5460; x_wconf 80' lang='grc' dir='ltr'><strong><em>ᾧ</em></strong></span> <span class='ocrx_word' id='word_1_806' title='bbox 3446 5394 3483 5459; x_wconf 73' lang='grc' dir='ltr'><strong><em>ἠ</em></strong></span> <span class='ocrx_word' id='word_1_807' title='bbox 3512 5390 3648 5453; x_wconf 79' lang='grc' dir='ltr'><strong>δόξα</strong></span> 
     </span>
    </p>
   </div>
   <div class='ocr_carea' id='block_1_109' title="bbox 559 5492 2132 5563">
    <p class='ocr_par' dir='ltr' id='par_1_109' title="bbox 559 5492 2132 5563">
     <span class='ocr_line' id='line_1_109' title="bbox 559 5492 2132 5563; baseline -0.008 -7"><span class='ocrx_word' id='word_1_808' title='bbox 559 5505 613 5556; x_wconf 83' lang='lat' dir='ltr'><strong>in</strong></span> <span class='ocrx_word' id='word_1_809' title='bbox 650 5503 848 5557; x_wconf 75' lang='lat' dir='ltr'><strong>sa&#39;cula</strong></span> <span class='ocrx_word' id='word_1_810' title='bbox 896 5499 1229 5556; x_wconf 64' lang='lat' dir='ltr'><strong>saeculorum.</strong></span> <span class='ocrx_word' id='word_1_811' title='bbox 1292 5497 1459 5551; x_wconf 79' lang='lat' dir='ltr'><strong>Amen</strong></span> <span class='ocrx_word' id='word_1_812' title='bbox 1483 5496 1523 5548; x_wconf 83' lang='grc'><strong>³.</strong></span> <span class='ocrx_word' id='word_1_813' title='bbox 1578 5494 1717 5550; x_wconf 76' lang='lat' dir='ltr'><strong>Ecce</strong></span> <span class='ocrx_word' id='word_1_814' title='bbox 1766 5494 1940 5563; x_wconf 84' lang='lat' dir='ltr'><strong>palam</strong></span> <span class='ocrx_word' id='word_1_815' title='bbox 1997 5492 2132 5549; x_wconf 87' lang='lat' dir='ltr'><strong>dicit</strong></span> 
     </span>
    </p>
   </div>
   <div class='ocr_carea' id='block_1_110' title="bbox 561 5587 2128 5664">
    <p class='ocr_par' dir='ltr' id='par_1_110' title="bbox 561 5587 2128 5664">
     <span class='ocr_line' id='line_1_110' title="bbox 561 5587 2128 5664; baseline -0.004 -17"><span class='ocrx_word' id='word_1_816' title='bbox 561 5595 927 5664; x_wconf 76' lang='lat' dir='ltr'><strong>Evangelium,</strong></span> <span class='ocrx_word' id='word_1_817' title='bbox 960 5604 1014 5648; x_wconf 89' lang='lat' dir='ltr'><strong>et</strong></span> <span class='ocrx_word' id='word_1_818' title='bbox 1039 5591 1469 5663; x_wconf 60' lang='lat' dir='ltr'><strong>praedicationem</strong></span> <span class='ocrx_word' id='word_1_819' title='bbox 1505 5605 1626 5646; x_wconf 85' lang='lat' dir='ltr'><strong>esse</strong></span> <span class='ocrx_word' id='word_1_820' title='bbox 1655 5588 1784 5644; x_wconf 82' lang='lat' dir='ltr'><strong>Jesu</strong></span> <span class='ocrx_word' id='word_1_821' title='bbox 1814 5587 2039 5650; x_wconf 86' lang='lat' dir='ltr'><strong>Christi,</strong></span> <span class='ocrx_word' id='word_1_822' title='bbox 2073 5594 2128 5641; x_wconf 87' lang='lat' dir='ltr'><strong>et</strong></span> 
     </span>
    </p>
   </div>
   <div class='ocr_carea' id='block_1_111' title="bbox 563 5679 2126 5754">
    <p class='ocr_par' dir='ltr' id='par_1_111' title="bbox 563 5679 2126 5754">
     <span class='ocr_line' id='line_1_111' title="bbox 563 5679 2126 5754; baseline -0.004 -15"><span class='ocrx_word' id='word_1_823' title='bbox 563 5688 880 5742; x_wconf 87' lang='lat' dir='ltr'><strong>occultatum</strong></span> <span class='ocrx_word' id='word_1_824' title='bbox 934 5700 999 5742; x_wconf 83' lang='lat' dir='ltr'><strong>ac</strong></span> <span class='ocrx_word' id='word_1_825' title='bbox 1052 5687 1270 5741; x_wconf 81' lang='lat' dir='ltr'><strong>tacitum</strong></span> <span class='ocrx_word' id='word_1_826' title='bbox 1315 5683 1483 5740; x_wconf 78' lang='lat' dir='ltr'><strong>fuisse</strong></span> <span class='ocrx_word' id='word_1_827' title='bbox 1538 5682 1851 5754; x_wconf 76' lang='lat' dir='ltr'><strong>mysterium</strong></span> <span class='ocrx_word' id='word_1_828' title='bbox 1891 5681 1959 5735; x_wconf 85' lang='lat' dir='ltr'><strong>tie</strong></span> <span class='ocrx_word' id='word_1_829' title='bbox 2010 5679 2126 5749; x_wconf 82' lang='lat' dir='ltr'><strong>ipso</strong></span> 
     </span>
    </p>
   </div>
   <div class='ocr_carea' id='block_1_112' title="bbox 637 5849 1639 5916">
    <p class='ocr_par' dir='ltr' id='par_1_112' title="bbox 637 5849 1639 5916">
     <span class='ocr_line' id='line_1_112' title="bbox 637 5849 1639 5916; baseline -0.003 -12"><span class='ocrx_word' id='word_1_830' title='bbox 637 5852 651 5880; x_wconf 82' lang='grc'>¹</span> <span class='ocrx_word' id='word_1_831' title='bbox 691 5849 794 5904; x_wconf 84' lang='lat' dir='ltr'><strong>Tit.</strong></span> <span class='ocrx_word' id='word_1_832' title='bbox 847 5866 901 5916; x_wconf 90' lang='lat' dir='ltr'><strong>tt,</strong></span> <span class='ocrx_word' id='word_1_833' title='bbox 955 5853 1133 5905; x_wconf 77' lang='lat' dir='ltr'><strong>il-H.</strong></span> <span class='ocrx_word' id='word_1_834' title='bbox 1213 5853 1231 5881; x_wconf 84' lang='grc'><strong><em>³</em></strong></span> <span class='ocrx_word' id='word_1_835' title='bbox 1277 5851 1413 5905; x_wconf 75' lang='lat' dir='ltr'><strong>PSaL</strong></span> <span class='ocrx_word' id='word_1_836' title='bbox 1444 5866 1555 5916; x_wconf 76' lang='lat' dir='ltr'><strong>etx,</strong></span> <span class='ocrx_word' id='word_1_837' title='bbox 1592 5849 1639 5902; x_wconf 80' lang='lat' dir='ltr'><strong>l.</strong></span> 
     </span>
    </p>
   </div>
   <div class='ocr_carea' id='block_1_113' title="bbox 2229 5476 3750 5554">
    <p class='ocr_par' dir='ltr' id='par_1_113' title="bbox 2229 5476 3750 5554">
     <span class='ocr_line' id='line_1_113' title="bbox 2229 5476 3750 5554; baseline -0.002 -16"><span class='ocrx_word' id='word_1_838' title='bbox 2229 5485 2298 5538; x_wconf 88' lang='grc' dir='ltr'><strong>τὸ</strong></span> <span class='ocrx_word' id='word_1_839' title='bbox 2313 5485 2531 5554; x_wconf 77' lang='grc' dir='ltr'><strong>κράτος</strong></span> <span class='ocrx_word' id='word_1_840' title='bbox 2539 5487 2625 5552; x_wconf 81' lang='grc' dir='ltr'><strong>εὶς</strong></span> <span class='ocrx_word' id='word_1_841' title='bbox 2641 5487 2783 5553; x_wconf 84' lang='grc' dir='ltr'><strong>τοὺς</strong></span> <span class='ocrx_word' id='word_1_842' title='bbox 2791 5485 3009 5553; x_wconf 82' lang='grc' dir='ltr'><strong>αιώνας</strong></span> <span class='ocrx_word' id='word_1_843' title='bbox 3026 5486 3144 5540; x_wconf 84' lang='grc' dir='ltr'><strong>τῶν</strong></span> <span class='ocrx_word' id='word_1_844' title='bbox 3160 5488 3408 5540; x_wconf 76' lang='grc' dir='ltr'><strong>αἰώνων.</strong></span> <span class='ocrx_word' id='word_1_845' title='bbox 3436 5481 3624 5550; x_wconf 76' lang='grc' dir='ltr'><strong>Ἀμήν.</strong></span> <span class='ocrx_word' id='word_1_846' title='bbox 3640 5476 3750 5529; x_wconf 75' lang='grc' dir='ltr'><strong>’1δώ</strong></span> 
     </span>
    </p>
   </div>
   <div class='ocr_carea' id='block_1_114' title="bbox 2229 5566 3747 5648">
    <p class='ocr_par' dir='ltr' id='par_1_114' title="bbox 2229 5566 3747 5648">
     <span class='ocr_line' id='line_1_114' title="bbox 2229 5566 3747 5648; baseline -0.018 -3"><span class='ocrx_word' id='word_1_847' title='bbox 2229 5578 2293 5647; x_wconf 74' lang='grc' dir='ltr'><strong>δὴ</strong></span> <span class='ocrx_word' id='word_1_848' title='bbox 2322 5578 2505 5646; x_wconf 55' lang='grc' dir='ltr'><strong>σαφῶς</strong></span> <span class='ocrx_word' id='word_1_849' title='bbox 2548 5578 2610 5632; x_wconf 81' lang='grc' dir='ltr'><strong>τὸ</strong></span> <span class='ocrx_word' id='word_1_850' title='bbox 2664 5578 3022 5648; x_wconf 81' lang='grc' dir='ltr'><strong>Εὐαγγέλιον,</strong></span> <span class='ocrx_word' id='word_1_851' title='bbox 3075 5579 3172 5632; x_wconf 80' lang='grc' dir='ltr'><strong>καὶ</strong></span> <span class='ocrx_word' id='word_1_852' title='bbox 3208 5576 3267 5631; x_wconf 82' lang='grc' dir='ltr'><strong>τὸ</strong></span> <span class='ocrx_word' id='word_1_853' title='bbox 3316 5576 3566 5646; x_wconf 80' lang='grc' dir='ltr'><strong>κήρυγμα</strong></span> <span class='ocrx_word' id='word_1_854' title='bbox 3599 5566 3747 5637; x_wconf 69' lang='grc' dir='ltr'><strong>Ἰησοῦ</strong></span> 
     </span>
    </p>
   </div>
   <div class='ocr_carea' id='block_1_115' title="bbox 2231 5656 3747 5743">
    <p class='ocr_par' dir='ltr' id='par_1_115' title="bbox 2231 5656 3747 5743">
     <span class='ocr_line' id='line_1_115' title="bbox 2231 5656 3747 5743; baseline 0.001 -18"><span class='ocrx_word' id='word_1_855' title='bbox 2231 5671 2466 5743; x_wconf 75' lang='grc' dir='ltr'><strong>Χριστοῦ</strong></span> <span class='ocrx_word' id='word_1_856' title='bbox 2497 5689 2659 5742; x_wconf 73' lang='grc' dir='ltr'><strong>φησιν</strong></span> <span class='ocrx_word' id='word_1_857' title='bbox 2685 5668 2846 5740; x_wconf 73' lang='grc' dir='ltr'><strong>εἶναι,</strong></span> <span class='ocrx_word' id='word_1_858' title='bbox 2882 5672 2977 5727; x_wconf 81' lang='grc' dir='ltr'><strong>καὶ</strong></span> <span class='ocrx_word' id='word_1_859' title='bbox 3003 5670 3307 5743; x_wconf 68' lang='grc' dir='ltr'><strong>κεκρύφθαι</strong></span> <span class='ocrx_word' id='word_1_860' title='bbox 3332 5670 3430 5742; x_wconf 72' lang='grc' dir='ltr'><strong>μὲν</strong></span> <span class='ocrx_word' id='word_1_861' title='bbox 3447 5667 3506 5721; x_wconf 75' lang='grc' dir='ltr'><strong>τὸ</strong></span> <span class='ocrx_word' id='word_1_862' title='bbox 3530 5656 3747 5727; x_wconf 69' lang='grc' dir='ltr'><strong>ὲπάῠτῷ</strong></span> 
     </span>
    </p>
   </div>
   <div class='ocr_carea' id='block_1_116' title="bbox 1755 5845 2359 5914">
    <p class='ocr_par' dir='ltr' id='par_1_116' title="bbox 1755 5845 2359 5914">
     <span class='ocr_line' id='line_1_116' title="bbox 1755 5845 2359 5914; baseline -0.007 -11"><span class='ocrx_word' id='word_1_863' title='bbox 1755 5850 1773 5879; x_wconf 83' lang='grc'><strong>³</strong></span> <span class='ocrx_word' id='word_1_864' title='bbox 1819 5848 1977 5903; x_wconf 78' lang='lat' dir='ltr'><strong>Rom.</strong></span> <span class='ocrx_word' id='word_1_865' title='bbox 2034 5845 2359 5914; x_wconf 56' lang='lat'><strong>“1,255.27.</strong></span> 
     </span>
    </p>
   </div>
  </div>
