4070 6290
336 352 443 414 953

1293 356 1675 417 PANOPLIA
1713 355 2171 417 DOGMATICA.
2211 384 2279 396 -
2319 360 2468 421 ΤΙΤ.
2510 360 2629 421 XV.

3478 362 3585 427 ΕΜ

338 463 661 532 μυστήριον,
719 462 813 517 καὶ
855 462 1181 533 παγῆσθαι
1235 465 1447 537 χρόνοις
1477 464 1742 534 αἰωνίοις,
1770 466 1908 519 ἀπο-

2018 467 2219 524 ιιεειιΙίε
2271 470 2527 534 aeternis,
2574 468 2869 524 reve‘atum
2923 474 3103 524 autem
3154 482 3274 525 esse
3332 487 3471 527 nunc
3520 478 3586 527 ad

336 552 680 621 καλυφθῆναι
701 550 758 605 δὲ
780 554 861 617 είς
884 553 1129 624 ὑπακοὴν
1153 554 1391 619 πίστεως
1414 555 1531 615 νῦν.
1559 555 1910 628 Ἐπιστράφη

334 644 442 713 γὰρ
467 644 550 708 είς
587 644 822 713 Χριστὸν
858 646 928 700 τὰ
950 645 1102 718 ἔθνη,
1135 648 1237 717 τῆς
1273 648 1633 722 ψευδωνύμου
1655 649 1913 721 λατρείας

336 732 673 806 ἐξῃρημένα,
706 738 803 790 καὶ
853 738 925 801 ὡς
957 738 1093 792 Θεὸν
1125 740 1288 794 αὐτὸν
1322 742 1676 811 ὲπεγνωκότα
1703 742 1794 795 τὸν
1817 742 1916 812 φύει

337 843 421 879 σει
488 828 586 880 καὶ
626 826 863 897 ἀληθῶς.
912 828 1024 881 Καὶ
1062 830 1111 881 εί
1135 829 1297 901 σοφὸς
1329 832 1418 886 διὰ
1472 834 1643 903 Ἰησοῦ
1672 832 1910 904 Χριστοῦ

336 916 582 987 ιγνώσθη
613 917 765 983 Θεὸς,
795 918 913 983 πῶς
943 920 1002 973 οὑ
1044 921 1186 992 μέγα
1206 921 1269 975 τὸ
1298 922 1539 992 Χριστοῦ
1570 925 1868 996 μυστήριον
1893 941 1909 990 ;

335 1010 384 1060 εί
413 1007 471 1061 δὲ
501 1011 701 1063 νοεῖται
743 1012 864 1064 καθ’
894 1012 1040 1078 ὑμᾶς
1091 1012 1377 1083 ἄνθρωπος
1409 1014 1616 1078 ἁπλῶς,
1670 1019 1762 1070 καὶ
1789 1017 1913 1087 οὐχὶ

334 1101 399 1170 δὴ
456 1100 658 1171 μᾶλλον
691 1102 823 1165 Θεὸς
877 1103 1344 1176 ὲνηνθρωπηκὼς,
1396 1106 1584 1161 οὐκέτι
1644 1108 1807 1177 σοφὸν
1848 1111 1913 1162 τὸ

336 1191 572 1263 Χριστοῦ
610 1195 935 1265 μυστήριον.

418 1280 478 1338 ’0
503 1283 635 1347 Θεὸς
685 1286 775 1337 τὸν
804 1285 1003 1339 ἑαυτοῦ
1047 1286 1175 1340 Υίδν
1209 1287 1431 1358 πέμψας
1488 1290 1545 1343 tv
1604 1291 1913 1362 ὁμοιώματι

339 1373 539 1443 σαρκὸς
584 1375 864 1445 ἁμαρτίας
926 1377 1216 1446 κατέκρινε
1273 1379 1373 1449 τὴν
1413 1380 1691 1452 ἁμαρτίαν
1737 1384 1797 1436 tv
1842 1384 1908 1453 τῇ

339 1468 521 1535 σαρκὶ,
552 1466 642 1519 ἵνα
666 1467 724 1519 τὸ
754 1466 1032 1538 δικαίωμα
1052 1468 1147 1521 τοῦ
1176 1470 1343 1539 νόμου
1370 1470 1632 1542 πληρωθῇ
1664 1475 1724 1529 ἐν
1753 1475 1913 1543 ἡμῖν,

334 1560 448 1621 τοῖς
471 1556 705 1628 μὴκατὰ
734 1560 913 1626 σάρκα
936 1559 1355 1633 περιπατοῦσιν,
1390 1562 1533 1617 ἀλλά
1576 1564 1719 1618 κατὰ
1748 1566 1913 1619 πνεῦ-

338 1668 437 1720 μα.
468 1651 749 1720 Μάχονται
785 1651 883 1721 μὲν
915 1652 1024 1723 γὰρ
1076 1653 1527 1723 ὁμολογουμένως
1568 1656 1823 1727 ἀλλήλοις
1878 1658 1911 1729 ὴ

335 1742 475 1813 σὰρξ
508 1743 681 1796 καὶτὸ
706 1743 945 1814 πνεῦμα,
977 1746 1225 1799 τουτέστι
1258 1747 1320 1799 τὸ
1362 1749 1621 1819 φρόνημα
1648 1750 1708 1803 τὸ
1752 1768 1915 1820 φυσι-

335 1836 454 1902 κὸν,
484 1835 582 1887 καὶ
608 1834 716 1888 τῶν
745 1835 1006 1905 ἐμφύτων
1068 1839 1163 1890 καὶ
1193 1839 1251 1889 tv
1282 1840 1418 1910 ἡμῖν
1444 1838 1649 1909 ἡδονῶν
1675 1842 1737 1893 τὸ
1763 1842 1917 1912 κίνη-

340 1945 438 1997 μα,
469 1927 689 1994 καὶτῆς
742 1928 883 1979 κατὰ
935 1928 1157 1998 πνεῦμα
1195 1928 1341 2000 ζωῆς
1386 1931 1418 2000 ἡ
1450 1930 1703 2001 δύναμις⁶
1759 1934 1862 1986 κᾶν
1888 1935 1917 1986 ό

338 2017 484 2079 θεῖος
518 2019 663 2087 ἡμᾶς
704 2019 954 2091 ἀναφέρῃ
981 2020 1144 2092 νόμος
1176 2022 1255 2085 είς
1278 2040 1341 2091 γε
1371 2023 1432 2075 τὸ
1460 2024 1573 2078 δεῖν
1606 2026 1826 2079 ἑλέσθαι
1856 2027 1918 2079 τὸ

336 2106 566 2175 ἀγαθὸν,
609 2108 725 2161 ἀλλ’
760 2111 792 2178 ἡ
826 2111 925 2177 τῆς
959 2111 1166 2179 σαρκὸς
1201 2113 1469 2182 ἐπιθυμία
1520 2116 1918 2181 καταϐιάζεται

336 2200 478 2269 πρὸς
508 2200 569 2252 τὸ
592 2201 857 2254 ἐναντίον.
912 2203 1149 2257 Λέλυται
1180 2205 1235 2257 δὲ
1268 2205 1361 2258 νῦν
1393 2207 1450 2259 tv
1494 2209 1715 2278 Χριστῷ
1739 2210 1800 2261 τὸ
1827 2211 1920 2262 ἀν-

336 2293 648 2356 τιστατοῦν,
675 2293 769 2346 καὶ
814 2294 1046 2364 ἠτόνησε
1103 2296 1201 2366 μὲν
1229 2298 1325 2367 τῆς
1358 2299 1637 2369 ἁμαρτίας
1667 2303 1695 2353 ὁ
1732 2301 1917 2368 νόμος,

337 2384 648 2455 κεκράτηκε
676 2384 731 2436 δὲ
762 2385 790 2438 ὁ
815 2386 908 2438 τοῦ
960 2386 1297 2456 Πνεῦματος,
1339 2388 1429 2443 διὰ
1482 2389 1646 2443 ποίαν
1692 2392 1916 2459 αίτίαν;

336 2477 622 2544 Πέπομφε
639 2475 748 2544 γὰρ
778 2479 810 2530 ό
833 2478 979 2541 Θεὸς
999 2478 1105 2530 τὸν
1123 2479 1339 2534 ἑαυτοῦ
1369 2481 1504 2534 Υίόν
1523 2482 1593 2535 ἐν
1607 2481 1922 2552 ὁμοιώματι

336 2567 570 2632 σαρκὸς
592 2567 905 2635 ἁμαρτίας,
937 2566 1038 2619 ἵνα
1053 2569 1376 2638 κατακρίνῃ
1404 2571 1520 2637 τὴν
1538 2573 1830 2640 ἁμαρτίαν
1852 2573 1923 2627 ἐν

336 2655 420 2725 τῇ
437 2657 637 2725 σαρκί.
670 2651 801 2709 Εἶτα
825 2658 942 2717 πῶς
978 2659 1039 2710 οὐ
1070 2659 1474 2732 χρειωδεστάτη
1506 2660 1629 2715 λίαν
1651 2665 1684 2732 ἡ
1703 2663 1798 2717 τοῦ
1820 2665 1923 2718 A6-

337 2763 443 2815 γου
474 2748 750 2816 σάρκωσις
777 2764 791 2813 ;
821 2750 1225 2818 κατακέκριται
1241 2752 1352 2822 γὰρ
1374 2750 1549 2815 οὕτως
1582 2755 1640 2805 tv
1656 2756 1722 2826 τῇ
1756 2756 1922 2826 σαρκὶ

336 2837 504 2907 ἡμῶν
557 2840 589 2909 ἠ
621 2840 890 2910 ἁμαρτία.
954 2840 1015 2892 Εἰ
1072 2840 1129 2893 δὲ
1167 2842 1227 2895 οὐ
1266 2843 1459 2911 γέγονε
1508 2844 1645 2915 σὰρξ
1672 2848 1700 2899 ὁ
1728 2847 1920 2917 Λόγος,

335 2930 771 2999 ἀπομεμένηκεν
818 2929 884 2983 ἂν
946 2932 1256 3001 ἀδιόρθωτα
1311 2934 1379 2987 τὰ
1432 2935 1554 2988 καθ’
1609 2938 1780 3007 ἡμᾶς,
1828 2944 1923 2994 καὶ

335 3021 700 3090 ὲδουλεύομεν
756 3024 822 3093 τῇ
859 3023 1026 3093 σειιρκλ⁸
1051 3024 1199 3093 νόμῳ
1258 3026 1561 3096 ἁμαρτίας,
1597 3029 1815 3095 οὐδενός
1859 3034 1918 3086 tv

2009 558 2368 615 obedientiam
2424 560 2569 617 ﬁdei.
2619 560 2908 616 Conversa:
2934 560 3080 616 enim
3112 570 3239 615 sunt
3288 572 3475 631 gentes
3517 568 3586 618 atl

2012 649 2316 717 Christum,
2345 650 2611 718 Quoniam
2645 651 2869 720 largitus
2898 658 2983 705 est
3009 651 3185 717 nobis,
3211 651 3404 721 inquit,
3441 654 3587 723 Apo-

2010 749 2203 808 stolus,
2257 760 2365 799 non
2408 744 2607 807 solum,
2659 753 2717 797 ιιι
2746 744 2799 797 in
2836 743 3009 811 ipsum
3060 745 3367 809 credamus,
3400 760 3586 798 verum

2012 834 2178 890 etiam
2229 844 2288 889 ut
2331 850 2428 903 pro
2460 835 2575 902 ipso
2613 834 2901 903 patiamur.
2944 831 3001 887 Si
3046 834 3100 887 in
3133 835 3375 889 muneris
3404 835 3520 888 loco
3553 852 3585 889 a

2013 923 2124 979 Deo
2160 924 2489 994 accepimus,
2518 931 2573 977 ut
2608 923 2661 977 in
2704 922 2987 977 Christum
3023 925 3329 989 credamus,
3363 941 3468 977 non
3503 940 3589 979 er-

2011 1013 2252 1069 ravimus
2296 1024 2473 1068 autem
2523 1013 2593 1069 ob
2620 1013 2708 1077 id,
2740 1014 2834 1067 sed
2862 1013 3111 1067 novimus
3143 1023 3332 1067 natura
3368 1024 3425 1070 et
3461 1030 3588 1072 vere

2012 1105 2179 1162 Deum
2224 1107 2593 1171 cxsistentem,
2624 1107 2894 1175 quomodo
2934 1108 3219 1177 quisquam
3252 1108 3417 1162 Deum
3468 1124 3587 1163 esse

2012 1200 2285 1257 Christum
2314 1201 2620 1256 dubitabit?

2087 1292 2227 1348 Deus
2290 1291 2486 1347 Filium
2562 1308 2717 1348 suum
2791 1293 3012 1349 mittens
3106 1295 3160 1349 in
3234 1294 3586 1349 similitudine

2011 1382 2193 1438 carnis
2253 1383 2483 1450 peccati,
2555 1383 2829 1438 damnavit
2894 1393 3176 1454 peccatum
3258 1385 3310 1439 in
3391 1399 3580 1449 carne,

2014 1480 2072 1527 ut
2116 1473 2325 1541 justitia
2376 1474 2508 1542 legis
2535 1474 2822 1543 impleatur
2856 1476 2911 1529 in
2944 1476 3098 1531 nobis
3150 1490 3255 1531 non
3286 1476 3581 1530 secundum

2013 1579 2231 1620 carnem
2267 1565 2696 1631 ambulantibus,
2724 1566 2818 1620 sed
2849 1569 3144 1623 secundum
3170 1566 3441 1635 spiritum.
3482 1565 3585 1619 Pna-

2014 1667 2181 1730 gnant
2217 1659 2359 1712 enim
2415 1658 2658 1727 proiecto
2697 1660 2833 1713 inter
2862 1674 2920 1714 se
2947 1674 3078 1714 caro
3108 1670 3162 1714 et
3208 1659 3448 1727 Spiritus,
3482 1659 3586 1711 hoc

2015 1760 2123 1815 est,
2157 1750 2341 1804 carnis
2392 1764 2608 1815 sensus,
2665 1759 2719 1804 et
2758 1750 3117 1818 voluptatum,
3171 1764 3293 1818 quae
3344 1750 3394 1802 in
3432 1748 3586 1803 nobis

1953 1821 1994 1875 Β
2020 1840 2198 1895 insitae
2235 1850 2383 1904 sunt,
2418 1849 2613 1903 motus,
2666 1845 2721 1892 et
2753 1840 2877 1893 vitae
2904 1840 3096 1903 virtus,
3134 1854 3252 1906 quae
3286 1846 3367 1893 est
3394 1853 3585 1891 secun-

2016 1931 2143 1985 dum
2176 1928 2463 1999 Spiritum.
2492 1926 2558 1981 Et
2587 1944 2896 1999 quanquam
2945 1930 3126 1983 divina
3167 1929 3252 1982 lex
3281 1943 3345 1982 eo
3372 1944 3469 1982 nos
3496 1943 3590 1981 vo-

2016 2032 2124 2084 cet,
2177 2032 2235 2075 ιιι
2267 2022 2477 2089 bonum
2530 2022 2814 2092 eligamus,
2869 2030 3049 2075 tamen
3092 2022 3276 2076 carnis
3323 2020 3590 2089 cupiditas

2017 2130 2115 2169 nos
2170 2114 2223 2167 in
2257 2114 2586 2167 contrarium
2624 2114 2814 2167 trahit.
2870 2111 3024 2167 Nunc
3055 2125 3234 2167 autem
3269 2113 3320 2165 in
3374 2112 3591 2166 Cltt'ism

2018 2206 2297 2258 contentio
2348 2210 2523 2258 soluta
2551 2214 2654 2265 εει,
2683 2212 2740 2257 ει
2790 2203 2999 2271 peccati
3032 2204 3114 2255 les
3159 2213 3243 2256 est
3291 2204 3590 2264 debilitata,

2018 2294 2255 2364 Spiritus
2295 2308 2423 2348 vero
2482 2294 2564 2347 lex
2600 2292 2893 2357 convaluit,
2946 2306 3171 2361 ecquam
3219 2294 3288 2345 ob
3326 2308 3542 2345 causam
3568 2291 3593 2343 ἲ

2018 2383 2167 2438 Misit
2194 2386 2330 2439 enim
2362 2383 2501 2438 Deus
2529 2382 2732 2437 Filium
2765 2399 2923 2437 suum
2950 2383 3004 2435 in
3034 2384 3379 2455 similitudine
3417 2385 3593 2437 carnis

2016 2478 2237 2546 peccati,
2272 2485 2330 2529 ut
2370 2485 2639 2545 peccatum
2683 2476 2959 2528 damnaret
3009 2477 3064 2527 in
3114 2491 3269 2527 carne
3322 2478 3360 2527 '.
3405 2476 3592 2529 bonne

2018 2569 2179 2639 igitur
2227 2569 2407 2624 carnis
2450 2568 2751 2637 assumptio
2798 2567 2897 2623 luit
2950 2568 3278 2631 necessaria,
3324 2584 3446 2620 cum
3498 2583 3592 2635 per

2021 2662 2165 2717 illam
2211 2661 2264 2715 in
2316 2674 2483 2716 carne
2533 2670 2716 2714 nostra
2767 2669 3047 2729 peceatum
3119 2661 3427 2713 όιιιιιιιοιιιηι
3478 2658 3593 2712 sit?

2020 2754 2172 2821 Quod
2192 2754 2235 2808 si
2267 2752 2499 2808 Verbum
2528 2767 2657 2806 caro
2689 2751 2886 2805 factum
2922 2767 3028 2806 non
3055 2762 3160 2816 est,
3200 2753 3360 2806 rebus
3393 2750 3593 2805 nostris

2021 2859 2127 2898 non
2180 2851 2267 2897 est
2317 2840 2642 2906 consultum,
2691 2842 2966 2897 servimus
3000 2842 3150 2896 carni
3198 2841 3313 2911 lege
3365 2841 3591 2908 peccati,

2020 2949 2143 2988 cum
2174 2932 2318 2987 illam
2351 2932 2402 2985 in
2431 2932 2586 2986 nobis
2613 2933 2944 2987 destruxerit
2965 2947 3144 2987 nemo.
3176 2931 3362 2999 Itaque
3405 2945 3595 2986 neces-

2021 3025 2218 3080 sariam
2235 3038 2354 3078 esse
2381 3022 2607 3078 dicinms
2628 3020 2787 3074 Verbi
2832 3036 2952 3074 cum
2972 3037 3136 3076 carne
3156 3020 3589 3088 coniunctionem

336 3113 480 3183 ἡμῖν
510 3113 676 3183 αὐτὴν
705 3114 1178 3185 καταργήσαντος.
1204 3116 1420 3172 Οὐκοῦν
1445 3120 1750 3189 ἀναγκαίαν
1782 3119 1921 3179 εἷναί

2024 3115 2079 3168 in
2104 3122 2423 3183 persona,et
2469 3127 2576 3165 non
2601 3112 2772 3167 solum
2815 3113 3104 3179 voluntate,
3136 3114 3251 3167 sive
3309 3119 3591 3166 contractu

338 3224 530 3276 φαμεν
559 3205 657 3277 τὴν
693 3204 815 3259 καθ’
849 3206 1147 3260 ὑπόστασιν
1183 3207 1379 3262 ἕνωσιν
1417 3212 1509 3263 τοῦ
1551 3213 1728 3281 Λόγου
1779 3217 1918 3288 πρὸς

2025 3205 2278 3276 simplici,
2305 3214 2364 3258 ut
2401 3204 2619 3272 quidam
2650 3215 2919 3258 asserunt.

310 3300 449 3369 -οτὴν
476 3300 675 3370 σάρκα,
714 3301 808 3354 καὶ
854 3299 976 3371 οὐχὶ
1017 3300 1081 3372 δὴ
1120 3300 1292 3372 μόνην
1320 3303 1416 3376 τὴν
1454 3307 1513 3360 tv
1570 3310 1907 3386 προσώποις,
1975 3318 2240 3378 καὶκατὰ
2276 3317 2518 3388 θέλησιν,
2570 3317 2687 3389 ἦτοι
2725 3318 3022 3387 συνάφειαν
3048 3317 3249 3387 ἁπλῆν,
3287 3319 3429 3372 καθα
3460 3334 3593 3388 φασι

338 3408 516 3453 τινες.

420 3484 487 3538 Τί
507 3482 599 3536 οὖν
623 3482 807 3553 ἐροῦσι
836 3483 972 3554 πρὸς
1002 3484 1175 3539 ταῦτα
1200 3502 1215 3552 ;
1251 3491 1319 3543 Ei
1340 3492 1373 3544 ό
1395 3492 1536 3558 Θείίς
1558 3495 1711 3564 ὑπὲρ
1746 3500 1931 3569 ἡμῶν,

339 3576 443 3639 τίς
467 3574 817 3642 καθ’ήμῶν;
841 3575 908 3642 ὅς
924 3593 988 3645 γε
1008 3576 1115 3631 τοῦ
1145 3578 1301 3633 ἰδίου
1330 3582 1467 3635 me
1487 3586 1598 3638 οὐκ
1624 3587 1930 3658 ἐδαίσατο,

339 3664 489 3721 ἀλλ’
516 3666 668 3733 ὑπὲρ
696 3665 866 3733 ἡμῶν
905 3667 1149 3721 πάντων
1181 3668 1528 3737 παρέδωκεν
1565 3678 1773 3742 αὑτὸν,
1808 3679 1932 3744 πῶς

340 3756 489 3824 οὐχι
507 3757 604 3808 καὶ
629 3755 752 3809 σὺν
768 3754 927 3821 αὐτῲ
950 3756 1021 3811 τὰ
1035 3758 1231 3811 πάντα
1250 3759 1394 3829 ἡμῖν
1410 3764 1740 3831 χαρίσεται,
1772 3771 1821 3820 εί
1837 3770 1929 3824 τὸν

344 3852 483 3905 ῐδιον
500 3850 624 3901 Υὶόν
645 3866 663 3916 ;
695 3849 863 3919 Δῆλον
888 3852 964 3913 δὲ,
989 3852 1069 3904 ὅτι
1099 3852 1188 3904 τὸν
1209 3856 1272 3904 ἐκ
1295 3854 1396 3925 τῆς
1421 3857 1609 3921 οὐσίας
1641 3861 1807 3914 αὐτοῦ
1835 3863 1924 3916 δέ·

342 3943 523 3997 δωκεν
543 3944 683 4014 ὑπὲρ
698 3943 854 4014 ἡμῶν
876 3945 904 3996 6
924 3944 1055 4007 Θεὸς
1080 3947 1173 3998 καὶ
1192 3945 1402 4016 Πατήρ.
1430 3951 1666 4004 Πέπονθε
1698 3954 1752 4005 δὲ
1787 3957 1928 4008 κατὰ

345 4038 555 4103 σάρκα,
592 4036 686 4088 καὶ
733 4036 792 4089 οὐ
818 4036 978 4105 φύσει
1022 4038 1293 4107 θεότητος.
1330 4040 1487 4092 Ἰδιιν
1515 4042 1624 4111 ἄρα
1652 4046 1815 4098 αὑτοῦ
1868 4048 1929 4099 τὸ

346 4128 620 4189 πεπονθὸς
647 4126 808 4196 σῶμα
821 4122 911 4197 ἦν,
941 4126 1030 4181 ἵνα
1050 4130 1144 4180 καὶ
1162 4129 1321 4192 αὐτὸς
1342 4130 1530 4200 νοῆται
1563 4134 1749 4187 παθὼν
1780 4142 1927 4190 οἰκο-

347 4218 593 4287 νομικῶς
641 4220 669 4271 ό
710 4217 905 4272 παθεῖν
933 4220 1032 4274 οὐκ
1062 4221 1234 4283 εἰδώς.
1264 4222 1338 4275 Τὸ
1366 4225 1543 4277 τοίνυν
1568 4230 1925 4298 ἀπομερίζειν

348 4317 433 4378 el;
461 4316 553 4369 δύο
581 4316 668 4369 τὸν
694 4316 789 4367 ἕνα
818 4315 1092 4378 δυσσεσές.
1121 4318 1318 4373 Οὐκέτι
1343 4320 1450 4391 γὰρ
1478 4323 1608 4376 ἴδιον
1630 4325 1757 4380 Υὶὸν
1775 4329 1923 4398 εὑρι-

351 4425 547 4462 σκεται
568 4407 690 4470 δοὺς
726 4407 864 4477 ὑπὲρ
889 4409 1048 4479 ἡμῶν
1079 4410 1105 4461 6
1134 4411 1342 4481 Πατὴρ,
1369 4415 1525 4486 εἴπερ
1559 4419 1705 4472 ἐστὶν
1736 4421 1761 4471 ό
1791 4422 1922 4491 Χρι.

352 4498 482 4561 me;
515 4498 611 4552 ἄνθ
621 4514 802 4568 ρωπος
832 4500 1183 4569 διῃρημένος.

430 4666 618 4731 Θεὸςό
638 4667 908 4736 δικαιῶν,
930 4670 1022 4737 τίς
1045 4675 1078 4725 ὀ
1100 4678 1505 4745 κατακρι’νων;
1535 4682 1786 4749 Χριστὸς
1821 4687 1934 4753 Ἰη-

350 4756 512 4821 σοῦς
535 4760 569 4810 ό
589 4759 932 4826 ἀποθανὼν,
953 4762 1195 4831 μᾶλλον
1215 4767 1283 4820 δὲ
1318 4769 1416 4821 καὶ
1446 4769 1709 4838 ἐγερθεὶς
1741 4774 1811 4826 ἐκ
1841 4792 1934 4829 rs-

351 4848 539 4916 κρών,
558 4849 625 4915 ὅς
643 4852 896 4906 ἐστινέν
913 4854 1081 4921 δεξίςι
1105 4859 1213 4912 τοῦ
1236 4860 1407 4925 Θεοῦ,
1436 4860 1504 4926 ὃς
1528 4864 1627 4915 καὶ
1645 4866 1934 4935 ἐντυγχά-

353 4956 448 4994 νει
468 4940 621 5009 ὑπὲρ
637 4942 827 5011 ἡμῶν.
850 4945 1115 5000 Είδικαιοτ
1134 4953 1199 5017 τῇ
1224 4952 1405 5005 πίστει
1427 4954 1682 5022 Χριστὸς,
1720 4956 1852 5021 Θεὸς
1876 4959 1934 5011 δέ

355 5032 511 5083 ἐστιν
536 5033 823 5097 ὀδικαιῶν,
844 5037 974 5099 Θεὸς
992 5038 1100 5107 ἄρα
1114 5041 1319 5110 ἀληθὴς
1336 5044 1364 5094 6
1386 5044 1637 5114 Χριστός,
1653 5051 1761 5103 Καὶ
1778 5052 1936 5123 εἴπερ

359 5124 509 5175 ἐστὶν
529 5124 585 5175 tv
608 5124 756 5195 δεξιᾷ
788 5127 882 5179 τοῦ
913 5126 1070 5193 Θεοῦ,
1105 5132 1279 5183 καίτοι
1310 5134 1563 5203 τεθνεὼς,
1597 5141 1687 5191 καὶ
1704 5140 1932 5212 ὲγτιγερο

362 5215 526 5285 μένος
546 5256 560 5278 ,
594 5217 936 5287 συγκάθηταί
965 5237 1023 5272 τε
1060 5221 1137 5290 τῷ
1170 5222 1365 5292 Πατρὶ.
1405 5226 1534 5281 ῑδιον
1569 5230 1677 5295 ἆρα
1702 5232 1796 5282 τοῦ
1826 5234 1931 5285 Δό-

362 5322 464 5374 γου
493 5308 653 5376 σῶμά
679 5310 815 5365 ἐστι.
852 5311 1168 5380 Συνεδρεύει
1194 5315 1303 5384 γὰρ
1330 5314 1406 5385 τῷ
1451 5319 1626 5385 Πατρὶ
1670 5324 1805 5388 μετὰ
1835 5324 1934 5392 τῆς

360 5397 769 5470 ἀναληφθείσης
805 5405 1027 5473 σαρκὸς,
1060 5407 1135 5469 ὡς
1190 5406 1318 5470 Υἱὸς
1359 5408 1494 5461 κατὰ
1525 5411 1706 5480 φύσιν,
1760 5417 1807 5469 εί
1844 5420 1937 5470 καὶ

360 5498 560 5560 γέγονε
588 5492 725 5563 σὰρξ
747 5496 775 5547 ὁ
807 5492 1002 5566 Λόγος.

456 5760 475 5794 ⁸
508 5763 669 5821 Rom.
700 5777 817 5827 vnt,
854 5761 905 5817 3.
996 5765 1017 5797 '
1047 5766 1180 5824 Ibid.
1213 5767 1301 5825 52.
1415 5774 1435 5804 ³
1468 5771 1602 5829 lbid.
1638 5774 1729 5853 δότ

2104 3499 2242 3567 Quid
2268 3512 2396 3567 ergo
2419 3497 2599 3552 dicent
2632 3499 2695 3551 ad
2727 3498 2876 3553 haec?
2901 3498 2961 3552 Si
2994 3498 3131 3553 Deus
3155 3517 3248 3567 pro
3282 3503 3450 3564 nobis,
3476 3505 3593 3571 quis

2029 3603 2217 3647 contra
2248 3594 2381 3647 nos?
2412 3591 2517 3658 Qui
2555 3592 2769 3659 proprio
2794 3594 3003 3661 quidem
3038 3590 3082 3643 F
3087 3592 3178 3647 ilio
3214 3609 3317 3647 non
3343 3598 3591 3661 pepercit,

2026 3686 2117 3738 sed
2164 3701 2259 3752 pro
2311 3685 2459 3738 nebit
2492 3684 2736 3737 omnibus
2771 3686 2993 3738 tradidit
3053 3687 3205 3738 illum
3246 3728 3261 3752 ,
3334 3690 3594 3755 quomodo

2024 3792 2126 3830 non
2152 3778 2309 3829 etiam
2349 3792 2466 3829 cum
2494 3775 2587 3829 illo
2617 3778 2762 3829 nobis
2821 3780 2999 3829 Omnia
3047 3777 3264 3831 donabit
3326 3780 3346 3809 ²
3383 3781 3405 3832 ?
3460 3780 3595 3833 Pro-

2026 3868 2202 3935 prium
2234 3865 2453 3932 Filium,
2488 3884 2610 3921 eum
2644 3869 2920 3933 nimirum,
2964 3871 3053 3936 qui
3105 3885 3170 3924 ex
3204 3872 3321 3938 ejus
3358 3878 3592 3928 essentia

2024 3965 2128 4022 est,
2179 3957 2401 4011 tradidit
2452 3973 2547 4026 pro
2576 3960 2735 4011 nobis
2773 3956 2915 4012 Deus
2968 3967 3021 4012 et
3056 3959 3242 4024 Pater,
3282 3979 3474 4032 passus
3506 3977 3593 4020 est

2029 4056 2209 4102 autem
2263 4063 2447 4112 carne,
2518 4066 2623 4102 nun
2696 4059 2887 4102 natura
2928 4050 3249 4108 divinitatis.
3309 4056 3594 4124 Prupl'illllt

2027 4139 2143 4206 ejus
2208 4155 2404 4207 corpus
2439 4156 2655 4209 passum
2694 4137 2794 4203 est,
2846 4154 2903 4197 ut
2934 4144 3049 4213 ipse
3078 4160 3313 4214 quoque,
3362 4154 3451 4216 qui
3487 4154 3592 4217 pali

2028 4246 2134 4283 non
2166 4239 2364 4300 potest,
2415 4231 2834 4299 dispensationis
2880 4236 3070 4290 ordine
3101 4240 3207 4306 pati
3245 4241 3595 4312 intelligatur.

2033 4322 2395 4387 Quamobrem
2447 4339 2609 4376 unum
2662 4327 2713 4377 in
2765 4324 2897 4381 duos
2949 4329 3189 4382 dividere
3236 4331 3458 4400 impium
3493 4344 3595 4389 est.

2031 4412 2217 4481 Neque
2262 4413 2404 4467 enim
2467 4415 2740 4483 proprium
2799 4417 3009 4473 dedisse
3054 4419 3249 4476 F.|ium
3297 4439 3393 4491 pro
3445 4430 3598 4481 nobis

1950 4490 2005 4549 Ι)
2031 4504 2190 4559 Pater
2233 4507 2675 4575 deprehenditur,
2718 4508 2982 4579 siquidem
3021 4524 3106 4569 est
3136 4490 3386 4571 Christus
3435 4520 3597 4575 homo

2030 4598 2252 4652 divisus.

2105 4689 2265 4756 Deus,
2329 4694 2421 4762 qui
2460 4694 2753 4763 justi/icat,
2787 4698 2906 4767 quis
2946 4708 3060 4762 est,
3109 4701 3200 4769 qui
3256 4700 3599 4757 condemnet?

2032 4779 2273 4837 Christus
2328 4782 2504 4851 Iesus,
2566 4790 2657 4858 qui
2713 4802 2951 4842 mortuus
3007 4800 3105 4851 est.
3161 4794 3265 4845 imo
3325 4809 3444 4846 vero
3468 4806 3516 4849 et
3565 4815 3597 4850 a

2034 4877 2257 4929 mortuis
2326 4881 2631 4943 resurrexit,
2691 4883 2779 4949 qui
2835 4892 2910 4934 est
2968 4883 3023 4933 in
3071 4882 3285 4937 dextera
3336 4886 3452 4947 Dei,
3511 4891 3601 4957 qui

2033 4976 2082 5021 ct
2161 4969 2457 5035 interpellat
2528 4987 2621 5039 pro
2694 4974 2841 5025 nobis
2898 4972 2939 5024 ³.
3027 4972 3081 5027 Si
3165 4975 3267 5029 ﬁde
3344 4978 3605 5045 justilicat

2033 5056 2304 5123 Christus,
2374 5060 2516 5114 Deus
2566 5075 2746 5115 autem
2799 5072 2902 5127 est,
2967 5067 3058 5133 qui
3106 5065 3386 5136 justifii-nt,
3466 5071 3606 5127 Dens

2004 5149 2221 5225 utique
2275 5164 2437 5203 Verus
2493 5161 2578 5205 est
2625 5151 2897 5208 Christus.
2948 5154 3011 5209 Et
3066 5158 3110 5210 si
3158 5169 3241 5212 est
3286 5159 3337 5212 in
3386 5164 3604 5215 dextera

2042 5239 2154 5302 Dei,
2203 5240 2248 5295 is
2292 5241 2382 5309 qui
2425 5253 2671 5298 mortuus
2727 5256 2827 5311 est,
2885 5257 2938 5301 et
2984 5252 3301 5311 resurrexit,
3374 5262 3424 5305 ct
3484 5268 3605 5307 cum

2037 5328 2197 5383 Patre
2253 5333 2520 5396 considet,
2568 5349 2767 5403 corpus
2843 5336 3096 5393 nimirum
3150 5355 3230 5395 est
3271 5343 3426 5396 Verbi
3483 5362 3610 5413 pro-

2042 5422 2238 5491 prium.
2292 5424 2548 5479 Considet
2577 5431 2717 5480 enim
2748 5445 2866 5483 emn
2910 5432 3066 5486 Patre
3095 5434 3252 5487 simul
3288 5451 3406 5488 cum
3444 5454 3609 5496 carne

2041 5521 2338 5580 assumpta,
2361 5522 2615 5585 tanquam
2641 5516 2806 5575 Filius
2822 5536 2918 5588 per
2941 5533 3209 5588 naturam,
3236 5526 3356 5580 licet
3376 5528 3605 5586 \‘H-rbunt

2042 5617 2168 5658 caro
2199 5604 2398 5661 factum
2431 5610 2523 5667 sit.
