4094 6300
510 352 622 417 955

832 463 918 517 Ea:
947 467 1187 521 oratione
1219 464 1292 520 ad
1327 466 1534 536 reginas
1572 465 1775 519 habita.

580 556 903 628 Cognoscite
960 559 1104 614 enim
1155 558 1383 628 gratiam
1464 557 1675 613 Domini
1731 556 1905 614 nosu‘i
1966 553 2097 612 Jesu

518 651 745 716 Christi,
780 651 902 719 quia
938 658 1157 720 propter
1189 664 1290 703 nos
1322 664 1526 721 pauper
1557 650 1731 705 factus
1764 658 1868 714 est,
1904 658 1965 703 ut
1992 663 2090 703 uos

518 743 665 799 illius
709 753 1032 813 paupertate
1072 741 1278 796 divites
1327 741 1646 797 efficiamur.
1696 739 1833 796 Vide
1890 742 1948 796 in
2007 740 2095 797 his

518 831 672 895 mihi,
736 841 791 883 et
864 828 1019 884 valde
1082 830 1391 899 perspicue,
1453 840 1567 885 tum
1624 843 1831 888 naturae
1902 832 2099 887 divina:

519 934 679 991 atque
750 922 1070 976 immortalis
1148 922 1557 987 excellentiam,
1631 932 1742 976 tum
1825 924 2096 994 abjectam

519 1024 679 1081 atque
739 1012 998 1069 humilem
1063 1013 1418 1069 humanitatis
1470 1030 1803 1079 mensuram,
1870 1022 2098 1068 etcum

520 1103 622 1158 hac
658 1104 1092 1172 conjunctionem
1124 1113 1289 1174 atque
1318 1120 1691 1175 congressum,
1724 1108 1791 1159 ad
1826 1120 1946 1160 eum
1979 1118 2101 1159 sese

520 1192 816 1263 Unigenito
871 1194 1213 1251 demittente.
1289 1194 1446 1250 Nulla
1498 1198 1642 1250 enim
1705 1198 1879 1251 oratio
1932 1203 2099 1266 queat

520 1286 829 1342 divinitatis
864 1287 1083 1342 divitias
1113 1289 1403 1357 explicare,
1454 1301 1643 1345 contra
1684 1305 1815 1345 vero
1849 1290 2100 1344 humani-

520 1390 603 1433 tas
633 1393 838 1449 pauper
864 1381 1153 1435 admodum
1182 1386 1294 1448 est,
1329 1382 1413 1437 cui
1444 1381 1623 1435 omnia
1656 1390 1785 1435 sunt
1828 1382 2012 1436 divino
2043 1388 2098 1434 ct

518 1471 728 1525 cmlesti
772 1487 996 1526 munero
1035 1473 1180 1540 data,
1217 1474 1382 1528 etiam
1416 1474 1544 1527 illud
1580 1474 1776 1542 ipsum,
1812 1472 1955 1541 quod
1993 1481 2098 1526 est.

519 1559 722 1617 Vocata
780 1564 928 1616 enim
986 1574 1067 1618 est
1137 1579 1167 1616 a
1235 1564 1364 1629 Deo,
1437 1576 1497 1618 ut
1557 1574 1727 1628 esset,
1805 1578 1930 1617 cum
1998 1561 2100 1615 ali-

519 1658 740 1722 quando
789 1669 898 1707 non
962 1666 1129 1710 esset.
1186 1659 1256 1710 At
1319 1658 1433 1726 ipse
1495 1657 1667 1722 dives,
1721 1666 1906 1723 utpote
1938 1655 2098 1717 Dem,

1754 353 2141 415 EUTHYMII
2184 354 2514 418 ZlGABEN
2527 358 2550 416 [

3645 370 3735 434 9δῦ

2131 472 2175 528 Α
2278 469 2374 524 Ἐκ
2410 469 2518 525 τοῦ
2538 471 2689 547 πρὸς
2705 472 2811 541 τὰς
2836 474 3165 545 βασιλίδας
3206 492 3698 553 προσρωνητικοῑο.

2269 561 2575 617 Γινώσκετε
2607 565 2717 638 γὰρ
2737 567 2833 638 τὴν
2859 570 3024 639 χάριν
3052 571 3145 625 τοῦ
3176 574 3377 646 Κυρίου
3408 578 3559 648 ἡμῶν
3585 579 3735 653 ἰησοῦ

2199 652 2458 724 Χριστοῦ,
2486 657 2569 710 ὅτι
2614 657 2685 712 δι’
2730 659 2876 730 ὑμᾶς
2908 662 3223 735 ὲπτώχευσε
3259 667 3505 732 πλούσιος
3548 652 3735 737 ὣν,ίῖνα

2201 746 2361 816 ὑμεῖς
2406 750 2472 823 τῇ
2524 749 2730 804 ἐκείνου
2766 756 3013 827 πτωχείᾳ
3050 758 3412 830 πλουτήσητε.
3468 763 3645 835 ’Δθρει
3684 770 3736 839 δή

2204 853 2295 907 μοι
2331 840 2428 892 καὶ
2483 840 2626 909 μάλα
2658 843 2846 911 σαφῶς
2898 845 2956 897 ἐν
3008 862 3072 915 γε
3110 849 3350 903 τουτοισὶ
3378 851 3471 904 καὶ
3498 852 3593 923 τῆς
3615 854 3738 919 θείας

2202 930 2296 983 καὶ
2341 931 2616 1002 ἀκηράτου
2667 934 2881 1002 φύσεως
2933 935 3032 1007 τὴν
3067 940 3361 1010 ὑπεροχὴν,
3398 943 3489 996 καὶ
3536 944 3635 998 τῶν
3660 948 3740 1017 τῆς

2201 1018 2621 1089 ἀνθρωπότητος
2657 1023 2874 1094 μέτρων
2921 1027 2981 1079 τὸ
3034 1027 3347 1098 ὑφειμένον,
3401 1033 3493 1085 καὶ
3546 1037 3741 1105 προσέτι

2201 1112 2376 1183 τούτῳ
2401 1113 2502 1183 τὴν
2527 1116 2584 1168 ὲν
2625 1116 2837 1187 ἐνότητι
2871 1118 3145 1189 σύμϐασιν
3178 1120 3367 1176 ἑαυτὸν
3396 1110 3636 1187 καθέντος
3677 1129 3744 1192 είς

2200 1203 2361 1258 τοῦτο
2395 1206 2489 1259 τοῦ
2526 1208 2886 1277 Μονογενοῦς.
2937 1210 3126 1275 Οὐδεὶς
3163 1214 3261 1284 μὲν
3293 1215 3399 1286 γὰρ
3427 1214 3577 1285 λόγος
3619 1219 3744 1288 διερ-

2206 1296 2524 1367 μηνεύσειεν
2568 1300 2635 1353 ἂν
2668 1300 2761 1355 τὸν
2794 1301 2896 1373 τῆς
2931 1302 3185 1374 θεότητος
3210 1306 3459 1361 πλοῦτον.
3492 1310 3671 1383 Πτωχὴ
3695 1312 3742 1365 δὲ

2201 1389 2322 1441 λίαν
2353 1391 2385 1459 ἡ
2418 1390 2797 1464 ἀνθρωπότης,
2851 1390 2885 1470 ᾖ
2919 1398 3098 1453 πάντα
3131 1400 3251 1454 ἐστὶ
3281 1401 3534 1456 θεόσδοτά
3564 1422 3615 1459 τε
3670 1408 3746 1458 κρὶ

2188 1483 2432 1551 ἀνωθεν,
2463 1485 2557 1538 καὶ
2585 1486 2718 1540 αὐτὸ
2749 1488 2803 1540 δὲ
2836 1490 2941 1561 πρὸ
2968 1492 3190 1545 πάντων
3222 1493 3282 1545 τὸ
3316 1493 3477 1551 εἶναι.
3502 1497 3746 1569 Κέκλητσι

2202 1573 2313 1644 γὰρ
2366 1574 2517 1647 παρὰ
2546 1576 2639 1628 τοῦ
2690 1577 2825 1632 Θεοῦ
2878 1583 3015 1652 πρὸς
3048 1584 3282 1655 ὓπαρξιν
3316 1586 3394 1657 μὴ
3444 1587 3571 1641 οὖσά
3618 1605 3748 1644 ποτε.

2204 1664 2346 1719 ’.ἁλλ’
2377 1667 2405 1719 ὁ
2434 1666 2688 1733 πλούσιος
2719 1671 2794 1735 ὡς
2835 1672 2969 1736 Θεὸς
2987 1674 3271 1749 ἐθελοντὴς
3315 1677 3641 1749 ὲπτὼχευσε,
3672 1682 3747 1732 καὶ

520 1743 708 1797 volens
762 1746 936 1798 evasit
1010 1761 1236 1815 pauper,
1302 1756 1358 1801 et
1421 1746 1595 1801 factus
1652 1757 1738 1801 est
1799 1746 1983 1811 homo,
2041 1755 2103 1799 ut

2205 1755 2397 1824 γέγονε
2425 1757 2547 1809 καθ’
2596 1761 2767 1829 ἡμᾶς,
2804 1762 2888 1814 ἵνα
2919 1762 3107 1817 λοιπον
3155 1768 3183 1835 ἡ
3216 1743 3506 1837 ἀνθρώπου
3535 1770 3679 1837 φύσις
3703 1771 3748 1820 ἐν

522 1834 759 1889 hominis
819 1846 1014 1889 natura
1068 1838 1329 1907 deinceps
1400 1840 1453 1891 in
1510 1838 1706 1892 divina:
1775 1838 2105 1908 praestantur:

2206 1849 2318 1912 τοῖς
2343 1850 2441 1918 τῆς
2475 1850 2625 1915 θείας
2658 1855 2931 1925 ὑπεροχῆς
2966 1816 3255 1927 ύψὼμασιν
3288 1816 3348 1913 ὲν

521 1925 971 1988 sublitnitatihus,
1040 1927 1094 1979 itt
1144 1928 1367 1982 Christo
1414 1929 1705 1994 exsistens,
1766 1930 2105 1997 paupertatis

524 2018 912 2086 turpitudinem
978 2026 1226 2073 exueret.
1287 2020 1395 2073 Nos
1452 2021 1598 2073 enim
1662 2018 1804 2075 Deus
1837 2033 1892 2074 et.
1946 2020 2106 2075 Pater

523 2111 578 2164 in
661 2110 881 2164 Christo
965 2112 1274 2175 suscitavit,
1355 2124 1409 2166 et
1496 2114 1796 2167 consedere
1849 2114 1981 2167 fecit
2053 2114 2104 2166 in

520 2200 857 2267 coelestibus,
930 2211 987 2254 ut
1041 2204 1302 2271 scriptum
1365 2210 1468 2257 est.
1550 2202 1607 2256 lu
1667 2206 1859 2271 quibus
1922 2202 2105 2271 profe-

521 2303 610 2348 Cto
638 2306 909 2360 nunquam
948 2291 1239 2347 fuissemus
1274 2293 1581 2360 constituti,
1616 2293 1718 2347 nisi
1754 2305 1945 2347 natura
1994 2292 2108 2362 ipse

522 2383 696 2445 dives,
728 2389 911 2450 utpote
942 2380 1108 2444 Deus,
1162 2396 1456 2451 pauperem
1492 2381 1777 2436 induisset.
1819 2381 2107 2445 Quomodo

520 2474 666 2528 enim
701 2489 909 2544 pauper
938 2474 1056 2528 lier't
1122 2476 1389 2545 potuisset
1429 2477 1612 2540 homo,
1644 2475 1735 2544 qui
1770 2475 1985 2543 prepria
2011 2490 2106 2527 na-

523 2576 644 2621 tura
719 2582 922 2635 egenus
998 2577 1052 2621 et
1125 2582 1332 2637 pauper
1407 2566 1800 2637 est?}Equius
1875 2583 2003 2637 ergo
2054 2568 2108 2621 id

524 2658 748 2728 pertulit
800 2674 925 2711 vere
980 2661 1153 2725 dives,
1242 2662 1344 2713 hoc
1393 2670 1495 2723 est,
1575 2658 1812 2713 Verbum
1868 2675 1934 2711 ex
1992 2660 2107 2713 lico

523 2752 689 2807 Patre
746 2750 1013 2820 genitum,
1069 2752 1289 2820 quando
1340 2761 1424 2806 est
1481 2755 1642 2806 homo
1699 2750 1925 2804 factum.

1027 2906 1113 2963 Ea:
1142 2906 1323 2961 eadem
1352 2907 1615 2960 oratione.

598 2997 669 3052 At
700 3003 754 3052 in
792 2997 932 3066 ipso,
971 2997 1169 3065 inquit,
1204 2996 1467 3051 habitavit
1523 2997 1693 3049 omnia
1722 2997 1996 3064 plenitudo
2026 2999 2112 3053 di-

3374 1861 3591 1933 Χριστῷ
3621 1880 3748 1931 γενο-

2209 1942 2346 2011 μένη
2392 1944 2453 1996 τὸ
2486 1946 2583 2015 τῆς
2610 1949 2880 2016 πτωχείας
2925 1946 3111 2022 αἶσχος
3143 1954 3610 2027 ἀποσκευάσηται.
3639 1958 3749 2011 Συν-

2208 2036 2396 2106 ήγειρε
2428 2038 2534 2106 γὰρ
2565 2040 2708 2110 ἡμᾶς
2742 2044 2768 2095 ὁ
2795 2042 2926 2108 Θεὸς
2958 2046 3053 2098 καὶ
3085 2046 3273 2118 Πατὴρ
3304 2050 3361 2101 ὲν
3392 2050 3622 2120 Χριστῷ,
3674 2053 3751 2104 καὶ

2209 2131 2562 2185 συνεκάθισεν
2595 2134 2653 2185 ἐν
2702 2136 2813 2199 τοῖς
2847 2137 3210 2208 ἐπουρανίοις,
3253 2141 3401 2195 κοιθά
3434 2144 3716 2213 γέγραπται
3737 2162 3748 2174 ”

2209 2222 2326 2274 ἀλλ’
2361 2224 2459 2275 οὐκ
2486 2223 2552 2277 ἂν
2583 2226 2892 2298 γεγόναμεν
2923 2232 2979 2285 ὲν
3032 2232 3262 2298 τούτοις,
3318 2237 3368 2289 εί
3406 2237 3481 2307 μὴ
3509 2236 3603 2308 τὴν
3633 2256 3750 2291 πτω-

2210 2314 2485 2384 χεύσασαν
2515 2319 2835 2389 ἠμπέσχετο
2862 2323 3023 2392 φύσιν
3052 2326 3078 2377 ὁ
3111 2326 3371 2392 πλούσιος
3407 2330 3481 2397 ὡς
3519 2330 3659 2394 Θεός.
3689 2332 3748 2383 Οὐ

2210 2410 2317 2481 γάρ
2356 2430 2454 2465 που
2515 2414 2882 2484 πτωχεύσειεν
2929 2417 2995 2471 ἂν
3026 2420 3053 2471 δ
3084 2424 3223 2475 κατά
3276 2424 3444 2496 φύσιν
3472 2425 3602 2479 ἰδίαν
3630 2444 3753 2479 πτω-

2210 2503 2385 2572 χεύων
2426 2506 2732 2577 ἄνθρωπος.
2771 2510 2937 2565 Πάθοι
2964 2512 3011 2564 δ’
3042 2514 3108 2567 ἂν
3136 2516 3298 2569 τοῦτο
3338 2521 3753 2590 πρεπωδέστερον

2210 2598 2237 2648 ὁ
2270 2597 2522 2663 πλούσιος
2555 2602 2793 2671 ἀληθῶς,
2819 2606 3094 2660 τουτέστιν
3121 2609 3148 2660 ὁ
3176 2610 3237 2661 ἐκ
3276 2610 3415 2665 Θεοῦ
3442 2614 3643 2684 Πατρός
3667 2615 3754 2667 Λό-

2212 2708 2327 2758 γος,
2360 2692 2447 2744 ὅτε
2480 2695 2667 2766 γέγονε
2711 2695 2833 2749 καθ’
2884 2699 3054 2769 ἡμᾶς.
3094 2697 3187 2764 Εἷς
3234 2697 3335 2756 οὖν
3366 2705 3471 2775 ἄρα
3499 2707 3610 2759 ἐστὶ
3638 2706 3752 2774 Χρι-

2215 2786 2337 2846 στὸς
2371 2788 2465 2839 καὶ
2497 2787 2647 2851 Υίός.

2665 2880 2766 2935 Ἐκ
2796 2883 2900 2937 τοῦ
2927 2885 3114 2942 αὐτοῦ
3134 2889 3347 2958 λόγου.

2278 2966 2419 3025 Ἀλλ’
2435 2969 2567 3040 ίδοῖ),
2600 2976 2784 3043 φησιν,
2803 2977 2872 3029 ἐν
2900 2978 3059 3048 αὺτῷ
3087 2980 3403 3049 κατῴκησε
3425 2982 3544 3040 πᾶν
3559 2983 3618 3037 τὸ
3630 2986 3756 3052 πλή.

525 3089 765 3145 ciuitatis
816 3064 1184 3157 corporaliter
1236 3088 1275 3143 ⁸.
1335 3087 1474 3142 Ecce
1503 3090 1787 3157 perspicue
1830 3089 2107 3144 Christum

2208 3077 2372 3157 ρωμα
2393 3064 2496 3157 τῆς
2510 3066 2785 3134 θεότητος
2800 3069 3171 3138 σωματικῶς.
3190 3073 3324 3129 Ἰδοὺ
3349 3076 3532 3145 σαφῶς
3549 3077 3757 3147 Χριστὸν

528 3182 681 3237 novit
742 3180 976 3234 alterum
1037 3180 1357 3248 separatim,
1419 3194 1615 3249 nempe
1668 3180 1947 3235 hominem
2008 3198 2107 3236 na-

2214 3156 2400 3226 ἒτερον
2429 3153 2568 3209 οἶδεν
2605 3158 2787 3223 ίὸικῶς
2814 3162 2905 3213 τὸν
2935 3164 2999 3216 ἐκ
3028 3166 3289 3233 γυναικὸς
3326 3167 3624 3240 ἄνθρωπον,
3648 3171 3697 3221 ὲν
3719 3162 3756 3235 ᾧ

529 3280 644 3329 tum
716 3286 784 3326 ex
860 3269 1109 3338 muliere,
1175 3272 1228 3325 iu
1291 3285 1401 3339 quo
1463 3268 1699 3325 Verbum
1774 3274 1841 3325 ab
1894 3288 1959 3326 eo
2037 3275 2115 3327 di-

526 3380 767 3431 versum,
825 3364 876 3417 id
930 3374 1035 3428 est,
1092 3364 1272 3418 omnis
1330 3362 1606 3431 plenitudo
1672 3363 1970 3418 divinitatis
2017 3365 2115 3417 ha-

527 3457 721 3511 bitavit
745 3455 1129 3526 corporaliter.
1163 3458 1243 3509 Ad
1276 3456 1391 3509 haec
1428 3452 1844 3524 respondemus.
1877 3454 2107 3509 Paulum

528 3548 713 3605 divino
762 3546 999 3603 amatum
1058 3547 1265 3616 Spiritu
1320 3547 1457 3603 duos
1517 3548 1769 3603 Christus
1798 3563 1904 3603 non
1949 3563 2118 3620 agno-

531 3652 709 3703 scere,
766 3639 861 3693 sed
928 3653 1093 3692 unum
1149 3636 1473 3705 prazdicare,
1549 3635 2004 3707 quemadmodum
2061 3649 2116 3692 et

531 3731 749 3785 Patrem
800 3744 1020 3785 unum:
1084 3726 1256 3785 Nobis
1302 3730 1462 3795 enim,
1521 3728 1716 3799 inquit,
1784 3744 1920 3784 unus
1970 3727 2113 3782 Deus

528 3833 583 3877 et
619 3819 803 3887 Pater,
840 3837 872 3875 α
893 3838 997 3892 quo
1028 3821 1230 3885 omnia,
1285 3831 1330 3875 rt
1361 3836 1454 3874 nos
1482 3820 1535 3871 in
1566 3821 1758 3887 ipsum,
1777 3828 1827 3875 et
1852 3836 1985 3873 unus
2005 3820 2116 3874 Do-

534 3910 708 3963 minus
731 3906 888 3963 Jews
929 3908 1197 3975 Christus,
1241 3923 1332 3977 per
1359 3924 1513 3978 quem
1546 3910 1752 3974 omnia,
1795 3920 1846 3965 ot
1878 3926 1973 3964 nos
2024 3925 2118 3977 per

533 4001 703 4070 ipsum
731 4002 774 4054 ¹.
835 4001 894 4055 In
931 4016 1040 4071 quo
1081 4003 1249 4071 igitur
1305 4000 1570 4055 habitavit
1614 4002 1789 4057 omnis
1837 4002 2116 4071 plenitudo

533 4090 830 4145 divinitatis
867 4091 1264 4161 corporaliter?
1322 4089 1379 4145 Si
1436 4091 1688 4160 privatim
1745 4100 1801 4146 et
1843 4093 2114 4163 sigillatim

533 4183 587 4237 in
621 4180 717 4236 Dei
758 4179 920 4236 Verbi
953 4192 1146 4236 natura
1173 4182 1223 4237 id
1260 4181 1465 4236 factum
1519 4182 1742 4245 dixeris,
1782 4196 1889 4235 non
1937 4183 2117 4238 minus

531 4273 697 4327 stulte
719 4273 947 4339 senties,
990 4287 1150 4341 quam
1190 4273 1237 4327 si
1289 4274 1463 4342 ipsum
1535 4271 1882 4343 Unigenitum
1916 4273 1969 4325 iu
2004 4275 2114 4329 sei-

533 4379 632 4434 pso
684 4364 958 4418 habitasse
1004 4365 1385 4419 contenderes.
1479 4366 1581 4431 Qui
1647 4374 1828 4419 autem
1877 4363 2113 4419 Verbum

2217 3247 2539 3321 κατῴκησεν
2567 3250 2642 3316 ὡς
2671 3253 2856 3324 ἕτερος
2891 3257 3020 3328 παρ’
3054 3258 3217 3311 αὑτὸν
3241 3258 3269 3311 ό
3295 3260 3494 3331 Λόγος,
3528 3262 3640 3332 ἦτοι
3664 3262 3756 3314 πᾶν

2214 3339 2275 3390 τὸ
2311 3341 2584 3413 πλήρωμα
2628 3345 2726 3416 τῆς
2765 3346 3017 3417 θεότητος
3063 3352 3419 3420 σωματικῶς.
3457 3354 3591 3425 Πρὸς
3614 3353 3671 3425 δὴ
3699 3354 3757 3405 τὰ

2214 3432 2442 3487 τοιαῦτά
2475 3453 2690 3507 φαμεν,
2725 3438 2806 3492 ὅτι
2841 3439 2935 3493 δύο
2967 3441 3235 3514 Χριστοὺς
3265 3445 3293 3497 ό
3331 3446 3755 3516 Πνευματοφόρος

2215 3525 2316 3578 οὐκ
2353 3522 2528 3596 οἶδεν,
2570 3530 2686 3584 ἀλλ’
2716 3532 2814 3586 ἕνα
2843 3533 3139 3604 κηρύττει,
3164 3534 3424 3607 καθάπερ
3456 3538 3638 3609 ἀμέλει
3679 3538 3758 3589 καὶ

2218 3618 2314 3671 ἕνα
2350 3621 2589 3693 Πατέρα.
2639 3616 2800 3692 Ἡμῖν
2822 3625 2953 3694 γὰρ,
2984 3627 3171 3696 φησὶν,
3205 3623 3293 3694 εἷς
3341 3629 3484 3697 Θεὸς
3509 3628 3755 3695 όΠατὴρ,

2217 3712 2285 3781 ἐξ
2305 3709 2376 3770 οὗ
2400 3715 2471 3769 τὰ
2489 3715 2705 3782 πάντα,
2720 3718 2817 3772 καὶ
2836 3718 3005 3788 ἡμεῖς
3021 3722 3103 3785 εις
3117 3722 3328 3788 αὐτὸν,
3347 3724 3444 3777 καὶ
3462 3718 3545 3789 εἷς
3567 3724 3755 3790 Κύριος

2231 3806 2465 3874 Ἰησοὺς
2476 3806 2748 3876 Χριστὸς,
2771 3808 2847 3863 δι’
2862 3806 2935 3866 οὗ
2960 3811 3030 3868 τὰ
3043 3811 3261 3879 πάντα,
3286 3816 3386 3871 καί
3402 3815 3567 3886 ἡμεῖς
3580 3816 3649 3870 δι’
3663 3816 3755 3869 αὑ·

2216 3899 2344 3954 τοῦ.
2382 3900 2470 3955 Ἐν
2494 3901 2600 3955 τίνι
2630 3899 2694 3974 δὴ
2719 3898 2814 3957 οὖν
2840 3903 3128 3977 κατῴκηκε
3164 3908 3273 3961 πᾶν
3298 3910 3358 3962 τὸ
3391 3910 3651 3981 πλήρωμα
3670 3906 3754 3975 τῆς

2218 3992 2473 4065 θεότητος
2519 3994 2881 4064 σωματικῶςς
2947 3998 3154 4060 ’ἰδικῶς
3202 3999 3304 4069 μὲν
3354 3999 3467 4066 οὖν,
3507 4001 3596 4053 καὶ
3634 3997 3755 4053 κατὰ

2221 4087 2390 4158 μόνας
2411 4087 2469 4143 ἐν
2498 4088 2564 4158 τῇ
2596 4086 2689 4141 τού
2717 4087 2856 4141 Θεοῦ
2887 4088 3061 4156 Λόγου
3093 4089 3256 4160 φύσει
3288 4092 3446 4145 τοῦτο
3472 4092 3752 4162 πεπρᾶχθαι

2216 4179 2463 4248 νομίζειν
2515 4177 2709 4250 εὔηθες
2763 4181 2962 4254 κομιδῆ
2993 4198 3007 4214 ο
3062 4182 3174 4236 ἴσον
3228 4185 3337 4255 γὰρ
3384 4184 3460 4249 ὡς
3513 4184 3660 4247 αὐτὸς
3702 4184 3751 4234 ὲν

2217 4268 2396 4339 ἐαυτῷ
2432 4266 2752 4341 κατῴκησεν
2775 4272 2803 4324 ὁ
2833 4273 3147 4344 Μονογενής
3173 4289 3189 4306 ο
3230 4276 3582 4340 πιστεύοντας
3606 4276 3656 4329 δὲ
3682 4276 3749 4333 ὅτι

2216 4361 2406 4432 γέγονε
2430 4362 2566 4433 σὰρξ
2592 4364 2619 4415 ὁ
2645 4363 2815 4432 Λόγος
2842 4365 2903 4419 οὐ
2935 4366 3076 4437 κατά
3097 4368 3451 4436 μετάστασιν,
3484 4370 3515 4441 ἦ
3550 4368 3747 4439 τροπὴν,

534 4472 753 4511 carnem
805 4454 1011 4510 factum
1070 4457 1142 4510 ita
1203 4459 1455 4523 credunt,
1492 4467 1550 4512 ut
1602 4473 1708 4513 non
1766 4460 2107 4511 immutatum

2223 4455 2337 4509 ἀλλ’
2370 4458 2452 4509 ὅτι
2489 4458 2688 4525 μᾶλλον
2728 4458 3042 4527 ἐσκήνωσεν
3072 4461 3131 4512 ὲν
3161 4462 3329 4530 ἡμῖν,
3368 4463 3460 4515 καὶ
3488 4461 3606 4515 ναὸν
3638 4460 3747 4512 [διον

540 4563 981 4618 conversumque
1012 4550 1102 4613 sit,
1122 4549 1217 4605 sed
1249 4561 1307 4604 ut
1334 4553 1389 4605 in
1422 4541 1581 4607 nobis
1608 4550 1863 4604 habitarit
1894 4560 1969 4618 ,et
1992 4565 2115 4621 pro-

536 4641 712 4711 prium
735 4640 836 4696 sibi
869 4642 1127 4711 templum
1161 4640 1375 4709 fecerit,
1413 4656 1611 4709 corpus
1635 4642 1869 4695 animam
1899 4645 2106 4697 ratione

538 4732 818 4803 praeditam
854 4733 1084 4798 habens,
1115 4731 1257 4803 quod
1285 4732 1388 4787 sibi
1425 4748 1551 4786 vere
1576 4731 1877 4802 conjunxit,
1914 4734 1999 4802 pie
2026 4734 2107 4787 di-

535 4833 662 4880 cent
721 4825 1141 4891 ,admirabilem
1207 4824 1455 4891 Paulum,
1496 4839 1619 4879 cum
1665 4824 1822 4879 vellet
1876 4824 2115 4880 indicare

536 4916 701 4975 Verbi
736 4919 1123 4974 habitationem
1160 4919 1215 4972 in
1264 4933 1449 4984 carne,
1487 4931 1581 4972 seu
1615 4932 1795 4971 veram
1845 4918 2111 4988 conjunc-

540 5012 761 5075 tionem,
797 5010 1021 5076 dixisse,
1050 5010 1103 5064 itt
1132 5011 1247 5080 ipso
1283 5011 1527 5066 habitare
1570 5024 1787 5064 omnem
1816 5009 2109 5079 plenitudi-

535 5118 658 5158 nem
703 5100 1021 5167 divinitatis,
1077 5118 1182 5157 non
1240 5103 1413 5172 magis
1467 5102 1608 5172 quod
1657 5100 1775 5170 ejus
1810 5111 1959 5155 esset
1987 5116 2108 5169 par-

539 5196 729 5263 ticeps,
760 5200 852 5246 aut
887 5192 1073 5245 habitu
1107 5200 1161 5245 et
1214 5196 1404 5261 gratiae
1435 5208 1661 5247 munere
1692 5208 1812 5246 eam
1858 5193 2106 5258 haberet,

535 5301 697 5357 quam
757 5285 1130 5355 corporaliter,
1190 5284 1246 5337 id
1306 5296 1389 5339 est
1468 5299 1562 5354 per
1612 5286 1938 5347 essentiam,
2000 5300 2106 5339 non

536 5381 712 5446 aliter,
767 5391 925 5447 quam
970 5377 1013 5431 si
1062 5379 1113 5429 in
1164 5377 1380 5430 homine
1432 5377 1644 5432 dicatur
1719 5377 1944 5444 spiritus
1995 5376 2112 5446 ejus

535 5470 801 5533 habitare,
827 5482 951 5522 eum
1006 5467 1073 5521 ab
1103 5481 1168 5520 eo
1212 5464 1458 5521 diversus
1482 5482 1587 5519 non
1617 5466 1709 5521 sit.
1744 5463 1897 5535 Saepe
1930 5475 2109 5520 tamen

536 5560 591 5613 in
627 5576 730 5614 una
774 5575 1004 5629 persona
1051 5558 1317 5627 duplicem
1357 5558 1511 5613 nobis
1566 5556 1815 5627 loquendi
1865 5557 2007 5613 ratio
2056 5567 2112 5613 et

535 5651 703 5720 ﬁxura
756 5666 1044 5721 personam
1099 5650 1280 5719 atiert,
1304 5663 1406 5705 nec
1467 5659 1758 5720 pr0pterea
1809 5648 2105 5720 quidquam

632 5834 648 5867 ⁸
680 5832 893 5894 σοιοεε.
926 5850 984 5895 ιι,
1014 5834 1066 5888 9.
1145 5837 1164 5867 ³
1200 5835 1219 5889 1
1252 5835 1377 5891 Cor.
1426 5851 1542 5901 vnt,
1597 5835 1659 5903 6.,

2216 4547 2512 4617 ἐποιήσατο
2557 4554 2619 4600 τὸ
2671 4548 2869 4602 ἑνωθὲν
2903 4550 3055 4619 αὐτῷ
3100 4552 3241 4605 κατά
3278 4554 3535 4623 ἀλήθειαν
3576 4554 3743 4620 σῶμα,

2209 4639 2388 4710 ψυχὴν
2429 4639 2553 4710 ἔχον
2579 4640 2678 4711 τὴν
2710 4640 2959 4712 λογικὴν,
2989 4642 3213 4707 εὐσεϐὲς
3248 4645 3445 4709 εἰπεῖν,
3476 4647 3553 4697 ὅτι
3581 4642 3667 4712 τὴν
3695 4644 3743 4692 ἐν

2208 4734 2276 4804 τῇ
2309 4733 2440 4803 ἁγίᾳ
2473 4736 2636 4801 σαρκὶ
2667 4734 2761 4787 τοῦ
2791 4734 2969 4801 Λόγου
3001 4736 3345 4806 κατοίκησιν,
3374 4738 3537 4807 ἧγουν
3556 4736 3743 4793 ἕνωσιν,

2211 4824 2388 4895 ἀληθῆ
2437 4825 2861 4895 κατασημαίνων
2912 4827 3047 4897 ἡμῖν
3103 4829 3131 4880 ὁ
3193 4828 3479 4891 θεσπέσιος
3527 4826 3741 4885 Παῦλος,

2212 4918 2271 4970 ὲν
2297 4918 2438 4987 αὐτῇ
2474 4933 2606 4985 φησι
2642 4916 2967 4988 κατοικῆσαι
3005 4919 3113 4972 πᾶν
3143 4919 3205 4973 τὸ
3235 4920 3508 4990 πλήρωμα
3535 4917 3627 4987 τῆς
3646 4916 3744 4970 θεό-

2207 5022 2389 5079 τητος,
2428 5010 2489 5061 ού
2525 5008 2805 5079 μεθεκτῶς
2841 5012 3064 5082 μᾶὶλον,
3099 5012 3131 5083 ἢ
3170 5014 3457 5083 σχετικῶς,
3487 5014 3642 5082 ἦγουν
3680 5008 3743 5068 ὡς

2209 5102 2267 5152 ἐν
2305 5100 2450 5153 δόσει
2484 5100 2738 5171 χάριτος,
2780 5101 2919 5156 ἀλλά
2953 5105 3315 5172 σωματικῶς,
3347 5106 3377 5159 ὃ
3403 5108 3545 5159 ἐστιν
3572 5102 3741 5155 οὐσιωο

2210 5191 2334 5257 δῶς,
2369 5193 2445 5253 ὼς
2479 5193 2544 5245 ἂν
2578 5196 2631 5245 εἰ
2661 5193 2757 5247 καὶ
2784 5194 2842 5247 ἐν
2868 5193 3142 5267 ἀνθρώπῳ
3173 5195 3385 5265 λέγοιτο
3414 5195 3666 5251 κατοικεῖν
3690 5190 3741 5241 τὸ

2212 5281 2428 5351 πνεῦμα
2450 5280 2638 5345 αὑτοῦ,
2667 5281 2764 5351 οὐχ
2796 5282 2984 5353 ἕτερον
3005 5283 3065 5337 ὃν
3081 5286 3213 5356 παρ’
3237 5285 3420 5341 αὐτόν.
3438 5284 3546 5352 Ἐφ’
3566 5280 3668 5341 ἑνδς
3689 5278 3737 5330 δέ

2212 5372 2507 5442 προσώπου
2539 5370 2800 5439 πολλάκις
2823 5375 3170 5447 διπρόσωπον
3200 5379 3329 5449 ημῖν
3353 5376 3645 5445 desiperet
3666 5369 3737 5420 λό-

2209 5479 2306 5529 γου
2341 5463 2551 5532 σχῆμα,
2588 5464 2683 5516 καὶ
2713 5466 2831 5519 κατ’
2862 5466 3053 5520 οὐδένα
3082 5469 3282 5538 τρόπον
3307 5467 3479 5522 ἀδικεῖ
3502 5465 3594 5535 τὴν
3617 5459 3733 5526 ἀλίΓ

2210 5553 2360 5609 θειαν
2386 5569 2400 5583 ·
2442 5549 2553 5608 οἷον
2595 5556 2727 5627 φέρε
2772 5556 2968 5624 εἰπεῖν,
3004 5558 3077 5621 ὡς
3119 5560 3169 5611 εί
3214 5558 3419 5625 λέγοιτο
3460 5555 3578 5625 περὶ
3616 5544 3730 5604 Θεοῦ

2207 5664 2281 5699 πα
2290 5646 2356 5715 ρὰ
2373 5646 2470 5717 τῆς
2489 5647 2848 5703 θεοπνεύστου
2880 5649 3127 5721 Γραφῆς.
3143 5650 3205 5705 Ὀ
3222 5650 3510 5705 πλάσσων
3528 5638 3729 5707 πνεῦμα
