4070 6290
297 332 396 394 957

1258 332 1638 392 I'ANOPLIA
1680 331 2139 392 DOGMATICA.
2178 357 2248 367 --
2287 329 2440 394 ΤΙΤ.
2485 333 2606 394 XV.

3466 341 3572 401 97H

292 448 602 518 ἀνθρώπου
624 447 692 498 ἐν
710 446 889 512 αὐτῷ.
922 447 1118 502 Καίτοι
1131 448 1247 510 πῶς
1269 448 1368 518 οὐχ
1391 447 1596 501 ἅπασιν
1619 445 1875 518 ἐναργὲς,

1983 447 2224 502 detrahit
2253 449 2487 504 veritati.
2521 449 2766 520 Exempli
2799 451 2970 520 gratia
3001 446 3046 505 si
3080 457 3145 505 de
3173 451 3281 504 Dco
3318 455 3369 506 Sa
3393 457 3566 521 rimi.-

289 544 359 605 ὡς
406 541 506 595 οὐκ
541 541 608 595 ἂν
636 543 808 592 νοοῖτο
850 539 1001 610 παρὰ
1026 539 1120 592 τὸν
1151 538 1438 610 ἄνθρωπον
1483 539 1676 610 ἕτερον
1703 539 1767 593 τδ
1810 540 1871 592 ὲν

290 635 433 706 αὑτῷ
464 632 836 702 πλαττόμενον
871 632 1034 684 αὐτοῦ
1075 627 1337 702 πνεύμα;
1374 632 1515 702 Φησὶ
1547 632 1605 685 δέ
1635 647 1740 685 που
1774 631 1872 686 καὶ

288 729 316 779 6
353 727 618 798 μακάριος
649 724 837 790 Δαϐὶδ,
883 725 1120 792 Νυκτὸς
1145 726 1295 796 μετὰ
1332 724 1443 792 τῆς
1472 724 1723 792 καρδίας
1753 741 1872 794 μου

285 820 690 889 ἠδολέσχουν,
713 817 811 871 καὶ
836 819 1109 872 ἔσκαλλε
1127 819 1196 873 τὸ
1219 816 1458 887 πνεῦμὰ
1473 835 1614 888 μου.
1635 811 1768 871 Εἶτα
1788 816 1872 880 τίς

285 908 352 981 ἧν
374 913 400 964 6
429 911 571 980 μετὰ
592 911 691 979 τῆς
713 907 910 962 ἑαυτοῦ
933 911 1160 978 καρδίας
1186 910 1510 981 ἀδολεσχῶν,
1534 909 1629 962 καὶ
1656 906 1718 961 τὸ
1738 907 1870 961 ῐδιον

289 1003 504 1074 πνεῦμα
535 1001 852 1070 exulatum);
881 1002 1003 1074 Χρὴ
1025 1002 1319 1073 τοιγαροῦν
1340 1004 1408 1056 τὰ
1439 1002 1539 1073 μὲν
1561 1000 1668 1055 τῶν
1694 999 1871 1068 λόγων

286 1098 543 1168 σχήματα
584 1097 660 1166 μὴ
694 1093 898 1165 σφόδρα
932 1096 1301 1166 φιλοκρινεῖν,
1329 1095 1544 1166 ἀφορᾷν
1571 1095 1628 1149 δὲ
1667 1093 1870 1164 μᾶλλον

284 1191 365 1251 εἰς
421 1185 602 1239 αὐτῶν
663 1185 773 1239 τῶν
831 1186 1182 1256 πραγμάτων
1239 1187 1338 1249 τὰς
1396 1187 1608 1254 φύσεις,
1671 1187 1765 1238 καὶ
1811 1183 1871 1250 ἐξ

286 1281 466 1335 αὐτῶν
505 1280 568 1334 εὖ
602 1279 748 1349 μάλα
784 1277 1230 1351 ποδηγουμένους
1269 1277 1356 1330 ἐπ’
1391 1279 1563 1347 αὐτὴν
1598 1278 1734 1331 ιέναι
1770 1274 1870 1346 τὴν

285 1375 566 1444 ἀλήθειαν.

684 1471 786 1526 Ἕκ
825 1472 935 1543 τῆς
975 1477 1128 1545 πρὸς
1167 1473 1464 1541 Γαλάτας.

359 1559 617 1628 Χριστὸς
647 1561 808 1631 ἡμᾶς
830 1565 1205 1636 ἐξηγόρασεν
1228 1566 1296 1620 ἐκ
1338 1566 1448 1632 τῆς
1478 1565 1738 1636 κατάρας
1764 1568 1873 1622 τοῦ

279 1655 497 1720 νόμου,
520 1655 845 1722 γενόμενος
873 1657 1028 1726 ὑπὲρ
1059 1656 1231 1726 ἡμῶν
1255 1657 1508 1726 κατάρα.
1532 1660 1873 1729 Γέπραπται

283 1743 417 1812 γὰρ,
435 1745 902 1815 Ἐπικατάρατος
929 1747 1048 1814 πᾶς
1072 1751 1105 1802 ό
1131 1749 1501 1820 κρεμάμενος
1523 1751 1621 1806 ἐπὶ
1653 1752 1869 1818 ξύλου.

290 1835 404 1888 Τοῦ
428 1835 658 1906 νομικοῦ
696 1839 1036 1909 γράμματος
1073 1842 1351 1912 ἐπάρατον
1371 1843 1762 1913 ἀποφαίνοντος
1783 1847 1877 1900 τὸν

285 1914 349 1978 ἐν
392 1925 705 1997 παραϐάσει
738 1928 835 1981 καὶ
862 1929 1131 1999 ἁμαρτίᾳ,
1192 1934 1220 1983 6
1251 1935 1328 2002 μὴ
1386 1931 1540 1996 εἰδὼς
1577 1933 1875 2005 ἁμαρτίαν,

281 2024 537 2076 τουτέστι
557 2024 815 2095 Χριστὸς,
837 2025 1202 2099 ὑπενήνεκται
1220 2031 1285 2099 τῇ
1319 2029 1466 2101 δίκῃ,
1484 2029 1662 2100 ψῆφον
1694 2029 1878 2084 ἄδικον

285 2114 615 2184 ὑπομείνας,
645 2118 740 2169 καὶ
771 2119 838 2169 τὰ
867 2119 979 2180 τοῖς
1005 2121 1064 2171 ὲν
1093 2119 1202 2191 ἀρᾷ
1230 2121 1514 2192 πρέποντα
1544 2120 1755 2185 παθὼν,
1793 2121 1878 2174 ἵνα

282 2207 314 2256 6
358 2205 464 2258 τῶν
504 2207 641 2260 ὅλων
681 2207 934 2274 ἀντάξιος
977 2210 1119 2278 ὑπὲρ
1161 2211 1383 2264 πάντων
1423 2211 1737 2275 ἀποῦανὼν,
1781 2212 1878 2280 τῆς

283 2298 546 2353 ἁπάντων
585 2300 873 2363 ἀπειθείας
919 2300 1056 2374 λύσῃ
1092 2303 1161 2356 τὰ
1209 2303 1446 2367 ἔπαθλα,
1494 2305 1590 2357 καὶ
1625 2305 1879 2378 ἀγοράσῃ

281 2394 389 2461 τὴν
417 2392 509 2444 ὕπ’
537 2393 769 2465 οὐρανὸν
795 2393 989 2464 αἵματι
1020 2394 1098 2465 τῷ
1124 2395 1261 2466 ἰδίῳ.
1290 2398 1404 2449 Οὐκ
1433 2395 1501 2451 ἂν
1529 2396 1622 2450 οὖν
1654 2397 1718 2466 γι
1731 2414 1878 2466 γονεν

288 2475 378 2546 εἷς
424 2484 683 2539 ἁπάντων
717 2485 1002 2552 ἀντάξιος,
1047 2487 1207 2557 εἴπερ
1241 2484 1309 2558 ἦν
1342 2487 1633 2560 ἄνθρωπος
1667 2489 1876 2552 ἁπλῶςο

291 2576 360 2627 Εἰ
411 2575 469 2627 δὲ
517 2576 582 2643 δὴ
635 2579 810 2630 νοοῖτο
869 2578 1002 2640 Θεὸς
1058 2579 1507 2650 ἑνηνθρωπικὼς,
1561 2582 1656 2634 καὶ
1713 2581 1881 2652 σαρκὶ

287 2669 362 2739 τῇ
394 2667 498 2739 ἰδίᾳ
521 2668 731 2735 παθὼν,
763 2669 920 2740 ὀλίγη
948 2671 1085 2742 πρὸς
1113 2671 1278 2725 αὑτὸν
1313 2675 1344 2743 ἡ
1379 2672 1646 2743 σύμπασα
1679 2676 1877 2740 κτίσις,

289 2761 390 2816 καὶ
433 2760 651 2832 ἀπόχρη
695 2763 833 2830 πρὸς
874 2763 1070 2834 λύτρον
1117 2766 1215 2835 τῆς
1259 2765 1352 2817 ὑπ’
1393 2765 1620 2835 οὐρανὸν
1669 2768 1696 2820 6
1750 2766 1879 2836 μιᾶς

288 2852 498 2921 σαρκὸς
536 2850 790 2919 θάνατος.
844 2854 973 2909 Ἰδία
1015 2854 1126 2926 γὰρ
1159 2849 1229 2927 ἦν
1270 2855 1366 2910 τοῦ
1398 2857 1464 2910 ἐκ
1495 2857 1631 2910 Θεοῦ
1666 2856 1878 2929 [ἰατρὸς

285 2945 494 3013 φύντος
521 2947 716 3017 Λόγου.

684 3193 786 3247 Ἐκ
821 3194 924 3263 τῆς
963 3193 1114 3264 πρὸς
1154 3197 1487 3266 Ἐϐραίους.

373 3287 487 3341 161-
523 3284 593 3338 δὲ
624 3285 824 3354 βραχύ
857 3299 913 3340 τι
964 3287 1101 3352 παρ’
1131 3289 1426 3358 ἀγγέλους
1455 3291 1884 3362 ἠλαττωμένον

283 3378 608 3446 βλέπομεν
651 3376 890 3446 Ἰησοῦν
920 3377 1021 3434 διὰ
1051 3379 1121 3433 τὸ
1160 3379 1403 3451 πάθημα
1442 3381 1548 3437 τοῦ
1583 3383 1844 3438 θανάτου
1862 3421 1880 3449 ,

289 3472 450 3544 δόξῃ
483 3471 585 3526 καί
620 3469 763 3540 τιμῇ
790 3471 1312 3541 ἐστεφανωμένον.
1344 3474 1453 3526 Καὶ
1482 3473 1665 3543 πάλιν,
1692 3476 1881 3530 Ὅταν

286 3565 366 3622 δὲ
392 3565 684 3636 εἰσαγάγῃ
718 3565 831 3620 τὸν
852 3568 1233 3635 πρωτότοκον
1252 3568 1340 3632 εἰς
1361 3567 1476 3635 τὴν
1495 3569 1880 3638 οικουμένην,

288 3657 470 3726 λέγει,
489 3657 601 3710 Kal
629 3656 1242 3725 προσκυνησάτωσαν
1263 3657 1426 3723 αὐτῷ
1471 3658 1696 3726 πάντες
1719 3659 1785 3731 άγ
1795 3678 1882 3730 γει

289 3755 397 3806 λοι
429 3749 600 3805 Θεοῦ.
640 3750 752 3805 Καὶ
776 3748 958 3814 αὖθις,
993 3750 1100 3816 Ὃς
1127 3750 1214 3804 ὢν
1245 3753 1616 3822 ἀπαύγασμα
1642 3754 1754 3824 τῆς
1779 3754 1880 3809 εό-

292 3843 434 3911 ξης,
471 3841 571 3896 καὶ
586 3840 894 3912 χαρακτὴρ
909 3840 1024 3910 τῆς
1039 3843 1438 3910 ὑποστάσεως
1453 3846 1665 3908 αὑτοῦ,
1685 3846 1884 3915 φέρων

287 3955 361 3994 τε
374 3939 445 3992 τὰ
461 3937 660 3992 πάντα
673 3934 754 4003 τῷ
762 3938 984 4007 ῥήματι
999 3936 1110 4007 τῆς
1122 3938 1429 4009 δυνάμεως
1445 3941 1656 4009 αὑτοῦ,
1666 3940 1887 3996 δι’ἐαυ-

291 4031 408 4086 τοῦ
423 4033 798 4102 καθαρισμὸν
812 4028 932 4084 τῶν
948 4030 1248 4100 ἁμαρτιῶν
1262 4032 1434 4102 ήμῶν
1443 4033 1882 4103 ποιησάμενος,

289 4122 582 4180 ἐκάθισεν
601 4122 672 4176 ἐν
703 4120 876 4190 δεξιᾷ
901 4121 1011 4177 τοῦ
1035 4122 1258 4190 θρόνου
1293 4121 1406 4192 τῆς
1433 4124 1884 4193 μεγαλωσύνης

290 4214 371 4269 ἐν
389 4211 676 4283 ὑψηλοῖς,
720 4213 995 4281 τοσούτῳ
1047 4213 1336 4282 κρείττων
1372 4215 1718 4284 γενόμενος,
1758 4211 1885 4282 ὅσῳ

291 4306 735 4376 διαφορώτερον
749 4303 885 4374 παρ’
897 4303 1121 4370 αὐτοὺς
1132 4305 1663 4374 κεκληρονόμηκεν
1674 4301 1882 4374 ὄνομα.

1905 3154 1953 3214 C

1977 551 2034 591 ra
2069 538 2251 594 divina
2312 540 2502 595 dical:
2582 539 2690 605 Qui
2741 541 2890 613 ﬁngit
2956 544 3200 606 spiritum
3231 544 3457 598 hominis
3513 547 3566 599 iu

1973 629 2087 697 ipso
2117 630 2157 683 ί.
2191 628 2289 686 Cui
2347 632 2494 686 enim
2537 633 2886 702 perspicuum
2921 649 3023 686 nou
3054 633 3146 698 sit,
3182 635 3432 702 spiritum
3473 641 3564 704 qui

1973 719 2028 775 in
2087 720 2308 776 homine
2360 723 2613 793 tingatur,
2673 739 2776 777 non
2827 740 2949 779 esse
2993 726 3268 781 diversum
3321 727 3390 782 ab
3446 729 3565 797 ipSo

1976 811 2234 865 homine?
2272 812 2412 868 Dicit
2463 813 2629 868 etiam
2667 817 2902 882 quodam
2942 815 3060 870 loco
3101 816 3295 872 beatus
3343 818 3562 874 David:

1976 895 2262 953 Meditatus
2315 917 2433 955 sum
2485 913 2631 958 nocte
2675 919 2792 957 cum
2845 912 3002 959 corde
3053 921 3188 973 meo,
3230 918 3279 962 et
3308 909 3555 976 scopebat

1973 990 2194 1058 spiritus
2234 1007 2382 1045 meus
2411 992 2450 1046 ⁸.
2489 993 2590 1059 Qui
2647 1006 2752 1062 e5t,
2793 996 2882 1065 qui
2914 999 3218 1053 meditatur
3249 1013 3370 1055 cum
3401 1000 3567 1055 corde

1972 1094 2110 1147 suo,
2154 1090 2209 1136 et
2253 1083 2507 1152 proprius
2552 1086 2778 1153 spiritus
2827 1087 3090 1156 scopeus?
3115 1089 3232 1146 Non
3269 1092 3563 1146 admodum

1975 1179 2143 1242 igitur
2164 1179 2420 1229 curanda:
2452 1191 2575 1230 sum
2601 1179 2784 1248 ligurm
2811 1181 3120 1247 verborum,
3173 1185 3268 1240 sed
3304 1184 3434 1254 ipsa:
3461 1201 3559 1253 pn-

1976 1263 2084 1316 tius
2116 1277 2296 1319 rerum
2327 1277 2532 1321 naturae
2561 1269 2990 1334 considerandae,
3024 1280 3078 1326 et
3097 1288 3161 1328 ex
3197 1273 3330 1344 ipsis
3354 1275 3422 1328 ad
3458 1290 3563 1330 re—

1974 1355 2189 1411 ritatem
2219 1358 2676 1428 progrediendum
2708 1370 2813 1415 est.

2403 1447 2489 1504 Ea:
2522 1448 2764 1518 Epistola
2793 1453 2862 1505 ad
2889 1450 3133 1509 Galatas.

2051 1540 2298 1598 Christus
2342 1541 2584 1598 liberavit
2630 1560 2726 1598 nos
2791 1562 2823 1598 α
2860 1547 3141 1602 maledicto
3181 1544 3331 1616 legis,
3392 1548 3567 1618 {actus

1977 1633 2086 1702 ipse
2119 1651 2214 1702 pro
2265 1637 2412 1690 nobis
2445 1637 2805 1692 maledictum.
2834 1638 3097 1705 Scriptum
3130 1641 3375 1713 esLenint
3408 1645 3564 1696 :Ma-

1977 1725 2202 1782 (edictus
2262 1729 2458 1793 omnis,
2491 1730 2580 1798 qui
2635 1732 2824 1799 pendet
2865 1732 2918 1784 in
2954 1731 3096 1802 ligno
3129 1734 3170 1787 ³.
3230 1731 3444 1806 Legatis
3478 1735 3566 1788 lit-

1908 1803 1949 1860 Β
1980 1826 2132 1885 terre,
2175 1833 2296 1888 quae
2351 1819 2730 1876 detestabilem
2785 1831 2841 1876 et
2869 1825 3270 1878 exsecrandum
3317 1803 3567 1880 declarat

1979 1921 2102 1960 eum
2159 1908 2248 1976 qui
2282 1907 2335 1962 in
2372 1911 2822 1978 transgressione,
2854 1919 2907 1965 et
2935 1922 3160 1982 peccato
3191 1924 3299 1977 est,
3345 1914 3431 1967 ille
3467 1918 3562 1984 qui

1978 2005 2257 2065 peccatum
2291 2015 2397 2053 non
2430 2000 2602 2066 novit,
2627 2017 2818 2072 nempe
2839 2003 3400 2076 Christus,judicium
3426 2005 3556 2062 sub-

1981 2088 2063 2152 iit,
2111 2097 2440 2144 sententtam
2519 2093 2799 2149 sustinens
2850 2095 3132 2165 injustam,
3201 2107 3255 2153 et
3323 2113 3384 2153 ea
3440 2115 3563 2169 quae

1982 2177 2285 2234 maledictis
2309 2187 2474 2249 atque
2495 2185 2842 2238 exsecrandis
2867 2188 3213 2252 conveniunt,
3259 2188 3562 2256 perferens,

1983 2281 2041 2329 ut
2113 2271 2234 2339 quia
2268 2273 2504 2340 amplum
2546 2283 2628 2329 est
2661 2275 2853 2330 salutis
2900 2279 3141 2334 omnium
3177 2283 3430 2348 pretium,
3465 2297 3564 2349 pro

1981 2363 2235 2416 omnibus
2279 2364 2515 2419 moriens
2545 2365 2724 2420 debita
2759 2370 3000 2421 omnium
3045 2373 3403 2425 contumaciae
3437 2388 3564 2440 sup-

1983 2453 2140 2522 pltCla
2171 2454 2430 2518 solveret,
2467 2465 2522 2510 et
2573 2459 2790 2527 proprio
2822 2462 3086 2530 sangttine
3135 2462 3187 2516 in
3220 2464 3418 2517 castum
3474 2480 3560 2514 re-

1981 2545 2153 2600 ditum
2184 2557 2548 2616 compararet.
2577 2548 2694 2604 Non
2727 2561 2905 2606 autem
2927 2553 3084 2608 unius
3117 2554 3300 2609 fuisset
3330 2571 3434 2624 ιιιιη
3456 2555 3564 2609 lum

1983 2637 2172 2693 Salutis
2188 2641 2436 2694 omnium
2476 2644 2738 2711 pretium,
2768 2645 2814 2698 si
2845 2657 2989 2700 esset
3025 2648 3185 2701 homo
3218 2650 3563 2716 sunpliciter.

1985 2727 2081 2781 Sin
2108 2729 2250 2783 Deus
2279 2732 2553 2786 hominem
2588 2733 2808 2788 indutus
2839 2746 2890 2790 et
2925 2737 3141 2805 propria
3172 2752 3340 2792 carne
3370 2753 3566 2806 passus

1982 2820 2332 2892 intelligatur,
2365 2823 2596 2892 exiguus
2625 2834 2709 2881 est
2737 2840 2833 2895 pro
2855 2837 3005 2881 tanto
3040 2831 3214 2898 pretio
3245 2845 3422 2884 rerum
3451 2847 3569 2885 ont-

1981 2915 2136 2968 n-ium
2174 2926 2586 2984 procreatarum
2627 2933 2908 2984 numerus,
2962 2922 3207 2990 satisque
3233 2921 3335 2976 fuit
3381 2923 3448 2977 ad
3481 2939 3565 2978 re-

1981 3004 2155 3061 ditum
2190 3009 2242 3062 in
2272 3006 2478 3069 ocelum
2510 3011 2942 3078 recuperandum
2987 3013 3148 3064 unius
3171 3013 3358 3066 carnis
3392 3027 3562 3079 tutore,

1983 3113 2106 3171 quae
2135 3103 2349 3172 propria
2384 3110 2528 3156 esset
2564 3099 2726 3157 Verbi
2750 3116 2814 3156 ex
2851 3101 3010 3158 Patre
3047 3104 3236 3173 geniti.

2405 3193 2489 3247 Ea:
2512 3194 2755 3263 Epistula
2785 3194 2856 3246 ad
2888 3193 3155 3250 Hebraeos.

2052 3285 2194 3340 Eum
2226 3293 2426 3350 autem,
2456 3287 2546 3354 qui
2575 3291 2792 3354 paulum
2818 3287 2948 3358 quid
2985 3287 3049 3340 ab
3083 3288 3281 3357 angelis
3311 3290 3565 3344 imminu-

1982 3389 2066 3432 tus
2099 3388 2198 3443 est,
2229 3378 2462 3432 uidemus
2507 3376 2692 3431 Iesum
2729 3393 2824 3447 per
2850 3380 3144 3448 passionem
3177 3383 3360 3434 mortis
3390 3380 3564 3451 gloria

1980 3481 2032 3526 et
2064 3479 2263 3527 honore
2283 3483 2594 3526 coronatum
2626 3471 2672 3526 ⁸.
2731 3470 2795 3525 Et
2827 3487 3040 3527 rursum
3071 3472 3241 3527 :Cum
3271 3485 3446 3528 autem
3478 3477 3561 3528 in-

1983 3563 2208 3615 troducit
2235 3559 2650 3629 Primogenimm
2683 3561 2738 3615 in
2777 3563 2955 3616 orbem
2986 3571 3273 3626 terrarum,
3326 3563 3394 3616 Et
3429 3565 3562 3619 mlo-

1982 3663 2122 3719 rent,
2157 3653 2350 3723 inquit,
2401 3670 2517 3706 eum
2547 3671 2724 3708 omnes
2756 3655 2928 3724 angeli
2986 3655 3141 3709 Dei'.
3194 3655 3262 3710 Et
3295 3673 3504 3712 rursum
3548 3675 3563 3712 :

1984 3745 2232 3812 Quicum
2262 3746 2329 3798 sit
2356 3745 2602 3812 splendor
2627 3749 2811 3816 gloria
2830 3757 2879 3802 et
2913 3749 3087 3815 ﬁgura
3107 3751 3420 3804 substantia:
3451 3753 3564 3820 ejus

1981 3848 2299 3909 portamque
2358 3841 2536 3894 omnia
2566 3843 2716 3894 verbo
2768 3843 2973 3896 virtutis
3005 3858 3138 3905 suis,
3195 3859 3289 3912 per
3330 3847 3558 3914 seipsum

1981 3931 2338 4000 purgationem
2371 3943 2698 3999 peccatorum
2726 3943 3025 3988 nostrorum
3058 3934 3256 4003 faciens
3283 3977 3298 4001 ,
3331 3939 3471 3990 sedet
3502 3939 3558 3992 in

1983 4022 2204 4077 dextera
2262 4023 2402 4076 sedis
2423 4024 2720 4092 majestatis
2753 4024 2811 4078 in
2849 4027 3087 4091 excelsis,
3127 4036 3274 4081 tanto
3301 4041 3562 4098 pra'stan-

1985 4115 2089 4168 tior
2116 4114 2314 4184 angelis
2345 4115 2536 4185 factus,
2565 4124 2761 4185 quanto
2807 4119 3139 4186 diﬂerent‘ius
3177 4135 3289 4187 prta
3331 4121 3434 4177 illis
3461 4139 3560 4179 no-

1985 4222 2098 4260 men
2145 4207 2500 4263 hareditavit.
2531 4207 2634 4264 Cui
2665 4212 2803 4264 enim
2854 4212 2990 4264 dixit
3023 4213 3309 4276 aliquando
3343 4217 3563 4285 auge/a-

1984 4314 2101 4353 rum
2129 4314 2148 4352 :
2185 4296 2360 4354 Filius
2397 4317 2534 4354 meus
2567 4318 2619 4354 es
2644 4315 2722 4368 tu,
2755 4319 2847 4372 ego
2873 4305 3028 4358 ltodie
3048 4307 3201 4374 genui
3225 4315 3275 4359 te
3302 4307 3324 4337 ⁸
3345 4307 3373 4360 τ
3422 4305 3559 4362 Cum

296 4401 428 4455 Τίνι
443 4400 552 4469 γὰρ
573 4393 704 4453 εἶπέ
720 4411 866 4452 ποτε
887 4395 1007 4451 τῶν
1029 4395 1320 4468 ἀγγέλων,
1365 4398 1499 4464 Υἱός
1530 4413 1651 4466 μου
1689 4391 1744 4452 εἳ
1775 4399 1877 4465 σὺ,

1987 4393 2152 4463 igitur
2185 4401 2340 4447 natus
2367 4402 2448 4447 est
2479 4393 2874 4464 primogenitus
2905 4394 3222 4450 Enuuanucl
3271 4398 3322 4452 in
3379 4400 3564 4455 multis

291 4490 420 4561 ἐγὼ
430 4491 699 4562 σήμερον
716 4489 1050 4561 γεγέννηκά
1064 4505 1172 4554 0's;
1189 4489 1400 4544 Οὐκοῦν
1418 4491 1506 4544 ὅτε
1517 4491 1709 4561 γέγονε
1729 4508 1877 4563 πρω-

1987 4482 2264 4548 lratribus,
2291 4493 2416 4537 tunc
2445 4484 2616 4552 ipsum
2644 4485 3009 4539 introductqu
3043 4484 3208 4540 fuisse
3249 4488 3378 4542 dicit
3407 4488 3458 4544 in
3475 4501 3564 4544 or-

292 4586 525 4648 τότοκος
558 4586 586 4638 6
627 4581 986 4653 Ἐμμανουὴλ
1015 4584 1073 4636 ὲν
1110 4582 1328 4646 πολλοῖς
1359 4581 1631 4654 ἀδελφοῖς,
1649 4583 1773 4654 τότε
1791 4585 1877 4638 καὶ

1988 4577 2108 4630 bcm
2157 4585 2449 4630 terrarum.
2534 4575 2697 4631 Extra
2747 4579 2891 4632 enim
2938 4593 3025 4633 res
3085 4591 3395 4648 procreatas
3445 4594 3558 4635 erat

291 4673 727 4744 είσκεκομίσθαι
750 4674 916 4742 φησὶν
941 4673 1105 4727 αὑτὸν
1130 4675 1211 4738 εἰς
1239 4675 1341 4746 τὴν
1364 4675 1713 4746 οἰκουμένην.
1740 4675 1877 4741 Ἐξω

1986 4668 2128 4722 Deus
2160 4679 2348 4723 natura
2385 4679 2506 4722 sua;
2531 4669 2686 4725 Tunc
2729 4681 2785 4725 et
2815 4673 3079 4753 minorem
3118 4673 3324 4739 angelis
3354 4671 3557 4727 factum

295 4769 416 4839 γὰρ
449 4763 520 4838 ἦν
545 4766 690 4820 κατὰ
721 4767 886 4836 φύσιν
921 4768 1062 4820 ίδίαν
1093 4767 1195 4837 τῆς
1229 4769 1464 4832 κτίσεως
1492 4769 1521 4822 6
1558 4769 1716 4834 Θεός.
1748 4769 1877 4824 Τότε

1985 4757 2081 4824 ait,
2109 4772 2234 4813 cum
2273 4766 2451 4814 tamen
2484 4761 2864 4826 excellentius,
2891 4777 3052 4830 quam
3087 4762 3186 4828 illi,
3220 4777 3415 4817 nomen
3450 4763 3559 4819 ha-

297 4863 404 4916 καί⁵
446 4861 792 4932 ἡλαττῶσθαί
833 4877 1000 4931 φησιν
1039 4862 1202 4917 αὐτὸν
1233 4862 1388 4934 παρὰ
1415 4865 1544 4927 τοὺς
1581 4863 1877 4933 ἀγγέι,λς,υς¹

1989 4849 2260 4905 reditarit.
2324 4851 2560 4922 Angelus
2586 4854 2730 4908 enim
2783 4861 2866 4908 est
2907 4851 3067 4908 oﬂic’ii
3133 4868 3354 4920 nomen,
3415 4859 3559 4927 quod

292 4955 488 5008 καίτοι
517 4951 922 5025 διαφορώτερον
951 4954 1082 5024 παρ’
1115 4954 1314 5017 αὐτοὺς
1347 4953 1578 5024 λαχόντα
1607 4957 1667 5007 τὸ
1687 4954 1877 5026 ὄνομα.

1984 4942 2278 5012 supplicem
2311 4943 2468 4997 nobis
2495 4957 2800 4998 mensuram
2831 4943 3056 4998 indicat.
3100 4942 3390 4998 Mittuntur
3412 4947 3556 5001 enim

294 5047 383 5101 Τὸ
425 5048 524 5119 μὲν
561 5048 674 5119 γὰρ
703 5046 936 5117 ἅγγελος
976 5046 1318 5118 λειτουργίας
1359 5048 1479 5102 ἐστὶ
1526 5049 1877 5120 σημαντικὸν,

1987 5033 2043 5086 in
2084 5032 2471 5098 ministerium,
2497 5044 2715 5102 prepter
2757 5047 2850 5089 eos
2895 5034 2989 5104 qui
3023 5034 3214 5090 salutis
3261 5035 3556 5092 haeredita-

298 5141 580 5194 οἰκετικόν
609 5157 669 5191 τε
700 5141 838 5210 ἡμῖν.
865 5139 1204 5209 ὕπεμφαίνει
1239 5140 1459 5209 μέτρον.
1500 5141 1877 5196 ’Δποστέλλον-

1987 5133 2094 5178 tem
2126 5133 2254 5179 sunt
2284 5124 2551 5194 adepturi.
2580 5124 2748 5181 Filius
2781 5136 2960 5181 autem
2995 5129 3368 5184 exsistentiam
3400 5143 3558 5186 natu-

307 5250 403 5287 ται
421 5231 531 5303 γὰρ
553 5236 632 5296 εἰς
653 5231 930 5288 διακονίαν
949 5233 1043 5286 διὰ
1064 5231 1193 5294 τοὺς
1217 5231 1509 5302 μέλλοντας
1530 5235 1631 5305 κλη
1641 5235 1877 5305 ρονομεῖι

1990 5230 2217 5283 ramque
2243 5217 2547 5286 signiﬁcat,
2610 5222 2862 5288 quoniam
2913 5232 2966 5275 et
3001 5238 3125 5278 vere
3151 5232 3327 5277 ortum
3380 5229 3556 5278 credi-

301 5325 611 5396 σωτηρίαν.
659 5325 720 5378 '0
767 5324 824 5378 δέ
868 5341 931 5395 γε
979 5324 1106 5387 Υἱὸς
1146 5324 1245 5394 τὴν
1291 5327 1354 5377 ἐκ
1402 5326 1614 5395 Πατρδς
1652 5325 1877 5395 ὓπαρξιι

1997 5322 2142 5362 mus.
2204 5308 2484 5373 Quomodo
2541 5311 2701 5380 igitur
2761 5314 2936 5367 minor
2972 5317 3178 5385 angelis
3222 5315 3395 5371 factus
3451 5327 3556 5379 est,

298 5417 543 5488 οὑσιώδη
585 5434 644 5471 τε
673 5421 767 5474 καὶ
801 5418 1039 5490 φυσικὴν
1067 5411 1515 5488 κατασημήνειεν
1541 5417 1609 5471 ἂν
1627 5459 1643 5485 ,
1676 5418 1758 5472 ὅτι
1792 5418 1877 5471 καὶ

1996 5405 2086 5468 qui
2118 5402 2184 5454 ab
2210 5400 2339 5468 ipsis
2392 5403 2688 5458 adoraturi
2757 5409 3007 5476 quicum
3073 5408 3231 5463 Patre
3269 5411 3558 5466 considet?

299 5508 530 5580 ἀληθῶς
566 5510 667 5580 τὴν
704 5510 962 5580 γέννησιν
999 5489 1317 5580 πεπρᾶχθαι
1360 5510 1710 5580 πιστεύομεν.
1760 5509 1877 5574 Πῶς

1999 5489 2104 5544 Sed
2142 5492 2284 5543 clara
2322 5503 2401 5547 est
2429 5495 2745 5562 prepositio.
2799 5496 3254 5552 Descenditeuim
3322 5500 3374 5553 in
3408 5515 3560 5554 uen-

297 5601 404 5656 οὖν
451 5603 762 5673 ἠλάττωται
800 5601 955 5674 παρὰ
983 5603 1106 5665 τοὺς
1147 5603 1413 5672 ἀγγέλους
1459 5606 1487 5658 6
1521 5603 1654 5673 πρὸς
1700 5604 1877 5658 αὐτῶν

1994 5597 2119 5637 sura
2152 5584 2523 5653 humanitatis,
2551 5601 2834 5644 assumens
2859 5603 3057 5658 corpus
3082 5591 3561 5662 mortale,sibique

390 5807 406 5837 ⁸
443 5804 677 5863 Zachar.
728 5818 828 5866 su.
891 5803 939 5857 l.
1016 5804 1035 5835 '
1077 5802 1402 5871 ΡειιΙ.ι.ιιιι,
1441 5802 1493 5858 7.
1572 5801 1786 5859 'Galat.
1827 5817 1877 5858 ιιι

1979 5805 2032 5860 5.
2109 5806 2131 5836 ⁸
2162 5804 2327 5866 ιίοιιτ.
2372 5823 2434 5877 ιι,
2468 5808 2523 5864 9.
2568 5807 2780 5866 l‘lleitr.
2820 5826 2862 5880 ι,
2902 5809 2955 5865 6.
3031 5811 3206 5870 ‘ibid.
3241 5813 3356 5869 5-6.
