4094 6300
534 386 642 449 959
1769 380 2159 442 EUTIlYMlI
2199 376 2563 442 ZlGABENl
3667 383 3756 447 9θο

535 498 711 567 ipsum
750 493 1029 564 proprium
1062 491 1286 560 faciens,
1324 493 1374 547 in
1417 493 1533 563 ipso
1566 502 1756 561 sponte
1795 508 1889 545 sua
1924 508 2152 561 passus,

2144 498 2194 556 Α
2223 488 2735 562 προσκυνούμενος;
2778 486 2808 541 ὑ
2844 486 3098 559 σύνεδρος
3125 485 3203 557 τῷ
3247 488 3448 558 Πατρί;
3502 491 3630 545 Ἀλλ’
3660 494 3754 549 ἐστι

533 599 638 653 est,
675 596 729 641 et
759 596 979 656 propter
1031 594 1257 640 mortem
1297 599 1551 654 suprema
1586 585 1757 653 glor’a
1790 597 2112 649 coronatur,

2224 584 2405 655 σαφὴς
2435 584 2467 654 ἡ
2502 582 2791 654 πρότασις.
2814 580 3090 634 Καθίκετο
3111 581 3222 651 γὰρ
3247 582 3303 633 ὲν
3326 583 3436 646 τοῖς
3465 583 3559 652 τῆς
3584 586 3761 656 ἀνθρω-

536 691 593 734 ιιι
635 680 724 745 qui
764 688 936 732 morte
972 694 1066 732 sua
1122 663 1349 731 mortem
1386 677 1739 740 destruxerit,
1793 685 1845 731 et
1890 692 2117 746 corrup-

2222 677 2465 745 πότητος
2492 678 2715 746 μέτροις
2747 673 2840 728 καὶ
2869 673 2931 727 τὸ
2961 673 3331 744 ἀποθνήσκειν
3362 676 3596 743 πεφυκὸς
3626 679 3757 749 σῶμα

536 775 736 827 tionem
761 773 1047 825 invalidam
1069 770 1329 835 effecerit,
1351 771 1547 840 quippe
1580 770 1668 840 qui
1698 770 1810 838 ipsa
1829 779 1912 825 est
1939 771 2120 823 incor-

2220 768 2424 834 λαϐὼν,
2458 769 2587 821 ίδιόν
2619 785 2678 821 τε
2713 766 2864 838 αὑτῷ
2901 768 3296 837 ποιησάμενος,
3326 769 3383 820 ὲν
3418 768 3561 841 αὑτῷ
3587 772 3760 826 πέπονι

536 869 717 935 ruptio
748 875 909 934 atque
936 864 1307 929 vita.Quando
1341 866 1504 934 igitur
1535 862 1718 918 Jesum
1755 864 2022 925 nominat,
2063 873 2119 918 et

2223 860 2313 914 θεν
2338 859 2504 925 ἑκὼν,
2546 860 2640 915 καὶ
2664 862 2788 924 ταῖς
2818 862 3083 916 ἀνωτάτω
3111 861 3289 926 δόξαις
3321 862 3669 932 στεφινοῦται
3693 867 3760 921 διὰ

535 961 801 1012 minorem
859 958 1066 1026 angelis
1093 956 1293 1011 factum
1322 956 1471 1019 dicit,
1508 958 1679 1026 ipsum
1709 971 1815 1010 non
1844 957 2116 1011 hominem

2220 954 2281 1007 τὸ
2309 953 2503 1020 πάθος,
2533 953 2610 1017 ὡς
2632 952 2700 1006 δι’
2727 952 2897 1007 αὐτοῦ
2921 954 3283 1026 καταργήσας
3306 954 3398 1008 τὸν
3423 956 3660 1022 θάνατον,
3686 961 3764 1013 καὶ

534 1068 627 1121 per
647 1067 707 1106 se
721 1050 997 1120 sigillatim
1022 1050 1391 1122 intelligimus,
1420 1051 1509 1105 sed
1540 1049 1908 1120 Unigenitum,
1928 1050 2118 1105 salutis

2220 1046 2505 1114 ἄπρακτον
2528 1048 2817 1117 ἀποφήνας
2837 1047 2937 1117 τὴν
2961 1046 3186 1117 φθορὰν,
3218 1046 3313 1102 ἆτε
3333 1047 3398 1118 δὴ
3427 1051 3518 1103 καὶ
3539 1048 3762 1121 ὑπάρχων

535 1148 784 1199 humanm
803 1144 1053 1209 consilio,
1106 1144 1421 1212 praestantia
1450 1143 1658 1198 sanctis
1694 1142 1897 1210 angelis
1916 1146 2118 1195 ceden-

2220 1139 2499 1210 ἀφθαρσία
2534 1140 2627 1191 καὶ
2659 1138 2796 1208 ζωή.
2840 1138 3014 1194 Ὅταν
3040 1134 3131 1193 οῦν
3171 1138 3382 1210 Ἰησοῦν
3407 1139 3658 1213 ὀνομάζῃ,
3690 1143 3764 1196 καὶ

530 1237 809 1306 tem,quia
841 1251 967 1290 vere
1020 1236 1199 1290 lactus
1228 1234 1341 1304 :est
1400 1234 1586 1298 homo,
1655 1236 1747 1303 qui
1805 1234 2114 1304 angelorum

2220 1232 2568 1302 ἠλαττῶσθαι
2595 1232 2732 1305 λέγῃ
2760 1232 2914 1304 ποιρά
2940 1234 3066 1295 τοὺς
3089 1232 3357 1302 ἀγγέλους
3383 1234 3563 1301 αὐτὸν,
3585 1236 3673 1289 οὑκ
3696 1238 3766 1293 ἀν-

533 1327 765 1381 vincitur
796 1325 1140 1381 excellentia.
1172 1325 1306 1392 Qua?
1332 1325 1550 1394 quidem
1574 1324 1902 1381 excellentia
1964 1326 2015 1378 in
2053 1340 2117 1380 co

2223 1322 2445 1394 Θρωπον
2477 1324 2583 1378 ἀνά
2617 1325 2787 1394 μέρος
2826 1326 2921 1378 καὶ
2960 1326 3181 1389 ίδικῶς,
3223 1327 3342 1379 ἀλλ’
3377 1327 3537 1382 αὑτὸν
3572 1328 3766 1401 νοοῦμεν

528 1419 631 1473 sita
657 1428 764 1484 est,
789 1420 932 1487 quod
957 1427 1010 1473 et
1038 1420 1219 1474 carnis
1244 1429 1295 1474 et
1324 1419 1515 1473 mortis
1540 1429 1787 1487 expertes
1815 1428 1959 1480 sunt,
1995 1433 2116 1472 cum

2221 1413 2311 1466 τὸν
2344 1413 2626 1486 Μονογενῆ
2668 1415 3106 1487 παραχωροῦντα
3150 1418 3211 1470 τὸ
3243 1416 3503 1489 προῦχειν
3529 1419 3764 1489 οἰκονομι-

530 1511 817 1579 utriusque
841 1521 1061 1582 propter
1089 1512 1451 1566 voluntariam
1486 1512 1911 1566 exinanitionem
1948 1510 2117 1567 Filius

2221 1502 2332 1566 κῶς
2355 1506 2470 1568 τοῖς
2494 1505 2669 1574 ἁγίοις
2691 1508 2967 1575 ἀγγέλοις,
2987 1509 3069 1561 ὅτι
3090 1508 3324 1580 ἀληθείᾳ
3348 1509 3569 1577 γέγονεν
3590 1510 3765 1581 ἀνθρω-

530 1604 808 1671 particeps
832 1618 952 1659 esse
984 1604 1233 1659 voluerit.
1284 1605 1353 1658 At
1387 1606 1478 1674 qui
1522 1615 1742 1673 propter
1768 1610 2118 1659 humanitatis

2223 1611 2324 1659 πος
2361 1598 2388 1649 ό
2421 1597 2519 1668 τῆς
2551 1599 2780 1652 ἐκείνων
2823 1600 3102 1672 ὑπεροχῆς
3147 1600 3482 1672 ἡττώμενος.
3513 1602 3590 1658 Τά
3611 1604 3661 1657 δὲ
3686 1605 3766 1675 τῆς

529 1696 892 1751 conditionem
922 1698 1128 1765 angelis
1159 1697 1320 1767 paulo
1352 1697 1527 1750 minor
1561 1695 1790 1751 eﬂcctus
1824 1704 1936 1762 est,
1967 1696 2011 1751 is
2063 1698 2116 1751 in

2223 1689 2323 1743 ὐπε
2336 1691 2501 1762 ροχῆς
2520 1695 2632 1756 τοῖς
2650 1692 2826 1762 ἁγίοις
2843 1694 3117 1763 ἀγγέλοις,
3132 1696 3212 1748 ὅτι
3236 1694 3331 1748 καὶ
3349 1694 3453 1762 ἔξω
3472 1695 3676 1766 σαρκὸς,
3691 1699 3767 1751 καὶ

528 1790 849 1845 excellentia
881 1790 1181 1845 divinitatis
1236 1790 1504 1843 exsistcns
1549 1791 1616 1843 ab
1649 1788 1756 1843 illis
1787 1789 2119 1843 adoraturct

2220 1783 2314 1836 τοῦ
2339 1786 2596 1841 τεθνάναι
2622 1788 2910 1860 κρείττους
2936 1788 3065 1854 είσὶ,
3088 1788 3378 1857 γεγονότος
3401 1792 3458 1843 ὲν
3485 1790 3677 1854 τούτοις
3690 1792 3766 1844 τοῦ

531 1885 682 1932 sedet
704 1881 757 1934 in
786 1880 1031 1945 sedibus,
1065 1896 1199 1949 quas
1240 1878 1314 1931 illi
1344 1880 1707 1937 constituunt.
1732 1894 1857 1933 eum
1891 1893 2107 1949 semper
2139 1873 2148 1924 J

2151 1870 2181 1924 Β
2212 1874 2339 1934 Υίοῦ
2388 1880 2477 1935 διὰ
2526 1881 2625 1952 τὴν
2665 1882 2915 1935 ἑκούσιον
2958 1882 3211 1937 κένωσιν.
3270 1883 3415 1935 Ἀλλ’
3454 1884 3484 1936 ὁ
3532 1882 3686 1953 βραχύ
3725 1901 3768 1938 τι

537 1972 909 2027 Collaudantes
935 1983 988 2029 et
1016 1983 1343 2041 potestatum
1379 1971 1663 2025 Dominum
1696 1971 2050 2041 appellantes.

2232 1972 2359 2045 παρ’
2420 1972 2687 2041 ἀγγέλους
2733 1973 3121 2043 ἡλαττωμένος
3183 1971 3272 2026 διά
3311 1989 3377 2041 γε
3435 1973 3496 2026 τὸ
3549 1976 3638 2042 τῆς
3689 1975 3764 2026 ἁν-

532 2066 886 2136 θρωπότητος
948 2068 1175 2138 μέτρον,
1240 2067 1300 2117 ὲν
1367 2066 1616 2136 ὑπεροχῇ
1676 2066 1930 2137 θεότητος
1991 2067 2106 2135 ὢν,
2148 2067 2691 2140 προσκυνεῖταιπαρ’
2723 2067 2929 2132 αὐτῶν,
2960 2068 3056 2122 καὶ
3119 2066 3403 2139 ἐνίδρυται
3465 2063 3667 2130 θώκοις,
3690 2064 3768 2130 οῦς

533 2161 891 2230 περιεστᾶσιν
930 2163 1129 2214 ἐκεῖνοι
1168 2163 1580 2231 δοξολογοῦντες
1613 2164 1724 2229 ἀεὶ,
1762 2164 1857 2216 καὶ
1882 2163 1991 2216 τῶν
2019 2163 2306 2235 δυνάμεων
2336 2163 2497 2217 αὑτὸν
2526 2164 2891 2235 ὀνομάζοντες
2922 2164 3150 2235 Κύριον.

533 2274 785 2344 Ejusdem
817 2290 880 2328 ea:
910 2275 1067 2337 libro,
1094 2277 1184 2344 qui
1223 2292 1287 2330 cz
1317 2278 1725 2348 interrogatione
1748 2280 2110 2333 resnmsione-

2222 2281 2334 2337 Τοῦ
2368 2280 2560 2337 αὐτοῦ
2597 2280 2669 2336 ἐκ
2710 2280 2820 2337 τοῦ
2858 2281 3011 2336 κατὰ
3063 2280 3287 2337 πεῦσιν
3351 2278 3454 2337 καί
3489 2279 3770 2348 ἀπόκρισιν

1144 2363 1243 2401 σιιε
1269 2360 1497 2402 constat.

2905 2354 3116 2422 λόγου.

604 2438 736 2491 Nam
760 2440 947 2509 genuit
962 2440 1180 2509 quidem
1200 2442 1341 2496 Deus
1359 2458 1420 2497 ac
1436 2443 1594 2497 l’atcr
1614 2442 1807 2499 Filium
1824 2461 1889 2498 cx
1912 2459 2118 2515 seipse,

2297 2442 2603 2514 ιἐγέννηκε
2633 2443 2735 2514 μὲν
2766 2442 2876 2515 γάρ
2900 2447 2927 2498 ὁ
2962 2443 3094 2508 Θεὸς
3124 2444 3219 2499 καὶ
3256 2444 3449 2515 Πατὴρ
3474 2445 3563 2497 τὸν
3590 2442 3703 2497 Υἰὸν
3722 2442 3770 2508 ἐξ

534 2537 893 2598 generalione
924 2550 1051 2588 una.
1090 2534 1361 2589 Ceterum
1393 2536 1594 2606 placuit
1629 2538 1676 2591 ei
1714 2539 2023 2594 instaurare
2059 2542 2113 2593 in

2224 2536 2441 2601 ἑαυτοῦ,
2466 2537 2717 2608 γεννήσει
2740 2539 2843 2609 μιᾷ
2860 2556 2876 2571 ο
2900 2537 3043 2607 πλὴν
3062 2538 3361 2606 εὐδόκησεν
3383 2540 3439 2593 ὲν
3461 2539 3603 2609 αὐτῷ
3622 2540 3674 2592 τὸ
3695 2541 3772 2591 ἁν-

535 2626 653 2693 ipso
670 2641 842 2696 genus
869 2626 1172 2681 humanum
1193 2641 1287 2696 per
1313 2627 1741 2683 incarnationem
1768 2629 1884 2685 sive
1918 2630 2112 2685 huma-

2222 2632 2495 2703 θρώπινον
2523 2631 2805 2687 ἀνασῶσαι
2832 2631 3012 2698 γένος,
3030 2633 3220 2701 τρόπῳ
3254 2624 3340 2703 τῷ
3371 2630 3515 2686 κατά
3542 2631 3634 2702 τὴν
3662 2632 3772 2700 σάρο

537 2721 839 2786 nationem,
895 2735 1060 2790 quam
1102 2722 1330 2777 omnino
1382 2722 1494 2777 ﬁeri
1528 2724 1765 2791 oportuit
1826 2742 1922 2793 per
1979 2726 2120 2780 nati-

2213 2740 2407 2789 κωσιν,
2425 2723 2593 2794 ἦγουν
2615 2723 3050 2795 ὲνανθρώπησιν,
3076 2724 3147 2796 ἢν
3170 2726 3357 2794 πάντη
3380 2742 3440 2778 τε
3465 2724 3557 2779 καὶ
3579 2724 3768 2785 πάντως

535 2812 761 2866 vitate-nt
806 2827 873 2865 ex
916 2814 1184 2878 muliere,
1224 2825 1282 2867 ιιι
1338 2830 1436 2883 per
1479 2815 1890 2873 similitudinem
1950 2833 2113 2886 quam

2212 2817 2467 2886 γενέσθαι
2489 2818 2680 2888 ἐχρῆν,
2696 2816 2786 2871 διὰ
2808 2816 3121 2888 γεννήσεως
3141 2816 3393 2891 δηλονότι
3412 2818 3511 2888 τὴν
3533 2818 3594 2871 ἐκ
3614 2831 3772 2885 γυναι-

548 2908 825 2965 nobiseum
856 2907 1017 2961 habet
1037 2904 1268 2961 Verbum
1295 2919 1365 2959 ex
1397 2903 1507 2959 Deo
1536 2911 1743 2970 ortum,
1785 2903 2118 2961 condemne—

2217 2918 2329 2975 κὸς,
2351 2913 2437 2965 ἶνα
2468 2916 2531 2983 τῇ
2571 2911 2708 2983 πρὸς
2747 2911 2894 2981 ἡμᾶς
2920 2911 3186 2982 ὁμοιώσει
3221 2915 3319 2965 τοῦ
3352 2912 3416 2965 ἐκ
3444 2910 3576 2965 Θεοῦ
3603 2909 3794 2980 φύντος.

549 3010 636 3055 ιιιι·
667 2999 886 3071 quidem
914 2998 966 3053 in
987 2996 1245 3052 membris
1275 2995 1459 3050 carnis
1508 3003 1709 3050 nostra:
1758 2992 1841 3049 lex
1871 2996 2074 3063 peccati
2099 3012 2114 3058 ;
2147 3057 2166 3074 ί

2157 3054 2185 3074 ρ
2216 3004 2413 3071 Λόγου.
2447 3014 2853 3072 γατακρίνηται
2893 3005 2992 3074 μὲν
3024 3005 3082 3057 ὲν
3103 3004 3219 3068 τοῖς
3249 3005 3443 3068 μέλεσι
3472 3004 3568 3073 τῆς
3602 3002 3774 3073 σαρκίς

550 3090 603 3144 in
643 3054 998 3145 similitudine
1032 3095 1213 3143 autem
1241 3084 1433 3141 mortis
1476 3082 1595 3153 ejus
1616 3083 1707 3154 qui
1754 3094 1982 3138 mortem
2008 3099 2114 3138 non
2147 3056 2167 3109 ί

2147 3054 2188 3111 ί
2218 3054 2685 3160 ’ἐῆέδὶεὶοὶρτιέιξδ
2704 3054 2992 3161 agnis
3016 3054 3415 3159 noema
3434 3054 3764 3140 θάψ’ἇτοιῗτοὲ

549 3178 718 3243 novit,
747 3185 1040 3233 evacuetur
1068 3188 1237 3230 mors.
1272 3192 1291 3227 ι
1330 3172 1389 3229 Si
1413 3173 1555 3228 enim
1590 3172 1938 3242 complantati
1990 3172 2117 3228 facti

2228 3182 2302 3253 μὴ
2364 3182 2565 3243 εἰδότος
2622 3180 2786 3235 αὐτὸν
2834 3178 3181 3247 καταργῆται
3231 3176 3483 3240 θάνατος.
3536 3193 3555 3227 ι
3589 3175 3645 3227 Εί
3676 3172 3765 3241 γὰρ

549 3284 757 3334 sumus,
788 3268 986 3338 inquit,
1033 3263 1373 3323 similitudini
1420 3265 1614 3320 mortis
1673 3263 1787 3333 ejus
1820 3280 1832 3316 :
1861 3263 2023 3318 simul
2066 3273 2121 3318 et

2227 3274 2503 3344 σύμφυτοι
2549 3274 2888 3343 γεγόναμεν,
2921 3270 3093 3341 φησι,
3124 3268 3201 3339 τῷ
3233 3268 3542 3339 ὁμοιώματι
3577 3264 3662 3320 τοῦ
3686 3265 3766 3318 θασ

550 3358 931 3415 resurrectioni
963 3357 1166 3411 erimus
1220 3354 1261 3411 ⁸.
1301 3373 1320 3407 ι
1364 3353 1685 3410 Necessario
1714 3355 1897 3422 itaque
1938 3354 1984 3408 is
2029 3354 2119 3422 qui

2222 3365 2383 3419 νάτου
2412 3363 2577 3418 αὑτοῦ
2604 3406 2619 3430 ,
2652 3363 2786 3417 ἀλλά
2816 3362 2909 3415 καὶ
2942 3361 3040 3430 τῆς
3077 3358 3431 3422 ἀναστάσεως
3468 3354 3704 3427 ἐσόμεθα.
3744 3371 3758 3405 ι

547 3464 761 3520 semper
789 3449 1024 3514 exsistit,
1059 3456 1311 3503 natusest
1343 3446 1642 3503 secundum
1667 3462 1909 3511 carnem,
1934 3456 2119 3502 nostra

2224 3455 2430 3509 Οὐκοῦν
2470 3454 2785 3523 ἀναγκαίως
2816 3455 2843 3505 ὁ
2870 3451 2946 3505 ὢν
2984 3451 3077 3505 καὶ
3103 3452 3132 3505 ὁ
3170 3449 3435 3520 ὑπάρχων
3476 3445 3764 3517 γεγέννηται

547 3543 600 3597 in
626 3542 859 3611 seipsum
894 3539 1244 3607 transferens,
1279 3548 1341 3594 ut
1377 3538 1630 3593 nimirum
1660 3539 1933 3608 genimina
1996 3552 2119 3592 car-

2222 3547 2363 3600 κατά
2398 3546 2598 3616 σάρκα,
2629 3544 2700 3598 τά
2733 3543 2892 3615 ἡμῶν
2926 3545 3007 3606 είς
3052 3541 3243 3595 ἑαυτὸν
3273 3540 3547 3612 μεταθεὶς,
3593 3538 3671 3591 ἴνα
3709 3534 3765 3587 τά

548 3634 654 3697 nis,
681 3633 783 3687 hoc
809 3639 910 3695 est,
938 3644 1057 3695 nos,
1083 3628 1415 3697 corruptioni
1446 3628 1843 3698 perditionique
1874 3627 2118 3694 obnoxii,

2228 3638 2432 3709 σαρκὸς
2456 3637 2794 3708 γεννήματα,
2819 3634 3118 3699 τουτέστιν,
3169 3633 3338 3703 ἡμεῖς
3381 3634 3430 3685 oi
3479 3627 3689 3700 φθαρτοί
3716 3640 3764 3678 τε

548 3738 865 3782 maneamus
890 3722 944 3777 in
1000 3722 1138 3792 ipso,
1198 3720 1395 3791 quippe
1437 3720 1551 3789 qui,
1596 3735 1717 3789 qua:
1748 3731 1932 3775 nosua
1969 3730 2114 3787 sunt,

2225 3732 2320 3785 καὶ
2361 3728 2725 3797 ἀπολλύμενοι
2749 3767 2764 3792 ,
2837 3725 3089 3795 μένωμεν
3136 3725 3195 3776 ὲν
3240 3722 3416 3794 αὐτῷ,
3463 3722 3565 3775 ίδια
3604 3716 3766 3772 λοιπὸν

548 3816 765 3887 propria
794 3815 898 3871 sibi
932 3812 1144 3880 fecerit,
1167 3820 1222 3867 et
1249 3826 1349 3867 sua
1376 3811 1553 3867 nobis.
1585 3811 1811 3881 Propter
1840 3827 1940 3868 nos
1970 3813 2113 3867 enim

2224 3820 2398 3891 ἔχοντι
2427 3820 2494 3873 τὰ
2536 3817 2716 3889 ἡμῶν,
2751 3817 2837 3870 ἵνα
2868 3815 2961 3870 καὶ
2999 3816 3159 3886 ἡμεῖς
3206 3811 3276 3867 τά
3312 3811 3499 3867 αὐτοῦ.
3540 3808 3612 3863 Δι’
3640 3808 3763 3879 ἡμᾶς

546 3908 715 3978 eguit,
749 3922 871 3963 cum
923 3912 1071 3961 esset
1126 3904 1306 3970 dives,
1369 3911 1427 3957 ut
1470 3919 1569 3959 nos
1589 3904 1755 3975 ipsius
1777 3904 1953 3972 inopia
1980 3905 2118 3959 dites

2222 3913 2332 3982 γὰρ
2375 3908 2687 3979 ὲπτώχευσε
2719 3909 2973 3969 πλούσιος
3016 3904 3113 3972 ὢν,
3150 3905 3237 3959 ἵνα
3281 3906 3445 3975 ἡμεῖς
3490 3906 3553 3974 τῇ
3584 3901 3762 3954 ἐκείνου

547 3999 902 4055 evaderemus
954 3997 996 4053 ’.
1024 3996 1124 4062 Qui
1150 4010 1280 4051 vero
1332 4003 1585 4050 asserunt
1635 4008 1741 4048 non
1781 3995 1955 4062 ipsum
1988 3993 2120 4048 Ver-

2222 4001 2468 4072 πτωχείᾳ
2494 4000 2906 4070 πλουτήσωμεν.
2936 3987 3240 4073 Φάσκοντές
3263 4012 3331 4063 γε
3357 3995 3482 4066 μὴν,
3509 3993 3603 4046 οὑκ
3625 3988 3762 4044 αὐτὸν

548 4093 674 4146 bum
705 4105 769 4145 ex
793 4089 904 4145 Deo
936 4088 1139 4143 factum
1166 4101 1285 4143 esse
1313 4101 1531 4142 carnem
1548 4100 1613 4140 ex
1641 4084 1885 4151 muliere,
1902 4100 2117 4140 omnem

2218 4093 2470 4163 γενέσθαι
2508 4092 2687 4161 σάρκα
2726 4090 2818 4146 τὸν
2850 4092 2915 4143 ὲκ
2956 4088 3093 4142 Θεοῦ
3136 4086 3334 4155 Λόγον,
3372 4086 3487 4157 ἦτοι
3536 4083 3760 4151 γέννησιν

548 4182 962 4238 salutisnostra:
1007 4179 1473 4249 dispensationem
1525 4176 1740 4233 tollunt.
1797 4176 1912 4231 Nisi
1970 4177 2116 4230 enim

2223 4185 2515 4255 ὑπομεῖναι
2548 4183 2647 4253 τὴν
2681 4181 2823 4236 κατά
2864 4184 3044 4253 σάρκα
3093 4181 3156 4231 ἐκ
3196 4177 3472 4247 γυναικὸς,
3514 4169 3759 4242 ἀναιροῦσι

550 4276 702 4329 dives
731 4288 851 4328 cum
882 4281 1027 4327 esset
1053 4271 1344 4340 eguit,pr2e
1367 4271 1629 4324 immensa
1661 4282 1756 4323 sua
1785 4267 2118 4337 benignitate

2222 4276 2320 4347 τὴν
2352 4274 2686 4345 οίκονομίαν.
2727 4275 2790 4326 Ei
2822 4274 2931 4345 γὰρ
2963 4273 3037 4344 μὴ
3065 4270 3320 4334 πλούσιος
3352 4266 3428 4323 ὢν
3466 4266 3758 4335 ἐπτώχευσεν

551 4379 612 4419 se
650 4362 718 4417 ad
748 4370 932 4417 nostra
950 4360 1264 4427 demittens,
1297 4374 1365 4415 ne
1394 4374 1489 4413 nos
1526 4357 1745 4428 quidem
1775 4372 1895 4426 quae
1948 4356 2118 4426 ipsius
2150 4391 2168 4446 1

2150 4391 2194 4446 D
2224 4366 2412 4430 καθεὶς
2443 4365 2634 4419 ἑαυτὸν
2661 4368 2773 4428 τοῖς
2805 4365 2924 4418 καθ’
2954 4364 3099 4435 ἡμᾶς
3124 4365 3191 4417 ὲκ
3216 4359 3634 4432 φιλανθρωπίας,
3662 4350 3758 4446 οὐδέ

551 4464 677 4510 sunt
699 4451 976 4510 consecuti
1004 4466 1189 4508 sumus
1219 4469 1232 4505 :
1258 4452 1349 4506 sed
1380 4450 1553 4507 adhuc
1578 4450 1632 4504 in
1665 4449 1831 4504 veteri
1880 4458 2121 4519 egestate
2152 4442 2168 4446 ’

2152 4442 2181 4446 ﬁ
2226 4460 2388 4530 ⁴ἡμεῖς
2431 4458 2499 4512 τὰ
2532 4456 2698 4511 αὐτοῦ
2748 4457 3228 4527 πεπλουτήκαμεν,
3276 4452 3392 4510 ἀλλ’
3425 4451 3582 4523 ἐσμὲν
3616 4450 3667 4501 ὲν
3698 4442 3758 4512 τῷ

552 4560 857 4610 versamur,
909 4542 1383 4610 exsecrationique
1437 4550 1494 4596 et
1549 4539 1718 4596 morti
1769 4555 1831 4595 ac
1896 4550 2119 4609 peccato

2224 4549 2522 4620 πτωχεύειν
2577 4547 2659 4604 ἔτι
2709 4550 2804 4604 καὶ
2849 4549 2959 4620 ἀρᾷ
3008 4548 3105 4602 καὶ
3150 4547 3365 4617 θανάτῳ
3414 4547 3504 4598 καὶ
3549 4536 3758 4609 ἁμαρτίᾳ

550 4635 772 4692 obnoxii
796 4648 1005 4691 sumus.
1055 4632 1189 4688 Nam
1242 4647 1308 4688 eo
1368 4631 1483 4702 ipso
1541 4633 1684 4701 quod
1726 4631 1959 4688 Verbum
1994 4647 2122 4689 caro

2224 4641 2591 4712 ὲνισχημένοι.
2624 4641 2699 4694 Τὸ
2731 4639 2925 4711 γάρτοι
2974 4638 3225 4707 γενέσθαι
3257 4639 3437 4709 σάρκα
3480 4636 3567 4688 τὸν
3596 4632 3757 4698 Λόγον.

552 4737 892 4795 tactum/est,
917 4726 1126 4783 sublata
1154 4733 1280 4780 sunt
1316 4739 1379 4781 ea
1410 4740 1531 4794 qua:
1551 4739 1617 4779 ex
1653 4725 2034 4781 maledictione
2065 4735 2122 4779 et

2229 4734 2382 4787 λύσιν
2420 4733 2533 4804 ἔχει
2562 4733 2656 4787 καὶ
2685 4731 2999 4803 ἀνατροπὴν
3030 4731 3138 4783 τῶν
3164 4728 3225 4794 ἐξ
3251 4730 3390 4801 ἀρᾶς
3414 4729 3506 4781 καὶ
3532 4726 3672 4794 δίκης
3705 4720 3757 4789 τῇ

550 4820 1003 4878 condemnatione
1038 4820 1289 4873 humanm
1314 4826 1523 4872 natura:
1580 4816 1912 4872 acciderant.
1973 4815 2121 4883 Quo-

2227 4825 2322 4878 τοῦ
2381 4823 2667 4896 ἀνθρώπου
2724 4824 2885 4894 φύσει
2936 4821 3382 4893 συμϐεϐηκότων.
3438 4816 3663 4880 Οὐκοῦν,
3719 4810 3757 4863 εΙ

549 4913 701 4966 circa
735 4912 779 4967 si
807 4909 1000 4966 salutis
1026 4919 1227 4964 nostrae
1259 4908 1517 4963 radicem‘
1537 4909 1866 4973 convellunt,
1922 4917 1971 4962 et
2005 4908 2118 4977 spei

2228 4915 2651 4986 ἀναὸοθρεύουσι
2681 4917 2780 4985 τῆς
2825 4915 3100 4986 σωτηρίας
3133 4912 3287 4984 ήμῶν
3330 4911 3427 4982 τὴν
3474 4908 3649 4979 ῥίζαν,
3685 4898 3804 4981 καῒχ

551 5015 750 5059 nostrae
769 5003 1177 5058 fundamentum
1235 5002 1576 5065 subvertunt,
1602 5000 1730 5071 quid
1781 5000 2032 5069 deinceps
2060 4999 2125 5053 de

2229 5006 2321 5060 τὸν
2362 5004 2461 5077 τῆς
2495 5004 2708 5069 ἐλπίδος
2743 5004 2992 5076 θεμέλιον
3026 5002 3408 5075 ἀνορύττουσι,
3441 5000 3536 5054 ποῦ
3564 4998 3626 5050 τὰ
3661 4994 3758 5065 μετ’

553 5096 706 5150 nobis
733 5093 858 5148 (let?
902 5092 1034 5147 Nam
1061 5094 1104 5147 si
1136 5092 1372 5148 Verbum
1403 5107 1534 5148 caro
1566 5092 1763 5146 factum
1791 5107 1897 5146 non
1930 5101 2045 5154 est,
2066 5097 2125 5145 ut

2230 5096 2391 5150 αὐτὸν
2440 5096 2520 5149 ἔτι
2572 5096 2847 5162 κείσεται;
2899 5097 2974 5150 Οὐ
3021 5097 3127 5167 γὰρ
3170 5096 3469 5165 γεγονότος,
3517 5091 3587 5153 ὡς
3624 5086 3752 5154 ἔφηνε

551 5187 683 5248 dixi,
719 5200 785 5241 ne
814 5185 1004 5239 mortis
1038 5184 1253 5253 quidem
1304 5182 1588 5252 imperium
1622 5194 1907 5235 excussum
1932 5188 2033 5241 est,
2064 5188 2118 5233 et

2231 5187 2431 5260 σαρκὸς
2462 5186 2556 5240 τοῦ
2585 5188 2784 5257 Λόγου,
2810 5186 2933 5241 οὔτε
2969 5185 3063 5241 τοῦ
3115 5188 3343 5241 θανάτου
3380 5177 3676 5245 κατεσείσθη
3709 5172 3756 5225 τὸ

551 5288 829 5345 peccatum
883 5275 1022 5330 nulla
1045 5276 1251 5328 ratione
1286 5274 1543 5328 abolitum
1584 5272 1765 5337 fuerit,
1814 5272 1906 5328 sed
1952 5271 2127 5326 adhuc

2226 5279 2449 5349 κράτος,
2484 5279 2831 5349 κατήργηται
2870 5276 2929 5329 δὲ
2960 5278 3079 5330 κατ’
3109 5277 3301 5330 οὐδένα
3330 5271 3573 5346 τρόπονή
3602 5268 3748 5335 ἁμαρ-

550 5369 716 5437 primi
740 5368 999 5440 parentis,
1037 5368 1137 5421 hoc
1165 5375 1267 5433 est,
1294 5365 1508 5429 Adami,
1544 5362 1974 5434 prtevaricationi
2028 5363 2122 5417 ob-

2226 5368 2334 5433 τίοι,
2381 5366 2476 5423 καὶ
2525 5367 2694 5440 ἐσμὲν
2736 5367 2823 5421 ἔτι
2862 5369 2986 5432 ταῖς
3025 5367 3118 5422 τοῦ
3157 5367 3374 5439 πρώτου
3423 5360 3752 5433 παραϐάσεσιν

551 5462 697 5516 noxii
731 5477 937 5523 sumus,
987 5473 1158 5526 neque
1190 5457 1242 5510 in
1302 5455 1575 5509 meliorem
1624 5463 1823 5509 statum
1884 5453 2123 5508 translati

2229 5456 2440 5527 ἔνοχοι,
2509 5458 2787 5516 τουτέστιν
2845 5460 3057 5533 Ἀδὰμ,
3117 5461 3372 5535 οὐδεμίαν
3440 5452 3749 5523 ὰναφοὶτησιν

543 5555 734 5594 sumus
761 5578 777 5603 ,
816 5556 909 5609 per
937 5537 1215 5595 Christum
1242 5576 1258 5605 ,
1303 5533 1529 5606 inquam
1557 5571 1575 5601 ,
1623 5537 1869 5591 omnium
1920 5536 2115 5592 Serva-

2228 5536 2443 5609 ἓχοντες
2474 5539 2555 5602 είς
2585 5540 2646 5594 τὺ
2675 5540 2921 5611 ἄμεινον,
2954 5544 3052 5618 τὴν
3074 5544 3166 5601 διά
3198 5533 3261 5617 γέ
3290 5559 3427 5616 φημι
3454 5538 3539 5596 τοῦ
3568 5535 3752 5594 πάντων

545 5637 741 5684 torem.

2232 5629 2389 5699 ἡμῶν
2421 5631 2673 5703 Σωτῆρος
2707 5633 2966 5704 Χριστοῦ.

623 5810 637 5842 ⁸
665 5809 823 5861 Rem.
852 5824 928 5873 vr,
965 5808 1019 5861 5.
1095 5811 1114 5841 ¹
1144 5809 1183 5862 ll
1213 5808 1340 5865 Cor.
1365 5824 1483 5873 vm,
1510 5808 1560 5863 9.
