  <div class='ocr_page' id='page_1' title='image "/cluster/home/n/w/nwhite01/storage/ocr_20150623/130/mdp.39015078384255/488.png"; bbox 0 0 4070 6290; ppageno 0'>
   <div class='ocr_carea' id='block_1_1' title="bbox 373 400 470 464">
    <p class='ocr_par' dir='ltr' id='par_1_1' title="bbox 373 400 470 464">
     <span class='ocr_line' id='line_1_1' title="bbox 373 400 470 464; baseline 0.031 -3"><span class='ocrx_word' id='word_1_1' title='bbox 373 400 470 464; x_wconf 84' lang='grc'><strong>961</strong></span> 
     </span>
    </p>
   </div>
   <div class='ocr_carea' id='block_1_2' title="bbox 444 523 1001 602">
    <p class='ocr_par' dir='ltr' id='par_1_2' title="bbox 444 523 1001 602">
     <span class='ocr_line' id='line_1_2' title="bbox 444 523 1001 602; baseline 0.013 -26"><span class='ocrx_word' id='word_1_2' title='bbox 444 523 505 577; x_wconf 87' lang='grc' dir='ltr'><strong>Β.</strong></span> <span class='ocrx_word' id='word_1_3' title='bbox 537 524 774 598; x_wconf 83' lang='grc' dir='ltr'>Συνίημι</span> <span class='ocrx_word' id='word_1_4' title='bbox 807 527 836 583; x_wconf 85' lang='lat'><strong>6</strong></span> <span class='ocrx_word' id='word_1_5' title='bbox 876 529 1001 602; x_wconf 81' lang='grc' dir='ltr'><strong>φής.</strong></span> 
     </span>
    </p>
   </div>
   <div class='ocr_carea' id='block_1_3' title="bbox 443 617 1951 712">
    <p class='ocr_par' dir='ltr' id='par_1_3' title="bbox 443 617 1951 712">
     <span class='ocr_line' id='line_1_3' title="bbox 443 617 1951 712; baseline 0.019 -46"><span class='ocrx_word' id='word_1_6' title='bbox 443 617 504 668; x_wconf 79' lang='grc' dir='ltr'><strong>Α.</strong></span> <span class='ocrx_word' id='word_1_7' title='bbox 677 617 723 672; x_wconf 86' lang='grc' dir='ltr'>δ’</span> <span class='ocrx_word' id='word_1_8' title='bbox 751 619 818 674; x_wconf 83' lang='grc' dir='ltr'>ἂν</span> <span class='ocrx_word' id='word_1_9' title='bbox 847 623 942 676; x_wconf 79' lang='grc' dir='ltr'>καὶ</span> <span class='ocrx_word' id='word_1_10' title='bbox 995 626 1166 679; x_wconf 80' lang='grc' dir='ltr'>νοοῖτο</span> <span class='ocrx_word' id='word_1_11' title='bbox 1213 627 1353 702; x_wconf 84' lang='grc' dir='ltr'>πρὸς</span> <span class='ocrx_word' id='word_1_12' title='bbox 1390 633 1548 704; x_wconf 84' lang='grc' dir='ltr'>ἡμῶν</span> <span class='ocrx_word' id='word_1_13' title='bbox 1582 637 1610 690; x_wconf 91' lang='lat'><strong>6</strong></span> <span class='ocrx_word' id='word_1_14' title='bbox 1660 640 1951 712; x_wconf 83' lang='grc' dir='ltr'>παραπλη-</span> 
     </span>
    </p>
   </div>
   <div class='ocr_carea' id='block_1_4' title="bbox 370 704 1952 799">
    <p class='ocr_par' dir='ltr' id='par_1_4' title="bbox 370 704 1952 799">
     <span class='ocr_line' id='line_1_4' title="bbox 370 704 1952 799; baseline 0.019 -43"><span class='ocrx_word' id='word_1_15' title='bbox 370 704 503 770; x_wconf 87' lang='grc' dir='ltr'>σίως</span> <span class='ocrx_word' id='word_1_16' title='bbox 533 710 666 779; x_wconf 77' lang='grc' dir='ltr'>ἡμῖν</span> <span class='ocrx_word' id='word_1_17' title='bbox 697 715 1052 786; x_wconf 88' lang='grc' dir='ltr'>μετεσχηκὼς</span> <span class='ocrx_word' id='word_1_18' title='bbox 1094 713 1326 790; x_wconf 81' lang='grc' dir='ltr'>αἵματος</span> <span class='ocrx_word' id='word_1_19' title='bbox 1349 723 1441 778; x_wconf 80' lang='grc' dir='ltr'><strong>καί</strong></span> <span class='ocrx_word' id='word_1_20' title='bbox 1473 728 1693 799; x_wconf 85' lang='grc' dir='ltr'>σαρκὸς,</span> <span class='ocrx_word' id='word_1_21' title='bbox 1731 704 1806 794; x_wconf 67' lang='grc' dir='ltr'>ὧς</span> <span class='ocrx_word' id='word_1_22' title='bbox 1835 704 1952 785; x_wconf 68' lang='grc' dir='ltr'><strong>ετέ-</strong></span> 
     </span>
    </p>
   </div>
   <div class='ocr_carea' id='block_1_5' title="bbox 373 799 1952 893">
    <p class='ocr_par' dir='ltr' id='par_1_5' title="bbox 373 799 1952 893">
     <span class='ocr_line' id='line_1_5' title="bbox 373 799 1952 893; baseline 0.017 -43"><span class='ocrx_word' id='word_1_23' title='bbox 373 799 570 893; x_wconf 24' lang='grc' dir='ltr'>ροςᾼῶν</span> <span class='ocrx_word' id='word_1_24' title='bbox 606 804 735 893; x_wconf 82' lang='grc' dir='ltr'>παρ’</span> <span class='ocrx_word' id='word_1_25' title='bbox 766 805 912 875; x_wconf 78' lang='grc' dir='ltr'>ἡμᾶς</span> <span class='ocrx_word' id='word_1_26' title='bbox 946 808 1088 862; x_wconf 83' lang='grc' dir='ltr'>κατὰ</span> <span class='ocrx_word' id='word_1_27' title='bbox 1123 812 1317 880; x_wconf 80' lang='grc' dir='ltr'>φύσιν;</span> <span class='ocrx_word' id='word_1_28' title='bbox 1347 814 1420 869; x_wconf 82' lang='grc' dir='ltr'><strong>Οὐ</strong></span> <span class='ocrx_word' id='word_1_29' title='bbox 1447 817 1557 890; x_wconf 88' lang='grc' dir='ltr'><strong>γάρ</strong></span> <span class='ocrx_word' id='word_1_30' title='bbox 1586 836 1668 872; x_wconf 89' lang='grc' dir='ltr'><strong>τοι</strong></span> <span class='ocrx_word' id='word_1_31' title='bbox 1704 825 1838 893; x_wconf 87' lang='grc' dir='ltr'>φαίη</span> <span class='ocrx_word' id='word_1_32' title='bbox 1868 841 1952 886; x_wconf 90' lang='grc' dir='ltr'><strong>τις</strong></span> 
     </span>
    </p>
   </div>
   <div class='ocr_carea' id='block_1_6' title="bbox 369 887 1948 983">
    <p class='ocr_par' dir='ltr' id='par_1_6' title="bbox 369 887 1948 983">
     <span class='ocr_line' id='line_1_6' title="bbox 369 887 1948 983; baseline 0.016 -42"><span class='ocrx_word' id='word_1_33' title='bbox 369 887 439 941; x_wconf 81' lang='grc' dir='ltr'><strong>ἂν</strong></span> <span class='ocrx_word' id='word_1_34' title='bbox 465 889 739 964; x_wconf 82' lang='grc' dir='ltr'><strong>ἀνθρώπῳ</strong></span> <span class='ocrx_word' id='word_1_35' title='bbox 771 895 1025 966; x_wconf 79' lang='grc' dir='ltr'><strong>πρέπειν,</strong></span> <span class='ocrx_word' id='word_1_36' title='bbox 1075 899 1132 953; x_wconf 90' lang='grc' dir='ltr'><strong>τὸ</strong></span> <span class='ocrx_word' id='word_1_37' title='bbox 1180 887 1596 978; x_wconf 78' lang='grc' dir='ltr'>ἀνθρωπότητος</span> <span class='ocrx_word' id='word_1_38' title='bbox 1639 887 1948 983; x_wconf 52' lang='grc' dir='ltr'>μετασγεῖν.</span> 
     </span>
    </p>
   </div>
   <div class='ocr_carea' id='block_1_7' title="bbox 377 982 1949 1070">
    <p class='ocr_par' dir='ltr' id='par_1_7' title="bbox 377 982 1949 1070">
     <span class='ocr_line' id='line_1_7' title="bbox 377 982 1949 1070; baseline 0.017 -38"><span class='ocrx_word' id='word_1_39' title='bbox 377 982 446 1033; x_wconf 86' lang='grc' dir='ltr'><strong>Ὅ</strong></span> <span class='ocrx_word' id='word_1_40' title='bbox 474 984 583 1052; x_wconf 86' lang='grc' dir='ltr'><strong>γάρ</strong></span> <span class='ocrx_word' id='word_1_41' title='bbox 628 985 744 1038; x_wconf 72' lang='grc' dir='ltr'>ἐστι</span> <span class='ocrx_word' id='word_1_42' title='bbox 791 989 930 1042; x_wconf 74' lang='grc' dir='ltr'>κατὰ</span> <span class='ocrx_word' id='word_1_43' title='bbox 973 991 1154 1060; x_wconf 80' lang='grc' dir='ltr'>φύσιν,</span> <span class='ocrx_word' id='word_1_44' title='bbox 1186 994 1302 1058; x_wconf 79' lang='grc' dir='ltr'><strong>πῶς</strong></span> <span class='ocrx_word' id='word_1_45' title='bbox 1332 997 1397 1051; x_wconf 79' lang='grc' dir='ltr'>ἄν</span> <span class='ocrx_word' id='word_1_46' title='bbox 1425 1015 1508 1062; x_wconf 85' lang='grc' dir='ltr'><strong>τις</strong></span> <span class='ocrx_word' id='word_1_47' title='bbox 1541 1004 1712 1054; x_wconf 78' lang='grc' dir='ltr'><strong>νοοῖτο</strong></span> <span class='ocrx_word' id='word_1_48' title='bbox 1745 982 1949 1070; x_wconf 66' lang='grc' dir='ltr'>λαϐὼν,</span> 
     </span>
    </p>
   </div>
   <div class='ocr_carea' id='block_1_8' title="bbox 369 1072 1953 1161">
    <p class='ocr_par' dir='ltr' id='par_1_8' title="bbox 369 1072 1953 1161">
     <span class='ocr_line' id='line_1_8' title="bbox 369 1072 1953 1161; baseline 0.016 -37"><span class='ocrx_word' id='word_1_49' title='bbox 369 1072 448 1134; x_wconf 79' lang='grc' dir='ltr'>ὡς</span> <span class='ocrx_word' id='word_1_50' title='bbox 495 1075 680 1146; x_wconf 78' lang='grc' dir='ltr'>ἕτερον</span> <span class='ocrx_word' id='word_1_51' title='bbox 722 1078 781 1132; x_wconf 82' lang='grc' dir='ltr'><strong>δν</strong></span> <span class='ocrx_word' id='word_1_52' title='bbox 825 1098 878 1133; x_wconf 90' lang='grc' dir='ltr'><strong>τι</strong></span> <span class='ocrx_word' id='word_1_53' title='bbox 913 1085 1042 1155; x_wconf 87' lang='grc' dir='ltr'>παρ’</span> <span class='ocrx_word' id='word_1_54' title='bbox 1082 1089 1220 1157; x_wconf 80' lang='grc' dir='ltr'>ὅπερ</span> <span class='ocrx_word' id='word_1_55' title='bbox 1260 1090 1435 1155; x_wconf 76' lang='grc' dir='ltr'>ἐστίνς</span> <span class='ocrx_word' id='word_1_56' title='bbox 1465 1087 1590 1161; x_wconf 67' lang='grc' dir='ltr'><strong>Ἆρ’</strong></span> <span class='ocrx_word' id='word_1_57' title='bbox 1629 1095 1688 1146; x_wconf 82' lang='grc' dir='ltr'>οὐ</span> <span class='ocrx_word' id='word_1_58' title='bbox 1731 1096 1866 1148; x_wconf 79' lang='grc' dir='ltr'>πολὺ</span> <span class='ocrx_word' id='word_1_59' title='bbox 1895 1098 1953 1149; x_wconf 85' lang='grc' dir='ltr'><strong>τὸ</strong></span> 
     </span>
    </p>
   </div>
   <div class='ocr_carea' id='block_1_9' title="bbox 370 1168 931 1245">
    <p class='ocr_par' dir='ltr' id='par_1_9' title="bbox 370 1168 931 1245">
     <span class='ocr_line' id='line_1_9' title="bbox 370 1168 931 1245; baseline 0.016 -27"><span class='ocrx_word' id='word_1_60' title='bbox 370 1168 521 1232; x_wconf 86' lang='grc' dir='ltr'>εἰκὸς</span> <span class='ocrx_word' id='word_1_61' title='bbox 547 1171 575 1222; x_wconf 89' lang='lat'><strong>6</strong></span> <span class='ocrx_word' id='word_1_62' title='bbox 606 1170 760 1241; x_wconf 81' lang='grc' dir='ltr'><strong>λόγος</strong></span> <span class='ocrx_word' id='word_1_63' title='bbox 793 1173 931 1245; x_wconf 73' lang='grc' dir='ltr'>ἔχεις</span> 
     </span>
    </p>
   </div>
   <div class='ocr_carea' id='block_1_10' title="bbox 444 1346 978 1419">
    <p class='ocr_par' dir='ltr' id='par_1_10' title="bbox 444 1346 978 1419">
     <span class='ocr_line' id='line_1_10' title="bbox 444 1346 978 1419; baseline 0.017 -21"><span class='ocrx_word' id='word_1_64' title='bbox 444 1347 504 1400; x_wconf 89' lang='grc' dir='ltr'><strong>Β.</strong></span> <span class='ocrx_word' id='word_1_65' title='bbox 547 1347 697 1402; x_wconf 87' lang='grc' dir='ltr'><strong>Πάνυ</strong></span> <span class='ocrx_word' id='word_1_66' title='bbox 735 1351 832 1419; x_wconf 81' lang='grc' dir='ltr'><strong>μὲν</strong></span> <span class='ocrx_word' id='word_1_67' title='bbox 865 1346 978 1407; x_wconf 83' lang='grc' dir='ltr'>οὖν.</span> 
     </span>
    </p>
   </div>
   <div class='ocr_carea' id='block_1_11' title="bbox 441 1425 2000 1520">
    <p class='ocr_par' dir='ltr' id='par_1_11' title="bbox 441 1425 2000 1520">
     <span class='ocr_line' id='line_1_11' title="bbox 441 1425 2000 1520; baseline 0.012 -28"><span class='ocrx_word' id='word_1_68' title='bbox 441 1440 506 1493; x_wconf 77' lang='grc' dir='ltr'><strong>Α.</strong></span> <span class='ocrx_word' id='word_1_69' title='bbox 545 1440 816 1512; x_wconf 79' lang='grc' dir='ltr'>Ἀθρειδὲ</span> <span class='ocrx_word' id='word_1_70' title='bbox 849 1443 912 1514; x_wconf 87' lang='grc' dir='ltr'>δὴ</span> <span class='ocrx_word' id='word_1_71' title='bbox 954 1445 1047 1499; x_wconf 79' lang='grc' dir='ltr'>καὶ</span> <span class='ocrx_word' id='word_1_72' title='bbox 1097 1447 1320 1520; x_wconf 80' lang='grc' dir='ltr'>ἑτέρως,</span> <span class='ocrx_word' id='word_1_73' title='bbox 1359 1450 1436 1514; x_wconf 84' lang='grc' dir='ltr'>ὡς</span> <span class='ocrx_word' id='word_1_74' title='bbox 1484 1451 1701 1508; x_wconf 84' lang='grc' dir='ltr'>ἀνόσιόν</span> <span class='ocrx_word' id='word_1_75' title='bbox 1731 1456 1790 1510; x_wconf 88' lang='grc' dir='ltr'><strong>τέ</strong></span> <span class='ocrx_word' id='word_1_76' title='bbox 1839 1459 1954 1510; x_wconf 79' lang='grc' dir='ltr'>ἐστι</span> <span class='ocrx_word' id='word_1_77' title='bbox 1994 1425 2000 1428; x_wconf 62' lang='grc'><em>’</em></span> 
     </span>
    </p>
   </div>
   <div class='ocr_carea' id='block_1_12' title="bbox 372 1533 1952 1622">
    <p class='ocr_par' dir='ltr' id='par_1_12' title="bbox 372 1533 1952 1622">
     <span class='ocr_line' id='line_1_12' title="bbox 372 1533 1952 1622; baseline 0.014 -37"><span class='ocrx_word' id='word_1_78' title='bbox 372 1533 468 1586; x_wconf 76' lang='grc' dir='ltr'>καὶ</span> <span class='ocrx_word' id='word_1_79' title='bbox 507 1536 745 1607; x_wconf 73' lang='grc' dir='ltr'>ἀπηχὲς.</span> <span class='ocrx_word' id='word_1_80' title='bbox 777 1539 840 1592; x_wconf 85' lang='grc' dir='ltr'><strong>τὸ</strong></span> <span class='ocrx_word' id='word_1_81' title='bbox 868 1541 1114 1614; x_wconf 80' lang='grc' dir='ltr'><strong>ἀναιρεῖν</strong></span> <span class='ocrx_word' id='word_1_82' title='bbox 1149 1545 1445 1616; x_wconf 78' lang='grc' dir='ltr'>πειρᾶσθαι</span> <span class='ocrx_word' id='word_1_83' title='bbox 1475 1549 1569 1603; x_wconf 87' lang='grc' dir='ltr'><strong>τοῦ</strong></span> <span class='ocrx_word' id='word_1_84' title='bbox 1602 1551 1738 1604; x_wconf 83' lang='grc' dir='ltr'>Θεοῦ</span> <span class='ocrx_word' id='word_1_85' title='bbox 1777 1554 1952 1622; x_wconf 84' lang='grc' dir='ltr'>Λόγου</span> 
     </span>
    </p>
   </div>
   <div class='ocr_carea' id='block_1_13' title="bbox 370 1624 1955 1716">
    <p class='ocr_par' dir='ltr' id='par_1_13' title="bbox 370 1624 1955 1716">
     <span class='ocr_line' id='line_1_13' title="bbox 370 1624 1955 1716; baseline 0.016 -41"><span class='ocrx_word' id='word_1_86' title='bbox 370 1624 472 1693; x_wconf 80' lang='grc' dir='ltr'>τὴν</span> <span class='ocrx_word' id='word_1_87' title='bbox 529 1627 592 1678; x_wconf 80' lang='grc' dir='ltr'>ὲκ</span> <span class='ocrx_word' id='word_1_88' title='bbox 625 1630 882 1695; x_wconf 87' lang='grc' dir='ltr'>γυναικὸς</span> <span class='ocrx_word' id='word_1_89' title='bbox 941 1634 1084 1688; x_wconf 73' lang='grc' dir='ltr'>κατὰ</span> <span class='ocrx_word' id='word_1_90' title='bbox 1140 1635 1320 1708; x_wconf 81' lang='grc' dir='ltr'>σάρκα</span> <span class='ocrx_word' id='word_1_91' title='bbox 1365 1640 1638 1711; x_wconf 80' lang='grc' dir='ltr'>γέννησιν.</span> <span class='ocrx_word' id='word_1_92' title='bbox 1693 1642 1812 1697; x_wconf 83' lang='grc' dir='ltr'><strong>Τίνι</strong></span> <span class='ocrx_word' id='word_1_93' title='bbox 1846 1646 1955 1716; x_wconf 77' lang='grc' dir='ltr'><strong>γὰρ</strong></span> 
     </span>
    </p>
   </div>
   <div class='ocr_carea' id='block_1_14' title="bbox 1313 422 2629 499">
    <p class='ocr_par' dir='ltr' id='par_1_14' title="bbox 1313 422 2629 499">
     <span class='ocr_line' id='line_1_14' title="bbox 1313 422 2629 499; baseline 0.013 -17"><span class='ocrx_word' id='word_1_94' title='bbox 1313 422 1688 485; x_wconf 75' lang='lat' dir='ltr'><strong>PANOPLIA</strong></span> <span class='ocrx_word' id='word_1_95' title='bbox 1729 426 2187 497; x_wconf 78' lang='lat' dir='ltr'><strong>DOGMATICA.</strong></span> <span class='ocrx_word' id='word_1_96' title='bbox 2220 459 2289 470; x_wconf 90' lang='grc'><strong>·-</strong></span> <span class='ocrx_word' id='word_1_97' title='bbox 2323 435 2473 495; x_wconf 85' lang='grc' dir='ltr'><strong>ΊῚΤ.</strong></span> <span class='ocrx_word' id='word_1_98' title='bbox 2509 437 2629 499; x_wconf 77' lang='lat' dir='ltr'><strong>XV.</strong></span> 
     </span>
    </p>
   </div>
   <div class='ocr_carea' id='block_1_15' title="bbox 3526 439 3630 505">
    <p class='ocr_par' dir='ltr' id='par_1_15' title="bbox 3526 439 3630 505">
     <span class='ocr_line' id='line_1_15' title="bbox 3526 439 3630 505; baseline 0.029 -8"><span class='ocrx_word' id='word_1_99' title='bbox 3526 439 3630 505; x_wconf 66' lang='lat'><strong>9‘52</strong></span> 
     </span>
    </p>
   </div>
   <div class='ocr_carea' id='block_1_16' title="bbox 1985 547 2810 626">
    <p class='ocr_par' dir='ltr' id='par_1_16' title="bbox 1985 547 2810 626">
     <span class='ocr_line' id='line_1_16' title="bbox 1985 547 2810 626; baseline 0.006 -23"><span class='ocrx_word' id='word_1_100' title='bbox 1985 547 2036 611; x_wconf 77' lang='grc' dir='ltr'>Α</span> <span class='ocrx_word' id='word_1_101' title='bbox 2130 549 2190 604; x_wconf 89' lang='grc' dir='ltr'><strong>Β.</strong></span> <span class='ocrx_word' id='word_1_102' title='bbox 2220 551 2471 625; x_wconf 84' lang='lat' dir='ltr'><strong>Intelligo</strong></span> <span class='ocrx_word' id='word_1_103' title='bbox 2494 556 2623 626; x_wconf 87' lang='lat' dir='ltr'><strong>quid</strong></span> <span class='ocrx_word' id='word_1_104' title='bbox 2654 555 2810 610; x_wconf 72' lang='lat' dir='ltr'><strong>velis.</strong></span> 
     </span>
    </p>
   </div>
   <div class='ocr_carea' id='block_1_17' title="bbox 2122 645 3631 722">
    <p class='ocr_par' dir='ltr' id='par_1_17' title="bbox 2122 645 3631 722">
     <span class='ocr_line' id='line_1_17' title="bbox 2122 645 3631 722; baseline 0.005 -22"><span class='ocrx_word' id='word_1_105' title='bbox 2122 645 2188 700; x_wconf 87' lang='lat' dir='ltr'><strong>A.</strong></span> <span class='ocrx_word' id='word_1_106' title='bbox 2228 647 2361 713; x_wconf 87' lang='lat' dir='ltr'><strong>Quis</strong></span> <span class='ocrx_word' id='word_1_107' title='bbox 2388 663 2514 703; x_wconf 83' lang='lat' dir='ltr'><strong>vero</strong></span> <span class='ocrx_word' id='word_1_108' title='bbox 2547 650 2878 721; x_wconf 85' lang='lat' dir='ltr'><strong>intelligatur</strong></span> <span class='ocrx_word' id='word_1_109' title='bbox 2911 666 2938 706; x_wconf 84' lang='lat' dir='ltr'><strong>a</strong></span> <span class='ocrx_word' id='word_1_110' title='bbox 2972 652 3126 706; x_wconf 90' lang='lat' dir='ltr'><strong>nobis</strong></span> <span class='ocrx_word' id='word_1_111' title='bbox 3153 653 3242 722; x_wconf 88' lang='lat' dir='ltr'><strong>qtti</strong></span> <span class='ocrx_word' id='word_1_112' title='bbox 3276 655 3499 722; x_wconf 81' lang='lat' dir='ltr'><strong>perinde</strong></span> <span class='ocrx_word' id='word_1_113' title='bbox 3550 663 3631 708; x_wconf 89' lang='lat' dir='ltr'><strong>at-</strong></span> 
     </span>
    </p>
   </div>
   <div class='ocr_carea' id='block_1_18' title="bbox 2053 739 3626 812">
    <p class='ocr_par' dir='ltr' id='par_1_18' title="bbox 2053 739 3626 812">
     <span class='ocr_line' id='line_1_18' title="bbox 2053 739 3626 812; baseline 0.004 -24"><span class='ocrx_word' id='word_1_114' title='bbox 2053 752 2156 806; x_wconf 92' lang='lat' dir='ltr'><strong>que</strong></span> <span class='ocrx_word' id='word_1_115' title='bbox 2181 753 2277 792; x_wconf 92' lang='lat' dir='ltr'><strong>nos</strong></span> <span class='ocrx_word' id='word_1_116' title='bbox 2303 739 2583 808; x_wconf 83' lang='lat' dir='ltr'><strong>sanguinis</strong></span> <span class='ocrx_word' id='word_1_117' title='bbox 2635 757 2698 794; x_wconf 86' lang='lat' dir='ltr'><strong>ac</strong></span> <span class='ocrx_word' id='word_1_118' title='bbox 2757 742 2941 796; x_wconf 81' lang='lat' dir='ltr'><strong>carnis</strong></span> <span class='ocrx_word' id='word_1_119' title='bbox 2981 743 3248 812; x_wconf 89' lang='lat' dir='ltr'><strong>particeps</strong></span> <span class='ocrx_word' id='word_1_120' title='bbox 3302 744 3476 799; x_wconf 85' lang='lat' dir='ltr'><strong>lactus</strong></span> <span class='ocrx_word' id='word_1_121' title='bbox 3534 747 3626 809; x_wconf 78' lang='lat' dir='ltr'><strong>sit,</strong></span> 
     </span>
    </p>
   </div>
   <div class='ocr_carea' id='block_1_19' title="bbox 2055 830 3630 898">
    <p class='ocr_par' dir='ltr' id='par_1_19' title="bbox 2055 830 3630 898">
     <span class='ocr_line' id='line_1_19' title="bbox 2055 830 3630 898; baseline 0.006 -19"><span class='ocrx_word' id='word_1_122' title='bbox 2055 837 2308 898; x_wconf 81' lang='lat' dir='ltr'><strong>tanquam</strong></span> <span class='ocrx_word' id='word_1_123' title='bbox 2345 830 2592 884; x_wconf 84' lang='lat' dir='ltr'><strong>diversus</strong></span> <span class='ocrx_word' id='word_1_124' title='bbox 2620 846 2647 884; x_wconf 89' lang='lat' dir='ltr'><strong>a</strong></span> <span class='ocrx_word' id='word_1_125' title='bbox 2683 832 2836 886; x_wconf 85' lang='lat' dir='ltr'><strong>nobis</strong></span> <span class='ocrx_word' id='word_1_126' title='bbox 2866 834 3158 887; x_wconf 89' lang='lat' dir='ltr'><strong>secundum</strong></span> <span class='ocrx_word' id='word_1_127' title='bbox 3207 835 3495 888; x_wconf 85' lang='lat' dir='ltr'><strong>naturam?</strong></span> <span class='ocrx_word' id='word_1_128' title='bbox 3525 835 3630 888; x_wconf 90' lang='lat' dir='ltr'><strong>Ne-</strong></span> 
     </span>
    </p>
   </div>
   <div class='ocr_carea' id='block_1_20' title="bbox 2052 917 3633 990">
    <p class='ocr_par' dir='ltr' id='par_1_20' title="bbox 2052 917 3633 990">
     <span class='ocr_line' id='line_1_20' title="bbox 2052 917 3633 990; baseline 0.006 -25"><span class='ocrx_word' id='word_1_129' title='bbox 2052 929 2156 983; x_wconf 86' lang='lat' dir='ltr'><strong>que</strong></span> <span class='ocrx_word' id='word_1_130' title='bbox 2183 917 2325 970; x_wconf 86' lang='lat' dir='ltr'><strong>enim</strong></span> <span class='ocrx_word' id='word_1_131' title='bbox 2359 919 2623 987; x_wconf 77' lang='lat' dir='ltr'><strong>quispiam</strong></span> <span class='ocrx_word' id='word_1_132' title='bbox 2665 921 2862 974; x_wconf 82' lang='lat' dir='ltr'><strong>dixerit</strong></span> <span class='ocrx_word' id='word_1_133' title='bbox 2888 923 3182 975; x_wconf 87' lang='lat' dir='ltr'><strong>convenire</strong></span> <span class='ocrx_word' id='word_1_134' title='bbox 3243 922 3470 990; x_wconf 87' lang='lat' dir='ltr'><strong>homini,</strong></span> <span class='ocrx_word' id='word_1_135' title='bbox 3535 925 3633 977; x_wconf 89' lang='lat' dir='ltr'><strong>hu-</strong></span> 
     </span>
    </p>
   </div>
   <div class='ocr_carea' id='block_1_21' title="bbox 2054 1007 3624 1082">
    <p class='ocr_par' dir='ltr' id='par_1_21' title="bbox 2054 1007 3624 1082">
     <span class='ocr_line' id='line_1_21' title="bbox 2054 1007 3624 1082; baseline 0.006 -25"><span class='ocrx_word' id='word_1_136' title='bbox 2054 1007 2328 1061; x_wconf 86' lang='lat' dir='ltr'><strong>manitatis</strong></span> <span class='ocrx_word' id='word_1_137' title='bbox 2371 1009 2688 1078; x_wconf 74' lang='lat' dir='ltr'><strong>participem</strong></span> <span class='ocrx_word' id='word_1_138' title='bbox 2747 1011 3038 1064; x_wconf 83' lang='lat' dir='ltr'><strong>ﬁeri.Nam</strong></span> <span class='ocrx_word' id='word_1_139' title='bbox 3087 1013 3137 1065; x_wconf 91' lang='lat' dir='ltr'><strong>id</strong></span> <span class='ocrx_word' id='word_1_140' title='bbox 3180 1015 3322 1082; x_wconf 88' lang='lat' dir='ltr'><strong>quod</strong></span> <span class='ocrx_word' id='word_1_141' title='bbox 3360 1013 3624 1067; x_wconf 65' lang='lat' dir='ltr'><strong>naturalio</strong></span> 
     </span>
    </p>
   </div>
   <div class='ocr_carea' id='block_1_22' title="bbox 2056 1102 3628 1174">
    <p class='ocr_par' dir='ltr' id='par_1_22' title="bbox 2056 1102 3628 1174">
     <span class='ocr_line' id='line_1_22' title="bbox 2056 1102 3628 1174; baseline 0.004 -24"><span class='ocrx_word' id='word_1_142' title='bbox 2056 1108 2138 1150; x_wconf 91' lang='lat' dir='ltr'><strong>ter</strong></span> <span class='ocrx_word' id='word_1_143' title='bbox 2169 1106 2274 1161; x_wconf 88' lang='lat' dir='ltr'><strong>est,</strong></span> <span class='ocrx_word' id='word_1_144' title='bbox 2302 1115 2410 1168; x_wconf 92' lang='lat' dir='ltr'><strong>quo</strong></span> <span class='ocrx_word' id='word_1_145' title='bbox 2442 1112 2597 1168; x_wconf 88' lang='lat' dir='ltr'><strong>pacto</strong></span> <span class='ocrx_word' id='word_1_146' title='bbox 2640 1102 2762 1172; x_wconf 83' lang='lat' dir='ltr'><strong>quis</strong></span> <span class='ocrx_word' id='word_1_147' title='bbox 2794 1103 3068 1172; x_wconf 79' lang='lat' dir='ltr'><strong>accepisse</strong></span> <span class='ocrx_word' id='word_1_148' title='bbox 3105 1103 3628 1174; x_wconf 84' lang='lat' dir='ltr'><strong>intelligatur,quasi</strong></span> 
     </span>
    </p>
   </div>
   <div class='ocr_carea' id='block_1_23' title="bbox 2054 1189 3632 1260">
    <p class='ocr_par' dir='ltr' id='par_1_23' title="bbox 2054 1189 3632 1260">
     <span class='ocr_line' id='line_1_23' title="bbox 2054 1189 3632 1260; baseline 0.006 -20"><span class='ocrx_word' id='word_1_149' title='bbox 2054 1189 2196 1243; x_wconf 82' lang='lat' dir='ltr'><strong>aliud</strong></span> <span class='ocrx_word' id='word_1_150' title='bbox 2222 1191 2472 1259; x_wconf 85' lang='lat' dir='ltr'><strong>sitquam</strong></span> <span class='ocrx_word' id='word_1_151' title='bbox 2499 1194 2637 1260; x_wconf 90' lang='lat' dir='ltr'><strong>quod</strong></span> <span class='ocrx_word' id='word_1_152' title='bbox 2666 1193 2790 1247; x_wconf 85' lang='lat' dir='ltr'><strong>est?</strong></span> <span class='ocrx_word' id='word_1_153' title='bbox 2833 1191 3020 1248; x_wconf 85' lang='lat' dir='ltr'><strong>Nonne</strong></span> <span class='ocrx_word' id='word_1_154' title='bbox 3070 1195 3162 1249; x_wconf 87' lang='lat' dir='ltr'><strong>tibi</strong></span> <span class='ocrx_word' id='word_1_155' title='bbox 3225 1204 3632 1250; x_wconf 79' lang='lat' dir='ltr'><strong>consentaneus</strong></span> 
     </span>
    </p>
   </div>
   <div class='ocr_carea' id='block_1_24' title="bbox 2054 1285 2851 1339">
    <p class='ocr_par' dir='ltr' id='par_1_24' title="bbox 2054 1285 2851 1339">
     <span class='ocr_line' id='line_1_24' title="bbox 2054 1285 2851 1339; baseline 0.013 -10"><span class='ocrx_word' id='word_1_156' title='bbox 2054 1294 2183 1334; x_wconf 82' lang='lat' dir='ltr'><strong>vero</strong></span> <span class='ocrx_word' id='word_1_157' title='bbox 2209 1296 2388 1336; x_wconf 84' lang='lat' dir='ltr'><strong>sermo</strong></span> <span class='ocrx_word' id='word_1_158' title='bbox 2425 1299 2574 1338; x_wconf 89' lang='lat' dir='ltr'><strong>meus</strong></span> <span class='ocrx_word' id='word_1_159' title='bbox 2600 1285 2851 1339; x_wconf 87' lang='lat' dir='ltr'><strong>videtur?</strong></span> 
     </span>
    </p>
   </div>
   <div class='ocr_carea' id='block_1_25' title="bbox 2124 1369 2468 1428">
    <p class='ocr_par' dir='ltr' id='par_1_25' title="bbox 2124 1369 2468 1428">
     <span class='ocr_line' id='line_1_25' title="bbox 2124 1369 2468 1428; baseline 0.015 -5"><span class='ocrx_word' id='word_1_160' title='bbox 2124 1369 2184 1424; x_wconf 84' lang='grc' dir='ltr'><strong>Β.</strong></span> <span class='ocrx_word' id='word_1_161' title='bbox 2217 1371 2468 1428; x_wconf 89' lang='lat' dir='ltr'><strong>Omnino.</strong></span> 
     </span>
    </p>
   </div>
   <div class='ocr_carea' id='block_1_26' title="bbox 2123 1463 3627 1538">
    <p class='ocr_par' dir='ltr' id='par_1_26' title="bbox 2123 1463 3627 1538">
     <span class='ocr_line' id='line_1_26' title="bbox 2123 1463 3627 1538; baseline 0.011 -22"><span class='ocrx_word' id='word_1_162' title='bbox 2123 1463 2184 1518; x_wconf 77' lang='grc' dir='ltr'><strong>Α.</strong></span> <span class='ocrx_word' id='word_1_163' title='bbox 2220 1466 2350 1519; x_wconf 81' lang='lat' dir='ltr'><strong>Vide</strong></span> <span class='ocrx_word' id='word_1_164' title='bbox 2375 1478 2555 1520; x_wconf 84' lang='lat' dir='ltr'><strong>autem</strong></span> <span class='ocrx_word' id='word_1_165' title='bbox 2582 1468 2742 1521; x_wconf 86' lang='lat' dir='ltr'><strong>etiam</strong></span> <span class='ocrx_word' id='word_1_166' title='bbox 2789 1469 2891 1523; x_wconf 86' lang='lat' dir='ltr'><strong>alia</strong></span> <span class='ocrx_word' id='word_1_167' title='bbox 2947 1469 3158 1524; x_wconf 75' lang='lat' dir='ltr'><strong>ratione</strong></span> <span class='ocrx_word' id='word_1_168' title='bbox 3181 1486 3340 1538; x_wconf 86' lang='lat' dir='ltr'><strong>quam</strong></span> <span class='ocrx_word' id='word_1_169' title='bbox 3378 1471 3627 1538; x_wconf 65' lang='lat' dir='ltr'><strong>impium.</strong></span> 
     </span>
    </p>
   </div>
   <div class='ocr_carea' id='block_1_27' title="bbox 2053 1558 3624 1624">
    <p class='ocr_par' dir='ltr' id='par_1_27' title="bbox 2053 1558 3624 1624">
     <span class='ocr_line' id='line_1_27' title="bbox 2053 1558 3624 1624; baseline 0.004 -18"><span class='ocrx_word' id='word_1_170' title='bbox 2053 1569 2322 1624; x_wconf 88' lang='lat' dir='ltr'><strong>quamque</strong></span> <span class='ocrx_word' id='word_1_171' title='bbox 2348 1558 2640 1612; x_wconf 85' lang='lat' dir='ltr'><strong>absurdum</strong></span> <span class='ocrx_word' id='word_1_172' title='bbox 2669 1560 2738 1614; x_wconf 90' lang='lat' dir='ltr'><strong>sit</strong></span> <span class='ocrx_word' id='word_1_173' title='bbox 2766 1558 2926 1614; x_wconf 83' lang='lat' dir='ltr'><strong>Verbi</strong></span> <span class='ocrx_word' id='word_1_174' title='bbox 2975 1575 3037 1614; x_wconf 82' lang='lat' dir='ltr'><strong>ex</strong></span> <span class='ocrx_word' id='word_1_175' title='bbox 3073 1562 3298 1616; x_wconf 86' lang='lat' dir='ltr'><strong>muliere</strong></span> <span class='ocrx_word' id='word_1_176' title='bbox 3325 1562 3624 1616; x_wconf 87' lang='lat' dir='ltr'><strong>secundum</strong></span> 
     </span>
    </p>
   </div>
   <div class='ocr_carea' id='block_1_28' title="bbox 2054 1647 3633 1722">
    <p class='ocr_par' dir='ltr' id='par_1_28' title="bbox 2054 1647 3633 1722">
     <span class='ocr_line' id='line_1_28' title="bbox 2054 1647 3633 1722; baseline 0.006 -25"><span class='ocrx_word' id='word_1_177' title='bbox 2054 1657 2275 1699; x_wconf 87' lang='lat' dir='ltr'><strong>carnem</strong></span> <span class='ocrx_word' id='word_1_178' title='bbox 2308 1647 2652 1702; x_wconf 87' lang='lat' dir='ltr'><strong>nativitatem.</strong></span> <span class='ocrx_word' id='word_1_179' title='bbox 2675 1651 2861 1705; x_wconf 85' lang='lat' dir='ltr'><strong>tollere</strong></span> <span class='ocrx_word' id='word_1_180' title='bbox 2899 1651 3106 1704; x_wconf 88' lang='lat' dir='ltr'><strong>conari.</strong></span> <span class='ocrx_word' id='word_1_181' title='bbox 3144 1650 3260 1718; x_wconf 85' lang='lat' dir='ltr'><strong>Quo</strong></span> <span class='ocrx_word' id='word_1_182' title='bbox 3298 1653 3443 1706; x_wconf 89' lang='lat' dir='ltr'><strong>enim</strong></span> <span class='ocrx_word' id='word_1_183' title='bbox 3475 1662 3633 1722; x_wconf 82' lang='lat' dir='ltr'><strong>pacto</strong></span> 
     </span>
    </p>
   </div>
   <div class='ocr_carea' id='block_1_29' title="bbox 370 1717 1969 1812">
    <p class='ocr_par' dir='ltr' id='par_1_29' title="bbox 370 1717 1951 1812">
     <span class='ocr_line' id='line_1_29' title="bbox 370 1717 1951 1812; baseline 0.015 -45"><span class='ocrx_word' id='word_1_184' title='bbox 370 1717 982 1812; x_wconf 30' lang='lat' dir='ltr'><strong>irpdninCwowmqastev</strong></span> <span class='ocrx_word' id='word_1_185' title='bbox 1006 1724 1071 1779; x_wconf 82' lang='grc' dir='ltr'><strong>ἂν</strong></span> <span class='ocrx_word' id='word_1_186' title='bbox 1097 1727 1160 1780; x_wconf 90' lang='grc' dir='ltr'><strong>τὸ</strong></span> <span class='ocrx_word' id='word_1_187' title='bbox 1192 1727 1355 1799; x_wconf 83' lang='grc' dir='ltr'>σῶμα</span> <span class='ocrx_word' id='word_1_188' title='bbox 1392 1730 1578 1798; x_wconf 77' lang='grc' dir='ltr'>αὑτοῦ,</span> <span class='ocrx_word' id='word_1_189' title='bbox 1614 1735 1661 1786; x_wconf 90' lang='grc' dir='ltr'><strong>εἰ</strong></span> <span class='ocrx_word' id='word_1_190' title='bbox 1693 1735 1766 1806; x_wconf 83' lang='grc' dir='ltr'>μὴ</span> <span class='ocrx_word' id='word_1_191' title='bbox 1802 1737 1951 1790; x_wconf 81' lang='grc' dir='ltr'>ἐστιν</span> 
     </span>
    </p>
   </div>
   <div class='ocr_carea' id='block_1_30' title="bbox 2069 1717 3632 1812">
    <p class='ocr_par' dir='ltr' id='par_1_30' title="bbox 2069 1736 3632 1812">
     <span class='ocr_line' id='line_1_30' title="bbox 2069 1736 3632 1812; baseline 0.003 -23"><span class='ocrx_word' id='word_1_192' title='bbox 2069 1736 2330 1793; x_wconf 76' lang='lat' dir='ltr'><strong>viviﬁcare</strong></span> <span class='ocrx_word' id='word_1_193' title='bbox 2361 1743 2530 1808; x_wconf 82' lang='lat' dir='ltr'><strong>possit</strong></span> <span class='ocrx_word' id='word_1_194' title='bbox 2563 1755 2758 1810; x_wconf 89' lang='lat' dir='ltr'><strong>corpus</strong></span> <span class='ocrx_word' id='word_1_195' title='bbox 2787 1756 2964 1805; x_wconf 87' lang='lat' dir='ltr'><strong>suum,</strong></span> <span class='ocrx_word' id='word_1_196' title='bbox 3000 1743 3101 1796; x_wconf 90' lang='lat' dir='ltr'><strong>nisi</strong></span> <span class='ocrx_word' id='word_1_197' title='bbox 3125 1743 3194 1795; x_wconf 90' lang='lat' dir='ltr'><strong>sit</strong></span> <span class='ocrx_word' id='word_1_198' title='bbox 3242 1743 3516 1812; x_wconf 89' lang='lat' dir='ltr'><strong>proprium</strong></span> <span class='ocrx_word' id='word_1_199' title='bbox 3549 1743 3632 1810; x_wconf 91' lang='lat' dir='ltr'><strong>ip-</strong></span> 
     </span>
    </p>
   </div>
   <div class='ocr_carea' id='block_1_31' title="bbox 374 1807 1951 1891">
    <p class='ocr_par' dir='ltr' id='par_1_31' title="bbox 374 1807 1951 1891">
     <span class='ocr_line' id='line_1_31' title="bbox 374 1807 1951 1891; baseline 0.012 -34"><span class='ocrx_word' id='word_1_200' title='bbox 374 1807 507 1864; x_wconf 80' lang='grc' dir='ltr'>ῑόιον</span> <span class='ocrx_word' id='word_1_201' title='bbox 533 1807 718 1870; x_wconf 84' lang='grc' dir='ltr'>αὑτοῦ,</span> <span class='ocrx_word' id='word_1_202' title='bbox 746 1809 804 1872; x_wconf 81' lang='grc' dir='ltr'>ὃς</span> <span class='ocrx_word' id='word_1_203' title='bbox 831 1812 947 1864; x_wconf 77' lang='grc' dir='ltr'>ἐστι</span> <span class='ocrx_word' id='word_1_204' title='bbox 984 1813 1133 1885; x_wconf 63' lang='lat' dir='ltr'><strong>(toﬁ;</strong></span> <span class='ocrx_word' id='word_1_205' title='bbox 1166 1813 1284 1879; x_wconf 85' lang='grc' dir='ltr'><strong>πῶς</strong></span> <span class='ocrx_word' id='word_1_206' title='bbox 1316 1817 1376 1870; x_wconf 87' lang='grc' dir='ltr'><strong>τὸ</strong></span> <span class='ocrx_word' id='word_1_207' title='bbox 1399 1813 1539 1888; x_wconf 74' lang='grc' dir='ltr'>αἷμα</span> <span class='ocrx_word' id='word_1_208' title='bbox 1579 1821 1754 1891; x_wconf 84' lang='grc' dir='ltr'>Ἰησοῦ</span> <span class='ocrx_word' id='word_1_209' title='bbox 1783 1821 1951 1876; x_wconf 75' lang='grc' dir='ltr'>καθαο</span> 
     </span>
    </p>
   </div>
   <div class='ocr_carea' id='block_1_32' title="bbox 377 1899 1958 1985">
    <p class='ocr_par' dir='ltr' id='par_1_32' title="bbox 377 1899 1958 1985">
     <span class='ocr_line' id='line_1_32' title="bbox 377 1899 1958 1985; baseline 0.009 -35"><span class='ocrx_word' id='word_1_210' title='bbox 377 1899 516 1968; x_wconf 79' lang='grc' dir='ltr'>ρίζει</span> <span class='ocrx_word' id='word_1_211' title='bbox 543 1901 692 1970; x_wconf 82' lang='grc' dir='ltr'>ἡμᾶς</span> <span class='ocrx_word' id='word_1_212' title='bbox 720 1901 830 1956; x_wconf 82' lang='grc' dir='ltr'><strong>ἀπὸ</strong></span> <span class='ocrx_word' id='word_1_213' title='bbox 857 1905 1038 1975; x_wconf 75' lang='grc' dir='ltr'>πάσης</span> <span class='ocrx_word' id='word_1_214' title='bbox 1068 1907 1360 1980; x_wconf 81' lang='grc' dir='ltr'>ἁμαρτίας,</span> <span class='ocrx_word' id='word_1_215' title='bbox 1384 1908 1544 1982; x_wconf 81' lang='grc' dir='ltr'>εἴπερ</span> <span class='ocrx_word' id='word_1_216' title='bbox 1573 1913 1724 1966; x_wconf 78' lang='grc' dir='ltr'>ἐστὶν</span> <span class='ocrx_word' id='word_1_217' title='bbox 1745 1912 1958 1985; x_wconf 76' lang='grc' dir='ltr'>ἀνθρώ·</span> 
     </span>
    </p>
   </div>
   <div class='ocr_carea' id='block_1_33' title="bbox 371 1992 1957 2071">
    <p class='ocr_par' dir='ltr' id='par_1_33' title="bbox 371 1992 1957 2071">
     <span class='ocr_line' id='line_1_33' title="bbox 371 1992 1957 2071; baseline 0.009 -26"><span class='ocrx_word' id='word_1_218' title='bbox 371 2007 480 2045; x_wconf 84' lang='grc' dir='ltr'><strong>που</strong></span> <span class='ocrx_word' id='word_1_219' title='bbox 500 1992 682 2047; x_wconf 84' lang='grc' dir='ltr'>κοινοῦ</span> <span class='ocrx_word' id='word_1_220' title='bbox 718 1995 814 2048; x_wconf 79' lang='grc' dir='ltr'><strong>καὶ</strong></span> <span class='ocrx_word' id='word_1_221' title='bbox 838 1995 990 2060; x_wconf 80' lang='grc' dir='ltr'>ὄντος</span> <span class='ocrx_word' id='word_1_222' title='bbox 1019 1998 1111 2067; x_wconf 82' lang='grc' dir='ltr'><strong>ὑφ’</strong></span> <span class='ocrx_word' id='word_1_223' title='bbox 1143 1999 1455 2071; x_wconf 79' lang='grc' dir='ltr'>άμαρτίανς</span> <span class='ocrx_word' id='word_1_224' title='bbox 1489 2002 1608 2067; x_wconf 82' lang='grc' dir='ltr'>πῶς</span> <span class='ocrx_word' id='word_1_225' title='bbox 1631 2004 1957 2059; x_wconf 85' lang='grc' dir='ltr'>ἀπέστειλεν</span> 
     </span>
    </p>
   </div>
   <div class='ocr_carea' id='block_1_34' title="bbox 327 2080 1958 2165">
    <p class='ocr_par' dir='ltr' id='par_1_34' title="bbox 327 2080 1958 2165">
     <span class='ocr_line' id='line_1_34' title="bbox 327 2080 1958 2165; baseline 0.01 -32"><span class='ocrx_word' id='word_1_226' title='bbox 327 2129 330 2132; x_wconf 85' lang='grc'>.</span> <span class='ocrx_word' id='word_1_227' title='bbox 367 2080 400 2133; x_wconf 87' lang='lat'><strong>6</strong></span> <span class='ocrx_word' id='word_1_228' title='bbox 431 2082 562 2146; x_wconf 97' lang='grc' dir='ltr'>Θεὸς</span> <span class='ocrx_word' id='word_1_229' title='bbox 597 2084 692 2138; x_wconf 77' lang='grc' dir='ltr'><strong>καὶ</strong></span> <span class='ocrx_word' id='word_1_230' title='bbox 717 2087 910 2156; x_wconf 84' lang='grc' dir='ltr'>Πατὴρ</span> <span class='ocrx_word' id='word_1_231' title='bbox 936 2087 1028 2142; x_wconf 90' lang='grc' dir='ltr'><strong>τὸν</strong></span> <span class='ocrx_word' id='word_1_232' title='bbox 1057 2089 1186 2144; x_wconf 87' lang='grc' dir='ltr'>Υίὸν</span> <span class='ocrx_word' id='word_1_233' title='bbox 1208 2091 1398 2157; x_wconf 78' lang='grc' dir='ltr'>αὐτοῦ,</span> <span class='ocrx_word' id='word_1_234' title='bbox 1430 2094 1724 2165; x_wconf 87' lang='grc' dir='ltr'>γενόμενον</span> <span class='ocrx_word' id='word_1_235' title='bbox 1763 2096 1827 2150; x_wconf 82' lang='grc' dir='ltr'>ὲκ</span> <span class='ocrx_word' id='word_1_236' title='bbox 1855 2113 1958 2165; x_wconf 87' lang='grc' dir='ltr'>γυ-</span> 
     </span>
    </p>
   </div>
   <div class='ocr_carea' id='block_1_35' title="bbox 372 2172 1970 2260">
    <p class='ocr_par' dir='ltr' id='par_1_35' title="bbox 372 2172 1970 2260">
     <span class='ocr_line' id='line_1_35' title="bbox 372 2172 1970 2260; baseline 0.01 -34"><span class='ocrx_word' id='word_1_237' title='bbox 372 2172 585 2238; x_wconf 86' lang='grc' dir='ltr'>ναικὸς,</span> <span class='ocrx_word' id='word_1_238' title='bbox 617 2176 910 2246; x_wconf 90' lang='grc' dir='ltr'>γενόμενον</span> <span class='ocrx_word' id='word_1_239' title='bbox 967 2179 1072 2233; x_wconf 81' lang='grc' dir='ltr'><strong>ὑπὸ</strong></span> <span class='ocrx_word' id='word_1_240' title='bbox 1118 2181 1318 2252; x_wconf 87' lang='grc' dir='ltr'>νόμον;</span> <span class='ocrx_word' id='word_1_241' title='bbox 1359 2185 1478 2248; x_wconf 83' lang='grc' dir='ltr'><strong>πῶς</strong></span> <span class='ocrx_word' id='word_1_242' title='bbox 1523 2187 1814 2260; x_wconf 83' lang='grc' dir='ltr'>κατέκρινε</span> <span class='ocrx_word' id='word_1_243' title='bbox 1859 2189 1970 2260; x_wconf 63' lang='grc' dir='ltr'>τὴν,</span> 
     </span>
    </p>
   </div>
   <div class='ocr_carea' id='block_1_36' title="bbox 372 2266 1956 2349">
    <p class='ocr_par' dir='ltr' id='par_1_36' title="bbox 372 2266 1956 2349">
     <span class='ocr_line' id='line_1_36' title="bbox 372 2266 1956 2349; baseline 0.01 -31"><span class='ocrx_word' id='word_1_244' title='bbox 372 2266 652 2337; x_wconf 81' lang='grc' dir='ltr'><strong>ἁμαρτίαν</strong></span> <span class='ocrx_word' id='word_1_245' title='bbox 683 2268 742 2322; x_wconf 80' lang='grc' dir='ltr'>ὲν</span> <span class='ocrx_word' id='word_1_246' title='bbox 771 2272 838 2341; x_wconf 80' lang='grc' dir='ltr'>τῇ</span> <span class='ocrx_word' id='word_1_247' title='bbox 869 2271 1070 2342; x_wconf 87' lang='grc' dir='ltr'>σαρκί;</span> <span class='ocrx_word' id='word_1_248' title='bbox 1097 2274 1172 2328; x_wconf 77' lang='grc' dir='ltr'><strong>Οὐ</strong></span> <span class='ocrx_word' id='word_1_249' title='bbox 1200 2275 1308 2346; x_wconf 74' lang='grc' dir='ltr'>γὰρ</span> <span class='ocrx_word' id='word_1_250' title='bbox 1339 2271 1408 2348; x_wconf 82' lang='grc' dir='ltr'>ἦν</span> <span class='ocrx_word' id='word_1_251' title='bbox 1431 2277 1722 2349; x_wconf 85' lang='grc' dir='ltr'>ἀνθρώπου</span> <span class='ocrx_word' id='word_1_252' title='bbox 1750 2281 1956 2347; x_wconf 87' lang='grc' dir='ltr'>κοινοῦ,</span> 
     </span>
    </p>
   </div>
   <div class='ocr_carea' id='block_1_37' title="bbox 371 2358 1960 2444">
    <p class='ocr_par' dir='ltr' id='par_1_37' title="bbox 371 2358 1960 2444">
     <span class='ocr_line' id='line_1_37' title="bbox 371 2358 1960 2444; baseline 0.011 -35"><span class='ocrx_word' id='word_1_253' title='bbox 371 2358 472 2410; x_wconf 79' lang='grc' dir='ltr'>καὶ</span> <span class='ocrx_word' id='word_1_254' title='bbox 523 2361 964 2433; x_wconf 80' lang='grc' dir='ltr'>τυραννουμένην</span> <span class='ocrx_word' id='word_1_255' title='bbox 1027 2363 1246 2435; x_wconf 72' lang='grc' dir='ltr'>ἔχοντος</span> <span class='ocrx_word' id='word_1_256' title='bbox 1309 2368 1427 2438; x_wconf 85' lang='grc' dir='ltr'>μεθ’</span> <span class='ocrx_word' id='word_1_257' title='bbox 1486 2369 1644 2440; x_wconf 77' lang='grc' dir='ltr'>ἡμῶν</span> <span class='ocrx_word' id='word_1_258' title='bbox 1702 2370 1808 2424; x_wconf 87' lang='grc' dir='ltr'><strong>ὑπὸ</strong></span> <span class='ocrx_word' id='word_1_259' title='bbox 1859 2373 1960 2444; x_wconf 84' lang='grc' dir='ltr'>τῆς</span> 
     </span>
    </p>
   </div>
   <div class='ocr_carea' id='block_1_38' title="bbox 372 2448 1956 2534">
    <p class='ocr_par' dir='ltr' id='par_1_38' title="bbox 372 2448 1956 2534">
     <span class='ocr_line' id='line_1_38' title="bbox 372 2448 1956 2534; baseline 0.011 -34"><span class='ocrx_word' id='word_1_260' title='bbox 372 2448 649 2522; x_wconf 78' lang='grc' dir='ltr'>ἁμαρτίας</span> <span class='ocrx_word' id='word_1_261' title='bbox 690 2452 792 2522; x_wconf 81' lang='grc' dir='ltr'>τὴν</span> <span class='ocrx_word' id='word_1_262' title='bbox 829 2452 1014 2522; x_wconf 85' lang='grc' dir='ltr'>φύσιν,</span> <span class='ocrx_word' id='word_1_263' title='bbox 1057 2456 1120 2510; x_wconf 87' lang='grc' dir='ltr'><strong>τὸ</strong></span> <span class='ocrx_word' id='word_1_264' title='bbox 1160 2461 1490 2531; x_wconf 86' lang='grc' dir='ltr'>κατακρῖναι</span> <span class='ocrx_word' id='word_1_265' title='bbox 1527 2461 1626 2532; x_wconf 75' lang='grc' dir='ltr'>τὴν</span> <span class='ocrx_word' id='word_1_266' title='bbox 1658 2462 1956 2534; x_wconf 81' lang='grc' dir='ltr'>ἁμαρτίαν.</span> 
     </span>
    </p>
   </div>
   <div class='ocr_carea' id='block_1_39' title="bbox 388 2541 1958 2622">
    <p class='ocr_par' dir='ltr' id='par_1_39' title="bbox 388 2541 1958 2622">
     <span class='ocr_line' id='line_1_39' title="bbox 388 2541 1958 2622; baseline 0.011 -31"><span class='ocrx_word' id='word_1_267' title='bbox 388 2541 543 2593; x_wconf 75' lang='grc' dir='ltr'>Ἐπεὶ</span> <span class='ocrx_word' id='word_1_268' title='bbox 566 2542 622 2595; x_wconf 84' lang='grc' dir='ltr'>δὲ</span> <span class='ocrx_word' id='word_1_269' title='bbox 654 2543 815 2615; x_wconf 86' lang='grc' dir='ltr'>σῶμα</span> <span class='ocrx_word' id='word_1_270' title='bbox 860 2546 1054 2614; x_wconf 88' lang='grc' dir='ltr'>γέγονε</span> <span class='ocrx_word' id='word_1_271' title='bbox 1101 2549 1196 2604; x_wconf 87' lang='grc' dir='ltr'><strong>τοῦ</strong></span> <span class='ocrx_word' id='word_1_272' title='bbox 1229 2550 1570 2622; x_wconf 82' lang='grc' dir='ltr'>πλημμελεῖν</span> <span class='ocrx_word' id='word_1_273' title='bbox 1610 2554 1710 2607; x_wconf 87' lang='grc' dir='ltr'><strong>οὐκ</strong></span> <span class='ocrx_word' id='word_1_274' title='bbox 1735 2556 1958 2622; x_wconf 76' lang='grc' dir='ltr'><strong>εἰδότος,</strong></span> 
     </span>
    </p>
   </div>
   <div class='ocr_carea' id='block_1_40' title="bbox 383 2631 1961 2719">
    <p class='ocr_par' dir='ltr' id='par_1_40' title="bbox 383 2631 1961 2719">
     <span class='ocr_line' id='line_1_40' title="bbox 383 2631 1961 2719; baseline 0.012 -37"><span class='ocrx_word' id='word_1_275' title='bbox 383 2631 636 2704; x_wconf 79' lang='grc' dir='ltr'>ταύτῃτοι</span> <span class='ocrx_word' id='word_1_276' title='bbox 677 2637 773 2689; x_wconf 80' lang='grc' dir='ltr'>καί.</span> <span class='ocrx_word' id='word_1_277' title='bbox 813 2638 960 2709; x_wconf 83' lang='grc' dir='ltr'>μάλα</span> <span class='ocrx_word' id='word_1_278' title='bbox 995 2641 1224 2706; x_wconf 80' lang='grc' dir='ltr'><strong>εἰκότως</strong></span> <span class='ocrx_word' id='word_1_279' title='bbox 1251 2643 1352 2716; x_wconf 86' lang='grc' dir='ltr'>τὴν</span> <span class='ocrx_word' id='word_1_280' title='bbox 1391 2645 1493 2715; x_wconf 81' lang='grc' dir='ltr'><strong>τῆς</strong></span> <span class='ocrx_word' id='word_1_281' title='bbox 1536 2647 1814 2719; x_wconf 80' lang='grc' dir='ltr'>ἁμαρτίας</span> <span class='ocrx_word' id='word_1_282' title='bbox 1856 2649 1961 2701; x_wconf 85' lang='grc' dir='ltr'>ἀπ-</span> 
     </span>
    </p>
   </div>
   <div class='ocr_carea' id='block_1_41' title="bbox 374 2724 1959 2807">
    <p class='ocr_par' dir='ltr' id='par_1_41' title="bbox 374 2724 1959 2807">
     <span class='ocr_line' id='line_1_41' title="bbox 374 2724 1959 2807; baseline 0.013 -33"><span class='ocrx_word' id='word_1_283' title='bbox 374 2724 629 2779; x_wconf 83' lang='grc' dir='ltr'>εσείσατο</span> <span class='ocrx_word' id='word_1_284' title='bbox 669 2730 984 2801; x_wconf 81' lang='grc' dir='ltr'>τυραννίδα,</span> <span class='ocrx_word' id='word_1_285' title='bbox 1025 2733 1120 2788; x_wconf 71' lang='grc' dir='ltr'><strong>καὶ</strong></span> <span class='ocrx_word' id='word_1_286' title='bbox 1169 2734 1270 2804; x_wconf 81' lang='grc' dir='ltr'>τὴν</span> <span class='ocrx_word' id='word_1_287' title='bbox 1318 2735 1555 2807; x_wconf 85' lang='grc' dir='ltr'>ἰδιότητα</span> <span class='ocrx_word' id='word_1_288' title='bbox 1611 2739 1834 2792; x_wconf 87' lang='grc' dir='ltr'>πλουτεῖ</span> <span class='ocrx_word' id='word_1_289' title='bbox 1864 2739 1959 2794; x_wconf 92' lang='grc' dir='ltr'><strong>τοῦ</strong></span> 
     </span>
    </p>
   </div>
   <div class='ocr_carea' id='block_1_42' title="bbox 374 2815 1958 2900">
    <p class='ocr_par' dir='ltr' id='par_1_42' title="bbox 374 2815 1958 2900">
     <span class='ocr_line' id='line_1_42' title="bbox 374 2815 1958 2900; baseline 0.012 -34"><span class='ocrx_word' id='word_1_290' title='bbox 374 2815 673 2885; x_wconf 80' lang='grc' dir='ltr'><strong>ἀφράστως</strong></span> <span class='ocrx_word' id='word_1_291' title='bbox 701 2820 838 2891; x_wconf 79' lang='grc' dir='ltr'>αὐτῇ</span> <span class='ocrx_word' id='word_1_292' title='bbox 887 2823 983 2876; x_wconf 83' lang='grc' dir='ltr'>καὶ</span> <span class='ocrx_word' id='word_1_293' title='bbox 1016 2825 1092 2888; x_wconf 84' lang='grc' dir='ltr'>ὼς</span> <span class='ocrx_word' id='word_1_294' title='bbox 1130 2825 1232 2879; x_wconf 81' lang='grc' dir='ltr'><strong>οὐκ</strong></span> <span class='ocrx_word' id='word_1_295' title='bbox 1259 2824 1408 2881; x_wconf 78' lang='grc' dir='ltr'>ἔστιν</span> <span class='ocrx_word' id='word_1_296' title='bbox 1438 2827 1729 2894; x_wconf 81' lang='grc' dir='ltr'>ἑνωθέντος</span> <span class='ocrx_word' id='word_1_297' title='bbox 1758 2831 1958 2900; x_wconf 82' lang='grc' dir='ltr'>Λόγου,</span> 
     </span>
    </p>
   </div>
   <div class='ocr_carea' id='block_1_43' title="bbox 375 2907 1961 2994">
    <p class='ocr_par' dir='ltr' id='par_1_43' title="bbox 375 2907 1961 2994">
     <span class='ocr_line' id='line_1_43' title="bbox 375 2907 1961 2994; baseline 0.011 -35"><span class='ocrx_word' id='word_1_298' title='bbox 375 2907 538 2975; x_wconf 77' lang='grc' dir='ltr'>ἅγιόν</span> <span class='ocrx_word' id='word_1_299' title='bbox 583 2927 644 2962; x_wconf 87' lang='grc' dir='ltr'><strong>τε</strong></span> <span class='ocrx_word' id='word_1_300' title='bbox 681 2913 776 2966; x_wconf 80' lang='grc' dir='ltr'><strong>καὶ</strong></span> <span class='ocrx_word' id='word_1_301' title='bbox 832 2912 1096 2978; x_wconf 81' lang='grc' dir='ltr'>ζωοποιόν</span> <span class='ocrx_word' id='word_1_302' title='bbox 1153 2918 1294 2981; x_wconf 74' lang='grc' dir='ltr'>ἐστι,</span> <span class='ocrx_word' id='word_1_303' title='bbox 1339 2920 1434 2972; x_wconf 80' lang='grc' dir='ltr'>καὶ</span> <span class='ocrx_word' id='word_1_304' title='bbox 1481 2922 1580 2992; x_wconf 83' lang='grc' dir='ltr'>τῆς</span> <span class='ocrx_word' id='word_1_305' title='bbox 1625 2921 1961 2994; x_wconf 87' lang='grc' dir='ltr'>Θεοπρεποῦς</span> 
     </span>
    </p>
   </div>
   <div class='ocr_carea' id='block_1_44' title="bbox 375 3000 1960 3084">
    <p class='ocr_par' dir='ltr' id='par_1_44' title="bbox 375 3000 1960 3084">
     <span class='ocr_line' id='line_1_44' title="bbox 375 3000 1960 3084; baseline 0.011 -33"><span class='ocrx_word' id='word_1_306' title='bbox 375 3000 664 3070; x_wconf 80' lang='grc' dir='ltr'>ἐνεργείας</span> <span class='ocrx_word' id='word_1_307' title='bbox 692 3001 966 3072; x_wconf 82' lang='grc' dir='ltr'>ἔμπλεων.</span> <span class='ocrx_word' id='word_1_308' title='bbox 1004 3007 1092 3069; x_wconf 79' lang='grc' dir='ltr'>Ὠς</span> <span class='ocrx_word' id='word_1_309' title='bbox 1124 3009 1183 3061; x_wconf 83' lang='grc' dir='ltr'>ὲν</span> <span class='ocrx_word' id='word_1_310' title='bbox 1211 3004 1436 3082; x_wconf 82' lang='grc' dir='ltr'>ἀπαρχῇ</span> <span class='ocrx_word' id='word_1_311' title='bbox 1471 3011 1526 3064; x_wconf 82' lang='grc' dir='ltr'>δὲ</span> <span class='ocrx_word' id='word_1_312' title='bbox 1554 3013 1796 3084; x_wconf 79' lang='grc' dir='ltr'>Χριστῷ,</span> <span class='ocrx_word' id='word_1_313' title='bbox 1835 3031 1960 3083; x_wconf 87' lang='grc' dir='ltr'>μετ-</span> 
     </span>
    </p>
   </div>
   <div class='ocr_carea' id='block_1_45' title="bbox 375 3085 2032 3176">
    <p class='ocr_par' dir='ltr' id='par_1_45' title="bbox 375 3085 2032 3176">
     <span class='ocr_line' id='line_1_45' title="bbox 375 3085 2032 3176; baseline 0.008 -31"><span class='ocrx_word' id='word_1_314' title='bbox 375 3093 810 3164; x_wconf 83' lang='grc' dir='ltr'>εστοιχειώμεθα</span> <span class='ocrx_word' id='word_1_315' title='bbox 838 3098 934 3150; x_wconf 80' lang='grc' dir='ltr'>καὶ</span> <span class='ocrx_word' id='word_1_316' title='bbox 956 3099 1138 3168; x_wconf 81' lang='grc' dir='ltr'>ἡμεῖς,</span> <span class='ocrx_word' id='word_1_317' title='bbox 1164 3102 1246 3164; x_wconf 86' lang='grc' dir='ltr'><strong>εἰς</strong></span> <span class='ocrx_word' id='word_1_318' title='bbox 1269 3101 1332 3155; x_wconf 91' lang='grc' dir='ltr'><strong>τὸ</strong></span> <span class='ocrx_word' id='word_1_319' title='bbox 1352 3099 1492 3155; x_wconf 77' lang='grc' dir='ltr'>εἶναι</span> <span class='ocrx_word' id='word_1_320' title='bbox 1522 3105 1615 3157; x_wconf 75' lang='grc' dir='ltr'>καὶ</span> <span class='ocrx_word' id='word_1_321' title='bbox 1639 3105 1845 3176; x_wconf 76' lang='grc' dir='ltr'>φθορᾶς</span> <span class='ocrx_word' id='word_1_322' title='bbox 1868 3105 1964 3159; x_wconf 75' lang='grc' dir='ltr'><strong>καὶ</strong></span> <span class='ocrx_word' id='word_1_323' title='bbox 1992 3085 2032 3142; x_wconf 77' lang='lat' dir='ltr'><strong>C</strong></span> 
     </span>
    </p>
   </div>
   <div class='ocr_carea' id='block_1_46' title="bbox 378 3185 1963 3266">
    <p class='ocr_par' dir='ltr' id='par_1_46' title="bbox 378 3185 1963 3266">
     <span class='ocr_line' id='line_1_46' title="bbox 378 3185 1963 3266; baseline 0.007 -28"><span class='ocrx_word' id='word_1_324' title='bbox 378 3185 665 3255; x_wconf 85' lang='grc' dir='ltr'>ἁμαρτίας</span> <span class='ocrx_word' id='word_1_325' title='bbox 694 3187 1025 3257; x_wconf 86' lang='grc' dir='ltr'>κρείττονες.</span> <span class='ocrx_word' id='word_1_326' title='bbox 1049 3190 1161 3243; x_wconf 78' lang='grc' dir='ltr'><strong>Καὶ</strong></span> <span class='ocrx_word' id='word_1_327' title='bbox 1190 3191 1411 3261; x_wconf 85' lang='grc' dir='ltr'>ἀληθὲς,</span> <span class='ocrx_word' id='word_1_328' title='bbox 1443 3194 1546 3259; x_wconf 80' lang='grc' dir='ltr'>ὅτι,</span> <span class='ocrx_word' id='word_1_329' title='bbox 1570 3195 1714 3248; x_wconf 79' lang='grc' dir='ltr'>κατὰ</span> <span class='ocrx_word' id='word_1_330' title='bbox 1741 3195 1842 3266; x_wconf 84' lang='grc' dir='ltr'>τὴν</span> <span class='ocrx_word' id='word_1_331' title='bbox 1871 3196 1963 3249; x_wconf 89' lang='grc' dir='ltr'><strong>τοῦ</strong></span> 
     </span>
    </p>
   </div>
   <div class='ocr_carea' id='block_1_47' title="bbox 385 3278 1965 3355">
    <p class='ocr_par' dir='ltr' id='par_1_47' title="bbox 385 3278 1965 3355">
     <span class='ocr_line' id='line_1_47' title="bbox 385 3278 1965 3355; baseline 0.003 -25"><span class='ocrx_word' id='word_1_332' title='bbox 385 3278 660 3348; x_wconf 85' lang='grc' dir='ltr'>μακαρίου</span> <span class='ocrx_word' id='word_1_333' title='bbox 705 3279 918 3334; x_wconf 83' lang='grc' dir='ltr'>Παύλου</span> <span class='ocrx_word' id='word_1_334' title='bbox 950 3283 1155 3350; x_wconf 83' lang='grc' dir='ltr'>φωνὴν,</span> <span class='ocrx_word' id='word_1_335' title='bbox 1195 3301 1214 3334; x_wconf 81' lang='grc' dir='ltr'><strong>ι</strong></span> <span class='ocrx_word' id='word_1_336' title='bbox 1244 3283 1459 3354; x_wconf 85' lang='grc' dir='ltr'>Ὥσπερ</span> <span class='ocrx_word' id='word_1_337' title='bbox 1482 3284 1823 3355; x_wconf 78' lang='grc' dir='ltr'>ὲφορέσαμεν</span> <span class='ocrx_word' id='word_1_338' title='bbox 1869 3284 1965 3354; x_wconf 79' lang='grc' dir='ltr'><strong>τὴν</strong></span> 
     </span>
    </p>
   </div>
   <div class='ocr_carea' id='block_1_48' title="bbox 381 3367 1965 3446">
    <p class='ocr_par' dir='ltr' id='par_1_48' title="bbox 381 3367 1965 3446">
     <span class='ocr_line' id='line_1_48' title="bbox 381 3367 1965 3446; baseline 0.005 -27"><span class='ocrx_word' id='word_1_339' title='bbox 381 3367 574 3422; x_wconf 87' lang='grc' dir='ltr'>εἰκόνα</span> <span class='ocrx_word' id='word_1_340' title='bbox 614 3369 710 3421; x_wconf 86' lang='grc' dir='ltr'><strong>τοῦ</strong></span> <span class='ocrx_word' id='word_1_341' title='bbox 757 3370 974 3440; x_wconf 80' lang='grc' dir='ltr'>χοϊκοῦ,</span> <span class='ocrx_word' id='word_1_342' title='bbox 1010 3372 1318 3444; x_wconf 84' lang='grc' dir='ltr'>φορέσομεν</span> <span class='ocrx_word' id='word_1_343' title='bbox 1351 3374 1445 3428; x_wconf 78' lang='grc' dir='ltr'>καὶ</span> <span class='ocrx_word' id='word_1_344' title='bbox 1493 3375 1592 3446; x_wconf 83' lang='grc' dir='ltr'><strong>τὴν</strong></span> <span class='ocrx_word' id='word_1_345' title='bbox 1646 3375 1831 3430; x_wconf 78' lang='grc' dir='ltr'>εἰκόνα</span> <span class='ocrx_word' id='word_1_346' title='bbox 1871 3375 1965 3428; x_wconf 90' lang='grc' dir='ltr'><strong>τοῦ</strong></span> 
     </span>
    </p>
   </div>
   <div class='ocr_carea' id='block_1_49' title="bbox 384 3457 1968 3536">
    <p class='ocr_par' dir='ltr' id='par_1_49' title="bbox 384 3457 1968 3536">
     <span class='ocr_line' id='line_1_49' title="bbox 384 3457 1968 3536; baseline 0.006 -27"><span class='ocrx_word' id='word_1_347' title='bbox 384 3457 734 3528; x_wconf 81' lang='grc' dir='ltr'>ἐπουρανίου,</span> <span class='ocrx_word' id='word_1_348' title='bbox 770 3477 790 3511; x_wconf 75' lang='grc' dir='ltr'><strong>ι</strong></span> <span class='ocrx_word' id='word_1_349' title='bbox 815 3460 1064 3514; x_wconf 82' lang='grc' dir='ltr'>τουτέστι</span> <span class='ocrx_word' id='word_1_350' title='bbox 1096 3461 1354 3533; x_wconf 82' lang='grc' dir='ltr'>Χριστοῦ.</span> <span class='ocrx_word' id='word_1_351' title='bbox 1391 3465 1739 3536; x_wconf 86' lang='grc' dir='ltr'>Ἐπουράνιος</span> <span class='ocrx_word' id='word_1_352' title='bbox 1777 3464 1833 3517; x_wconf 86' lang='grc' dir='ltr'>δὲ</span> <span class='ocrx_word' id='word_1_353' title='bbox 1877 3465 1968 3518; x_wconf 79' lang='grc' dir='ltr'>ἀν-</span> 
     </span>
    </p>
   </div>
   <div class='ocr_carea' id='block_1_50' title="bbox 385 3547 1969 3628">
    <p class='ocr_par' dir='ltr' id='par_1_50' title="bbox 385 3547 1969 3628">
     <span class='ocr_line' id='line_1_50' title="bbox 385 3547 1969 3628; baseline 0.007 -29"><span class='ocrx_word' id='word_1_354' title='bbox 385 3547 609 3618; x_wconf 77' lang='grc' dir='ltr'>θρωπος</span> <span class='ocrx_word' id='word_1_355' title='bbox 634 3551 833 3603; x_wconf 86' lang='grc' dir='ltr'>νοεῖται</span> <span class='ocrx_word' id='word_1_356' title='bbox 867 3551 1128 3622; x_wconf 82' lang='grc' dir='ltr'>Χριστὸς,</span> <span class='ocrx_word' id='word_1_357' title='bbox 1154 3554 1254 3625; x_wconf 87' lang='grc' dir='ltr'>οὐχ</span> <span class='ocrx_word' id='word_1_358' title='bbox 1283 3553 1358 3618; x_wconf 85' lang='grc' dir='ltr'><strong>ὡς</strong></span> <span class='ocrx_word' id='word_1_359' title='bbox 1390 3555 1596 3609; x_wconf 82' lang='grc' dir='ltr'>ἄνωθεν</span> <span class='ocrx_word' id='word_1_360' title='bbox 1619 3557 1750 3628; x_wconf 79' lang='grc' dir='ltr'>ἡμῖν</span> <span class='ocrx_word' id='word_1_361' title='bbox 1781 3557 1877 3610; x_wconf 85' lang='grc' dir='ltr'><strong>καί</strong></span> <span class='ocrx_word' id='word_1_362' title='bbox 1910 3557 1969 3624; x_wconf 79' lang='grc' dir='ltr'><strong>ἐξ</strong></span> 
     </span>
    </p>
   </div>
   <div class='ocr_carea' id='block_1_51' title="bbox 383 3638 1971 3716">
    <p class='ocr_par' dir='ltr' id='par_1_51' title="bbox 383 3638 1971 3716">
     <span class='ocr_line' id='line_1_51' title="bbox 383 3638 1971 3716; baseline 0.007 -24"><span class='ocrx_word' id='word_1_363' title='bbox 383 3638 622 3710; x_wconf 85' lang='grc' dir='ltr'>οὐρανοῦ</span> <span class='ocrx_word' id='word_1_364' title='bbox 656 3640 755 3712; x_wconf 72' lang='grc' dir='ltr'>τὴν</span> <span class='ocrx_word' id='word_1_365' title='bbox 791 3642 970 3714; x_wconf 86' lang='grc' dir='ltr'>σάρκα</span> <span class='ocrx_word' id='word_1_366' title='bbox 1014 3646 1381 3716; x_wconf 85' lang='grc' dir='ltr'>κατενεγκὼν,</span> <span class='ocrx_word' id='word_1_367' title='bbox 1426 3648 1542 3702; x_wconf 82' lang='grc' dir='ltr'>ἀλλ’</span> <span class='ocrx_word' id='word_1_368' title='bbox 1574 3650 1657 3702; x_wconf 76' lang='grc' dir='ltr'><strong>ὅτι</strong></span> <span class='ocrx_word' id='word_1_369' title='bbox 1683 3649 1817 3713; x_wconf 85' lang='grc' dir='ltr'>Θεὸς</span> <span class='ocrx_word' id='word_1_370' title='bbox 1843 3648 1918 3703; x_wconf 84' lang='grc' dir='ltr'>ὣν</span> <span class='ocrx_word' id='word_1_371' title='bbox 1943 3651 1971 3703; x_wconf 92' lang='lat'><strong>6</strong></span> 
     </span>
    </p>
   </div>
   <div class='ocr_carea' id='block_1_52' title="bbox 387 3736 1972 3813">
    <p class='ocr_par' dir='ltr' id='par_1_52' title="bbox 387 3736 1972 3813">
     <span class='ocr_line' id='line_1_52' title="bbox 387 3736 1972 3813; baseline 0.003 -23"><span class='ocrx_word' id='word_1_372' title='bbox 387 3737 586 3804; x_wconf 81' lang='grc' dir='ltr'>Λόγος,</span> <span class='ocrx_word' id='word_1_373' title='bbox 615 3736 993 3805; x_wconf 76' lang='grc' dir='ltr'>καταϐέϐηκεν</span> <span class='ocrx_word' id='word_1_374' title='bbox 1025 3738 1086 3802; x_wconf 78' lang='grc' dir='ltr'>ἐξ</span> <span class='ocrx_word' id='word_1_375' title='bbox 1106 3738 1372 3810; x_wconf 81' lang='grc' dir='ltr'>οὐρανῶν,</span> <span class='ocrx_word' id='word_1_376' title='bbox 1399 3739 1494 3794; x_wconf 80' lang='grc' dir='ltr'><strong>καὶ</strong></span> <span class='ocrx_word' id='word_1_377' title='bbox 1527 3740 1628 3811; x_wconf 82' lang='grc' dir='ltr'><strong>τὴν</strong></span> <span class='ocrx_word' id='word_1_378' title='bbox 1654 3742 1790 3811; x_wconf 85' lang='grc' dir='ltr'>πρὸς</span> <span class='ocrx_word' id='word_1_379' title='bbox 1823 3745 1972 3813; x_wconf 83' lang='grc' dir='ltr'>ἡμᾶς</span> 
     </span>
    </p>
   </div>
   <div class='ocr_carea' id='block_1_53' title="bbox 390 3827 1972 3904">
    <p class='ocr_par' dir='ltr' id='par_1_53' title="bbox 390 3827 1972 3904">
     <span class='ocr_line' id='line_1_53' title="bbox 390 3827 1972 3904; baseline 0.004 -23"><span class='ocrx_word' id='word_1_380' title='bbox 390 3828 654 3897; x_wconf 78' lang='grc' dir='ltr'>ὁμοίωσιν</span> <span class='ocrx_word' id='word_1_381' title='bbox 681 3827 950 3894; x_wconf 81' lang='grc' dir='ltr'>ὑπελθὼν,</span> <span class='ocrx_word' id='word_1_382' title='bbox 972 3829 1242 3892; x_wconf 85' lang='grc' dir='ltr'>τουτέστι,</span> <span class='ocrx_word' id='word_1_383' title='bbox 1269 3831 1524 3900; x_wconf 82' lang='grc' dir='ltr'>γέννησιν</span> <span class='ocrx_word' id='word_1_384' title='bbox 1551 3833 1851 3901; x_wconf 84' lang='grc' dir='ltr'>ὑπομείνας</span> <span class='ocrx_word' id='word_1_385' title='bbox 1874 3836 1972 3904; x_wconf 80' lang='grc' dir='ltr'><strong>τὴν</strong></span> 
     </span>
    </p>
   </div>
   <div class='ocr_carea' id='block_1_54' title="bbox 391 3917 1973 3996">
    <p class='ocr_par' dir='ltr' id='par_1_54' title="bbox 391 3917 1973 3996">
     <span class='ocr_line' id='line_1_54' title="bbox 391 3917 1973 3996; baseline 0.004 -24"><span class='ocrx_word' id='word_1_386' title='bbox 391 3917 537 3972; x_wconf 83' lang='grc' dir='ltr'>κατὰ</span> <span class='ocrx_word' id='word_1_387' title='bbox 567 3917 743 3990; x_wconf 80' lang='grc' dir='ltr'>σάρκα</span> <span class='ocrx_word' id='word_1_388' title='bbox 769 3920 834 3973; x_wconf 79' lang='grc' dir='ltr'>ὲκ</span> <span class='ocrx_word' id='word_1_389' title='bbox 853 3922 1132 3988; x_wconf 85' lang='grc' dir='ltr'>γυναικὸς,</span> <span class='ocrx_word' id='word_1_390' title='bbox 1153 3921 1468 3992; x_wconf 80' lang='grc' dir='ltr'>μεμένηκεν</span> <span class='ocrx_word' id='word_1_391' title='bbox 1496 3925 1632 3994; x_wconf 83' lang='grc' dir='ltr'>ὅπερ</span> <span class='ocrx_word' id='word_1_392' title='bbox 1660 3923 1749 3996; x_wconf 75' lang='grc' dir='ltr'>ἢν,</span> <span class='ocrx_word' id='word_1_393' title='bbox 1768 3925 1973 3978; x_wconf 82' lang='grc' dir='ltr'>ἄνωθεν</span> 
     </span>
    </p>
   </div>
   <div class='ocr_carea' id='block_1_55' title="bbox 392 4015 1972 4088">
    <p class='ocr_par' dir='ltr' id='par_1_55' title="bbox 392 4015 1972 4088">
     <span class='ocr_line' id='line_1_55' title="bbox 392 4015 1972 4088; baseline 0.004 -21"><span class='ocrx_word' id='word_1_394' title='bbox 392 4015 640 4084; x_wconf 82' lang='grc' dir='ltr'>δηλονότι</span> <span class='ocrx_word' id='word_1_395' title='bbox 660 4017 756 4070; x_wconf 79' lang='grc' dir='ltr'><strong>καὶ</strong></span> <span class='ocrx_word' id='word_1_396' title='bbox 788 4016 847 4082; x_wconf 74' lang='grc' dir='ltr'>ἐξ</span> <span class='ocrx_word' id='word_1_397' title='bbox 867 4017 1132 4088; x_wconf 85' lang='grc' dir='ltr'>οὐρανῶν,</span> <span class='ocrx_word' id='word_1_398' title='bbox 1157 4017 1253 4072; x_wconf 71' lang='grc' dir='ltr'><strong>καὶ</strong></span> <span class='ocrx_word' id='word_1_399' title='bbox 1284 4019 1468 4072; x_wconf 76' lang='grc' dir='ltr'>ἐπάνω</span> <span class='ocrx_word' id='word_1_400' title='bbox 1487 4019 1704 4073; x_wconf 88' lang='grc' dir='ltr'>πάντων</span> <span class='ocrx_word' id='word_1_401' title='bbox 1725 4021 1801 4083; x_wconf 86' lang='grc' dir='ltr'>ὡς</span> <span class='ocrx_word' id='word_1_402' title='bbox 1820 4021 1972 4087; x_wconf 85' lang='grc' dir='ltr'>Θεὸς,</span> 
     </span>
    </p>
   </div>
   <div class='ocr_carea' id='block_1_56' title="bbox 395 4110 1976 4182">
    <p class='ocr_par' dir='ltr' id='par_1_56' title="bbox 395 4110 1976 4182">
     <span class='ocr_line' id='line_1_56' title="bbox 395 4110 1976 4182; baseline 0.003 -20"><span class='ocrx_word' id='word_1_403' title='bbox 395 4112 495 4162; x_wconf 77' lang='grc' dir='ltr'>καὶ</span> <span class='ocrx_word' id='word_1_404' title='bbox 528 4110 664 4180; x_wconf 78' lang='grc' dir='ltr'>μετὰ</span> <span class='ocrx_word' id='word_1_405' title='bbox 695 4111 917 4181; x_wconf 84' lang='grc' dir='ltr'>σαρκός.</span> <span class='ocrx_word' id='word_1_406' title='bbox 958 4110 1116 4164; x_wconf 80' lang='grc' dir='ltr'>Οὕτω</span> <span class='ocrx_word' id='word_1_407' title='bbox 1159 4111 1270 4182; x_wconf 83' lang='grc' dir='ltr'><strong>γάρ</strong></span> <span class='ocrx_word' id='word_1_408' title='bbox 1314 4110 1417 4164; x_wconf 85' lang='grc' dir='ltr'><strong>πού</strong></span> <span class='ocrx_word' id='word_1_409' title='bbox 1440 4129 1604 4182; x_wconf 81' lang='grc' dir='ltr'>φησιν</span> <span class='ocrx_word' id='word_1_410' title='bbox 1631 4113 1659 4166; x_wconf 93' lang='lat'><strong>6</strong></span> <span class='ocrx_word' id='word_1_411' title='bbox 1690 4112 1976 4177; x_wconf 80' lang='grc' dir='ltr'>Θεσπέσιος</span> 
     </span>
    </p>
   </div>
   <div class='ocr_carea' id='block_1_57' title="bbox 409 4203 1976 4276">
    <p class='ocr_par' dir='ltr' id='par_1_57' title="bbox 409 4203 1976 4276">
     <span class='ocr_line' id='line_1_57' title="bbox 409 4203 1976 4276; baseline 0.004 -22"><span class='ocrx_word' id='word_1_412' title='bbox 409 4203 664 4274; x_wconf 83' lang='grc' dir='ltr'>Ἰωάννης</span> <span class='ocrx_word' id='word_1_413' title='bbox 687 4205 818 4275; x_wconf 86' lang='grc' dir='ltr'><strong>περί</strong></span> <span class='ocrx_word' id='word_1_414' title='bbox 841 4204 1031 4258; x_wconf 86' lang='grc' dir='ltr'>αὐτοῦ·</span> <span class='ocrx_word' id='word_1_415' title='bbox 1063 4223 1084 4258; x_wconf 80' lang='lat' dir='ltr'><strong>t</strong></span> <span class='ocrx_word' id='word_1_416' title='bbox 1123 4204 1182 4257; x_wconf 88' lang='grc' dir='ltr'>Ὁ</span> <span class='ocrx_word' id='word_1_417' title='bbox 1215 4203 1422 4259; x_wconf 81' lang='grc' dir='ltr'>ἀνωθεν</span> <span class='ocrx_word' id='word_1_418' title='bbox 1454 4205 1768 4276; x_wconf 78' lang='grc' dir='ltr'>ἐρχόμενος,</span> <span class='ocrx_word' id='word_1_419' title='bbox 1791 4207 1976 4262; x_wconf 75' lang='grc' dir='ltr'>ἐπάνω</span> 
     </span>
    </p>
   </div>
   <div class='ocr_carea' id='block_1_58' title="bbox 400 4295 1976 4370">
    <p class='ocr_par' dir='ltr' id='par_1_58' title="bbox 400 4295 1976 4370">
     <span class='ocr_line' id='line_1_58' title="bbox 400 4295 1976 4370; baseline 0.003 -22"><span class='ocrx_word' id='word_1_420' title='bbox 400 4295 621 4349; x_wconf 85' lang='grc' dir='ltr'>πάντων</span> <span class='ocrx_word' id='word_1_421' title='bbox 662 4296 829 4350; x_wconf 72' lang='grc' dir='ltr'>ἐστίν.</span> <span class='ocrx_word' id='word_1_422' title='bbox 860 4314 880 4348; x_wconf 73' lang='grc' dir='ltr'><strong>ι</strong></span> <span class='ocrx_word' id='word_1_423' title='bbox 926 4297 1344 4368; x_wconf 86' lang='grc' dir='ltr'>Ἀπομεμένηκε</span> <span class='ocrx_word' id='word_1_424' title='bbox 1393 4297 1501 4370; x_wconf 82' lang='grc' dir='ltr'>γὰρ</span> <span class='ocrx_word' id='word_1_425' title='bbox 1534 4297 1644 4351; x_wconf 84' lang='grc' dir='ltr'><strong>τῶν</strong></span> <span class='ocrx_word' id='word_1_426' title='bbox 1684 4297 1820 4352; x_wconf 79' lang='grc' dir='ltr'>ὅλων</span> <span class='ocrx_word' id='word_1_427' title='bbox 1865 4299 1976 4352; x_wconf 84' lang='grc' dir='ltr'><strong>Κύ-</strong></span> 
     </span>
    </p>
   </div>
   <div class='ocr_carea' id='block_1_59' title="bbox 2058 1824 3633 1900">
    <p class='ocr_par' dir='ltr' id='par_1_59' title="bbox 2058 1824 3633 1900">
     <span class='ocr_line' id='line_1_59' title="bbox 2058 1824 3633 1900; baseline 0.002 -21"><span class='ocrx_word' id='word_1_428' title='bbox 2058 1824 2192 1890; x_wconf 86' lang='lat' dir='ltr'><strong>sius,</strong></span> <span class='ocrx_word' id='word_1_429' title='bbox 2219 1826 2308 1896; x_wconf 91' lang='lat' dir='ltr'><strong>qui</strong></span> <span class='ocrx_word' id='word_1_430' title='bbox 2333 1838 2414 1882; x_wconf 89' lang='lat' dir='ltr'><strong>est</strong></span> <span class='ocrx_word' id='word_1_431' title='bbox 2438 1828 2582 1882; x_wconf 82' lang='lat' dir='ltr'><strong>vita?</strong></span> <span class='ocrx_word' id='word_1_432' title='bbox 2604 1841 2696 1882; x_wconf 90' lang='lat' dir='ltr'><strong>aut</strong></span> <span class='ocrx_word' id='word_1_433' title='bbox 2719 1831 2987 1898; x_wconf 90' lang='lat' dir='ltr'><strong>quomodo</strong></span> <span class='ocrx_word' id='word_1_434' title='bbox 3012 1831 3234 1900; x_wconf 78' lang='lat' dir='ltr'><strong>sanguis</strong></span> <span class='ocrx_word' id='word_1_435' title='bbox 3257 1831 3458 1884; x_wconf 81' lang='lat' dir='ltr'><strong>Christi</strong></span> <span class='ocrx_word' id='word_1_436' title='bbox 3480 1847 3633 1883; x_wconf 89' lang='lat' dir='ltr'><strong>mun-</strong></span> 
     </span>
    </p>
   </div>
   <div class='ocr_carea' id='block_1_60' title="bbox 2057 1916 3635 1988">
    <p class='ocr_par' dir='ltr' id='par_1_60' title="bbox 2057 1916 3635 1988">
     <span class='ocr_line' id='line_1_60' title="bbox 2057 1916 3635 1988; baseline -0.001 -15"><span class='ocrx_word' id='word_1_437' title='bbox 2057 1916 2207 1973; x_wconf 87' lang='lat' dir='ltr'><strong>dabit</strong></span> <span class='ocrx_word' id='word_1_438' title='bbox 2271 1933 2367 1972; x_wconf 78' lang='lat' dir='ltr'><strong>nos</strong></span> <span class='ocrx_word' id='word_1_439' title='bbox 2421 1918 2487 1973; x_wconf 86' lang='lat' dir='ltr'><strong>ab</strong></span> <span class='ocrx_word' id='word_1_440' title='bbox 2526 1919 2672 1972; x_wconf 91' lang='lat' dir='ltr'><strong>omni</strong></span> <span class='ocrx_word' id='word_1_441' title='bbox 2724 1928 2967 1988; x_wconf 89' lang='lat' dir='ltr'><strong>peccato,</strong></span> <span class='ocrx_word' id='word_1_442' title='bbox 3200 1919 3242 1972; x_wconf 90' lang='lat' dir='ltr'><strong>si</strong></span> <span class='ocrx_word' id='word_1_443' title='bbox 3297 1919 3369 1971; x_wconf 91' lang='lat' dir='ltr'><strong>sit</strong></span> <span class='ocrx_word' id='word_1_444' title='bbox 3403 1918 3635 1972; x_wconf 76' lang='lat' dir='ltr'><strong>hominis</strong></span> 
     </span>
    </p>
   </div>
   <div class='ocr_carea' id='block_1_61' title="bbox 2054 2008 3636 2080">
    <p class='ocr_par' dir='ltr' id='par_1_61' title="bbox 2054 2008 3636 2080">
     <span class='ocr_line' id='line_1_61' title="bbox 2054 2008 3636 2080; baseline -0.003 -14"><span class='ocrx_word' id='word_1_445' title='bbox 2054 2011 2357 2066; x_wconf 85' lang='lat' dir='ltr'><strong>communis</strong></span> <span class='ocrx_word' id='word_1_446' title='bbox 2385 2020 2438 2065; x_wconf 88' lang='lat' dir='ltr'><strong>et</strong></span> <span class='ocrx_word' id='word_1_447' title='bbox 2461 2021 2685 2080; x_wconf 88' lang='lat' dir='ltr'><strong>peccato</strong></span> <span class='ocrx_word' id='word_1_448' title='bbox 2713 2011 2929 2065; x_wconf 84' lang='lat' dir='ltr'><strong>obnoxii</strong></span> <span class='ocrx_word' id='word_1_449' title='bbox 2956 2011 2978 2064; x_wconf 92' lang='lat'><strong>?</strong></span> <span class='ocrx_word' id='word_1_450' title='bbox 3018 2025 3125 2080; x_wconf 89' lang='lat' dir='ltr'><strong>quo</strong></span> <span class='ocrx_word' id='word_1_451' title='bbox 3142 2019 3297 2080; x_wconf 90' lang='lat' dir='ltr'><strong>pacto</strong></span> <span class='ocrx_word' id='word_1_452' title='bbox 3329 2010 3475 2063; x_wconf 89' lang='lat' dir='ltr'><strong>misit</strong></span> <span class='ocrx_word' id='word_1_453' title='bbox 3498 2008 3636 2062; x_wconf 88' lang='lat' dir='ltr'><strong>Dens</strong></span> 
     </span>
    </p>
   </div>
   <div class='ocr_carea' id='block_1_62' title="bbox 2056 2100 3634 2163">
    <p class='ocr_par' dir='ltr' id='par_1_62' title="bbox 2056 2100 3634 2163">
     <span class='ocr_line' id='line_1_62' title="bbox 2056 2100 3634 2163; baseline -0.003 -7"><span class='ocrx_word' id='word_1_454' title='bbox 2056 2117 2119 2158; x_wconf 88' lang='lat' dir='ltr'><strong>ac</strong></span> <span class='ocrx_word' id='word_1_455' title='bbox 2139 2103 2298 2157; x_wconf 87' lang='lat' dir='ltr'><strong>Pater</strong></span> <span class='ocrx_word' id='word_1_456' title='bbox 2324 2101 2517 2157; x_wconf 86' lang='lat' dir='ltr'><strong>Filium</strong></span> <span class='ocrx_word' id='word_1_457' title='bbox 2547 2116 2704 2155; x_wconf 92' lang='lat' dir='ltr'><strong>suum</strong></span> <span class='ocrx_word' id='word_1_458' title='bbox 2738 2101 2938 2156; x_wconf 82' lang='lat' dir='ltr'><strong>factum</strong></span> <span class='ocrx_word' id='word_1_459' title='bbox 2991 2117 3054 2156; x_wconf 85' lang='lat' dir='ltr'><strong>ex</strong></span> <span class='ocrx_word' id='word_1_460' title='bbox 3115 2100 3359 2163; x_wconf 88' lang='lat' dir='ltr'><strong>muliere,</strong></span> <span class='ocrx_word' id='word_1_461' title='bbox 3435 2100 3634 2152; x_wconf 83' lang='lat' dir='ltr'><strong>factum</strong></span> 
     </span>
    </p>
   </div>
   <div class='ocr_carea' id='block_1_63' title="bbox 2057 2189 3636 2266">
    <p class='ocr_par' dir='ltr' id='par_1_63' title="bbox 2057 2189 3636 2266">
     <span class='ocr_line' id='line_1_63' title="bbox 2057 2189 3636 2266; baseline -0.005 -16"><span class='ocrx_word' id='word_1_462' title='bbox 2057 2197 2158 2250; x_wconf 84' lang='lat' dir='ltr'><strong>sub</strong></span> <span class='ocrx_word' id='word_1_463' title='bbox 2190 2195 2305 2264; x_wconf 83' lang='lat' dir='ltr'><strong>lege</strong></span> <span class='ocrx_word' id='word_1_464' title='bbox 2339 2196 2354 2226; x_wconf 84' lang='grc'>¹</span> <span class='ocrx_word' id='word_1_465' title='bbox 2380 2195 2689 2266; x_wconf 89' lang='lat' dir='ltr'><strong>?quomodo</strong></span> <span class='ocrx_word' id='word_1_466' title='bbox 2717 2193 3036 2248; x_wconf 83' lang='lat' dir='ltr'><strong>condemnat</strong></span> <span class='ocrx_word' id='word_1_467' title='bbox 3057 2201 3334 2262; x_wconf 84' lang='lat' dir='ltr'><strong>peccatqu</strong></span> <span class='ocrx_word' id='word_1_468' title='bbox 3368 2191 3419 2244; x_wconf 91' lang='lat' dir='ltr'><strong>in</strong></span> <span class='ocrx_word' id='word_1_469' title='bbox 3449 2189 3636 2244; x_wconf 80' lang='lat' dir='ltr'><strong>carne?</strong></span> 
     </span>
    </p>
   </div>
   <div class='ocr_carea' id='block_1_64' title="bbox 2057 2281 3628 2354">
    <p class='ocr_par' dir='ltr' id='par_1_64' title="bbox 2057 2281 3628 2354">
     <span class='ocr_line' id='line_1_64' title="bbox 2057 2281 3628 2354; baseline -0.003 -14"><span class='ocrx_word' id='word_1_470' title='bbox 2057 2284 2242 2354; x_wconf 84' lang='lat' dir='ltr'><strong>Neque</strong></span> <span class='ocrx_word' id='word_1_471' title='bbox 2269 2286 2411 2340; x_wconf 90' lang='lat' dir='ltr'><strong>enim</strong></span> <span class='ocrx_word' id='word_1_472' title='bbox 2451 2297 2566 2340; x_wconf 89' lang='lat' dir='ltr'><strong>erat</strong></span> <span class='ocrx_word' id='word_1_473' title='bbox 2595 2285 2828 2340; x_wconf 90' lang='lat' dir='ltr'><strong>hominis</strong></span> <span class='ocrx_word' id='word_1_474' title='bbox 2849 2283 3116 2354; x_wconf 74' lang='lat' dir='ltr'><strong>vulgaris,</strong></span> <span class='ocrx_word' id='word_1_475' title='bbox 3147 2293 3201 2336; x_wconf 89' lang='lat' dir='ltr'><strong>et</strong></span> <span class='ocrx_word' id='word_1_476' title='bbox 3226 2281 3379 2350; x_wconf 86' lang='lat' dir='ltr'><strong>cujus</strong></span> <span class='ocrx_word' id='word_1_477' title='bbox 3435 2293 3628 2335; x_wconf 81' lang='lat' dir='ltr'><strong>natura</strong></span> 
     </span>
    </p>
   </div>
   <div class='ocr_carea' id='block_1_65' title="bbox 2059 2371 3635 2448">
    <p class='ocr_par' dir='ltr' id='par_1_65' title="bbox 2059 2371 3635 2448">
     <span class='ocr_line' id='line_1_65' title="bbox 2059 2371 3635 2448; baseline -0.006 -16"><span class='ocrx_word' id='word_1_478' title='bbox 2059 2394 2164 2432; x_wconf 90' lang='lat' dir='ltr'><strong>una</strong></span> <span class='ocrx_word' id='word_1_479' title='bbox 2195 2378 2468 2432; x_wconf 90' lang='lat' dir='ltr'><strong>uobiscum</strong></span> <span class='ocrx_word' id='word_1_480' title='bbox 2500 2378 2601 2432; x_wconf 90' lang='lat' dir='ltr'><strong>sub</strong></span> <span class='ocrx_word' id='word_1_481' title='bbox 2627 2376 2833 2448; x_wconf 83' lang='lat' dir='ltr'><strong>peccati</strong></span> <span class='ocrx_word' id='word_1_482' title='bbox 2870 2376 3096 2442; x_wconf 86' lang='lat' dir='ltr'><strong>imperio</strong></span> <span class='ocrx_word' id='word_1_483' title='bbox 3130 2390 3193 2428; x_wconf 87' lang='lat' dir='ltr'><strong>ac</strong></span> <span class='ocrx_word' id='word_1_484' title='bbox 3224 2372 3352 2442; x_wconf 77' lang='lat' dir='ltr'><strong>jugo</strong></span> <span class='ocrx_word' id='word_1_485' title='bbox 3407 2371 3635 2426; x_wconf 89' lang='lat' dir='ltr'><strong>teneba-</strong></span> 
     </span>
    </p>
   </div>
   <div class='ocr_carea' id='block_1_66' title="bbox 2061 2466 3636 2541">
    <p class='ocr_par' dir='ltr' id='par_1_66' title="bbox 2061 2466 3636 2541">
     <span class='ocr_line' id='line_1_66' title="bbox 2061 2466 3636 2541; baseline -0.003 -17"><span class='ocrx_word' id='word_1_486' title='bbox 2061 2479 2166 2537; x_wconf 90' lang='lat' dir='ltr'><strong>tur,</strong></span> <span class='ocrx_word' id='word_1_487' title='bbox 2188 2472 2553 2526; x_wconf 54' lang='lat' dir='ltr'><strong>’coudemnare</strong></span> <span class='ocrx_word' id='word_1_488' title='bbox 2579 2469 3028 2541; x_wconf 84' lang='lat' dir='ltr'><strong>peecatum.Cum</strong></span> <span class='ocrx_word' id='word_1_489' title='bbox 3056 2483 3183 2523; x_wconf 88' lang='lat' dir='ltr'><strong>vero</strong></span> <span class='ocrx_word' id='word_1_490' title='bbox 3207 2483 3402 2536; x_wconf 89' lang='lat' dir='ltr'><strong>corpus</strong></span> <span class='ocrx_word' id='word_1_491' title='bbox 3437 2466 3636 2520; x_wconf 81' lang='lat' dir='ltr'><strong>factum</strong></span> 
     </span>
    </p>
   </div>
   <div class='ocr_carea' id='block_1_67' title="bbox 2059 2558 3637 2632">
    <p class='ocr_par' dir='ltr' id='par_1_67' title="bbox 2059 2558 3637 2632">
     <span class='ocr_line' id='line_1_67' title="bbox 2059 2558 3637 2632; baseline -0.003 -18"><span class='ocrx_word' id='word_1_492' title='bbox 2059 2561 2129 2614; x_wconf 88' lang='lat' dir='ltr'><strong>sit</strong></span> <span class='ocrx_word' id='word_1_493' title='bbox 2163 2561 2277 2631; x_wconf 77' lang='lat' dir='ltr'><strong>ejus</strong></span> <span class='ocrx_word' id='word_1_494' title='bbox 2306 2561 2396 2630; x_wconf 86' lang='lat' dir='ltr'><strong>qui</strong></span> <span class='ocrx_word' id='word_1_495' title='bbox 2423 2572 2701 2632; x_wconf 87' lang='lat' dir='ltr'><strong>peccatum</strong></span> <span class='ocrx_word' id='word_1_496' title='bbox 2737 2577 2838 2615; x_wconf 92' lang='lat' dir='ltr'><strong>non</strong></span> <span class='ocrx_word' id='word_1_497' title='bbox 2881 2561 3047 2626; x_wconf 89' lang='lat' dir='ltr'><strong>novit,</strong></span> <span class='ocrx_word' id='word_1_498' title='bbox 3079 2559 3301 2621; x_wconf 81' lang='lat' dir='ltr'><strong>idcirco,</strong></span> <span class='ocrx_word' id='word_1_499' title='bbox 3339 2567 3392 2612; x_wconf 89' lang='lat' dir='ltr'><strong>et</strong></span> <span class='ocrx_word' id='word_1_500' title='bbox 3422 2558 3637 2626; x_wconf 86' lang='lat' dir='ltr'><strong>quidem</strong></span> 
     </span>
    </p>
   </div>
   <div class='ocr_carea' id='block_1_68' title="bbox 2059 2653 3640 2723">
    <p class='ocr_par' dir='ltr' id='par_1_68' title="bbox 2059 2653 3640 2723">
     <span class='ocr_line' id='line_1_68' title="bbox 2059 2653 3640 2723; baseline -0.003 -16"><span class='ocrx_word' id='word_1_501' title='bbox 2059 2654 2264 2721; x_wconf 89' lang='lat' dir='ltr'><strong>optimo</strong></span> <span class='ocrx_word' id='word_1_502' title='bbox 2289 2654 2409 2723; x_wconf 88' lang='lat' dir='ltr'><strong>jure</strong></span> <span class='ocrx_word' id='word_1_503' title='bbox 2438 2655 2641 2722; x_wconf 80' lang='lat' dir='ltr'><strong>peccati</strong></span> <span class='ocrx_word' id='word_1_504' title='bbox 2701 2654 3038 2723; x_wconf 77' lang='lat' dir='ltr'><strong>tyrannidem</strong></span> <span class='ocrx_word' id='word_1_505' title='bbox 3080 2653 3340 2717; x_wconf 81' lang='lat' dir='ltr'><strong>excussit,</strong></span> <span class='ocrx_word' id='word_1_506' title='bbox 3395 2665 3640 2704; x_wconf 88' lang='lat' dir='ltr'><strong>commu-</strong></span> 
     </span>
    </p>
   </div>
   <div class='ocr_carea' id='block_1_69' title="bbox 2061 2742 3637 2814">
    <p class='ocr_par' dir='ltr' id='par_1_69' title="bbox 2061 2742 3637 2814">
     <span class='ocr_line' id='line_1_69' title="bbox 2061 2742 3637 2814; baseline -0.003 -18"><span class='ocrx_word' id='word_1_507' title='bbox 2061 2744 2364 2814; x_wconf 86' lang='lat' dir='ltr'><strong>nicatisque</strong></span> <span class='ocrx_word' id='word_1_508' title='bbox 2392 2760 2513 2798; x_wconf 91' lang='lat' dir='ltr'><strong>cum</strong></span> <span class='ocrx_word' id='word_1_509' title='bbox 2543 2745 2634 2797; x_wconf 91' lang='lat' dir='ltr'><strong>illo</strong></span> <span class='ocrx_word' id='word_1_510' title='bbox 2671 2745 3089 2814; x_wconf 82' lang='lat' dir='ltr'><strong>proprietatibus</strong></span> <span class='ocrx_word' id='word_1_511' title='bbox 3123 2743 3282 2796; x_wconf 83' lang='lat' dir='ltr'><strong>Verbi</strong></span> <span class='ocrx_word' id='word_1_512' title='bbox 3346 2742 3488 2810; x_wconf 87' lang='lat' dir='ltr'><strong>quod</strong></span> <span class='ocrx_word' id='word_1_513' title='bbox 3550 2742 3637 2792; x_wconf 92' lang='lat' dir='ltr'><strong>in-</strong></span> 
     </span>
    </p>
   </div>
   <div class='ocr_carea' id='block_1_70' title="bbox 2059 2833 3628 2906">
    <p class='ocr_par' dir='ltr' id='par_1_70' title="bbox 2059 2833 3628 2906">
     <span class='ocr_line' id='line_1_70' title="bbox 2059 2833 3628 2906; baseline -0.001 -17"><span class='ocrx_word' id='word_1_514' title='bbox 2059 2833 2258 2889; x_wconf 70' lang='lat' dir='ltr'><strong>effabili</strong></span> <span class='ocrx_word' id='word_1_515' title='bbox 2291 2836 2449 2891; x_wconf 90' lang='lat' dir='ltr'><strong>modo</strong></span> <span class='ocrx_word' id='word_1_516' title='bbox 2473 2836 2573 2906; x_wconf 85' lang='lat' dir='ltr'><strong>ipsi</strong></span> <span class='ocrx_word' id='word_1_517' title='bbox 2603 2837 2810 2888; x_wconf 89' lang='lat' dir='ltr'><strong>unitum</strong></span> <span class='ocrx_word' id='word_1_518' title='bbox 2843 2847 2947 2901; x_wconf 88' lang='lat' dir='ltr'><strong>est,</strong></span> <span class='ocrx_word' id='word_1_519' title='bbox 2977 2845 3224 2891; x_wconf 90' lang='lat' dir='ltr'><strong>sanctum</strong></span> <span class='ocrx_word' id='word_1_520' title='bbox 3261 2850 3322 2888; x_wconf 90' lang='lat' dir='ltr'><strong>ac</strong></span> <span class='ocrx_word' id='word_1_521' title='bbox 3353 2835 3628 2888; x_wconf 83' lang='lat' dir='ltr'><strong>viviticum</strong></span> 
     </span>
    </p>
   </div>
   <div class='ocr_carea' id='block_1_71' title="bbox 2059 2928 3635 2996">
    <p class='ocr_par' dir='ltr' id='par_1_71' title="bbox 2059 2928 3635 2996">
     <span class='ocr_line' id='line_1_71' title="bbox 2059 2928 3635 2996; baseline -0.003 -12"><span class='ocrx_word' id='word_1_522' title='bbox 2059 2928 2311 2984; x_wconf 79' lang='lat' dir='ltr'><strong>eﬂ&#39;ectum</strong></span> <span class='ocrx_word' id='word_1_523' title='bbox 2370 2939 2473 2993; x_wconf 90' lang='lat' dir='ltr'><strong>est,</strong></span> <span class='ocrx_word' id='word_1_524' title='bbox 2518 2937 2575 2983; x_wconf 91' lang='lat' dir='ltr'><strong>et</strong></span> <span class='ocrx_word' id='word_1_525' title='bbox 2627 2928 2825 2980; x_wconf 83' lang='lat' dir='ltr'><strong>divinae</strong></span> <span class='ocrx_word' id='word_1_526' title='bbox 2869 2929 3141 2982; x_wconf 80' lang='lat' dir='ltr'><strong>facultatis</strong></span> <span class='ocrx_word' id='word_1_527' title='bbox 3192 2928 3635 2996; x_wconf 66' lang='lat' dir='ltr'><strong>operationisque</strong></span> 
     </span>
    </p>
   </div>
   <div class='ocr_carea' id='block_1_72' title="bbox 2064 3020 3641 3096">
    <p class='ocr_par' dir='ltr' id='par_1_72' title="bbox 2064 3020 3641 3096">
     <span class='ocr_line' id='line_1_72' title="bbox 2064 3020 3641 3096; baseline -0.003 -19"><span class='ocrx_word' id='word_1_528' title='bbox 2064 3026 2302 3096; x_wconf 89' lang='lat' dir='ltr'><strong>plenum.</strong></span> <span class='ocrx_word' id='word_1_529' title='bbox 2329 3023 2436 3079; x_wconf 87' lang='lat' dir='ltr'><strong>Nos</strong></span> <span class='ocrx_word' id='word_1_530' title='bbox 2465 3038 2592 3077; x_wconf 77' lang='lat' dir='ltr'><strong>vero</strong></span> <span class='ocrx_word' id='word_1_531' title='bbox 2610 3024 2662 3076; x_wconf 91' lang='lat' dir='ltr'><strong>in</strong></span> <span class='ocrx_word' id='word_1_532' title='bbox 2687 3022 2901 3077; x_wconf 88' lang='lat' dir='ltr'><strong>Christo</strong></span> <span class='ocrx_word' id='word_1_533' title='bbox 2927 3033 3178 3090; x_wconf 88' lang='lat' dir='ltr'><strong>tanquam</strong></span> <span class='ocrx_word' id='word_1_534' title='bbox 3198 3020 3448 3086; x_wconf 86' lang='lat' dir='ltr'><strong>primitiis</strong></span> <span class='ocrx_word' id='word_1_535' title='bbox 3469 3031 3641 3072; x_wconf 81' lang='lat' dir='ltr'><strong>trans-</strong></span> 
     </span>
    </p>
   </div>
   <div class='ocr_carea' id='block_1_73' title="bbox 2069 3110 3644 3177">
    <p class='ocr_par' dir='ltr' id='par_1_73' title="bbox 2069 3110 3644 3177">
     <span class='ocr_line' id='line_1_73' title="bbox 2069 3110 3644 3177; baseline -0.008 -10"><span class='ocrx_word' id='word_1_536' title='bbox 2069 3114 2280 3168; x_wconf 82' lang='lat' dir='ltr'><strong>formati</strong></span> <span class='ocrx_word' id='word_1_537' title='bbox 2327 3113 2486 3168; x_wconf 89' lang='lat' dir='ltr'><strong>etiam</strong></span> <span class='ocrx_word' id='word_1_538' title='bbox 2517 3127 2724 3173; x_wconf 85' lang='lat' dir='ltr'><strong>smnus,</strong></span> <span class='ocrx_word' id='word_1_539' title='bbox 2755 3119 2810 3166; x_wconf 90' lang='lat' dir='ltr'><strong>et</strong></span> <span class='ocrx_word' id='word_1_540' title='bbox 2845 3110 3064 3162; x_wconf 88' lang='lat' dir='ltr'><strong>interitu</strong></span> <span class='ocrx_word' id='word_1_541' title='bbox 3095 3119 3259 3177; x_wconf 83' lang='lat' dir='ltr'><strong>atque</strong></span> <span class='ocrx_word' id='word_1_542' title='bbox 3306 3115 3528 3176; x_wconf 87' lang='lat' dir='ltr'><strong>peccato</strong></span> <span class='ocrx_word' id='word_1_543' title='bbox 3549 3120 3644 3159; x_wconf 86' lang='lat' dir='ltr'><strong>su-</strong></span> 
     </span>
    </p>
   </div>
   <div class='ocr_carea' id='block_1_74' title="bbox 2069 3195 3641 3276">
    <p class='ocr_par' dir='ltr' id='par_1_74' title="bbox 2069 3195 3641 3276">
     <span class='ocr_line' id='line_1_74' title="bbox 2069 3195 3641 3276; baseline -0.008 -16"><span class='ocrx_word' id='word_1_544' title='bbox 2069 3205 2308 3276; x_wconf 87' lang='lat' dir='ltr'><strong>periores</strong></span> <span class='ocrx_word' id='word_1_545' title='bbox 2340 3203 2616 3257; x_wconf 79' lang='lat' dir='ltr'><strong>declarati.</strong></span> <span class='ocrx_word' id='word_1_546' title='bbox 2652 3202 2728 3256; x_wconf 77' lang='lat' dir='ltr'><strong>Ae</strong></span> <span class='ocrx_word' id='word_1_547' title='bbox 2750 3216 2929 3254; x_wconf 91' lang='lat' dir='ltr'><strong>verum</strong></span> <span class='ocrx_word' id='word_1_548' title='bbox 2951 3201 3171 3254; x_wconf 88' lang='lat' dir='ltr'><strong>omnino</strong></span> <span class='ocrx_word' id='word_1_549' title='bbox 3196 3206 3302 3261; x_wconf 87' lang='lat' dir='ltr'><strong>est,</strong></span> <span class='ocrx_word' id='word_1_550' title='bbox 3324 3197 3476 3267; x_wconf 84' lang='lat' dir='ltr'><strong>juxta</strong></span> <span class='ocrx_word' id='word_1_551' title='bbox 3501 3195 3641 3250; x_wconf 88' lang='lat' dir='ltr'><strong>beati</strong></span> 
     </span>
    </p>
   </div>
   <div class='ocr_carea' id='block_1_75' title="bbox 2070 3287 3646 3361">
    <p class='ocr_par' dir='ltr' id='par_1_75' title="bbox 2070 3287 3646 3361">
     <span class='ocr_line' id='line_1_75' title="bbox 2070 3287 3646 3361; baseline -0.007 -12"><span class='ocrx_word' id='word_1_552' title='bbox 2070 3296 2216 3349; x_wconf 88' lang='lat' dir='ltr'><strong>Pauli</strong></span> <span class='ocrx_word' id='word_1_553' title='bbox 2241 3294 2584 3358; x_wconf 81' lang='lat' dir='ltr'><strong>sententiam,</strong></span> <span class='ocrx_word' id='word_1_554' title='bbox 2617 3293 2756 3361; x_wconf 88' lang='lat' dir='ltr'><strong>quod</strong></span> <span class='ocrx_word' id='word_1_555' title='bbox 2806 3310 2823 3342; x_wconf 79' lang='grc' dir='ltr'><strong>ι</strong></span> <span class='ocrx_word' id='word_1_556' title='bbox 2868 3288 3338 3356; x_wconf 81' lang='lat' dir='ltr'><strong>Quemadmodum</strong></span> <span class='ocrx_word' id='word_1_557' title='bbox 3394 3287 3646 3356; x_wconf 87' lang='lat' dir='ltr'><strong>portavi-</strong></span> 
     </span>
    </p>
   </div>
   <div class='ocr_carea' id='block_1_76' title="bbox 2071 3377 3644 3456">
    <p class='ocr_par' dir='ltr' id='par_1_76' title="bbox 2071 3377 3644 3456">
     <span class='ocr_line' id='line_1_76' title="bbox 2071 3377 3644 3456; baseline -0.008 -15"><span class='ocrx_word' id='word_1_558' title='bbox 2071 3404 2190 3441; x_wconf 88' lang='lat' dir='ltr'><strong>mus</strong></span> <span class='ocrx_word' id='word_1_559' title='bbox 2222 3386 2505 3456; x_wconf 83' lang='lat' dir='ltr'><strong>imagiuem</strong></span> <span class='ocrx_word' id='word_1_560' title='bbox 2541 3385 2759 3447; x_wconf 83' lang='lat' dir='ltr'><strong>terreni,</strong></span> <span class='ocrx_word' id='word_1_561' title='bbox 2788 3384 3120 3449; x_wconf 87' lang='lat' dir='ltr'><strong>portabimus</strong></span> <span class='ocrx_word' id='word_1_562' title='bbox 3156 3381 3315 3434; x_wconf 89' lang='lat' dir='ltr'><strong>etiam</strong></span> <span class='ocrx_word' id='word_1_563' title='bbox 3357 3377 3644 3448; x_wconf 85' lang='lat' dir='ltr'><strong>imaginem</strong></span> 
     </span>
    </p>
   </div>
   <div class='ocr_carea' id='block_1_77' title="bbox 2070 3469 3648 3542">
    <p class='ocr_par' dir='ltr' id='par_1_77' title="bbox 2070 3469 3648 3542">
     <span class='ocr_line' id='line_1_77' title="bbox 2070 3469 3648 3542; baseline -0.009 -9"><span class='ocrx_word' id='word_1_564' title='bbox 2070 3479 2327 3542; x_wconf 75' lang='lat' dir='ltr'><strong>t&#39;wlestis,</strong></span> <span class='ocrx_word' id='word_1_565' title='bbox 2375 3481 2395 3510; x_wconf 76' lang='grc'>³</span> <span class='ocrx_word' id='word_1_566' title='bbox 2437 3497 2454 3530; x_wconf 75' lang='grc' dir='ltr'><strong>ι</strong></span> <span class='ocrx_word' id='word_1_567' title='bbox 2497 3476 2598 3530; x_wconf 89' lang='lat' dir='ltr'><strong>hoc</strong></span> <span class='ocrx_word' id='word_1_568' title='bbox 2621 3486 2725 3539; x_wconf 87' lang='lat' dir='ltr'><strong>est,</strong></span> <span class='ocrx_word' id='word_1_569' title='bbox 2757 3474 2980 3529; x_wconf 85' lang='lat' dir='ltr'><strong>Christi.</strong></span> <span class='ocrx_word' id='word_1_570' title='bbox 3010 3471 3257 3526; x_wconf 77' lang='lat' dir='ltr'><strong>leestis</strong></span> <span class='ocrx_word' id='word_1_571' title='bbox 3291 3478 3465 3522; x_wconf 89' lang='lat' dir='ltr'><strong>autem</strong></span> <span class='ocrx_word' id='word_1_572' title='bbox 3490 3469 3648 3521; x_wconf 84' lang='lat' dir='ltr'><strong>homo</strong></span> 
     </span>
    </p>
   </div>
   <div class='ocr_carea' id='block_1_78' title="bbox 2072 3568 3641 3640">
    <p class='ocr_par' dir='ltr' id='par_1_78' title="bbox 2072 3568 3641 3640">
     <span class='ocr_line' id='line_1_78' title="bbox 2072 3568 3641 3640; baseline -0.006 -16"><span class='ocrx_word' id='word_1_573' title='bbox 2072 3570 2391 3640; x_wconf 78' lang='lat' dir='ltr'><strong>intelligitur</strong></span> <span class='ocrx_word' id='word_1_574' title='bbox 2413 3568 2694 3633; x_wconf 84' lang='lat' dir='ltr'><strong>Christus;</strong></span> <span class='ocrx_word' id='word_1_575' title='bbox 2731 3584 2834 3621; x_wconf 85' lang='lat' dir='ltr'><strong>non</strong></span> <span class='ocrx_word' id='word_1_576' title='bbox 2870 3576 3124 3635; x_wconf 83' lang='lat' dir='ltr'><strong>tanquam</strong></span> <span class='ocrx_word' id='word_1_577' title='bbox 3145 3578 3378 3632; x_wconf 83' lang='lat' dir='ltr'><strong>superne</strong></span> <span class='ocrx_word' id='word_1_578' title='bbox 3409 3571 3569 3629; x_wconf 87' lang='lat' dir='ltr'><strong>atque</strong></span> <span class='ocrx_word' id='word_1_579' title='bbox 3610 3574 3641 3614; x_wconf 89' lang='lat' dir='ltr'><strong>a</strong></span> 
     </span>
    </p>
   </div>
   <div class='ocr_carea' id='block_1_79' title="bbox 2072 3654 3648 3724">
    <p class='ocr_par' dir='ltr' id='par_1_79' title="bbox 2072 3654 3648 3724">
     <span class='ocr_line' id='line_1_79' title="bbox 2072 3654 3648 3724; baseline -0.008 -6"><span class='ocrx_word' id='word_1_580' title='bbox 2072 3662 2210 3718; x_wconf 66' lang='lat' dir='ltr'><strong>caelo</strong></span> <span class='ocrx_word' id='word_1_581' title='bbox 2261 3676 2481 3715; x_wconf 85' lang='lat' dir='ltr'><strong>carnem</strong></span> <span class='ocrx_word' id='word_1_582' title='bbox 2510 3663 2574 3714; x_wconf 91' lang='lat' dir='ltr'><strong>ad</strong></span> <span class='ocrx_word' id='word_1_583' title='bbox 2609 3677 2704 3714; x_wconf 84' lang='lat' dir='ltr'><strong>nos</strong></span> <span class='ocrx_word' id='word_1_584' title='bbox 2738 3659 3019 3722; x_wconf 87' lang='lat' dir='ltr'><strong>detulerit,</strong></span> <span class='ocrx_word' id='word_1_585' title='bbox 3057 3658 3150 3710; x_wconf 87' lang='lat' dir='ltr'><strong>sed</strong></span> <span class='ocrx_word' id='word_1_586' title='bbox 3194 3655 3335 3724; x_wconf 87' lang='lat' dir='ltr'><strong>quod</strong></span> <span class='ocrx_word' id='word_1_587' title='bbox 3384 3654 3522 3708; x_wconf 80' lang='lat' dir='ltr'><strong>Deus</strong></span> <span class='ocrx_word' id='word_1_588' title='bbox 3551 3669 3648 3706; x_wconf 85' lang='lat' dir='ltr'><strong>cx-</strong></span> 
     </span>
    </p>
   </div>
   <div class='ocr_carea' id='block_1_80' title="bbox 2072 3745 3645 3814">
    <p class='ocr_par' dir='ltr' id='par_1_80' title="bbox 2072 3745 3645 3814">
     <span class='ocr_line' id='line_1_80' title="bbox 2072 3745 3645 3814; baseline -0.007 -6"><span class='ocrx_word' id='word_1_589' title='bbox 2072 3755 2271 3809; x_wconf 88' lang='lat' dir='ltr'><strong>sistens</strong></span> <span class='ocrx_word' id='word_1_590' title='bbox 2303 3750 2556 3814; x_wconf 82' lang='lat' dir='ltr'><strong>Verbum,</strong></span> <span class='ocrx_word' id='word_1_591' title='bbox 2586 3750 2862 3804; x_wconf 76' lang='lat' dir='ltr'><strong>descendit</strong></span> <span class='ocrx_word' id='word_1_592' title='bbox 2887 3763 2917 3802; x_wconf 91' lang='lat' dir='ltr'><strong>e</strong></span> <span class='ocrx_word' id='word_1_593' title='bbox 2946 3747 3133 3810; x_wconf 75' lang='lat' dir='ltr'><strong>cmlis;</strong></span> <span class='ocrx_word' id='word_1_594' title='bbox 3159 3756 3213 3800; x_wconf 91' lang='lat' dir='ltr'><strong>et</strong></span> <span class='ocrx_word' id='word_1_595' title='bbox 3241 3745 3645 3799; x_wconf 86' lang='lat' dir='ltr'><strong>similitudinem</strong></span> 
     </span>
    </p>
   </div>
   <div class='ocr_carea' id='block_1_81' title="bbox 2074 3836 3649 3905">
    <p class='ocr_par' dir='ltr' id='par_1_81' title="bbox 2074 3836 3649 3905">
     <span class='ocr_line' id='line_1_81' title="bbox 2074 3836 3649 3905; baseline -0.007 -7"><span class='ocrx_word' id='word_1_596' title='bbox 2074 3846 2244 3898; x_wconf 85' lang='lat' dir='ltr'><strong>nostri</strong></span> <span class='ocrx_word' id='word_1_597' title='bbox 2281 3843 2519 3905; x_wconf 80' lang='lat' dir='ltr'><strong>subiens,</strong></span> <span class='ocrx_word' id='word_1_598' title='bbox 2559 3843 2659 3894; x_wconf 88' lang='lat' dir='ltr'><strong>hoc</strong></span> <span class='ocrx_word' id='word_1_599' title='bbox 2682 3840 3094 3904; x_wconf 73' lang='lat' dir='ltr'><strong>est,set-uudum</strong></span> <span class='ocrx_word' id='word_1_600' title='bbox 3121 3849 3335 3890; x_wconf 89' lang='lat' dir='ltr'><strong>carnem</strong></span> <span class='ocrx_word' id='word_1_601' title='bbox 3367 3850 3396 3888; x_wconf 91' lang='lat' dir='ltr'><strong>e</strong></span> <span class='ocrx_word' id='word_1_602' title='bbox 3426 3836 3649 3889; x_wconf 81' lang='lat' dir='ltr'><strong>muliere</strong></span> 
     </span>
    </p>
   </div>
   <div class='ocr_carea' id='block_1_82' title="bbox 2075 3924 3650 3999">
    <p class='ocr_par' dir='ltr' id='par_1_82' title="bbox 2075 3924 3650 3999">
     <span class='ocr_line' id='line_1_82' title="bbox 2075 3924 3650 3999; baseline -0.004 -12"><span class='ocrx_word' id='word_1_603' title='bbox 2075 3936 2210 3987; x_wconf 74' lang='lat' dir='ltr'><strong>sicut</strong></span> <span class='ocrx_word' id='word_1_604' title='bbox 2251 3947 2346 3986; x_wconf 87' lang='lat' dir='ltr'><strong>uos</strong></span> <span class='ocrx_word' id='word_1_605' title='bbox 2385 3943 2567 3992; x_wconf 87' lang='lat' dir='ltr'><strong>nattts,</strong></span> <span class='ocrx_word' id='word_1_606' title='bbox 2607 3941 2902 3999; x_wconf 75' lang='lat' dir='ltr'><strong>permansit</strong></span> <span class='ocrx_word' id='word_1_607' title='bbox 2927 3929 2977 3981; x_wconf 89' lang='lat' dir='ltr'><strong>id</strong></span> <span class='ocrx_word' id='word_1_608' title='bbox 3005 3926 3300 3996; x_wconf 88' lang='lat' dir='ltr'><strong>quoderat,</strong></span> <span class='ocrx_word' id='word_1_609' title='bbox 3332 3940 3361 3979; x_wconf 90' lang='lat' dir='ltr'><strong>e</strong></span> <span class='ocrx_word' id='word_1_610' title='bbox 3401 3924 3650 3992; x_wconf 78' lang='lat' dir='ltr'><strong>supernis</strong></span> 
     </span>
    </p>
   </div>
   <div class='ocr_carea' id='block_1_83' title="bbox 2017 4016 3650 4090">
    <p class='ocr_par' dir='ltr' id='par_1_83' title="bbox 2017 4016 3650 4090">
     <span class='ocr_line' id='line_1_83' title="bbox 2017 4016 3650 4090; baseline -0.004 -14"><span class='ocrx_word' id='word_1_611' title='bbox 2017 4084 2022 4090; x_wconf 26' lang='lat' dir='ltr'><strong>I</strong></span> <span class='ocrx_word' id='word_1_612' title='bbox 2079 4025 2329 4076; x_wconf 89' lang='lat' dir='ltr'><strong>nimirum</strong></span> <span class='ocrx_word' id='word_1_613' title='bbox 2359 4031 2521 4089; x_wconf 81' lang='lat' dir='ltr'><strong>atque</strong></span> <span class='ocrx_word' id='word_1_614' title='bbox 2547 4035 2576 4073; x_wconf 93' lang='lat' dir='ltr'><strong>e</strong></span> <span class='ocrx_word' id='word_1_615' title='bbox 2607 4018 2782 4084; x_wconf 81' lang='lat' dir='ltr'><strong>ccelis,</strong></span> <span class='ocrx_word' id='word_1_616' title='bbox 2813 4030 2865 4072; x_wconf 91' lang='lat' dir='ltr'><strong>et</strong></span> <span class='ocrx_word' id='word_1_617' title='bbox 2893 4034 3054 4086; x_wconf 82' lang='lat' dir='ltr'><strong>supra</strong></span> <span class='ocrx_word' id='word_1_618' title='bbox 3105 4031 3294 4072; x_wconf 86' lang='lat' dir='ltr'><strong>omnes</strong></span> <span class='ocrx_word' id='word_1_619' title='bbox 3357 4025 3414 4069; x_wconf 88' lang='lat' dir='ltr'><strong>ut</strong></span> <span class='ocrx_word' id='word_1_620' title='bbox 3469 4016 3609 4070; x_wconf 86' lang='lat' dir='ltr'><strong>Deus</strong></span> <span class='ocrx_word' id='word_1_621' title='bbox 3631 4053 3650 4081; x_wconf 87' lang='lat'><strong>,</strong></span> 
     </span>
    </p>
   </div>
   <div class='ocr_carea' id='block_1_84' title="bbox 2078 4105 3653 4169">
    <p class='ocr_par' dir='ltr' id='par_1_84' title="bbox 2078 4105 3653 4169">
     <span class='ocr_line' id='line_1_84' title="bbox 2078 4105 3653 4169; baseline -0.007 0"><span class='ocrx_word' id='word_1_622' title='bbox 2078 4116 2240 4169; x_wconf 88' lang='lat' dir='ltr'><strong>etiam</strong></span> <span class='ocrx_word' id='word_1_623' title='bbox 2273 4130 2392 4168; x_wconf 89' lang='lat' dir='ltr'><strong>cum</strong></span> <span class='ocrx_word' id='word_1_624' title='bbox 2417 4127 2600 4166; x_wconf 91' lang='lat' dir='ltr'><strong>carne.</strong></span> <span class='ocrx_word' id='word_1_625' title='bbox 2634 4111 2705 4164; x_wconf 88' lang='lat' dir='ltr'><strong>Ita</strong></span> <span class='ocrx_word' id='word_1_626' title='bbox 2735 4111 2876 4162; x_wconf 89' lang='lat' dir='ltr'><strong>cuitu</strong></span> <span class='ocrx_word' id='word_1_627' title='bbox 2914 4109 3038 4163; x_wconf 91' lang='lat' dir='ltr'><strong>alibi</strong></span> <span class='ocrx_word' id='word_1_628' title='bbox 3069 4107 3283 4160; x_wconf 84' lang='lat' dir='ltr'><strong>divinas</strong></span> <span class='ocrx_word' id='word_1_629' title='bbox 3303 4105 3540 4160; x_wconf 80' lang='lat' dir='ltr'><strong>Joannes</strong></span> <span class='ocrx_word' id='word_1_630' title='bbox 3571 4107 3653 4159; x_wconf 87' lang='lat' dir='ltr'><strong>in-</strong></span> 
     </span>
    </p>
   </div>
   <div class='ocr_carea' id='block_1_85' title="bbox 2079 4199 3648 4276">
    <p class='ocr_par' dir='ltr' id='par_1_85' title="bbox 2079 4199 3648 4276">
     <span class='ocr_line' id='line_1_85' title="bbox 2079 4199 3648 4276; baseline -0.006 -18"><span class='ocrx_word' id='word_1_631' title='bbox 2079 4207 2195 4276; x_wconf 87' lang='lat' dir='ltr'><strong>quit</strong></span> <span class='ocrx_word' id='word_1_632' title='bbox 2223 4222 2234 4256; x_wconf 95' lang='lat'><strong>:</strong></span> <span class='ocrx_word' id='word_1_633' title='bbox 2281 4225 2300 4257; x_wconf 85' lang='grc'><strong><em>‹</em></strong></span> <span class='ocrx_word' id='word_1_634' title='bbox 2330 4205 2430 4271; x_wconf 72' lang='lat' dir='ltr'><strong>Qui</strong></span> <span class='ocrx_word' id='word_1_635' title='bbox 2468 4220 2498 4259; x_wconf 92' lang='lat' dir='ltr'><strong>e</strong></span> <span class='ocrx_word' id='word_1_636' title='bbox 2529 4202 2778 4272; x_wconf 88' lang='lat' dir='ltr'><strong>supernis</strong></span> <span class='ocrx_word' id='word_1_637' title='bbox 2805 4201 2971 4263; x_wconf 82' lang='lat' dir='ltr'><strong>venit,</strong></span> <span class='ocrx_word' id='word_1_638' title='bbox 2998 4213 3155 4266; x_wconf 88' lang='lat' dir='ltr'><strong>supra</strong></span> <span class='ocrx_word' id='word_1_639' title='bbox 3193 4212 3379 4251; x_wconf 87' lang='lat' dir='ltr'><strong>Omnes</strong></span> <span class='ocrx_word' id='word_1_640' title='bbox 3402 4206 3486 4252; x_wconf 89' lang='lat' dir='ltr'><strong>est</strong></span> <span class='ocrx_word' id='word_1_641' title='bbox 3549 4199 3587 4251; x_wconf 87' lang='grc'><strong>⁸.</strong></span> <span class='ocrx_word' id='word_1_642' title='bbox 3629 4214 3648 4248; x_wconf 71' lang='grc' dir='ltr'><strong>ι</strong></span> 
     </span>
    </p>
   </div>
   <div class='ocr_carea' id='block_1_86' title="bbox 2081 4287 3652 4352">
    <p class='ocr_par' dir='ltr' id='par_1_86' title="bbox 2081 4287 3652 4352">
     <span class='ocr_line' id='line_1_86' title="bbox 2081 4287 3652 4352; baseline -0.008 0"><span class='ocrx_word' id='word_1_643' title='bbox 2081 4297 2384 4352; x_wconf 81' lang='lat' dir='ltr'><strong>Permansit</strong></span> <span class='ocrx_word' id='word_1_644' title='bbox 2445 4294 2588 4348; x_wconf 90' lang='lat' dir='ltr'><strong>enim</strong></span> <span class='ocrx_word' id='word_1_645' title='bbox 2643 4293 2803 4346; x_wconf 90' lang='lat' dir='ltr'><strong>totius</strong></span> <span class='ocrx_word' id='word_1_646' title='bbox 2845 4291 3082 4344; x_wconf 82' lang='lat' dir='ltr'><strong>universi</strong></span> <span class='ocrx_word' id='word_1_647' title='bbox 3122 4288 3402 4352; x_wconf 89' lang='lat' dir='ltr'><strong>Dominus,</strong></span> <span class='ocrx_word' id='word_1_648' title='bbox 3442 4287 3652 4341; x_wconf 91' lang='lat' dir='ltr'><strong>tametsi</strong></span> 
     </span>
    </p>
   </div>
   <div class='ocr_carea' id='block_1_87' title="bbox 406 4378 1969 4486">
    <p class='ocr_par' dir='ltr' id='par_1_87' title="bbox 406 4388 1969 4462">
     <span class='ocr_line' id='line_1_87' title="bbox 406 4388 1969 4462; baseline 0.003 -23"><span class='ocrx_word' id='word_1_649' title='bbox 406 4404 540 4456; x_wconf 86' lang='grc' dir='ltr'>ριος,</span> <span class='ocrx_word' id='word_1_650' title='bbox 573 4389 666 4440; x_wconf 79' lang='grc' dir='ltr'>καί.</span> <span class='ocrx_word' id='word_1_651' title='bbox 693 4388 752 4440; x_wconf 81' lang='grc' dir='ltr'>ὲν</span> <span class='ocrx_word' id='word_1_652' title='bbox 792 4391 862 4460; x_wconf 77' lang='grc' dir='ltr'>τῇ</span> <span class='ocrx_word' id='word_1_653' title='bbox 901 4389 996 4441; x_wconf 86' lang='grc' dir='ltr'><strong>τοῦ</strong></span> <span class='ocrx_word' id='word_1_654' title='bbox 1035 4388 1226 4442; x_wconf 77' lang='grc' dir='ltr'>δούλου</span> <span class='ocrx_word' id='word_1_655' title='bbox 1279 4392 1461 4462; x_wconf 81' lang='grc' dir='ltr'>μορφῇ</span> <span class='ocrx_word' id='word_1_656' title='bbox 1492 4389 1730 4458; x_wconf 88' lang='grc' dir='ltr'>γεγονὼς</span> <span class='ocrx_word' id='word_1_657' title='bbox 1766 4391 1969 4444; x_wconf 88' lang='grc' dir='ltr'>οἰκονο-</span> 
     </span>
    </p>
   </div>
   <div class='ocr_carea' id='block_1_88' title="bbox 2069 4378 3654 4486">
    <p class='ocr_par' dir='ltr' id='par_1_88' title="bbox 2084 4378 3654 4454">
     <span class='ocr_line' id='line_1_88' title="bbox 2084 4378 3654 4454; baseline -0.008 -12"><span class='ocrx_word' id='word_1_658' title='bbox 2084 4391 2291 4443; x_wconf 87' lang='lat' dir='ltr'><strong>ratione</strong></span> <span class='ocrx_word' id='word_1_659' title='bbox 2322 4385 2709 4443; x_wconf 87' lang='lat' dir='ltr'><strong>incarnationis</strong></span> <span class='ocrx_word' id='word_1_660' title='bbox 2739 4385 2968 4438; x_wconf 75' lang='lat' dir='ltr'><strong>formam</strong></span> <span class='ocrx_word' id='word_1_661' title='bbox 3032 4381 3175 4435; x_wconf 90' lang='lat' dir='ltr'><strong>servi</strong></span> <span class='ocrx_word' id='word_1_662' title='bbox 3215 4378 3510 4454; x_wconf 79' lang='lat' dir='ltr'><strong>acceperit,</strong></span> <span class='ocrx_word' id='word_1_663' title='bbox 3571 4388 3654 4430; x_wconf 88' lang='lat' dir='ltr'><strong>at-</strong></span> 
     </span>
    </p>
   </div>
   <div class='ocr_carea' id='block_1_89' title="bbox 407 4475 1980 4551">
    <p class='ocr_par' dir='ltr' id='par_1_89' title="bbox 407 4475 1980 4551">
     <span class='ocr_line' id='line_1_89' title="bbox 407 4475 1980 4551; baseline 0.003 -23"><span class='ocrx_word' id='word_1_664' title='bbox 407 4475 604 4546; x_wconf 85' lang='grc' dir='ltr'>μικῶς,</span> <span class='ocrx_word' id='word_1_665' title='bbox 638 4476 732 4529; x_wconf 75' lang='grc' dir='ltr'><strong>καὶ</strong></span> <span class='ocrx_word' id='word_1_666' title='bbox 761 4477 1062 4548; x_wconf 79' lang='grc' dir='ltr'>παράδοξον</span> <span class='ocrx_word' id='word_1_667' title='bbox 1083 4478 1298 4549; x_wconf 82' lang='grc' dir='ltr'>ἀληθῶς</span> <span class='ocrx_word' id='word_1_668' title='bbox 1315 4478 1402 4532; x_wconf 86' lang='grc' dir='ltr'><strong>διά</strong></span> <span class='ocrx_word' id='word_1_669' title='bbox 1431 4479 1608 4533; x_wconf 86' lang='grc' dir='ltr'>ταῦτά</span> <span class='ocrx_word' id='word_1_670' title='bbox 1634 4479 1750 4532; x_wconf 77' lang='grc' dir='ltr'>ἐστι</span> <span class='ocrx_word' id='word_1_671' title='bbox 1772 4479 1980 4551; x_wconf 84' lang='grc' dir='ltr'>τὸΧρι-</span> 
     </span>
    </p>
   </div>
   <div class='ocr_carea' id='block_1_90' title="bbox 404 4567 1982 4642">
    <p class='ocr_par' dir='ltr' id='par_1_90' title="bbox 404 4567 1982 4642">
     <span class='ocr_line' id='line_1_90' title="bbox 404 4567 1982 4642; baseline 0.003 -23"><span class='ocrx_word' id='word_1_672' title='bbox 404 4567 532 4622; x_wconf 82' lang='grc' dir='ltr'>στοῦ</span> <span class='ocrx_word' id='word_1_673' title='bbox 571 4570 889 4640; x_wconf 86' lang='grc' dir='ltr'>μυστήριον.</span> <span class='ocrx_word' id='word_1_674' title='bbox 923 4570 1033 4624; x_wconf 68' lang='grc' dir='ltr'>Καὶ</span> <span class='ocrx_word' id='word_1_675' title='bbox 1065 4570 1194 4638; x_wconf 86' lang='grc' dir='ltr'>γοῦν</span> <span class='ocrx_word' id='word_1_676' title='bbox 1227 4571 1331 4642; x_wconf 76' lang='grc' dir='ltr'>ἔφη</span> <span class='ocrx_word' id='word_1_677' title='bbox 1363 4587 1467 4624; x_wconf 86' lang='grc' dir='ltr'><strong>που</strong></span> <span class='ocrx_word' id='word_1_678' title='bbox 1517 4571 1652 4641; x_wconf 79' lang='grc' dir='ltr'>πρὸς</span> <span class='ocrx_word' id='word_1_679' title='bbox 1694 4571 1982 4636; x_wconf 85' lang='grc' dir='ltr'>Ἰουδαίους</span> 
     </span>
    </p>
   </div>
   <div class='ocr_carea' id='block_1_91' title="bbox 401 4661 1980 4734">
    <p class='ocr_par' dir='ltr' id='par_1_91' title="bbox 401 4661 1980 4734">
     <span class='ocr_line' id='line_1_91' title="bbox 401 4661 1980 4734; baseline 0.002 -20"><span class='ocrx_word' id='word_1_680' title='bbox 401 4661 472 4714; x_wconf 82' lang='grc' dir='ltr'>δι’</span> <span class='ocrx_word' id='word_1_681' title='bbox 497 4661 614 4725; x_wconf 80' lang='grc' dir='ltr'>ἑνὸς</span> <span class='ocrx_word' id='word_1_682' title='bbox 640 4661 749 4714; x_wconf 84' lang='grc' dir='ltr'><strong>τῶν</strong></span> <span class='ocrx_word' id='word_1_683' title='bbox 781 4662 1077 4734; x_wconf 60' lang='grc' dir='ltr'>προφητῶν</span> <span class='ocrx_word' id='word_1_684' title='bbox 1100 4665 1128 4717; x_wconf 88' lang='lat'><strong>6</strong></span> <span class='ocrx_word' id='word_1_685' title='bbox 1156 4662 1289 4726; x_wconf 82' lang='grc' dir='ltr'>Θεὸς</span> <span class='ocrx_word' id='word_1_686' title='bbox 1315 4662 1410 4717; x_wconf 77' lang='grc' dir='ltr'>καὶ</span> <span class='ocrx_word' id='word_1_687' title='bbox 1432 4664 1642 4734; x_wconf 78' lang='grc' dir='ltr'>Πατήρο</span> <span class='ocrx_word' id='word_1_688' title='bbox 1671 4681 1690 4715; x_wconf 76' lang='lat' dir='ltr'><strong>t</strong></span> <span class='ocrx_word' id='word_1_689' title='bbox 1716 4664 1906 4728; x_wconf 87' lang='grc' dir='ltr'>Ἴδετε,</span> <span class='ocrx_word' id='word_1_690' title='bbox 1931 4665 1980 4717; x_wconf 80' lang='lat' dir='ltr'><strong>oi</strong></span> 
     </span>
    </p>
   </div>
   <div class='ocr_carea' id='block_1_92' title="bbox 403 4753 1980 4826">
    <p class='ocr_par' dir='ltr' id='par_1_92' title="bbox 403 4753 1980 4826">
     <span class='ocr_line' id='line_1_92' title="bbox 403 4753 1980 4826; baseline 0.003 -22"><span class='ocrx_word' id='word_1_691' title='bbox 403 4753 837 4822; x_wconf 63' lang='grc' dir='ltr'>καταφρονηταὶ,</span> <span class='ocrx_word' id='word_1_692' title='bbox 869 4754 962 4806; x_wconf 75' lang='grc' dir='ltr'><strong>καὶ</strong></span> <span class='ocrx_word' id='word_1_693' title='bbox 999 4754 1358 4826; x_wconf 85' lang='grc' dir='ltr'>ἀφανίσθητε,</span> <span class='ocrx_word' id='word_1_694' title='bbox 1388 4755 1483 4809; x_wconf 83' lang='grc' dir='ltr'>καὶ</span> <span class='ocrx_word' id='word_1_695' title='bbox 1524 4754 1871 4825; x_wconf 87' lang='grc' dir='ltr'>θαυμάσατε,</span> <span class='ocrx_word' id='word_1_696' title='bbox 1897 4756 1980 4809; x_wconf 83' lang='grc' dir='ltr'>ὅτι</span> 
     </span>
    </p>
   </div>
   <div class='ocr_carea' id='block_1_93' title="bbox 404 4841 1982 4920">
    <p class='ocr_par' dir='ltr' id='par_1_93' title="bbox 404 4841 1982 4920">
     <span class='ocr_line' id='line_1_93' title="bbox 404 4841 1982 4920; baseline 0.004 -26"><span class='ocrx_word' id='word_1_697' title='bbox 404 4844 568 4913; x_wconf 78' lang='grc' dir='ltr'>ἔργον</span> <span class='ocrx_word' id='word_1_698' title='bbox 600 4845 710 4912; x_wconf 75' lang='grc' dir='ltr'><strong>ἐγὼ</strong></span> <span class='ocrx_word' id='word_1_699' title='bbox 737 4841 1041 4914; x_wconf 77' lang='grc' dir='ltr'>ἐργάζομαι</span> <span class='ocrx_word' id='word_1_700' title='bbox 1080 4847 1137 4898; x_wconf 85' lang='grc' dir='ltr'>ὲν</span> <span class='ocrx_word' id='word_1_701' title='bbox 1169 4849 1290 4910; x_wconf 88' lang='grc' dir='ltr'>ταῖς</span> <span class='ocrx_word' id='word_1_702' title='bbox 1324 4847 1558 4917; x_wconf 81' lang='grc' dir='ltr'>ἡμέραις</span> <span class='ocrx_word' id='word_1_703' title='bbox 1591 4847 1774 4916; x_wconf 72' lang='grc' dir='ltr'><strong>ὑμῶνν</strong></span> <span class='ocrx_word' id='word_1_704' title='bbox 1819 4847 1982 4920; x_wconf 76' lang='grc' dir='ltr'>ἔργον</span> 
     </span>
    </p>
   </div>
   <div class='ocr_carea' id='block_1_94' title="bbox 402 4928 1975 5008">
    <p class='ocr_par' dir='ltr' id='par_1_94' title="bbox 402 4928 1975 5008">
     <span class='ocr_line' id='line_1_94' title="bbox 402 4928 1975 5008; baseline 0.001 -20"><span class='ocrx_word' id='word_1_705' title='bbox 402 4928 448 5003; x_wconf 79' lang='grc' dir='ltr'>ᾧ</span> <span class='ocrx_word' id='word_1_706' title='bbox 497 4935 556 4988; x_wconf 79' lang='grc' dir='ltr'>οὐ</span> <span class='ocrx_word' id='word_1_707' title='bbox 592 4935 667 5006; x_wconf 83' lang='grc' dir='ltr'>μὴ</span> <span class='ocrx_word' id='word_1_708' title='bbox 708 4935 1060 5006; x_wconf 82' lang='grc' dir='ltr'>πιστεύσητε,</span> <span class='ocrx_word' id='word_1_709' title='bbox 1089 4937 1184 4990; x_wconf 82' lang='grc' dir='ltr'><strong>ὲάν</strong></span> <span class='ocrx_word' id='word_1_710' title='bbox 1223 4954 1308 5000; x_wconf 87' lang='grc' dir='ltr'><strong>τις</strong></span> <span class='ocrx_word' id='word_1_711' title='bbox 1346 4938 1740 5008; x_wconf 81' lang='grc' dir='ltr'>ὲκδιηγήσηται</span> <span class='ocrx_word' id='word_1_712' title='bbox 1776 4939 1922 5008; x_wconf 83' lang='grc' dir='ltr'>ὑμῖν.</span> <span class='ocrx_word' id='word_1_713' title='bbox 1956 4956 1975 4989; x_wconf 84' lang='grc'>›</span> 
     </span>
    </p>
   </div>
   <div class='ocr_carea' id='block_1_95' title="bbox 406 5025 1977 5100">
    <p class='ocr_par' dir='ltr' id='par_1_95' title="bbox 406 5025 1977 5100">
     <span class='ocr_line' id='line_1_95' title="bbox 406 5025 1977 5100; baseline 0.003 -22"><span class='ocrx_word' id='word_1_714' title='bbox 406 5025 760 5080; x_wconf 83' lang='grc' dir='ltr'>Κινδυνεύσει</span> <span class='ocrx_word' id='word_1_715' title='bbox 787 5025 895 5097; x_wconf 85' lang='grc' dir='ltr'>γὰρ</span> <span class='ocrx_word' id='word_1_716' title='bbox 919 5026 1264 5082; x_wconf 84' lang='grc' dir='ltr'>ἀπιστεῖσθαι</span> <span class='ocrx_word' id='word_1_717' title='bbox 1298 5028 1360 5082; x_wconf 85' lang='grc' dir='ltr'><strong>τὸ</strong></span> <span class='ocrx_word' id='word_1_718' title='bbox 1383 5029 1621 5100; x_wconf 85' lang='grc' dir='ltr'>Χριστοῦ</span> <span class='ocrx_word' id='word_1_719' title='bbox 1657 5031 1977 5100; x_wconf 85' lang='grc' dir='ltr'>μυστήριον,</span> 
     </span>
    </p>
   </div>
   <div class='ocr_carea' id='block_1_96' title="bbox 406 5116 1985 5192">
    <p class='ocr_par' dir='ltr' id='par_1_96' title="bbox 406 5116 1985 5192">
     <span class='ocr_line' id='line_1_96' title="bbox 406 5116 1985 5192; baseline 0.003 -23"><span class='ocrx_word' id='word_1_720' title='bbox 406 5116 495 5170; x_wconf 80' lang='grc' dir='ltr'>διὰ</span> <span class='ocrx_word' id='word_1_721' title='bbox 516 5117 612 5188; x_wconf 84' lang='grc' dir='ltr'>τὴν</span> <span class='ocrx_word' id='word_1_722' title='bbox 629 5118 724 5170; x_wconf 86' lang='grc' dir='ltr'><strong>τοῦ</strong></span> <span class='ocrx_word' id='word_1_723' title='bbox 743 5117 1018 5188; x_wconf 82' lang='grc' dir='ltr'>θαύματος</span> <span class='ocrx_word' id='word_1_724' title='bbox 1035 5119 1138 5172; x_wconf 75' lang='grc' dir='ltr'><strong>ὐπε</strong></span> <span class='ocrx_word' id='word_1_725' title='bbox 1147 5118 1365 5190; x_wconf 81' lang='grc' dir='ltr'>ρϐολήν.</span> <span class='ocrx_word' id='word_1_726' title='bbox 1385 5119 1518 5183; x_wconf 86' lang='grc' dir='ltr'>Θεὸς</span> <span class='ocrx_word' id='word_1_727' title='bbox 1537 5116 1607 5190; x_wconf 79' lang='grc' dir='ltr'>ἦν</span> <span class='ocrx_word' id='word_1_728' title='bbox 1624 5122 1681 5173; x_wconf 84' lang='grc' dir='ltr'><strong>ὲν</strong></span> <span class='ocrx_word' id='word_1_729' title='bbox 1700 5121 1797 5174; x_wconf 87' lang='grc' dir='ltr'><strong>ἀνθ</strong></span> <span class='ocrx_word' id='word_1_730' title='bbox 1806 5121 1985 5192; x_wconf 82' lang='grc' dir='ltr'>ρωπό-</span> 
     </span>
    </p>
   </div>
   <div class='ocr_carea' id='block_1_97' title="bbox 411 5210 1987 5284">
    <p class='ocr_par' dir='ltr' id='par_1_97' title="bbox 411 5210 1987 5284">
     <span class='ocr_line' id='line_1_97' title="bbox 411 5210 1987 5284; baseline 0.004 -24"><span class='ocrx_word' id='word_1_731' title='bbox 411 5225 533 5279; x_wconf 86' lang='grc' dir='ltr'>τητι</span> <span class='ocrx_word' id='word_1_732' title='bbox 567 5210 659 5262; x_wconf 78' lang='grc' dir='ltr'>καί.</span> <span class='ocrx_word' id='word_1_733' title='bbox 690 5210 750 5263; x_wconf 82' lang='grc' dir='ltr'>ὲν</span> <span class='ocrx_word' id='word_1_734' title='bbox 783 5213 896 5274; x_wconf 90' lang='grc' dir='ltr'>τοῖς</span> <span class='ocrx_word' id='word_1_735' title='bbox 928 5211 1050 5264; x_wconf 88' lang='grc' dir='ltr'>καθ’</span> <span class='ocrx_word' id='word_1_736' title='bbox 1089 5212 1259 5281; x_wconf 80' lang='grc' dir='ltr'>ἡμᾶς,</span> <span class='ocrx_word' id='word_1_737' title='bbox 1292 5212 1320 5264; x_wconf 91' lang='lat'><strong>6</strong></span> <span class='ocrx_word' id='word_1_738' title='bbox 1361 5212 1502 5283; x_wconf 79' lang='grc' dir='ltr'>ὑπὲρ</span> <span class='ocrx_word' id='word_1_739' title='bbox 1530 5215 1711 5267; x_wconf 81' lang='grc' dir='ltr'>πᾶσαν</span> <span class='ocrx_word' id='word_1_740' title='bbox 1743 5213 1840 5284; x_wconf 80' lang='grc' dir='ltr'>τὴν</span> <span class='ocrx_word' id='word_1_741' title='bbox 1867 5215 1987 5267; x_wconf 89' lang='grc' dir='ltr'>κτί-</span> 
     </span>
    </p>
   </div>
   <div class='ocr_carea' id='block_1_98' title="bbox 414 5300 1989 5376">
    <p class='ocr_par' dir='ltr' id='par_1_98' title="bbox 414 5300 1989 5376">
     <span class='ocr_line' id='line_1_98' title="bbox 414 5300 1989 5376; baseline 0.004 -24"><span class='ocrx_word' id='word_1_742' title='bbox 414 5317 498 5352; x_wconf 89' lang='grc' dir='ltr'><strong>σιν</strong></span> <span class='ocrx_word' id='word_1_743' title='bbox 520 5315 532 5329; x_wconf 82' lang='grc'><em>’</em></span> <span class='ocrx_word' id='word_1_744' title='bbox 562 5300 816 5372; x_wconf 85' lang='grc' dir='ltr'>ἀόρατος,</span> <span class='ocrx_word' id='word_1_745' title='bbox 841 5303 1035 5374; x_wconf 85' lang='grc' dir='ltr'>ὁρατὸς</span> <span class='ocrx_word' id='word_1_746' title='bbox 1075 5304 1217 5358; x_wconf 79' lang='grc' dir='ltr'>κατὰ</span> <span class='ocrx_word' id='word_1_747' title='bbox 1262 5304 1464 5375; x_wconf 78' lang='grc' dir='ltr'>σάρκα,</span> <span class='ocrx_word' id='word_1_748' title='bbox 1488 5305 1517 5356; x_wconf 97' lang='lat'><strong>6</strong></span> <span class='ocrx_word' id='word_1_749' title='bbox 1540 5304 1599 5369; x_wconf 78' lang='grc' dir='ltr'><strong>ἐξ</strong></span> <span class='ocrx_word' id='word_1_750' title='bbox 1624 5306 1851 5376; x_wconf 82' lang='grc' dir='ltr'>οὐρανοῦ</span> <span class='ocrx_word' id='word_1_751' title='bbox 1891 5306 1989 5360; x_wconf 78' lang='grc' dir='ltr'>καὶ</span> 
     </span>
    </p>
   </div>
   <div class='ocr_carea' id='block_1_99' title="bbox 415 5392 1985 5468">
    <p class='ocr_par' dir='ltr' id='par_1_99' title="bbox 415 5392 1985 5468">
     <span class='ocr_line' id='line_1_99' title="bbox 415 5392 1985 5468; baseline 0.004 -24"><span class='ocrx_word' id='word_1_752' title='bbox 415 5392 641 5454; x_wconf 73' lang='grc' dir='ltr'>ἄνωθεν,</span> <span class='ocrx_word' id='word_1_753' title='bbox 687 5395 743 5445; x_wconf 81' lang='grc' dir='ltr'>ἐν</span> <span class='ocrx_word' id='word_1_754' title='bbox 774 5394 902 5446; x_wconf 77' lang='grc' dir='ltr'>εῖδει</span> <span class='ocrx_word' id='word_1_755' title='bbox 935 5397 1043 5448; x_wconf 85' lang='grc' dir='ltr'>τῶν</span> <span class='ocrx_word' id='word_1_756' title='bbox 1089 5397 1312 5466; x_wconf 84' lang='grc' dir='ltr'>χοῖκῶν·</span> <span class='ocrx_word' id='word_1_757' title='bbox 1367 5395 1556 5459; x_wconf 85' lang='grc' dir='ltr'>ἁπτὸς,</span> <span class='ocrx_word' id='word_1_758' title='bbox 1603 5398 1630 5448; x_wconf 93' lang='lat'><strong>6</strong></span> <span class='ocrx_word' id='word_1_759' title='bbox 1663 5398 1911 5468; x_wconf 75' lang='grc' dir='ltr'>άναφήςο</span> <span class='ocrx_word' id='word_1_760' title='bbox 1957 5398 1985 5450; x_wconf 87' lang='grc' dir='ltr'>ὁ</span> 
     </span>
    </p>
   </div>
   <div class='ocr_carea' id='block_1_100' title="bbox 418 5484 1985 5562">
    <p class='ocr_par' dir='ltr' id='par_1_100' title="bbox 418 5484 1985 5562">
     <span class='ocr_line' id='line_1_100' title="bbox 418 5484 1985 5562; baseline 0.002 -24"><span class='ocrx_word' id='word_1_761' title='bbox 418 5485 557 5538; x_wconf 77' lang='grc' dir='ltr'><strong>κατά</strong></span> <span class='ocrx_word' id='word_1_762' title='bbox 597 5484 756 5554; x_wconf 78' lang='grc' dir='ltr'>φύσιν</span> <span class='ocrx_word' id='word_1_763' title='bbox 797 5486 932 5540; x_wconf 82' lang='grc' dir='ltr'>ἰδίαν</span> <span class='ocrx_word' id='word_1_764' title='bbox 982 5487 1283 5558; x_wconf 75' lang='grc' dir='ltr'>ἐλεύθερος,</span> <span class='ocrx_word' id='word_1_765' title='bbox 1334 5488 1392 5540; x_wconf 82' lang='grc' dir='ltr'>ὲν</span> <span class='ocrx_word' id='word_1_766' title='bbox 1438 5487 1628 5542; x_wconf 90' lang='grc' dir='ltr'>δούλου</span> <span class='ocrx_word' id='word_1_767' title='bbox 1688 5491 1905 5562; x_wconf 73' lang='grc' dir='ltr'>μορφῇ·</span> <span class='ocrx_word' id='word_1_768' title='bbox 1957 5489 1985 5541; x_wconf 92' lang='lat'><strong>6</strong></span> 
     </span>
    </p>
   </div>
   <div class='ocr_carea' id='block_1_101' title="bbox 408 5566 1984 5652">
    <p class='ocr_par' dir='ltr' id='par_1_101' title="bbox 408 5566 1984 5652">
     <span class='ocr_line' id='line_1_101' title="bbox 408 5566 1984 5652; baseline -0.001 -15"><span class='ocrx_word' id='word_1_769' title='bbox 408 5583 649 5651; x_wconf 72' lang='grc' dir='ltr'>εὐλογῶν</span> <span class='ocrx_word' id='word_1_770' title='bbox 683 5583 782 5652; x_wconf 85' lang='grc' dir='ltr'><strong>τὴν</strong></span> <span class='ocrx_word' id='word_1_771' title='bbox 812 5583 1008 5640; x_wconf 79' lang='grc' dir='ltr'>κτίσιν,</span> <span class='ocrx_word' id='word_1_772' title='bbox 1047 5581 1347 5649; x_wconf 78' lang='grc' dir='ltr'>ἐπάρατος,</span> <span class='ocrx_word' id='word_1_773' title='bbox 1388 5580 1480 5633; x_wconf 79' lang='grc' dir='ltr'><strong>καί</strong></span> <span class='ocrx_word' id='word_1_774' title='bbox 1509 5581 1568 5634; x_wconf 81' lang='grc' dir='ltr'>ἐν</span> <span class='ocrx_word' id='word_1_775' title='bbox 1606 5566 1716 5635; x_wconf 72' lang='grc' dir='ltr'>τοῖς</span> <span class='ocrx_word' id='word_1_776' title='bbox 1743 5581 1984 5650; x_wconf 84' lang='grc' dir='ltr'>ἀνόμοις,</span> 
     </span>
    </p>
   </div>
   <div class='ocr_carea' id='block_1_102' title="bbox 405 5659 1986 5747">
    <p class='ocr_par' dir='ltr' id='par_1_102' title="bbox 405 5659 1986 5747">
     <span class='ocr_line' id='line_1_102' title="bbox 405 5659 1986 5747; baseline -0.002 -19"><span class='ocrx_word' id='word_1_777' title='bbox 405 5678 441 5747; x_wconf 80' lang='grc' dir='ltr'>ἠ</span> <span class='ocrx_word' id='word_1_778' title='bbox 475 5675 622 5729; x_wconf 73' lang='grc' dir='ltr'>πᾶσα</span> <span class='ocrx_word' id='word_1_779' title='bbox 651 5674 993 5739; x_wconf 60' lang='grc' dir='ltr'>δικαιοσύνη,</span> <span class='ocrx_word' id='word_1_780' title='bbox 1021 5673 1115 5726; x_wconf 67' lang='grc' dir='ltr'><strong>καὶ</strong></span> <span class='ocrx_word' id='word_1_781' title='bbox 1151 5673 1209 5724; x_wconf 87' lang='grc' dir='ltr'>ὲν</span> <span class='ocrx_word' id='word_1_782' title='bbox 1239 5659 1464 5740; x_wconf 79' lang='grc' dir='ltr'>δοκήσεί</span> <span class='ocrx_word' id='word_1_783' title='bbox 1499 5671 1731 5725; x_wconf 84' lang='grc' dir='ltr'>θανάτου</span> <span class='ocrx_word' id='word_1_784' title='bbox 1760 5677 1986 5742; x_wconf 71' lang='grc' dir='ltr'>γέγονεν</span> 
     </span>
    </p>
   </div>
   <div class='ocr_carea' id='block_1_103' title="bbox 2084 4470 3656 4552">
    <p class='ocr_par' dir='ltr' id='par_1_103' title="bbox 2084 4470 3656 4552">
     <span class='ocr_line' id='line_1_103' title="bbox 2084 4470 3656 4552; baseline -0.006 -17"><span class='ocrx_word' id='word_1_785' title='bbox 2084 4498 2188 4552; x_wconf 88' lang='lat' dir='ltr'><strong>que</strong></span> <span class='ocrx_word' id='word_1_786' title='bbox 2210 4473 2585 4535; x_wconf 83' lang='lat' dir='ltr'><strong>admirandum</strong></span> <span class='ocrx_word' id='word_1_787' title='bbox 2612 4493 2793 4532; x_wconf 83' lang='lat' dir='ltr'><strong>revera</strong></span> <span class='ocrx_word' id='word_1_788' title='bbox 2820 4487 2903 4530; x_wconf 91' lang='lat' dir='ltr'><strong>est</strong></span> <span class='ocrx_word' id='word_1_789' title='bbox 2927 4477 2996 4529; x_wconf 91' lang='lat' dir='ltr'><strong>ob</strong></span> <span class='ocrx_word' id='word_1_790' title='bbox 3029 4473 3143 4528; x_wconf 80' lang='lat' dir='ltr'><strong>lucc</strong></span> <span class='ocrx_word' id='word_1_791' title='bbox 3199 4470 3401 4527; x_wconf 84' lang='lat' dir='ltr'><strong>Christi</strong></span> <span class='ocrx_word' id='word_1_792' title='bbox 3455 4484 3656 4541; x_wconf 87' lang='lat' dir='ltr'><strong>myste-</strong></span> 
     </span>
    </p>
   </div>
   <div class='ocr_carea' id='block_1_104' title="bbox 2085 4565 3656 4634">
    <p class='ocr_par' dir='ltr' id='par_1_104' title="bbox 2085 4565 3656 4634">
     <span class='ocr_line' id='line_1_104' title="bbox 2085 4565 3656 4634; baseline -0.008 -4"><span class='ocrx_word' id='word_1_793' title='bbox 2085 4576 2246 4630; x_wconf 92' lang='lat' dir='ltr'><strong>rium.</strong></span> <span class='ocrx_word' id='word_1_794' title='bbox 2284 4572 2487 4628; x_wconf 89' lang='lat' dir='ltr'><strong>ldcirco</strong></span> <span class='ocrx_word' id='word_1_795' title='bbox 2533 4571 2673 4625; x_wconf 86' lang='lat' dir='ltr'><strong>Deus</strong></span> <span class='ocrx_word' id='word_1_796' title='bbox 2703 4585 2766 4624; x_wconf 88' lang='lat' dir='ltr'><strong>ac</strong></span> <span class='ocrx_word' id='word_1_797' title='bbox 2798 4569 2957 4624; x_wconf 85' lang='lat' dir='ltr'><strong>Pater</strong></span> <span class='ocrx_word' id='word_1_798' title='bbox 3001 4567 3125 4621; x_wconf 87' lang='lat' dir='ltr'><strong>alibi</strong></span> <span class='ocrx_word' id='word_1_799' title='bbox 3182 4567 3247 4619; x_wconf 89' lang='lat' dir='ltr'><strong>ad</strong></span> <span class='ocrx_word' id='word_1_800' title='bbox 3302 4565 3515 4620; x_wconf 71' lang='lat' dir='ltr'><strong>Judaeos</strong></span> <span class='ocrx_word' id='word_1_801' title='bbox 3563 4580 3656 4634; x_wconf 90' lang='lat' dir='ltr'><strong>per</strong></span> 
     </span>
    </p>
   </div>
   <div class='ocr_carea' id='block_1_105' title="bbox 2083 4659 3650 4736">
    <p class='ocr_par' dir='ltr' id='par_1_105' title="bbox 2083 4659 3650 4736">
     <span class='ocr_line' id='line_1_105' title="bbox 2083 4659 3650 4736; baseline -0.004 -19"><span class='ocrx_word' id='word_1_802' title='bbox 2083 4666 2366 4736; x_wconf 85' lang='lat' dir='ltr'><strong>quemdam</strong></span> <span class='ocrx_word' id='word_1_803' title='bbox 2412 4665 2728 4733; x_wconf 88' lang='lat' dir='ltr'><strong>prophetam</strong></span> <span class='ocrx_word' id='word_1_804' title='bbox 2755 4662 2871 4716; x_wconf 89' lang='lat' dir='ltr'><strong>ait:</strong></span> <span class='ocrx_word' id='word_1_805' title='bbox 2915 4679 2932 4713; x_wconf 87' lang='lat' dir='ltr'><strong>t</strong></span> <span class='ocrx_word' id='word_1_806' title='bbox 2987 4659 3198 4722; x_wconf 87' lang='lat' dir='ltr'><strong>Videte,</strong></span> <span class='ocrx_word' id='word_1_807' title='bbox 3226 4667 3650 4727; x_wconf 87' lang='lat' dir='ltr'><strong>contemptores,</strong></span> 
     </span>
    </p>
   </div>
   <div class='ocr_carea' id='block_1_106' title="bbox 2086 4750 3658 4820">
    <p class='ocr_par' dir='ltr' id='par_1_106' title="bbox 2086 4750 3658 4820">
     <span class='ocr_line' id='line_1_106' title="bbox 2086 4750 3658 4820; baseline -0.006 -10"><span class='ocrx_word' id='word_1_808' title='bbox 2086 4767 2140 4811; x_wconf 91' lang='lat' dir='ltr'><strong>et</strong></span> <span class='ocrx_word' id='word_1_809' title='bbox 2168 4753 2531 4820; x_wconf 89' lang='lat' dir='ltr'><strong>admiramiui,</strong></span> <span class='ocrx_word' id='word_1_810' title='bbox 2561 4762 2614 4807; x_wconf 89' lang='lat' dir='ltr'><strong>et</strong></span> <span class='ocrx_word' id='word_1_811' title='bbox 2641 4752 3011 4820; x_wconf 89' lang='lat' dir='ltr'><strong>disperdimini</strong></span> <span class='ocrx_word' id='word_1_812' title='bbox 3045 4765 3061 4802; x_wconf 90' lang='lat'><strong>:</strong></span> <span class='ocrx_word' id='word_1_813' title='bbox 3109 4750 3232 4818; x_wconf 90' lang='lat' dir='ltr'><strong>quia</strong></span> <span class='ocrx_word' id='word_1_814' title='bbox 3287 4762 3421 4815; x_wconf 82' lang='lat' dir='ltr'><strong>epus</strong></span> <span class='ocrx_word' id='word_1_815' title='bbox 3459 4761 3658 4814; x_wconf 87' lang='lat' dir='ltr'><strong>operor</strong></span> 
     </span>
    </p>
   </div>
   <div class='ocr_carea' id='block_1_107' title="bbox 2085 4837 3656 4915">
    <p class='ocr_par' dir='ltr' id='par_1_107' title="bbox 2085 4837 3656 4915">
     <span class='ocr_line' id='line_1_107' title="bbox 2085 4837 3656 4915; baseline -0.006 -14"><span class='ocrx_word' id='word_1_816' title='bbox 2085 4862 2184 4915; x_wconf 81' lang='lat' dir='ltr'><strong>ego</strong></span> <span class='ocrx_word' id='word_1_817' title='bbox 2221 4848 2272 4898; x_wconf 90' lang='lat' dir='ltr'><strong>in</strong></span> <span class='ocrx_word' id='word_1_818' title='bbox 2297 4846 2484 4898; x_wconf 88' lang='lat' dir='ltr'><strong>diebus</strong></span> <span class='ocrx_word' id='word_1_819' title='bbox 2513 4845 2728 4906; x_wconf 86' lang='lat' dir='ltr'><strong>vestris,</strong></span> <span class='ocrx_word' id='word_1_820' title='bbox 2765 4859 2900 4911; x_wconf 87' lang='lat' dir='ltr'><strong>epus</strong></span> <span class='ocrx_word' id='word_1_821' title='bbox 2961 4843 3102 4909; x_wconf 82' lang='lat' dir='ltr'><strong>quod</strong></span> <span class='ocrx_word' id='word_1_822' title='bbox 3167 4854 3270 4892; x_wconf 90' lang='lat' dir='ltr'><strong>non</strong></span> <span class='ocrx_word' id='word_1_823' title='bbox 3327 4837 3546 4890; x_wconf 77' lang='lat' dir='ltr'><strong>creditis</strong></span> <span class='ocrx_word' id='word_1_824' title='bbox 3613 4840 3656 4892; x_wconf 82' lang='lat' dir='ltr'><strong>si</strong></span> 
     </span>
    </p>
   </div>
   <div class='ocr_carea' id='block_1_108' title="bbox 2087 4928 3658 5006">
    <p class='ocr_par' dir='ltr' id='par_1_108' title="bbox 2087 4928 3658 5006">
     <span class='ocr_line' id='line_1_108' title="bbox 2087 4928 3658 5006; baseline -0.004 -16"><span class='ocrx_word' id='word_1_825' title='bbox 2087 4940 2206 5006; x_wconf 90' lang='lat' dir='ltr'><strong>quis</strong></span> <span class='ocrx_word' id='word_1_826' title='bbox 2234 4937 2572 4992; x_wconf 88' lang='lat' dir='ltr'><strong>cnarraverit</strong></span> <span class='ocrx_word' id='word_1_827' title='bbox 2601 4935 2752 4988; x_wconf 81' lang='lat' dir='ltr'><strong>vobis</strong></span> <span class='ocrx_word' id='word_1_828' title='bbox 2804 4933 2843 4984; x_wconf 69' lang='grc'><strong>⁸.</strong></span> <span class='ocrx_word' id='word_1_829' title='bbox 2868 4951 2884 4981; x_wconf 77' lang='grc' dir='ltr'><strong>ι</strong></span> <span class='ocrx_word' id='word_1_830' title='bbox 2918 4929 3220 4983; x_wconf 75' lang='lat' dir='ltr'><strong>Periculum</strong></span> <span class='ocrx_word' id='word_1_831' title='bbox 3246 4928 3388 4983; x_wconf 89' lang='lat' dir='ltr'><strong>enim</strong></span> <span class='ocrx_word' id='word_1_832' title='bbox 3429 4928 3533 4982; x_wconf 88' lang='lat' dir='ltr'><strong>erit</strong></span> <span class='ocrx_word' id='word_1_833' title='bbox 3593 4944 3658 4984; x_wconf 84' lang='lat' dir='ltr'><strong>ne</strong></span> 
     </span>
    </p>
   </div>
   <div class='ocr_carea' id='block_1_109' title="bbox 2092 5020 3656 5098">
    <p class='ocr_par' dir='ltr' id='par_1_109' title="bbox 2092 5020 3656 5098">
     <span class='ocr_line' id='line_1_109' title="bbox 2092 5020 3656 5098; baseline -0.006 -15"><span class='ocrx_word' id='word_1_834' title='bbox 2092 5030 2379 5098; x_wconf 87' lang='lat' dir='ltr'><strong>derogetur</strong></span> <span class='ocrx_word' id='word_1_835' title='bbox 2427 5027 2558 5081; x_wconf 81' lang='lat' dir='ltr'><strong>ﬁdes</strong></span> <span class='ocrx_word' id='word_1_836' title='bbox 2592 5024 2853 5096; x_wconf 84' lang='lat' dir='ltr'><strong>mysterio</strong></span> <span class='ocrx_word' id='word_1_837' title='bbox 2887 5021 3112 5088; x_wconf 81' lang='lat' dir='ltr'><strong>Christi,</strong></span> <span class='ocrx_word' id='word_1_838' title='bbox 3148 5022 3217 5075; x_wconf 92' lang='lat' dir='ltr'><strong>ob</strong></span> <span class='ocrx_word' id='word_1_839' title='bbox 3247 5020 3490 5074; x_wconf 87' lang='lat' dir='ltr'><strong>miraculi</strong></span> <span class='ocrx_word' id='word_1_840' title='bbox 3540 5035 3656 5074; x_wconf 86' lang='lat' dir='ltr'><strong>ma-</strong></span> 
     </span>
    </p>
   </div>
   <div class='ocr_carea' id='block_1_110' title="bbox 2087 5106 3655 5188">
    <p class='ocr_par' dir='ltr' id='par_1_110' title="bbox 2087 5106 3655 5188">
     <span class='ocr_line' id='line_1_110' title="bbox 2087 5106 3655 5188; baseline -0.006 -18"><span class='ocrx_word' id='word_1_841' title='bbox 2087 5119 2445 5188; x_wconf 81' lang='lat' dir='ltr'><strong>gnitudinem.</strong></span> <span class='ocrx_word' id='word_1_842' title='bbox 2482 5113 2620 5187; x_wconf 79' lang='lat' dir='ltr'><strong>Deus</strong></span> <span class='ocrx_word' id='word_1_843' title='bbox 2654 5121 2770 5168; x_wconf 92' lang='lat' dir='ltr'><strong>crat</strong></span> <span class='ocrx_word' id='word_1_844' title='bbox 2811 5113 2969 5166; x_wconf 92' lang='lat' dir='ltr'><strong>homo</strong></span> <span class='ocrx_word' id='word_1_845' title='bbox 3009 5108 3176 5164; x_wconf 90' lang='lat' dir='ltr'><strong>nostri</strong></span> <span class='ocrx_word' id='word_1_846' title='bbox 3207 5107 3402 5162; x_wconf 84' lang='lat' dir='ltr'><strong>similis</strong></span> <span class='ocrx_word' id='word_1_847' title='bbox 3446 5106 3655 5172; x_wconf 77' lang='lat' dir='ltr'><strong>factus,</strong></span> 
     </span>
    </p>
   </div>
   <div class='ocr_carea' id='block_1_111' title="bbox 2089 5199 3660 5276">
    <p class='ocr_par' dir='ltr' id='par_1_111' title="bbox 2089 5199 3660 5276">
     <span class='ocr_line' id='line_1_111' title="bbox 2089 5199 3660 5276; baseline -0.002 -18"><span class='ocrx_word' id='word_1_848' title='bbox 2089 5209 2181 5276; x_wconf 89' lang='lat' dir='ltr'><strong>qui</strong></span> <span class='ocrx_word' id='word_1_849' title='bbox 2217 5223 2376 5276; x_wconf 90' lang='lat' dir='ltr'><strong>supra</strong></span> <span class='ocrx_word' id='word_1_850' title='bbox 2411 5220 2624 5262; x_wconf 88' lang='lat' dir='ltr'><strong>omnem</strong></span> <span class='ocrx_word' id='word_1_851' title='bbox 2658 5214 2963 5260; x_wconf 84' lang='lat' dir='ltr'><strong>creaturam</strong></span> <span class='ocrx_word' id='word_1_852' title='bbox 2983 5209 3094 5270; x_wconf 87' lang='lat' dir='ltr'><strong>est;</strong></span> <span class='ocrx_word' id='word_1_853' title='bbox 3157 5200 3464 5265; x_wconf 84' lang='lat' dir='ltr'><strong>invisibilis,</strong></span> <span class='ocrx_word' id='word_1_854' title='bbox 3487 5199 3660 5255; x_wconf 84' lang='lat' dir='ltr'><strong>factus</strong></span> 
     </span>
    </p>
   </div>
   <div class='ocr_carea' id='block_1_112' title="bbox 2089 5290 3660 5364">
    <p class='ocr_par' dir='ltr' id='par_1_112' title="bbox 2089 5290 3660 5364">
     <span class='ocr_line' id='line_1_112' title="bbox 2089 5290 3660 5364; baseline -0.004 -11"><span class='ocrx_word' id='word_1_855' title='bbox 2089 5307 2172 5353; x_wconf 89' lang='lat' dir='ltr'><strong>est</strong></span> <span class='ocrx_word' id='word_1_856' title='bbox 2197 5297 2420 5352; x_wconf 89' lang='lat' dir='ltr'><strong>visibilis</strong></span> <span class='ocrx_word' id='word_1_857' title='bbox 2454 5296 2751 5351; x_wconf 90' lang='lat' dir='ltr'><strong>secundum</strong></span> <span class='ocrx_word' id='word_1_858' title='bbox 2785 5311 3038 5350; x_wconf 88' lang='lat' dir='ltr'><strong>carnem:</strong></span> <span class='ocrx_word' id='word_1_859' title='bbox 3071 5295 3164 5364; x_wconf 92' lang='lat' dir='ltr'><strong>qui</strong></span> <span class='ocrx_word' id='word_1_860' title='bbox 3213 5307 3278 5346; x_wconf 84' lang='lat' dir='ltr'><strong>ex</strong></span> <span class='ocrx_word' id='word_1_861' title='bbox 3334 5290 3470 5344; x_wconf 66' lang='lat' dir='ltr'><strong>caelo</strong></span> <span class='ocrx_word' id='word_1_862' title='bbox 3501 5300 3660 5359; x_wconf 81' lang='lat' dir='ltr'><strong>atque</strong></span> 
     </span>
    </p>
   </div>
   <div class='ocr_carea' id='block_1_113' title="bbox 2090 5381 3660 5460">
    <p class='ocr_par' dir='ltr' id='par_1_113' title="bbox 2090 5381 3660 5460">
     <span class='ocr_line' id='line_1_113' title="bbox 2090 5381 3660 5460; baseline -0.007 -13"><span class='ocrx_word' id='word_1_863' title='bbox 2090 5407 2120 5446; x_wconf 89' lang='lat' dir='ltr'><strong>e</strong></span> <span class='ocrx_word' id='word_1_864' title='bbox 2157 5391 2425 5460; x_wconf 88' lang='lat' dir='ltr'><strong>supernis,</strong></span> <span class='ocrx_word' id='word_1_865' title='bbox 2459 5389 2685 5445; x_wconf 82' lang='lat' dir='ltr'><strong>formam</strong></span> <span class='ocrx_word' id='word_1_866' title='bbox 2741 5390 3077 5444; x_wconf 85' lang='lat' dir='ltr'><strong>terrestrium</strong></span> <span class='ocrx_word' id='word_1_867' title='bbox 3139 5385 3344 5438; x_wconf 86' lang='lat' dir='ltr'><strong>induit:</strong></span> <span class='ocrx_word' id='word_1_868' title='bbox 3388 5381 3660 5450; x_wconf 78' lang='lat' dir='ltr'><strong>tangibilis</strong></span> 
     </span>
    </p>
   </div>
   <div class='ocr_carea' id='block_1_114' title="bbox 2091 5475 3661 5552">
    <p class='ocr_par' dir='ltr' id='par_1_114' title="bbox 2091 5475 3661 5552">
     <span class='ocr_line' id='line_1_114' title="bbox 2091 5475 3661 5552; baseline -0.01 -14"><span class='ocrx_word' id='word_1_869' title='bbox 2091 5494 2192 5546; x_wconf 85' lang='lat' dir='ltr'><strong>est,</strong></span> <span class='ocrx_word' id='word_1_870' title='bbox 2234 5482 2324 5552; x_wconf 93' lang='lat' dir='ltr'><strong>qui</strong></span> <span class='ocrx_word' id='word_1_871' title='bbox 2363 5482 2507 5550; x_wconf 81' lang='lat' dir='ltr'><strong>tangi</strong></span> <span class='ocrx_word' id='word_1_872' title='bbox 2549 5481 2736 5550; x_wconf 89' lang='lat' dir='ltr'><strong>nequit</strong></span> <span class='ocrx_word' id='word_1_873' title='bbox 2771 5497 2787 5534; x_wconf 88' lang='lat'><strong><em>:</em></strong></span> <span class='ocrx_word' id='word_1_874' title='bbox 2823 5479 2912 5550; x_wconf 89' lang='lat' dir='ltr'><strong>qui</strong></span> <span class='ocrx_word' id='word_1_875' title='bbox 2954 5493 3019 5530; x_wconf 79' lang='lat' dir='ltr'><strong>ex</strong></span> <span class='ocrx_word' id='word_1_876' title='bbox 3079 5475 3295 5546; x_wconf 88' lang='lat' dir='ltr'><strong>propria</strong></span> <span class='ocrx_word' id='word_1_877' title='bbox 3337 5486 3432 5527; x_wconf 88' lang='lat' dir='ltr'><strong>sua</strong></span> <span class='ocrx_word' id='word_1_878' title='bbox 3467 5481 3661 5528; x_wconf 79' lang='lat' dir='ltr'><strong>natura</strong></span> 
     </span>
    </p>
   </div>
   <div class='ocr_carea' id='block_1_115' title="bbox 2095 5564 3666 5643">
    <p class='ocr_par' dir='ltr' id='par_1_115' title="bbox 2095 5564 3666 5643">
     <span class='ocr_line' id='line_1_115' title="bbox 2095 5564 3666 5643; baseline -0.01 -9"><span class='ocrx_word' id='word_1_879' title='bbox 2095 5578 2233 5634; x_wconf 86' lang='lat' dir='ltr'><strong>lit-er</strong></span> <span class='ocrx_word' id='word_1_880' title='bbox 2263 5589 2366 5643; x_wconf 85' lang='lat' dir='ltr'><strong>est,</strong></span> <span class='ocrx_word' id='word_1_881' title='bbox 2410 5575 2553 5633; x_wconf 88' lang='lat' dir='ltr'><strong>servi</strong></span> <span class='ocrx_word' id='word_1_882' title='bbox 2595 5575 2827 5630; x_wconf 77' lang='lat' dir='ltr'><strong>formam</strong></span> <span class='ocrx_word' id='word_1_883' title='bbox 2869 5569 3113 5639; x_wconf 87' lang='lat' dir='ltr'><strong>accepit:</strong></span> <span class='ocrx_word' id='word_1_884' title='bbox 3145 5567 3234 5637; x_wconf 88' lang='lat' dir='ltr'><strong>qui</strong></span> <span class='ocrx_word' id='word_1_885' title='bbox 3265 5565 3531 5622; x_wconf 83' lang='lat' dir='ltr'><strong>creaturis</strong></span> <span class='ocrx_word' id='word_1_886' title='bbox 3573 5564 3666 5618; x_wconf 84' lang='lat' dir='ltr'><strong>be-</strong></span> 
     </span>
    </p>
   </div>
   <div class='ocr_carea' id='block_1_116' title="bbox 2097 5664 3664 5731">
    <p class='ocr_par' dir='ltr' id='par_1_116' title="bbox 2097 5664 3664 5731">
     <span class='ocr_line' id='line_1_116' title="bbox 2097 5664 3664 5731; baseline -0.011 -3"><span class='ocrx_word' id='word_1_887' title='bbox 2097 5673 2321 5731; x_wconf 71' lang='lat' dir='ltr'><strong>nedirit.</strong></span> <span class='ocrx_word' id='word_1_888' title='bbox 2367 5673 2537 5725; x_wconf 75' lang='lat' dir='ltr'><strong>fat-tus</strong></span> <span class='ocrx_word' id='word_1_889' title='bbox 2568 5679 2652 5724; x_wconf 88' lang='lat' dir='ltr'><strong>est</strong></span> <span class='ocrx_word' id='word_1_890' title='bbox 2691 5664 3084 5730; x_wconf 79' lang='lat' dir='ltr'><strong>exsecrabilis;</strong></span> <span class='ocrx_word' id='word_1_891' title='bbox 3118 5669 3544 5729; x_wconf 77' lang='lat' dir='ltr'><strong>numeratusque</strong></span> <span class='ocrx_word' id='word_1_892' title='bbox 3579 5667 3664 5712; x_wconf 83' lang='lat' dir='ltr'><strong>est</strong></span> 
     </span>
    </p>
   </div>
   <div class='ocr_carea' id='block_1_117' title="bbox 486 5847 1969 5922">
    <p class='ocr_par' dir='ltr' id='par_1_117' title="bbox 486 5851 1953 5922">
     <span class='ocr_line' id='line_1_117' title="bbox 486 5851 1953 5922; baseline -0.005 -11"><span class='ocrx_word' id='word_1_893' title='bbox 486 5855 500 5887; x_wconf 84' lang='lat'>&#39;</span> <span class='ocrx_word' id='word_1_894' title='bbox 541 5856 716 5911; x_wconf 78' lang='lat' dir='ltr'><strong>Galat.</strong></span> <span class='ocrx_word' id='word_1_895' title='bbox 755 5873 826 5922; x_wconf 79' lang='lat' dir='ltr'><strong>tv,</strong></span> <span class='ocrx_word' id='word_1_896' title='bbox 861 5855 912 5907; x_wconf 67' lang='grc' dir='ltr'><strong>ἰ.</strong></span> <span class='ocrx_word' id='word_1_897' title='bbox 989 5853 1050 5906; x_wconf 75' lang='lat' dir='ltr'><strong>&#39;l</strong></span> <span class='ocrx_word' id='word_1_898' title='bbox 1085 5851 1208 5903; x_wconf 79' lang='lat' dir='ltr'><strong>Cor.</strong></span> <span class='ocrx_word' id='word_1_899' title='bbox 1244 5867 1333 5918; x_wconf 88' lang='lat' dir='ltr'><strong>xv,</strong></span> <span class='ocrx_word' id='word_1_900' title='bbox 1371 5851 1459 5908; x_wconf 66' lang='lat'><strong>4-9.</strong></span> <span class='ocrx_word' id='word_1_901' title='bbox 1540 5851 1559 5883; x_wconf 84' lang='grc'><em>³</em></span> <span class='ocrx_word' id='word_1_902' title='bbox 1587 5851 1742 5906; x_wconf 84' lang='lat' dir='ltr'><strong>.lo.-.n.</strong></span> <span class='ocrx_word' id='word_1_903' title='bbox 1785 5854 1953 5916; x_wconf 69' lang='grc'><strong>111,31</strong></span> 
     </span>
    </p>
   </div>
   <div class='ocr_carea' id='block_1_118' title="bbox 2069 5847 2927 5922">
    <p class='ocr_par' dir='ltr' id='par_1_118' title="bbox 2069 5847 2927 5915">
     <span class='ocr_line' id='line_1_118' title="bbox 2069 5847 2927 5915; baseline -0.01 -10"><span class='ocrx_word' id='word_1_904' title='bbox 2069 5863 2074 5882; x_wconf 76' lang='grc'><strong><em>⁵</em></strong></span> <span class='ocrx_word' id='word_1_905' title='bbox 2114 5851 2314 5906; x_wconf 62' lang='grc' dir='ltr'>Ιίιιικιιι.</span> <span class='ocrx_word' id='word_1_906' title='bbox 2355 5867 2392 5913; x_wconf 88' lang='lat' dir='ltr'><strong>t,</strong></span> <span class='ocrx_word' id='word_1_907' title='bbox 2435 5850 2497 5915; x_wconf 74' lang='lat' dir='ltr'><strong>Ei;</strong></span> <span class='ocrx_word' id='word_1_908' title='bbox 2541 5848 2654 5902; x_wconf 67' lang='lat' dir='ltr'><strong>Mt.</strong></span> <span class='ocrx_word' id='word_1_909' title='bbox 2693 5863 2808 5908; x_wconf 76' lang='lat' dir='ltr'><strong>xm,</strong></span> <span class='ocrx_word' id='word_1_910' title='bbox 2839 5847 2927 5900; x_wconf 71' lang='grc'><strong>41.</strong></span> 
     </span>
    </p>
   </div>
  </div>
