  <div class='ocr_page' id='page_1' title='image "/cluster/home/n/w/nwhite01/storage/ocr_20150623/130/mdp.39015078384255/489.png"; bbox 0 0 4094 6300; ppageno 0'>
   <div class='ocr_carea' id='block_1_1' title="bbox 546 435 650 498">
    <p class='ocr_par' dir='ltr' id='par_1_1' title="bbox 546 435 650 498">
     <span class='ocr_line' id='line_1_1' title="bbox 546 435 650 498; baseline -0.038 0"><span class='ocrx_word' id='word_1_1' title='bbox 546 435 650 498; x_wconf 76' lang='lat'><strong>963</strong></span> 
     </span>
    </p>
   </div>
   <div class='ocr_carea' id='block_1_2' title="bbox 1753 427 3758 494">
    <p class='ocr_par' dir='ltr' id='par_1_2' title="bbox 1753 427 3758 494">
     <span class='ocr_line' id='line_1_2' title="bbox 1753 427 3758 494; baseline -0.001 0"><span class='ocrx_word' id='word_1_2' title='bbox 1753 430 2144 494; x_wconf 75' lang='lat' dir='ltr'><strong>EU&#39;PHYMII</strong></span> <span class='ocrx_word' id='word_1_3' title='bbox 2182 428 2559 492; x_wconf 79' lang='lat' dir='ltr'><strong>ZIGARENI</strong></span> <span class='ocrx_word' id='word_1_4' title='bbox 3673 427 3758 492; x_wconf 68' lang='lat' dir='ltr'><strong>9M</strong></span> 
     </span>
    </p>
   </div>
   <div class='ocr_carea' id='block_1_3' title="bbox 549 559 2129 651">
    <p class='ocr_par' dir='ltr' id='par_1_3' title="bbox 549 566 2119 651">
     <span class='ocr_line' id='line_1_3' title="bbox 549 566 2119 651; baseline -0.008 -19"><span class='ocrx_word' id='word_1_5' title='bbox 549 595 688 634; x_wconf 85' lang='lat' dir='ltr'><strong>mter</strong></span> <span class='ocrx_word' id='word_1_6' title='bbox 713 580 1151 651; x_wconf 68' lang='lat' dir='ltr'><strong>praevaricatores</strong></span> <span class='ocrx_word' id='word_1_7' title='bbox 1194 576 1323 645; x_wconf 75' lang='lat' dir='ltr'><strong>legis</strong></span> <span class='ocrx_word' id='word_1_8' title='bbox 1347 575 1392 628; x_wconf 87' lang='lat' dir='ltr'><strong>is</strong></span> <span class='ocrx_word' id='word_1_9' title='bbox 1419 569 1512 642; x_wconf 98' lang='lat' dir='ltr'><strong>qui</strong></span> <span class='ocrx_word' id='word_1_10' title='bbox 1541 580 1622 625; x_wconf 86' lang='lat' dir='ltr'><strong>cst</strong></span> <span class='ocrx_word' id='word_1_11' title='bbox 1670 568 1847 622; x_wconf 85' lang='lat' dir='ltr'><strong>oumis</strong></span> <span class='ocrx_word' id='word_1_12' title='bbox 1889 566 2119 636; x_wconf 88' lang='lat' dir='ltr'><strong>justitia,</strong></span> 
     </span>
    </p>
   </div>
   <div class='ocr_carea' id='block_1_4' title="bbox 2227 559 3753 651">
    <p class='ocr_par' dir='ltr' id='par_1_4' title="bbox 2230 559 3753 639">
     <span class='ocr_line' id='line_1_4' title="bbox 2230 559 3753 639; baseline -0.001 -18"><span class='ocrx_word' id='word_1_13' title='bbox 2230 568 2262 639; x_wconf 81' lang='grc' dir='ltr'><strong>ἡ</strong></span> <span class='ocrx_word' id='word_1_14' title='bbox 2293 567 2428 639; x_wconf 74' lang='grc' dir='ltr'><strong>ζωή.</strong></span> <span class='ocrx_word' id='word_1_15' title='bbox 2455 567 2528 622; x_wconf 82' lang='grc' dir='ltr'><strong>Οὐ</strong></span> <span class='ocrx_word' id='word_1_16' title='bbox 2567 565 2678 638; x_wconf 77' lang='grc' dir='ltr'><strong>γὰρ</strong></span> <span class='ocrx_word' id='word_1_17' title='bbox 2707 559 2776 636; x_wconf 78' lang='grc' dir='ltr'><strong>ἧν</strong></span> <span class='ocrx_word' id='word_1_18' title='bbox 2799 565 2987 636; x_wconf 79' lang='grc' dir='ltr'><strong>ἑτέρου</strong></span> <span class='ocrx_word' id='word_1_19' title='bbox 3008 564 3173 630; x_wconf 85' lang='grc' dir='ltr'><strong>τινὸς,</strong></span> <span class='ocrx_word' id='word_1_20' title='bbox 3204 561 3368 616; x_wconf 83' lang='grc' dir='ltr'><strong>αὐτοῦ</strong></span> <span class='ocrx_word' id='word_1_21' title='bbox 3387 561 3443 616; x_wconf 79' lang='grc' dir='ltr'><strong>δὲ</strong></span> <span class='ocrx_word' id='word_1_22' title='bbox 3475 560 3656 634; x_wconf 80' lang='grc' dir='ltr'><strong>μᾶλλον</strong></span> <span class='ocrx_word' id='word_1_23' title='bbox 3677 564 3753 620; x_wconf 87' lang='grc' dir='ltr'><strong>τοῦ</strong></span> 
     </span>
    </p>
   </div>
   <div class='ocr_carea' id='block_1_5' title="bbox 549 662 2123 744">
    <p class='ocr_par' dir='ltr' id='par_1_5' title="bbox 549 662 2123 744">
     <span class='ocr_line' id='line_1_5' title="bbox 549 662 2123 744; baseline -0.006 -16"><span class='ocrx_word' id='word_1_24' title='bbox 549 673 1058 744; x_wconf 88' lang='lat' dir='ltr'><strong>mortemquesubiit</strong></span> <span class='ocrx_word' id='word_1_25' title='bbox 1095 674 1205 725; x_wconf 86' lang='lat' dir='ltr'><strong>vita</strong></span> <span class='ocrx_word' id='word_1_26' title='bbox 1227 671 1361 740; x_wconf 83' lang='lat' dir='ltr'><strong>ipsa.</strong></span> <span class='ocrx_word' id='word_1_27' title='bbox 1389 667 1575 737; x_wconf 85' lang='lat' dir='ltr'><strong>Neque</strong></span> <span class='ocrx_word' id='word_1_28' title='bbox 1591 666 1733 720; x_wconf 89' lang='lat' dir='ltr'><strong>enim</strong></span> <span class='ocrx_word' id='word_1_29' title='bbox 1757 676 1870 721; x_wconf 90' lang='lat' dir='ltr'><strong>erat</strong></span> <span class='ocrx_word' id='word_1_30' title='bbox 1899 662 2123 718; x_wconf 74' lang='lat' dir='ltr'><strong>alterius</strong></span> 
     </span>
    </p>
   </div>
   <div class='ocr_carea' id='block_1_6' title="bbox 547 753 2123 836">
    <p class='ocr_par' dir='ltr' id='par_1_6' title="bbox 547 753 2123 836">
     <span class='ocr_line' id='line_1_6' title="bbox 547 753 2123 836; baseline -0.006 -20"><span class='ocrx_word' id='word_1_31' title='bbox 547 765 866 836; x_wconf 83' lang='lat' dir='ltr'><strong>eujuspiam,</strong></span> <span class='ocrx_word' id='word_1_32' title='bbox 889 767 981 820; x_wconf 90' lang='lat' dir='ltr'><strong>sed</strong></span> <span class='ocrx_word' id='word_1_33' title='bbox 1014 764 1192 833; x_wconf 88' lang='lat' dir='ltr'><strong>potius</strong></span> <span class='ocrx_word' id='word_1_34' title='bbox 1221 762 1391 831; x_wconf 82' lang='lat' dir='ltr'><strong>ipsius</strong></span> <span class='ocrx_word' id='word_1_35' title='bbox 1429 759 1721 817; x_wconf 86' lang='lat' dir='ltr'><strong>secundum</strong></span> <span class='ocrx_word' id='word_1_36' title='bbox 1752 765 2001 812; x_wconf 88' lang='lat' dir='ltr'><strong>naturam</strong></span> <span class='ocrx_word' id='word_1_37' title='bbox 2033 753 2123 808; x_wconf 87' lang='lat' dir='ltr'><strong>Fi-</strong></span> 
     </span>
    </p>
   </div>
   <div class='ocr_carea' id='block_1_7' title="bbox 548 850 2123 924">
    <p class='ocr_par' dir='ltr' id='par_1_7' title="bbox 548 850 2123 924">
     <span class='ocr_line' id='line_1_7' title="bbox 548 850 2123 924; baseline -0.004 -18"><span class='ocrx_word' id='word_1_38' title='bbox 548 857 600 908; x_wconf 89' lang='lat' dir='ltr'><strong>lii</strong></span> <span class='ocrx_word' id='word_1_39' title='bbox 631 870 850 924; x_wconf 88' lang='lat' dir='ltr'><strong>corpus,</strong></span> <span class='ocrx_word' id='word_1_40' title='bbox 876 856 926 909; x_wconf 93' lang='lat' dir='ltr'><strong>id</strong></span> <span class='ocrx_word' id='word_1_41' title='bbox 952 855 1092 924; x_wconf 89' lang='lat' dir='ltr'><strong>quod</strong></span> <span class='ocrx_word' id='word_1_42' title='bbox 1119 863 1347 908; x_wconf 86' lang='lat' dir='ltr'><strong>mortem</strong></span> <span class='ocrx_word' id='word_1_43' title='bbox 1572 852 1759 907; x_wconf 78' lang='lat' dir='ltr'><strong>subiit.</strong></span> <span class='ocrx_word' id='word_1_44' title='bbox 1818 850 1971 904; x_wconf 86' lang='lat' dir='ltr'><strong>Anne</strong></span> <span class='ocrx_word' id='word_1_45' title='bbox 1995 863 2123 901; x_wconf 79' lang='lat' dir='ltr'><strong>vero</strong></span> 
     </span>
    </p>
   </div>
   <div class='ocr_carea' id='block_1_8' title="bbox 549 938 2123 1020">
    <p class='ocr_par' dir='ltr' id='par_1_8' title="bbox 549 938 2123 1020">
     <span class='ocr_line' id='line_1_8' title="bbox 549 938 2123 1020; baseline -0.001 -24"><span class='ocrx_word' id='word_1_46' title='bbox 549 956 806 1015; x_wconf 79' lang='lat' dir='ltr'><strong>tanquam</strong></span> <span class='ocrx_word' id='word_1_47' title='bbox 850 955 1137 1020; x_wconf 88' lang='lat' dir='ltr'><strong>non_recte</strong></span> <span class='ocrx_word' id='word_1_48' title='bbox 1171 945 1348 1009; x_wconf 82' lang='lat' dir='ltr'><strong>factis,</strong></span> <span class='ocrx_word' id='word_1_49' title='bbox 1393 948 1506 1001; x_wconf 82' lang='lat' dir='ltr'><strong>sive</strong></span> <span class='ocrx_word' id='word_1_50' title='bbox 1553 960 1580 999; x_wconf 92' lang='lat' dir='ltr'><strong>a</strong></span> <span class='ocrx_word' id='word_1_51' title='bbox 1633 944 1791 999; x_wconf 91' lang='lat' dir='ltr'><strong>nobis</strong></span> <span class='ocrx_word' id='word_1_52' title='bbox 1817 943 1995 1006; x_wconf 86' lang='lat' dir='ltr'><strong>dictis,</strong></span> <span class='ocrx_word' id='word_1_53' title='bbox 2027 938 2123 994; x_wconf 91' lang='lat' dir='ltr'><strong>ali-</strong></span> 
     </span>
    </p>
   </div>
   <div class='ocr_carea' id='block_1_9' title="bbox 548 1035 1460 1106">
    <p class='ocr_par' dir='ltr' id='par_1_9' title="bbox 548 1035 1460 1106">
     <span class='ocr_line' id='line_1_9' title="bbox 548 1035 1460 1106; baseline 0.007 -20"><span class='ocrx_word' id='word_1_54' title='bbox 548 1036 674 1103; x_wconf 88' lang='lat' dir='ltr'><strong>quid</strong></span> <span class='ocrx_word' id='word_1_55' title='bbox 704 1035 871 1090; x_wconf 82' lang='lat' dir='ltr'><strong>habes</strong></span> <span class='ocrx_word' id='word_1_56' title='bbox 910 1036 1054 1106; x_wconf 90' lang='lat' dir='ltr'><strong>quod</strong></span> <span class='ocrx_word' id='word_1_57' title='bbox 1080 1037 1164 1091; x_wconf 87' lang='lat' dir='ltr'><strong>his</strong></span> <span class='ocrx_word' id='word_1_58' title='bbox 1199 1037 1460 1106; x_wconf 81' lang='lat' dir='ltr'><strong>ohjicias?</strong></span> 
     </span>
    </p>
   </div>
   <div class='ocr_carea' id='block_1_10' title="bbox 616 1124 1092 1196">
    <p class='ocr_par' dir='ltr' id='par_1_10' title="bbox 616 1124 1092 1196">
     <span class='ocr_line' id='line_1_10' title="bbox 616 1124 1092 1196; baseline 0.008 -19"><span class='ocrx_word' id='word_1_59' title='bbox 616 1124 678 1180; x_wconf 87' lang='grc' dir='ltr'><strong>Β.</strong></span> <span class='ocrx_word' id='word_1_60' title='bbox 719 1129 1092 1196; x_wconf 77' lang='lat' dir='ltr'><strong>Nequaquam.</strong></span> 
     </span>
    </p>
   </div>
   <div class='ocr_carea' id='block_1_11' title="bbox 613 1216 2048 1291">
    <p class='ocr_par' dir='ltr' id='par_1_11' title="bbox 613 1216 2048 1291">
     <span class='ocr_line' id='line_1_11' title="bbox 613 1216 2048 1291; baseline -0.001 -20"><span class='ocrx_word' id='word_1_61' title='bbox 613 1219 680 1272; x_wconf 84' lang='lat' dir='ltr'><strong>A.</strong></span> <span class='ocrx_word' id='word_1_62' title='bbox 721 1216 988 1273; x_wconf 84' lang='lat' dir='ltr'><strong>Caeterum</strong></span> <span class='ocrx_word' id='word_1_63' title='bbox 1031 1221 1134 1274; x_wconf 90' lang='lat' dir='ltr'><strong>hoc</strong></span> <span class='ocrx_word' id='word_1_64' title='bbox 1163 1219 1293 1275; x_wconf 86' lang='lat' dir='ltr'><strong>mihi</strong></span> <span class='ocrx_word' id='word_1_65' title='bbox 1327 1229 1590 1291; x_wconf 69' lang='lat' dir='ltr'><strong>praeterea</strong></span> <span class='ocrx_word' id='word_1_66' title='bbox 1657 1217 2048 1273; x_wconf 76' lang='lat' dir='ltr'><strong>animadverte.</strong></span> 
     </span>
    </p>
   </div>
   <div class='ocr_carea' id='block_1_12' title="bbox 616 1307 1275 1378">
    <p class='ocr_par' dir='ltr' id='par_1_12' title="bbox 616 1307 1275 1378">
     <span class='ocr_line' id='line_1_12' title="bbox 616 1307 1275 1378; baseline 0.006 -16"><span class='ocrx_word' id='word_1_67' title='bbox 616 1307 676 1362; x_wconf 90' lang='grc' dir='ltr'><strong>Β.</strong></span> <span class='ocrx_word' id='word_1_68' title='bbox 701 1308 989 1378; x_wconf 82' lang='lat' dir='ltr'><strong>Quidnam,</strong></span> <span class='ocrx_word' id='word_1_69' title='bbox 1012 1311 1275 1366; x_wconf 84' lang='lat' dir='ltr'><strong>obsecro?</strong></span> 
     </span>
    </p>
   </div>
   <div class='ocr_carea' id='block_1_13' title="bbox 618 1398 2119 1469">
    <p class='ocr_par' dir='ltr' id='par_1_13' title="bbox 618 1398 2119 1469">
     <span class='ocr_line' id='line_1_13' title="bbox 618 1398 2119 1469; baseline 0.003 -18"><span class='ocrx_word' id='word_1_70' title='bbox 618 1400 680 1451; x_wconf 79' lang='grc' dir='ltr'><strong>Α.</strong></span> <span class='ocrx_word' id='word_1_71' title='bbox 711 1398 954 1454; x_wconf 78' lang='lat' dir='ltr'><strong>Christus</strong></span> <span class='ocrx_word' id='word_1_72' title='bbox 1008 1400 1204 1454; x_wconf 88' lang='lat' dir='ltr'><strong>alicubi</strong></span> <span class='ocrx_word' id='word_1_73' title='bbox 1265 1401 1332 1455; x_wconf 88' lang='lat' dir='ltr'><strong>ad</strong></span> <span class='ocrx_word' id='word_1_74' title='bbox 1397 1415 1490 1456; x_wconf 88' lang='lat' dir='ltr'><strong>eos</strong></span> <span class='ocrx_word' id='word_1_75' title='bbox 1529 1400 1618 1469; x_wconf 85' lang='lat' dir='ltr'><strong>qui</strong></span> <span class='ocrx_word' id='word_1_76' title='bbox 1666 1399 2119 1453; x_wconf 78' lang='lat' dir='ltr'><strong>resurrectionem</strong></span> 
     </span>
    </p>
   </div>
   <div class='ocr_carea' id='block_1_14' title="bbox 547 1490 2123 1562">
    <p class='ocr_par' dir='ltr' id='par_1_14' title="bbox 547 1490 2123 1562">
     <span class='ocr_line' id='line_1_14' title="bbox 547 1490 2123 1562; baseline 0.002 -20"><span class='ocrx_word' id='word_1_77' title='bbox 547 1501 881 1546; x_wconf 86' lang='lat' dir='ltr'><strong>mortuorum</strong></span> <span class='ocrx_word' id='word_1_78' title='bbox 927 1493 1112 1548; x_wconf 79' lang='lat' dir='ltr'><strong>tollere</strong></span> <span class='ocrx_word' id='word_1_79' title='bbox 1165 1493 1435 1558; x_wconf 91' lang='lat' dir='ltr'><strong>nituntur,</strong></span> <span class='ocrx_word' id='word_1_80' title='bbox 1458 1493 1594 1548; x_wconf 75' lang='lat' dir='ltr'><strong>dixit</strong></span> <span class='ocrx_word' id='word_1_81' title='bbox 1633 1509 1644 1544; x_wconf 92' lang='lat'>:</span> <span class='ocrx_word' id='word_1_82' title='bbox 1681 1510 1699 1543; x_wconf 74' lang='grc' dir='ltr'><strong>ι</strong></span> <span class='ocrx_word' id='word_1_83' title='bbox 1759 1491 1875 1545; x_wconf 76' lang='lat' dir='ltr'><strong>Non</strong></span> <span class='ocrx_word' id='word_1_84' title='bbox 1917 1490 2123 1562; x_wconf 76' lang='lat' dir='ltr'><strong>legistis</strong></span> 
     </span>
    </p>
   </div>
   <div class='ocr_carea' id='block_1_15' title="bbox 547 1580 2122 1652">
    <p class='ocr_par' dir='ltr' id='par_1_15' title="bbox 547 1580 2122 1652">
     <span class='ocr_line' id='line_1_15' title="bbox 547 1580 2122 1652; baseline 0.003 -20"><span class='ocrx_word' id='word_1_85' title='bbox 547 1582 672 1650; x_wconf 87' lang='lat' dir='ltr'><strong>quia</strong></span> <span class='ocrx_word' id='word_1_86' title='bbox 693 1583 783 1651; x_wconf 87' lang='lat' dir='ltr'><strong>qui</strong></span> <span class='ocrx_word' id='word_1_87' title='bbox 816 1582 939 1638; x_wconf 77' lang='lat' dir='ltr'><strong>fecit</strong></span> <span class='ocrx_word' id='word_1_88' title='bbox 970 1585 1241 1640; x_wconf 84' lang='lat' dir='ltr'><strong>hominem</strong></span> <span class='ocrx_word' id='word_1_89' title='bbox 1286 1586 1351 1640; x_wconf 86' lang='lat' dir='ltr'><strong>ab</strong></span> <span class='ocrx_word' id='word_1_90' title='bbox 1380 1585 1554 1652; x_wconf 90' lang='lat' dir='ltr'><strong>initio,</strong></span> <span class='ocrx_word' id='word_1_91' title='bbox 1598 1583 1896 1638; x_wconf 86' lang='lat' dir='ltr'><strong>masculum</strong></span> <span class='ocrx_word' id='word_1_92' title='bbox 1955 1592 2006 1636; x_wconf 89' lang='lat' dir='ltr'><strong>et</strong></span> <span class='ocrx_word' id='word_1_93' title='bbox 2043 1580 2122 1637; x_wconf 74' lang='lat' dir='ltr'><strong>fe-</strong></span> 
     </span>
    </p>
   </div>
   <div class='ocr_carea' id='block_1_16' title="bbox 548 1673 2122 1731">
    <p class='ocr_par' dir='ltr' id='par_1_16' title="bbox 548 1673 2122 1731">
     <span class='ocr_line' id='line_1_16' title="bbox 548 1673 2122 1731; baseline 0.001 -5"><span class='ocrx_word' id='word_1_94' title='bbox 548 1673 746 1726; x_wconf 86' lang='lat' dir='ltr'><strong>minam</strong></span> <span class='ocrx_word' id='word_1_95' title='bbox 807 1675 1140 1730; x_wconf 76' lang='lat' dir='ltr'><strong>fecitcos‘?</strong></span> <span class='ocrx_word' id='word_1_96' title='bbox 1201 1694 1220 1726; x_wconf 76' lang='grc' dir='ltr'><strong>ι</strong></span> <span class='ocrx_word' id='word_1_97' title='bbox 1280 1676 1480 1731; x_wconf 83' lang='lat' dir='ltr'><strong>Scribit</strong></span> <span class='ocrx_word' id='word_1_98' title='bbox 1526 1690 1656 1730; x_wconf 92' lang='lat' dir='ltr'><strong>vero</strong></span> <span class='ocrx_word' id='word_1_99' title='bbox 1717 1673 1879 1728; x_wconf 87' lang='lat' dir='ltr'><strong>etiam</strong></span> <span class='ocrx_word' id='word_1_100' title='bbox 1911 1673 2122 1727; x_wconf 74' lang='lat' dir='ltr'><strong>divinus</strong></span> 
     </span>
    </p>
   </div>
   <div class='ocr_carea' id='block_1_17' title="bbox 547 1742 2129 1831">
    <p class='ocr_par' dir='ltr' id='par_1_17' title="bbox 547 1762 2124 1831">
     <span class='ocr_line' id='line_1_17' title="bbox 547 1762 2124 1831; baseline 0.004 -18"><span class='ocrx_word' id='word_1_101' title='bbox 547 1762 780 1820; x_wconf 87' lang='lat' dir='ltr'><strong>Paulus:</strong></span> <span class='ocrx_word' id='word_1_102' title='bbox 817 1785 834 1816; x_wconf 77' lang='grc' dir='ltr'><strong>ι</strong></span> <span class='ocrx_word' id='word_1_103' title='bbox 860 1765 1181 1822; x_wconf 84' lang='lat' dir='ltr'><strong>llonorabilc</strong></span> <span class='ocrx_word' id='word_1_104' title='bbox 1204 1767 1533 1823; x_wconf 90' lang='lat' dir='ltr'><strong>counuhium</strong></span> <span class='ocrx_word' id='word_1_105' title='bbox 1574 1766 1626 1820; x_wconf 95' lang='lat' dir='ltr'><strong>in</strong></span> <span class='ocrx_word' id='word_1_106' title='bbox 1657 1765 1928 1831; x_wconf 90' lang='lat' dir='ltr'><strong>omnibus,</strong></span> <span class='ocrx_word' id='word_1_107' title='bbox 1960 1773 2014 1818; x_wconf 92' lang='lat' dir='ltr'><strong>et</strong></span> <span class='ocrx_word' id='word_1_108' title='bbox 2041 1773 2124 1820; x_wconf 88' lang='lat' dir='ltr'><strong>to-</strong></span> 
     </span>
    </p>
   </div>
   <div class='ocr_carea' id='block_1_18' title="bbox 2227 1742 2472 1831">
    <p class='ocr_par' dir='ltr' id='par_1_18' title="bbox 2233 1742 2472 1813">
     <span class='ocr_line' id='line_1_18' title="bbox 2233 1742 2472 1813; baseline -0.013 -17"><span class='ocrx_word' id='word_1_109' title='bbox 2233 1763 2252 1796; x_wconf 76' lang='grc'><strong>(</strong></span> <span class='ocrx_word' id='word_1_110' title='bbox 2280 1742 2472 1813; x_wconf 80' lang='grc' dir='ltr'><strong>Τίμιος</strong></span> 
     </span>
    </p>
   </div>
   <div class='ocr_carea' id='block_1_19' title="bbox 549 1853 2126 1925">
    <p class='ocr_par' dir='ltr' id='par_1_19' title="bbox 549 1853 2126 1925">
     <span class='ocr_line' id='line_1_19' title="bbox 549 1853 2126 1925; baseline 0.003 -22"><span class='ocrx_word' id='word_1_111' title='bbox 549 1866 640 1905; x_wconf 81' lang='lat' dir='ltr'><strong>rus</strong></span> <span class='ocrx_word' id='word_1_112' title='bbox 687 1855 1063 1909; x_wconf 86' lang='lat' dir='ltr'><strong>numaculatus</strong></span> <span class='ocrx_word' id='word_1_113' title='bbox 1111 1853 1158 1912; x_wconf 78' lang='grc'><strong>³.</strong></span> <span class='ocrx_word' id='word_1_114' title='bbox 1199 1875 1216 1908; x_wconf 76' lang='grc' dir='ltr'><strong>ι</strong></span> <span class='ocrx_word' id='word_1_115' title='bbox 1272 1856 1391 1922; x_wconf 86' lang='lat' dir='ltr'><strong>Quo</strong></span> <span class='ocrx_word' id='word_1_116' title='bbox 1417 1867 1574 1924; x_wconf 90' lang='lat' dir='ltr'><strong>pacto</strong></span> <span class='ocrx_word' id='word_1_117' title='bbox 1614 1871 1742 1910; x_wconf 89' lang='lat' dir='ltr'><strong>vero</strong></span> <span class='ocrx_word' id='word_1_118' title='bbox 1793 1855 2126 1925; x_wconf 79' lang='lat' dir='ltr'><strong>unigenitum</strong></span> 
     </span>
    </p>
   </div>
   <div class='ocr_carea' id='block_1_20' title="bbox 549 1941 2129 2008">
    <p class='ocr_par' dir='ltr' id='par_1_20' title="bbox 549 1941 2129 2008">
     <span class='ocr_line' id='line_1_20' title="bbox 549 1941 2129 2008; baseline 0.003 -14"><span class='ocrx_word' id='word_1_119' title='bbox 549 1941 640 1996; x_wconf 88' lang='lat' dir='ltr'><strong>Dei</strong></span> <span class='ocrx_word' id='word_1_120' title='bbox 667 1942 918 2008; x_wconf 85' lang='lat' dir='ltr'><strong>Verbum,</strong></span> <span class='ocrx_word' id='word_1_121' title='bbox 945 1961 1065 2000; x_wconf 89' lang='lat' dir='ltr'><strong>cum</strong></span> <span class='ocrx_word' id='word_1_122' title='bbox 1108 1957 1351 2002; x_wconf 86' lang='lat' dir='ltr'><strong>nostram</strong></span> <span class='ocrx_word' id='word_1_123' title='bbox 1382 1947 1787 2002; x_wconf 85' lang='lat' dir='ltr'><strong>similitudinem</strong></span> <span class='ocrx_word' id='word_1_124' title='bbox 1809 1947 1991 2001; x_wconf 88' lang='lat' dir='ltr'><strong>subire</strong></span> <span class='ocrx_word' id='word_1_125' title='bbox 2024 1944 2129 2000; x_wconf 56' lang='lat' dir='ltr'><strong>vel.</strong></span> 
     </span>
    </p>
   </div>
   <div class='ocr_carea' id='block_1_21' title="bbox 549 2034 2126 2111">
    <p class='ocr_par' dir='ltr' id='par_1_21' title="bbox 549 2034 2126 2111">
     <span class='ocr_line' id='line_1_21' title="bbox 549 2034 2126 2111; baseline 0.003 -23"><span class='ocrx_word' id='word_1_126' title='bbox 549 2034 645 2100; x_wconf 86' lang='lat' dir='ltr'><strong>let,</strong></span> <span class='ocrx_word' id='word_1_127' title='bbox 673 2037 738 2088; x_wconf 88' lang='lat' dir='ltr'><strong>ad</strong></span> <span class='ocrx_word' id='word_1_128' title='bbox 762 2038 1204 2094; x_wconf 91' lang='lat' dir='ltr'><strong>constitutionem</strong></span> <span class='ocrx_word' id='word_1_129' title='bbox 1235 2039 1347 2095; x_wconf 82' lang='lat' dir='ltr'><strong>sive</strong></span> <span class='ocrx_word' id='word_1_130' title='bbox 1369 2040 1773 2111; x_wconf 76' lang='lat' dir='ltr'><strong>generationem</strong></span> <span class='ocrx_word' id='word_1_131' title='bbox 1796 2054 1906 2094; x_wconf 75' lang='lat' dir='ltr'><strong>sua:</strong></span> <span class='ocrx_word' id='word_1_132' title='bbox 1923 2040 2126 2105; x_wconf 88' lang='lat' dir='ltr'><strong>carnis,</strong></span> 
     </span>
    </p>
   </div>
   <div class='ocr_carea' id='block_1_22' title="bbox 549 2125 2126 2202">
    <p class='ocr_par' dir='ltr' id='par_1_22' title="bbox 549 2125 2126 2202">
     <span class='ocr_line' id='line_1_22' title="bbox 549 2125 2126 2202; baseline 0.003 -24"><span class='ocrx_word' id='word_1_133' title='bbox 549 2125 798 2183; x_wconf 66' lang='lat' dir='ltr'><strong>humana:</strong></span> <span class='ocrx_word' id='word_1_134' title='bbox 827 2142 1033 2185; x_wconf 60' lang='lat' dir='ltr'><strong>natura:</strong></span> <span class='ocrx_word' id='word_1_135' title='bbox 1062 2130 1206 2202; x_wconf 83' lang='lat' dir='ltr'><strong>leges</strong></span> <span class='ocrx_word' id='word_1_136' title='bbox 1260 2131 1440 2187; x_wconf 89' lang='lat' dir='ltr'><strong>valere</strong></span> <span class='ocrx_word' id='word_1_137' title='bbox 1492 2130 1700 2187; x_wconf 87' lang='lat' dir='ltr'><strong>noluit?</strong></span> <span class='ocrx_word' id='word_1_138' title='bbox 1750 2129 1936 2200; x_wconf 86' lang='lat' dir='ltr'><strong>Neque</strong></span> <span class='ocrx_word' id='word_1_139' title='bbox 1983 2130 2126 2183; x_wconf 75' lang='lat' dir='ltr'><strong>enim</strong></span> 
     </span>
    </p>
   </div>
   <div class='ocr_carea' id='block_1_23' title="bbox 548 2220 2126 2292">
    <p class='ocr_par' dir='ltr' id='par_1_23' title="bbox 548 2220 2126 2292">
     <span class='ocr_line' id='line_1_23' title="bbox 548 2220 2126 2292; baseline 0.003 -22"><span class='ocrx_word' id='word_1_140' title='bbox 548 2228 612 2270; x_wconf 77' lang='lat' dir='ltr'><strong>ex</strong></span> <span class='ocrx_word' id='word_1_141' title='bbox 648 2227 765 2274; x_wconf 91' lang='lat' dir='ltr'><strong>toro</strong></span> <span class='ocrx_word' id='word_1_142' title='bbox 789 2229 842 2274; x_wconf 86' lang='lat' dir='ltr'><strong>et</strong></span> <span class='ocrx_word' id='word_1_143' title='bbox 873 2222 1122 2292; x_wconf 72' lang='lat' dir='ltr'><strong>coniugio</strong></span> <span class='ocrx_word' id='word_1_144' title='bbox 1147 2223 1297 2278; x_wconf 82' lang='lat' dir='ltr'><strong>nasci</strong></span> <span class='ocrx_word' id='word_1_145' title='bbox 1323 2222 1514 2288; x_wconf 88' lang='lat' dir='ltr'><strong>voluit,</strong></span> <span class='ocrx_word' id='word_1_146' title='bbox 1557 2224 1650 2280; x_wconf 87' lang='lat' dir='ltr'><strong>sed</strong></span> <span class='ocrx_word' id='word_1_147' title='bbox 1684 2237 1750 2278; x_wconf 80' lang='lat' dir='ltr'><strong>ex</strong></span> <span class='ocrx_word' id='word_1_148' title='bbox 1782 2221 2004 2292; x_wconf 77' lang='lat' dir='ltr'><strong>Virgine</strong></span> <span class='ocrx_word' id='word_1_149' title='bbox 2024 2220 2126 2275; x_wconf 87' lang='lat' dir='ltr'><strong>viri</strong></span> 
     </span>
    </p>
   </div>
   <div class='ocr_carea' id='block_1_24' title="bbox 549 2309 2130 2383">
    <p class='ocr_par' dir='ltr' id='par_1_24' title="bbox 549 2309 2130 2383">
     <span class='ocr_line' id='line_1_24' title="bbox 549 2309 2130 2383; baseline 0.003 -23"><span class='ocrx_word' id='word_1_150' title='bbox 549 2309 762 2374; x_wconf 86' lang='lat' dir='ltr'><strong>nescia,</strong></span> <span class='ocrx_word' id='word_1_151' title='bbox 802 2319 1113 2382; x_wconf 65' lang='lat' dir='ltr'><strong>praegnante</strong></span> <span class='ocrx_word' id='word_1_152' title='bbox 1161 2326 1226 2368; x_wconf 78' lang='lat' dir='ltr'><strong>ex</strong></span> <span class='ocrx_word' id='word_1_153' title='bbox 1297 2310 1526 2383; x_wconf 84' lang='lat' dir='ltr'><strong>Spiritu,</strong></span> <span class='ocrx_word' id='word_1_154' title='bbox 1588 2313 1954 2368; x_wconf 88' lang='lat' dir='ltr'><strong>obumbrante</strong></span> <span class='ocrx_word' id='word_1_155' title='bbox 2027 2310 2130 2380; x_wconf 83' lang='lat' dir='ltr'><strong>ipsi</strong></span> 
     </span>
    </p>
   </div>
   <div class='ocr_carea' id='block_1_25' title="bbox 548 2397 2129 2474">
    <p class='ocr_par' dir='ltr' id='par_1_25' title="bbox 548 2397 2129 2474">
     <span class='ocr_line' id='line_1_25' title="bbox 548 2397 2129 2474; baseline 0.004 -24"><span class='ocrx_word' id='word_1_156' title='bbox 548 2397 746 2454; x_wconf 88' lang='lat' dir='ltr'><strong>virtute</strong></span> <span class='ocrx_word' id='word_1_157' title='bbox 771 2399 888 2464; x_wconf 89' lang='lat' dir='ltr'><strong>Dei,</strong></span> <span class='ocrx_word' id='word_1_158' title='bbox 932 2402 1073 2457; x_wconf 83' lang='lat' dir='ltr'><strong>sicut</strong></span> <span class='ocrx_word' id='word_1_159' title='bbox 1105 2403 1366 2474; x_wconf 86' lang='lat' dir='ltr'><strong>scriptum</strong></span> <span class='ocrx_word' id='word_1_160' title='bbox 1393 2413 1479 2460; x_wconf 89' lang='lat' dir='ltr'><strong>est</strong></span> <span class='ocrx_word' id='word_1_161' title='bbox 1521 2405 1563 2460; x_wconf 85' lang='grc'><strong>³.</strong></span> <span class='ocrx_word' id='word_1_162' title='bbox 1589 2403 1722 2459; x_wconf 82' lang='lat' dir='ltr'><strong>Cum</strong></span> <span class='ocrx_word' id='word_1_163' title='bbox 1778 2403 1961 2472; x_wconf 89' lang='lat' dir='ltr'><strong>itaque</strong></span> <span class='ocrx_word' id='word_1_164' title='bbox 1990 2401 2129 2456; x_wconf 87' lang='lat' dir='ltr'><strong>Deus</strong></span> 
     </span>
    </p>
   </div>
   <div class='ocr_carea' id='block_1_26' title="bbox 548 2490 2129 2566">
    <p class='ocr_par' dir='ltr' id='par_1_26' title="bbox 548 2490 2129 2566">
     <span class='ocr_line' id='line_1_26' title="bbox 548 2490 2129 2566; baseline 0.005 -26"><span class='ocrx_word' id='word_1_165' title='bbox 548 2490 976 2559; x_wconf 76' lang='lat' dir='ltr'><strong>conjugiumuon</strong></span> <span class='ocrx_word' id='word_1_166' title='bbox 1023 2498 1481 2562; x_wconf 75' lang='lat' dir='ltr'><strong>aspernetur-,sed</strong></span> <span class='ocrx_word' id='word_1_167' title='bbox 1521 2496 1701 2566; x_wconf 88' lang='lat' dir='ltr'><strong>potius</strong></span> <span class='ocrx_word' id='word_1_168' title='bbox 1753 2494 2129 2549; x_wconf 88' lang='lat' dir='ltr'><strong>benedictione</strong></span> 
     </span>
    </p>
   </div>
   <div class='ocr_carea' id='block_1_27' title="bbox 548 2573 2129 2659">
    <p class='ocr_par' dir='ltr' id='par_1_27' title="bbox 548 2573 2129 2659">
     <span class='ocr_line' id='line_1_27' title="bbox 548 2573 2129 2659; baseline 0.002 -24"><span class='ocrx_word' id='word_1_169' title='bbox 548 2595 642 2635; x_wconf 86' lang='lat' dir='ltr'><strong>sua</strong></span> <span class='ocrx_word' id='word_1_170' title='bbox 669 2573 795 2635; x_wconf 87' lang='lat' dir='ltr'><strong>illud</strong></span> <span class='ocrx_word' id='word_1_171' title='bbox 821 2585 1428 2655; x_wconf 82' lang='lat' dir='ltr'><strong>decoret,quamobrem</strong></span> <span class='ocrx_word' id='word_1_172' title='bbox 1451 2585 1726 2659; x_wconf 78' lang='lat' dir='ltr'><strong>Virginem</strong></span> <span class='ocrx_word' id='word_1_173' title='bbox 1760 2595 2129 2657; x_wconf 67' lang='lat' dir='ltr'><strong>prregnantcm</strong></span> 
     </span>
    </p>
   </div>
   <div class='ocr_carea' id='block_1_28' title="bbox 550 2673 2128 2739">
    <p class='ocr_par' dir='ltr' id='par_1_28' title="bbox 550 2673 2128 2739">
     <span class='ocr_line' id='line_1_28' title="bbox 550 2673 2128 2739; baseline 0.004 -13"><span class='ocrx_word' id='word_1_174' title='bbox 550 2685 611 2726; x_wconf 83' lang='lat' dir='ltr'><strong>ex</strong></span> <span class='ocrx_word' id='word_1_175' title='bbox 642 2673 870 2739; x_wconf 83' lang='lat' dir='ltr'><strong>Spiritu,</strong></span> <span class='ocrx_word' id='word_1_176' title='bbox 934 2678 1115 2731; x_wconf 85' lang='lat' dir='ltr'><strong>carnis</strong></span> <span class='ocrx_word' id='word_1_177' title='bbox 1156 2693 1269 2734; x_wconf 65' lang='lat' dir='ltr'><strong>suae</strong></span> <span class='ocrx_word' id='word_1_178' title='bbox 1311 2687 1538 2731; x_wconf 89' lang='lat' dir='ltr'><strong>matrem</strong></span> <span class='ocrx_word' id='word_1_179' title='bbox 1583 2693 1704 2733; x_wconf 89' lang='lat' dir='ltr'><strong>esse</strong></span> <span class='ocrx_word' id='word_1_180' title='bbox 1733 2676 2128 2732; x_wconf 86' lang='lat' dir='ltr'><strong>volueritDcus</strong></span> 
     </span>
    </p>
   </div>
   <div class='ocr_carea' id='block_1_29' title="bbox 551 2766 2129 2838">
    <p class='ocr_par' dir='ltr' id='par_1_29' title="bbox 551 2766 2129 2838">
     <span class='ocr_line' id='line_1_29' title="bbox 551 2766 2129 2838; baseline 0.003 -21"><span class='ocrx_word' id='word_1_181' title='bbox 551 2766 814 2820; x_wconf 61' lang='lat' dir='ltr'><strong>exsistens</strong></span> <span class='ocrx_word' id='word_1_182' title='bbox 843 2766 1221 2832; x_wconf 88' lang='lat' dir='ltr'><strong>Verbum,non</strong></span> <span class='ocrx_word' id='word_1_183' title='bbox 1257 2768 1412 2822; x_wconf 81' lang='lat' dir='ltr'><strong>facile</strong></span> <span class='ocrx_word' id='word_1_184' title='bbox 1441 2769 1694 2823; x_wconf 81' lang='lat' dir='ltr'><strong>dixerim.</strong></span> <span class='ocrx_word' id='word_1_185' title='bbox 1722 2767 1961 2822; x_wconf 88' lang='lat' dir='ltr'><strong>Tametsi</strong></span> <span class='ocrx_word' id='word_1_186' title='bbox 1991 2782 2129 2838; x_wconf 90' lang='lat' dir='ltr'><strong>quo-</strong></span> 
     </span>
    </p>
   </div>
   <div class='ocr_carea' id='block_1_30' title="bbox 552 2859 2127 2928">
    <p class='ocr_par' dir='ltr' id='par_1_30' title="bbox 552 2859 2127 2928">
     <span class='ocr_line' id='line_1_30' title="bbox 552 2859 2127 2928; baseline 0.004 -20"><span class='ocrx_word' id='word_1_187' title='bbox 552 2859 710 2909; x_wconf 88' lang='lat' dir='ltr'><strong>modo</strong></span> <span class='ocrx_word' id='word_1_188' title='bbox 737 2873 841 2910; x_wconf 92' lang='lat' dir='ltr'><strong>non</strong></span> <span class='ocrx_word' id='word_1_189' title='bbox 871 2860 1043 2914; x_wconf 81' lang='lat' dir='ltr'><strong>cuivis</strong></span> <span class='ocrx_word' id='word_1_190' title='bbox 1073 2859 1356 2914; x_wconf 81' lang='lat' dir='ltr'><strong>manifesta</strong></span> <span class='ocrx_word' id='word_1_191' title='bbox 1395 2859 1560 2914; x_wconf 75' lang='lat' dir='ltr'><strong>fuerit</strong></span> <span class='ocrx_word' id='word_1_192' title='bbox 1592 2859 1706 2928; x_wconf 87' lang='lat' dir='ltr'><strong>ejus</strong></span> <span class='ocrx_word' id='word_1_193' title='bbox 1760 2859 1835 2913; x_wconf 85' lang='lat' dir='ltr'><strong>rei</strong></span> <span class='ocrx_word' id='word_1_194' title='bbox 1888 2860 2127 2925; x_wconf 72' lang='lat' dir='ltr'><strong>occasio,</strong></span> 
     </span>
    </p>
   </div>
   <div class='ocr_carea' id='block_1_31' title="bbox 551 2945 2130 3018">
    <p class='ocr_par' dir='ltr' id='par_1_31' title="bbox 551 2945 2130 3018">
     <span class='ocr_line' id='line_1_31' title="bbox 551 2945 2130 3018; baseline 0.003 -18"><span class='ocrx_word' id='word_1_195' title='bbox 551 2945 677 3000; x_wconf 88' lang='lat' dir='ltr'><strong>illud</strong></span> <span class='ocrx_word' id='word_1_196' title='bbox 704 2951 1111 3006; x_wconf 72' lang='lat' dir='ltr'><strong>consideranti?</strong></span> <span class='ocrx_word' id='word_1_197' title='bbox 1146 2951 1435 3006; x_wconf 86' lang='lat' dir='ltr'><strong>Descendit</strong></span> <span class='ocrx_word' id='word_1_198' title='bbox 1466 2952 1630 3018; x_wconf 89' lang='lat' dir='ltr'><strong>enim,</strong></span> <span class='ocrx_word' id='word_1_199' title='bbox 1677 2951 1790 3006; x_wconf 85' lang='lat' dir='ltr'><strong>sive</strong></span> <span class='ocrx_word' id='word_1_200' title='bbox 1850 2951 2009 3006; x_wconf 76' lang='lat' dir='ltr'><strong>homo</strong></span> <span class='ocrx_word' id='word_1_201' title='bbox 2050 2951 2130 3004; x_wconf 86' lang='lat' dir='ltr'><strong>l‘a-</strong></span> 
     </span>
    </p>
   </div>
   <div class='ocr_carea' id='block_1_32' title="bbox 553 3039 2196 3139">
    <p class='ocr_par' dir='ltr' id='par_1_32' title="bbox 553 3039 2196 3139">
     <span class='ocr_line' id='line_1_32' title="bbox 553 3039 2196 3139; baseline 0.005 -50"><span class='ocrx_word' id='word_1_202' title='bbox 553 3045 670 3093; x_wconf 88' lang='lat' dir='ltr'><strong>ctus</strong></span> <span class='ocrx_word' id='word_1_203' title='bbox 694 3050 778 3094; x_wconf 90' lang='lat' dir='ltr'><strong>est</strong></span> <span class='ocrx_word' id='word_1_204' title='bbox 824 3039 1014 3107; x_wconf 87' lang='lat' dir='ltr'><strong>Filius,</strong></span> <span class='ocrx_word' id='word_1_205' title='bbox 1062 3042 1467 3099; x_wconf 86' lang='lat' dir='ltr'><strong>instauraturus</strong></span> <span class='ocrx_word' id='word_1_206' title='bbox 1524 3054 1704 3098; x_wconf 87' lang='lat' dir='ltr'><strong>nostra</strong></span> <span class='ocrx_word' id='word_1_207' title='bbox 1759 3041 2012 3114; x_wconf 66' lang='lat' dir='ltr'><strong>tanqitam</strong></span> <span class='ocrx_word' id='word_1_208' title='bbox 2073 3045 2196 3139; x_wconf 81' lang='lat' dir='ltr'><strong>inC</strong></span> 
     </span>
    </p>
   </div>
   <div class='ocr_carea' id='block_1_33' title="bbox 551 3129 2124 3205">
    <p class='ocr_par' dir='ltr' id='par_1_33' title="bbox 551 3129 2124 3205">
     <span class='ocr_line' id='line_1_33' title="bbox 551 3129 2124 3205; baseline 0.003 -22"><span class='ocrx_word' id='word_1_209' title='bbox 551 3129 766 3198; x_wconf 84' lang='lat' dir='ltr'><strong>seipse;</strong></span> <span class='ocrx_word' id='word_1_210' title='bbox 811 3145 873 3186; x_wconf 91' lang='lat' dir='ltr'><strong>ac</strong></span> <span class='ocrx_word' id='word_1_211' title='bbox 903 3133 1137 3202; x_wconf 89' lang='lat' dir='ltr'><strong>primum</strong></span> <span class='ocrx_word' id='word_1_212' title='bbox 1189 3136 1407 3205; x_wconf 88' lang='lat' dir='ltr'><strong>quidem</strong></span> <span class='ocrx_word' id='word_1_213' title='bbox 1471 3135 1524 3188; x_wconf 90' lang='lat' dir='ltr'><strong>in</strong></span> <span class='ocrx_word' id='word_1_214' title='bbox 1561 3145 1802 3189; x_wconf 90' lang='lat' dir='ltr'><strong>sanctam</strong></span> <span class='ocrx_word' id='word_1_215' title='bbox 1836 3135 2124 3204; x_wconf 87' lang='lat' dir='ltr'><strong>quamdam</strong></span> 
     </span>
    </p>
   </div>
   <div class='ocr_carea' id='block_1_34' title="bbox 555 3225 2128 3289">
    <p class='ocr_par' dir='ltr' id='par_1_34' title="bbox 555 3225 2128 3289">
     <span class='ocr_line' id='line_1_34' title="bbox 555 3225 2128 3289; baseline 0.004 -16"><span class='ocrx_word' id='word_1_216' title='bbox 555 3229 716 3289; x_wconf 88' lang='lat' dir='ltr'><strong>atque</strong></span> <span class='ocrx_word' id='word_1_217' title='bbox 750 3225 1121 3280; x_wconf 79' lang='lat' dir='ltr'><strong>admirabilem</strong></span> <span class='ocrx_word' id='word_1_218' title='bbox 1194 3226 1529 3281; x_wconf 80' lang='lat' dir='ltr'><strong>nativitatem</strong></span> <span class='ocrx_word' id='word_1_219' title='bbox 1581 3236 1634 3281; x_wconf 90' lang='lat' dir='ltr'><strong>et</strong></span> <span class='ocrx_word' id='word_1_220' title='bbox 1685 3228 1877 3280; x_wconf 82' lang='lat' dir='ltr'><strong>vitam.</strong></span> <span class='ocrx_word' id='word_1_221' title='bbox 1927 3226 2128 3280; x_wconf 87' lang='lat' dir='ltr'><strong>Factus</strong></span> 
     </span>
    </p>
   </div>
   <div class='ocr_carea' id='block_1_35' title="bbox 555 3316 2130 3388">
    <p class='ocr_par' dir='ltr' id='par_1_35' title="bbox 555 3316 2130 3388">
     <span class='ocr_line' id='line_1_35' title="bbox 555 3316 2130 3388; baseline 0.01 -22"><span class='ocrx_word' id='word_1_222' title='bbox 555 3324 737 3367; x_wconf 78' lang='lat' dir='ltr'><strong>autem</strong></span> <span class='ocrx_word' id='word_1_223' title='bbox 767 3321 850 3368; x_wconf 91' lang='lat' dir='ltr'><strong>est</strong></span> <span class='ocrx_word' id='word_1_224' title='bbox 873 3317 1034 3370; x_wconf 88' lang='lat' dir='ltr'><strong>etiam</strong></span> <span class='ocrx_word' id='word_1_225' title='bbox 1067 3317 1272 3388; x_wconf 89' lang='lat' dir='ltr'><strong>primus</strong></span> <span class='ocrx_word' id='word_1_226' title='bbox 1300 3320 1415 3386; x_wconf 90' lang='lat' dir='ltr'><strong>ipse</strong></span> <span class='ocrx_word' id='word_1_227' title='bbox 1454 3325 1616 3370; x_wconf 87' lang='lat' dir='ltr'><strong>natus</strong></span> <span class='ocrx_word' id='word_1_228' title='bbox 1658 3331 1720 3371; x_wconf 78' lang='lat' dir='ltr'><strong>ex</strong></span> <span class='ocrx_word' id='word_1_229' title='bbox 1773 3316 1978 3384; x_wconf 71' lang='lat' dir='ltr'><strong>Spiritu</strong></span> <span class='ocrx_word' id='word_1_230' title='bbox 2021 3316 2130 3380; x_wconf 72' lang='lat' dir='ltr'><strong>i50-</strong></span> 
     </span>
    </p>
   </div>
   <div class='ocr_carea' id='block_1_36' title="bbox 554 3405 2128 3476">
    <p class='ocr_par' dir='ltr' id='par_1_36' title="bbox 554 3405 2128 3476">
     <span class='ocr_line' id='line_1_36' title="bbox 554 3405 2128 3476; baseline 0.001 -19"><span class='ocrx_word' id='word_1_231' title='bbox 554 3407 786 3458; x_wconf 84' lang='lat' dir='ltr'><strong>cundnm</strong></span> <span class='ocrx_word' id='word_1_232' title='bbox 834 3421 1054 3460; x_wconf 87' lang='lat' dir='ltr'><strong>carnem</strong></span> <span class='ocrx_word' id='word_1_233' title='bbox 1118 3405 1382 3476; x_wconf 87' lang='lat' dir='ltr'><strong>inquam),</strong></span> <span class='ocrx_word' id='word_1_234' title='bbox 1441 3416 1498 3460; x_wconf 93' lang='lat' dir='ltr'><strong>ut</strong></span> <span class='ocrx_word' id='word_1_235' title='bbox 1567 3406 1668 3459; x_wconf 87' lang='lat' dir='ltr'><strong>hac</strong></span> <span class='ocrx_word' id='word_1_236' title='bbox 1734 3413 1988 3472; x_wconf 78' lang='lat' dir='ltr'><strong>tauquam</strong></span> <span class='ocrx_word' id='word_1_237' title='bbox 2045 3405 2128 3458; x_wconf 78' lang='lat' dir='ltr'><strong>via</strong></span> 
     </span>
    </p>
   </div>
   <div class='ocr_carea' id='block_1_37' title="bbox 555 3495 2130 3564">
    <p class='ocr_par' dir='ltr' id='par_1_37' title="bbox 555 3495 2130 3564">
     <span class='ocr_line' id='line_1_37' title="bbox 555 3495 2130 3564; baseline -0.001 -17"><span class='ocrx_word' id='word_1_238' title='bbox 555 3495 794 3548; x_wconf 83' lang='lat' dir='ltr'><strong>etiamin</strong></span> <span class='ocrx_word' id='word_1_239' title='bbox 822 3510 919 3550; x_wconf 87' lang='lat' dir='ltr'><strong>nos</strong></span> <span class='ocrx_word' id='word_1_240' title='bbox 955 3496 1109 3562; x_wconf 90' lang='lat' dir='ltr'><strong>ipsos</strong></span> <span class='ocrx_word' id='word_1_241' title='bbox 1161 3505 1477 3550; x_wconf 86' lang='lat' dir='ltr'><strong>transeunte</strong></span> <span class='ocrx_word' id='word_1_242' title='bbox 1507 3496 1698 3564; x_wconf 81' lang='lat' dir='ltr'><strong>gratia,</strong></span> <span class='ocrx_word' id='word_1_243' title='bbox 1727 3510 1833 3548; x_wconf 92' lang='lat' dir='ltr'><strong>non</strong></span> <span class='ocrx_word' id='word_1_244' title='bbox 1891 3509 1956 3548; x_wconf 78' lang='lat' dir='ltr'><strong>ex</strong></span> <span class='ocrx_word' id='word_1_245' title='bbox 2000 3508 2130 3548; x_wconf 89' lang='lat' dir='ltr'><strong>san-</strong></span> 
     </span>
    </p>
   </div>
   <div class='ocr_carea' id='block_1_38' title="bbox 562 3585 2130 3656">
    <p class='ocr_par' dir='ltr' id='par_1_38' title="bbox 562 3585 2130 3656">
     <span class='ocr_line' id='line_1_38' title="bbox 562 3585 2130 3656; baseline 0.003 -24"><span class='ocrx_word' id='word_1_246' title='bbox 562 3585 1018 3656; x_wconf 60' lang='lat' dir='ltr'><strong>guinilmsuteqne</strong></span> <span class='ocrx_word' id='word_1_247' title='bbox 1046 3601 1108 3640; x_wconf 80' lang='lat' dir='ltr'><strong>ex</strong></span> <span class='ocrx_word' id='word_1_248' title='bbox 1142 3585 1412 3640; x_wconf 89' lang='lat' dir='ltr'><strong>voluntate</strong></span> <span class='ocrx_word' id='word_1_249' title='bbox 1434 3587 1633 3650; x_wconf 85' lang='lat' dir='ltr'><strong>carnis,</strong></span> <span class='ocrx_word' id='word_1_250' title='bbox 1660 3599 1831 3654; x_wconf 77' lang='lat' dir='ltr'><strong>neque</strong></span> <span class='ocrx_word' id='word_1_251' title='bbox 1847 3600 1912 3638; x_wconf 81' lang='lat' dir='ltr'><strong>ex</strong></span> <span class='ocrx_word' id='word_1_252' title='bbox 1937 3585 2130 3639; x_wconf 81' lang='lat' dir='ltr'><strong>&quot;olun-</strong></span> 
     </span>
    </p>
   </div>
   <div class='ocr_carea' id='block_1_39' title="bbox 559 3677 2125 3749">
    <p class='ocr_par' dir='ltr' id='par_1_39' title="bbox 559 3677 2125 3749">
     <span class='ocr_line' id='line_1_39' title="bbox 559 3677 2125 3749; baseline 0.001 -21"><span class='ocrx_word' id='word_1_253' title='bbox 559 3686 666 3728; x_wconf 87' lang='lat' dir='ltr'><strong>tate</strong></span> <span class='ocrx_word' id='word_1_254' title='bbox 697 3677 932 3741; x_wconf 81' lang='lat' dir='ltr'><strong>viri,sed</strong></span> <span class='ocrx_word' id='word_1_255' title='bbox 968 3694 1030 3732; x_wconf 78' lang='lat' dir='ltr'><strong>ex</strong></span> <span class='ocrx_word' id='word_1_256' title='bbox 1065 3677 1170 3731; x_wconf 88' lang='lat' dir='ltr'><strong>Deo</strong></span> <span class='ocrx_word' id='word_1_257' title='bbox 1207 3693 1303 3747; x_wconf 90' lang='lat' dir='ltr'><strong>per</strong></span> <span class='ocrx_word' id='word_1_258' title='bbox 1335 3677 1594 3741; x_wconf 85' lang='lat' dir='ltr'><strong>Spiritum</strong></span> <span class='ocrx_word' id='word_1_259' title='bbox 1656 3680 2125 3749; x_wconf 77' lang='lat' dir='ltr'><strong>regenerationem</strong></span> 
     </span>
    </p>
   </div>
   <div class='ocr_carea' id='block_1_40' title="bbox 557 3767 2133 3839">
    <p class='ocr_par' dir='ltr' id='par_1_40' title="bbox 557 3767 2133 3839">
     <span class='ocr_line' id='line_1_40' title="bbox 557 3767 2133 3839; baseline 0.001 -18"><span class='ocrx_word' id='word_1_260' title='bbox 557 3767 974 3822; x_wconf 75' lang='lat' dir='ltr'><strong>intellectualem</strong></span> <span class='ocrx_word' id='word_1_261' title='bbox 1016 3768 1293 3824; x_wconf 89' lang='lat' dir='ltr'><strong>consecuti</strong></span> <span class='ocrx_word' id='word_1_262' title='bbox 1351 3771 1390 3837; x_wconf 73' lang='grc'><strong>⁸,</strong></span> <span class='ocrx_word' id='word_1_263' title='bbox 1426 3777 1482 3822; x_wconf 88' lang='lat' dir='ltr'><strong>et</strong></span> <span class='ocrx_word' id='word_1_264' title='bbox 1534 3770 1965 3824; x_wconf 82' lang='lat' dir='ltr'><strong>conformitatem</strong></span> <span class='ocrx_word' id='word_1_265' title='bbox 2029 3769 2133 3839; x_wconf 82' lang='lat' dir='ltr'><strong>spi-</strong></span> 
     </span>
    </p>
   </div>
   <div class='ocr_carea' id='block_1_41' title="bbox 558 3860 2129 3932">
    <p class='ocr_par' dir='ltr' id='par_1_41' title="bbox 558 3860 2129 3932">
     <span class='ocr_line' id='line_1_41' title="bbox 558 3860 2129 3932; baseline 0 -18"><span class='ocrx_word' id='word_1_266' title='bbox 558 3861 803 3914; x_wconf 86' lang='lat' dir='ltr'><strong>ritualcm</strong></span> <span class='ocrx_word' id='word_1_267' title='bbox 828 3879 947 3915; x_wconf 86' lang='lat' dir='ltr'><strong>cum</strong></span> <span class='ocrx_word' id='word_1_268' title='bbox 979 3877 1044 3916; x_wconf 89' lang='lat' dir='ltr'><strong>eo</strong></span> <span class='ocrx_word' id='word_1_269' title='bbox 1071 3863 1162 3932; x_wconf 92' lang='lat' dir='ltr'><strong>qui</strong></span> <span class='ocrx_word' id='word_1_270' title='bbox 1206 3869 1398 3916; x_wconf 84' lang='lat' dir='ltr'><strong>natura</strong></span> <span class='ocrx_word' id='word_1_271' title='bbox 1431 3875 1495 3917; x_wconf 84' lang='lat' dir='ltr'><strong>ac</strong></span> <span class='ocrx_word' id='word_1_272' title='bbox 1519 3877 1647 3916; x_wconf 90' lang='lat' dir='ltr'><strong>vere</strong></span> <span class='ocrx_word' id='word_1_273' title='bbox 1676 3860 1944 3915; x_wconf 84' lang='lat' dir='ltr'><strong>estFilius</strong></span> <span class='ocrx_word' id='word_1_274' title='bbox 1967 3861 2129 3929; x_wconf 87' lang='lat' dir='ltr'><strong>adep-</strong></span> 
     </span>
    </p>
   </div>
   <div class='ocr_carea' id='block_1_42' title="bbox 558 3951 2130 4022">
    <p class='ocr_par' dir='ltr' id='par_1_42' title="bbox 558 3951 2130 4022">
     <span class='ocr_line' id='line_1_42' title="bbox 558 3951 2130 4022; baseline 0.001 -18"><span class='ocrx_word' id='word_1_275' title='bbox 558 3952 619 4017; x_wconf 90' lang='lat' dir='ltr'><strong>ti,</strong></span> <span class='ocrx_word' id='word_1_276' title='bbox 653 3951 817 4006; x_wconf 88' lang='lat' dir='ltr'><strong>Deum</strong></span> <span class='ocrx_word' id='word_1_277' title='bbox 873 3967 1130 4007; x_wconf 87' lang='lat' dir='ltr'><strong>vocemus</strong></span> <span class='ocrx_word' id='word_1_278' title='bbox 1152 3951 1402 4017; x_wconf 86' lang='lat' dir='ltr'><strong>Patrem,</strong></span> <span class='ocrx_word' id='word_1_279' title='bbox 1437 3961 1598 4022; x_wconf 87' lang='lat' dir='ltr'><strong>atque</strong></span> <span class='ocrx_word' id='word_1_280' title='bbox 1622 3953 1693 4006; x_wconf 88' lang='lat' dir='ltr'><strong>ita</strong></span> <span class='ocrx_word' id='word_1_281' title='bbox 1747 3952 2130 4021; x_wconf 89' lang='lat' dir='ltr'><strong>incorruptibi-</strong></span> 
     </span>
    </p>
   </div>
   <div class='ocr_carea' id='block_1_43' title="bbox 556 4043 2125 4115">
    <p class='ocr_par' dir='ltr' id='par_1_43' title="bbox 556 4043 2125 4115">
     <span class='ocr_line' id='line_1_43' title="bbox 556 4043 2125 4115; baseline 0 -19"><span class='ocrx_word' id='word_1_282' title='bbox 556 4043 632 4098; x_wconf 90' lang='lat' dir='ltr'><strong>les</strong></span> <span class='ocrx_word' id='word_1_283' title='bbox 661 4060 1102 4115; x_wconf 83' lang='lat' dir='ltr'><strong>permaneamus;</strong></span> <span class='ocrx_word' id='word_1_284' title='bbox 1132 4062 1235 4099; x_wconf 91' lang='lat' dir='ltr'><strong>non</strong></span> <span class='ocrx_word' id='word_1_285' title='bbox 1255 4043 1364 4112; x_wconf 81' lang='lat' dir='ltr'><strong>jam</strong></span> <span class='ocrx_word' id='word_1_286' title='bbox 1397 4043 1626 4114; x_wconf 83' lang='lat' dir='ltr'><strong>amplius</strong></span> <span class='ocrx_word' id='word_1_287' title='bbox 1689 4043 1919 4114; x_wconf 87' lang='lat' dir='ltr'><strong>priorem</strong></span> <span class='ocrx_word' id='word_1_288' title='bbox 1957 4044 2125 4108; x_wconf 89' lang='lat' dir='ltr'><strong>illum,</strong></span> 
     </span>
    </p>
   </div>
   <div class='ocr_carea' id='block_1_44' title="bbox 556 4136 2128 4208">
    <p class='ocr_par' dir='ltr' id='par_1_44' title="bbox 556 4136 2128 4208">
     <span class='ocr_line' id='line_1_44' title="bbox 556 4136 2128 4208; baseline -0.001 -17"><span class='ocrx_word' id='word_1_289' title='bbox 556 4138 658 4192; x_wconf 90' lang='lat' dir='ltr'><strong>hoc</strong></span> <span class='ocrx_word' id='word_1_290' title='bbox 694 4147 797 4198; x_wconf 84' lang='lat' dir='ltr'><strong>est.</strong></span> <span class='ocrx_word' id='word_1_291' title='bbox 828 4139 1088 4191; x_wconf 85' lang='lat' dir='ltr'><strong>Adamum</strong></span> <span class='ocrx_word' id='word_1_292' title='bbox 1118 4149 1324 4208; x_wconf 89' lang='lat' dir='ltr'><strong>patrem</strong></span> <span class='ocrx_word' id='word_1_293' title='bbox 1361 4136 1641 4200; x_wconf 87' lang='lat' dir='ltr'><strong>habentes,</strong></span> <span class='ocrx_word' id='word_1_294' title='bbox 1679 4139 1730 4190; x_wconf 90' lang='lat' dir='ltr'><strong>in</strong></span> <span class='ocrx_word' id='word_1_295' title='bbox 1784 4152 1890 4207; x_wconf 89' lang='lat' dir='ltr'><strong>quo</strong></span> <span class='ocrx_word' id='word_1_296' title='bbox 1931 4146 1982 4192; x_wconf 90' lang='lat' dir='ltr'><strong>et</strong></span> <span class='ocrx_word' id='word_1_297' title='bbox 2007 4152 2128 4191; x_wconf 91' lang='lat' dir='ltr'><strong>cor-</strong></span> 
     </span>
    </p>
   </div>
   <div class='ocr_carea' id='block_1_45' title="bbox 558 4227 2131 4301">
    <p class='ocr_par' dir='ltr' id='par_1_45' title="bbox 558 4227 2131 4301">
     <span class='ocr_line' id='line_1_45' title="bbox 558 4227 2131 4301; baseline -0.002 -17"><span class='ocrx_word' id='word_1_298' title='bbox 558 4231 699 4301; x_wconf 85' lang='lat' dir='ltr'><strong>rupti</strong></span> <span class='ocrx_word' id='word_1_299' title='bbox 733 4245 969 4285; x_wconf 88' lang='lat' dir='ltr'><strong>eramus.</strong></span> <span class='ocrx_word' id='word_1_300' title='bbox 995 4228 1200 4283; x_wconf 85' lang='lat' dir='ltr'><strong>ldcirco</strong></span> <span class='ocrx_word' id='word_1_301' title='bbox 1224 4239 1274 4282; x_wconf 88' lang='lat' dir='ltr'><strong>et</strong></span> <span class='ocrx_word' id='word_1_302' title='bbox 1302 4227 1550 4283; x_wconf 86' lang='lat' dir='ltr'><strong>Christus</strong></span> <span class='ocrx_word' id='word_1_303' title='bbox 1577 4228 1775 4297; x_wconf 88' lang='lat' dir='ltr'><strong>inquit.</strong></span> <span class='ocrx_word' id='word_1_304' title='bbox 1826 4227 1950 4282; x_wconf 87' lang='lat' dir='ltr'><strong>alibi</strong></span> <span class='ocrx_word' id='word_1_305' title='bbox 2011 4227 2131 4296; x_wconf 84' lang='lat' dir='ltr'><strong>qui-</strong></span> 
     </span>
    </p>
   </div>
   <div class='ocr_carea' id='block_1_46' title="bbox 555 4317 2131 4388">
    <p class='ocr_par' dir='ltr' id='par_1_46' title="bbox 555 4317 2131 4388">
     <span class='ocr_line' id='line_1_46' title="bbox 555 4317 2131 4388; baseline -0.001 -13"><span class='ocrx_word' id='word_1_306' title='bbox 555 4323 675 4375; x_wconf 87' lang='lat' dir='ltr'><strong>dem</strong></span> <span class='ocrx_word' id='word_1_307' title='bbox 708 4337 719 4374; x_wconf 94' lang='lat'>:</span> <span class='ocrx_word' id='word_1_308' title='bbox 760 4338 778 4371; x_wconf 76' lang='grc' dir='ltr'><strong>ι</strong></span> <span class='ocrx_word' id='word_1_309' title='bbox 819 4319 996 4372; x_wconf 77' lang='lat' dir='ltr'><strong>Nolite</strong></span> <span class='ocrx_word' id='word_1_310' title='bbox 1010 4335 1202 4373; x_wconf 84' lang='lat' dir='ltr'><strong>vocare</strong></span> <span class='ocrx_word' id='word_1_311' title='bbox 1221 4328 1424 4388; x_wconf 83' lang='lat' dir='ltr'><strong>patrem</strong></span> <span class='ocrx_word' id='word_1_312' title='bbox 1449 4329 1684 4374; x_wconf 86' lang='lat' dir='ltr'><strong>vestrum</strong></span> <span class='ocrx_word' id='word_1_313' title='bbox 1712 4317 1764 4372; x_wconf 93' lang='lat' dir='ltr'><strong>in</strong></span> <span class='ocrx_word' id='word_1_314' title='bbox 1798 4319 2131 4374; x_wconf 86' lang='lat' dir='ltr'><strong>terris.Unus</strong></span> 
     </span>
    </p>
   </div>
   <div class='ocr_carea' id='block_1_47' title="bbox 2231 653 3753 727">
    <p class='ocr_par' dir='ltr' id='par_1_47' title="bbox 2231 653 3753 727">
     <span class='ocr_line' id='line_1_47' title="bbox 2231 653 3753 727; baseline -0.001 -17"><span class='ocrx_word' id='word_1_315' title='bbox 2231 657 2375 710; x_wconf 88' lang='grc' dir='ltr'><strong>κατὰ</strong></span> <span class='ocrx_word' id='word_1_316' title='bbox 2419 657 2582 727; x_wconf 84' lang='grc' dir='ltr'><strong>φύσιν</strong></span> <span class='ocrx_word' id='word_1_317' title='bbox 2609 655 2766 720; x_wconf 83' lang='grc' dir='ltr'><strong>Υίοῦ,</strong></span> <span class='ocrx_word' id='word_1_318' title='bbox 2801 655 2864 710; x_wconf 77' lang='grc' dir='ltr'><strong>τὸ</strong></span> <span class='ocrx_word' id='word_1_319' title='bbox 2889 654 2985 708; x_wconf 92' lang='grc' dir='ltr'><strong>τοῦ</strong></span> <span class='ocrx_word' id='word_1_320' title='bbox 3008 654 3235 708; x_wconf 80' lang='grc' dir='ltr'><strong>Θανάτου</strong></span> <span class='ocrx_word' id='word_1_321' title='bbox 3255 653 3578 724; x_wconf 79' lang='grc' dir='ltr'><strong>γευσάμενον</strong></span> <span class='ocrx_word' id='word_1_322' title='bbox 3605 655 3753 725; x_wconf 80' lang='grc' dir='ltr'><strong>σῶμα.</strong></span> 
     </span>
    </p>
   </div>
   <div class='ocr_carea' id='block_1_48' title="bbox 2228 742 3758 820">
    <p class='ocr_par' dir='ltr' id='par_1_48' title="bbox 2228 742 3758 820">
     <span class='ocr_line' id='line_1_48' title="bbox 2228 742 3758 820; baseline -0.004 -18"><span class='ocrx_word' id='word_1_323' title='bbox 2228 743 2357 820; x_wconf 71' lang='grc' dir='ltr'><strong>Ἆρ’</strong></span> <span class='ocrx_word' id='word_1_324' title='bbox 2402 748 2476 812; x_wconf 83' lang='grc' dir='ltr'><strong>ὡς</strong></span> <span class='ocrx_word' id='word_1_325' title='bbox 2508 749 2608 802; x_wconf 79' lang='grc' dir='ltr'><strong>οὐκ</strong></span> <span class='ocrx_word' id='word_1_326' title='bbox 2646 742 2705 801; x_wconf 78' lang='grc' dir='ltr'><strong>εὖ</strong></span> <span class='ocrx_word' id='word_1_327' title='bbox 2738 745 3042 816; x_wconf 80' lang='grc' dir='ltr'><strong>γεγονόσιν,</strong></span> <span class='ocrx_word' id='word_1_328' title='bbox 3089 745 3253 816; x_wconf 76' lang='grc' dir='ltr'><strong>ἧγουν</strong></span> <span class='ocrx_word' id='word_1_329' title='bbox 3297 743 3432 814; x_wconf 81' lang='grc' dir='ltr'><strong>πρὸς</strong></span> <span class='ocrx_word' id='word_1_330' title='bbox 3465 744 3609 814; x_wconf 73' lang='grc' dir='ltr'><strong>ἡμῶν</strong></span> <span class='ocrx_word' id='word_1_331' title='bbox 3631 745 3758 818; x_wconf 73' lang='grc' dir='ltr'><strong>εἰρη-</strong></span> 
     </span>
    </p>
   </div>
   <div class='ocr_carea' id='block_1_49' title="bbox 2232 839 3236 912">
    <p class='ocr_par' dir='ltr' id='par_1_49' title="bbox 2232 839 3236 912">
     <span class='ocr_line' id='line_1_49' title="bbox 2232 839 3236 912; baseline -0.007 -18"><span class='ocrx_word' id='word_1_332' title='bbox 2232 841 2417 911; x_wconf 81' lang='grc' dir='ltr'><strong>μένοις</strong></span> <span class='ocrx_word' id='word_1_333' title='bbox 2441 841 2586 912; x_wconf 71' lang='grc' dir='ltr'><strong>έχεις</strong></span> <span class='ocrx_word' id='word_1_334' title='bbox 2616 859 2668 894; x_wconf 80' lang='grc' dir='ltr'><strong>τι</strong></span> <span class='ocrx_word' id='word_1_335' title='bbox 2704 839 2916 902; x_wconf 82' lang='grc' dir='ltr'><strong>τούτοις</strong></span> <span class='ocrx_word' id='word_1_336' title='bbox 2943 839 3236 908; x_wconf 76' lang='grc' dir='ltr'><strong>ὲπιτιμᾷν;</strong></span> 
     </span>
    </p>
   </div>
   <div class='ocr_carea' id='block_1_50' title="bbox 2300 1102 2690 1175">
    <p class='ocr_par' dir='ltr' id='par_1_50' title="bbox 2300 1102 2690 1175">
     <span class='ocr_line' id='line_1_50' title="bbox 2300 1102 2690 1175; baseline -0.003 -14"><span class='ocrx_word' id='word_1_337' title='bbox 2300 1109 2360 1161; x_wconf 90' lang='grc' dir='ltr'><strong>Β.</strong></span> <span class='ocrx_word' id='word_1_338' title='bbox 2402 1102 2690 1175; x_wconf 77' lang='grc' dir='ltr'><strong>Οὐδαμῶς.</strong></span> 
     </span>
    </p>
   </div>
   <div class='ocr_carea' id='block_1_51' title="bbox 2301 1186 3481 1269">
    <p class='ocr_par' dir='ltr' id='par_1_51' title="bbox 2301 1186 3481 1269">
     <span class='ocr_line' id='line_1_51' title="bbox 2301 1186 3481 1269; baseline -0.01 -15"><span class='ocrx_word' id='word_1_339' title='bbox 2301 1202 2367 1254; x_wconf 80' lang='grc' dir='ltr'><strong>Α.</strong></span> <span class='ocrx_word' id='word_1_340' title='bbox 2404 1199 2596 1269; x_wconf 78' lang='grc' dir='ltr'><strong>Ἀθρει</strong></span> <span class='ocrx_word' id='word_1_341' title='bbox 2625 1196 2689 1266; x_wconf 89' lang='grc' dir='ltr'><strong>δή</strong></span> <span class='ocrx_word' id='word_1_342' title='bbox 2721 1211 2811 1265; x_wconf 90' lang='grc' dir='ltr'><strong>μοι</strong></span> <span class='ocrx_word' id='word_1_343' title='bbox 2843 1192 3063 1246; x_wconf 85' lang='grc' dir='ltr'><strong>κάκεῖνο</strong></span> <span class='ocrx_word' id='word_1_344' title='bbox 3092 1189 3227 1260; x_wconf 73' lang='grc' dir='ltr'><strong>πρὸς</strong></span> <span class='ocrx_word' id='word_1_345' title='bbox 3250 1186 3481 1250; x_wconf 80' lang='grc' dir='ltr'><strong>τούτοις.</strong></span> 
     </span>
    </p>
   </div>
   <div class='ocr_carea' id='block_1_52' title="bbox 2300 1285 2838 1357">
    <p class='ocr_par' dir='ltr' id='par_1_52' title="bbox 2300 1285 2838 1357">
     <span class='ocr_line' id='line_1_52' title="bbox 2300 1285 2838 1357; baseline 0.006 -13"><span class='ocrx_word' id='word_1_346' title='bbox 2300 1293 2362 1344; x_wconf 82' lang='grc' dir='ltr'><strong>Β.</strong></span> <span class='ocrx_word' id='word_1_347' title='bbox 2405 1290 2478 1342; x_wconf 83' lang='grc' dir='ltr'><strong>Τδ</strong></span> <span class='ocrx_word' id='word_1_348' title='bbox 2506 1288 2559 1341; x_wconf 85' lang='grc' dir='ltr'><strong>τί</strong></span> <span class='ocrx_word' id='word_1_349' title='bbox 2586 1285 2651 1357; x_wconf 83' lang='grc' dir='ltr'><strong>δὴ</strong></span> <span class='ocrx_word' id='word_1_350' title='bbox 2677 1285 2784 1354; x_wconf 82' lang='grc' dir='ltr'><strong>φής</strong></span> <span class='ocrx_word' id='word_1_351' title='bbox 2805 1299 2838 1348; x_wconf 59' lang='lat' dir='ltr'><strong>r</strong></span> 
     </span>
    </p>
   </div>
   <div class='ocr_carea' id='block_1_53' title="bbox 2301 1365 3760 1450">
    <p class='ocr_par' dir='ltr' id='par_1_53' title="bbox 2301 1365 3760 1450">
     <span class='ocr_line' id='line_1_53' title="bbox 2301 1365 3760 1450; baseline -0.016 -13"><span class='ocrx_word' id='word_1_352' title='bbox 2301 1385 2367 1436; x_wconf 78' lang='grc' dir='ltr'><strong>Α.</strong></span> <span class='ocrx_word' id='word_1_353' title='bbox 2411 1381 2556 1450; x_wconf 84' lang='grc' dir='ltr'><strong>Ἔφη</strong></span> <span class='ocrx_word' id='word_1_354' title='bbox 2593 1394 2698 1430; x_wconf 84' lang='grc' dir='ltr'><strong>που</strong></span> <span class='ocrx_word' id='word_1_355' title='bbox 2729 1373 2964 1446; x_wconf 81' lang='grc' dir='ltr'><strong>Χριστὸς</strong></span> <span class='ocrx_word' id='word_1_356' title='bbox 2995 1373 3108 1436; x_wconf 86' lang='grc' dir='ltr'><strong>τοῖς</strong></span> <span class='ocrx_word' id='word_1_357' title='bbox 3144 1369 3388 1439; x_wconf 80' lang='grc' dir='ltr'><strong>ἀναιρεῖν</strong></span> <span class='ocrx_word' id='word_1_358' title='bbox 3427 1365 3649 1419; x_wconf 70' lang='grc' dir='ltr'><strong>ἐθέλουσι</strong></span> <span class='ocrx_word' id='word_1_359' title='bbox 3678 1365 3760 1433; x_wconf 72' lang='grc' dir='ltr'><strong>τὴν</strong></span> 
     </span>
    </p>
   </div>
   <div class='ocr_carea' id='block_1_54' title="bbox 2229 1457 3759 1538">
    <p class='ocr_par' dir='ltr' id='par_1_54' title="bbox 2229 1457 3759 1538">
     <span class='ocr_line' id='line_1_54' title="bbox 2229 1457 3759 1538; baseline -0.017 -7"><span class='ocrx_word' id='word_1_360' title='bbox 2229 1477 2529 1532; x_wconf 79' lang='grc' dir='ltr'><strong>ἀνάστασιν</strong></span> <span class='ocrx_word' id='word_1_361' title='bbox 2566 1468 2674 1524; x_wconf 84' lang='grc' dir='ltr'><strong>τῶν</strong></span> <span class='ocrx_word' id='word_1_362' title='bbox 2707 1466 2947 1538; x_wconf 85' lang='grc' dir='ltr'><strong>νεκρῶν·</strong></span> <span class='ocrx_word' id='word_1_363' title='bbox 2979 1484 3004 1516; x_wconf 77' lang='grc' dir='ltr'><strong>-ι</strong></span> <span class='ocrx_word' id='word_1_364' title='bbox 3033 1465 3149 1518; x_wconf 86' lang='grc' dir='ltr'><strong>Οὐκ</strong></span> <span class='ocrx_word' id='word_1_365' title='bbox 3178 1461 3469 1528; x_wconf 82' lang='grc' dir='ltr'><strong>ἀνέγνωτε,</strong></span> <span class='ocrx_word' id='word_1_366' title='bbox 3491 1458 3609 1510; x_wconf 81' lang='grc' dir='ltr'><strong>ὅτιὸ</strong></span> <span class='ocrx_word' id='word_1_367' title='bbox 3636 1457 3759 1523; x_wconf 79' lang='grc' dir='ltr'><strong>ποιή-</strong></span> 
     </span>
    </p>
   </div>
   <div class='ocr_carea' id='block_1_55' title="bbox 2231 1544 3758 1627">
    <p class='ocr_par' dir='ltr' id='par_1_55' title="bbox 2231 1544 3758 1627">
     <span class='ocr_line' id='line_1_55' title="bbox 2231 1544 3758 1627; baseline -0.013 -12"><span class='ocrx_word' id='word_1_368' title='bbox 2231 1578 2330 1625; x_wconf 91' lang='grc' dir='ltr'><strong>σας</strong></span> <span class='ocrx_word' id='word_1_369' title='bbox 2359 1559 2450 1613; x_wconf 82' lang='grc' dir='ltr'><strong>τὸν</strong></span> <span class='ocrx_word' id='word_1_370' title='bbox 2479 1556 2766 1627; x_wconf 78' lang='grc' dir='ltr'><strong>ἄνθρωπον</strong></span> <span class='ocrx_word' id='word_1_371' title='bbox 2791 1555 2849 1605; x_wconf 88' lang='grc' dir='ltr'><strong>ὲν</strong></span> <span class='ocrx_word' id='word_1_372' title='bbox 2873 1553 3090 1623; x_wconf 81' lang='grc' dir='ltr'><strong>ἀρχαῖς,</strong></span> <span class='ocrx_word' id='word_1_373' title='bbox 3129 1551 3300 1622; x_wconf 80' lang='grc' dir='ltr'>ἄρσεν</span> <span class='ocrx_word' id='word_1_374' title='bbox 3333 1547 3428 1601; x_wconf 73' lang='grc' dir='ltr'><strong>καὶ</strong></span> <span class='ocrx_word' id='word_1_375' title='bbox 3455 1545 3578 1616; x_wconf 83' lang='grc' dir='ltr'><strong>θῆλυ</strong></span> <span class='ocrx_word' id='word_1_376' title='bbox 3609 1544 3758 1613; x_wconf 76' lang='grc' dir='ltr'><strong>ἐποίη-</strong></span> 
     </span>
    </p>
   </div>
   <div class='ocr_carea' id='block_1_56' title="bbox 2231 1637 3757 1718">
    <p class='ocr_par' dir='ltr' id='par_1_56' title="bbox 2231 1637 3757 1718">
     <span class='ocr_line' id='line_1_56' title="bbox 2231 1637 3757 1718; baseline -0.024 5"><span class='ocrx_word' id='word_1_377' title='bbox 2231 1671 2324 1708; x_wconf 81' lang='grc' dir='ltr'><strong>σεν</strong></span> <span class='ocrx_word' id='word_1_378' title='bbox 2347 1649 2580 1714; x_wconf 77' lang='grc' dir='ltr'><strong>αὐτούςς</strong></span> <span class='ocrx_word' id='word_1_379' title='bbox 2616 1667 2634 1699; x_wconf 73' lang='grc'><strong><em>³</em></strong></span> <span class='ocrx_word' id='word_1_380' title='bbox 2689 1646 2894 1718; x_wconf 78' lang='grc' dir='ltr'><strong>Γράφει</strong></span> <span class='ocrx_word' id='word_1_381' title='bbox 2932 1645 2990 1698; x_wconf 82' lang='grc' dir='ltr'><strong>δὲ</strong></span> <span class='ocrx_word' id='word_1_382' title='bbox 3031 1643 3124 1698; x_wconf 73' lang='grc' dir='ltr'><strong>καὶ</strong></span> <span class='ocrx_word' id='word_1_383' title='bbox 3169 1643 3198 1694; x_wconf 80' lang='grc' dir='ltr'>ὁ</span> <span class='ocrx_word' id='word_1_384' title='bbox 3227 1639 3510 1703; x_wconf 81' lang='grc' dir='ltr'><strong>θεσπέσιος</strong></span> <span class='ocrx_word' id='word_1_385' title='bbox 3553 1637 3757 1699; x_wconf 68' lang='grc' dir='ltr'><strong>Παῦλος·</strong></span> 
     </span>
    </p>
   </div>
   <div class='ocr_carea' id='block_1_57' title="bbox 2501 1719 3761 1809">
    <p class='ocr_par' dir='ltr' id='par_1_57' title="bbox 2501 1719 3761 1809">
     <span class='ocr_line' id='line_1_57' title="bbox 2501 1719 3761 1809; baseline -0.013 -16"><span class='ocrx_word' id='word_1_386' title='bbox 2501 1741 2530 1793; x_wconf 81' lang='grc' dir='ltr'><strong>ὁ</strong></span> <span class='ocrx_word' id='word_1_387' title='bbox 2556 1739 2734 1809; x_wconf 82' lang='grc' dir='ltr'><strong>γάμος</strong></span> <span class='ocrx_word' id='word_1_388' title='bbox 2751 1740 2808 1790; x_wconf 76' lang='grc' dir='ltr'><strong>ἔν</strong></span> <span class='ocrx_word' id='word_1_389' title='bbox 2824 1737 2978 1800; x_wconf 80' lang='grc' dir='ltr'><strong>πᾶσι,</strong></span> <span class='ocrx_word' id='word_1_390' title='bbox 3004 1734 3099 1786; x_wconf 74' lang='grc' dir='ltr'><strong>καὶ</strong></span> <span class='ocrx_word' id='word_1_391' title='bbox 3114 1735 3148 1803; x_wconf 74' lang='grc' dir='ltr'>ἡ</span> <span class='ocrx_word' id='word_1_392' title='bbox 3165 1729 3322 1801; x_wconf 89' lang='grc' dir='ltr'><strong>κοίτη</strong></span> <span class='ocrx_word' id='word_1_393' title='bbox 3346 1727 3638 1800; x_wconf 75' lang='grc' dir='ltr'><strong>ἀμίαντος.»</strong></span> <span class='ocrx_word' id='word_1_394' title='bbox 3657 1719 3761 1778; x_wconf 76' lang='grc' dir='ltr'><strong>Εἶτα</strong></span> 
     </span>
    </p>
   </div>
   <div class='ocr_carea' id='block_1_58' title="bbox 2229 1816 3790 1902">
    <p class='ocr_par' dir='ltr' id='par_1_58' title="bbox 2229 1816 3790 1902">
     <span class='ocr_line' id='line_1_58' title="bbox 2229 1816 3790 1902; baseline -0.012 -15"><span class='ocrx_word' id='word_1_395' title='bbox 2229 1835 2347 1898; x_wconf 84' lang='grc' dir='ltr'><strong>πῶς</strong></span> <span class='ocrx_word' id='word_1_396' title='bbox 2381 1835 2410 1886; x_wconf 86' lang='grc' dir='ltr'>ὁ</span> <span class='ocrx_word' id='word_1_397' title='bbox 2455 1829 2748 1902; x_wconf 86' lang='grc' dir='ltr'><strong>μονογενὴς</strong></span> <span class='ocrx_word' id='word_1_398' title='bbox 2780 1825 2871 1880; x_wconf 83' lang='grc' dir='ltr'><strong>τοῦ</strong></span> <span class='ocrx_word' id='word_1_399' title='bbox 2906 1823 3046 1878; x_wconf 87' lang='grc' dir='ltr'><strong>Θεοῦ</strong></span> <span class='ocrx_word' id='word_1_400' title='bbox 3089 1821 3285 1890; x_wconf 81' lang='grc' dir='ltr'><strong>Λόγος,</strong></span> <span class='ocrx_word' id='word_1_401' title='bbox 3327 1819 3426 1888; x_wconf 77' lang='grc' dir='ltr'><strong>τὴν</strong></span> <span class='ocrx_word' id='word_1_402' title='bbox 3474 1816 3600 1887; x_wconf 80' lang='grc' dir='ltr'><strong>πρὸς</strong></span> <span class='ocrx_word' id='word_1_403' title='bbox 3643 1817 3790 1886; x_wconf 76' lang='grc' dir='ltr'><strong>ἡμᾶς’</strong></span> 
     </span>
    </p>
   </div>
   <div class='ocr_carea' id='block_1_59' title="bbox 2227 1906 3758 1997">
    <p class='ocr_par' dir='ltr' id='par_1_59' title="bbox 2227 1906 3758 1997">
     <span class='ocr_line' id='line_1_59' title="bbox 2227 1906 3758 1997; baseline -0.014 -17"><span class='ocrx_word' id='word_1_404' title='bbox 2227 1925 2486 1997; x_wconf 87' lang='grc' dir='ltr'><strong>ὁμοίωσιν</strong></span> <span class='ocrx_word' id='word_1_405' title='bbox 2524 1919 2770 1975; x_wconf 71' lang='grc' dir='ltr'><strong>ἐπελθεῖν</strong></span> <span class='ocrx_word' id='word_1_406' title='bbox 2804 1917 3089 1988; x_wconf 76' lang='grc' dir='ltr'><strong>ἐθελήσας,</strong></span> <span class='ocrx_word' id='word_1_407' title='bbox 3125 1915 3188 1967; x_wconf 84' lang='grc' dir='ltr'><strong>οὐ</strong></span> <span class='ocrx_word' id='word_1_408' title='bbox 3236 1915 3350 1976; x_wconf 86' lang='grc' dir='ltr'><strong>τοῖς</strong></span> <span class='ocrx_word' id='word_1_409' title='bbox 3396 1913 3494 1981; x_wconf 75' lang='grc' dir='ltr'><strong>τῆς</strong></span> <span class='ocrx_word' id='word_1_410' title='bbox 3519 1906 3758 1979; x_wconf 81' lang='grc' dir='ltr'><strong>ἁνθρωπό·</strong></span> 
     </span>
    </p>
   </div>
   <div class='ocr_carea' id='block_1_60' title="bbox 2227 1997 3761 2085">
    <p class='ocr_par' dir='ltr' id='par_1_60' title="bbox 2227 1997 3761 2085">
     <span class='ocr_line' id='line_1_60' title="bbox 2227 1997 3761 2085; baseline -0.013 -17"><span class='ocrx_word' id='word_1_411' title='bbox 2227 2028 2390 2085; x_wconf 85' lang='grc' dir='ltr'><strong>τητος</strong></span> <span class='ocrx_word' id='word_1_412' title='bbox 2418 2012 2606 2082; x_wconf 84' lang='grc' dir='ltr'><strong>νόμοις</strong></span> <span class='ocrx_word' id='word_1_413' title='bbox 2634 2010 2806 2080; x_wconf 77' lang='grc' dir='ltr'><strong>ἐφῆκε</strong></span> <span class='ocrx_word' id='word_1_414' title='bbox 2830 2009 3073 2078; x_wconf 78' lang='grc' dir='ltr'><strong>κρατεῖν,</strong></span> <span class='ocrx_word' id='word_1_415' title='bbox 3112 2005 3193 2067; x_wconf 83' lang='grc' dir='ltr'><strong>είς</strong></span> <span class='ocrx_word' id='word_1_416' title='bbox 3228 2001 3508 2065; x_wconf 80' lang='grc' dir='ltr'><strong>σύστασιν,</strong></span> <span class='ocrx_word' id='word_1_417' title='bbox 3530 2000 3637 2069; x_wconf 73' lang='grc' dir='ltr'><strong>ἦτοι</strong></span> <span class='ocrx_word' id='word_1_418' title='bbox 3661 1997 3761 2065; x_wconf 77' lang='grc' dir='ltr'><strong>γένο</strong></span> 
     </span>
    </p>
   </div>
   <div class='ocr_carea' id='block_1_61' title="bbox 2228 2089 3765 2180">
    <p class='ocr_par' dir='ltr' id='par_1_61' title="bbox 2228 2089 3765 2180">
     <span class='ocr_line' id='line_1_61' title="bbox 2228 2089 3765 2180; baseline -0.012 -18"><span class='ocrx_word' id='word_1_419' title='bbox 2228 2124 2384 2180; x_wconf 85' lang='grc' dir='ltr'><strong>νησιν</strong></span> <span class='ocrx_word' id='word_1_420' title='bbox 2413 2108 2514 2178; x_wconf 81' lang='grc' dir='ltr'><strong>τῆς</strong></span> <span class='ocrx_word' id='word_1_421' title='bbox 2537 2103 2677 2167; x_wconf 82' lang='grc' dir='ltr'><strong>ίδίας</strong></span> <span class='ocrx_word' id='word_1_422' title='bbox 2701 2100 2869 2155; x_wconf 83' lang='grc' dir='ltr'><strong>αὐτοῦ</strong></span> <span class='ocrx_word' id='word_1_423' title='bbox 2895 2097 3098 2170; x_wconf 85' lang='grc' dir='ltr'><strong>σαρκός</strong></span> <span class='ocrx_word' id='word_1_424' title='bbox 3120 2113 3134 2162; x_wconf 93' lang='grc'><strong>;</strong></span> <span class='ocrx_word' id='word_1_425' title='bbox 3161 2098 3247 2151; x_wconf 76' lang='grc' dir='ltr'>ῡύ</span> <span class='ocrx_word' id='word_1_426' title='bbox 3281 2096 3392 2168; x_wconf 86' lang='grc' dir='ltr'><strong>γὰρ</strong></span> <span class='ocrx_word' id='word_1_427' title='bbox 3423 2095 3487 2147; x_wconf 78' lang='grc' dir='ltr'><strong>ὲκ</strong></span> <span class='ocrx_word' id='word_1_428' title='bbox 3507 2092 3673 2162; x_wconf 81' lang='grc' dir='ltr'><strong>κοίτης</strong></span> <span class='ocrx_word' id='word_1_429' title='bbox 3691 2089 3765 2143; x_wconf 76' lang='grc' dir='ltr'><strong>καὶ</strong></span> 
     </span>
    </p>
   </div>
   <div class='ocr_carea' id='block_1_62' title="bbox 2227 2185 3764 2271">
    <p class='ocr_par' dir='ltr' id='par_1_62' title="bbox 2227 2185 3764 2271">
     <span class='ocr_line' id='line_1_62' title="bbox 2227 2185 3764 2271; baseline -0.011 -17"><span class='ocrx_word' id='word_1_430' title='bbox 2227 2199 2424 2271; x_wconf 86' lang='grc' dir='ltr'><strong>γάμων</strong></span> <span class='ocrx_word' id='word_1_431' title='bbox 2465 2195 2727 2268; x_wconf 74' lang='grc' dir='ltr'><strong>ἠνέσχετο</strong></span> <span class='ocrx_word' id='word_1_432' title='bbox 2770 2191 2956 2246; x_wconf 79' lang='grc' dir='ltr'><strong>λαὸεϊν</strong></span> <span class='ocrx_word' id='word_1_433' title='bbox 3001 2190 3171 2260; x_wconf 80' lang='grc' dir='ltr'><strong>αὐτὴν</strong></span> <span class='ocrx_word' id='word_1_434' title='bbox 3192 2228 3207 2254; x_wconf 89' lang='grc'><strong>,</strong></span> <span class='ocrx_word' id='word_1_435' title='bbox 3255 2188 3373 2242; x_wconf 79' lang='grc' dir='ltr'><strong>ἀλλ’</strong></span> <span class='ocrx_word' id='word_1_436' title='bbox 3421 2189 3486 2240; x_wconf 77' lang='grc' dir='ltr'><strong>ἐκ</strong></span> <span class='ocrx_word' id='word_1_437' title='bbox 3527 2185 3764 2256; x_wconf 80' lang='grc' dir='ltr'><strong>Παρθένου</strong></span> 
     </span>
    </p>
   </div>
   <div class='ocr_carea' id='block_1_63' title="bbox 2221 2274 3764 2363">
    <p class='ocr_par' dir='ltr' id='par_1_63' title="bbox 2221 2274 3764 2363">
     <span class='ocr_line' id='line_1_63' title="bbox 2221 2274 3764 2363; baseline -0.012 -17"><span class='ocrx_word' id='word_1_438' title='bbox 2221 2290 2440 2363; x_wconf 82' lang='grc' dir='ltr'><strong>σεμνῆς</strong></span> <span class='ocrx_word' id='word_1_439' title='bbox 2489 2288 2587 2343; x_wconf 70' lang='grc' dir='ltr'><strong>καὶ</strong></span> <span class='ocrx_word' id='word_1_440' title='bbox 2639 2283 3044 2354; x_wconf 85' lang='grc' dir='ltr'><strong>άπειρογάμου,</strong></span> <span class='ocrx_word' id='word_1_441' title='bbox 3079 2279 3500 2351; x_wconf 82' lang='grc' dir='ltr'><strong>κυοφορησάσης</strong></span> <span class='ocrx_word' id='word_1_442' title='bbox 3543 2279 3600 2330; x_wconf 79' lang='grc' dir='ltr'><strong>ἐκ</strong></span> <span class='ocrx_word' id='word_1_443' title='bbox 3625 2274 3764 2330; x_wconf 74' lang='grc' dir='ltr'><strong>Πνεῦ-</strong></span> 
     </span>
    </p>
   </div>
   <div class='ocr_carea' id='block_1_64' title="bbox 2233 2366 3767 2456">
    <p class='ocr_par' dir='ltr' id='par_1_64' title="bbox 2233 2366 3767 2456">
     <span class='ocr_line' id='line_1_64' title="bbox 2233 2366 3767 2456; baseline -0.011 -18"><span class='ocrx_word' id='word_1_444' title='bbox 2233 2401 2436 2456; x_wconf 87' lang='grc' dir='ltr'><strong>ματος,</strong></span> <span class='ocrx_word' id='word_1_445' title='bbox 2490 2378 2893 2447; x_wconf 72' lang='grc' dir='ltr'><strong>ὲπισκιασάσης</strong></span> <span class='ocrx_word' id='word_1_446' title='bbox 2943 2376 3086 2445; x_wconf 76' lang='grc' dir='ltr'><strong>αὐτῇ</strong></span> <span class='ocrx_word' id='word_1_447' title='bbox 3127 2368 3606 2442; x_wconf 76' lang='grc' dir='ltr'><strong>δυνάμεωςθεοῦ,</strong></span> <span class='ocrx_word' id='word_1_448' title='bbox 3650 2366 3767 2421; x_wconf 72' lang='grc' dir='ltr'><strong>καθὰ</strong></span> 
     </span>
    </p>
   </div>
   <div class='ocr_carea' id='block_1_65' title="bbox 2227 2458 3766 2547">
    <p class='ocr_par' dir='ltr' id='par_1_65' title="bbox 2227 2458 3766 2547">
     <span class='ocr_line' id='line_1_65' title="bbox 2227 2458 3766 2547; baseline -0.012 -17"><span class='ocrx_word' id='word_1_449' title='bbox 2227 2477 2562 2547; x_wconf 73' lang='grc' dir='ltr'><strong>γέγραπται.</strong></span> <span class='ocrx_word' id='word_1_450' title='bbox 2597 2471 2735 2526; x_wconf 88' lang='grc' dir='ltr'><strong>Θεοῦ</strong></span> <span class='ocrx_word' id='word_1_451' title='bbox 2777 2467 3072 2538; x_wconf 79' lang='grc' dir='ltr'><strong>τοιγαροῦν</strong></span> <span class='ocrx_word' id='word_1_452' title='bbox 3097 2465 3201 2518; x_wconf 80' lang='grc' dir='ltr'><strong>τὸν</strong></span> <span class='ocrx_word' id='word_1_453' title='bbox 3250 2464 3432 2534; x_wconf 83' lang='grc' dir='ltr'><strong>γάμον</strong></span> <span class='ocrx_word' id='word_1_454' title='bbox 3477 2463 3572 2516; x_wconf 82' lang='grc' dir='ltr'><strong>οὐκ</strong></span> <span class='ocrx_word' id='word_1_455' title='bbox 3606 2458 3766 2530; x_wconf 70' lang='grc' dir='ltr'><strong>ἀτιμά-</strong></span> 
     </span>
    </p>
   </div>
   <div class='ocr_carea' id='block_1_66' title="bbox 2233 2551 3767 2635">
    <p class='ocr_par' dir='ltr' id='par_1_66' title="bbox 2233 2551 3767 2635">
     <span class='ocr_line' id='line_1_66' title="bbox 2233 2551 3767 2635; baseline -0.012 -13"><span class='ocrx_word' id='word_1_456' title='bbox 2233 2583 2447 2630; x_wconf 87' lang='grc' dir='ltr'><strong>σαντος,</strong></span> <span class='ocrx_word' id='word_1_457' title='bbox 2477 2563 2678 2635; x_wconf 81' lang='grc' dir='ltr'><strong>μᾶλλον</strong></span> <span class='ocrx_word' id='word_1_458' title='bbox 2718 2562 2778 2616; x_wconf 78' lang='grc' dir='ltr'><strong>δὲ</strong></span> <span class='ocrx_word' id='word_1_459' title='bbox 2809 2559 2905 2615; x_wconf 74' lang='grc' dir='ltr'><strong>καὶ</strong></span> <span class='ocrx_word' id='word_1_460' title='bbox 2937 2558 3158 2630; x_wconf 74' lang='grc' dir='ltr'><strong>εὐλογία</strong></span> <span class='ocrx_word' id='word_1_461' title='bbox 3187 2557 3544 2627; x_wconf 80' lang='grc' dir='ltr'><strong>τιμήσαντος,</strong></span> <span class='ocrx_word' id='word_1_462' title='bbox 3579 2551 3767 2606; x_wconf 58' lang='lat' dir='ltr'><strong>Meton</strong></span> 
     </span>
    </p>
   </div>
   <div class='ocr_carea' id='block_1_67' title="bbox 2229 2643 3767 2730">
    <p class='ocr_par' dir='ltr' id='par_1_67' title="bbox 2229 2643 3767 2730">
     <span class='ocr_line' id='line_1_67' title="bbox 2229 2643 3767 2730; baseline -0.012 -17"><span class='ocrx_word' id='word_1_463' title='bbox 2229 2659 2508 2730; x_wconf 74' lang='grc' dir='ltr'><strong>Παρθένον</strong></span> <span class='ocrx_word' id='word_1_464' title='bbox 2536 2653 2910 2724; x_wconf 88' lang='grc' dir='ltr'><strong>κυοφοροῦσαν</strong></span> <span class='ocrx_word' id='word_1_465' title='bbox 2942 2654 3006 2706; x_wconf 80' lang='grc' dir='ltr'><strong>ὲκ</strong></span> <span class='ocrx_word' id='word_1_466' title='bbox 3028 2649 3371 2720; x_wconf 81' lang='grc' dir='ltr'><strong>Πνεύματος,</strong></span> <span class='ocrx_word' id='word_1_467' title='bbox 3393 2647 3490 2718; x_wconf 74' lang='grc' dir='ltr'><strong>τῆς</strong></span> <span class='ocrx_word' id='word_1_468' title='bbox 3521 2643 3642 2708; x_wconf 84' lang='grc' dir='ltr'><strong>ἰδίας</strong></span> <span class='ocrx_word' id='word_1_469' title='bbox 3660 2659 3767 2713; x_wconf 80' lang='grc' dir='ltr'><strong>σαρ-</strong></span> 
     </span>
    </p>
   </div>
   <div class='ocr_carea' id='block_1_68' title="bbox 2229 2733 3767 2819">
    <p class='ocr_par' dir='ltr' id='par_1_68' title="bbox 2229 2733 3767 2819">
     <span class='ocr_line' id='line_1_68' title="bbox 2229 2733 3767 2819; baseline -0.01 -16"><span class='ocrx_word' id='word_1_470' title='bbox 2229 2751 2326 2814; x_wconf 81' lang='grc' dir='ltr'><strong>κὸς</strong></span> <span class='ocrx_word' id='word_1_471' title='bbox 2358 2749 2653 2819; x_wconf 76' lang='grc' dir='ltr'><strong>ἐποιήσατο</strong></span> <span class='ocrx_word' id='word_1_472' title='bbox 2687 2745 2898 2816; x_wconf 87' lang='grc' dir='ltr'><strong>μητέρα</strong></span> <span class='ocrx_word' id='word_1_473' title='bbox 2933 2740 3069 2796; x_wconf 86' lang='grc' dir='ltr'><strong>Θεοῦ</strong></span> <span class='ocrx_word' id='word_1_474' title='bbox 3113 2742 3143 2794; x_wconf 79' lang='grc' dir='ltr'><strong>ὁ</strong></span> <span class='ocrx_word' id='word_1_475' title='bbox 3171 2741 3370 2810; x_wconf 70' lang='grc' dir='ltr'><strong>Λόγος,</strong></span> <span class='ocrx_word' id='word_1_476' title='bbox 3409 2739 3508 2791; x_wconf 71' lang='grc' dir='ltr'><strong>οὐκ</strong></span> <span class='ocrx_word' id='word_1_477' title='bbox 3533 2737 3633 2806; x_wconf 76' lang='grc' dir='ltr'><strong>ἔχω</strong></span> <span class='ocrx_word' id='word_1_478' title='bbox 3652 2733 3767 2804; x_wconf 78' lang='grc' dir='ltr'><strong>φράο</strong></span> 
     </span>
    </p>
   </div>
   <div class='ocr_carea' id='block_1_69' title="bbox 2222 2823 3768 2906">
    <p class='ocr_par' dir='ltr' id='par_1_69' title="bbox 2222 2823 3768 2906">
     <span class='ocr_line' id='line_1_69' title="bbox 2222 2823 3768 2906; baseline -0.013 -10"><span class='ocrx_word' id='word_1_479' title='bbox 2222 2859 2345 2896; x_wconf 69' lang='grc' dir='ltr'><strong>ισαι.</strong></span> <span class='ocrx_word' id='word_1_480' title='bbox 2387 2840 2585 2895; x_wconf 80' lang='grc' dir='ltr'><strong>Καίτοι</strong></span> <span class='ocrx_word' id='word_1_481' title='bbox 2617 2837 2738 2901; x_wconf 82' lang='grc' dir='ltr'><strong>πῶς</strong></span> <span class='ocrx_word' id='word_1_482' title='bbox 2779 2837 2880 2906; x_wconf 72' lang='grc' dir='ltr'><strong>οέιχ</strong></span> <span class='ocrx_word' id='word_1_483' title='bbox 2930 2834 3136 2888; x_wconf 70' lang='grc' dir='ltr'><strong>ᾕπασιν</strong></span> <span class='ocrx_word' id='word_1_484' title='bbox 3168 2829 3410 2903; x_wconf 72' lang='grc' dir='ltr'><strong>ἐναργὴς</strong></span> <span class='ocrx_word' id='word_1_485' title='bbox 3435 2827 3619 2898; x_wconf 76' lang='grc' dir='ltr'><strong>γένοιτ’</strong></span> <span class='ocrx_word' id='word_1_486' title='bbox 3652 2824 3710 2878; x_wconf 75' lang='grc' dir='ltr'><strong>ἂν</strong></span> <span class='ocrx_word' id='word_1_487' title='bbox 3742 2823 3768 2891; x_wconf 77' lang='grc' dir='ltr'><strong>ἡ</strong></span> 
     </span>
    </p>
   </div>
   <div class='ocr_carea' id='block_1_70' title="bbox 2229 2916 3768 3002">
    <p class='ocr_par' dir='ltr' id='par_1_70' title="bbox 2229 2916 3768 3002">
     <span class='ocr_line' id='line_1_70' title="bbox 2229 2916 3768 3002; baseline -0.013 -14"><span class='ocrx_word' id='word_1_488' title='bbox 2229 2933 2384 2989; x_wconf 75' lang='grc' dir='ltr'><strong>τοῦδε</strong></span> <span class='ocrx_word' id='word_1_489' title='bbox 2407 2931 2703 3002; x_wconf 83' lang='grc' dir='ltr'><strong>πρόφασις,</strong></span> <span class='ocrx_word' id='word_1_490' title='bbox 2727 2929 2905 2982; x_wconf 75' lang='grc' dir='ltr'><strong>ἐκεῖνο</strong></span> <span class='ocrx_word' id='word_1_491' title='bbox 2931 2923 3352 2994; x_wconf 53' lang='grc' dir='ltr'><strong>διεσκενμμένοις</strong></span> <span class='ocrx_word' id='word_1_492' title='bbox 3369 2939 3385 2990; x_wconf 88' lang='grc'><strong>;</strong></span> <span class='ocrx_word' id='word_1_493' title='bbox 3403 2920 3637 2989; x_wconf 72' lang='grc' dir='ltr'><strong>Ἀφίκετο</strong></span> <span class='ocrx_word' id='word_1_494' title='bbox 3661 2916 3768 2984; x_wconf 79' lang='grc' dir='ltr'><strong>γὰρ,</strong></span> 
     </span>
    </p>
   </div>
   <div class='ocr_carea' id='block_1_71' title="bbox 2231 3005 3767 3094">
    <p class='ocr_par' dir='ltr' id='par_1_71' title="bbox 2231 3005 3767 3094">
     <span class='ocr_line' id='line_1_71' title="bbox 2231 3005 3767 3094; baseline -0.013 -15"><span class='ocrx_word' id='word_1_495' title='bbox 2231 3027 2308 3088; x_wconf 82' lang='grc' dir='ltr'><strong>ὡς</strong></span> <span class='ocrx_word' id='word_1_496' title='bbox 2331 3025 2494 3094; x_wconf 84' lang='grc' dir='ltr'><strong>ἐφην,</strong></span> <span class='ocrx_word' id='word_1_497' title='bbox 2520 3023 2695 3093; x_wconf 75' lang='grc' dir='ltr'><strong>ἦγουν</strong></span> <span class='ocrx_word' id='word_1_498' title='bbox 2729 3017 3156 3090; x_wconf 73' lang='grc' dir='ltr'><strong>ὶνηνθρώπησεν</strong></span> <span class='ocrx_word' id='word_1_499' title='bbox 3188 3015 3220 3067; x_wconf 86' lang='grc' dir='ltr'>ὁ</span> <span class='ocrx_word' id='word_1_500' title='bbox 3255 3015 3405 3081; x_wconf 66' lang='grc' dir='ltr'><strong>Υἱὸς,</strong></span> <span class='ocrx_word' id='word_1_501' title='bbox 3433 3005 3767 3079; x_wconf 79' lang='grc' dir='ltr'><strong>ἀναστοιχειώ-</strong></span> 
     </span>
    </p>
   </div>
   <div class='ocr_carea' id='block_1_72' title="bbox 2233 3099 3767 3183">
    <p class='ocr_par' dir='ltr' id='par_1_72' title="bbox 2233 3099 3767 3183">
     <span class='ocr_line' id='line_1_72' title="bbox 2233 3099 3767 3183; baseline -0.014 -12"><span class='ocrx_word' id='word_1_502' title='bbox 2233 3133 2342 3170; x_wconf 86' lang='grc' dir='ltr'><strong>σων</strong></span> <span class='ocrx_word' id='word_1_503' title='bbox 2370 3118 2440 3170; x_wconf 84' lang='grc' dir='ltr'><strong>τὰ</strong></span> <span class='ocrx_word' id='word_1_504' title='bbox 2455 3114 2577 3168; x_wconf 87' lang='grc' dir='ltr'><strong>καθ’</strong></span> <span class='ocrx_word' id='word_1_505' title='bbox 2603 3114 2751 3183; x_wconf 77' lang='grc' dir='ltr'><strong>ἡμᾶς</strong></span> <span class='ocrx_word' id='word_1_506' title='bbox 2783 3112 2861 3175; x_wconf 81' lang='grc' dir='ltr'><strong>ὡς</strong></span> <span class='ocrx_word' id='word_1_507' title='bbox 2883 3112 2942 3165; x_wconf 77' lang='grc' dir='ltr'><strong>ὲν</strong></span> <span class='ocrx_word' id='word_1_508' title='bbox 2966 3108 3168 3179; x_wconf 80' lang='grc' dir='ltr'><strong>ἑαυτῷ,</strong></span> <span class='ocrx_word' id='word_1_509' title='bbox 3198 3108 3297 3161; x_wconf 72' lang='grc' dir='ltr'><strong>καὶ</strong></span> <span class='ocrx_word' id='word_1_510' title='bbox 3319 3105 3529 3178; x_wconf 84' lang='grc' dir='ltr'><strong>πρῶτον</strong></span> <span class='ocrx_word' id='word_1_511' title='bbox 3543 3104 3623 3165; x_wconf 82' lang='grc' dir='ltr'><strong>-εῑς</strong></span> <span class='ocrx_word' id='word_1_512' title='bbox 3637 3099 3767 3168; x_wconf 64' lang='grc' dir='ltr'><strong>ἁγίαν</strong></span> 
     </span>
    </p>
   </div>
   <div class='ocr_carea' id='block_1_73' title="bbox 2227 3190 3766 3274">
    <p class='ocr_par' dir='ltr' id='par_1_73' title="bbox 2227 3190 3766 3274">
     <span class='ocr_line' id='line_1_73' title="bbox 2227 3190 3766 3274; baseline -0.012 -13"><span class='ocrx_word' id='word_1_513' title='bbox 2227 3207 2351 3261; x_wconf 69' lang='grc' dir='ltr'><strong>τινὰ</strong></span> <span class='ocrx_word' id='word_1_514' title='bbox 2379 3207 2474 3260; x_wconf 72' lang='grc' dir='ltr'><strong>καὶ</strong></span> <span class='ocrx_word' id='word_1_515' title='bbox 2509 3203 2972 3274; x_wconf 32' lang='grc' dir='ltr'><strong>τεθαυξμασμένην</strong></span> <span class='ocrx_word' id='word_1_516' title='bbox 3005 3199 3081 3264; x_wconf 81' lang='grc' dir='ltr'><strong>ὡς</strong></span> <span class='ocrx_word' id='word_1_517' title='bbox 3109 3202 3172 3253; x_wconf 75' lang='grc' dir='ltr'><strong>ἐν</strong></span> <span class='ocrx_word' id='word_1_518' title='bbox 3213 3199 3422 3269; x_wconf 71' lang='grc' dir='ltr'><strong>ἑαυτῷ,</strong></span> <span class='ocrx_word' id='word_1_519' title='bbox 3459 3195 3544 3250; x_wconf 74' lang='grc' dir='ltr'><strong>καὶ</strong></span> <span class='ocrx_word' id='word_1_520' title='bbox 3574 3190 3766 3264; x_wconf 73' lang='grc' dir='ltr'><strong>παράδο</strong></span> 
     </span>
    </p>
   </div>
   <div class='ocr_carea' id='block_1_74' title="bbox 2233 3281 3767 3368">
    <p class='ocr_par' dir='ltr' id='par_1_74' title="bbox 2233 3281 3767 3368">
     <span class='ocr_line' id='line_1_74' title="bbox 2233 3281 3767 3368; baseline -0.01 -15"><span class='ocrx_word' id='word_1_521' title='bbox 2233 3299 2321 3364; x_wconf 82' lang='grc' dir='ltr'><strong>ξον</strong></span> <span class='ocrx_word' id='word_1_522' title='bbox 2348 3297 2560 3368; x_wconf 79' lang='grc' dir='ltr'><strong>άληθῶς</strong></span> <span class='ocrx_word' id='word_1_523' title='bbox 2592 3294 2846 3360; x_wconf 80' lang='grc' dir='ltr'><strong>ἀπότεξιν</strong></span> <span class='ocrx_word' id='word_1_524' title='bbox 2891 3294 2985 3347; x_wconf 77' lang='grc' dir='ltr'><strong>καὶ</strong></span> <span class='ocrx_word' id='word_1_525' title='bbox 3014 3292 3162 3363; x_wconf 81' lang='grc' dir='ltr'><strong>ζωήν</strong></span> <span class='ocrx_word' id='word_1_526' title='bbox 3181 3307 3196 3322; x_wconf 88' lang='grc'><strong>·</strong></span> <span class='ocrx_word' id='word_1_527' title='bbox 3238 3291 3431 3360; x_wconf 85' lang='grc' dir='ltr'><strong>γέγονε</strong></span> <span class='ocrx_word' id='word_1_528' title='bbox 3457 3288 3511 3342; x_wconf 88' lang='grc' dir='ltr'>δὲ</span> <span class='ocrx_word' id='word_1_529' title='bbox 3545 3286 3632 3340; x_wconf 73' lang='grc' dir='ltr'><strong>καὶ</strong></span> <span class='ocrx_word' id='word_1_530' title='bbox 3655 3281 3767 3354; x_wconf 70' lang='grc' dir='ltr'><strong>πρῶι</strong></span> 
     </span>
    </p>
   </div>
   <div class='ocr_carea' id='block_1_75' title="bbox 2228 3376 3766 3455">
    <p class='ocr_par' dir='ltr' id='par_1_75' title="bbox 2228 3376 3766 3455">
     <span class='ocr_line' id='line_1_75' title="bbox 2228 3376 3766 3455; baseline -0.005 -14"><span class='ocrx_word' id='word_1_531' title='bbox 2228 3406 2317 3451; x_wconf 78' lang='grc' dir='ltr'><strong>τος</strong></span> <span class='ocrx_word' id='word_1_532' title='bbox 2354 3387 2513 3450; x_wconf 78' lang='grc' dir='ltr'><strong>αὐτὸς</strong></span> <span class='ocrx_word' id='word_1_533' title='bbox 2557 3387 2815 3455; x_wconf 82' lang='grc' dir='ltr'><strong>γεννητὸς</strong></span> <span class='ocrx_word' id='word_1_534' title='bbox 2844 3384 2939 3438; x_wconf 87' lang='grc' dir='ltr'><strong>τοῦ</strong></span> <span class='ocrx_word' id='word_1_535' title='bbox 2980 3383 3135 3451; x_wconf 82' lang='grc' dir='ltr'><strong>ἁγίου</strong></span> <span class='ocrx_word' id='word_1_536' title='bbox 3169 3380 3488 3452; x_wconf 71' lang='grc' dir='ltr'><strong>Πνεῦματος</strong></span> <span class='ocrx_word' id='word_1_537' title='bbox 3518 3376 3665 3447; x_wconf 84' lang='grc' dir='ltr'><strong>(κατά</strong></span> <span class='ocrx_word' id='word_1_538' title='bbox 3691 3388 3766 3440; x_wconf 81' lang='grc' dir='ltr'><strong>γε,</strong></span> 
     </span>
    </p>
   </div>
   <div class='ocr_carea' id='block_1_76' title="bbox 2232 3461 3766 3549">
    <p class='ocr_par' dir='ltr' id='par_1_76' title="bbox 2232 3461 3766 3549">
     <span class='ocr_line' id='line_1_76' title="bbox 2232 3461 3766 3549; baseline -0.012 -17"><span class='ocrx_word' id='word_1_539' title='bbox 2232 3496 2304 3549; x_wconf 83' lang='grc' dir='ltr'><strong>φη</strong></span> <span class='ocrx_word' id='word_1_540' title='bbox 2315 3479 2397 3548; x_wconf 71' lang='grc' dir='ltr'><strong>μὶ,</strong></span> <span class='ocrx_word' id='word_1_541' title='bbox 2427 3478 2524 3549; x_wconf 82' lang='grc' dir='ltr'><strong>τὴν</strong></span> <span class='ocrx_word' id='word_1_542' title='bbox 2547 3476 2765 3546; x_wconf 79' lang='grc' dir='ltr'><strong>σάρκα),</strong></span> <span class='ocrx_word' id='word_1_543' title='bbox 2789 3476 2854 3528; x_wconf 83' lang='grc' dir='ltr'><strong>ἵν’</strong></span> <span class='ocrx_word' id='word_1_544' title='bbox 2877 3475 3068 3544; x_wconf 85' lang='grc' dir='ltr'><strong>ὥσπερ</strong></span> <span class='ocrx_word' id='word_1_545' title='bbox 3089 3470 3193 3542; x_wconf 75' lang='grc' dir='ltr'><strong>ὁδῷ</strong></span> <span class='ocrx_word' id='word_1_546' title='bbox 3211 3471 3311 3525; x_wconf 77' lang='grc' dir='ltr'><strong>καὶ</strong></span> <span class='ocrx_word' id='word_1_547' title='bbox 3334 3473 3413 3533; x_wconf 78' lang='grc' dir='ltr'><strong>εἰς</strong></span> <span class='ocrx_word' id='word_1_548' title='bbox 3431 3469 3574 3540; x_wconf 79' lang='grc' dir='ltr'><strong>ἡμᾶς</strong></span> <span class='ocrx_word' id='word_1_549' title='bbox 3592 3461 3766 3522; x_wconf 74' lang='grc' dir='ltr'><strong>αὐτοὺς</strong></span> 
     </span>
    </p>
   </div>
   <div class='ocr_carea' id='block_1_77' title="bbox 2231 3553 3763 3640">
    <p class='ocr_par' dir='ltr' id='par_1_77' title="bbox 2231 3553 3763 3640">
     <span class='ocr_line' id='line_1_77' title="bbox 2231 3553 3763 3640; baseline -0.014 -16"><span class='ocrx_word' id='word_1_550' title='bbox 2231 3569 2612 3637; x_wconf 80' lang='grc' dir='ltr'><strong>διαόαινούσης</strong></span> <span class='ocrx_word' id='word_1_551' title='bbox 2644 3571 2743 3640; x_wconf 78' lang='grc' dir='ltr'><strong>τῆς</strong></span> <span class='ocrx_word' id='word_1_552' title='bbox 2772 3567 3014 3639; x_wconf 85' lang='grc' dir='ltr'><strong>χάριτος,</strong></span> <span class='ocrx_word' id='word_1_553' title='bbox 3049 3565 3157 3618; x_wconf 68' lang='grc' dir='ltr'><strong>οὐκ</strong></span> <span class='ocrx_word' id='word_1_554' title='bbox 3185 3563 3249 3628; x_wconf 79' lang='grc' dir='ltr'><strong>ἐξ</strong></span> <span class='ocrx_word' id='word_1_555' title='bbox 3281 3562 3546 3632; x_wconf 73' lang='grc' dir='ltr'><strong>αἱμάτων,</strong></span> <span class='ocrx_word' id='word_1_556' title='bbox 3588 3555 3695 3610; x_wconf 78' lang='grc' dir='ltr'><strong>οὐδὲ</strong></span> <span class='ocrx_word' id='word_1_557' title='bbox 3717 3553 3763 3604; x_wconf 67' lang='grc' dir='ltr'><strong>ἐν</strong></span> 
     </span>
    </p>
   </div>
   <div class='ocr_carea' id='block_1_78' title="bbox 2233 3642 3766 3733">
    <p class='ocr_par' dir='ltr' id='par_1_78' title="bbox 2233 3642 3766 3733">
     <span class='ocr_line' id='line_1_78' title="bbox 2233 3642 3766 3733; baseline -0.009 -18"><span class='ocrx_word' id='word_1_558' title='bbox 2233 3661 2539 3733; x_wconf 83' lang='grc' dir='ltr'><strong>θελήματος</strong></span> <span class='ocrx_word' id='word_1_559' title='bbox 2569 3660 2790 3731; x_wconf 81' lang='grc' dir='ltr'><strong>σαρκὸς,</strong></span> <span class='ocrx_word' id='word_1_560' title='bbox 2813 3658 2933 3711; x_wconf 80' lang='grc' dir='ltr'><strong>οὐδὲ</strong></span> <span class='ocrx_word' id='word_1_561' title='bbox 2957 3659 3022 3710; x_wconf 75' lang='grc' dir='ltr'><strong>ὲκ</strong></span> <span class='ocrx_word' id='word_1_562' title='bbox 3045 3655 3357 3725; x_wconf 83' lang='grc' dir='ltr'><strong>θελήματος</strong></span> <span class='ocrx_word' id='word_1_563' title='bbox 3385 3651 3585 3720; x_wconf 85' lang='grc' dir='ltr'><strong>ἀνδρὸς,</strong></span> <span class='ocrx_word' id='word_1_564' title='bbox 3601 3646 3699 3702; x_wconf 75' lang='grc' dir='ltr'><strong>ἀλλ’</strong></span> <span class='ocrx_word' id='word_1_565' title='bbox 3717 3642 3766 3695; x_wconf 68' lang='grc' dir='ltr'><strong>ἐι</strong></span> 
     </span>
    </p>
   </div>
   <div class='ocr_carea' id='block_1_79' title="bbox 2232 3737 3764 3820">
    <p class='ocr_par' dir='ltr' id='par_1_79' title="bbox 2232 3737 3764 3820">
     <span class='ocr_line' id='line_1_79' title="bbox 2232 3737 3764 3820; baseline -0.012 -13"><span class='ocrx_word' id='word_1_566' title='bbox 2232 3753 2370 3806; x_wconf 86' lang='grc' dir='ltr'><strong>Θεοῦ</strong></span> <span class='ocrx_word' id='word_1_567' title='bbox 2403 3752 2494 3806; x_wconf 79' lang='grc' dir='ltr'><strong>διὰ</strong></span> <span class='ocrx_word' id='word_1_568' title='bbox 2526 3751 2844 3820; x_wconf 76' lang='grc' dir='ltr'><strong>Πνεύματος</strong></span> <span class='ocrx_word' id='word_1_569' title='bbox 2882 3749 2982 3818; x_wconf 85' lang='grc' dir='ltr'><strong>τὴν</strong></span> <span class='ocrx_word' id='word_1_570' title='bbox 3020 3746 3222 3816; x_wconf 86' lang='grc' dir='ltr'><strong>νοητὴν</strong></span> <span class='ocrx_word' id='word_1_571' title='bbox 3265 3745 3480 3815; x_wconf 78' lang='grc' dir='ltr'><strong>ἔχοντες</strong></span> <span class='ocrx_word' id='word_1_572' title='bbox 3515 3737 3764 3806; x_wconf 79' lang='grc' dir='ltr'><strong>άναγέννη·</strong></span> 
     </span>
    </p>
   </div>
   <div class='ocr_carea' id='block_1_80' title="bbox 2229 3823 3765 3914">
    <p class='ocr_par' dir='ltr' id='par_1_80' title="bbox 2229 3823 3765 3914">
     <span class='ocr_line' id='line_1_80' title="bbox 2229 3823 3765 3914; baseline -0.013 -16"><span class='ocrx_word' id='word_1_573' title='bbox 2229 3841 2338 3909; x_wconf 85' lang='grc' dir='ltr'><strong>σιν,</strong></span> <span class='ocrx_word' id='word_1_574' title='bbox 2371 3842 2466 3897; x_wconf 78' lang='grc' dir='ltr'><strong>καὶ</strong></span> <span class='ocrx_word' id='word_1_575' title='bbox 2513 3842 2614 3914; x_wconf 43' lang='lat' dir='ltr'><strong>silv</strong></span> <span class='ocrx_word' id='word_1_576' title='bbox 2647 3842 2785 3912; x_wconf 71' lang='grc' dir='ltr'><strong>πρός</strong></span> <span class='ocrx_word' id='word_1_577' title='bbox 2831 3857 2895 3909; x_wconf 86' lang='grc' dir='ltr'><strong>γε</strong></span> <span class='ocrx_word' id='word_1_578' title='bbox 2942 3839 3036 3892; x_wconf 79' lang='grc' dir='ltr'><strong>τὸν</strong></span> <span class='ocrx_word' id='word_1_579' title='bbox 3081 3837 3252 3907; x_wconf 79' lang='grc' dir='ltr'><strong>φύσει</strong></span> <span class='ocrx_word' id='word_1_580' title='bbox 3284 3837 3378 3890; x_wconf 75' lang='grc' dir='ltr'><strong>καὶ</strong></span> <span class='ocrx_word' id='word_1_581' title='bbox 3422 3829 3623 3902; x_wconf 80' lang='grc' dir='ltr'><strong>άληθῶς</strong></span> <span class='ocrx_word' id='word_1_582' title='bbox 3665 3823 3765 3879; x_wconf 73' lang='grc' dir='ltr'><strong>Υίδν</strong></span> 
     </span>
    </p>
   </div>
   <div class='ocr_carea' id='block_1_81' title="bbox 2235 3917 3764 4004">
    <p class='ocr_par' dir='ltr' id='par_1_81' title="bbox 2235 3917 3764 4004">
     <span class='ocr_line' id='line_1_81' title="bbox 2235 3917 3764 4004; baseline -0.012 -18"><span class='ocrx_word' id='word_1_583' title='bbox 2235 3933 2588 4004; x_wconf 81' lang='grc' dir='ltr'><strong>συμμορφίαν</strong></span> <span class='ocrx_word' id='word_1_584' title='bbox 2607 3931 3006 4001; x_wconf 82' lang='grc' dir='ltr'><strong>πνευματικὴν,</strong></span> <span class='ocrx_word' id='word_1_585' title='bbox 3026 3929 3249 3999; x_wconf 79' lang='grc' dir='ltr'><strong>Πατέρα</strong></span> <span class='ocrx_word' id='word_1_586' title='bbox 3277 3926 3526 3995; x_wconf 83' lang='grc' dir='ltr'><strong>καλῶμεν</strong></span> <span class='ocrx_word' id='word_1_587' title='bbox 3543 3922 3628 3975; x_wconf 78' lang='grc' dir='ltr'><strong>τὸν</strong></span> <span class='ocrx_word' id='word_1_588' title='bbox 3641 3917 3764 3978; x_wconf 73' lang='grc' dir='ltr'><strong>Θεὸν,</strong></span> 
     </span>
    </p>
   </div>
   <div class='ocr_carea' id='block_1_82' title="bbox 2231 4009 3841 4095">
    <p class='ocr_par' dir='ltr' id='par_1_82' title="bbox 2231 4009 3841 4095">
     <span class='ocr_line' id='line_1_82' title="bbox 2231 4009 3841 4095; baseline -0.014 -12"><span class='ocrx_word' id='word_1_589' title='bbox 2231 4029 2374 4084; x_wconf 75' lang='grc' dir='ltr'><strong>οὕτω</strong></span> <span class='ocrx_word' id='word_1_590' title='bbox 2401 4043 2460 4080; x_wconf 83' lang='grc' dir='ltr'><strong>τε</strong></span> <span class='ocrx_word' id='word_1_591' title='bbox 2501 4023 2768 4095; x_wconf 77' lang='grc' dir='ltr'><strong>ἄφθαρτοι</strong></span> <span class='ocrx_word' id='word_1_592' title='bbox 2820 4022 3185 4092; x_wconf 84' lang='grc' dir='ltr'><strong>διαμένωμεν,</strong></span> <span class='ocrx_word' id='word_1_593' title='bbox 3229 4020 3308 4083; x_wconf 84' lang='grc' dir='ltr'><strong>ὼς</strong></span> <span class='ocrx_word' id='word_1_594' title='bbox 3345 4018 3444 4071; x_wconf 82' lang='grc' dir='ltr'><strong>οὐκ</strong></span> <span class='ocrx_word' id='word_1_595' title='bbox 3485 4015 3562 4068; x_wconf 77' lang='grc' dir='ltr'><strong>ἔτι</strong></span> <span class='ocrx_word' id='word_1_596' title='bbox 3591 4009 3764 4073; x_wconf 70' lang='grc' dir='ltr'><strong>πατέρα</strong></span> <span class='ocrx_word' id='word_1_597' title='bbox 3839 4032 3841 4034; x_wconf 90' lang='grc'>·</span> 
     </span>
    </p>
   </div>
   <div class='ocr_carea' id='block_1_83' title="bbox 2231 4098 3763 4192">
    <p class='ocr_par' dir='ltr' id='par_1_83' title="bbox 2231 4098 3763 4192">
     <span class='ocr_line' id='line_1_83' title="bbox 2231 4098 3763 4192; baseline -0.016 -15"><span class='ocrx_word' id='word_1_598' title='bbox 2231 4124 2324 4176; x_wconf 75' lang='grc' dir='ltr'><strong>τὸν</strong></span> <span class='ocrx_word' id='word_1_599' title='bbox 2350 4122 2566 4192; x_wconf 82' lang='grc' dir='ltr'><strong>πρῶτον</strong></span> <span class='ocrx_word' id='word_1_600' title='bbox 2591 4118 2828 4188; x_wconf 73' lang='grc' dir='ltr'><strong>ἔχοντες,</strong></span> <span class='ocrx_word' id='word_1_601' title='bbox 2867 4113 3148 4166; x_wconf 80' lang='grc' dir='ltr'><strong>τουτέστιν</strong></span> <span class='ocrx_word' id='word_1_602' title='bbox 3196 4110 3391 4179; x_wconf 72' lang='grc' dir='ltr'><strong>Ἀδάμ,</strong></span> <span class='ocrx_word' id='word_1_603' title='bbox 3417 4109 3475 4161; x_wconf 78' lang='grc' dir='ltr'><strong>ἐν</strong></span> <span class='ocrx_word' id='word_1_604' title='bbox 3512 4098 3555 4171; x_wconf 79' lang='grc' dir='ltr'>ᾧ</span> <span class='ocrx_word' id='word_1_605' title='bbox 3579 4102 3663 4155; x_wconf 74' lang='grc' dir='ltr'><strong>καὶ</strong></span> <span class='ocrx_word' id='word_1_606' title='bbox 3688 4101 3763 4192; x_wconf 51' lang='grc' dir='ltr'><strong>ξος</strong></span> 
     </span>
    </p>
   </div>
   <div class='ocr_carea' id='block_1_84' title="bbox 2235 4184 3757 4285">
    <p class='ocr_par' dir='ltr' id='par_1_84' title="bbox 2235 4184 3757 4285">
     <span class='ocr_line' id='line_1_84' title="bbox 2235 4184 3757 4285; baseline -0.019 -17"><span class='ocrx_word' id='word_1_607' title='bbox 2235 4184 2507 4285; x_wconf 77' lang='grc' dir='ltr'><strong>θάρμεθα.</strong></span> <span class='ocrx_word' id='word_1_608' title='bbox 2533 4184 2652 4263; x_wconf 45' lang='grc' dir='ltr'><strong>Καὶ⁷</strong></span> <span class='ocrx_word' id='word_1_609' title='bbox 2677 4206 2813 4274; x_wconf 53' lang='grc' dir='ltr'><strong>’γοῦν</strong></span> <span class='ocrx_word' id='word_1_610' title='bbox 2845 4203 2947 4273; x_wconf 74' lang='grc' dir='ltr'><strong>ἔφη</strong></span> <span class='ocrx_word' id='word_1_611' title='bbox 2984 4200 3240 4272; x_wconf 77' lang='grc' dir='ltr'><strong>Χριστὸς,</strong></span> <span class='ocrx_word' id='word_1_612' title='bbox 3275 4199 3356 4268; x_wconf 79' lang='grc' dir='ltr'><strong>πῆ</strong></span> <span class='ocrx_word' id='word_1_613' title='bbox 3389 4198 3504 4285; x_wconf 69' lang='grc' dir='ltr'><strong>μὲν,</strong></span> <span class='ocrx_word' id='word_1_614' title='bbox 3530 4194 3605 4285; x_wconf 79' lang='grc' dir='ltr'><strong>ὃτι</strong></span> <span class='ocrx_word' id='word_1_615' title='bbox 3635 4184 3757 4285; x_wconf 75' lang='grc' dir='ltr'><strong>Καὶ</strong></span> 
     </span>
    </p>
   </div>
   <div class='ocr_carea' id='block_1_85' title="bbox 2236 4280 3760 4376">
    <p class='ocr_par' dir='ltr' id='par_1_85' title="bbox 2236 4280 3760 4376">
     <span class='ocr_line' id='line_1_85' title="bbox 2236 4280 3760 4376; baseline -0.017 -19"><span class='ocrx_word' id='word_1_616' title='bbox 2236 4280 2449 4376; x_wconf 75' lang='grc' dir='ltr'><strong>πατέρα</strong></span> <span class='ocrx_word' id='word_1_617' title='bbox 2485 4300 2559 4372; x_wconf 79' lang='grc' dir='ltr'><strong>μὴ</strong></span> <span class='ocrx_word' id='word_1_618' title='bbox 2579 4297 2842 4366; x_wconf 82' lang='grc' dir='ltr'><strong>καλέσητε</strong></span> <span class='ocrx_word' id='word_1_619' title='bbox 2863 4293 3019 4364; x_wconf 78' lang='grc' dir='ltr'><strong>ὑμῶν</strong></span> <span class='ocrx_word' id='word_1_620' title='bbox 3047 4292 3141 4344; x_wconf 77' lang='grc' dir='ltr'><strong>ἐπὶ</strong></span> <span class='ocrx_word' id='word_1_621' title='bbox 3153 4289 3257 4359; x_wconf 82' lang='grc' dir='ltr'><strong>τῆς</strong></span> <span class='ocrx_word' id='word_1_622' title='bbox 3278 4290 3401 4358; x_wconf 82' lang='grc' dir='ltr'><strong>γῆς,</strong></span> <span class='ocrx_word' id='word_1_623' title='bbox 3425 4280 3504 4349; x_wconf 78' lang='grc' dir='ltr'><strong>εἷς</strong></span> <span class='ocrx_word' id='word_1_624' title='bbox 3525 4283 3623 4376; x_wconf 81' lang='grc' dir='ltr'><strong>γάρ</strong></span> <span class='ocrx_word' id='word_1_625' title='bbox 3643 4280 3760 4376; x_wconf 49' lang='grc' dir='ltr'><strong>ἐστιν</strong></span> 
     </span>
    </p>
   </div>
   <div class='ocr_carea' id='block_1_86' title="bbox 555 4368 2129 4478">
    <p class='ocr_par' dir='ltr' id='par_1_86' title="bbox 555 4368 2129 4478">
     <span class='ocr_line' id='line_1_86' title="bbox 559 4368 2129 4388; baseline -0.001 -13"><span class='ocrx_word' id='word_1_626' title='bbox 559 4368 719 4375; x_wconf 81' lang='lat'><strong>.</strong></span> <span class='ocrx_word' id='word_1_627' title='bbox 765 4368 777 4371; x_wconf 86' lang='lat'><strong>-</strong></span> <span class='ocrx_word' id='word_1_628' title='bbox 819 4368 858 4372; x_wconf 89' lang='lat'><strong>-.</strong></span> <span class='ocrx_word' id='word_1_629' title='bbox 1022 4368 1424 4388; x_wconf 46' lang='grc' dir='ltr'><strong>.-ηηρημη</strong></span> <span class='ocrx_word' id='word_1_630' title='bbox 1462 4368 1684 4374; x_wconf 69' lang='lat'><strong>.--------</strong></span> <span class='ocrx_word' id='word_1_631' title='bbox 1804 4368 2129 4374; x_wconf 27' lang='lat'><strong>--_-,--_--_-</strong></span> 
     </span>
     <span class='ocr_line' id='line_1_87' title="bbox 555 4409 2128 4478; baseline -0.001 -12"><span class='ocrx_word' id='word_1_632' title='bbox 555 4413 699 4466; x_wconf 90' lang='lat' dir='ltr'><strong>enim</strong></span> <span class='ocrx_word' id='word_1_633' title='bbox 749 4422 831 4466; x_wconf 90' lang='lat' dir='ltr'><strong>est</strong></span> <span class='ocrx_word' id='word_1_634' title='bbox 858 4409 1019 4464; x_wconf 89' lang='lat' dir='ltr'><strong>Pater</strong></span> <span class='ocrx_word' id='word_1_635' title='bbox 1065 4419 1246 4464; x_wconf 84' lang='lat' dir='ltr'><strong>vester</strong></span> <span class='ocrx_word' id='word_1_636' title='bbox 1283 4409 1335 4464; x_wconf 93' lang='lat' dir='ltr'><strong>in</strong></span> <span class='ocrx_word' id='word_1_637' title='bbox 1368 4411 1520 4465; x_wconf 77' lang='lat' dir='ltr'><strong>ccelis</strong></span> <span class='ocrx_word' id='word_1_638' title='bbox 1558 4413 1609 4478; x_wconf 78' lang='grc'><strong>³,</strong></span> <span class='ocrx_word' id='word_1_639' title='bbox 1646 4429 1665 4464; x_wconf 78' lang='grc' dir='ltr'><strong>ι</strong></span> <span class='ocrx_word' id='word_1_640' title='bbox 1700 4409 1826 4465; x_wconf 86' lang='lat' dir='ltr'><strong>alibi</strong></span> <span class='ocrx_word' id='word_1_641' title='bbox 1869 4424 2018 4475; x_wconf 87' lang='lat' dir='ltr'><strong>vero,</strong></span> <span class='ocrx_word' id='word_1_642' title='bbox 2070 4418 2128 4465; x_wconf 89' lang='lat' dir='ltr'><strong>ut</strong></span> 
     </span>
    </p>
   </div>
   <div class='ocr_carea' id='block_1_87' title="bbox 2227 4368 3758 4478">
    <p class='ocr_par' dir='ltr' id='par_1_87' title="bbox 2237 4368 3758 4478">
     <span class='ocr_line' id='line_1_88' title="bbox 2237 4368 3758 4478; baseline -0.014 -28"><span class='ocrx_word' id='word_1_643' title='bbox 2237 4398 2266 4449; x_wconf 87' lang='grc' dir='ltr'>ὁ</span> <span class='ocrx_word' id='word_1_644' title='bbox 2281 4368 2663 4466; x_wconf 42' lang='lat' dir='ltr'><strong>namss.</strong></span> <span class='ocrx_word' id='word_1_645' title='bbox 2679 4390 2706 4441; x_wconf 88' lang='grc' dir='ltr'>ὁ</span> <span class='ocrx_word' id='word_1_646' title='bbox 2726 4390 2784 4442; x_wconf 82' lang='grc' dir='ltr'><strong>ὲν</strong></span> <span class='ocrx_word' id='word_1_647' title='bbox 2798 4388 2912 4448; x_wconf 84' lang='grc' dir='ltr'><strong>τοῖς</strong></span> <span class='ocrx_word' id='word_1_648' title='bbox 2931 4383 3198 4455; x_wconf 82' lang='grc' dir='ltr'><strong>οὐρανοῖς.</strong></span> <span class='ocrx_word' id='word_1_649' title='bbox 3215 4400 3234 4433; x_wconf 83' lang='grc'><strong>›</strong></span> <span class='ocrx_word' id='word_1_650' title='bbox 3251 4382 3337 4452; x_wconf 83' lang='grc' dir='ltr'>Πῆ</span> <span class='ocrx_word' id='word_1_651' title='bbox 3358 4379 3414 4433; x_wconf 76' lang='grc' dir='ltr'><strong>δὲ</strong></span> <span class='ocrx_word' id='word_1_652' title='bbox 3431 4379 3514 4449; x_wconf 79' lang='grc' dir='ltr'><strong>δὴ,</strong></span> <span class='ocrx_word' id='word_1_653' title='bbox 3525 4375 3594 4439; x_wconf 83' lang='grc' dir='ltr'><strong>ὼς</strong></span> <span class='ocrx_word' id='word_1_654' title='bbox 3609 4375 3657 4426; x_wconf 81' lang='grc' dir='ltr'><strong>ὲν</strong></span> <span class='ocrx_word' id='word_1_655' title='bbox 3673 4368 3758 4478; x_wconf 47' lang='grc' dir='ltr'><strong>τοῖς</strong></span> 
     </span>
    </p>
   </div>
   <div class='ocr_carea' id='block_1_88' title="bbox 556 4499 2130 4570">
    <p class='ocr_par' dir='ltr' id='par_1_88' title="bbox 556 4499 2130 4570">
     <span class='ocr_line' id='line_1_89' title="bbox 556 4499 2130 4570; baseline 0.002 -19"><span class='ocrx_word' id='word_1_656' title='bbox 556 4501 644 4570; x_wconf 87' lang='lat' dir='ltr'><strong>qui</strong></span> <span class='ocrx_word' id='word_1_657' title='bbox 681 4500 880 4555; x_wconf 86' lang='lat' dir='ltr'><strong>idcirco</strong></span> <span class='ocrx_word' id='word_1_658' title='bbox 905 4500 969 4553; x_wconf 90' lang='lat' dir='ltr'><strong>ad</strong></span> <span class='ocrx_word' id='word_1_659' title='bbox 1001 4514 1095 4554; x_wconf 90' lang='lat' dir='ltr'><strong>nos</strong></span> <span class='ocrx_word' id='word_1_660' title='bbox 1122 4499 1420 4565; x_wconf 86' lang='lat' dir='ltr'><strong>descendit,</strong></span> <span class='ocrx_word' id='word_1_661' title='bbox 1465 4510 1522 4553; x_wconf 94' lang='lat' dir='ltr'><strong>ut</strong></span> <span class='ocrx_word' id='word_1_662' title='bbox 1577 4516 1674 4554; x_wconf 90' lang='lat' dir='ltr'><strong>nos</strong></span> <span class='ocrx_word' id='word_1_663' title='bbox 1721 4499 2016 4554; x_wconf 82' lang='lat' dir='ltr'><strong>transferat</strong></span> <span class='ocrx_word' id='word_1_664' title='bbox 2063 4501 2130 4554; x_wconf 85' lang='lat' dir='ltr'><strong>ad</strong></span> 
     </span>
    </p>
   </div>
   <div class='ocr_carea' id='block_1_89' title="bbox 556 4589 2139 4660">
    <p class='ocr_par' dir='ltr' id='par_1_89' title="bbox 556 4589 2139 4660">
     <span class='ocr_line' id='line_1_90' title="bbox 556 4589 2139 4660; baseline 0.001 -17"><span class='ocrx_word' id='word_1_665' title='bbox 556 4591 827 4660; x_wconf 83' lang='lat' dir='ltr'><strong>propriam</strong></span> <span class='ocrx_word' id='word_1_666' title='bbox 853 4605 1006 4645; x_wconf 89' lang='lat' dir='ltr'><strong>suam</strong></span> <span class='ocrx_word' id='word_1_667' title='bbox 1039 4603 1100 4642; x_wconf 88' lang='lat' dir='ltr'><strong>ac</strong></span> <span class='ocrx_word' id='word_1_668' title='bbox 1123 4589 1364 4642; x_wconf 85' lang='lat' dir='ltr'><strong>divinam</strong></span> <span class='ocrx_word' id='word_1_669' title='bbox 1415 4589 1727 4658; x_wconf 81' lang='lat' dir='ltr'><strong>dignitatem</strong></span> <span class='ocrx_word' id='word_1_670' title='bbox 1756 4608 1769 4643; x_wconf 89' lang='lat'><strong>:</strong></span> <span class='ocrx_word' id='word_1_671' title='bbox 1799 4608 1815 4641; x_wconf 80' lang='grc' dir='ltr'><strong>ι</strong></span> <span class='ocrx_word' id='word_1_672' title='bbox 1869 4589 2018 4645; x_wconf 81' lang='lat' dir='ltr'><strong>Vado</strong></span> <span class='ocrx_word' id='word_1_673' title='bbox 2065 4589 2139 4645; x_wconf 23' lang='lat' dir='ltr'><strong>ad.</strong></span> 
     </span>
    </p>
   </div>
   <div class='ocr_carea' id='block_1_90' title="bbox 557 4680 2132 4747">
    <p class='ocr_par' dir='ltr' id='par_1_90' title="bbox 557 4680 2132 4747">
     <span class='ocr_line' id='line_1_91' title="bbox 557 4680 2132 4747; baseline 0.002 -12"><span class='ocrx_word' id='word_1_674' title='bbox 557 4682 768 4737; x_wconf 82' lang='lat' dir='ltr'><strong>Patrem</strong></span> <span class='ocrx_word' id='word_1_675' title='bbox 806 4699 1002 4746; x_wconf 89' lang='lat' dir='ltr'><strong>meum,</strong></span> <span class='ocrx_word' id='word_1_676' title='bbox 1032 4692 1083 4737; x_wconf 90' lang='lat' dir='ltr'><strong>et</strong></span> <span class='ocrx_word' id='word_1_677' title='bbox 1118 4680 1330 4736; x_wconf 78' lang='lat' dir='ltr'><strong>Patrem</strong></span> <span class='ocrx_word' id='word_1_678' title='bbox 1366 4691 1602 4738; x_wconf 88' lang='lat' dir='ltr'><strong>vestrum</strong></span> <span class='ocrx_word' id='word_1_679' title='bbox 1631 4721 1645 4747; x_wconf 88' lang='lat'><strong>,</strong></span> <span class='ocrx_word' id='word_1_680' title='bbox 1674 4691 1728 4736; x_wconf 90' lang='lat' dir='ltr'><strong>et</strong></span> <span class='ocrx_word' id='word_1_681' title='bbox 1759 4681 1924 4737; x_wconf 89' lang='lat' dir='ltr'><strong>Deum</strong></span> <span class='ocrx_word' id='word_1_682' title='bbox 1953 4698 2132 4738; x_wconf 79' lang='lat' dir='ltr'><strong>meum</strong></span> 
     </span>
    </p>
   </div>
   <div class='ocr_carea' id='block_1_91' title="bbox 556 4773 2133 4845">
    <p class='ocr_par' dir='ltr' id='par_1_91' title="bbox 556 4773 2133 4845">
     <span class='ocr_line' id='line_1_92' title="bbox 556 4773 2133 4845; baseline -0.002 -13"><span class='ocrx_word' id='word_1_683' title='bbox 556 4787 608 4832; x_wconf 89' lang='lat' dir='ltr'><strong>ct</strong></span> <span class='ocrx_word' id='word_1_684' title='bbox 639 4777 805 4831; x_wconf 90' lang='lat' dir='ltr'><strong>Deum</strong></span> <span class='ocrx_word' id='word_1_685' title='bbox 842 4785 1080 4831; x_wconf 73' lang='lat' dir='ltr'><strong>vestrum</strong></span> <span class='ocrx_word' id='word_1_686' title='bbox 1109 4775 1132 4806; x_wconf 78' lang='grc'><strong><em>⁵</em></strong></span> <span class='ocrx_word' id='word_1_687' title='bbox 1163 4812 1178 4829; x_wconf 93' lang='grc'><strong>.</strong></span> <span class='ocrx_word' id='word_1_688' title='bbox 1216 4792 1235 4826; x_wconf 73' lang='grc' dir='ltr'><strong>ι</strong></span> <span class='ocrx_word' id='word_1_689' title='bbox 1267 4773 1445 4845; x_wconf 81' lang='lat' dir='ltr'><strong>Ipsius</strong></span> <span class='ocrx_word' id='word_1_690' title='bbox 1487 4774 1630 4828; x_wconf 90' lang='lat' dir='ltr'><strong>enim</strong></span> <span class='ocrx_word' id='word_1_691' title='bbox 1685 4784 1769 4829; x_wconf 87' lang='lat' dir='ltr'><strong>est</strong></span> <span class='ocrx_word' id='word_1_692' title='bbox 1812 4784 2005 4829; x_wconf 86' lang='lat' dir='ltr'><strong>natura</strong></span> <span class='ocrx_word' id='word_1_693' title='bbox 2037 4774 2133 4829; x_wconf 85' lang='lat' dir='ltr'><strong>Pa-</strong></span> 
     </span>
    </p>
   </div>
   <div class='ocr_carea' id='block_1_92' title="bbox 557 4865 2133 4940">
    <p class='ocr_par' dir='ltr' id='par_1_92' title="bbox 557 4865 2133 4940">
     <span class='ocr_line' id='line_1_93' title="bbox 557 4865 2133 4940; baseline -0.001 -16"><span class='ocrx_word' id='word_1_694' title='bbox 557 4882 658 4937; x_wconf 88' lang='lat' dir='ltr'><strong>ter,</strong></span> <span class='ocrx_word' id='word_1_695' title='bbox 696 4872 786 4940; x_wconf 91' lang='lat' dir='ltr'><strong>qui</strong></span> <span class='ocrx_word' id='word_1_696' title='bbox 821 4871 872 4924; x_wconf 92' lang='lat' dir='ltr'><strong>in</strong></span> <span class='ocrx_word' id='word_1_697' title='bbox 901 4870 1054 4925; x_wconf 69' lang='lat' dir='ltr'><strong>cmlis</strong></span> <span class='ocrx_word' id='word_1_698' title='bbox 1095 4877 1208 4936; x_wconf 91' lang='lat' dir='ltr'><strong>est,</strong></span> <span class='ocrx_word' id='word_1_699' title='bbox 1257 4877 1441 4923; x_wconf 92' lang='lat' dir='ltr'><strong>noster</strong></span> <span class='ocrx_word' id='word_1_700' title='bbox 1462 4877 1638 4923; x_wconf 85' lang='lat' dir='ltr'><strong>autem</strong></span> <span class='ocrx_word' id='word_1_701' title='bbox 1666 4867 1826 4924; x_wconf 89' lang='lat' dir='ltr'><strong>Deus.</strong></span> <span class='ocrx_word' id='word_1_702' title='bbox 1879 4865 2015 4924; x_wconf 87' lang='lat' dir='ltr'><strong>Cum</strong></span> <span class='ocrx_word' id='word_1_703' title='bbox 2046 4882 2133 4923; x_wconf 92' lang='lat' dir='ltr'><strong>ve-</strong></span> 
     </span>
    </p>
   </div>
   <div class='ocr_carea' id='block_1_93' title="bbox 556 4958 2130 5029">
    <p class='ocr_par' dir='ltr' id='par_1_93' title="bbox 556 4958 2130 5029">
     <span class='ocr_line' id='line_1_94' title="bbox 556 4958 2130 5029; baseline -0.001 -14"><span class='ocrx_word' id='word_1_704' title='bbox 556 4977 616 5017; x_wconf 92' lang='lat' dir='ltr'><strong>ro</strong></span> <span class='ocrx_word' id='word_1_705' title='bbox 648 4962 736 5029; x_wconf 90' lang='lat' dir='ltr'><strong>qui</strong></span> <span class='ocrx_word' id='word_1_706' title='bbox 765 4971 954 5014; x_wconf 89' lang='lat' dir='ltr'><strong>natura</strong></span> <span class='ocrx_word' id='word_1_707' title='bbox 988 4975 1050 5014; x_wconf 90' lang='lat' dir='ltr'><strong>ac</strong></span> <span class='ocrx_word' id='word_1_708' title='bbox 1078 4975 1204 5014; x_wconf 89' lang='lat' dir='ltr'><strong>vere</strong></span> <span class='ocrx_word' id='word_1_709' title='bbox 1243 4969 1325 5015; x_wconf 92' lang='lat' dir='ltr'><strong>est</strong></span> <span class='ocrx_word' id='word_1_710' title='bbox 1351 4958 1542 5026; x_wconf 84' lang='lat' dir='ltr'><strong>Filius,</strong></span> <span class='ocrx_word' id='word_1_711' title='bbox 1585 4959 1762 5014; x_wconf 82' lang='lat' dir='ltr'><strong>factus</strong></span> <span class='ocrx_word' id='word_1_712' title='bbox 1814 4968 1900 5014; x_wconf 90' lang='lat' dir='ltr'><strong>est</strong></span> <span class='ocrx_word' id='word_1_713' title='bbox 1967 4961 2130 5014; x_wconf 90' lang='lat' dir='ltr'><strong>homo</strong></span> 
     </span>
    </p>
   </div>
   <div class='ocr_carea' id='block_1_94' title="bbox 556 5051 2125 5120">
    <p class='ocr_par' dir='ltr' id='par_1_94' title="bbox 556 5051 2125 5120">
     <span class='ocr_line' id='line_1_95' title="bbox 556 5051 2125 5120; baseline -0.003 -13"><span class='ocrx_word' id='word_1_714' title='bbox 556 5053 726 5108; x_wconf 85' lang='lat' dir='ltr'><strong>nostri</strong></span> <span class='ocrx_word' id='word_1_715' title='bbox 766 5053 978 5116; x_wconf 86' lang='lat' dir='ltr'><strong>similis,</strong></span> <span class='ocrx_word' id='word_1_716' title='bbox 1015 5053 1180 5106; x_wconf 89' lang='lat' dir='ltr'><strong>Deum</strong></span> <span class='ocrx_word' id='word_1_717' title='bbox 1206 5053 1376 5120; x_wconf 89' lang='lat' dir='ltr'><strong>ipsum</strong></span> <span class='ocrx_word' id='word_1_718' title='bbox 1404 5052 1654 5109; x_wconf 87' lang='lat' dir='ltr'><strong>habuisse</strong></span> <span class='ocrx_word' id='word_1_719' title='bbox 1688 5053 1836 5118; x_wconf 88' lang='lat' dir='ltr'><strong>dicit,</strong></span> <span class='ocrx_word' id='word_1_720' title='bbox 1873 5051 2125 5106; x_wconf 89' lang='lat' dir='ltr'><strong>nimirum</strong></span> 
     </span>
    </p>
   </div>
   <div class='ocr_carea' id='block_1_95' title="bbox 559 5143 2126 5199">
    <p class='ocr_par' dir='ltr' id='par_1_95' title="bbox 559 5143 2126 5199">
     <span class='ocr_line' id='line_1_96' title="bbox 559 5143 2126 5199; baseline -0.001 -2"><span class='ocrx_word' id='word_1_721' title='bbox 559 5145 765 5198; x_wconf 85' lang='lat' dir='ltr'><strong>ratione</strong></span> <span class='ocrx_word' id='word_1_722' title='bbox 979 5144 1387 5199; x_wconf 77' lang='lat' dir='ltr'><strong>exinanitionis.</strong></span> <span class='ocrx_word' id='word_1_723' title='bbox 1418 5144 1571 5198; x_wconf 86' lang='lat' dir='ltr'><strong>Dedit</strong></span> <span class='ocrx_word' id='word_1_724' title='bbox 1599 5153 1779 5198; x_wconf 83' lang='lat' dir='ltr'><strong>autem</strong></span> <span class='ocrx_word' id='word_1_725' title='bbox 1835 5143 1998 5196; x_wconf 86' lang='lat' dir='ltr'><strong>etiam</strong></span> <span class='ocrx_word' id='word_1_726' title='bbox 2029 5157 2126 5196; x_wconf 89' lang='lat' dir='ltr'><strong>no-</strong></span> 
     </span>
    </p>
   </div>
   <div class='ocr_carea' id='block_1_96' title="bbox 557 5233 2128 5303">
    <p class='ocr_par' dir='ltr' id='par_1_96' title="bbox 557 5233 2128 5303">
     <span class='ocr_line' id='line_1_97' title="bbox 557 5233 2128 5303; baseline -0.001 -13"><span class='ocrx_word' id='word_1_727' title='bbox 557 5236 637 5290; x_wconf 89' lang='lat' dir='ltr'><strong>bis</strong></span> <span class='ocrx_word' id='word_1_728' title='bbox 667 5250 823 5289; x_wconf 82' lang='lat' dir='ltr'><strong>suum</strong></span> <span class='ocrx_word' id='word_1_729' title='bbox 861 5233 1102 5288; x_wconf 88' lang='lat' dir='ltr'><strong>Patrem.</strong></span> <span class='ocrx_word' id='word_1_730' title='bbox 1137 5233 1408 5303; x_wconf 83' lang='lat' dir='ltr'><strong>Scriptum</strong></span> <span class='ocrx_word' id='word_1_731' title='bbox 1437 5247 1520 5288; x_wconf 87' lang='lat' dir='ltr'><strong>est</strong></span> <span class='ocrx_word' id='word_1_732' title='bbox 1559 5236 1700 5290; x_wconf 90' lang='lat' dir='ltr'><strong>enim</strong></span> <span class='ocrx_word' id='word_1_733' title='bbox 1729 5253 1743 5292; x_wconf 90' lang='lat'><strong>:</strong></span> <span class='ocrx_word' id='word_1_734' title='bbox 1775 5253 1795 5286; x_wconf 85' lang='grc'><em>‹</em></span> <span class='ocrx_word' id='word_1_735' title='bbox 1854 5233 2128 5302; x_wconf 80' lang='lat' dir='ltr'><strong>Quotquot</strong></span> 
     </span>
    </p>
   </div>
   <div class='ocr_carea' id='block_1_97' title="bbox 555 5321 2129 5393">
    <p class='ocr_par' dir='ltr' id='par_1_97' title="bbox 555 5321 2129 5393">
     <span class='ocr_line' id='line_1_98' title="bbox 555 5321 2129 5393; baseline 0.003 -20"><span class='ocrx_word' id='word_1_736' title='bbox 555 5331 734 5374; x_wconf 79' lang='lat' dir='ltr'><strong>autem</strong></span> <span class='ocrx_word' id='word_1_737' title='bbox 764 5331 1083 5390; x_wconf 82' lang='lat' dir='ltr'><strong>receperunt</strong></span> <span class='ocrx_word' id='word_1_738' title='bbox 1121 5335 1266 5386; x_wconf 88' lang='lat' dir='ltr'><strong>cum,</strong></span> <span class='ocrx_word' id='word_1_739' title='bbox 1320 5323 1469 5377; x_wconf 86' lang='lat' dir='ltr'><strong>dedit</strong></span> <span class='ocrx_word' id='word_1_740' title='bbox 1517 5325 1597 5378; x_wconf 89' lang='lat' dir='ltr'><strong>eis</strong></span> <span class='ocrx_word' id='word_1_741' title='bbox 1623 5333 1944 5393; x_wconf 89' lang='lat' dir='ltr'><strong>potestatem</strong></span> <span class='ocrx_word' id='word_1_742' title='bbox 1991 5321 2129 5378; x_wconf 85' lang='lat' dir='ltr'><strong>ﬁlios</strong></span> 
     </span>
    </p>
   </div>
   <div class='ocr_carea' id='block_1_98' title="bbox 555 5409 2130 5482">
    <p class='ocr_par' dir='ltr' id='par_1_98' title="bbox 555 5409 2130 5482">
     <span class='ocr_line' id='line_1_99' title="bbox 555 5409 2130 5482; baseline 0 -19"><span class='ocrx_word' id='word_1_743' title='bbox 555 5409 647 5464; x_wconf 88' lang='lat' dir='ltr'><strong>Dei</strong></span> <span class='ocrx_word' id='word_1_744' title='bbox 681 5412 818 5475; x_wconf 80' lang='lat' dir='ltr'><strong>ﬁeri,</strong></span> <span class='ocrx_word' id='word_1_745' title='bbox 841 5411 1028 5478; x_wconf 86' lang='lat' dir='ltr'><strong>bisqui</strong></span> <span class='ocrx_word' id='word_1_746' title='bbox 1061 5412 1284 5467; x_wconf 84' lang='lat' dir='ltr'><strong>credunt</strong></span> <span class='ocrx_word' id='word_1_747' title='bbox 1313 5410 1364 5464; x_wconf 91' lang='lat' dir='ltr'><strong>in</strong></span> <span class='ocrx_word' id='word_1_748' title='bbox 1397 5413 1616 5466; x_wconf 87' lang='lat' dir='ltr'><strong>nomine</strong></span> <span class='ocrx_word' id='word_1_749' title='bbox 1648 5413 1818 5482; x_wconf 89' lang='lat' dir='ltr'><strong>ipsius</strong></span> <span class='ocrx_word' id='word_1_750' title='bbox 1935 5413 1979 5465; x_wconf 80' lang='grc'><strong>⁷.</strong></span> <span class='ocrx_word' id='word_1_751' title='bbox 2008 5430 2027 5464; x_wconf 75' lang='grc' dir='ltr'><strong>ι</strong></span> <span class='ocrx_word' id='word_1_752' title='bbox 2063 5413 2130 5465; x_wconf 78' lang='lat' dir='ltr'><strong>At</strong></span> 
     </span>
    </p>
   </div>
   <div class='ocr_carea' id='block_1_99' title="bbox 2238 4460 3758 4560">
    <p class='ocr_par' dir='ltr' id='par_1_99' title="bbox 2238 4460 3758 4560">
     <span class='ocr_line' id='line_1_100' title="bbox 2238 4460 3758 4560; baseline -0.016 -15"><span class='ocrx_word' id='word_1_753' title='bbox 2238 4489 2361 4545; x_wconf 76' lang='grc' dir='ltr'><strong>καθ’</strong></span> <span class='ocrx_word' id='word_1_754' title='bbox 2375 4460 2522 4560; x_wconf 72' lang='grc' dir='ltr'><strong>ἡμᾶς</strong></span> <span class='ocrx_word' id='word_1_755' title='bbox 2546 4460 2638 4539; x_wconf 57' lang='grc' dir='ltr'><strong>διὰ</strong></span> <span class='ocrx_word' id='word_1_756' title='bbox 2660 4482 2818 4538; x_wconf 86' lang='grc' dir='ltr'><strong>τοῦτο</strong></span> <span class='ocrx_word' id='word_1_757' title='bbox 2833 4478 3185 4548; x_wconf 86' lang='grc' dir='ltr'><strong>καθιγμένος,</strong></span> <span class='ocrx_word' id='word_1_758' title='bbox 3212 4475 3280 4528; x_wconf 75' lang='grc' dir='ltr'><strong>ἶν’</strong></span> <span class='ocrx_word' id='word_1_759' title='bbox 3305 4476 3451 4545; x_wconf 71' lang='grc' dir='ltr'><strong>ἡμᾶς</strong></span> <span class='ocrx_word' id='word_1_760' title='bbox 3467 4460 3758 4560; x_wconf 40' lang='grc' dir='ltr'><strong>ἀγάγῃ-πρὸς</strong></span> 
     </span>
    </p>
   </div>
   <div class='ocr_carea' id='block_1_100' title="bbox 2237 4555 3760 4642">
    <p class='ocr_par' dir='ltr' id='par_1_100' title="bbox 2237 4555 3760 4642">
     <span class='ocr_line' id='line_1_101' title="bbox 2237 4555 3760 4642; baseline -0.016 -6"><span class='ocrx_word' id='word_1_761' title='bbox 2237 4583 2299 4636; x_wconf 83' lang='grc' dir='ltr'><strong>τὸ</strong></span> <span class='ocrx_word' id='word_1_762' title='bbox 2332 4555 2462 4635; x_wconf 66' lang='grc' dir='ltr'><strong>ἴδιον</strong></span> <span class='ocrx_word' id='word_1_763' title='bbox 2501 4577 2665 4631; x_wconf 87' lang='grc' dir='ltr'><strong>αὐτοῦ</strong></span> <span class='ocrx_word' id='word_1_764' title='bbox 2693 4574 2788 4628; x_wconf 77' lang='grc' dir='ltr'><strong>καὶ</strong></span> <span class='ocrx_word' id='word_1_765' title='bbox 2811 4570 3114 4642; x_wconf 81' lang='grc' dir='ltr'><strong>θεοπρεπὲς</strong></span> <span class='ocrx_word' id='word_1_766' title='bbox 3151 4566 3370 4635; x_wconf 80' lang='grc' dir='ltr'><strong>ἀξίωμα</strong></span> <span class='ocrx_word' id='word_1_767' title='bbox 3390 4579 3403 4592; x_wconf 90' lang='grc'><strong>·</strong></span> <span class='ocrx_word' id='word_1_768' title='bbox 3443 4581 3462 4614; x_wconf 80' lang='lat' dir='ltr'><strong>r</strong></span> <span class='ocrx_word' id='word_1_769' title='bbox 3495 4555 3760 4629; x_wconf 72' lang='grc' dir='ltr'><strong>Πορεύομαι</strong></span> 
     </span>
    </p>
   </div>
   <div class='ocr_carea' id='block_1_101' title="bbox 2240 4647 3758 4745">
    <p class='ocr_par' dir='ltr' id='par_1_101' title="bbox 2240 4647 3758 4745">
     <span class='ocr_line' id='line_1_102' title="bbox 2240 4647 3758 4745; baseline -0.019 -17"><span class='ocrx_word' id='word_1_770' title='bbox 2240 4674 2377 4745; x_wconf 78' lang='grc' dir='ltr'><strong>πρὸς</strong></span> <span class='ocrx_word' id='word_1_771' title='bbox 2391 4671 2483 4724; x_wconf 83' lang='grc' dir='ltr'><strong>τὸν</strong></span> <span class='ocrx_word' id='word_1_772' title='bbox 2499 4669 2720 4739; x_wconf 85' lang='grc' dir='ltr'><strong>Πατέρα</strong></span> <span class='ocrx_word' id='word_1_773' title='bbox 2749 4681 2851 4737; x_wconf 85' lang='grc' dir='ltr'><strong>μου</strong></span> <span class='ocrx_word' id='word_1_774' title='bbox 2877 4663 2971 4717; x_wconf 78' lang='grc' dir='ltr'><strong>καὶ</strong></span> <span class='ocrx_word' id='word_1_775' title='bbox 2993 4659 3214 4730; x_wconf 83' lang='grc' dir='ltr'><strong>Πατέρα</strong></span> <span class='ocrx_word' id='word_1_776' title='bbox 3231 4654 3516 4728; x_wconf 73' lang='grc' dir='ltr'><strong>ὑμῶν,ζκαὶ</strong></span> <span class='ocrx_word' id='word_1_777' title='bbox 3538 4647 3758 4745; x_wconf 62' lang='grc' dir='ltr'><strong>θεὸν</strong></span> 
     </span>
    </p>
   </div>
   <div class='ocr_carea' id='block_1_102' title="bbox 2237 4734 3760 4830">
    <p class='ocr_par' dir='ltr' id='par_1_102' title="bbox 2237 4734 3760 4830">
     <span class='ocr_line' id='line_1_103' title="bbox 2237 4734 3760 4830; baseline -0.02 -11"><span class='ocrx_word' id='word_1_778' title='bbox 2237 4734 2334 4819; x_wconf 75' lang='grc' dir='ltr'><strong>καὶ</strong></span> <span class='ocrx_word' id='word_1_779' title='bbox 2357 4734 2490 4816; x_wconf 51' lang='grc' dir='ltr'><strong>θεὸν</strong></span> <span class='ocrx_word' id='word_1_780' title='bbox 2725 4734 2942 4809; x_wconf 27' lang='grc' dir='ltr'><strong>»νΛὺτοῦ</strong></span> <span class='ocrx_word' id='word_1_781' title='bbox 2987 4752 3084 4822; x_wconf 75' lang='grc' dir='ltr'><strong>μὲν</strong></span> <span class='ocrx_word' id='word_1_782' title='bbox 3120 4750 3230 4820; x_wconf 81' lang='grc' dir='ltr'><strong>γὰρ</strong></span> <span class='ocrx_word' id='word_1_783' title='bbox 3257 4749 3415 4819; x_wconf 82' lang='grc' dir='ltr'><strong>φύσει</strong></span> <span class='ocrx_word' id='word_1_784' title='bbox 3446 4741 3621 4811; x_wconf 77' lang='grc' dir='ltr'><strong>Πατὴρ</strong></span> <span class='ocrx_word' id='word_1_785' title='bbox 3715 4734 3760 4784; x_wconf 77' lang='grc' dir='ltr'><strong>ἐν</strong></span> 
     </span>
    </p>
   </div>
   <div class='ocr_carea' id='block_1_103' title="bbox 2235 4826 3757 4924">
    <p class='ocr_par' dir='ltr' id='par_1_103' title="bbox 2235 4826 3757 4924">
     <span class='ocr_line' id='line_1_104' title="bbox 2235 4826 3757 4924; baseline -0.022 -14"><span class='ocrx_word' id='word_1_786' title='bbox 2235 4858 2349 4918; x_wconf 79' lang='grc' dir='ltr'><strong>τοῖς</strong></span> <span class='ocrx_word' id='word_1_787' title='bbox 2381 4826 2660 4924; x_wconf 82' lang='grc' dir='ltr'><strong>οὐρανοῖς,</strong></span> <span class='ocrx_word' id='word_1_788' title='bbox 2696 4846 2854 4920; x_wconf 77' lang='grc' dir='ltr'><strong>ἡμῶν</strong></span> <span class='ocrx_word' id='word_1_789' title='bbox 2904 4844 2962 4898; x_wconf 76' lang='grc' dir='ltr'><strong>δὲ</strong></span> <span class='ocrx_word' id='word_1_790' title='bbox 3008 4842 3160 4904; x_wconf 83' lang='grc' dir='ltr'><strong>Θεός.</strong></span> <span class='ocrx_word' id='word_1_791' title='bbox 3223 4835 3443 4907; x_wconf 78' lang='grc' dir='ltr'><strong>Ἐπειδὴ</strong></span> <span class='ocrx_word' id='word_1_792' title='bbox 3477 4834 3531 4886; x_wconf 79' lang='grc' dir='ltr'><strong>δὲ</strong></span> <span class='ocrx_word' id='word_1_793' title='bbox 3565 4832 3592 4882; x_wconf 86' lang='grc' dir='ltr'>ὁ</span> <span class='ocrx_word' id='word_1_794' title='bbox 3631 4826 3757 4924; x_wconf 56' lang='grc' dir='ltr'><strong>φάσει</strong></span> 
     </span>
    </p>
   </div>
   <div class='ocr_carea' id='block_1_104' title="bbox 2236 4918 3757 5015">
    <p class='ocr_par' dir='ltr' id='par_1_104' title="bbox 2236 4918 3757 5015">
     <span class='ocr_line' id='line_1_105' title="bbox 2236 4918 3757 5015; baseline -0.02 -13"><span class='ocrx_word' id='word_1_795' title='bbox 2236 4949 2330 5001; x_wconf 71' lang='grc' dir='ltr'><strong>καὶ</strong></span> <span class='ocrx_word' id='word_1_796' title='bbox 2358 4918 2572 5015; x_wconf 78' lang='grc' dir='ltr'><strong>άληθῶς</strong></span> <span class='ocrx_word' id='word_1_797' title='bbox 2595 4918 2727 5003; x_wconf 81' lang='grc' dir='ltr'><strong>Υἱὸς</strong></span> <span class='ocrx_word' id='word_1_798' title='bbox 2749 4939 2942 5008; x_wconf 81' lang='grc' dir='ltr'><strong>γέγονε</strong></span> <span class='ocrx_word' id='word_1_799' title='bbox 2987 4936 3106 4989; x_wconf 84' lang='grc' dir='ltr'><strong>καθ’</strong></span> <span class='ocrx_word' id='word_1_800' title='bbox 3136 4934 3304 5004; x_wconf 75' lang='grc' dir='ltr'><strong>ἡμᾶς,</strong></span> <span class='ocrx_word' id='word_1_801' title='bbox 3337 4929 3471 4983; x_wconf 83' lang='grc' dir='ltr'><strong>Θεὸν</strong></span> <span class='ocrx_word' id='word_1_802' title='bbox 3507 4918 3757 5015; x_wconf 49' lang='grc' dir='ltr'><strong>ἐσχηκέναι</strong></span> 
     </span>
    </p>
   </div>
   <div class='ocr_carea' id='block_1_105' title="bbox 2235 5007 3755 5110">
    <p class='ocr_par' dir='ltr' id='par_1_105' title="bbox 2235 5007 3755 5110">
     <span class='ocr_line' id='line_1_106' title="bbox 2235 5007 3755 5110; baseline -0.031 -3"><span class='ocrx_word' id='word_1_803' title='bbox 2235 5038 2400 5110; x_wconf 78' lang='grc' dir='ltr'><strong>φησὶν</strong></span> <span class='ocrx_word' id='word_1_804' title='bbox 2438 5007 2621 5099; x_wconf 81' lang='grc' dir='ltr'><strong>αὐτὸν,</strong></span> <span class='ocrx_word' id='word_1_805' title='bbox 2651 5007 2794 5086; x_wconf 84' lang='grc' dir='ltr'><strong>κατά</strong></span> <span class='ocrx_word' id='word_1_806' title='bbox 2822 5007 2885 5100; x_wconf 87' lang='grc' dir='ltr'><strong>γε</strong></span> <span class='ocrx_word' id='word_1_807' title='bbox 2909 5028 3001 5081; x_wconf 83' lang='grc' dir='ltr'><strong>τὸν</strong></span> <span class='ocrx_word' id='word_1_808' title='bbox 3035 5029 3100 5096; x_wconf 73' lang='grc' dir='ltr'><strong>τῇ</strong></span> <span class='ocrx_word' id='word_1_809' title='bbox 3135 5022 3358 5078; x_wconf 83' lang='grc' dir='ltr'><strong>κενώσει</strong></span> <span class='ocrx_word' id='word_1_810' title='bbox 3402 5018 3653 5110; x_wconf 67' lang='grc' dir='ltr'><strong>πρέὰιοντα</strong></span> <span class='ocrx_word' id='word_1_811' title='bbox 3687 5007 3755 5060; x_wconf 70' lang='lat' dir='ltr'><strong>M-</strong></span> 
     </span>
    </p>
   </div>
   <div class='ocr_carea' id='block_1_106' title="bbox 2232 5105 3750 5199">
    <p class='ocr_par' dir='ltr' id='par_1_106' title="bbox 2232 5105 3750 5199">
     <span class='ocr_line' id='line_1_107' title="bbox 2232 5105 3750 5199; baseline 0.004 -17"><span class='ocrx_word' id='word_1_812' title='bbox 2378 5128 2588 5182; x_wconf 79' lang='grc' dir='ltr'><strong>Δέδωκε</strong></span> <span class='ocrx_word' id='word_1_813' title='bbox 2609 5125 2667 5178; x_wconf 81' lang='grc' dir='ltr'><strong>δὲ</strong></span> <span class='ocrx_word' id='word_1_814' title='bbox 2698 5123 2790 5177; x_wconf 77' lang='grc' dir='ltr'><strong>καὶ</strong></span> <span class='ocrx_word' id='word_1_815' title='bbox 2817 5123 2949 5193; x_wconf 80' lang='grc' dir='ltr'><strong>ἡμῖν</strong></span> <span class='ocrx_word' id='word_1_816' title='bbox 2981 5118 3071 5172; x_wconf 84' lang='grc' dir='ltr'><strong>τὸν</strong></span> <span class='ocrx_word' id='word_1_817' title='bbox 3101 5115 3294 5170; x_wconf 75' lang='grc' dir='ltr'><strong>ἑαυτοῦ</strong></span> <span class='ocrx_word' id='word_1_818' title='bbox 3323 5113 3531 5181; x_wconf 71' lang='grc' dir='ltr'><strong>Πατέρα</strong></span> <span class='ocrx_word' id='word_1_819' title='bbox 3548 5124 3562 5136; x_wconf 84' lang='grc'><em>’</em></span> <span class='ocrx_word' id='word_1_820' title='bbox 3588 5105 3750 5199; x_wconf 49' lang='grc' dir='ltr'><strong>γέτρξν</strong></span> 
     </span>
    </p>
   </div>
   <div class='ocr_carea' id='block_1_107' title="bbox 2233 5190 3749 5291">
    <p class='ocr_par' dir='ltr' id='par_1_107' title="bbox 2233 5190 3749 5291">
     <span class='ocr_line' id='line_1_108' title="bbox 2233 5190 3749 5291; baseline -0.021 -14"><span class='ocrx_word' id='word_1_821' title='bbox 2233 5190 2365 5277; x_wconf 56' lang='lat' dir='ltr'><strong>sum.</strong></span> <span class='ocrx_word' id='word_1_822' title='bbox 2406 5220 2544 5291; x_wconf 83' lang='grc' dir='ltr'><strong>γὰρ,</strong></span> <span class='ocrx_word' id='word_1_823' title='bbox 2585 5219 2668 5271; x_wconf 81' lang='grc' dir='ltr'><strong>ὅτι</strong></span> <span class='ocrx_word' id='word_1_824' title='bbox 2705 5190 2899 5268; x_wconf 81' lang='grc' dir='ltr'><strong>«Ὅσοι</strong></span> <span class='ocrx_word' id='word_1_825' title='bbox 2923 5212 2980 5265; x_wconf 80' lang='grc' dir='ltr'>δὲ</span> <span class='ocrx_word' id='word_1_826' title='bbox 3005 5209 3199 5264; x_wconf 68' lang='grc' dir='ltr'><strong>ἔλαϐον</strong></span> <span class='ocrx_word' id='word_1_827' title='bbox 3232 5206 3429 5266; x_wconf 79' lang='grc' dir='ltr'><strong>αὑτὸν,</strong></span> <span class='ocrx_word' id='word_1_828' title='bbox 3461 5201 3638 5291; x_wconf 71' lang='grc' dir='ltr'><strong>ἔδωκεν</strong></span> <span class='ocrx_word' id='word_1_829' title='bbox 3672 5190 3749 5244; x_wconf 80' lang='grc' dir='ltr'><strong>αὺ-</strong></span> 
     </span>
    </p>
   </div>
   <div class='ocr_carea' id='block_1_108' title="bbox 2232 5285 3752 5380">
    <p class='ocr_par' dir='ltr' id='par_1_108' title="bbox 2232 5285 3752 5380">
     <span class='ocr_line' id='line_1_109' title="bbox 2232 5285 3752 5380; baseline -0.024 -11"><span class='ocrx_word' id='word_1_830' title='bbox 2232 5319 2345 5379; x_wconf 81' lang='grc' dir='ltr'><strong>τοῖς</strong></span> <span class='ocrx_word' id='word_1_831' title='bbox 2375 5311 2626 5380; x_wconf 74' lang='grc' dir='ltr'><strong>ἐξουσίαν</strong></span> <span class='ocrx_word' id='word_1_832' title='bbox 2654 5308 2821 5362; x_wconf 85' lang='grc' dir='ltr'><strong>τέκνα</strong></span> <span class='ocrx_word' id='word_1_833' title='bbox 2859 5303 2996 5357; x_wconf 87' lang='grc' dir='ltr'><strong>Θεοῦ</strong></span> <span class='ocrx_word' id='word_1_834' title='bbox 3020 5299 3272 5371; x_wconf 87' lang='grc' dir='ltr'><strong>γενέσθαι</strong></span> <span class='ocrx_word' id='word_1_835' title='bbox 3303 5299 3410 5358; x_wconf 83' lang='grc' dir='ltr'><strong>τοῖς</strong></span> <span class='ocrx_word' id='word_1_836' title='bbox 3453 5285 3752 5380; x_wconf 55' lang='grc' dir='ltr'><strong>πιστεύρυσιν</strong></span> 
     </span>
    </p>
   </div>
   <div class='ocr_carea' id='block_1_109' title="bbox 2231 5367 3751 5474">
    <p class='ocr_par' dir='ltr' id='par_1_109' title="bbox 2231 5367 3751 5474">
     <span class='ocr_line' id='line_1_110' title="bbox 2231 5367 3751 5474; baseline -0.02 -11"><span class='ocrx_word' id='word_1_837' title='bbox 2231 5367 2608 5474; x_wconf 26' lang='grc' dir='ltr'><strong>εἰνςστὸῖδνομα</strong></span> <span class='ocrx_word' id='word_1_838' title='bbox 2635 5398 2821 5454; x_wconf 81' lang='grc' dir='ltr'><strong>αὑτοῦ.</strong></span> <span class='ocrx_word' id='word_1_839' title='bbox 2850 5417 2866 5448; x_wconf 79' lang='grc' dir='ltr'><strong>ι</strong></span> <span class='ocrx_word' id='word_1_840' title='bbox 2901 5397 2964 5449; x_wconf 84' lang='grc' dir='ltr'><strong>Εἰ</strong></span> <span class='ocrx_word' id='word_1_841' title='bbox 3088 5393 3448 5460; x_wconf 83' lang='grc' dir='ltr'><strong>ἀναιρήσομεν</strong></span> <span class='ocrx_word' id='word_1_842' title='bbox 3476 5376 3674 5474; x_wconf 49' lang='grc' dir='ltr'><strong>ἀμαθῶς</strong></span> <span class='ocrx_word' id='word_1_843' title='bbox 3701 5367 3751 5474; x_wconf 55' lang='grc' dir='ltr'><strong>ξδ</strong></span> 
     </span>
    </p>
   </div>
   <div class='ocr_carea' id='block_1_110' title="bbox 559 5462 2129 5570">
    <p class='ocr_par' dir='ltr' id='par_1_110' title="bbox 559 5499 2126 5570">
     <span class='ocr_line' id='line_1_111' title="bbox 559 5499 2126 5570; baseline 0.001 -17"><span class='ocrx_word' id='word_1_844' title='bbox 559 5515 690 5556; x_wconf 88' lang='lat' dir='ltr'><strong>vero</strong></span> <span class='ocrx_word' id='word_1_845' title='bbox 729 5501 774 5556; x_wconf 88' lang='lat' dir='ltr'><strong>si</strong></span> <span class='ocrx_word' id='word_1_846' title='bbox 802 5501 1050 5570; x_wconf 89' lang='lat' dir='ltr'><strong>imperite</strong></span> <span class='ocrx_word' id='word_1_847' title='bbox 1069 5515 1327 5570; x_wconf 82' lang='lat' dir='ltr'><strong>negemus</strong></span> <span class='ocrx_word' id='word_1_848' title='bbox 1357 5502 1421 5554; x_wconf 90' lang='lat' dir='ltr'><strong>ad</strong></span> <span class='ocrx_word' id='word_1_849' title='bbox 1448 5510 1688 5557; x_wconf 83' lang='lat' dir='ltr'><strong>nostram</strong></span> <span class='ocrx_word' id='word_1_850' title='bbox 1717 5499 2126 5555; x_wconf 87' lang='lat' dir='ltr'><strong>similitudinem</strong></span> 
     </span>
    </p>
   </div>
   <div class='ocr_carea' id='block_1_111' title="bbox 2227 5462 3748 5570">
    <p class='ocr_par' dir='ltr' id='par_1_111' title="bbox 2229 5462 3748 5570">
     <span class='ocr_line' id='line_1_112' title="bbox 2229 5462 3748 5570; baseline -0.023 -16"><span class='ocrx_word' id='word_1_851' title='bbox 2229 5462 2573 5562; x_wconf 46' lang='grc' dir='ltr'><strong>ἓίὰποτέξει</strong></span> <span class='ocrx_word' id='word_1_852' title='bbox 2617 5489 2873 5562; x_wconf 82' lang='grc' dir='ltr'><strong>γενέσθαι</strong></span> <span class='ocrx_word' id='word_1_853' title='bbox 2907 5489 2970 5556; x_wconf 80' lang='grc' dir='ltr'><strong>τῇ</strong></span> <span class='ocrx_word' id='word_1_854' title='bbox 3004 5482 3129 5538; x_wconf 84' lang='grc' dir='ltr'><strong>καθ’</strong></span> <span class='ocrx_word' id='word_1_855' title='bbox 3180 5482 3324 5551; x_wconf 77' lang='grc' dir='ltr'><strong>ἡμᾶς</strong></span> <span class='ocrx_word' id='word_1_856' title='bbox 3357 5478 3442 5530; x_wconf 73' lang='grc' dir='ltr'><strong>τὸν</strong></span> <span class='ocrx_word' id='word_1_857' title='bbox 3477 5476 3536 5570; x_wconf 79' lang='grc' dir='ltr'><strong>ὲκ</strong></span> <span class='ocrx_word' id='word_1_858' title='bbox 3578 5462 3748 5570; x_wconf 59' lang='lat' dir='ltr'><strong>[iitpr</strong></span> 
     </span>
    </p>
   </div>
   <div class='ocr_carea' id='block_1_112' title="bbox 552 5587 2127 5661">
    <p class='ocr_par' dir='ltr' id='par_1_112' title="bbox 552 5587 2127 5661">
     <span class='ocr_line' id='line_1_113' title="bbox 552 5587 2127 5661; baseline -0.007 -11"><span class='ocrx_word' id='word_1_859' title='bbox 552 5609 736 5651; x_wconf 85' lang='lat' dir='ltr'><strong>natum</strong></span> <span class='ocrx_word' id='word_1_860' title='bbox 763 5613 883 5650; x_wconf 88' lang='lat' dir='ltr'><strong>esse</strong></span> <span class='ocrx_word' id='word_1_861' title='bbox 919 5593 1154 5651; x_wconf 86' lang='lat' dir='ltr'><strong>Verbum</strong></span> <span class='ocrx_word' id='word_1_862' title='bbox 1189 5593 1284 5650; x_wconf 85' lang='lat' dir='ltr'><strong>Dei</strong></span> <span class='ocrx_word' id='word_1_863' title='bbox 1314 5607 1380 5647; x_wconf 78' lang='lat' dir='ltr'><strong>ex</strong></span> <span class='ocrx_word' id='word_1_864' title='bbox 1415 5587 1591 5656; x_wconf 88' lang='lat' dir='ltr'><strong>Patre,</strong></span> <span class='ocrx_word' id='word_1_865' title='bbox 1613 5589 1758 5661; x_wconf 88' lang='lat' dir='ltr'><strong>quod</strong></span> <span class='ocrx_word' id='word_1_866' title='bbox 1799 5589 1851 5643; x_wconf 91' lang='lat' dir='ltr'><strong>in</strong></span> <span class='ocrx_word' id='word_1_867' title='bbox 1875 5589 2127 5642; x_wconf 87' lang='lat' dir='ltr'><strong>omnibus</strong></span> 
     </span>
    </p>
   </div>
   <div class='ocr_carea' id='block_1_113' title="bbox 625 5772 1090 5830">
    <p class='ocr_par' dir='ltr' id='par_1_113' title="bbox 625 5772 1090 5830">
     <span class='ocr_line' id='line_1_114' title="bbox 625 5772 1090 5830; baseline 0.004 -5"><span class='ocrx_word' id='word_1_868' title='bbox 625 5775 642 5806; x_wconf 89' lang='grc'>¹</span> <span class='ocrx_word' id='word_1_869' title='bbox 678 5773 866 5826; x_wconf 76' lang='lat' dir='ltr'><strong>Matth.</strong></span> <span class='ocrx_word' id='word_1_870' title='bbox 900 5791 1011 5830; x_wconf 65' lang='grc' dir='ltr'><strong>ιιι.</strong></span> <span class='ocrx_word' id='word_1_871' title='bbox 1038 5772 1090 5827; x_wconf 68' lang='grc'><strong>4.</strong></span> 
     </span>
    </p>
   </div>
   <div class='ocr_carea' id='block_1_114' title="bbox 558 5841 943 5906">
    <p class='ocr_par' dir='ltr' id='par_1_114' title="bbox 558 5841 943 5906">
     <span class='ocr_line' id='line_1_115' title="bbox 558 5841 943 5906; baseline -0.003 -9"><span class='ocrx_word' id='word_1_872' title='bbox 558 5841 577 5872; x_wconf 90' lang='lat'><strong><em>&quot;</em></strong></span> <span class='ocrx_word' id='word_1_873' title='bbox 608 5843 762 5897; x_wconf 84' lang='lat' dir='ltr'><strong>Joan.</strong></span> <span class='ocrx_word' id='word_1_874' title='bbox 790 5854 828 5906; x_wconf 86' lang='lat' dir='ltr'><strong>t,</strong></span> <span class='ocrx_word' id='word_1_875' title='bbox 856 5843 943 5896; x_wconf 71' lang='lat'><strong>12.</strong></span> 
     </span>
    </p>
   </div>
   <div class='ocr_carea' id='block_1_115' title="bbox 1185 5767 1628 5834">
    <p class='ocr_par' dir='ltr' id='par_1_115' title="bbox 1185 5767 1628 5834">
     <span class='ocr_line' id='line_1_116' title="bbox 1185 5767 1628 5834; baseline -0.009 -8"><span class='ocrx_word' id='word_1_876' title='bbox 1185 5771 1206 5804; x_wconf 82' lang='lat'>&#39;</span> <span class='ocrx_word' id='word_1_877' title='bbox 1233 5768 1398 5826; x_wconf 88' lang='lat' dir='ltr'><strong>llehr.</strong></span> <span class='ocrx_word' id='word_1_878' title='bbox 1423 5782 1542 5834; x_wconf 82' lang='lat' dir='ltr'><strong>xm,</strong></span> <span class='ocrx_word' id='word_1_879' title='bbox 1574 5767 1628 5822; x_wconf 74' lang='grc'><strong>4.</strong></span> 
     </span>
    </p>
   </div>
   <div class='ocr_carea' id='block_1_116' title="bbox 2236 5563 3753 5656">
    <p class='ocr_par' dir='ltr' id='par_1_116' title="bbox 2236 5563 3753 5656">
     <span class='ocr_line' id='line_1_117' title="bbox 2236 5563 3753 5656; baseline -0.013 -15"><span class='ocrx_word' id='word_1_880' title='bbox 2236 5587 2374 5641; x_wconf 78' lang='grc' dir='ltr'><strong>Θεοῦ</strong></span> <span class='ocrx_word' id='word_1_881' title='bbox 2406 5587 2602 5656; x_wconf 78' lang='grc' dir='ltr'><strong>Λόγον,</strong></span> <span class='ocrx_word' id='word_1_882' title='bbox 2637 5585 2727 5637; x_wconf 71' lang='grc' dir='ltr'><strong>τὸν</strong></span> <span class='ocrx_word' id='word_1_883' title='bbox 2760 5587 2816 5638; x_wconf 80' lang='grc' dir='ltr'><strong>ὲν</strong></span> <span class='ocrx_word' id='word_1_884' title='bbox 2846 5584 2980 5635; x_wconf 74' lang='grc' dir='ltr'><strong>πᾶσι</strong></span> <span class='ocrx_word' id='word_1_885' title='bbox 3013 5573 3386 5650; x_wconf 80' lang='grc' dir='ltr'><strong>πρωτεύοντα,</strong></span> <span class='ocrx_word' id='word_1_886' title='bbox 3416 5568 3548 5626; x_wconf 75' lang='grc' dir='ltr'><strong>κατὰ</strong></span> <span class='ocrx_word' id='word_1_887' title='bbox 3574 5563 3657 5634; x_wconf 78' lang='grc' dir='ltr'><strong>τὴν</strong></span> <span class='ocrx_word' id='word_1_888' title='bbox 3679 5575 3753 5612; x_wconf 76' lang='grc' dir='ltr'><strong>του</strong></span> 
     </span>
    </p>
   </div>
   <div class='ocr_carea' id='block_1_117' title="bbox 1733 5730 2129 5831">
    <p class='ocr_par' dir='ltr' id='par_1_117' title="bbox 1733 5760 2129 5831">
     <span class='ocr_line' id='line_1_118' title="bbox 1733 5760 2129 5831; baseline -0.005 -13"><span class='ocrx_word' id='word_1_889' title='bbox 1733 5765 1752 5796; x_wconf 84' lang='grc'>⁸</span> <span class='ocrx_word' id='word_1_890' title='bbox 1779 5762 1912 5819; x_wconf 85' lang='lat' dir='ltr'><strong>Luc.</strong></span> <span class='ocrx_word' id='word_1_891' title='bbox 1943 5777 1981 5831; x_wconf 86' lang='grc' dir='ltr'><strong>ι,</strong></span> <span class='ocrx_word' id='word_1_892' title='bbox 2012 5760 2129 5819; x_wconf 78' lang='grc' dir='ltr'><strong>50-Ξ</strong></span> 
     </span>
    </p>
   </div>
   <div class='ocr_carea' id='block_1_118' title="bbox 2227 5730 3755 5831">
    <p class='ocr_par' dir='ltr' id='par_1_118' title="bbox 2293 5730 3755 5828">
     <span class='ocr_line' id='line_1_119' title="bbox 2293 5730 3755 5828; baseline -0.018 -11"><span class='ocrx_word' id='word_1_893' title='bbox 2293 5763 2314 5794; x_wconf 74' lang='grc'>⁸</span> <span class='ocrx_word' id='word_1_894' title='bbox 2341 5760 2497 5818; x_wconf 82' lang='lat' dir='ltr'><strong>Joan.</strong></span> <span class='ocrx_word' id='word_1_895' title='bbox 2529 5777 2566 5828; x_wconf 90' lang='lat' dir='ltr'><strong>I,</strong></span> <span class='ocrx_word' id='word_1_896' title='bbox 2600 5760 2684 5814; x_wconf 75' lang='grc'><strong>13.</strong></span> <span class='ocrx_word' id='word_1_897' title='bbox 2773 5757 3006 5814; x_wconf 67' lang='lat' dir='ltr'><strong>3Matth.</strong></span> <span class='ocrx_word' id='word_1_898' title='bbox 3043 5770 3196 5820; x_wconf 62' lang='grc' dir='ltr'><strong>χχιιι,</strong></span> <span class='ocrx_word' id='word_1_899' title='bbox 3231 5752 3283 5807; x_wconf 87' lang='grc'><strong>9.</strong></span> <span class='ocrx_word' id='word_1_900' title='bbox 3365 5751 3385 5782; x_wconf 83' lang='grc'><strong>⁸</strong></span> <span class='ocrx_word' id='word_1_901' title='bbox 3411 5747 3558 5804; x_wconf 84' lang='lat' dir='ltr'><strong>Joan.</strong></span> <span class='ocrx_word' id='word_1_902' title='bbox 3586 5754 3660 5800; x_wconf 70' lang='grc' dir='ltr'><strong>ιι,</strong></span> <span class='ocrx_word' id='word_1_903' title='bbox 3684 5730 3755 5790; x_wconf 68' lang='grc' dir='ltr'><strong>47ρ</strong></span> 
     </span>
    </p>
   </div>
  </div>
