  <div class='ocr_page' id='page_1' title='image "/cluster/home/n/w/nwhite01/storage/ocr_20150623/130/mdp.39015078384255/490.png"; bbox 0 0 4094 6300; ppageno 0'>
   <div class='ocr_carea' id='block_1_1' title="bbox 435 413 537 477">
    <p class='ocr_par' dir='ltr' id='par_1_1' title="bbox 435 413 537 477">
     <span class='ocr_line' id='line_1_1' title="bbox 435 413 537 477; baseline 0 0"><span class='ocrx_word' id='word_1_1' title='bbox 435 413 537 477; x_wconf 76' lang='grc' dir='ltr'><strong>9ὓ5</strong></span> 
     </span>
    </p>
   </div>
   <div class='ocr_carea' id='block_1_2' title="bbox 1398 409 2735 481">
    <p class='ocr_par' dir='ltr' id='par_1_2' title="bbox 1398 409 2735 481">
     <span class='ocr_line' id='line_1_2' title="bbox 1398 409 2735 481; baseline 0.004 -7"><span class='ocrx_word' id='word_1_2' title='bbox 1398 409 1782 474; x_wconf 79' lang='lat' dir='ltr'><strong>PANOPLIA</strong></span> <span class='ocrx_word' id='word_1_3' title='bbox 1821 411 2298 474; x_wconf 74' lang='lat' dir='ltr'><strong>DOGMA&#39;i&#39;iCA.</strong></span> <span class='ocrx_word' id='word_1_4' title='bbox 2327 435 2396 449; x_wconf 86' lang='grc'><strong>--</strong></span> <span class='ocrx_word' id='word_1_5' title='bbox 2423 414 2569 476; x_wconf 81' lang='grc' dir='ltr'>ῚΊῚ.</span> <span class='ocrx_word' id='word_1_6' title='bbox 2610 417 2735 481; x_wconf 78' lang='lat' dir='ltr'><strong>XV.</strong></span> 
     </span>
    </p>
   </div>
   <div class='ocr_carea' id='block_1_3' title="bbox 3596 429 3705 488">
    <p class='ocr_par' dir='ltr' id='par_1_3' title="bbox 3596 429 3705 488">
     <span class='ocr_line' id='line_1_3' title="bbox 3596 429 3705 488; baseline 0.037 -4"><span class='ocrx_word' id='word_1_7' title='bbox 3596 429 3705 488; x_wconf 65' lang='lat'><strong>926</strong></span> 
     </span>
    </p>
   </div>
   <div class='ocr_carea' id='block_1_4' title="bbox 437 539 2001 616">
    <p class='ocr_par' dir='ltr' id='par_1_4' title="bbox 437 539 2001 614">
     <span class='ocr_line' id='line_1_4' title="bbox 437 539 2001 614; baseline 0.001 -20"><span class='ocrx_word' id='word_1_8' title='bbox 437 543 750 610; x_wconf 75' lang='grc' dir='ltr'><strong>σοφωτάτου</strong></span> <span class='ocrx_word' id='word_1_9' title='bbox 800 539 1016 596; x_wconf 81' lang='grc' dir='ltr'><strong>Παύλου</strong></span> <span class='ocrx_word' id='word_1_10' title='bbox 1047 541 1250 613; x_wconf 73' lang='grc' dir='ltr'>φωνὴν,</span> <span class='ocrx_word' id='word_1_11' title='bbox 1296 542 1433 614; x_wconf 84' lang='grc' dir='ltr'>πρὸς</span> <span class='ocrx_word' id='word_1_12' title='bbox 1489 541 1612 594; x_wconf 86' lang='grc' dir='ltr'>τίνα</span> <span class='ocrx_word' id='word_1_13' title='bbox 1657 543 1840 597; x_wconf 78' lang='grc' dir='ltr'>λοιπὸν</span> <span class='ocrx_word' id='word_1_14' title='bbox 1882 560 2001 613; x_wconf 86' lang='grc' dir='ltr'>μορ-</span> 
     </span>
    </p>
   </div>
   <div class='ocr_carea' id='block_1_5' title="bbox 2107 539 3697 616">
    <p class='ocr_par' dir='ltr' id='par_1_5' title="bbox 2125 543 3697 616">
     <span class='ocr_line' id='line_1_5' title="bbox 2125 543 3697 616; baseline 0.004 -20"><span class='ocrx_word' id='word_1_15' title='bbox 2125 544 2324 610; x_wconf 86' lang='lat' dir='ltr'><strong>primas</strong></span> <span class='ocrx_word' id='word_1_16' title='bbox 2345 545 2551 599; x_wconf 82' lang='lat' dir='ltr'><strong>obtinet</strong></span> <span class='ocrx_word' id='word_1_17' title='bbox 2603 545 2642 608; x_wconf 82' lang='lat'><strong>‘,</strong></span> <span class='ocrx_word' id='word_1_18' title='bbox 2667 545 2820 612; x_wconf 83' lang='lat' dir='ltr'><strong>juxta</strong></span> <span class='ocrx_word' id='word_1_19' title='bbox 2850 543 2998 600; x_wconf 83' lang='lat' dir='ltr'><strong>Pauli</strong></span> <span class='ocrx_word' id='word_1_20' title='bbox 3056 546 3437 616; x_wconf 74' lang='lat' dir='ltr'><strong>sapientissimi</strong></span> <span class='ocrx_word' id='word_1_21' title='bbox 3486 563 3697 615; x_wconf 72' lang='lat' dir='ltr'><strong>vocum,</strong></span> 
     </span>
    </p>
   </div>
   <div class='ocr_carea' id='block_1_6' title="bbox 433 633 2015 709">
    <p class='ocr_par' dir='ltr' id='par_1_6' title="bbox 433 633 2015 709">
     <span class='ocr_line' id='line_1_6' title="bbox 433 633 2015 709; baseline 0.003 -23"><span class='ocrx_word' id='word_1_22' title='bbox 433 633 725 702; x_wconf 77' lang='grc' dir='ltr'>φούμενοι,</span> <span class='ocrx_word' id='word_1_23' title='bbox 754 635 1005 707; x_wconf 78' lang='grc' dir='ltr'>γεννητοὶ</span> <span class='ocrx_word' id='word_1_24' title='bbox 1034 635 1170 690; x_wconf 88' lang='grc' dir='ltr'><strong>Θεοῦ</strong></span> <span class='ocrx_word' id='word_1_25' title='bbox 1195 636 1288 690; x_wconf 81' lang='grc' dir='ltr'><strong>διὰ</strong></span> <span class='ocrx_word' id='word_1_26' title='bbox 1325 633 1644 707; x_wconf 83' lang='grc' dir='ltr'>Πνεύματος</span> <span class='ocrx_word' id='word_1_27' title='bbox 1680 654 1782 709; x_wconf 83' lang='grc' dir='ltr'>χρη</span> <span class='ocrx_word' id='word_1_28' title='bbox 1793 639 2015 708; x_wconf 76' lang='grc' dir='ltr'>ματιοῦο</span> 
     </span>
    </p>
   </div>
   <div class='ocr_carea' id='block_1_7' title="bbox 435 727 2013 802">
    <p class='ocr_par' dir='ltr' id='par_1_7' title="bbox 435 727 2013 802">
     <span class='ocr_line' id='line_1_7' title="bbox 435 727 2013 802; baseline 0.003 -24"><span class='ocrx_word' id='word_1_29' title='bbox 435 743 538 790; x_wconf 81' lang='grc' dir='ltr'>μεν</span> <span class='ocrx_word' id='word_1_30' title='bbox 571 728 734 798; x_wconf 78' lang='grc' dir='ltr'>ἡμεῖς</span> <span class='ocrx_word' id='word_1_31' title='bbox 759 745 774 794; x_wconf 86' lang='grc'>;</span> <span class='ocrx_word' id='word_1_32' title='bbox 796 727 916 781; x_wconf 83' lang='grc' dir='ltr'>τίνα</span> <span class='ocrx_word' id='word_1_33' title='bbox 936 727 1028 782; x_wconf 80' lang='grc' dir='ltr'>τοῦ</span> <span class='ocrx_word' id='word_1_34' title='bbox 1065 729 1390 799; x_wconf 82' lang='grc' dir='ltr'>πράγματος</span> <span class='ocrx_word' id='word_1_35' title='bbox 1425 728 1681 792; x_wconf 81' lang='grc' dir='ltr'>λασόντες</span> <span class='ocrx_word' id='word_1_36' title='bbox 1711 728 1808 800; x_wconf 80' lang='grc' dir='ltr'><strong>τὴν</strong></span> <span class='ocrx_word' id='word_1_37' title='bbox 1832 730 2013 802; x_wconf 72' lang='grc' dir='ltr'>ἀπαρ-</span> 
     </span>
    </p>
   </div>
   <div class='ocr_carea' id='block_1_8' title="bbox 439 816 2014 892">
    <p class='ocr_par' dir='ltr' id='par_1_8' title="bbox 439 816 2014 892">
     <span class='ocr_line' id='line_1_8' title="bbox 439 816 2014 892; baseline 0.005 -22"><span class='ocrx_word' id='word_1_38' title='bbox 439 816 555 888; x_wconf 67' lang='grc' dir='ltr'>ίὴν,</span> <span class='ocrx_word' id='word_1_39' title='bbox 590 817 623 887; x_wconf 78' lang='grc' dir='ltr'>ἢ</span> <span class='ocrx_word' id='word_1_40' title='bbox 664 818 761 870; x_wconf 79' lang='grc' dir='ltr'><strong>καὶ</strong></span> <span class='ocrx_word' id='word_1_41' title='bbox 785 819 930 882; x_wconf 89' lang='grc' dir='ltr'>τίνος</span> <span class='ocrx_word' id='word_1_42' title='bbox 956 819 1093 884; x_wconf 79' lang='grc' dir='ltr'>ὅλως</span> <span class='ocrx_word' id='word_1_43' title='bbox 1122 821 1201 884; x_wconf 89' lang='grc' dir='ltr'>είς</span> <span class='ocrx_word' id='word_1_44' title='bbox 1225 823 1372 892; x_wconf 78' lang='grc' dir='ltr'><strong>ἡμᾶς</strong></span> <span class='ocrx_word' id='word_1_45' title='bbox 1406 822 1715 892; x_wconf 78' lang='grc' dir='ltr'><strong>πέμποντος</strong></span> <span class='ocrx_word' id='word_1_46' title='bbox 1753 821 1814 876; x_wconf 87' lang='grc' dir='ltr'>τὸ</span> <span class='ocrx_word' id='word_1_47' title='bbox 1850 823 2014 888; x_wconf 81' lang='grc' dir='ltr'>ἀξίω-</span> 
     </span>
    </p>
   </div>
   <div class='ocr_carea' id='block_1_9' title="bbox 435 909 2014 986">
    <p class='ocr_par' dir='ltr' id='par_1_9' title="bbox 435 909 2014 986">
     <span class='ocr_line' id='line_1_9' title="bbox 435 909 2014 986; baseline 0.006 -26"><span class='ocrx_word' id='word_1_48' title='bbox 435 925 547 978; x_wconf 87' lang='grc' dir='ltr'><strong>μα;</strong></span> <span class='ocrx_word' id='word_1_49' title='bbox 582 911 745 964; x_wconf 78' lang='grc' dir='ltr'>Φαῖεν</span> <span class='ocrx_word' id='word_1_50' title='bbox 771 910 855 973; x_wconf 82' lang='grc' dir='ltr'><strong>ἂν,</strong></span> <span class='ocrx_word' id='word_1_51' title='bbox 877 909 952 974; x_wconf 80' lang='grc' dir='ltr'><strong>ὣς</strong></span> <span class='ocrx_word' id='word_1_52' title='bbox 978 928 1042 980; x_wconf 92' lang='grc' dir='ltr'>γε</span> <span class='ocrx_word' id='word_1_53' title='bbox 1071 909 1245 983; x_wconf 62' lang='grc' dir='ltr'>οἶμαι,</span> <span class='ocrx_word' id='word_1_54' title='bbox 1268 913 1360 967; x_wconf 77' lang='grc' dir='ltr'><strong>καὶ</strong></span> <span class='ocrx_word' id='word_1_55' title='bbox 1388 913 1576 968; x_wconf 78' lang='grc' dir='ltr'>αὐτοί·</span> <span class='ocrx_word' id='word_1_56' title='bbox 1609 913 1717 968; x_wconf 79' lang='grc' dir='ltr'>Τοῦ</span> <span class='ocrx_word' id='word_1_57' title='bbox 1743 915 2014 986; x_wconf 75' lang='grc' dir='ltr'>ὲνανθρω-</span> 
     </span>
    </p>
   </div>
   <div class='ocr_carea' id='block_1_10' title="bbox 431 1001 2009 1080">
    <p class='ocr_par' dir='ltr' id='par_1_10' title="bbox 431 1001 2009 1080">
     <span class='ocr_line' id='line_1_10' title="bbox 431 1001 2009 1080; baseline 0.008 -28"><span class='ocrx_word' id='word_1_58' title='bbox 431 1001 712 1072; x_wconf 71' lang='grc' dir='ltr'>στήσαντος</span> <span class='ocrx_word' id='word_1_59' title='bbox 735 1002 930 1071; x_wconf 84' lang='grc' dir='ltr'>Λόγου.</span> <span class='ocrx_word' id='word_1_60' title='bbox 959 1002 1092 1058; x_wconf 79' lang='grc' dir='ltr'>Εἶτα</span> <span class='ocrx_word' id='word_1_61' title='bbox 1121 1005 1239 1070; x_wconf 86' lang='grc' dir='ltr'>πῶς</span> <span class='ocrx_word' id='word_1_62' title='bbox 1263 1006 1414 1061; x_wconf 76' lang='grc' dir='ltr'>ἔσται</span> <span class='ocrx_word' id='word_1_63' title='bbox 1440 1007 1595 1062; x_wconf 81' lang='grc' dir='ltr'>τοῦτο</span> <span class='ocrx_word' id='word_1_64' title='bbox 1615 1008 1830 1080; x_wconf 79' lang='grc' dir='ltr'>ἀληθὲς,</span> <span class='ocrx_word' id='word_1_65' title='bbox 1863 1009 1910 1061; x_wconf 85' lang='grc' dir='ltr'>εἰ</span> <span class='ocrx_word' id='word_1_66' title='bbox 1936 1007 2009 1080; x_wconf 83' lang='grc' dir='ltr'><strong>μὴ</strong></span> 
     </span>
    </p>
   </div>
   <div class='ocr_carea' id='block_1_11' title="bbox 432 1093 2011 1172">
    <p class='ocr_par' dir='ltr' id='par_1_11' title="bbox 432 1093 2011 1172">
     <span class='ocr_line' id='line_1_11' title="bbox 432 1093 2011 1172; baseline 0.005 -26"><span class='ocrx_word' id='word_1_67' title='bbox 432 1093 597 1157; x_wconf 77' lang='grc' dir='ltr'>αὐτὸς</span> <span class='ocrx_word' id='word_1_68' title='bbox 627 1095 816 1164; x_wconf 82' lang='grc' dir='ltr'>γέγονε</span> <span class='ocrx_word' id='word_1_69' title='bbox 848 1095 1006 1167; x_wconf 82' lang='grc' dir='ltr'>σὰρξ,</span> <span class='ocrx_word' id='word_1_70' title='bbox 1043 1099 1323 1154; x_wconf 82' lang='grc' dir='ltr'><strong>τουτέστιν</strong></span> <span class='ocrx_word' id='word_1_71' title='bbox 1354 1101 1656 1170; x_wconf 78' lang='grc' dir='ltr'>ἄνθρωπος,</span> <span class='ocrx_word' id='word_1_72' title='bbox 1697 1101 1826 1154; x_wconf 73' lang='grc' dir='ltr'>ἴδιον</span> <span class='ocrx_word' id='word_1_73' title='bbox 1854 1117 2011 1172; x_wconf 84' lang='grc' dir='ltr'>ποιη-</span> 
     </span>
    </p>
   </div>
   <div class='ocr_carea' id='block_1_12' title="bbox 433 1185 2011 1261">
    <p class='ocr_par' dir='ltr' id='par_1_12' title="bbox 433 1185 2011 1261">
     <span class='ocr_line' id='line_1_12' title="bbox 433 1185 2011 1261; baseline 0.006 -24"><span class='ocrx_word' id='word_1_74' title='bbox 433 1185 669 1254; x_wconf 79' lang='grc' dir='ltr'><strong>σάμενος</strong></span> <span class='ocrx_word' id='word_1_75' title='bbox 704 1187 864 1258; x_wconf 84' lang='grc' dir='ltr'>σῶμα</span> <span class='ocrx_word' id='word_1_76' title='bbox 890 1189 950 1242; x_wconf 80' lang='grc' dir='ltr'>τὸ</span> <span class='ocrx_word' id='word_1_77' title='bbox 974 1189 1336 1261; x_wconf 84' lang='grc' dir='ltr'>ἀνθρώπινον,</span> <span class='ocrx_word' id='word_1_78' title='bbox 1362 1192 1485 1245; x_wconf 85' lang='grc' dir='ltr'>καθ’</span> <span class='ocrx_word' id='word_1_79' title='bbox 1519 1191 1714 1246; x_wconf 72' lang='grc' dir='ltr'>ἕνωσιν</span> <span class='ocrx_word' id='word_1_80' title='bbox 1745 1193 2011 1247; x_wconf 47' lang='lat' dir='ltr'><strong>totum.»</strong></span> 
     </span>
    </p>
   </div>
   <div class='ocr_carea' id='block_1_13' title="bbox 433 1279 2006 1355">
    <p class='ocr_par' dir='ltr' id='par_1_13' title="bbox 433 1279 2006 1355">
     <span class='ocr_line' id='line_1_13' title="bbox 433 1279 2006 1355; baseline 0.013 -26"><span class='ocrx_word' id='word_1_81' title='bbox 433 1293 582 1342; x_wconf 89' lang='grc' dir='ltr'>στον,</span> <span class='ocrx_word' id='word_1_82' title='bbox 607 1279 692 1332; x_wconf 74' lang='grc' dir='ltr'><strong>ἵνα</strong></span> <span class='ocrx_word' id='word_1_83' title='bbox 718 1279 810 1332; x_wconf 84' lang='grc' dir='ltr'><strong>καὶ</strong></span> <span class='ocrx_word' id='word_1_84' title='bbox 836 1279 1004 1334; x_wconf 81' lang='grc' dir='ltr'>αὐτοῦ</span> <span class='ocrx_word' id='word_1_85' title='bbox 1033 1283 1238 1351; x_wconf 83' lang='grc' dir='ltr'><strong>νοῆται,</strong></span> <span class='ocrx_word' id='word_1_86' title='bbox 1262 1283 1357 1337; x_wconf 82' lang='grc' dir='ltr'><strong>καὶ</strong></span> <span class='ocrx_word' id='word_1_87' title='bbox 1381 1282 1505 1354; x_wconf 72' lang='grc' dir='ltr'><strong>[μὴ]</strong></span> <span class='ocrx_word' id='word_1_88' title='bbox 1530 1283 1590 1349; x_wconf 74' lang='grc' dir='ltr'><strong>ἐξ</strong></span> <span class='ocrx_word' id='word_1_89' title='bbox 1614 1283 1800 1355; x_wconf 81' lang='grc' dir='ltr'>ἐτέρου</span> <span class='ocrx_word' id='word_1_90' title='bbox 1829 1285 2006 1354; x_wconf 77' lang='grc' dir='ltr'>τινόςς</span> 
     </span>
    </p>
   </div>
   <div class='ocr_carea' id='block_1_14' title="bbox 432 1367 2010 1447">
    <p class='ocr_par' dir='ltr' id='par_1_14' title="bbox 432 1367 2010 1447">
     <span class='ocr_line' id='line_1_14' title="bbox 432 1367 2010 1447; baseline 0.006 -28"><span class='ocrx_word' id='word_1_91' title='bbox 432 1367 650 1437; x_wconf 55' lang='lat' dir='ltr'><strong>nepos:</strong></span> <span class='ocrx_word' id='word_1_92' title='bbox 688 1370 796 1442; x_wconf 77' lang='grc' dir='ltr'>γὰρ</span> <span class='ocrx_word' id='word_1_93' title='bbox 826 1372 969 1426; x_wconf 81' lang='grc' dir='ltr'>οὕτω</span> <span class='ocrx_word' id='word_1_94' title='bbox 1014 1374 1110 1428; x_wconf 76' lang='grc' dir='ltr'><strong>καὶ</strong></span> <span class='ocrx_word' id='word_1_95' title='bbox 1153 1375 1228 1437; x_wconf 88' lang='grc' dir='ltr'><strong>εἰς</strong></span> <span class='ocrx_word' id='word_1_96' title='bbox 1280 1377 1424 1446; x_wconf 75' lang='grc' dir='ltr'><strong>ἡμᾶς</strong></span> <span class='ocrx_word' id='word_1_97' title='bbox 1465 1377 1565 1447; x_wconf 81' lang='grc' dir='ltr'>τῆς</span> <span class='ocrx_word' id='word_1_98' title='bbox 1603 1376 1876 1440; x_wconf 76' lang='grc' dir='ltr'><strong>υἱοθεσίας</strong></span> <span class='ocrx_word' id='word_1_99' title='bbox 1913 1377 2010 1447; x_wconf 79' lang='grc' dir='ltr'><strong>τὴν</strong></span> 
     </span>
    </p>
   </div>
   <div class='ocr_carea' id='block_1_15' title="bbox 429 1458 2004 1538">
    <p class='ocr_par' dir='ltr' id='par_1_15' title="bbox 429 1458 2004 1538">
     <span class='ocr_line' id='line_1_15' title="bbox 429 1458 2004 1538; baseline 0.008 -29"><span class='ocrx_word' id='word_1_100' title='bbox 429 1458 614 1528; x_wconf 83' lang='grc' dir='ltr'><strong>χάριν,</strong></span> <span class='ocrx_word' id='word_1_101' title='bbox 654 1463 746 1514; x_wconf 74' lang='grc' dir='ltr'><strong>καὶ</strong></span> <span class='ocrx_word' id='word_1_102' title='bbox 783 1465 1032 1534; x_wconf 74' lang='grc' dir='ltr'>γεννητοὶ</span> <span class='ocrx_word' id='word_1_103' title='bbox 1065 1465 1382 1536; x_wconf 82' lang='grc' dir='ltr'>Πνεύματος</span> <span class='ocrx_word' id='word_1_104' title='bbox 1421 1468 1658 1538; x_wconf 72' lang='grc' dir='ltr'>ἐσόμεθα</span> <span class='ocrx_word' id='word_1_105' title='bbox 1689 1469 1782 1522; x_wconf 72' lang='lat' dir='ltr'><strong>xui.</strong></span> <span class='ocrx_word' id='word_1_106' title='bbox 1823 1470 2004 1538; x_wconf 79' lang='grc' dir='ltr'>ἡμεῖς,</span> 
     </span>
    </p>
   </div>
   <div class='ocr_carea' id='block_1_16' title="bbox 429 1549 2008 1632">
    <p class='ocr_par' dir='ltr' id='par_1_16' title="bbox 429 1549 2008 1632">
     <span class='ocr_line' id='line_1_16' title="bbox 429 1549 2008 1632; baseline 0.007 -28"><span class='ocrx_word' id='word_1_107' title='bbox 429 1549 529 1604; x_wconf 73' lang='grc' dir='ltr'><strong>ἅτε</strong></span> <span class='ocrx_word' id='word_1_108' title='bbox 560 1551 623 1622; x_wconf 85' lang='grc' dir='ltr'>δὴ</span> <span class='ocrx_word' id='word_1_109' title='bbox 652 1556 750 1624; x_wconf 78' lang='grc' dir='ltr'>τῆς</span> <span class='ocrx_word' id='word_1_110' title='bbox 797 1555 1088 1627; x_wconf 80' lang='grc' dir='ltr'>ἀνθρώπου</span> <span class='ocrx_word' id='word_1_111' title='bbox 1129 1558 1346 1627; x_wconf 84' lang='grc' dir='ltr'>φύσεως</span> <span class='ocrx_word' id='word_1_112' title='bbox 1383 1562 1442 1613; x_wconf 75' lang='grc' dir='ltr'>ὲν</span> <span class='ocrx_word' id='word_1_113' title='bbox 1474 1561 1624 1630; x_wconf 83' lang='grc' dir='ltr'>αὐτῷ</span> <span class='ocrx_word' id='word_1_114' title='bbox 1660 1562 1756 1614; x_wconf 82' lang='grc' dir='ltr'><strong>καὶ</strong></span> <span class='ocrx_word' id='word_1_115' title='bbox 1805 1561 2008 1632; x_wconf 84' lang='grc' dir='ltr'>πρώτῳ</span> 
     </span>
    </p>
   </div>
   <div class='ocr_carea' id='block_1_17' title="bbox 428 1642 2006 1718">
    <p class='ocr_par' dir='ltr' id='par_1_17' title="bbox 428 1642 2006 1718">
     <span class='ocr_line' id='line_1_17' title="bbox 428 1642 2006 1718; baseline 0.008 -24"><span class='ocrx_word' id='word_1_116' title='bbox 428 1642 702 1716; x_wconf 77' lang='grc' dir='ltr'><strong>λαχούσης</strong></span> <span class='ocrx_word' id='word_1_117' title='bbox 731 1646 908 1700; x_wconf 80' lang='grc' dir='ltr'>τοῦτο.</span> <span class='ocrx_word' id='word_1_118' title='bbox 933 1649 1040 1702; x_wconf 83' lang='grc' dir='ltr'>Καί</span> <span class='ocrx_word' id='word_1_119' title='bbox 1064 1666 1152 1718; x_wconf 76' lang='grc' dir='ltr'><strong>μοι</strong></span> <span class='ocrx_word' id='word_1_120' title='bbox 1177 1650 1324 1704; x_wconf 79' lang='grc' dir='ltr'>δοκεῖ</span> <span class='ocrx_word' id='word_1_121' title='bbox 1341 1651 1578 1705; x_wconf 82' lang='grc' dir='ltr'>τοιοῦτόν</span> <span class='ocrx_word' id='word_1_122' title='bbox 1599 1670 1650 1704; x_wconf 89' lang='grc' dir='ltr'><strong>τι</strong></span> <span class='ocrx_word' id='word_1_123' title='bbox 1671 1653 1792 1706; x_wconf 80' lang='grc' dir='ltr'>καθ’</span> <span class='ocrx_word' id='word_1_124' title='bbox 1817 1654 2006 1708; x_wconf 84' lang='grc' dir='ltr'>ἑαυτὸν</span> 
     </span>
    </p>
   </div>
   <div class='ocr_carea' id='block_1_18' title="bbox 428 1734 2005 1813">
    <p class='ocr_par' dir='ltr' id='par_1_18' title="bbox 428 1734 2005 1813">
     <span class='ocr_line' id='line_1_18' title="bbox 428 1734 2005 1813; baseline 0.009 -27"><span class='ocrx_word' id='word_1_125' title='bbox 428 1734 782 1806; x_wconf 76' lang='grc' dir='ltr'>ὲννενοηκὼς,</span> <span class='ocrx_word' id='word_1_126' title='bbox 815 1738 983 1806; x_wconf 80' lang='grc' dir='ltr'>φάναι</span> <span class='ocrx_word' id='word_1_127' title='bbox 1009 1757 1110 1793; x_wconf 88' lang='grc' dir='ltr'>που</span> <span class='ocrx_word' id='word_1_128' title='bbox 1148 1742 1242 1795; x_wconf 77' lang='grc' dir='ltr'><strong>καὶ</strong></span> <span class='ocrx_word' id='word_1_129' title='bbox 1270 1743 1417 1812; x_wconf 79' lang='grc' dir='ltr'>μάλα</span> <span class='ocrx_word' id='word_1_130' title='bbox 1446 1742 1622 1813; x_wconf 84' lang='grc' dir='ltr'><strong>ὀρθῶς</strong></span> <span class='ocrx_word' id='word_1_131' title='bbox 1651 1745 1679 1797; x_wconf 88' lang='lat'><strong>6</strong></span> <span class='ocrx_word' id='word_1_132' title='bbox 1718 1745 2005 1812; x_wconf 82' lang='grc' dir='ltr'><strong>Θεσπέσιος</strong></span> 
     </span>
    </p>
   </div>
   <div class='ocr_carea' id='block_1_19' title="bbox 2124 637 3700 710">
    <p class='ocr_par' dir='ltr' id='par_1_19' title="bbox 2124 637 3700 710">
     <span class='ocr_line' id='line_1_19' title="bbox 2124 637 3700 710; baseline 0.005 -22"><span class='ocrx_word' id='word_1_133' title='bbox 2124 637 2188 688; x_wconf 83' lang='lat' dir='ltr'><strong>ad</strong></span> <span class='ocrx_word' id='word_1_134' title='bbox 2213 651 2373 704; x_wconf 81' lang='lat' dir='ltr'><strong>quem</strong></span> <span class='ocrx_word' id='word_1_135' title='bbox 2422 639 2638 691; x_wconf 82' lang='lat' dir='ltr'><strong>tandem</strong></span> <span class='ocrx_word' id='word_1_136' title='bbox 2694 637 3043 704; x_wconf 79' lang='lat' dir='ltr'><strong>conformati,</strong></span> <span class='ocrx_word' id='word_1_137' title='bbox 3093 651 3158 692; x_wconf 82' lang='lat' dir='ltr'><strong>ex</strong></span> <span class='ocrx_word' id='word_1_138' title='bbox 3219 638 3328 694; x_wconf 89' lang='lat' dir='ltr'><strong>Deo</strong></span> <span class='ocrx_word' id='word_1_139' title='bbox 3377 641 3543 710; x_wconf 71' lang='lat' dir='ltr'><strong>geniti</strong></span> <span class='ocrx_word' id='word_1_140' title='bbox 3603 657 3700 710; x_wconf 87' lang='lat' dir='ltr'><strong>per</strong></span> 
     </span>
    </p>
   </div>
   <div class='ocr_carea' id='block_1_20' title="bbox 2124 727 3695 802">
    <p class='ocr_par' dir='ltr' id='par_1_20' title="bbox 2124 727 3695 802">
     <span class='ocr_line' id='line_1_20' title="bbox 2124 727 3695 802; baseline 0.003 -20"><span class='ocrx_word' id='word_1_141' title='bbox 2124 729 2384 796; x_wconf 73' lang='lat' dir='ltr'><strong>Spiritum</strong></span> <span class='ocrx_word' id='word_1_142' title='bbox 2442 727 2852 798; x_wconf 87' lang='lat' dir='ltr'><strong>appellabimur,</strong></span> <span class='ocrx_word' id='word_1_143' title='bbox 2904 740 2998 784; x_wconf 88' lang='lat' dir='ltr'><strong>aut</strong></span> <span class='ocrx_word' id='word_1_144' title='bbox 3057 744 3220 800; x_wconf 85' lang='lat' dir='ltr'><strong>quem</strong></span> <span class='ocrx_word' id='word_1_145' title='bbox 3287 731 3450 800; x_wconf 82' lang='lat' dir='ltr'><strong>hujus</strong></span> <span class='ocrx_word' id='word_1_146' title='bbox 3495 735 3695 802; x_wconf 73' lang='lat' dir='ltr'><strong>negotii</strong></span> 
     </span>
    </p>
   </div>
   <div class='ocr_carea' id='block_1_21' title="bbox 2121 819 3697 892">
    <p class='ocr_par' dir='ltr' id='par_1_21' title="bbox 2121 819 3697 892">
     <span class='ocr_line' id='line_1_21' title="bbox 2121 819 3697 892; baseline 0.005 -20"><span class='ocrx_word' id='word_1_147' title='bbox 2121 819 2419 889; x_wconf 80' lang='lat' dir='ltr'><strong>principem</strong></span> <span class='ocrx_word' id='word_1_148' title='bbox 2485 834 2550 875; x_wconf 85' lang='lat' dir='ltr'><strong>ac</strong></span> <span class='ocrx_word' id='word_1_149' title='bbox 2611 829 2773 891; x_wconf 83' lang='lat' dir='ltr'><strong>caput</strong></span> <span class='ocrx_word' id='word_1_150' title='bbox 2801 821 3159 876; x_wconf 83' lang='lat' dir='ltr'><strong>habebimus?</strong></span> <span class='ocrx_word' id='word_1_151' title='bbox 3205 832 3296 877; x_wconf 84' lang='lat' dir='ltr'><strong>aut</strong></span> <span class='ocrx_word' id='word_1_152' title='bbox 3324 825 3447 892; x_wconf 85' lang='lat' dir='ltr'><strong>quis</strong></span> <span class='ocrx_word' id='word_1_153' title='bbox 3474 826 3697 880; x_wconf 86' lang='lat' dir='ltr'><strong>omnino</strong></span> 
     </span>
    </p>
   </div>
   <div class='ocr_carea' id='block_1_22' title="bbox 2119 911 3694 985">
    <p class='ocr_par' dir='ltr' id='par_1_22' title="bbox 2119 911 3694 985">
     <span class='ocr_line' id='line_1_22' title="bbox 2119 911 3694 985; baseline 0.004 -19"><span class='ocrx_word' id='word_1_154' title='bbox 2119 911 2258 967; x_wconf 87' lang='lat' dir='ltr'><strong>hanc</strong></span> <span class='ocrx_word' id='word_1_155' title='bbox 2287 912 2602 983; x_wconf 78' lang='lat' dir='ltr'><strong>dignitatem</strong></span> <span class='ocrx_word' id='word_1_156' title='bbox 2625 913 2678 968; x_wconf 88' lang='lat' dir='ltr'><strong>in</strong></span> <span class='ocrx_word' id='word_1_157' title='bbox 2719 929 2819 970; x_wconf 87' lang='lat' dir='ltr'><strong>nos</strong></span> <span class='ocrx_word' id='word_1_158' title='bbox 2870 916 3271 971; x_wconf 80' lang='lat' dir='ltr'><strong>transmiserit?</strong></span> <span class='ocrx_word' id='word_1_159' title='bbox 3316 916 3504 973; x_wconf 80' lang='lat' dir='ltr'><strong>Dicent</strong></span> <span class='ocrx_word' id='word_1_160' title='bbox 3567 935 3694 985; x_wconf 88' lang='lat' dir='ltr'><strong>pro-</strong></span> 
     </span>
    </p>
   </div>
   <div class='ocr_carea' id='block_1_23' title="bbox 2120 1005 3692 1076">
    <p class='ocr_par' dir='ltr' id='par_1_23' title="bbox 2120 1005 3692 1076">
     <span class='ocr_line' id='line_1_23' title="bbox 2120 1005 3692 1076; baseline 0.004 -19"><span class='ocrx_word' id='word_1_161' title='bbox 2120 1005 2281 1070; x_wconf 80' lang='lat' dir='ltr'><strong>fecto,</strong></span> <span class='ocrx_word' id='word_1_162' title='bbox 2315 1012 2375 1059; x_wconf 88' lang='lat' dir='ltr'><strong>ut</strong></span> <span class='ocrx_word' id='word_1_163' title='bbox 2403 1005 2672 1072; x_wconf 80' lang='lat' dir='ltr'><strong>arbitror,</strong></span> <span class='ocrx_word' id='word_1_164' title='bbox 2703 1007 2869 1061; x_wconf 85' lang='lat' dir='ltr'><strong>etiam</strong></span> <span class='ocrx_word' id='word_1_165' title='bbox 2893 1007 2995 1076; x_wconf 84' lang='lat' dir='ltr'><strong>ipsi</strong></span> <span class='ocrx_word' id='word_1_166' title='bbox 3024 1026 3038 1061; x_wconf 90' lang='lat'><strong>:</strong></span> <span class='ocrx_word' id='word_1_167' title='bbox 3063 1005 3300 1062; x_wconf 73' lang='lat' dir='ltr'><strong>Verbum</strong></span> <span class='ocrx_word' id='word_1_168' title='bbox 3330 1011 3692 1064; x_wconf 85' lang='lat' dir='ltr'><strong>incarnatum.</strong></span> 
     </span>
    </p>
   </div>
   <div class='ocr_carea' id='block_1_24' title="bbox 2117 1098 3690 1169">
    <p class='ocr_par' dir='ltr' id='par_1_24' title="bbox 2117 1098 3690 1169">
     <span class='ocr_line' id='line_1_24' title="bbox 2117 1098 3690 1169; baseline 0.001 -17"><span class='ocrx_word' id='word_1_169' title='bbox 2117 1099 2279 1168; x_wconf 82' lang='lat' dir='ltr'><strong>Atqui</strong></span> <span class='ocrx_word' id='word_1_170' title='bbox 2299 1112 2405 1168; x_wconf 89' lang='lat' dir='ltr'><strong>quo</strong></span> <span class='ocrx_word' id='word_1_171' title='bbox 2432 1108 2591 1168; x_wconf 87' lang='lat' dir='ltr'><strong>pacto</strong></span> <span class='ocrx_word' id='word_1_172' title='bbox 2623 1114 2812 1153; x_wconf 80' lang='lat' dir='ltr'><strong>verum</strong></span> <span class='ocrx_word' id='word_1_173' title='bbox 2837 1100 2934 1154; x_wconf 89' lang='lat' dir='ltr'><strong>hoc</strong></span> <span class='ocrx_word' id='word_1_174' title='bbox 2967 1099 3093 1164; x_wconf 90' lang='lat' dir='ltr'><strong>erit,</strong></span> <span class='ocrx_word' id='word_1_175' title='bbox 3123 1099 3224 1154; x_wconf 84' lang='lat' dir='ltr'><strong>nisi</strong></span> <span class='ocrx_word' id='word_1_176' title='bbox 3245 1099 3419 1169; x_wconf 87' lang='lat' dir='ltr'><strong>ipsum</strong></span> <span class='ocrx_word' id='word_1_177' title='bbox 3457 1098 3690 1154; x_wconf 80' lang='lat' dir='ltr'><strong>Verbum</strong></span> 
     </span>
    </p>
   </div>
   <div class='ocr_carea' id='block_1_25' title="bbox 2118 1191 3692 1260">
    <p class='ocr_par' dir='ltr' id='par_1_25' title="bbox 2118 1191 3692 1260">
     <span class='ocr_line' id='line_1_25' title="bbox 2118 1191 3692 1260; baseline 0.001 -17"><span class='ocrx_word' id='word_1_178' title='bbox 2118 1191 2318 1244; x_wconf 86' lang='lat' dir='ltr'><strong>factum</strong></span> <span class='ocrx_word' id='word_1_179' title='bbox 2351 1199 2436 1245; x_wconf 88' lang='lat' dir='ltr'><strong>est</strong></span> <span class='ocrx_word' id='word_1_180' title='bbox 2457 1205 2607 1254; x_wconf 86' lang='lat' dir='ltr'><strong>caro,</strong></span> <span class='ocrx_word' id='word_1_181' title='bbox 2637 1191 2740 1246; x_wconf 86' lang='lat' dir='ltr'><strong>hoc</strong></span> <span class='ocrx_word' id='word_1_182' title='bbox 2757 1200 2859 1257; x_wconf 90' lang='lat' dir='ltr'><strong>est,</strong></span> <span class='ocrx_word' id='word_1_183' title='bbox 2885 1192 3084 1257; x_wconf 63' lang='lat' dir='ltr'><strong>homo},</strong></span> <span class='ocrx_word' id='word_1_184' title='bbox 3142 1191 3341 1260; x_wconf 82' lang='lat' dir='ltr'><strong>quippe</strong></span> <span class='ocrx_word' id='word_1_185' title='bbox 3379 1192 3521 1260; x_wconf 86' lang='lat' dir='ltr'><strong>quod</strong></span> <span class='ocrx_word' id='word_1_186' title='bbox 3567 1207 3692 1259; x_wconf 83' lang='lat' dir='ltr'><strong>pro-</strong></span> 
     </span>
    </p>
   </div>
   <div class='ocr_carea' id='block_1_26' title="bbox 2117 1282 3690 1353">
    <p class='ocr_par' dir='ltr' id='par_1_26' title="bbox 2117 1282 3690 1353">
     <span class='ocr_line' id='line_1_26' title="bbox 2117 1282 3690 1353; baseline 0.002 -19"><span class='ocrx_word' id='word_1_187' title='bbox 2117 1282 2291 1350; x_wconf 91' lang='lat' dir='ltr'><strong>prium</strong></span> <span class='ocrx_word' id='word_1_188' title='bbox 2321 1283 2421 1337; x_wconf 84' lang='lat' dir='ltr'><strong>sibi</strong></span> <span class='ocrx_word' id='word_1_189' title='bbox 2443 1282 2639 1337; x_wconf 79' lang='lat' dir='ltr'><strong>iecerit</strong></span> <span class='ocrx_word' id='word_1_190' title='bbox 2655 1298 2850 1352; x_wconf 84' lang='lat' dir='ltr'><strong>corpus</strong></span> <span class='ocrx_word' id='word_1_191' title='bbox 2879 1299 2942 1337; x_wconf 88' lang='lat' dir='ltr'><strong>ea</strong></span> <span class='ocrx_word' id='word_1_192' title='bbox 2969 1283 3177 1338; x_wconf 86' lang='lat' dir='ltr'><strong>unitate</strong></span> <span class='ocrx_word' id='word_1_193' title='bbox 3204 1299 3322 1353; x_wconf 83' lang='lat' dir='ltr'><strong>quae</strong></span> <span class='ocrx_word' id='word_1_194' title='bbox 3340 1285 3520 1339; x_wconf 85' lang='lat' dir='ltr'><strong>divelli</strong></span> <span class='ocrx_word' id='word_1_195' title='bbox 3549 1285 3690 1337; x_wconf 87' lang='lat' dir='ltr'><strong>nulla</strong></span> 
     </span>
    </p>
   </div>
   <div class='ocr_carea' id='block_1_27' title="bbox 2117 1372 3694 1440">
    <p class='ocr_par' dir='ltr' id='par_1_27' title="bbox 2117 1372 3694 1440">
     <span class='ocr_line' id='line_1_27' title="bbox 2117 1372 3694 1440; baseline 0 -15"><span class='ocrx_word' id='word_1_196' title='bbox 2117 1372 2328 1426; x_wconf 81' lang='lat' dir='ltr'><strong>ratione</strong></span> <span class='ocrx_word' id='word_1_197' title='bbox 2344 1379 2544 1440; x_wconf 86' lang='lat' dir='ltr'><strong>queat:</strong></span> <span class='ocrx_word' id='word_1_198' title='bbox 2572 1372 2646 1425; x_wconf 87' lang='lat' dir='ltr'><strong>ita</strong></span> <span class='ocrx_word' id='word_1_199' title='bbox 2685 1372 2940 1426; x_wconf 87' lang='lat' dir='ltr'><strong>nimirum</strong></span> <span class='ocrx_word' id='word_1_200' title='bbox 2965 1381 3020 1426; x_wconf 89' lang='lat' dir='ltr'><strong>ut</strong></span> <span class='ocrx_word' id='word_1_201' title='bbox 3055 1373 3224 1440; x_wconf 85' lang='lat' dir='ltr'><strong>ipsius</strong></span> <span class='ocrx_word' id='word_1_202' title='bbox 3266 1372 3424 1427; x_wconf 85' lang='lat' dir='ltr'><strong>Verbi</strong></span> <span class='ocrx_word' id='word_1_203' title='bbox 3470 1387 3694 1428; x_wconf 87' lang='lat' dir='ltr'><strong>censea-</strong></span> 
     </span>
    </p>
   </div>
   <div class='ocr_carea' id='block_1_28' title="bbox 2116 1464 3690 1534">
    <p class='ocr_par' dir='ltr' id='par_1_28' title="bbox 2116 1464 3690 1534">
     <span class='ocr_line' id='line_1_28' title="bbox 2116 1464 3690 1534; baseline 0.002 -19"><span class='ocrx_word' id='word_1_204' title='bbox 2116 1472 2223 1530; x_wconf 86' lang='lat' dir='ltr'><strong>tur,</strong></span> <span class='ocrx_word' id='word_1_205' title='bbox 2258 1474 2434 1519; x_wconf 87' lang='lat' dir='ltr'><strong>etnon</strong></span> <span class='ocrx_word' id='word_1_206' title='bbox 2456 1464 2679 1519; x_wconf 84' lang='lat' dir='ltr'><strong>alterius</strong></span> <span class='ocrx_word' id='word_1_207' title='bbox 2701 1464 3037 1534; x_wconf 84' lang='lat' dir='ltr'><strong>cuiuspiam?</strong></span> <span class='ocrx_word' id='word_1_208' title='bbox 3063 1465 3336 1520; x_wconf 84' lang='lat' dir='ltr'><strong>Hoceuim</strong></span> <span class='ocrx_word' id='word_1_209' title='bbox 3352 1476 3507 1534; x_wconf 84' lang='lat' dir='ltr'><strong>pacto</strong></span> <span class='ocrx_word' id='word_1_210' title='bbox 3525 1467 3690 1518; x_wconf 82' lang='lat' dir='ltr'><strong>etiam</strong></span> 
     </span>
    </p>
   </div>
   <div class='ocr_carea' id='block_1_29' title="bbox 2116 1546 3692 1625">
    <p class='ocr_par' dir='ltr' id='par_1_29' title="bbox 2116 1546 3692 1625">
     <span class='ocr_line' id='line_1_29' title="bbox 2116 1546 3692 1625; baseline 0.001 -15"><span class='ocrx_word' id='word_1_211' title='bbox 2116 1558 2167 1610; x_wconf 91' lang='lat' dir='ltr'><strong>in</strong></span> <span class='ocrx_word' id='word_1_212' title='bbox 2198 1570 2296 1610; x_wconf 85' lang='lat' dir='ltr'><strong>nos</strong></span> <span class='ocrx_word' id='word_1_213' title='bbox 2338 1556 2666 1611; x_wconf 88' lang='lat' dir='ltr'><strong>trausmittet</strong></span> <span class='ocrx_word' id='word_1_214' title='bbox 2723 1555 2994 1610; x_wconf 74' lang='lat' dir='ltr'><strong>liliatiouis</strong></span> <span class='ocrx_word' id='word_1_215' title='bbox 3045 1546 3603 1625; x_wconf 71' lang='lat' dir='ltr'><strong>gratiam,genitique</strong></span> <span class='ocrx_word' id='word_1_216' title='bbox 3661 1572 3692 1611; x_wconf 92' lang='lat' dir='ltr'><strong>e</strong></span> 
     </span>
    </p>
   </div>
   <div class='ocr_carea' id='block_1_30' title="bbox 2117 1644 3690 1716">
    <p class='ocr_par' dir='ltr' id='par_1_30' title="bbox 2117 1644 3690 1716">
     <span class='ocr_line' id='line_1_30' title="bbox 2117 1644 3690 1716; baseline 0.001 -17"><span class='ocrx_word' id='word_1_217' title='bbox 2117 1644 2320 1714; x_wconf 84' lang='lat' dir='ltr'><strong>Spiritu</strong></span> <span class='ocrx_word' id='word_1_218' title='bbox 2351 1646 2555 1702; x_wconf 84' lang='lat' dir='ltr'><strong>erimus</strong></span> <span class='ocrx_word' id='word_1_219' title='bbox 2601 1646 2762 1699; x_wconf 84' lang='lat' dir='ltr'><strong>etiam</strong></span> <span class='ocrx_word' id='word_1_220' title='bbox 2801 1662 2924 1713; x_wconf 91' lang='lat' dir='ltr'><strong>nos,</strong></span> <span class='ocrx_word' id='word_1_221' title='bbox 2975 1657 3164 1716; x_wconf 85' lang='lat' dir='ltr'><strong>utpote</strong></span> <span class='ocrx_word' id='word_1_222' title='bbox 3224 1657 3418 1701; x_wconf 82' lang='lat' dir='ltr'><strong>natura</strong></span> <span class='ocrx_word' id='word_1_223' title='bbox 3452 1647 3690 1701; x_wconf 78' lang='lat' dir='ltr'><strong>humana</strong></span> 
     </span>
    </p>
   </div>
   <div class='ocr_carea' id='block_1_31' title="bbox 2115 1736 3692 1806">
    <p class='ocr_par' dir='ltr' id='par_1_31' title="bbox 2115 1736 3692 1806">
     <span class='ocr_line' id='line_1_31' title="bbox 2115 1736 3692 1806; baseline -0.001 -16"><span class='ocrx_word' id='word_1_224' title='bbox 2115 1737 2286 1790; x_wconf 88' lang='lat' dir='ltr'><strong>hocin</strong></span> <span class='ocrx_word' id='word_1_225' title='bbox 2305 1737 2422 1806; x_wconf 89' lang='lat' dir='ltr'><strong>ipso</strong></span> <span class='ocrx_word' id='word_1_226' title='bbox 2443 1736 2739 1806; x_wconf 84' lang='lat' dir='ltr'><strong>etquidem</strong></span> <span class='ocrx_word' id='word_1_227' title='bbox 2777 1738 2952 1805; x_wconf 90' lang='lat' dir='ltr'><strong>primo</strong></span> <span class='ocrx_word' id='word_1_228' title='bbox 2978 1745 3293 1792; x_wconf 85' lang='lat' dir='ltr'><strong>consecuta.</strong></span> <span class='ocrx_word' id='word_1_229' title='bbox 3319 1738 3396 1792; x_wconf 80' lang='lat' dir='ltr'><strong>Ac</strong></span> <span class='ocrx_word' id='word_1_230' title='bbox 3417 1738 3548 1791; x_wconf 83' lang='lat' dir='ltr'><strong>mihi</strong></span> <span class='ocrx_word' id='word_1_231' title='bbox 3578 1738 3692 1806; x_wconf 81' lang='lat' dir='ltr'><strong>qui-</strong></span> 
     </span>
    </p>
   </div>
   <div class='ocr_carea' id='block_1_32' title="bbox 428 1819 2001 1905">
    <p class='ocr_par' dir='ltr' id='par_1_32' title="bbox 428 1825 1999 1905">
     <span class='ocr_line' id='line_1_32' title="bbox 428 1825 1999 1905; baseline 0.009 -28"><span class='ocrx_word' id='word_1_232' title='bbox 428 1825 675 1890; x_wconf 70' lang='grc' dir='ltr'>Παῦλοςο</span> <span class='ocrx_word' id='word_1_233' title='bbox 709 1846 726 1879; x_wconf 84' lang='grc' dir='ltr'>ι</span> <span class='ocrx_word' id='word_1_234' title='bbox 767 1829 980 1901; x_wconf 77' lang='grc' dir='ltr'><strong>’Ὥσπερ</strong></span> <span class='ocrx_word' id='word_1_235' title='bbox 1019 1832 1127 1902; x_wconf 82' lang='grc' dir='ltr'><strong>γὰρ</strong></span> <span class='ocrx_word' id='word_1_236' title='bbox 1162 1832 1506 1904; x_wconf 70' lang='grc' dir='ltr'><strong>ἐφορέσαμεν</strong></span> <span class='ocrx_word' id='word_1_237' title='bbox 1539 1834 1638 1905; x_wconf 74' lang='grc' dir='ltr'><strong>τὴν</strong></span> <span class='ocrx_word' id='word_1_238' title='bbox 1682 1837 1866 1890; x_wconf 75' lang='grc' dir='ltr'>εἰκόνα</span> <span class='ocrx_word' id='word_1_239' title='bbox 1907 1837 1999 1891; x_wconf 85' lang='grc' dir='ltr'>τοῦ</span> 
     </span>
    </p>
   </div>
   <div class='ocr_carea' id='block_1_33' title="bbox 2107 1819 3688 1905">
    <p class='ocr_par' dir='ltr' id='par_1_33' title="bbox 2107 1827 3688 1896">
     <span class='ocr_line' id='line_1_33' title="bbox 2107 1827 3688 1896; baseline 0 -14"><span class='ocrx_word' id='word_1_240' title='bbox 2107 1827 2226 1882; x_wconf 85' lang='lat' dir='ltr'><strong>dem</strong></span> <span class='ocrx_word' id='word_1_241' title='bbox 2288 1828 2503 1882; x_wconf 75' lang='lat' dir='ltr'><strong>videtur</strong></span> <span class='ocrx_word' id='word_1_242' title='bbox 2547 1827 2712 1882; x_wconf 89' lang='lat' dir='ltr'><strong>etiam</strong></span> <span class='ocrx_word' id='word_1_243' title='bbox 2753 1829 2971 1883; x_wconf 83' lang='lat' dir='ltr'><strong>divinus</strong></span> <span class='ocrx_word' id='word_1_244' title='bbox 3037 1829 3258 1893; x_wconf 79' lang='lat' dir='ltr'><strong>Paulus,</strong></span> <span class='ocrx_word' id='word_1_245' title='bbox 3318 1829 3688 1896; x_wconf 85' lang='lat' dir='ltr'><strong>hujuscemodi</strong></span> 
     </span>
    </p>
   </div>
   <div class='ocr_carea' id='block_1_34' title="bbox 423 1919 1997 1999">
    <p class='ocr_par' dir='ltr' id='par_1_34' title="bbox 423 1919 1997 1999">
     <span class='ocr_line' id='line_1_34' title="bbox 423 1919 1997 1999; baseline 0.007 -27"><span class='ocrx_word' id='word_1_246' title='bbox 423 1919 635 1988; x_wconf 81' lang='grc' dir='ltr'><strong>χοϊκοῦ,</strong></span> <span class='ocrx_word' id='word_1_247' title='bbox 671 1920 976 1992; x_wconf 80' lang='grc' dir='ltr'>φορέσομεν</span> <span class='ocrx_word' id='word_1_248' title='bbox 1009 1924 1103 1976; x_wconf 79' lang='grc' dir='ltr'><strong>καὶ</strong></span> <span class='ocrx_word' id='word_1_249' title='bbox 1141 1923 1239 1992; x_wconf 75' lang='grc' dir='ltr'><strong>τῂν</strong></span> <span class='ocrx_word' id='word_1_250' title='bbox 1271 1925 1457 1980; x_wconf 77' lang='grc' dir='ltr'>εἰκόνα</span> <span class='ocrx_word' id='word_1_251' title='bbox 1487 1926 1580 1980; x_wconf 82' lang='grc' dir='ltr'><strong>τοῦ</strong></span> <span class='ocrx_word' id='word_1_252' title='bbox 1603 1929 1929 1999; x_wconf 75' lang='grc' dir='ltr'>ἐπουρανίου</span> <span class='ocrx_word' id='word_1_253' title='bbox 1951 1949 1997 1983; x_wconf 73' lang='grc' dir='ltr'><strong>-ι</strong></span> 
     </span>
    </p>
   </div>
   <div class='ocr_carea' id='block_1_35' title="bbox 425 2011 2002 2091">
    <p class='ocr_par' dir='ltr' id='par_1_35' title="bbox 425 2011 2002 2091">
     <span class='ocr_line' id='line_1_35' title="bbox 425 2011 2002 2091; baseline 0.008 -29"><span class='ocrx_word' id='word_1_254' title='bbox 425 2011 640 2063; x_wconf 75' lang='grc' dir='ltr'>καὶτὸν</span> <span class='ocrx_word' id='word_1_255' title='bbox 690 2013 789 2082; x_wconf 82' lang='grc' dir='ltr'><strong>μὲν</strong></span> <span class='ocrx_word' id='word_1_256' title='bbox 840 2013 1057 2085; x_wconf 83' lang='grc' dir='ltr'>πρῶτον</span> <span class='ocrx_word' id='word_1_257' title='bbox 1088 2015 1376 2084; x_wconf 74' lang='grc' dir='ltr'>ἄνθρωπον</span> <span class='ocrx_word' id='word_1_258' title='bbox 1417 2018 1482 2071; x_wconf 78' lang='grc' dir='ltr'><strong>ὲκ</strong></span> <span class='ocrx_word' id='word_1_259' title='bbox 1519 2019 1623 2089; x_wconf 76' lang='grc' dir='ltr'><strong>γῆς</strong></span> <span class='ocrx_word' id='word_1_260' title='bbox 1663 2021 1765 2090; x_wconf 71' lang='grc' dir='ltr'><strong>ἔφη</strong></span> <span class='ocrx_word' id='word_1_261' title='bbox 1798 2021 2002 2091; x_wconf 79' lang='grc' dir='ltr'>χοῖκδν,</span> 
     </span>
    </p>
   </div>
   <div class='ocr_carea' id='block_1_36' title="bbox 421 2101 2002 2180">
    <p class='ocr_par' dir='ltr' id='par_1_36' title="bbox 421 2101 2002 2180">
     <span class='ocr_line' id='line_1_36' title="bbox 421 2101 2002 2180; baseline 0.007 -27"><span class='ocrx_word' id='word_1_262' title='bbox 421 2101 520 2153; x_wconf 85' lang='grc' dir='ltr'><strong>τὸν</strong></span> <span class='ocrx_word' id='word_1_263' title='bbox 565 2101 622 2154; x_wconf 82' lang='grc' dir='ltr'>δὲ</span> <span class='ocrx_word' id='word_1_264' title='bbox 657 2101 907 2173; x_wconf 78' lang='grc' dir='ltr'>δεύτερον</span> <span class='ocrx_word' id='word_1_265' title='bbox 947 2103 1007 2171; x_wconf 77' lang='grc' dir='ltr'><strong>ἐξ</strong></span> <span class='ocrx_word' id='word_1_266' title='bbox 1047 2104 1282 2175; x_wconf 75' lang='grc' dir='ltr'>οὐρανοῦ</span> <span class='ocrx_word' id='word_1_267' title='bbox 1305 2121 1320 2136; x_wconf 79' lang='lat'><strong><em>°</em></strong></span> <span class='ocrx_word' id='word_1_268' title='bbox 1363 2125 1382 2158; x_wconf 85' lang='grc' dir='ltr'>ι</span> <span class='ocrx_word' id='word_1_269' title='bbox 1419 2106 1556 2160; x_wconf 80' lang='grc' dir='ltr'>Ἀλλ’</span> <span class='ocrx_word' id='word_1_270' title='bbox 1605 2103 1716 2172; x_wconf 76' lang='grc' dir='ltr'>οἷος</span> <span class='ocrx_word' id='word_1_271' title='bbox 1743 2110 1774 2162; x_wconf 84' lang='grc' dir='ltr'>ὀ</span> <span class='ocrx_word' id='word_1_272' title='bbox 1800 2111 2002 2180; x_wconf 83' lang='grc' dir='ltr'>χοῐκὸς,</span> 
     </span>
    </p>
   </div>
   <div class='ocr_carea' id='block_1_37' title="bbox 423 2191 2002 2273">
    <p class='ocr_par' dir='ltr' id='par_1_37' title="bbox 423 2191 2002 2273">
     <span class='ocr_line' id='line_1_37' title="bbox 423 2191 2002 2273; baseline 0.009 -29"><span class='ocrx_word' id='word_1_273' title='bbox 423 2191 654 2246; x_wconf 79' lang='grc' dir='ltr'>τοιοῦτοι</span> <span class='ocrx_word' id='word_1_274' title='bbox 698 2194 796 2247; x_wconf 76' lang='grc' dir='ltr'><strong>καὶ</strong></span> <span class='ocrx_word' id='word_1_275' title='bbox 818 2196 866 2248; x_wconf 80' lang='lat' dir='ltr'><strong>oi</strong></span> <span class='ocrx_word' id='word_1_276' title='bbox 898 2197 1094 2266; x_wconf 79' lang='grc' dir='ltr'>χοῖκοὶ,</span> <span class='ocrx_word' id='word_1_277' title='bbox 1140 2198 1297 2268; x_wconf 83' lang='grc' dir='ltr'>φησὶ,</span> <span class='ocrx_word' id='word_1_278' title='bbox 1327 2198 1424 2252; x_wconf 72' lang='grc' dir='ltr'><strong>καὶ</strong></span> <span class='ocrx_word' id='word_1_279' title='bbox 1453 2195 1566 2264; x_wconf 77' lang='grc' dir='ltr'>οἷος</span> <span class='ocrx_word' id='word_1_280' title='bbox 1596 2201 1625 2253; x_wconf 97' lang='lat'><strong>6</strong></span> <span class='ocrx_word' id='word_1_281' title='bbox 1659 2203 2002 2273; x_wconf 76' lang='grc' dir='ltr'>ἐπουράνιος,</span> 
     </span>
    </p>
   </div>
   <div class='ocr_carea' id='block_1_38' title="bbox 422 2282 2006 2364">
    <p class='ocr_par' dir='ltr' id='par_1_38' title="bbox 422 2282 2006 2364">
     <span class='ocr_line' id='line_1_38' title="bbox 422 2282 2006 2364; baseline 0.009 -29"><span class='ocrx_word' id='word_1_282' title='bbox 422 2282 658 2336; x_wconf 82' lang='grc' dir='ltr'>τοιοῦτοι</span> <span class='ocrx_word' id='word_1_283' title='bbox 689 2286 782 2338; x_wconf 75' lang='grc' dir='ltr'><strong>καὶ</strong></span> <span class='ocrx_word' id='word_1_284' title='bbox 807 2287 862 2338; x_wconf 76' lang='grc' dir='ltr'>οἱ</span> <span class='ocrx_word' id='word_1_285' title='bbox 911 2289 1251 2358; x_wconf 77' lang='grc' dir='ltr'>ἐπουράνιοι.</span> <span class='ocrx_word' id='word_1_286' title='bbox 1277 2306 1298 2340; x_wconf 81' lang='grc'><strong>›</strong></span> <span class='ocrx_word' id='word_1_287' title='bbox 1338 2291 1529 2345; x_wconf 78' lang='grc' dir='ltr'><strong>Χοῗκοὶ</strong></span> <span class='ocrx_word' id='word_1_288' title='bbox 1567 2293 1676 2364; x_wconf 79' lang='grc' dir='ltr'><strong>γάρ</strong></span> <span class='ocrx_word' id='word_1_289' title='bbox 1710 2295 1898 2364; x_wconf 76' lang='grc' dir='ltr'>ἐσμεν,</span> <span class='ocrx_word' id='word_1_290' title='bbox 1928 2295 2006 2360; x_wconf 82' lang='grc' dir='ltr'>ὡς</span> 
     </span>
    </p>
   </div>
   <div class='ocr_carea' id='block_1_39' title="bbox 422 2375 2006 2456">
    <p class='ocr_par' dir='ltr' id='par_1_39' title="bbox 422 2375 2006 2456">
     <span class='ocr_line' id='line_1_39' title="bbox 422 2375 2006 2456; baseline 0.008 -29"><span class='ocrx_word' id='word_1_291' title='bbox 422 2376 489 2429; x_wconf 78' lang='grc' dir='ltr'><strong>ὲκ</strong></span> <span class='ocrx_word' id='word_1_292' title='bbox 531 2375 716 2445; x_wconf 79' lang='grc' dir='ltr'><strong>χοϊκοῦ</strong></span> <span class='ocrx_word' id='word_1_293' title='bbox 749 2377 846 2430; x_wconf 80' lang='grc' dir='ltr'>τοῦ</span> <span class='ocrx_word' id='word_1_294' title='bbox 882 2379 1054 2449; x_wconf 72' lang='grc' dir='ltr'>Ἀδὰμ</span> <span class='ocrx_word' id='word_1_295' title='bbox 1089 2383 1554 2453; x_wconf 85' lang='grc' dir='ltr'>παρεμπεσούσης</span> <span class='ocrx_word' id='word_1_296' title='bbox 1589 2386 1670 2447; x_wconf 79' lang='grc' dir='ltr'><strong>είς</strong></span> <span class='ocrx_word' id='word_1_297' title='bbox 1705 2385 1853 2455; x_wconf 74' lang='grc' dir='ltr'><strong>ἡμᾶς</strong></span> <span class='ocrx_word' id='word_1_298' title='bbox 1903 2387 2006 2456; x_wconf 78' lang='grc' dir='ltr'>τῆς</span> 
     </span>
    </p>
   </div>
   <div class='ocr_carea' id='block_1_40' title="bbox 422 2467 2004 2548">
    <p class='ocr_par' dir='ltr' id='par_1_40' title="bbox 422 2467 2004 2548">
     <span class='ocr_line' id='line_1_40' title="bbox 422 2467 2004 2548; baseline 0.009 -30"><span class='ocrx_word' id='word_1_299' title='bbox 422 2467 565 2536; x_wconf 82' lang='grc' dir='ltr'>ἀρᾶς</span> <span class='ocrx_word' id='word_1_300' title='bbox 603 2467 704 2537; x_wconf 84' lang='grc' dir='ltr'><strong>τῆς</strong></span> <span class='ocrx_word' id='word_1_301' title='bbox 742 2468 972 2540; x_wconf 73' lang='grc' dir='ltr'>φθορᾶς,</span> <span class='ocrx_word' id='word_1_302' title='bbox 1002 2471 1068 2524; x_wconf 84' lang='grc' dir='ltr'>δι’</span> <span class='ocrx_word' id='word_1_303' title='bbox 1102 2467 1170 2545; x_wconf 84' lang='grc' dir='ltr'>ἧς</span> <span class='ocrx_word' id='word_1_304' title='bbox 1195 2475 1290 2527; x_wconf 72' lang='grc' dir='ltr'>καὶ</span> <span class='ocrx_word' id='word_1_305' title='bbox 1320 2477 1350 2528; x_wconf 88' lang='lat'><strong>6</strong></span> <span class='ocrx_word' id='word_1_306' title='bbox 1390 2475 1489 2546; x_wconf 80' lang='grc' dir='ltr'>τῆς</span> <span class='ocrx_word' id='word_1_307' title='bbox 1521 2476 1797 2548; x_wconf 78' lang='grc' dir='ltr'>ἁμαρτίας</span> <span class='ocrx_word' id='word_1_308' title='bbox 1826 2479 2004 2531; x_wconf 74' lang='grc' dir='ltr'>είσέδυ</span> 
     </span>
    </p>
   </div>
   <div class='ocr_carea' id='block_1_41' title="bbox 420 2557 2004 2639">
    <p class='ocr_par' dir='ltr' id='par_1_41' title="bbox 420 2557 2004 2639">
     <span class='ocr_line' id='line_1_41' title="bbox 420 2557 2004 2639; baseline 0.009 -31"><span class='ocrx_word' id='word_1_309' title='bbox 420 2557 607 2627; x_wconf 78' lang='grc' dir='ltr'>νόμος.</span> <span class='ocrx_word' id='word_1_310' title='bbox 638 2560 665 2612; x_wconf 83' lang='grc' dir='ltr'><em>ὁ</em></span> <span class='ocrx_word' id='word_1_311' title='bbox 687 2561 876 2624; x_wconf 79' lang='grc' dir='ltr'>ἐντοῖς</span> <span class='ocrx_word' id='word_1_312' title='bbox 910 2562 1095 2631; x_wconf 74' lang='grc' dir='ltr'>μέλεσι</span> <span class='ocrx_word' id='word_1_313' title='bbox 1126 2567 1238 2628; x_wconf 85' lang='grc' dir='ltr'>τοῖς</span> <span class='ocrx_word' id='word_1_314' title='bbox 1259 2566 1366 2635; x_wconf 80' lang='grc' dir='ltr'><strong>τῆς</strong></span> <span class='ocrx_word' id='word_1_315' title='bbox 1401 2567 1623 2638; x_wconf 83' lang='grc' dir='ltr'><strong>σαρκός.</strong></span> <span class='ocrx_word' id='word_1_316' title='bbox 1660 2569 2004 2639; x_wconf 78' lang='grc' dir='ltr'>Ἐπουράνιοι</span> 
     </span>
    </p>
   </div>
   <div class='ocr_carea' id='block_1_42' title="bbox 420 2648 2000 2732">
    <p class='ocr_par' dir='ltr' id='par_1_42' title="bbox 420 2648 2000 2732">
     <span class='ocr_line' id='line_1_42' title="bbox 420 2648 2000 2732; baseline 0.011 -33"><span class='ocrx_word' id='word_1_317' title='bbox 420 2648 479 2700; x_wconf 83' lang='grc' dir='ltr'>δὲ</span> <span class='ocrx_word' id='word_1_318' title='bbox 511 2649 837 2721; x_wconf 77' lang='grc' dir='ltr'><strong>γεγόναμεν,</strong></span> <span class='ocrx_word' id='word_1_319' title='bbox 887 2653 964 2718; x_wconf 83' lang='grc' dir='ltr'><strong>ὡς</strong></span> <span class='ocrx_word' id='word_1_320' title='bbox 1014 2656 1073 2710; x_wconf 83' lang='grc' dir='ltr'><strong>ἐν</strong></span> <span class='ocrx_word' id='word_1_321' title='bbox 1125 2656 1348 2728; x_wconf 82' lang='grc' dir='ltr'>Χριστῷ</span> <span class='ocrx_word' id='word_1_322' title='bbox 1394 2657 1650 2723; x_wconf 76' lang='grc' dir='ltr'>λαϐόντες</span> <span class='ocrx_word' id='word_1_323' title='bbox 1695 2660 1756 2714; x_wconf 87' lang='grc' dir='ltr'>τὸ</span> <span class='ocrx_word' id='word_1_324' title='bbox 1791 2662 2000 2732; x_wconf 72' lang='grc' dir='ltr'>χρῆμα.</span> 
     </span>
    </p>
   </div>
   <div class='ocr_carea' id='block_1_43' title="bbox 418 2737 2005 2816">
    <p class='ocr_par' dir='ltr' id='par_1_43' title="bbox 418 2737 2005 2816">
     <span class='ocr_line' id='line_1_43' title="bbox 418 2737 2005 2816; baseline 0.011 -27"><span class='ocrx_word' id='word_1_325' title='bbox 418 2737 554 2802; x_wconf 81' lang='grc' dir='ltr'>Θεὸς</span> <span class='ocrx_word' id='word_1_326' title='bbox 579 2739 690 2812; x_wconf 83' lang='grc' dir='ltr'>γὰρ</span> <span class='ocrx_word' id='word_1_327' title='bbox 729 2739 806 2794; x_wconf 81' lang='grc' dir='ltr'>ὢν</span> <span class='ocrx_word' id='word_1_328' title='bbox 846 2743 1010 2811; x_wconf 83' lang='grc' dir='ltr'>φύσει</span> <span class='ocrx_word' id='word_1_329' title='bbox 1032 2745 1128 2799; x_wconf 73' lang='grc' dir='ltr'><strong>καὶ</strong></span> <span class='ocrx_word' id='word_1_330' title='bbox 1176 2749 1241 2799; x_wconf 82' lang='grc' dir='ltr'><strong>ὲκ</strong></span> <span class='ocrx_word' id='word_1_331' title='bbox 1275 2746 1412 2801; x_wconf 78' lang='grc' dir='ltr'>Θεοῦ</span> <span class='ocrx_word' id='word_1_332' title='bbox 1433 2748 1528 2802; x_wconf 74' lang='grc' dir='ltr'><strong>καὶ</strong></span> <span class='ocrx_word' id='word_1_333' title='bbox 1570 2749 1797 2816; x_wconf 76' lang='grc' dir='ltr'><strong>ἄνωθεν,</strong></span> <span class='ocrx_word' id='word_1_334' title='bbox 1833 2768 2005 2806; x_wconf 84' lang='grc' dir='ltr'>κατα-</span> 
     </span>
    </p>
   </div>
   <div class='ocr_carea' id='block_1_44' title="bbox 425 2831 2003 2910">
    <p class='ocr_par' dir='ltr' id='par_1_44' title="bbox 425 2831 2003 2910">
     <span class='ocr_line' id='line_1_44' title="bbox 425 2831 2003 2910; baseline 0.009 -26"><span class='ocrx_word' id='word_1_335' title='bbox 425 2831 763 2904; x_wconf 77' lang='grc' dir='ltr'>πεφοίτηκεν</span> <span class='ocrx_word' id='word_1_336' title='bbox 812 2834 873 2886; x_wconf 86' lang='grc' dir='ltr'><strong>ὲν</strong></span> <span class='ocrx_word' id='word_1_337' title='bbox 919 2838 1033 2898; x_wconf 84' lang='grc' dir='ltr'>τοῖς</span> <span class='ocrx_word' id='word_1_338' title='bbox 1081 2837 1206 2891; x_wconf 82' lang='grc' dir='ltr'>καθ’</span> <span class='ocrx_word' id='word_1_339' title='bbox 1251 2840 1401 2908; x_wconf 73' lang='grc' dir='ltr'><strong>ἡμᾶς</strong></span> <span class='ocrx_word' id='word_1_340' title='bbox 1459 2841 1744 2910; x_wconf 79' lang='grc' dir='ltr'><strong>ἀσυνήθως</strong></span> <span class='ocrx_word' id='word_1_341' title='bbox 1799 2859 1860 2896; x_wconf 87' lang='grc' dir='ltr'><strong>τε</strong></span> <span class='ocrx_word' id='word_1_342' title='bbox 1909 2845 2003 2898; x_wconf 76' lang='grc' dir='ltr'><strong>καὶ</strong></span> 
     </span>
    </p>
   </div>
   <div class='ocr_carea' id='block_1_45' title="bbox 420 2919 1998 3005">
    <p class='ocr_par' dir='ltr' id='par_1_45' title="bbox 420 2919 1998 3005">
     <span class='ocr_line' id='line_1_45' title="bbox 420 2919 1998 3005; baseline 0.01 -32"><span class='ocrx_word' id='word_1_343' title='bbox 420 2919 610 2986; x_wconf 78' lang='grc' dir='ltr'>ξένως,</span> <span class='ocrx_word' id='word_1_344' title='bbox 631 2925 888 2996; x_wconf 76' lang='grc' dir='ltr'>γεννητὸς</span> <span class='ocrx_word' id='word_1_345' title='bbox 913 2927 1053 2982; x_wconf 80' lang='grc' dir='ltr'><strong>κατὰ</strong></span> <span class='ocrx_word' id='word_1_346' title='bbox 1077 2929 1258 3002; x_wconf 80' lang='grc' dir='ltr'><strong>σάρκα.</strong></span> <span class='ocrx_word' id='word_1_347' title='bbox 1283 2930 1523 2999; x_wconf 85' lang='grc' dir='ltr'>γεγονὼς</span> <span class='ocrx_word' id='word_1_348' title='bbox 1550 2932 1645 2986; x_wconf 84' lang='grc' dir='ltr'><strong>τοῦ</strong></span> <span class='ocrx_word' id='word_1_349' title='bbox 1669 2934 1998 3005; x_wconf 77' lang='grc' dir='ltr'>πνεύματος,</span> 
     </span>
    </p>
   </div>
   <div class='ocr_carea' id='block_1_46' title="bbox 419 3011 2002 3095">
    <p class='ocr_par' dir='ltr' id='par_1_46' title="bbox 419 3011 2002 3095">
     <span class='ocr_line' id='line_1_46' title="bbox 419 3011 2002 3095; baseline 0.011 -31"><span class='ocrx_word' id='word_1_350' title='bbox 419 3011 512 3065; x_wconf 73' lang='grc' dir='ltr'>ἵνα</span> <span class='ocrx_word' id='word_1_351' title='bbox 567 3013 712 3081; x_wconf 84' lang='grc' dir='ltr'>ἆγιοί</span> <span class='ocrx_word' id='word_1_352' title='bbox 765 3033 826 3070; x_wconf 89' lang='grc' dir='ltr'>τε</span> <span class='ocrx_word' id='word_1_353' title='bbox 875 3017 970 3072; x_wconf 79' lang='grc' dir='ltr'><strong>καὶ</strong></span> <span class='ocrx_word' id='word_1_354' title='bbox 1027 3019 1295 3095; x_wconf 78' lang='grc' dir='ltr'>ἄφθαρτοι</span> <span class='ocrx_word' id='word_1_355' title='bbox 1333 3024 1426 3077; x_wconf 74' lang='grc' dir='ltr'><strong>καὶ</strong></span> <span class='ocrx_word' id='word_1_356' title='bbox 1473 3026 1637 3094; x_wconf 80' lang='grc' dir='ltr'>ἡμεῖς</span> <span class='ocrx_word' id='word_1_357' title='bbox 1668 3026 1789 3080; x_wconf 81' lang='grc' dir='ltr'>κατ’</span> <span class='ocrx_word' id='word_1_358' title='bbox 1839 3027 2002 3082; x_wconf 78' lang='grc' dir='ltr'>αὐτὸν</span> 
     </span>
    </p>
   </div>
   <div class='ocr_carea' id='block_1_47' title="bbox 418 3103 1998 3187">
    <p class='ocr_par' dir='ltr' id='par_1_47' title="bbox 418 3103 1998 3187">
     <span class='ocr_line' id='line_1_47' title="bbox 418 3103 1998 3187; baseline 0.011 -32"><span class='ocrx_word' id='word_1_359' title='bbox 418 3103 786 3178; x_wconf 82' lang='grc' dir='ltr'>διαμείνωμεν</span> <span class='ocrx_word' id='word_1_360' title='bbox 810 3106 887 3172; x_wconf 84' lang='grc' dir='ltr'>ὡς</span> <span class='ocrx_word' id='word_1_361' title='bbox 925 3108 985 3176; x_wconf 77' lang='grc' dir='ltr'><strong>ἐξ</strong></span> <span class='ocrx_word' id='word_1_362' title='bbox 1013 3111 1186 3183; x_wconf 81' lang='grc' dir='ltr'><strong>ἀρχῆς</strong></span> <span class='ocrx_word' id='word_1_363' title='bbox 1213 3113 1308 3166; x_wconf 77' lang='grc' dir='ltr'><strong>καὶ</strong></span> <span class='ocrx_word' id='word_1_364' title='bbox 1344 3113 1502 3186; x_wconf 77' lang='grc' dir='ltr'>ῥίζης</span> <span class='ocrx_word' id='word_1_365' title='bbox 1523 3115 1786 3187; x_wconf 79' lang='grc' dir='ltr'><strong>δευτέρας</strong></span> <span class='ocrx_word' id='word_1_366' title='bbox 1813 3117 1998 3184; x_wconf 80' lang='grc' dir='ltr'>αὐτοῦ,</span> 
     </span>
    </p>
   </div>
   <div class='ocr_carea' id='block_1_48' title="bbox 419 3191 1822 3277">
    <p class='ocr_par' dir='ltr' id='par_1_48' title="bbox 419 3191 1822 3277">
     <span class='ocr_line' id='line_1_48' title="bbox 419 3191 1822 3277; baseline 0.021 -33"><span class='ocrx_word' id='word_1_367' title='bbox 419 3191 664 3264; x_wconf 78' lang='grc' dir='ltr'>δηλονότι</span> <span class='ocrx_word' id='word_1_368' title='bbox 692 3198 1126 3274; x_wconf 76' lang='grc' dir='ltr'>καταϐαινούσης</span> <span class='ocrx_word' id='word_1_369' title='bbox 1159 3204 1240 3268; x_wconf 81' lang='grc' dir='ltr'><strong>είς</strong></span> <span class='ocrx_word' id='word_1_370' title='bbox 1265 3205 1416 3275; x_wconf 75' lang='grc' dir='ltr'><strong>ἡμᾶς</strong></span> <span class='ocrx_word' id='word_1_371' title='bbox 1453 3205 1552 3276; x_wconf 80' lang='grc' dir='ltr'><strong>τῆς</strong></span> <span class='ocrx_word' id='word_1_372' title='bbox 1578 3207 1822 3277; x_wconf 71' lang='grc' dir='ltr'><strong>χάριτος.</strong></span> 
     </span>
    </p>
   </div>
   <div class='ocr_carea' id='block_1_49' title="bbox 493 3474 1022 3546">
    <p class='ocr_par' dir='ltr' id='par_1_49' title="bbox 493 3474 1022 3546">
     <span class='ocr_line' id='line_1_49' title="bbox 493 3474 1022 3546; baseline 0.004 -19"><span class='ocrx_word' id='word_1_373' title='bbox 493 3474 554 3528; x_wconf 86' lang='grc' dir='ltr'><strong>Β.</strong></span> <span class='ocrx_word' id='word_1_374' title='bbox 594 3474 827 3545; x_wconf 77' lang='grc' dir='ltr'>’Δριστα</span> <span class='ocrx_word' id='word_1_375' title='bbox 869 3478 1022 3546; x_wconf 73' lang='grc' dir='ltr'><strong>ἔφης.</strong></span> 
     </span>
    </p>
   </div>
   <div class='ocr_carea' id='block_1_50' title="bbox 491 3564 2002 3639">
    <p class='ocr_par' dir='ltr' id='par_1_50' title="bbox 491 3564 2002 3639">
     <span class='ocr_line' id='line_1_50' title="bbox 491 3564 2002 3639; baseline 0.003 -21"><span class='ocrx_word' id='word_1_376' title='bbox 491 3567 558 3621; x_wconf 79' lang='grc' dir='ltr'><strong>Δ.</strong></span> <span class='ocrx_word' id='word_1_377' title='bbox 597 3566 730 3618; x_wconf 88' lang='grc' dir='ltr'>Τίνα</span> <span class='ocrx_word' id='word_1_378' title='bbox 782 3564 840 3619; x_wconf 81' lang='grc' dir='ltr'>δὲ</span> <span class='ocrx_word' id='word_1_379' title='bbox 886 3567 1088 3636; x_wconf 72' lang='grc' dir='ltr'>τρόπον</span> <span class='ocrx_word' id='word_1_380' title='bbox 1137 3568 1232 3622; x_wconf 77' lang='grc' dir='ltr'><strong>καὶ</strong></span> <span class='ocrx_word' id='word_1_381' title='bbox 1259 3566 1577 3639; x_wconf 83' lang='grc' dir='ltr'><strong>ὠμοιῶσθαί</strong></span> <span class='ocrx_word' id='word_1_382' title='bbox 1619 3585 1785 3638; x_wconf 86' lang='grc' dir='ltr'>φασιν</span> <span class='ocrx_word' id='word_1_383' title='bbox 1839 3569 2002 3622; x_wconf 77' lang='grc' dir='ltr'>αὐτὸν</span> 
     </span>
    </p>
   </div>
   <div class='ocr_carea' id='block_1_51' title="bbox 421 3651 2000 3728">
    <p class='ocr_par' dir='ltr' id='par_1_51' title="bbox 421 3651 2000 3728">
     <span class='ocr_line' id='line_1_51' title="bbox 421 3651 2000 3728; baseline 0.003 -23"><span class='ocrx_word' id='word_1_384' title='bbox 421 3651 568 3706; x_wconf 74' lang='grc' dir='ltr'>κατὰ</span> <span class='ocrx_word' id='word_1_385' title='bbox 609 3655 787 3708; x_wconf 85' lang='grc' dir='ltr'>πάντα</span> <span class='ocrx_word' id='word_1_386' title='bbox 828 3656 942 3717; x_wconf 85' lang='grc' dir='ltr'>τοῖς</span> <span class='ocrx_word' id='word_1_387' title='bbox 991 3655 1260 3724; x_wconf 81' lang='grc' dir='ltr'><strong>ἀδελφοῖς,</strong></span> <span class='ocrx_word' id='word_1_388' title='bbox 1304 3657 1583 3710; x_wconf 85' lang='grc' dir='ltr'><strong>τουτέστιν</strong></span> <span class='ocrx_word' id='word_1_389' title='bbox 1621 3659 1788 3727; x_wconf 86' lang='grc' dir='ltr'><strong>ήμῖν;</strong></span> <span class='ocrx_word' id='word_1_390' title='bbox 1838 3658 1870 3728; x_wconf 86' lang='grc' dir='ltr'>ἢ</span> <span class='ocrx_word' id='word_1_391' title='bbox 1906 3657 2000 3710; x_wconf 80' lang='grc' dir='ltr'>καὶ</span> 
     </span>
    </p>
   </div>
   <div class='ocr_carea' id='block_1_52' title="bbox 418 3745 2000 3820">
    <p class='ocr_par' dir='ltr' id='par_1_52' title="bbox 418 3745 2000 3820">
     <span class='ocr_line' id='line_1_52' title="bbox 418 3745 2000 3820; baseline 0.003 -23"><span class='ocrx_word' id='word_1_392' title='bbox 418 3745 507 3808; x_wconf 84' lang='grc' dir='ltr'><strong>τίς</strong></span> <span class='ocrx_word' id='word_1_393' title='bbox 545 3745 681 3809; x_wconf 83' lang='grc' dir='ltr'><strong>ὅλως</strong></span> <span class='ocrx_word' id='word_1_394' title='bbox 717 3746 877 3800; x_wconf 87' lang='grc' dir='ltr'>νοοίτ’</span> <span class='ocrx_word' id='word_1_395' title='bbox 916 3746 983 3801; x_wconf 82' lang='grc' dir='ltr'><strong>ἂν</strong></span> <span class='ocrx_word' id='word_1_396' title='bbox 1023 3749 1052 3800; x_wconf 87' lang='lat'><strong>6</strong></span> <span class='ocrx_word' id='word_1_397' title='bbox 1085 3747 1186 3818; x_wconf 83' lang='grc' dir='ltr'>τὴν</span> <span class='ocrx_word' id='word_1_398' title='bbox 1229 3748 1489 3818; x_wconf 84' lang='grc' dir='ltr'><strong>ὁμοίωσιν</strong></span> <span class='ocrx_word' id='word_1_399' title='bbox 1533 3748 1816 3815; x_wconf 81' lang='grc' dir='ltr'>ὑπελθὼν,</span> <span class='ocrx_word' id='word_1_400' title='bbox 1845 3751 1896 3802; x_wconf 82' lang='grc' dir='ltr'>εί</span> <span class='ocrx_word' id='word_1_401' title='bbox 1925 3747 2000 3820; x_wconf 82' lang='grc' dir='ltr'><strong>μὴ</strong></span> 
     </span>
    </p>
   </div>
   <div class='ocr_carea' id='block_1_53' title="bbox 415 3833 1996 3909">
    <p class='ocr_par' dir='ltr' id='par_1_53' title="bbox 415 3833 1996 3909">
     <span class='ocr_line' id='line_1_53' title="bbox 415 3833 1996 3909; baseline 0.003 -22"><span class='ocrx_word' id='word_1_402' title='bbox 415 3835 564 3888; x_wconf 75' lang='grc' dir='ltr'>κατὰ</span> <span class='ocrx_word' id='word_1_403' title='bbox 591 3835 750 3904; x_wconf 86' lang='grc' dir='ltr'>φύσιν</span> <span class='ocrx_word' id='word_1_404' title='bbox 769 3836 953 3905; x_wconf 73' lang='grc' dir='ltr'>ἕτερος</span> <span class='ocrx_word' id='word_1_405' title='bbox 973 3833 1063 3908; x_wconf 79' lang='grc' dir='ltr'>ἦν,</span> <span class='ocrx_word' id='word_1_406' title='bbox 1094 3838 1188 3892; x_wconf 58' lang='grc' dir='ltr'><strong>καὶ⁵</strong></span> <span class='ocrx_word' id='word_1_407' title='bbox 1218 3838 1319 3892; x_wconf 82' lang='grc' dir='ltr'><strong>οὐκ</strong></span> <span class='ocrx_word' id='word_1_408' title='bbox 1356 3837 1413 3890; x_wconf 81' lang='grc' dir='ltr'><strong>ἐν</strong></span> <span class='ocrx_word' id='word_1_409' title='bbox 1435 3854 1498 3907; x_wconf 87' lang='grc' dir='ltr'><strong>γε</strong></span> <span class='ocrx_word' id='word_1_410' title='bbox 1523 3839 1636 3901; x_wconf 85' lang='grc' dir='ltr'>τοῖς</span> <span class='ocrx_word' id='word_1_411' title='bbox 1667 3837 1790 3892; x_wconf 81' lang='grc' dir='ltr'>καθ’</span> <span class='ocrx_word' id='word_1_412' title='bbox 1815 3839 1996 3909; x_wconf 55' lang='lat' dir='ltr'><strong>quas;</strong></span> 
     </span>
    </p>
   </div>
   <div class='ocr_carea' id='block_1_54' title="bbox 416 3925 1998 4001">
    <p class='ocr_par' dir='ltr' id='par_1_54' title="bbox 416 3925 1998 4001">
     <span class='ocr_line' id='line_1_54' title="bbox 416 3925 1998 4001; baseline 0.001 -21"><span class='ocrx_word' id='word_1_413' title='bbox 416 3927 495 3980; x_wconf 82' lang='lat' dir='ltr'><strong>T6</strong></span> <span class='ocrx_word' id='word_1_414' title='bbox 549 3928 657 3999; x_wconf 85' lang='grc' dir='ltr'><strong>γάρ</strong></span> <span class='ocrx_word' id='word_1_415' title='bbox 699 3929 763 3997; x_wconf 83' lang='grc' dir='ltr'><strong><em>γὲ</em></strong></span> <span class='ocrx_word' id='word_1_416' title='bbox 807 3945 952 3982; x_wconf 86' lang='grc' dir='ltr'>τισιν</span> <span class='ocrx_word' id='word_1_417' title='bbox 1005 3929 1382 4001; x_wconf 82' lang='grc' dir='ltr'><strong>ὁμοιούμενον,</strong></span> <span class='ocrx_word' id='word_1_418' title='bbox 1421 3925 1560 3984; x_wconf 77' lang='grc' dir='ltr'>εἶναι</span> <span class='ocrx_word' id='word_1_419' title='bbox 1611 3946 1714 3982; x_wconf 85' lang='grc' dir='ltr'><strong>που</strong></span> <span class='ocrx_word' id='word_1_420' title='bbox 1779 3929 1998 3992; x_wconf 85' lang='grc' dir='ltr'>πάντως</span> 
     </span>
    </p>
   </div>
   <div class='ocr_carea' id='block_1_55' title="bbox 415 4019 1996 4092">
    <p class='ocr_par' dir='ltr' id='par_1_55' title="bbox 415 4019 1996 4092">
     <span class='ocr_line' id='line_1_55' title="bbox 415 4019 1996 4092; baseline 0.001 -20"><span class='ocrx_word' id='word_1_421' title='bbox 415 4019 634 4089; x_wconf 77' lang='grc' dir='ltr'>ἀνάγκη</span> <span class='ocrx_word' id='word_1_422' title='bbox 664 4021 920 4092; x_wconf 76' lang='grc' dir='ltr'>διάφορον</span> <span class='ocrx_word' id='word_1_423' title='bbox 943 4023 1073 4091; x_wconf 79' lang='grc' dir='ltr'>παρ’</span> <span class='ocrx_word' id='word_1_424' title='bbox 1104 4022 1323 4087; x_wconf 77' lang='grc' dir='ltr'>αὐτοὺς,</span> <span class='ocrx_word' id='word_1_425' title='bbox 1349 4023 1444 4077; x_wconf 73' lang='grc' dir='ltr'><strong>καὶ</strong></span> <span class='ocrx_word' id='word_1_426' title='bbox 1468 4021 1568 4076; x_wconf 81' lang='grc' dir='ltr'>οὐκ</span> <span class='ocrx_word' id='word_1_427' title='bbox 1585 4020 1760 4086; x_wconf 77' lang='grc' dir='ltr'>ἐοικὸς</span> <span class='ocrx_word' id='word_1_428' title='bbox 1791 4022 1996 4089; x_wconf 78' lang='grc' dir='ltr'>αὐτοῖς,</span> 
     </span>
    </p>
   </div>
   <div class='ocr_carea' id='block_1_56' title="bbox 415 4111 1998 4185">
    <p class='ocr_par' dir='ltr' id='par_1_56' title="bbox 415 4111 1998 4185">
     <span class='ocr_line' id='line_1_56' title="bbox 415 4111 1998 4185; baseline 0.003 -22"><span class='ocrx_word' id='word_1_429' title='bbox 415 4111 715 4182; x_wconf 77' lang='grc' dir='ltr'>ἑτεροειδὲς</span> <span class='ocrx_word' id='word_1_430' title='bbox 761 4112 817 4166; x_wconf 80' lang='grc' dir='ltr'>δὲ</span> <span class='ocrx_word' id='word_1_431' title='bbox 867 4113 1090 4182; x_wconf 84' lang='grc' dir='ltr'>μᾶλλον,</span> <span class='ocrx_word' id='word_1_432' title='bbox 1131 4112 1308 4167; x_wconf 85' lang='grc' dir='ltr'>εῐτουν</span> <span class='ocrx_word' id='word_1_433' title='bbox 1359 4115 1673 4185; x_wconf 71' lang='grc' dir='ltr'>ἐτεροιρυές.</span> <span class='ocrx_word' id='word_1_434' title='bbox 1722 4113 1998 4184; x_wconf 79' lang='grc' dir='ltr'><strong>Ἀνόμοιος</strong></span> 
     </span>
    </p>
   </div>
   <div class='ocr_carea' id='block_1_57' title="bbox 414 4204 1994 4278">
    <p class='ocr_par' dir='ltr' id='par_1_57' title="bbox 414 4204 1994 4278">
     <span class='ocr_line' id='line_1_57' title="bbox 414 4204 1994 4278; baseline 0.004 -23"><span class='ocrx_word' id='word_1_435' title='bbox 414 4204 598 4257; x_wconf 84' lang='grc' dir='ltr'>τοίνυν</span> <span class='ocrx_word' id='word_1_436' title='bbox 661 4204 923 4276; x_wconf 81' lang='grc' dir='ltr'><strong>ὑπάρχων</strong></span> <span class='ocrx_word' id='word_1_437' title='bbox 973 4207 1104 4276; x_wconf 82' lang='grc' dir='ltr'><strong>ἡμῖν</strong></span> <span class='ocrx_word' id='word_1_438' title='bbox 1164 4205 1308 4259; x_wconf 83' lang='grc' dir='ltr'>κατὰ</span> <span class='ocrx_word' id='word_1_439' title='bbox 1355 4207 1518 4277; x_wconf 81' lang='grc' dir='ltr'>φύσιν</span> <span class='ocrx_word' id='word_1_440' title='bbox 1561 4209 1591 4260; x_wconf 89' lang='lat'><strong>6</strong></span> <span class='ocrx_word' id='word_1_441' title='bbox 1646 4208 1956 4278; x_wconf 80' lang='grc' dir='ltr'>Μονογενὴς</span> <span class='ocrx_word' id='word_1_442' title='bbox 1979 4248 1994 4272; x_wconf 90' lang='grc'><strong>,</strong></span> 
     </span>
    </p>
   </div>
   <div class='ocr_carea' id='block_1_58' title="bbox 412 4294 1996 4369">
    <p class='ocr_par' dir='ltr' id='par_1_58' title="bbox 412 4294 1996 4369">
     <span class='ocr_line' id='line_1_58' title="bbox 412 4294 1996 4369; baseline 0.003 -24"><span class='ocrx_word' id='word_1_443' title='bbox 412 4294 734 4364; x_wconf 81' lang='grc' dir='ltr'>ὡμοιῶσθαι</span> <span class='ocrx_word' id='word_1_444' title='bbox 779 4296 996 4366; x_wconf 84' lang='grc' dir='ltr'>λέγεται</span> <span class='ocrx_word' id='word_1_445' title='bbox 1038 4296 1280 4366; x_wconf 87' lang='grc' dir='ltr'>γεγονὼς</span> <span class='ocrx_word' id='word_1_446' title='bbox 1329 4297 1449 4352; x_wconf 80' lang='grc' dir='ltr'>καθ’</span> <span class='ocrx_word' id='word_1_447' title='bbox 1501 4299 1683 4369; x_wconf 80' lang='grc' dir='ltr'>ἡμᾶς,</span> <span class='ocrx_word' id='word_1_448' title='bbox 1719 4299 1996 4351; x_wconf 82' lang='grc' dir='ltr'>τουτέστιν</span> 
     </span>
    </p>
   </div>
   <div class='ocr_carea' id='block_1_59' title="bbox 413 4383 1996 4460">
    <p class='ocr_par' dir='ltr' id='par_1_59' title="bbox 413 4383 1996 4460">
     <span class='ocr_line' id='line_1_59' title="bbox 413 4383 1996 4460; baseline 0.003 -22"><span class='ocrx_word' id='word_1_449' title='bbox 413 4383 723 4454; x_wconf 80' lang='grc' dir='ltr'><strong>ἄνθρωπος.</strong></span> <span class='ocrx_word' id='word_1_450' title='bbox 758 4387 973 4442; x_wconf 84' lang='grc' dir='ltr'>Γένοιτο</span> <span class='ocrx_word' id='word_1_451' title='bbox 1000 4388 1045 4441; x_wconf 75' lang='grc' dir='ltr'>δ”</span> <span class='ocrx_word' id='word_1_452' title='bbox 1086 4387 1151 4442; x_wconf 79' lang='grc' dir='ltr'>ἂν</span> <span class='ocrx_word' id='word_1_453' title='bbox 1178 4387 1335 4442; x_wconf 83' lang='grc' dir='ltr'>τοῦτο</span> <span class='ocrx_word' id='word_1_454' title='bbox 1367 4390 1464 4443; x_wconf 76' lang='grc' dir='ltr'><strong>καὶ</strong></span> <span class='ocrx_word' id='word_1_455' title='bbox 1489 4390 1650 4458; x_wconf 20' lang='grc' dir='ltr'>,μάλα</span> <span class='ocrx_word' id='word_1_456' title='bbox 1691 4389 1868 4460; x_wconf 81' lang='grc' dir='ltr'>ὀρθῶς</span> <span class='ocrx_word' id='word_1_457' title='bbox 1901 4391 1996 4442; x_wconf 78' lang='grc' dir='ltr'><strong>καὶ</strong></span> 
     </span>
    </p>
   </div>
   <div class='ocr_carea' id='block_1_60' title="bbox 2108 1919 3688 1989">
    <p class='ocr_par' dir='ltr' id='par_1_60' title="bbox 2108 1919 3688 1989">
     <span class='ocr_line' id='line_1_60' title="bbox 2108 1919 3688 1989; baseline 0.003 -19"><span class='ocrx_word' id='word_1_458' title='bbox 2108 1919 2384 1989; x_wconf 83' lang='lat' dir='ltr'><strong>quidpiam</strong></span> <span class='ocrx_word' id='word_1_459' title='bbox 2415 1919 2676 1986; x_wconf 83' lang='lat' dir='ltr'><strong>sentiens,</strong></span> <span class='ocrx_word' id='word_1_460' title='bbox 2708 1919 2834 1974; x_wconf 88' lang='lat' dir='ltr'><strong>alibi</strong></span> <span class='ocrx_word' id='word_1_461' title='bbox 2861 1921 2935 1974; x_wconf 85' lang='lat' dir='ltr'><strong>ita</strong></span> <span class='ocrx_word' id='word_1_462' title='bbox 2997 1928 3144 1974; x_wconf 87' lang='lat' dir='ltr'><strong>recte</strong></span> <span class='ocrx_word' id='word_1_463' title='bbox 3187 1921 3476 1974; x_wconf 88' lang='lat' dir='ltr'><strong>admodum</strong></span> <span class='ocrx_word' id='word_1_464' title='bbox 3515 1921 3688 1974; x_wconf 74' lang='lat' dir='ltr'><strong>dixis-</strong></span> 
     </span>
    </p>
   </div>
   <div class='ocr_carea' id='block_1_61' title="bbox 2107 2011 3688 2082">
    <p class='ocr_par' dir='ltr' id='par_1_61' title="bbox 2107 2011 3688 2082">
     <span class='ocr_line' id='line_1_61' title="bbox 2107 2011 3688 2082; baseline 0 -16"><span class='ocrx_word' id='word_1_465' title='bbox 2107 2025 2209 2067; x_wconf 88' lang='lat' dir='ltr'><strong>se:</strong></span> <span class='ocrx_word' id='word_1_466' title='bbox 2251 2029 2273 2062; x_wconf 82' lang='grc'>‹</span> <span class='ocrx_word' id='word_1_467' title='bbox 2303 2011 2773 2078; x_wconf 78' lang='lat' dir='ltr'><strong>Quemadmodum</strong></span> <span class='ocrx_word' id='word_1_468' title='bbox 2819 2011 2965 2065; x_wconf 83' lang='lat' dir='ltr'><strong>enim</strong></span> <span class='ocrx_word' id='word_1_469' title='bbox 3008 2012 3345 2082; x_wconf 78' lang='lat' dir='ltr'><strong>portavimus</strong></span> <span class='ocrx_word' id='word_1_470' title='bbox 3394 2013 3688 2082; x_wconf 72' lang='lat' dir='ltr'><strong>imaginem</strong></span> 
     </span>
    </p>
   </div>
   <div class='ocr_carea' id='block_1_62' title="bbox 2108 2103 3685 2173">
    <p class='ocr_par' dir='ltr' id='par_1_62' title="bbox 2108 2103 3685 2173">
     <span class='ocr_line' id='line_1_62' title="bbox 2108 2103 3685 2173; baseline 0 -16"><span class='ocrx_word' id='word_1_471' title='bbox 2108 2104 2330 2170; x_wconf 83' lang='lat' dir='ltr'><strong>terreni,</strong></span> <span class='ocrx_word' id='word_1_472' title='bbox 2363 2103 2702 2172; x_wconf 82' lang='lat' dir='ltr'><strong>portabimus</strong></span> <span class='ocrx_word' id='word_1_473' title='bbox 2730 2103 2897 2158; x_wconf 82' lang='lat' dir='ltr'><strong>etiam</strong></span> <span class='ocrx_word' id='word_1_474' title='bbox 2934 2105 3222 2173; x_wconf 72' lang='lat' dir='ltr'><strong>imaginem</strong></span> <span class='ocrx_word' id='word_1_475' title='bbox 3283 2103 3524 2160; x_wconf 61' lang='lat' dir='ltr'><strong>coelestia</strong></span> <span class='ocrx_word' id='word_1_476' title='bbox 3579 2104 3627 2158; x_wconf 79' lang='grc'><strong>³.</strong></span> <span class='ocrx_word' id='word_1_477' title='bbox 3663 2123 3685 2157; x_wconf 71' lang='grc' dir='ltr'>ι</span> 
     </span>
    </p>
   </div>
   <div class='ocr_carea' id='block_1_63' title="bbox 2107 2193 3694 2266">
    <p class='ocr_par' dir='ltr' id='par_1_63' title="bbox 2107 2193 3694 2266">
     <span class='ocr_line' id='line_1_63' title="bbox 2107 2193 3694 2266; baseline 0.001 -18"><span class='ocrx_word' id='word_1_478' title='bbox 2107 2193 2176 2248; x_wconf 88' lang='grc' dir='ltr'><strong>Ει</strong></span> <span class='ocrx_word' id='word_1_479' title='bbox 2201 2197 2438 2266; x_wconf 76' lang='lat' dir='ltr'><strong>primum</strong></span> <span class='ocrx_word' id='word_1_480' title='bbox 2477 2195 2695 2265; x_wconf 76' lang='lat' dir='ltr'><strong>quidem</strong></span> <span class='ocrx_word' id='word_1_481' title='bbox 2740 2195 3011 2251; x_wconf 80' lang='lat' dir='ltr'><strong>hominem</strong></span> <span class='ocrx_word' id='word_1_482' title='bbox 3047 2211 3112 2250; x_wconf 89' lang='lat' dir='ltr'><strong>ex</strong></span> <span class='ocrx_word' id='word_1_483' title='bbox 3154 2205 3320 2260; x_wconf 84' lang='lat' dir='ltr'><strong>terra,</strong></span> <span class='ocrx_word' id='word_1_484' title='bbox 3351 2196 3488 2251; x_wconf 86' lang='lat' dir='ltr'><strong>dixit</strong></span> <span class='ocrx_word' id='word_1_485' title='bbox 3526 2205 3694 2250; x_wconf 82' lang='lat' dir='ltr'><strong>terre-</strong></span> 
     </span>
    </p>
   </div>
   <div class='ocr_carea' id='block_1_64' title="bbox 2106 2285 3692 2358">
    <p class='ocr_par' dir='ltr' id='par_1_64' title="bbox 2106 2285 3692 2358">
     <span class='ocr_line' id='line_1_64' title="bbox 2106 2285 3692 2358; baseline 0 -15"><span class='ocrx_word' id='word_1_486' title='bbox 2106 2304 2268 2354; x_wconf 86' lang='lat' dir='ltr'><strong>num;</strong></span> <span class='ocrx_word' id='word_1_487' title='bbox 2299 2290 2594 2344; x_wconf 79' lang='lat' dir='ltr'><strong>secundum</strong></span> <span class='ocrx_word' id='word_1_488' title='bbox 2616 2299 2744 2343; x_wconf 80' lang='lat' dir='ltr'><strong>vero</strong></span> <span class='ocrx_word' id='word_1_489' title='bbox 2765 2303 2830 2343; x_wconf 83' lang='lat' dir='ltr'><strong>ex</strong></span> <span class='ocrx_word' id='word_1_490' title='bbox 2859 2287 3018 2353; x_wconf 65' lang='lat' dir='ltr'><strong>colo,</strong></span> <span class='ocrx_word' id='word_1_491' title='bbox 3043 2287 3342 2342; x_wconf 75' lang='lat' dir='ltr'><strong>ctelestem.</strong></span> <span class='ocrx_word' id='word_1_492' title='bbox 3377 2305 3396 2338; x_wconf 75' lang='grc' dir='ltr'>ι</span> <span class='ocrx_word' id='word_1_493' title='bbox 3425 2285 3531 2342; x_wconf 87' lang='lat' dir='ltr'><strong>Sed</strong></span> <span class='ocrx_word' id='word_1_494' title='bbox 3552 2301 3692 2358; x_wconf 85' lang='lat' dir='ltr'><strong>qua-</strong></span> 
     </span>
    </p>
   </div>
   <div class='ocr_carea' id='block_1_65' title="bbox 2107 2379 3685 2450">
    <p class='ocr_par' dir='ltr' id='par_1_65' title="bbox 2107 2379 3685 2450">
     <span class='ocr_line' id='line_1_65' title="bbox 2107 2379 3685 2450; baseline -0.001 -14"><span class='ocrx_word' id='word_1_495' title='bbox 2107 2380 2172 2436; x_wconf 88' lang='lat' dir='ltr'><strong>lis</strong></span> <span class='ocrx_word' id='word_1_496' title='bbox 2208 2391 2476 2446; x_wconf 83' lang='lat' dir='ltr'><strong>terrenus,</strong></span> <span class='ocrx_word' id='word_1_497' title='bbox 2531 2379 2666 2437; x_wconf 86' lang='lat' dir='ltr'><strong>tales</strong></span> <span class='ocrx_word' id='word_1_498' title='bbox 2721 2390 2778 2434; x_wconf 91' lang='lat' dir='ltr'><strong>et</strong></span> <span class='ocrx_word' id='word_1_499' title='bbox 2835 2381 3076 2444; x_wconf 84' lang='lat' dir='ltr'><strong>terreni;</strong></span> <span class='ocrx_word' id='word_1_500' title='bbox 3126 2389 3182 2436; x_wconf 85' lang='lat' dir='ltr'><strong>et</strong></span> <span class='ocrx_word' id='word_1_501' title='bbox 3223 2380 3685 2450; x_wconf 75' lang='lat' dir='ltr'><strong>qualiscmlestis,</strong></span> 
     </span>
    </p>
   </div>
   <div class='ocr_carea' id='block_1_66' title="bbox 2107 2471 3690 2540">
    <p class='ocr_par' dir='ltr' id='par_1_66' title="bbox 2107 2471 3690 2540">
     <span class='ocr_line' id='line_1_66' title="bbox 2107 2471 3690 2540; baseline 0 -12"><span class='ocrx_word' id='word_1_502' title='bbox 2107 2474 2241 2529; x_wconf 84' lang='lat' dir='ltr'><strong>tales</strong></span> <span class='ocrx_word' id='word_1_503' title='bbox 2269 2482 2324 2529; x_wconf 88' lang='lat' dir='ltr'><strong>et</strong></span> <span class='ocrx_word' id='word_1_504' title='bbox 2367 2473 2644 2528; x_wconf 59' lang='lat' dir='ltr'><strong>caelestes.</strong></span> <span class='ocrx_word' id='word_1_505' title='bbox 2683 2491 2704 2525; x_wconf 78' lang='grc' dir='ltr'>ι</span> <span class='ocrx_word' id='word_1_506' title='bbox 2737 2471 2962 2528; x_wconf 83' lang='lat' dir='ltr'><strong>Terreni</strong></span> <span class='ocrx_word' id='word_1_507' title='bbox 3019 2473 3164 2528; x_wconf 89' lang='lat' dir='ltr'><strong>enim</strong></span> <span class='ocrx_word' id='word_1_508' title='bbox 3228 2488 3436 2539; x_wconf 88' lang='lat' dir='ltr'><strong>umus,</strong></span> <span class='ocrx_word' id='word_1_509' title='bbox 3503 2481 3690 2540; x_wconf 79' lang='lat' dir='ltr'><strong>utpote</strong></span> 
     </span>
    </p>
   </div>
   <div class='ocr_carea' id='block_1_67' title="bbox 2108 2561 3690 2618">
    <p class='ocr_par' dir='ltr' id='par_1_67' title="bbox 2108 2561 3690 2618">
     <span class='ocr_line' id='line_1_67' title="bbox 2108 2561 3690 2618; baseline 0.001 -2"><span class='ocrx_word' id='word_1_510' title='bbox 2108 2561 2424 2616; x_wconf 82' lang='lat' dir='ltr'><strong>transmissa</strong></span> <span class='ocrx_word' id='word_1_511' title='bbox 2454 2561 2507 2615; x_wconf 90' lang='lat' dir='ltr'><strong>in</strong></span> <span class='ocrx_word' id='word_1_512' title='bbox 2548 2576 2647 2616; x_wconf 88' lang='lat' dir='ltr'><strong>nos</strong></span> <span class='ocrx_word' id='word_1_513' title='bbox 2703 2577 2770 2616; x_wconf 88' lang='lat' dir='ltr'><strong>ex</strong></span> <span class='ocrx_word' id='word_1_514' title='bbox 2818 2572 3034 2617; x_wconf 84' lang='lat' dir='ltr'><strong>terreno</strong></span> <span class='ocrx_word' id='word_1_515' title='bbox 3080 2562 3254 2617; x_wconf 80' lang='lat' dir='ltr'><strong>Adam</strong></span> <span class='ocrx_word' id='word_1_516' title='bbox 3306 2562 3690 2618; x_wconf 81' lang='lat' dir='ltr'><strong>maledic-tione</strong></span> 
     </span>
    </p>
   </div>
   <div class='ocr_carea' id='block_1_68' title="bbox 2105 2653 3687 2726">
    <p class='ocr_par' dir='ltr' id='par_1_68' title="bbox 2105 2653 3687 2726">
     <span class='ocr_line' id='line_1_68' title="bbox 2105 2653 3687 2726; baseline 0.002 -19"><span class='ocrx_word' id='word_1_517' title='bbox 2105 2653 2492 2724; x_wconf 81' lang='lat' dir='ltr'><strong>corruptionis,</strong></span> <span class='ocrx_word' id='word_1_518' title='bbox 2527 2668 2811 2724; x_wconf 82' lang='lat' dir='ltr'><strong>perquam</strong></span> <span class='ocrx_word' id='word_1_519' title='bbox 2841 2665 2897 2710; x_wconf 83' lang='lat' dir='ltr'><strong>et</strong></span> <span class='ocrx_word' id='word_1_520' title='bbox 2921 2655 3004 2709; x_wconf 88' lang='lat' dir='ltr'><strong>lex</strong></span> <span class='ocrx_word' id='word_1_521' title='bbox 3035 2656 3247 2725; x_wconf 80' lang='lat' dir='ltr'><strong>peccati</strong></span> <span class='ocrx_word' id='word_1_522' title='bbox 3283 2656 3534 2726; x_wconf 79' lang='lat' dir='ltr'><strong>irrepsit,</strong></span> <span class='ocrx_word' id='word_1_523' title='bbox 3565 2670 3687 2726; x_wconf 68' lang='lat' dir='ltr'><strong>quat</strong></span> 
     </span>
    </p>
   </div>
   <div class='ocr_carea' id='block_1_69' title="bbox 2103 2744 3686 2811">
    <p class='ocr_par' dir='ltr' id='par_1_69' title="bbox 2103 2744 3686 2811">
     <span class='ocr_line' id='line_1_69' title="bbox 2103 2744 3686 2811; baseline 0 -12"><span class='ocrx_word' id='word_1_524' title='bbox 2103 2754 2184 2799; x_wconf 84' lang='lat' dir='ltr'><strong>est</strong></span> <span class='ocrx_word' id='word_1_525' title='bbox 2212 2745 2264 2798; x_wconf 91' lang='lat' dir='ltr'><strong>iu</strong></span> <span class='ocrx_word' id='word_1_526' title='bbox 2293 2747 2553 2801; x_wconf 83' lang='lat' dir='ltr'><strong>membris</strong></span> <span class='ocrx_word' id='word_1_527' title='bbox 2584 2747 2786 2800; x_wconf 80' lang='lat' dir='ltr'><strong>carnis.</strong></span> <span class='ocrx_word' id='word_1_528' title='bbox 2818 2744 3081 2801; x_wconf 81' lang='lat' dir='ltr'><strong>Coelestes</strong></span> <span class='ocrx_word' id='word_1_529' title='bbox 3097 2757 3275 2802; x_wconf 86' lang='lat' dir='ltr'><strong>autem</strong></span> <span class='ocrx_word' id='word_1_530' title='bbox 3299 2747 3436 2803; x_wconf 77' lang='lat' dir='ltr'><strong>facti</strong></span> <span class='ocrx_word' id='word_1_531' title='bbox 3475 2763 3686 2811; x_wconf 79' lang='lat' dir='ltr'><strong>sumus,</strong></span> 
     </span>
    </p>
   </div>
   <div class='ocr_carea' id='block_1_70' title="bbox 2105 2836 3684 2904">
    <p class='ocr_par' dir='ltr' id='par_1_70' title="bbox 2105 2836 3684 2904">
     <span class='ocr_line' id='line_1_70' title="bbox 2105 2836 3684 2904; baseline -0.002 -14"><span class='ocrx_word' id='word_1_532' title='bbox 2105 2838 2156 2890; x_wconf 94' lang='lat' dir='ltr'><strong>in</strong></span> <span class='ocrx_word' id='word_1_533' title='bbox 2179 2836 2398 2892; x_wconf 87' lang='lat' dir='ltr'><strong>Christo</strong></span> <span class='ocrx_word' id='word_1_534' title='bbox 2421 2837 2474 2892; x_wconf 93' lang='lat' dir='ltr'><strong>id</strong></span> <span class='ocrx_word' id='word_1_535' title='bbox 2497 2838 2794 2893; x_wconf 87' lang='lat' dir='ltr'><strong>consecuti.</strong></span> <span class='ocrx_word' id='word_1_536' title='bbox 2831 2838 2972 2893; x_wconf 87' lang='lat' dir='ltr'><strong>Deus</strong></span> <span class='ocrx_word' id='word_1_537' title='bbox 2995 2839 3142 2893; x_wconf 86' lang='lat' dir='ltr'><strong>enim</strong></span> <span class='ocrx_word' id='word_1_538' title='bbox 3165 2840 3442 2894; x_wconf 85' lang='lat' dir='ltr'><strong>exsistens</strong></span> <span class='ocrx_word' id='word_1_539' title='bbox 3471 2848 3684 2904; x_wconf 71' lang='lat' dir='ltr'><strong>natura,</strong></span> 
     </span>
    </p>
   </div>
   <div class='ocr_carea' id='block_1_71' title="bbox 2101 2927 3684 3000">
    <p class='ocr_par' dir='ltr' id='par_1_71' title="bbox 2101 2927 3684 3000">
     <span class='ocr_line' id='line_1_71' title="bbox 2101 2927 3684 3000; baseline 0.002 -19"><span class='ocrx_word' id='word_1_540' title='bbox 2101 2938 2157 2981; x_wconf 89' lang='lat' dir='ltr'><strong>et</strong></span> <span class='ocrx_word' id='word_1_541' title='bbox 2185 2943 2248 2982; x_wconf 88' lang='lat' dir='ltr'><strong>ex</strong></span> <span class='ocrx_word' id='word_1_542' title='bbox 2287 2927 2395 2984; x_wconf 88' lang='lat' dir='ltr'><strong>Deo</strong></span> <span class='ocrx_word' id='word_1_543' title='bbox 2416 2937 2580 2998; x_wconf 86' lang='lat' dir='ltr'><strong>atque</strong></span> <span class='ocrx_word' id='word_1_544' title='bbox 2607 2943 2674 2983; x_wconf 89' lang='lat' dir='ltr'><strong>ex</strong></span> <span class='ocrx_word' id='word_1_545' title='bbox 2701 2931 2973 3000; x_wconf 88' lang='lat' dir='ltr'><strong>supernis,</strong></span> <span class='ocrx_word' id='word_1_546' title='bbox 3039 2931 3338 2992; x_wconf 69' lang='lat' dir='ltr'><strong>descendit;</strong></span> <span class='ocrx_word' id='word_1_547' title='bbox 3361 2932 3427 2986; x_wconf 89' lang='lat' dir='ltr'><strong>ad</strong></span> <span class='ocrx_word' id='word_1_548' title='bbox 3475 2941 3684 2996; x_wconf 88' lang='lat' dir='ltr'><strong>nostra,</strong></span> 
     </span>
    </p>
   </div>
   <div class='ocr_carea' id='block_1_72' title="bbox 2104 3019 3684 3090">
    <p class='ocr_par' dir='ltr' id='par_1_72' title="bbox 2104 3019 3684 3090">
     <span class='ocr_line' id='line_1_72' title="bbox 2104 3019 3684 3090; baseline 0.003 -18"><span class='ocrx_word' id='word_1_549' title='bbox 2104 3035 2241 3075; x_wconf 90' lang='lat' dir='ltr'><strong>novo</strong></span> <span class='ocrx_word' id='word_1_550' title='bbox 2269 3030 2430 3089; x_wconf 84' lang='lat' dir='ltr'><strong>atque</strong></span> <span class='ocrx_word' id='word_1_551' title='bbox 2475 3019 2736 3074; x_wconf 85' lang='lat' dir='ltr'><strong>inusitato</strong></span> <span class='ocrx_word' id='word_1_552' title='bbox 2771 3034 2924 3076; x_wconf 87' lang='lat' dir='ltr'><strong>more</strong></span> <span class='ocrx_word' id='word_1_553' title='bbox 2945 3021 3162 3090; x_wconf 70' lang='lat' dir='ltr'><strong>genitus</strong></span> <span class='ocrx_word' id='word_1_554' title='bbox 3208 3023 3508 3077; x_wconf 88' lang='lat' dir='ltr'><strong>secundum</strong></span> <span class='ocrx_word' id='word_1_555' title='bbox 3560 3037 3684 3077; x_wconf 87' lang='lat' dir='ltr'><strong>ear-</strong></span> 
     </span>
    </p>
   </div>
   <div class='ocr_carea' id='block_1_73' title="bbox 2106 3109 3683 3184">
    <p class='ocr_par' dir='ltr' id='par_1_73' title="bbox 2106 3109 3683 3184">
     <span class='ocr_line' id='line_1_73' title="bbox 2106 3109 3683 3184; baseline 0.004 -20"><span class='ocrx_word' id='word_1_556' title='bbox 2106 3125 2225 3166; x_wconf 85' lang='lat' dir='ltr'><strong>uem</strong></span> <span class='ocrx_word' id='word_1_557' title='bbox 2253 3110 2426 3164; x_wconf 73' lang='lat' dir='ltr'><strong>factus</strong></span> <span class='ocrx_word' id='word_1_558' title='bbox 2445 3119 2532 3166; x_wconf 88' lang='lat' dir='ltr'><strong>est</strong></span> <span class='ocrx_word' id='word_1_559' title='bbox 2577 3109 2834 3179; x_wconf 81' lang='lat' dir='ltr'><strong>Spiritus,</strong></span> <span class='ocrx_word' id='word_1_560' title='bbox 2885 3120 2942 3166; x_wconf 84' lang='lat' dir='ltr'><strong>ut</strong></span> <span class='ocrx_word' id='word_1_561' title='bbox 2974 3111 3231 3168; x_wconf 64' lang='lat' dir='ltr'><strong>videlicet</strong></span> <span class='ocrx_word' id='word_1_562' title='bbox 3283 3114 3459 3168; x_wconf 75' lang='lat' dir='ltr'><strong>sancti</strong></span> <span class='ocrx_word' id='word_1_563' title='bbox 3512 3123 3683 3184; x_wconf 80' lang='lat' dir='ltr'><strong>atque</strong></span> 
     </span>
    </p>
   </div>
   <div class='ocr_carea' id='block_1_74' title="bbox 2108 3201 3685 3272">
    <p class='ocr_par' dir='ltr' id='par_1_74' title="bbox 2108 3201 3685 3272">
     <span class='ocr_line' id='line_1_74' title="bbox 2108 3201 3685 3272; baseline 0.003 -16"><span class='ocrx_word' id='word_1_564' title='bbox 2108 3201 2546 3269; x_wconf 83' lang='lat' dir='ltr'><strong>incorruptibiles</strong></span> <span class='ocrx_word' id='word_1_565' title='bbox 2589 3201 2760 3256; x_wconf 85' lang='lat' dir='ltr'><strong>etiam</strong></span> <span class='ocrx_word' id='word_1_566' title='bbox 2817 3217 2918 3258; x_wconf 89' lang='lat' dir='ltr'><strong>nos</strong></span> <span class='ocrx_word' id='word_1_567' title='bbox 2964 3203 3018 3257; x_wconf 90' lang='lat' dir='ltr'><strong>in</strong></span> <span class='ocrx_word' id='word_1_568' title='bbox 3081 3204 3204 3272; x_wconf 81' lang='lat' dir='ltr'><strong>ipso</strong></span> <span class='ocrx_word' id='word_1_569' title='bbox 3273 3217 3590 3260; x_wconf 73' lang='lat' dir='ltr'><strong>mrieatuus</strong></span> <span class='ocrx_word' id='word_1_570' title='bbox 3616 3219 3685 3260; x_wconf 86' lang='lat' dir='ltr'><strong>ex</strong></span> 
     </span>
    </p>
   </div>
   <div class='ocr_carea' id='block_1_75' title="bbox 2110 3295 3686 3366">
    <p class='ocr_par' dir='ltr' id='par_1_75' title="bbox 2110 3295 3686 3366">
     <span class='ocr_line' id='line_1_75' title="bbox 2110 3295 3686 3366; baseline 0.003 -18"><span class='ocrx_word' id='word_1_571' title='bbox 2110 3295 2250 3364; x_wconf 86' lang='lat' dir='ltr'><strong>ipso,</strong></span> <span class='ocrx_word' id='word_1_572' title='bbox 2295 3303 2555 3363; x_wconf 82' lang='lat' dir='ltr'><strong>tanquam</strong></span> <span class='ocrx_word' id='word_1_573' title='bbox 2586 3310 2649 3350; x_wconf 81' lang='lat' dir='ltr'><strong>ex</strong></span> <span class='ocrx_word' id='word_1_574' title='bbox 2691 3295 2962 3366; x_wconf 82' lang='lat' dir='ltr'><strong>principio</strong></span> <span class='ocrx_word' id='word_1_575' title='bbox 2981 3303 3042 3350; x_wconf 81' lang='lat' dir='ltr'><strong>et</strong></span> <span class='ocrx_word' id='word_1_576' title='bbox 3095 3295 3281 3350; x_wconf 81' lang='lat' dir='ltr'><strong>rdice</strong></span> <span class='ocrx_word' id='word_1_577' title='bbox 3335 3297 3594 3361; x_wconf 82' lang='lat' dir='ltr'><strong>secunda,</strong></span> <span class='ocrx_word' id='word_1_578' title='bbox 3629 3297 3686 3353; x_wconf 88' lang='lat' dir='ltr'><strong>in</strong></span> 
     </span>
    </p>
   </div>
   <div class='ocr_carea' id='block_1_76' title="bbox 2106 3383 2779 3454">
    <p class='ocr_par' dir='ltr' id='par_1_76' title="bbox 2106 3383 2779 3454">
     <span class='ocr_line' id='line_1_76' title="bbox 2106 3383 2779 3454; baseline -0.003 -13"><span class='ocrx_word' id='word_1_579' title='bbox 2106 3401 2204 3441; x_wconf 88' lang='lat' dir='ltr'><strong>nos</strong></span> <span class='ocrx_word' id='word_1_580' title='bbox 2235 3383 2556 3440; x_wconf 84' lang='lat' dir='ltr'><strong>transmissa</strong></span> <span class='ocrx_word' id='word_1_581' title='bbox 2579 3387 2779 3454; x_wconf 67' lang='lat' dir='ltr'><strong>gratia.</strong></span> 
     </span>
    </p>
   </div>
   <div class='ocr_carea' id='block_1_77' title="bbox 2174 3477 2728 3548">
    <p class='ocr_par' dir='ltr' id='par_1_77' title="bbox 2174 3477 2728 3548">
     <span class='ocr_line' id='line_1_77' title="bbox 2174 3477 2728 3548; baseline 0.004 -18"><span class='ocrx_word' id='word_1_582' title='bbox 2174 3477 2235 3530; x_wconf 84' lang='lat' dir='ltr'><strong>B.</strong></span> <span class='ocrx_word' id='word_1_583' title='bbox 2275 3477 2492 3548; x_wconf 78' lang='lat' dir='ltr'><strong>Optime</strong></span> <span class='ocrx_word' id='word_1_584' title='bbox 2522 3479 2728 3532; x_wconf 77' lang='lat' dir='ltr'><strong>dixisti.</strong></span> 
     </span>
    </p>
   </div>
   <div class='ocr_carea' id='block_1_78' title="bbox 2172 3567 3686 3637">
    <p class='ocr_par' dir='ltr' id='par_1_78' title="bbox 2172 3567 3686 3637">
     <span class='ocr_line' id='line_1_78' title="bbox 2172 3567 3686 3637; baseline 0.001 -15"><span class='ocrx_word' id='word_1_585' title='bbox 2172 3569 2238 3622; x_wconf 77' lang='grc' dir='ltr'><strong>Α.</strong></span> <span class='ocrx_word' id='word_1_586' title='bbox 2273 3567 2522 3634; x_wconf 78' lang='lat' dir='ltr'><strong>Quonam</strong></span> <span class='ocrx_word' id='word_1_587' title='bbox 2557 3583 2687 3622; x_wconf 88' lang='lat' dir='ltr'><strong>vero</strong></span> <span class='ocrx_word' id='word_1_588' title='bbox 2726 3577 2882 3637; x_wconf 80' lang='lat' dir='ltr'><strong>pacto</strong></span> <span class='ocrx_word' id='word_1_589' title='bbox 2923 3567 3087 3622; x_wconf 78' lang='lat' dir='ltr'><strong>etiam</strong></span> <span class='ocrx_word' id='word_1_590' title='bbox 3109 3567 3347 3624; x_wconf 79' lang='lat' dir='ltr'><strong>similem</strong></span> <span class='ocrx_word' id='word_1_591' title='bbox 3386 3568 3559 3637; x_wconf 85' lang='lat' dir='ltr'><strong>ipsum</strong></span> <span class='ocrx_word' id='word_1_592' title='bbox 3601 3567 3686 3624; x_wconf 77' lang='lat' dir='ltr'><strong>fa-</strong></span> 
     </span>
    </p>
   </div>
   <div class='ocr_carea' id='block_1_79' title="bbox 2101 3659 3688 3726">
    <p class='ocr_par' dir='ltr' id='par_1_79' title="bbox 2101 3659 3688 3726">
     <span class='ocr_line' id='line_1_79' title="bbox 2101 3659 3688 3726; baseline -0.001 -10"><span class='ocrx_word' id='word_1_593' title='bbox 2101 3669 2249 3716; x_wconf 82' lang='lat' dir='ltr'><strong>ctum</strong></span> <span class='ocrx_word' id='word_1_594' title='bbox 2283 3675 2404 3714; x_wconf 86' lang='lat' dir='ltr'><strong>esse</strong></span> <span class='ocrx_word' id='word_1_595' title='bbox 2429 3661 2582 3714; x_wconf 88' lang='lat' dir='ltr'><strong>aiunt</strong></span> <span class='ocrx_word' id='word_1_596' title='bbox 2604 3675 2698 3726; x_wconf 88' lang='lat' dir='ltr'><strong>per</strong></span> <span class='ocrx_word' id='word_1_597' title='bbox 2719 3661 2900 3714; x_wconf 78' lang='lat' dir='ltr'><strong>omnia</strong></span> <span class='ocrx_word' id='word_1_598' title='bbox 2929 3659 3212 3726; x_wconf 80' lang='lat' dir='ltr'><strong>fratribus,</strong></span> <span class='ocrx_word' id='word_1_599' title='bbox 3233 3661 3342 3714; x_wconf 69' lang='lat' dir='ltr'><strong>hoc</strong></span> <span class='ocrx_word' id='word_1_600' title='bbox 3367 3672 3470 3724; x_wconf 87' lang='lat' dir='ltr'><strong>est,</strong></span> <span class='ocrx_word' id='word_1_601' title='bbox 3498 3661 3688 3716; x_wconf 78' lang='lat' dir='ltr'><strong>nobis?</strong></span> 
     </span>
    </p>
   </div>
   <div class='ocr_carea' id='block_1_80' title="bbox 2101 3749 3680 3819">
    <p class='ocr_par' dir='ltr' id='par_1_80' title="bbox 2101 3749 3680 3819">
     <span class='ocr_line' id='line_1_80' title="bbox 2101 3749 3680 3819; baseline -0.001 -15"><span class='ocrx_word' id='word_1_602' title='bbox 2101 3763 2194 3804; x_wconf 88' lang='lat' dir='ltr'><strong>aut</strong></span> <span class='ocrx_word' id='word_1_603' title='bbox 2223 3751 2470 3819; x_wconf 84' lang='lat' dir='ltr'><strong>quisnam</strong></span> <span class='ocrx_word' id='word_1_604' title='bbox 2501 3753 2724 3804; x_wconf 85' lang='lat' dir='ltr'><strong>omnino</strong></span> <span class='ocrx_word' id='word_1_605' title='bbox 2755 3759 3045 3804; x_wconf 86' lang='lat' dir='ltr'><strong>censeatur</strong></span> <span class='ocrx_word' id='word_1_606' title='bbox 3084 3749 3254 3802; x_wconf 81' lang='lat' dir='ltr'><strong>fuisse</strong></span> <span class='ocrx_word' id='word_1_607' title='bbox 3284 3749 3330 3802; x_wconf 89' lang='lat' dir='ltr'><strong>is</strong></span> <span class='ocrx_word' id='word_1_608' title='bbox 3359 3749 3449 3817; x_wconf 91' lang='lat' dir='ltr'><strong>qui</strong></span> <span class='ocrx_word' id='word_1_609' title='bbox 3485 3749 3680 3802; x_wconf 86' lang='lat' dir='ltr'><strong>simili-</strong></span> 
     </span>
    </p>
   </div>
   <div class='ocr_carea' id='block_1_81' title="bbox 2103 3842 3682 3906">
    <p class='ocr_par' dir='ltr' id='par_1_81' title="bbox 2103 3842 3682 3906">
     <span class='ocr_line' id='line_1_81' title="bbox 2103 3842 3682 3906; baseline -0.003 -8"><span class='ocrx_word' id='word_1_610' title='bbox 2103 3843 2342 3898; x_wconf 81' lang='lat' dir='ltr'><strong>tudinem</strong></span> <span class='ocrx_word' id='word_1_611' title='bbox 2377 3853 2618 3898; x_wconf 73' lang='lat' dir='ltr'><strong>uos-trum</strong></span> <span class='ocrx_word' id='word_1_612' title='bbox 2647 3843 2831 3906; x_wconf 83' lang='lat' dir='ltr'><strong>subiit,</strong></span> <span class='ocrx_word' id='word_1_613' title='bbox 2857 3842 2956 3896; x_wconf 87' lang='lat' dir='ltr'><strong>nisi</strong></span> <span class='ocrx_word' id='word_1_614' title='bbox 2990 3843 3283 3894; x_wconf 79' lang='lat' dir='ltr'><strong>secundum</strong></span> <span class='ocrx_word' id='word_1_615' title='bbox 3309 3851 3560 3894; x_wconf 79' lang='lat' dir='ltr'><strong>naturam</strong></span> <span class='ocrx_word' id='word_1_616' title='bbox 3597 3842 3682 3893; x_wconf 80' lang='lat' dir='ltr'><strong>di-</strong></span> 
     </span>
    </p>
   </div>
   <div class='ocr_carea' id='block_1_82' title="bbox 2101 3930 3683 3997">
    <p class='ocr_par' dir='ltr' id='par_1_82' title="bbox 2101 3930 3683 3997">
     <span class='ocr_line' id='line_1_82' title="bbox 2101 3930 3683 3997; baseline -0.003 -9"><span class='ocrx_word' id='word_1_617' title='bbox 2101 3949 2290 3990; x_wconf 79' lang='lat' dir='ltr'><strong>versus</strong></span> <span class='ocrx_word' id='word_1_618' title='bbox 2324 3945 2463 3997; x_wconf 87' lang='lat' dir='ltr'><strong>erat,</strong></span> <span class='ocrx_word' id='word_1_619' title='bbox 2503 3942 2559 3987; x_wconf 80' lang='lat' dir='ltr'><strong>et</strong></span> <span class='ocrx_word' id='word_1_620' title='bbox 2601 3949 2712 3987; x_wconf 87' lang='lat' dir='ltr'><strong>non</strong></span> <span class='ocrx_word' id='word_1_621' title='bbox 2757 3932 2913 3986; x_wconf 87' lang='lat' dir='ltr'><strong>nobis</strong></span> <span class='ocrx_word' id='word_1_622' title='bbox 2949 3931 3187 3987; x_wconf 85' lang='lat' dir='ltr'><strong>similis?</strong></span> <span class='ocrx_word' id='word_1_623' title='bbox 3214 3931 3364 3997; x_wconf 87' lang='lat' dir='ltr'><strong>Quod</strong></span> <span class='ocrx_word' id='word_1_624' title='bbox 3397 3930 3540 3985; x_wconf 90' lang='lat' dir='ltr'><strong>enim</strong></span> <span class='ocrx_word' id='word_1_625' title='bbox 3579 3931 3683 3984; x_wconf 83' lang='lat' dir='ltr'><strong>ali—</strong></span> 
     </span>
    </p>
   </div>
   <div class='ocr_carea' id='block_1_83' title="bbox 2099 4022 3682 4096">
    <p class='ocr_par' dir='ltr' id='par_1_83' title="bbox 2099 4022 3682 4096">
     <span class='ocr_line' id='line_1_83' title="bbox 2099 4022 3682 4096; baseline -0.003 -17"><span class='ocrx_word' id='word_1_626' title='bbox 2099 4026 2294 4096; x_wconf 86' lang='lat' dir='ltr'><strong>quibus</strong></span> <span class='ocrx_word' id='word_1_627' title='bbox 2323 4024 2500 4079; x_wconf 86' lang='lat' dir='ltr'><strong>simile</strong></span> <span class='ocrx_word' id='word_1_628' title='bbox 2533 4022 2790 4086; x_wconf 81' lang='lat' dir='ltr'><strong>eﬂicitur,</strong></span> <span class='ocrx_word' id='word_1_629' title='bbox 2841 4035 3060 4077; x_wconf 85' lang='lat' dir='ltr'><strong>necesse</strong></span> <span class='ocrx_word' id='word_1_630' title='bbox 3089 4033 3179 4077; x_wconf 78' lang='lat' dir='ltr'><strong>est</strong></span> <span class='ocrx_word' id='word_1_631' title='bbox 3209 4033 3266 4076; x_wconf 89' lang='lat' dir='ltr'><strong>ut</strong></span> <span class='ocrx_word' id='word_1_632' title='bbox 3296 4023 3567 4076; x_wconf 85' lang='lat' dir='ltr'><strong>diversum</strong></span> <span class='ocrx_word' id='word_1_633' title='bbox 3614 4023 3682 4075; x_wconf 90' lang='lat' dir='ltr'><strong>ab</strong></span> 
     </span>
    </p>
   </div>
   <div class='ocr_carea' id='block_1_84' title="bbox 2101 4113 3682 4186">
    <p class='ocr_par' dir='ltr' id='par_1_84' title="bbox 2101 4113 3682 4186">
     <span class='ocr_line' id='line_1_84' title="bbox 2101 4113 3682 4186; baseline -0.004 -12"><span class='ocrx_word' id='word_1_634' title='bbox 2101 4117 2166 4174; x_wconf 85' lang='lat' dir='ltr'><strong>iis</strong></span> <span class='ocrx_word' id='word_1_635' title='bbox 2195 4118 2489 4181; x_wconf 82' lang='lat' dir='ltr'><strong>exstiterit,</strong></span> <span class='ocrx_word' id='word_1_636' title='bbox 2524 4131 2697 4186; x_wconf 89' lang='lat' dir='ltr'><strong>neque</strong></span> <span class='ocrx_word' id='word_1_637' title='bbox 2742 4113 2918 4172; x_wconf 87' lang='lat' dir='ltr'><strong>simile</strong></span> <span class='ocrx_word' id='word_1_638' title='bbox 2949 4116 3100 4184; x_wconf 85' lang='lat' dir='ltr'><strong>ipsis,</strong></span> <span class='ocrx_word' id='word_1_639' title='bbox 3129 4116 3227 4170; x_wconf 78' lang='lat' dir='ltr'><strong>sed</strong></span> <span class='ocrx_word' id='word_1_640' title='bbox 3255 4115 3434 4183; x_wconf 82' lang='lat' dir='ltr'><strong>potius</strong></span> <span class='ocrx_word' id='word_1_641' title='bbox 3462 4114 3682 4168; x_wconf 86' lang='lat' dir='ltr'><strong>alterius</strong></span> 
     </span>
    </p>
   </div>
   <div class='ocr_carea' id='block_1_85' title="bbox 2098 4203 3680 4278">
    <p class='ocr_par' dir='ltr' id='par_1_85' title="bbox 2098 4203 3680 4278">
     <span class='ocr_line' id='line_1_85' title="bbox 2098 4203 3680 4278; baseline -0.003 -16"><span class='ocrx_word' id='word_1_642' title='bbox 2098 4207 2322 4278; x_wconf 87' lang='lat' dir='ltr'><strong>speciei,</strong></span> <span class='ocrx_word' id='word_1_643' title='bbox 2353 4207 2470 4261; x_wconf 82' lang='lat' dir='ltr'><strong>sive</strong></span> <span class='ocrx_word' id='word_1_644' title='bbox 2505 4216 2734 4261; x_wconf 68' lang='lat' dir='ltr'><strong>naturae.</strong></span> <span class='ocrx_word' id='word_1_645' title='bbox 2842 4232 2844 4234; x_wconf 62' lang='grc' dir='ltr'><strong>τ</strong></span> <span class='ocrx_word' id='word_1_646' title='bbox 2955 4203 3246 4258; x_wconf 80' lang='lat' dir='ltr'><strong>Dissimilis</strong></span> <span class='ocrx_word' id='word_1_647' title='bbox 3270 4205 3452 4272; x_wconf 81' lang='lat' dir='ltr'><strong>itaque</strong></span> <span class='ocrx_word' id='word_1_648' title='bbox 3475 4213 3680 4257; x_wconf 66' lang='lat' dir='ltr'><strong>natura:</strong></span> 
     </span>
    </p>
   </div>
   <div class='ocr_carea' id='block_1_86' title="bbox 2100 4295 3677 4369">
    <p class='ocr_par' dir='ltr' id='par_1_86' title="bbox 2100 4295 3677 4369">
     <span class='ocr_line' id='line_1_86' title="bbox 2100 4295 3677 4369; baseline -0.005 -14"><span class='ocrx_word' id='word_1_649' title='bbox 2100 4318 2128 4355; x_wconf 85' lang='lat' dir='ltr'><strong>a</strong></span> <span class='ocrx_word' id='word_1_650' title='bbox 2167 4302 2322 4357; x_wconf 69' lang='lat' dir='ltr'><strong>nobis</strong></span> <span class='ocrx_word' id='word_1_651' title='bbox 2343 4302 2615 4355; x_wconf 75' lang='lat' dir='ltr'><strong>exsistens</strong></span> <span class='ocrx_word' id='word_1_652' title='bbox 2648 4297 2990 4369; x_wconf 76' lang='lat' dir='ltr'><strong>Unigenitus,</strong></span> <span class='ocrx_word' id='word_1_653' title='bbox 3019 4295 3212 4350; x_wconf 89' lang='lat' dir='ltr'><strong>similis</strong></span> <span class='ocrx_word' id='word_1_654' title='bbox 3241 4295 3412 4350; x_wconf 80' lang='lat' dir='ltr'><strong>factus</strong></span> <span class='ocrx_word' id='word_1_655' title='bbox 3450 4309 3570 4350; x_wconf 88' lang='lat' dir='ltr'><strong>esse</strong></span> <span class='ocrx_word' id='word_1_656' title='bbox 3593 4295 3677 4348; x_wconf 88' lang='lat' dir='ltr'><strong>di-</strong></span> 
     </span>
    </p>
   </div>
   <div class='ocr_carea' id='block_1_87' title="bbox 2099 4383 3676 4459">
    <p class='ocr_par' dir='ltr' id='par_1_87' title="bbox 2099 4383 3676 4459">
     <span class='ocr_line' id='line_1_87' title="bbox 2099 4383 3676 4459; baseline -0.006 -13"><span class='ocrx_word' id='word_1_657' title='bbox 2099 4394 2259 4456; x_wconf 81' lang='lat' dir='ltr'><strong>citur,</strong></span> <span class='ocrx_word' id='word_1_658' title='bbox 2293 4397 2466 4446; x_wconf 79' lang='lat' dir='ltr'><strong>lactus</strong></span> <span class='ocrx_word' id='word_1_659' title='bbox 2510 4391 2561 4444; x_wconf 88' lang='lat' dir='ltr'><strong>id</strong></span> <span class='ocrx_word' id='word_1_660' title='bbox 2587 4392 2738 4459; x_wconf 83' lang='lat' dir='ltr'><strong>quod</strong></span> <span class='ocrx_word' id='word_1_661' title='bbox 2772 4403 2888 4455; x_wconf 89' lang='lat' dir='ltr'><strong>nos,</strong></span> <span class='ocrx_word' id='word_1_662' title='bbox 2945 4388 3049 4442; x_wconf 88' lang='lat' dir='ltr'><strong>hoc</strong></span> <span class='ocrx_word' id='word_1_663' title='bbox 3082 4395 3184 4452; x_wconf 86' lang='lat' dir='ltr'><strong>est,</strong></span> <span class='ocrx_word' id='word_1_664' title='bbox 3232 4386 3410 4440; x_wconf 85' lang='lat' dir='ltr'><strong>homo.</strong></span> <span class='ocrx_word' id='word_1_665' title='bbox 3453 4383 3676 4438; x_wconf 82' lang='lat' dir='ltr'><strong>Factum</strong></span> 
     </span>
    </p>
   </div>
   <div class='ocr_carea' id='block_1_88' title="bbox 417 4475 2001 4552">
    <p class='ocr_par' dir='ltr' id='par_1_88' title="bbox 417 4478 1993 4552">
     <span class='ocr_line' id='line_1_88' title="bbox 417 4478 1993 4552; baseline 0.004 -23"><span class='ocrx_word' id='word_1_666' title='bbox 417 4478 618 4546; x_wconf 84' lang='grc' dir='ltr'><strong>μόνως,</strong></span> <span class='ocrx_word' id='word_1_667' title='bbox 651 4479 707 4530; x_wconf 82' lang='grc' dir='ltr'><strong>ὲν</strong></span> <span class='ocrx_word' id='word_1_668' title='bbox 729 4479 980 4546; x_wconf 59' lang='lat' dir='ltr'><strong>eno-use;</strong></span> <span class='ocrx_word' id='word_1_669' title='bbox 1013 4483 1078 4550; x_wconf 81' lang='grc' dir='ltr'><strong>τῇ</strong></span> <span class='ocrx_word' id='word_1_670' title='bbox 1114 4481 1236 4534; x_wconf 81' lang='grc' dir='ltr'>καθ’</span> <span class='ocrx_word' id='word_1_671' title='bbox 1261 4483 1432 4551; x_wconf 79' lang='grc' dir='ltr'>ἡμᾶς,</span> <span class='ocrx_word' id='word_1_672' title='bbox 1456 4483 1505 4534; x_wconf 86' lang='grc' dir='ltr'><strong>εί</strong></span> <span class='ocrx_word' id='word_1_673' title='bbox 1534 4483 1630 4536; x_wconf 69' lang='grc' dir='ltr'><strong>καὶ</strong></span> <span class='ocrx_word' id='word_1_674' title='bbox 1657 4479 1993 4552; x_wconf 81' lang='grc' dir='ltr'>παραδόξως,</span> 
     </span>
    </p>
   </div>
   <div class='ocr_carea' id='block_1_89' title="bbox 2107 4475 3682 4552">
    <p class='ocr_par' dir='ltr' id='par_1_89' title="bbox 2107 4475 3682 4547">
     <span class='ocr_line' id='line_1_89' title="bbox 2107 4475 3682 4547; baseline -0.004 -10"><span class='ocrx_word' id='word_1_675' title='bbox 2107 4497 2280 4539; x_wconf 77' lang='lat' dir='ltr'><strong>autem</strong></span> <span class='ocrx_word' id='word_1_676' title='bbox 2313 4485 2412 4539; x_wconf 90' lang='lat' dir='ltr'><strong>l&#39;uit</strong></span> <span class='ocrx_word' id='word_1_677' title='bbox 2439 4485 2559 4547; x_wconf 88' lang='lat' dir='ltr'><strong>hoc,</strong></span> <span class='ocrx_word' id='word_1_678' title='bbox 2599 4493 2652 4536; x_wconf 90' lang='lat' dir='ltr'><strong>et</strong></span> <span class='ocrx_word' id='word_1_679' title='bbox 2676 4491 2821 4536; x_wconf 87' lang='lat' dir='ltr'><strong>recte</strong></span> <span class='ocrx_word' id='word_1_680' title='bbox 2854 4479 3141 4534; x_wconf 88' lang='lat' dir='ltr'><strong>admodum</strong></span> <span class='ocrx_word' id='word_1_681' title='bbox 3173 4493 3238 4533; x_wconf 87' lang='lat' dir='ltr'><strong>ac</strong></span> <span class='ocrx_word' id='word_1_682' title='bbox 3267 4475 3682 4532; x_wconf 75' lang='lat' dir='ltr'><strong>solummodoiu</strong></span> 
     </span>
    </p>
   </div>
   <div class='ocr_carea' id='block_1_90' title="bbox 407 4566 1992 4643">
    <p class='ocr_par' dir='ltr' id='par_1_90' title="bbox 407 4566 1992 4643">
     <span class='ocr_line' id='line_1_90' title="bbox 407 4566 1992 4643; baseline 0.003 -23"><span class='ocrx_word' id='word_1_683' title='bbox 407 4569 503 4620; x_wconf 83' lang='grc' dir='ltr'><strong>ἐπ’</strong></span> <span class='ocrx_word' id='word_1_684' title='bbox 527 4569 712 4623; x_wconf 79' lang='grc' dir='ltr'>αὐτοῦ.</span> <span class='ocrx_word' id='word_1_685' title='bbox 741 4570 872 4632; x_wconf 85' lang='grc' dir='ltr'>Θεὸς</span> <span class='ocrx_word' id='word_1_686' title='bbox 895 4571 1004 4641; x_wconf 86' lang='grc' dir='ltr'>γὰρ</span> <span class='ocrx_word' id='word_1_687' title='bbox 1033 4566 1100 4641; x_wconf 78' lang='grc' dir='ltr'><strong>ἦν</strong></span> <span class='ocrx_word' id='word_1_688' title='bbox 1128 4573 1156 4624; x_wconf 89' lang='grc' dir='ltr'>ὁ</span> <span class='ocrx_word' id='word_1_689' title='bbox 1178 4572 1566 4643; x_wconf 81' lang='grc' dir='ltr'>σαρκούμενος.</span> <span class='ocrx_word' id='word_1_690' title='bbox 1599 4572 1992 4642; x_wconf 83' lang='grc' dir='ltr'><strong>Ὀμολογείσθω</strong></span> 
     </span>
    </p>
   </div>
   <div class='ocr_carea' id='block_1_91' title="bbox 409 4661 1988 4735">
    <p class='ocr_par' dir='ltr' id='par_1_91' title="bbox 409 4661 1988 4735">
     <span class='ocr_line' id='line_1_91' title="bbox 409 4661 1988 4735; baseline 0.005 -24"><span class='ocrx_word' id='word_1_691' title='bbox 409 4676 478 4726; x_wconf 87' lang='grc' dir='ltr'><strong>γε</strong></span> <span class='ocrx_word' id='word_1_692' title='bbox 514 4662 620 4732; x_wconf 77' lang='grc' dir='ltr'><strong>μὴν</strong></span> <span class='ocrx_word' id='word_1_693' title='bbox 659 4661 732 4724; x_wconf 86' lang='grc' dir='ltr'>ὡς</span> <span class='ocrx_word' id='word_1_694' title='bbox 773 4661 1019 4732; x_wconf 70' lang='grc' dir='ltr'>ὲῲύχωτο</span> <span class='ocrx_word' id='word_1_695' title='bbox 1048 4667 1250 4734; x_wconf 81' lang='grc' dir='ltr'>νοερῶς</span> <span class='ocrx_word' id='word_1_696' title='bbox 1282 4662 1342 4717; x_wconf 85' lang='grc' dir='ltr'>τὸ</span> <span class='ocrx_word' id='word_1_697' title='bbox 1388 4663 1587 4716; x_wconf 84' lang='grc' dir='ltr'>ὲνωθὲν</span> <span class='ocrx_word' id='word_1_698' title='bbox 1624 4665 1771 4735; x_wconf 83' lang='grc' dir='ltr'>αὐτῷ</span> <span class='ocrx_word' id='word_1_699' title='bbox 1811 4665 1988 4735; x_wconf 82' lang='grc' dir='ltr'><strong>σῶμα.</strong></span> 
     </span>
    </p>
   </div>
   <div class='ocr_carea' id='block_1_92' title="bbox 406 4751 1991 4826">
    <p class='ocr_par' dir='ltr' id='par_1_92' title="bbox 406 4751 1991 4826">
     <span class='ocr_line' id='line_1_92' title="bbox 406 4751 1991 4826; baseline 0.006 -24"><span class='ocrx_word' id='word_1_700' title='bbox 406 4751 492 4802; x_wconf 77' lang='grc' dir='ltr'><strong>Οὐ</strong></span> <span class='ocrx_word' id='word_1_701' title='bbox 525 4752 632 4822; x_wconf 80' lang='grc' dir='ltr'><strong>γάρ</strong></span> <span class='ocrx_word' id='word_1_702' title='bbox 668 4770 750 4806; x_wconf 88' lang='grc' dir='ltr'>τοι</span> <span class='ocrx_word' id='word_1_703' title='bbox 779 4754 840 4806; x_wconf 75' lang='grc' dir='ltr'>τὸ</span> <span class='ocrx_word' id='word_1_704' title='bbox 879 4756 1125 4824; x_wconf 84' lang='grc' dir='ltr'>κρεῖττον</span> <span class='ocrx_word' id='word_1_705' title='bbox 1153 4755 1262 4808; x_wconf 81' lang='grc' dir='ltr'>τῶν</span> <span class='ocrx_word' id='word_1_706' title='bbox 1295 4756 1352 4807; x_wconf 71' lang='grc' dir='ltr'>ἐν</span> <span class='ocrx_word' id='word_1_707' title='bbox 1379 4757 1511 4826; x_wconf 83' lang='grc' dir='ltr'><strong>ἡμῖν</strong></span> <span class='ocrx_word' id='word_1_708' title='bbox 1539 4756 1718 4826; x_wconf 83' lang='grc' dir='ltr'>ἀφεὶς,</span> <span class='ocrx_word' id='word_1_709' title='bbox 1743 4761 1991 4812; x_wconf 79' lang='grc' dir='ltr'>τουτέστι</span> 
     </span>
    </p>
   </div>
   <div class='ocr_carea' id='block_1_93' title="bbox 409 4843 1989 4917">
    <p class='ocr_par' dir='ltr' id='par_1_93' title="bbox 409 4843 1989 4917">
     <span class='ocr_line' id='line_1_93' title="bbox 409 4843 1989 4917; baseline 0.004 -22"><span class='ocrx_word' id='word_1_710' title='bbox 409 4843 610 4914; x_wconf 63' lang='grc' dir='ltr'><strong>ᾠυχὴν,</strong></span> <span class='ocrx_word' id='word_1_711' title='bbox 646 4844 810 4914; x_wconf 83' lang='grc' dir='ltr'>μόνου</span> <span class='ocrx_word' id='word_1_712' title='bbox 843 4845 1136 4915; x_wconf 82' lang='grc' dir='ltr'>πεποίηται</span> <span class='ocrx_word' id='word_1_713' title='bbox 1160 4845 1326 4914; x_wconf 84' lang='grc' dir='ltr'>φειδὼ</span> <span class='ocrx_word' id='word_1_714' title='bbox 1354 4848 1546 4916; x_wconf 84' lang='grc' dir='ltr'>γηῖνου</span> <span class='ocrx_word' id='word_1_715' title='bbox 1577 4847 1852 4917; x_wconf 85' lang='grc' dir='ltr'>σώματος,</span> <span class='ocrx_word' id='word_1_716' title='bbox 1877 4850 1989 4902; x_wconf 82' lang='grc' dir='ltr'>ἀλλ’</span> 
     </span>
    </p>
   </div>
   <div class='ocr_carea' id='block_1_94' title="bbox 408 4935 1991 5011">
    <p class='ocr_par' dir='ltr' id='par_1_94' title="bbox 408 4935 1991 5011">
     <span class='ocr_line' id='line_1_94' title="bbox 408 4935 1991 5011; baseline 0.006 -25"><span class='ocrx_word' id='word_1_717' title='bbox 408 4935 550 5005; x_wconf 71' lang='grc' dir='ltr'><strong>ὁμοῦ</strong></span> <span class='ocrx_word' id='word_1_718' title='bbox 581 4936 758 5007; x_wconf 82' lang='grc' dir='ltr'>ψυχῆς</span> <span class='ocrx_word' id='word_1_719' title='bbox 796 4938 889 4991; x_wconf 78' lang='grc' dir='ltr'><strong>καὶ</strong></span> <span class='ocrx_word' id='word_1_720' title='bbox 935 4936 1186 5009; x_wconf 80' lang='grc' dir='ltr'><strong>σώματος</strong></span> <span class='ocrx_word' id='word_1_721' title='bbox 1220 4939 1518 5011; x_wconf 77' lang='grc' dir='ltr'>προενόησε</span> <span class='ocrx_word' id='word_1_722' title='bbox 1561 4941 1736 5011; x_wconf 58' lang='lat' dir='ltr'><strong>coepio;</strong></span> <span class='ocrx_word' id='word_1_723' title='bbox 1760 4941 1892 5006; x_wconf 82' lang='grc' dir='ltr'>Θεὸς</span> <span class='ocrx_word' id='word_1_724' title='bbox 1917 4943 1991 4996; x_wconf 82' lang='grc' dir='ltr'><strong>ὢν</strong></span> 
     </span>
    </p>
   </div>
   <div class='ocr_carea' id='block_1_95' title="bbox 408 5026 664 5095">
    <p class='ocr_par' dir='ltr' id='par_1_95' title="bbox 408 5026 664 5095">
     <span class='ocr_line' id='line_1_95' title="bbox 408 5026 664 5095; baseline 0.008 -17"><span class='ocrx_word' id='word_1_725' title='bbox 408 5027 445 5078; x_wconf 82' lang='grc' dir='ltr'>ὁ</span> <span class='ocrx_word' id='word_1_726' title='bbox 473 5026 664 5095; x_wconf 77' lang='grc' dir='ltr'>Λόγος.</span> 
     </span>
    </p>
   </div>
   <div class='ocr_carea' id='block_1_96' title="bbox 484 5207 1991 5282">
    <p class='ocr_par' dir='ltr' id='par_1_96' title="bbox 484 5207 1991 5282">
     <span class='ocr_line' id='line_1_96' title="bbox 484 5207 1991 5282; baseline -0.002 -17"><span class='ocrx_word' id='word_1_727' title='bbox 484 5214 607 5265; x_wconf 76' lang='grc' dir='ltr'><strong>Ὀτι</strong></span> <span class='ocrx_word' id='word_1_728' title='bbox 653 5213 711 5265; x_wconf 80' lang='grc' dir='ltr'>δὲ</span> <span class='ocrx_word' id='word_1_729' title='bbox 749 5213 851 5266; x_wconf 77' lang='grc' dir='ltr'><strong>οὐκ</strong></span> <span class='ocrx_word' id='word_1_730' title='bbox 895 5211 1192 5282; x_wconf 78' lang='grc' dir='ltr'>ἠλλοίωται</span> <span class='ocrx_word' id='word_1_731' title='bbox 1239 5207 1485 5279; x_wconf 80' lang='grc' dir='ltr'>γεγονὼς</span> <span class='ocrx_word' id='word_1_732' title='bbox 1534 5209 1821 5279; x_wconf 75' lang='grc' dir='ltr'>ἄνθρωπος</span> <span class='ocrx_word' id='word_1_733' title='bbox 1870 5208 1991 5264; x_wconf 85' lang='grc' dir='ltr'>καθ’</span> 
     </span>
    </p>
   </div>
   <div class='ocr_carea' id='block_1_97' title="bbox 407 5305 1994 5378">
    <p class='ocr_par' dir='ltr' id='par_1_97' title="bbox 407 5305 1994 5378">
     <span class='ocr_line' id='line_1_97' title="bbox 407 5305 1994 5378; baseline -0.004 -16"><span class='ocrx_word' id='word_1_734' title='bbox 407 5309 558 5378; x_wconf 77' lang='grc' dir='ltr'><strong>ἡμᾶς</strong></span> <span class='ocrx_word' id='word_1_735' title='bbox 616 5309 645 5360; x_wconf 86' lang='lat'><strong>6</strong></span> <span class='ocrx_word' id='word_1_736' title='bbox 702 5308 899 5375; x_wconf 65' lang='grc' dir='ltr'><strong>Λόγος,</strong></span> <span class='ocrx_word' id='word_1_737' title='bbox 943 5305 1330 5376; x_wconf 77' lang='grc' dir='ltr'><strong>διαμεμήνυκε</strong></span> <span class='ocrx_word' id='word_1_738' title='bbox 1378 5305 1552 5372; x_wconf 73' lang='grc' dir='ltr'>λέγων</span> <span class='ocrx_word' id='word_1_739' title='bbox 1601 5307 1630 5358; x_wconf 89' lang='lat'><strong>6</strong></span> <span class='ocrx_word' id='word_1_740' title='bbox 1682 5306 1994 5374; x_wconf 84' lang='grc' dir='ltr'>Πνευματο-</span> 
     </span>
    </p>
   </div>
   <div class='ocr_carea' id='block_1_98' title="bbox 406 5393 1996 5468">
    <p class='ocr_par' dir='ltr' id='par_1_98' title="bbox 406 5393 1996 5468">
     <span class='ocr_line' id='line_1_98' title="bbox 406 5393 1996 5468; baseline -0.002 -20"><span class='ocrx_word' id='word_1_741' title='bbox 406 5398 611 5467; x_wconf 65' lang='grc' dir='ltr'>φόροςο</span> <span class='ocrx_word' id='word_1_742' title='bbox 672 5417 689 5449; x_wconf 77' lang='grc' dir='ltr'>ι</span> <span class='ocrx_word' id='word_1_743' title='bbox 713 5395 922 5468; x_wconf 81' lang='grc' dir='ltr'>Ἰησοῦς</span> <span class='ocrx_word' id='word_1_744' title='bbox 967 5395 1208 5466; x_wconf 76' lang='grc' dir='ltr'>Χριστὸς</span> <span class='ocrx_word' id='word_1_745' title='bbox 1246 5395 1372 5464; x_wconf 66' lang='grc' dir='ltr'>χθὲς</span> <span class='ocrx_word' id='word_1_746' title='bbox 1413 5395 1516 5449; x_wconf 78' lang='grc' dir='ltr'><strong>καὶ</strong></span> <span class='ocrx_word' id='word_1_747' title='bbox 1562 5395 1802 5464; x_wconf 82' lang='grc' dir='ltr'><strong>σήμεγος</strong></span> <span class='ocrx_word' id='word_1_748' title='bbox 1832 5396 1859 5446; x_wconf 87' lang='lat'><strong>6</strong></span> <span class='ocrx_word' id='word_1_749' title='bbox 1900 5393 1996 5446; x_wconf 79' lang='grc' dir='ltr'><strong>αὐ-</strong></span> 
     </span>
    </p>
   </div>
   <div class='ocr_carea' id='block_1_99' title="bbox 357 5484 1995 5557">
    <p class='ocr_par' dir='ltr' id='par_1_99' title="bbox 357 5484 1995 5557">
     <span class='ocr_line' id='line_1_99' title="bbox 357 5484 1995 5557; baseline -0.004 -15"><span class='ocrx_word' id='word_1_750' title='bbox 357 5552 366 5557; x_wconf 90' lang='lat'><em>_</em></span> <span class='ocrx_word' id='word_1_751' title='bbox 405 5494 528 5551; x_wconf 71' lang='grc' dir='ltr'><strong>τὴς.</strong></span> <span class='ocrx_word' id='word_1_752' title='bbox 559 5490 652 5541; x_wconf 77' lang='grc' dir='ltr'><strong>καὶ</strong></span> <span class='ocrx_word' id='word_1_753' title='bbox 701 5493 780 5552; x_wconf 77' lang='grc' dir='ltr'>εἰς</span> <span class='ocrx_word' id='word_1_754' title='bbox 831 5490 964 5552; x_wconf 75' lang='grc' dir='ltr'>τοὺς</span> <span class='ocrx_word' id='word_1_755' title='bbox 1021 5489 1252 5552; x_wconf 75' lang='grc' dir='ltr'>αἰῶνας.</span> <span class='ocrx_word' id='word_1_756' title='bbox 1290 5508 1307 5540; x_wconf 73' lang='grc' dir='ltr'>ι</span> <span class='ocrx_word' id='word_1_757' title='bbox 1362 5487 1472 5541; x_wconf 71' lang='grc' dir='ltr'><strong>καὶ</strong></span> <span class='ocrx_word' id='word_1_758' title='bbox 1509 5484 1842 5555; x_wconf 72' lang='grc' dir='ltr'>σημαντικὸν</span> <span class='ocrx_word' id='word_1_759' title='bbox 1885 5485 1995 5551; x_wconf 78' lang='grc' dir='ltr'><strong>,μὲν</strong></span> 
     </span>
    </p>
   </div>
   <div class='ocr_carea' id='block_1_100' title="bbox 408 5575 1996 5652">
    <p class='ocr_par' dir='ltr' id='par_1_100' title="bbox 408 5575 1996 5652">
     <span class='ocr_line' id='line_1_100' title="bbox 408 5575 1996 5652; baseline -0.005 -17"><span class='ocrx_word' id='word_1_760' title='bbox 408 5579 509 5635; x_wconf 75' lang='grc' dir='ltr'>τοῦ</span> <span class='ocrx_word' id='word_1_761' title='bbox 541 5581 932 5652; x_wconf 77' lang='grc' dir='ltr'>παρῳχτ,κότος</span> <span class='ocrx_word' id='word_1_762' title='bbox 963 5581 1160 5650; x_wconf 84' lang='grc' dir='ltr'>χρόνου</span> <span class='ocrx_word' id='word_1_763' title='bbox 1201 5582 1471 5641; x_wconf 83' lang='grc' dir='ltr'>ποιεῖται,</span> <span class='ocrx_word' id='word_1_764' title='bbox 1504 5578 1564 5631; x_wconf 73' lang='grc' dir='ltr'>τὸ</span> <span class='ocrx_word' id='word_1_765' title='bbox 1612 5577 1774 5644; x_wconf 84' lang='grc' dir='ltr'>χθές,</span> <span class='ocrx_word' id='word_1_766' title='bbox 1803 5575 1900 5629; x_wconf 81' lang='grc' dir='ltr'>τοῦ</span> <span class='ocrx_word' id='word_1_767' title='bbox 1934 5593 1996 5643; x_wconf 88' lang='grc' dir='ltr'><strong>γε</strong></span> 
     </span>
    </p>
   </div>
   <div class='ocr_carea' id='block_1_101' title="bbox 415 5667 1994 5744">
    <p class='ocr_par' dir='ltr' id='par_1_101' title="bbox 415 5667 1994 5744">
     <span class='ocr_line' id='line_1_101' title="bbox 415 5667 1994 5744; baseline -0.001 -25"><span class='ocrx_word' id='word_1_768' title='bbox 415 5673 528 5744; x_wconf 69' lang='grc' dir='ltr'><strong>μὴν</strong></span> <span class='ocrx_word' id='word_1_769' title='bbox 560 5672 880 5738; x_wconf 69' lang='grc' dir='ltr'>ἐνεστῶτος,</span> <span class='ocrx_word' id='word_1_770' title='bbox 916 5671 976 5726; x_wconf 76' lang='grc' dir='ltr'><strong>τὸ</strong></span> <span class='ocrx_word' id='word_1_771' title='bbox 1006 5671 1300 5742; x_wconf 79' lang='grc' dir='ltr'>σήμερον,</span> <span class='ocrx_word' id='word_1_772' title='bbox 1330 5670 1423 5724; x_wconf 76' lang='grc' dir='ltr'>τοῦ</span> <span class='ocrx_word' id='word_1_773' title='bbox 1472 5671 1526 5724; x_wconf 79' lang='grc' dir='ltr'>δὲ</span> <span class='ocrx_word' id='word_1_774' title='bbox 1577 5667 1872 5731; x_wconf 65' lang='grc' dir='ltr'>ἐνεστῶτος</span> <span class='ocrx_word' id='word_1_775' title='bbox 1903 5669 1994 5719; x_wconf 76' lang='grc' dir='ltr'><strong>καὶ</strong></span> 
     </span>
    </p>
   </div>
   <div class='ocr_carea' id='block_1_102' title="bbox 485 5855 1311 5927">
    <p class='ocr_par' dir='ltr' id='par_1_102' title="bbox 485 5855 1311 5927">
     <span class='ocr_line' id='line_1_102' title="bbox 485 5855 1311 5927; baseline -0.002 -13"><span class='ocrx_word' id='word_1_776' title='bbox 485 5857 505 5891; x_wconf 83' lang='grc'>³</span> <span class='ocrx_word' id='word_1_777' title='bbox 541 5855 709 5915; x_wconf 83' lang='lat' dir='ltr'><strong>ICor.</strong></span> <span class='ocrx_word' id='word_1_778' title='bbox 733 5874 823 5927; x_wconf 76' lang='lat' dir='ltr'><strong>xv,</strong></span> <span class='ocrx_word' id='word_1_779' title='bbox 852 5859 944 5914; x_wconf 73' lang='lat'><strong>23.</strong></span> <span class='ocrx_word' id='word_1_780' title='bbox 1017 5855 1192 5914; x_wconf 81' lang='lat' dir='ltr'><strong>‘lbid.</strong></span> <span class='ocrx_word' id='word_1_781' title='bbox 1223 5856 1311 5912; x_wconf 79' lang='grc'><strong>49.</strong></span> 
     </span>
    </p>
   </div>
   <div class='ocr_carea' id='block_1_103' title="bbox 2100 4566 3681 4638">
    <p class='ocr_par' dir='ltr' id='par_1_103' title="bbox 2100 4566 3681 4638">
     <span class='ocr_line' id='line_1_103' title="bbox 2100 4566 3681 4638; baseline -0.006 -9"><span class='ocrx_word' id='word_1_782' title='bbox 2100 4577 2376 4630; x_wconf 75' lang='grc' dir='ltr'>ηιιιὶνὶιιιιε</span> <span class='ocrx_word' id='word_1_783' title='bbox 2412 4584 2611 4631; x_wconf 76' lang='lat' dir='ltr'><strong>nostra:</strong></span> <span class='ocrx_word' id='word_1_784' title='bbox 2651 4572 2840 4638; x_wconf 89' lang='lat' dir='ltr'><strong>simili,</strong></span> <span class='ocrx_word' id='word_1_785' title='bbox 2874 4574 3087 4626; x_wconf 87' lang='lat' dir='ltr'><strong>tametsi</strong></span> <span class='ocrx_word' id='word_1_786' title='bbox 3113 4569 3502 4625; x_wconf 78' lang='lat' dir='ltr'><strong>admirabiliter</strong></span> <span class='ocrx_word' id='word_1_787' title='bbox 3539 4566 3681 4637; x_wconf 88' lang='lat' dir='ltr'><strong>quod</strong></span> 
     </span>
    </p>
   </div>
   <div class='ocr_carea' id='block_1_104' title="bbox 2099 4658 3681 4734">
    <p class='ocr_par' dir='ltr' id='par_1_104' title="bbox 2099 4658 3681 4734">
     <span class='ocr_line' id='line_1_104' title="bbox 2099 4658 3681 4734; baseline -0.007 -14"><span class='ocrx_word' id='word_1_788' title='bbox 2099 4668 2164 4720; x_wconf 84' lang='lat' dir='ltr'><strong>ad</strong></span> <span class='ocrx_word' id='word_1_789' title='bbox 2208 4667 2380 4734; x_wconf 90' lang='lat' dir='ltr'><strong>ipsum</strong></span> <span class='ocrx_word' id='word_1_790' title='bbox 2426 4666 2640 4719; x_wconf 88' lang='lat' dir='ltr'><strong>attinet.</strong></span> <span class='ocrx_word' id='word_1_791' title='bbox 2685 4661 2829 4718; x_wconf 88' lang='lat' dir='ltr'><strong>Deus</strong></span> <span class='ocrx_word' id='word_1_792' title='bbox 2871 4662 3016 4716; x_wconf 89' lang='lat' dir='ltr'><strong>enim</strong></span> <span class='ocrx_word' id='word_1_793' title='bbox 3071 4670 3213 4726; x_wconf 85' lang='lat' dir='ltr'><strong>erat,</strong></span> <span class='ocrx_word' id='word_1_794' title='bbox 3241 4659 3334 4726; x_wconf 85' lang='lat' dir='ltr'><strong>qui</strong></span> <span class='ocrx_word' id='word_1_795' title='bbox 3364 4658 3681 4711; x_wconf 80' lang='lat' dir='ltr'><strong>incarnatus</strong></span> 
     </span>
    </p>
   </div>
   <div class='ocr_carea' id='block_1_105' title="bbox 2099 4746 3682 4824">
    <p class='ocr_par' dir='ltr' id='par_1_105' title="bbox 2099 4746 3682 4824">
     <span class='ocr_line' id='line_1_105' title="bbox 2099 4746 3682 4824; baseline -0.009 -12"><span class='ocrx_word' id='word_1_796' title='bbox 2099 4769 2200 4812; x_wconf 88' lang='lat' dir='ltr'><strong>est.</strong></span> <span class='ocrx_word' id='word_1_797' title='bbox 2241 4756 2598 4812; x_wconf 79' lang='lat' dir='ltr'><strong>Proﬁteamur</strong></span> <span class='ocrx_word' id='word_1_798' title='bbox 2636 4757 2824 4824; x_wconf 88' lang='lat' dir='ltr'><strong>utique</strong></span> <span class='ocrx_word' id='word_1_799' title='bbox 2861 4753 3158 4805; x_wconf 81' lang='lat' dir='ltr'><strong>animatum</strong></span> <span class='ocrx_word' id='word_1_800' title='bbox 3189 4761 3309 4801; x_wconf 83' lang='lat' dir='ltr'><strong>esse</strong></span> <span class='ocrx_word' id='word_1_801' title='bbox 3343 4746 3682 4800; x_wconf 80' lang='lat' dir='ltr'><strong>intellectua-</strong></span> 
     </span>
    </p>
   </div>
   <div class='ocr_carea' id='block_1_106' title="bbox 2098 4837 3681 4918">
    <p class='ocr_par' dir='ltr' id='par_1_106' title="bbox 2098 4837 3681 4918">
     <span class='ocr_line' id='line_1_106' title="bbox 2098 4837 3681 4918; baseline -0.008 -15"><span class='ocrx_word' id='word_1_802' title='bbox 2098 4850 2223 4904; x_wconf 89' lang='lat' dir='ltr'><strong>liter</strong></span> <span class='ocrx_word' id='word_1_803' title='bbox 2248 4862 2444 4918; x_wconf 85' lang='lat' dir='ltr'><strong>corpus</strong></span> <span class='ocrx_word' id='word_1_804' title='bbox 2487 4849 2588 4917; x_wconf 88' lang='lat' dir='ltr'><strong>ipsi</strong></span> <span class='ocrx_word' id='word_1_805' title='bbox 2635 4847 2866 4900; x_wconf 81' lang='lat' dir='ltr'><strong>unitum.</strong></span> <span class='ocrx_word' id='word_1_806' title='bbox 2915 4841 3103 4910; x_wconf 83' lang='lat' dir='ltr'><strong>Neque</strong></span> <span class='ocrx_word' id='word_1_807' title='bbox 3131 4839 3273 4894; x_wconf 86' lang='lat' dir='ltr'><strong>enim</strong></span> <span class='ocrx_word' id='word_1_808' title='bbox 3305 4837 3681 4907; x_wconf 59' lang='lat' dir='ltr'><strong>prastantiore</strong></span> 
     </span>
    </p>
   </div>
   <div class='ocr_carea' id='block_1_107' title="bbox 2097 4927 3676 5012">
    <p class='ocr_par' dir='ltr' id='par_1_107' title="bbox 2097 4927 3676 5012">
     <span class='ocr_line' id='line_1_107' title="bbox 2097 4927 3676 5012; baseline -0.009 -16"><span class='ocrx_word' id='word_1_809' title='bbox 2097 4942 2270 4997; x_wconf 89' lang='lat' dir='ltr'><strong>nostri</strong></span> <span class='ocrx_word' id='word_1_810' title='bbox 2302 4947 2478 5012; x_wconf 88' lang='lat' dir='ltr'><strong>parte,</strong></span> <span class='ocrx_word' id='word_1_811' title='bbox 2513 4941 2616 4995; x_wconf 82' lang='lat' dir='ltr'><strong>hoc</strong></span> <span class='ocrx_word' id='word_1_812' title='bbox 2641 4945 2743 5002; x_wconf 86' lang='lat' dir='ltr'><strong>est,</strong></span> <span class='ocrx_word' id='word_1_813' title='bbox 2777 4935 2958 4998; x_wconf 75' lang='lat' dir='ltr'><strong>anima</strong></span> <span class='ocrx_word' id='word_1_814' title='bbox 2982 4931 3248 5001; x_wconf 73' lang='lat' dir='ltr'><strong>neglecta,</strong></span> <span class='ocrx_word' id='word_1_815' title='bbox 3277 4927 3444 4984; x_wconf 88' lang='lat' dir='ltr'><strong>solius</strong></span> <span class='ocrx_word' id='word_1_816' title='bbox 3475 4927 3676 4982; x_wconf 79' lang='lat' dir='ltr'><strong>terreni</strong></span> 
     </span>
    </p>
   </div>
   <div class='ocr_carea' id='block_1_108' title="bbox 2098 5022 3678 5102">
    <p class='ocr_par' dir='ltr' id='par_1_108' title="bbox 2098 5022 3678 5102">
     <span class='ocr_line' id='line_1_108' title="bbox 2098 5022 3678 5102; baseline -0.008 -14"><span class='ocrx_word' id='word_1_817' title='bbox 2098 5034 2344 5102; x_wconf 64' lang='lat' dir='ltr'><strong>corporis</strong></span> <span class='ocrx_word' id='word_1_818' title='bbox 2367 5045 2506 5087; x_wconf 82' lang='lat' dir='ltr'><strong>cura</strong></span> <span class='ocrx_word' id='word_1_819' title='bbox 2543 5030 2733 5084; x_wconf 80' lang='lat' dir='ltr'><strong>habita</strong></span> <span class='ocrx_word' id='word_1_820' title='bbox 2767 5034 2869 5092; x_wconf 85' lang='lat' dir='ltr'><strong>est,</strong></span> <span class='ocrx_word' id='word_1_821' title='bbox 2909 5024 3004 5080; x_wconf 89' lang='lat' dir='ltr'><strong>sed</strong></span> <span class='ocrx_word' id='word_1_822' title='bbox 3034 5023 3194 5078; x_wconf 87' lang='lat' dir='ltr'><strong>simul</strong></span> <span class='ocrx_word' id='word_1_823' title='bbox 3222 5022 3418 5077; x_wconf 67' lang='lat' dir='ltr'><strong>anima:</strong></span> <span class='ocrx_word' id='word_1_824' title='bbox 3457 5029 3513 5078; x_wconf 89' lang='lat' dir='ltr'><strong>et</strong></span> <span class='ocrx_word' id='word_1_825' title='bbox 3551 5035 3678 5076; x_wconf 85' lang='lat' dir='ltr'><strong>eor-</strong></span> 
     </span>
    </p>
   </div>
   <div class='ocr_carea' id='block_1_109' title="bbox 2096 5114 3569 5196">
    <p class='ocr_par' dir='ltr' id='par_1_109' title="bbox 2096 5114 3569 5196">
     <span class='ocr_line' id='line_1_109' title="bbox 2096 5114 3569 5196; baseline -0.011 -15"><span class='ocrx_word' id='word_1_826' title='bbox 2096 5126 2213 5196; x_wconf 91' lang='lat' dir='ltr'><strong>pori</strong></span> <span class='ocrx_word' id='word_1_827' title='bbox 2247 5124 2520 5192; x_wconf 83' lang='lat' dir='ltr'><strong>sapienter</strong></span> <span class='ocrx_word' id='word_1_828' title='bbox 2540 5118 2820 5190; x_wconf 81' lang='lat' dir='ltr'><strong>prospexit</strong></span> <span class='ocrx_word' id='word_1_829' title='bbox 2849 5117 2990 5172; x_wconf 89' lang='lat' dir='ltr'><strong>Deus</strong></span> <span class='ocrx_word' id='word_1_830' title='bbox 3014 5115 3282 5171; x_wconf 82' lang='lat' dir='ltr'><strong>exsistens</strong></span> <span class='ocrx_word' id='word_1_831' title='bbox 3308 5114 3569 5171; x_wconf 80' lang='lat' dir='ltr'><strong>Verbum.</strong></span> 
     </span>
    </p>
   </div>
   <div class='ocr_carea' id='block_1_110' title="bbox 2174 5205 3679 5274">
    <p class='ocr_par' dir='ltr' id='par_1_110' title="bbox 2174 5205 3679 5274">
     <span class='ocr_line' id='line_1_110' title="bbox 2174 5205 3679 5274; baseline 0.002 -13"><span class='ocrx_word' id='word_1_832' title='bbox 2174 5207 2331 5274; x_wconf 83' lang='lat' dir='ltr'><strong>Quod</strong></span> <span class='ocrx_word' id='word_1_833' title='bbox 2389 5217 2572 5262; x_wconf 87' lang='lat' dir='ltr'><strong>autem</strong></span> <span class='ocrx_word' id='word_1_834' title='bbox 2630 5205 2866 5262; x_wconf 74' lang='lat' dir='ltr'><strong>Verbum</strong></span> <span class='ocrx_word' id='word_1_835' title='bbox 2916 5209 3081 5265; x_wconf 87' lang='lat' dir='ltr'><strong>homo</strong></span> <span class='ocrx_word' id='word_1_836' title='bbox 3124 5209 3301 5264; x_wconf 85' lang='lat' dir='ltr'><strong>nostri</strong></span> <span class='ocrx_word' id='word_1_837' title='bbox 3352 5209 3552 5264; x_wconf 80' lang='lat' dir='ltr'><strong>similis</strong></span> <span class='ocrx_word' id='word_1_838' title='bbox 3600 5208 3679 5264; x_wconf 75' lang='lat' dir='ltr'><strong>lu-</strong></span> 
     </span>
    </p>
   </div>
   <div class='ocr_carea' id='block_1_111' title="bbox 2102 5300 3680 5373">
    <p class='ocr_par' dir='ltr' id='par_1_111' title="bbox 2102 5300 3680 5373">
     <span class='ocr_line' id='line_1_111' title="bbox 2102 5300 3680 5373; baseline 0.001 -19"><span class='ocrx_word' id='word_1_839' title='bbox 2102 5309 2251 5355; x_wconf 85' lang='lat' dir='ltr'><strong>ctum</strong></span> <span class='ocrx_word' id='word_1_840' title='bbox 2285 5301 2631 5355; x_wconf 81' lang='lat' dir='ltr'><strong>imtn&#39;utatum</strong></span> <span class='ocrx_word' id='word_1_841' title='bbox 2674 5314 2784 5355; x_wconf 86' lang='lat' dir='ltr'><strong>non</strong></span> <span class='ocrx_word' id='word_1_842' title='bbox 2831 5300 2926 5364; x_wconf 86' lang='lat' dir='ltr'><strong>sit,</strong></span> <span class='ocrx_word' id='word_1_843' title='bbox 2959 5300 3285 5373; x_wconf 79' lang='lat' dir='ltr'><strong>signiﬁcavit</strong></span> <span class='ocrx_word' id='word_1_844' title='bbox 3307 5301 3508 5356; x_wconf 81' lang='lat' dir='ltr'><strong>Paulus</strong></span> <span class='ocrx_word' id='word_1_845' title='bbox 3556 5301 3680 5370; x_wconf 80' lang='lat' dir='ltr'><strong>Spi-</strong></span> 
     </span>
    </p>
   </div>
   <div class='ocr_carea' id='block_1_112' title="bbox 2106 5391 3680 5448">
    <p class='ocr_par' dir='ltr' id='par_1_112' title="bbox 2106 5391 3680 5448">
     <span class='ocr_line' id='line_1_112' title="bbox 2106 5391 3680 5448; baseline -0.002 -1"><span class='ocrx_word' id='word_1_846' title='bbox 2106 5395 2211 5448; x_wconf 84' lang='lat' dir='ltr'><strong>ritu</strong></span> <span class='ocrx_word' id='word_1_847' title='bbox 2257 5393 2485 5448; x_wconf 81' lang='lat' dir='ltr'><strong>-alliatus</strong></span> <span class='ocrx_word' id='word_1_848' title='bbox 2518 5392 2766 5448; x_wconf 85' lang='lat' dir='ltr'><strong>dicens:</strong></span> <span class='ocrx_word' id='word_1_849' title='bbox 2825 5411 2844 5445; x_wconf 76' lang='grc' dir='ltr'>ι</span> <span class='ocrx_word' id='word_1_850' title='bbox 2897 5391 3058 5448; x_wconf 68' lang='lat' dir='ltr'><strong>Iesus</strong></span> <span class='ocrx_word' id='word_1_851' title='bbox 3110 5391 3362 5448; x_wconf 85' lang='lat' dir='ltr'><strong>Christus</strong></span> <span class='ocrx_word' id='word_1_852' title='bbox 3411 5391 3575 5446; x_wconf 87' lang='lat' dir='ltr'><strong>hodie</strong></span> <span class='ocrx_word' id='word_1_853' title='bbox 3623 5399 3680 5446; x_wconf 88' lang='lat' dir='ltr'><strong>et</strong></span> 
     </span>
    </p>
   </div>
   <div class='ocr_carea' id='block_1_113' title="bbox 2101 5483 3675 5554">
    <p class='ocr_par' dir='ltr' id='par_1_113' title="bbox 2101 5483 3675 5554">
     <span class='ocr_line' id='line_1_113' title="bbox 2101 5483 3675 5554; baseline -0.001 -18"><span class='ocrx_word' id='word_1_854' title='bbox 2101 5485 2246 5551; x_wconf 72' lang='lat' dir='ltr'><strong>lteri,</strong></span> <span class='ocrx_word' id='word_1_855' title='bbox 2283 5485 2400 5553; x_wconf 83' lang='lat' dir='ltr'><strong>ipse</strong></span> <span class='ocrx_word' id='word_1_856' title='bbox 2436 5495 2490 5540; x_wconf 88' lang='lat' dir='ltr'><strong>et</strong></span> <span class='ocrx_word' id='word_1_857' title='bbox 2527 5485 2581 5539; x_wconf 88' lang='lat' dir='ltr'><strong>in</strong></span> <span class='ocrx_word' id='word_1_858' title='bbox 2619 5485 2848 5552; x_wconf 54' lang='lat' dir='ltr'><strong>sucula;</strong></span> <span class='ocrx_word' id='word_1_859' title='bbox 2883 5504 2902 5538; x_wconf 77' lang='grc' dir='ltr'>ι</span> <span class='ocrx_word' id='word_1_860' title='bbox 2938 5501 3001 5540; x_wconf 87' lang='lat' dir='ltr'><strong>ac</strong></span> <span class='ocrx_word' id='word_1_861' title='bbox 3041 5499 3136 5554; x_wconf 87' lang='lat' dir='ltr'><strong>per</strong></span> <span class='ocrx_word' id='word_1_862' title='bbox 3168 5485 3301 5548; x_wconf 71' lang='lat' dir='ltr'><strong>fieri,</strong></span> <span class='ocrx_word' id='word_1_863' title='bbox 3338 5483 3675 5552; x_wconf 66' lang='lat' dir='ltr'><strong>prctcritum</strong></span> 
     </span>
    </p>
   </div>
   <div class='ocr_carea' id='block_1_114' title="bbox 2107 5571 3677 5644">
    <p class='ocr_par' dir='ltr' id='par_1_114' title="bbox 2107 5571 3677 5644">
     <span class='ocr_line' id='line_1_114' title="bbox 2107 5571 3677 5644; baseline -0.005 -12"><span class='ocrx_word' id='word_1_864' title='bbox 2107 5587 2320 5644; x_wconf 67' lang='lat' dir='ltr'><strong>tempus</strong></span> <span class='ocrx_word' id='word_1_865' title='bbox 2361 5575 2596 5643; x_wconf 73' lang='lat' dir='ltr'><strong>indicat;</strong></span> <span class='ocrx_word' id='word_1_866' title='bbox 2641 5592 2738 5644; x_wconf 83' lang='lat' dir='ltr'><strong>per</strong></span> <span class='ocrx_word' id='word_1_867' title='bbox 2785 5576 2962 5639; x_wconf 81' lang='lat' dir='ltr'><strong>hodie,</strong></span> <span class='ocrx_word' id='word_1_868' title='bbox 3011 5587 3288 5644; x_wconf 62' lang='lat' dir='ltr'><strong>praesens;</strong></span> <span class='ocrx_word' id='word_1_869' title='bbox 3334 5589 3431 5644; x_wconf 84' lang='lat' dir='ltr'><strong>per</strong></span> <span class='ocrx_word' id='word_1_870' title='bbox 3483 5571 3677 5625; x_wconf 71' lang='lat' dir='ltr'><strong>saecula</strong></span> 
     </span>
    </p>
   </div>
   <div class='ocr_carea' id='block_1_115' title="bbox 2107 5665 3676 5739">
    <p class='ocr_par' dir='ltr' id='par_1_115' title="bbox 2107 5665 3676 5739">
     <span class='ocr_line' id='line_1_115' title="bbox 2107 5665 3676 5739; baseline -0.004 -15"><span class='ocrx_word' id='word_1_871' title='bbox 2107 5684 2262 5735; x_wconf 70' lang='lat' dir='ltr'><strong>vero,</strong></span> <span class='ocrx_word' id='word_1_872' title='bbox 2297 5681 2533 5739; x_wconf 73' lang='lat' dir='ltr'><strong>prmscns</strong></span> <span class='ocrx_word' id='word_1_873' title='bbox 2565 5677 2616 5722; x_wconf 87' lang='lat' dir='ltr'><strong>ct</strong></span> <span class='ocrx_word' id='word_1_874' title='bbox 2645 5668 2904 5723; x_wconf 77' lang='lat' dir='ltr'><strong>futurum.</strong></span> <span class='ocrx_word' id='word_1_875' title='bbox 2929 5666 2999 5721; x_wconf 84' lang='lat' dir='ltr'><strong>At</strong></span> <span class='ocrx_word' id='word_1_876' title='bbox 3031 5665 3078 5719; x_wconf 91' lang='lat' dir='ltr'><strong>si</strong></span> <span class='ocrx_word' id='word_1_877' title='bbox 3100 5671 3292 5734; x_wconf 83' lang='lat' dir='ltr'><strong>putant</strong></span> <span class='ocrx_word' id='word_1_878' title='bbox 3322 5679 3381 5720; x_wconf 88' lang='lat' dir='ltr'><strong>se</strong></span> <span class='ocrx_word' id='word_1_879' title='bbox 3418 5677 3676 5736; x_wconf 74' lang='lat' dir='ltr'><strong>magnum</strong></span> 
     </span>
    </p>
   </div>
  </div>
