4094 6300
552 390 653 453 967
1795 384 2105 445 ΕΠΡΠῩΜ
2121 383 2169 443 ll

2136 385 2175 443 .1
2217 381 2583 443 ZIGABENI
2854 362 2857 365 ’
3103 362 3119 375 ’
3674 394 3753 457 958

554 503 759 571 aliquid
797 502 1157 571 excogitasse,
1200 500 1343 568 quod
1377 514 1479 568 per
1503 498 1615 551 heri
1649 507 1702 551 et
1742 498 1915 559 hodie,
1949 510 2139 550 recen-

2131 523 2139 537 -
2171 504 2211 554 Α
2244 495 2560 566 μέλλοντος,
2581 495 2661 559 τὸ,
2681 496 2762 558 είς
2787 494 2915 556 τοὺς
2942 492 3164 556 αίῶνας.
3187 493 3248 547 Εἰ
3268 492 3320 546 δὲ
3341 494 3530 550 οῖονταί
3551 516 3595 551 τι
3620 506 3748 570 σοφὶν

557 607 661 649 tum
698 595 1025 665 intelligant,
1051 592 1121 645 ita
1154 591 1545 645 centendcules
1568 607 1581 643 :
1607 588 1706 655 Qui
1740 588 1858 642 heri
1889 599 1946 642 et
1977 586 2141 641 hodie

2135 606 2141 638 ε
2248 587 2648 657 ἐννενοηκέναι,
2680 586 2740 639 τὸ
2772 585 2912 656 χθές
2961 588 3057 639 καὶ
3088 586 3353 653 σήμερον
3376 588 3488 639 ἀντὶ
3519 590 3599 642 τοῦ
3620 610 3752 663 προσ.

556 697 661 752 est,
694 687 968 756 quomodo
1007 684 1076 738 sit
1111 682 1273 737 etiam
1307 682 1362 735 in
1399 681 1633 737 sarcula?
1666 679 2060 735 transferemus
2088 687 2144 733 et

2138 696 2144 731 ‘.
2249 682 2422 750 φάτου
2450 680 2752 749 δεχόμενοι,
2787 679 3185 745 διατεινόμενοί
3216 696 3272 731 τε
3298 679 3388 731 καὶ
3430 680 3670 748 λέγοντες,
3703 687 3755 741 '0

561 796 657 835 nos
707 775 1152 845 interrogationis
1199 774 1308 827 vim
1368 774 1424 827 in
1475 772 1851 829 contrarium:
1902 771 2139 826 Verbum

2135 791 2139 823 ι
2247 774 2373 845 χθὲς
2413 774 2508 828 καὶ
2543 774 2808 845 σήμερον,
2837 773 2953 836 πῶς
2981 772 3047 826 ἂν
3081 773 3166 842 εῐη
3195 773 3289 825 καὶ
3320 773 3397 836 tl;
3425 778 3539 837 τοὺς
3568 778 3707 831 αἰῶνα
3744 800 3752 845 ;

558 875 699 925 ιιιίιιι
737 871 1007 925 exsistens
1053 868 1107 920 in
1178 868 1397 932 saecula,
1452 882 1559 934 quo
1602 875 1759 934 pacto
1797 865 2024 935 recipiat
2085 866 2139 918 in

2137 909 2139 916 ,
2252 868 2666 937 μεταστήσομεν
2693 867 2787 919 καὶ
2809 867 2968 936 ἡμεῖς
2985 866 3086 937 τὴν
3106 866 3207 936 τῆς
3227 865 3535 937 ἐρωτήσεως
3552 869 3754 939 δύναμιν,

560 979 617 1015 :0
651 963 838 1015 heiiet
869 957 1072 1011 hodie?
1117 957 1396 1025 Siquidem
1446 965 1529 1010 est
1575 969 1718 1008 unus
1767 954 2037 1018 Christus,
2086 962 2141 1007 et

2214 962 2325 1022 κείς
2358 962 2418 1013 τὸ
2451 960 2575 1030 ἕχον
2622 960 2903 1021 ἐναντίως.
2940 960 3004 1014 ’0
3034 960 3144 1029 γὰρ
3191 963 3270 1023 εὶς
3325 962 3447 1023 τοὺς
3493 964 3666 1026 αἰῶνας
3702 965 3757 1017 ὢν

562 1071 671 1109 non
713 1065 797 1107 est
831 1052 1063 1117 divisus,
1114 1052 1267 1120 juxta
1305 1049 1476 1104 divini
1530 1048 1673 1101 illius
1726 1047 1873 1100 Pauli
1930 1062 2135 1101 vocem.

2246 1053 2440 1121 Λόγος,
2464 1053 2581 1115 πῶς
2607 1052 2675 1106 ἂν
2700 1052 2858 1104 λάϐοι
2885 1052 2946 1105 τὸ
2971 1052 3098 1123 χθὲς
3127 1055 3220 1105 καὶ
3245 1054 3477 1123 σήμερον
3498 1056 3574 1121 ἐφ’
3599 1056 3754 1125 ἑαυτῷ,

566 1146 843 1213 Scriptum
873 1143 1018 1195 enim
1058 1151 1141 1194 est
1174 1142 1242 1195 de
1281 1141 1442 1194 beato
1492 1140 1751 1209 Baptista,
1783 1139 1928 1208 quod
1966 1158 1982 1190 ι
2011 1139 2142 1193 Pos-

2247 1147 2407 1214 εῐπερ
2436 1147 2586 1198 ἐστὶν
2618 1141 2699 1208 εἷς
2741 1147 2770 1197 ό
2799 1144 3057 1215 Χριστὸς,
3091 1147 3186 1197 καὶ
3215 1145 3276 1198 οῦ
3320 1145 3621 1215 μεμέρισται
3648 1151 3759 1201 κατὰ

565 1238 726 1291 tridae
764 1236 910 1290 videt
941 1236 1129 1288 Jesum
1158 1234 1465 1288 venientem
1495 1235 1673 1298 ad.se,
1709 1243 1764 1286 et
1802 1234 1971 1288 dicit:
2004 1231 2145 1285 Ecce

2141 1253 2145 1281 ι
2247 1236 2345 1306 τὴν
2377 1238 2470 1289 τοῦ
2506 1237 2797 1290 θεσπεσίου
2837 1237 3052 1291 Παύλου
3106 1238 3315 1308 φωνήν.
3348 1238 3631 1306 Γέγραπται
3661 1242 3758 1307 γοῦν

559 1328 744 1397 Agnus
794 1326 909 1393 Dei,
958 1324 1054 1395 qui
1089 1323 1227 1379 tollit
1257 1333 1543 1393 peccatum
1578 1323 1786 1377 mundi.
1830 1321 1929 1377 llic
1970 1322 2146 1378 estde

2143 1345 2146 1369 ἑ
2250 1332 2380 1399 περὶ
2428 1329 2522 1383 τοῦ
2562 1330 2838 1399 μακαρίου
2884 1329 3319 1394 Βαπτιστοῦ,ὃτι
3366 1348 3384 1382 ι
3436 1330 3509 1399 Τῇ
3546 1331 3760 1402 ἐπαύριον

564 1437 673 1491 quo
719 1422 875 1475 dixi:
908 1421 1037 1477 Post
1078 1437 1164 1476 me
1210 1422 1358 1476 venit
1404 1420 1509 1488 vir,
1550 1421 1640 1489 qui
1688 1429 1813 1474 ante
1858 1435 1943 1475 me
1975 1422 2146 1475 factus

2143 1456 2146 1470 .
2250 1418 2436 1487 βλέπει
2460 1418 2790 1489 τὸνθΊησοῦν
2810 1420 3111 1490 ἐρχόμενον
3147 1419 3281 1491 πρὸς
3312 1421 3487 1485 αὐτὸν,
3506 1424 3591 1473 καὶ
3617 1424 3760 1490 λέγει·

566 1523 672 1577 est,
719 1512 846 1581 quia
890 1513 1038 1581 prior
1088 1527 1173 1567 me
1224 1522 1362 1577 erat,
1414 1520 1468 1567 et
1516 1526 1615 1581 ego
1647 1512 1953 1566 nesciebam
1995 1526 2143 1575 eum,

2253 1509 2357 1565 Ἴδε
2379 1513 2406 1563 6
2423 1510 2618 1580 Ἀμνὸς
2635 1511 2729 1565 τοῦ
2755 1511 2956 1577 Θεοῦ,ό
2978 1511 3150 1582 αἴρων
3175 1513 3449 1582 ἁμαρτίαν
3471 1514 3557 1566 τοῦ
3581 1516 3764 1583 κόσμου,

569 1606 664 1660 sed
698 1616 759 1661 ut
804 1604 1188 1660 manifestetur
1237 1605 1289 1657 in
1337 1603 1524 1670 Israel,
1556 1614 1840 1672 propterea
1890 1603 2007 1657 veni
2048 1618 2146 1672 ego
2182 1598 2186 1651 1

2182 1598 2220 1651 Β
2247 1604 2400 1674 οὗτός
2443 1613 2560 1663 ἐστι
2603 1608 2734 1679 περὶ
2776 1600 2837 1659 οῦ
2887 1602 2999 1673 ἐγὼ
3030 1600 3204 1657 εἷπον·
3242 1601 3444 1654 Ὀπίσω
3475 1616 3567 1671 μου
3594 1601 3764 1669 ἔρχεται

569 1696 625 1751 in
673 1712 816 1766 aqua
866 1696 1153 1766 baptizans
1204 1699 1243 1752 ⁸.
1282 1716 1302 1749 ι
1333 1695 1595 1765 intelligis
1652 1697 1838 1765 itaque
1877 1697 2147 1765 quomodo

2249 1704 2411 1775 ἀνὴρ,
2463 1702 2521 1766 ὃς
2566 1699 2877 1771 ἔμπροσθέν
2916 1714 3019 1768 μου
3061 1696 3310 1763 γέγονεν,
3348 1694 3430 1748 ὅτι
3468 1692 3658 1760 πρῶτός
3691 1689 3764 1761 μού

566 1790 743 1841 virum
814 1803 1031 1848 vocans,
1090 1803 1396 1857 agnumque
1456 1790 1631 1858 ipsum
1685 1786 1983 1858 appellans,
2039 1801 2146 1842 non

2249 1799 2388 1860 ἐστι,
2418 1792 2574 1863 κάγὼ
2603 1795 2705 1846 οὐκ
2747 1789 2887 1846 εἶδον
2934 1789 3118 1853 αὐτὸν,
3156 1788 3274 1842 ἀλλ’
3328 1787 3411 1839 ἴνα
3436 1784 3688 1855 φανερωθῇ
3711 1782 3769 1853 τῷ

569 1878 733 1931 alium
773 1891 896 1930 esse
946 1877 1077 1930 dicit
1109 1877 1201 1943 qui
1251 1876 1643 1945 tollitpeccata
1691 1876 1896 1942 mundi,
1942 1887 1997 1929 et
2042 1891 2150 1929 ma-

2146 1905 2150 1915 '
2264 1885 2501 1957 Ἰσραὴλ,
2536 1883 2624 1937 διὰ
2657 1881 2814 1937 τοῦτο
2860 1877 3023 1953 ἦλθον
3056 1879 3167 1948 ἐγὼ
3199 1880 3258 1932 ὲν
3297 1877 3448 1931 ῦδατι
3481 1874 3763 1945 βαπτίζων.»

569 1982 728 2037 gnam
767 1967 909 2021 hanc
949 1975 1112 2035 atque
1158 1966 1480 2022 immensam
1526 1968 1876 2037 divinamque
1918 1967 2149 2037 dignita-

2251 1974 2418 2039 Σύνες
2446 1968 2537 2027 οῦν
2577 1974 2723 2035 ὅπως
2751 1971 2923 2042 ἄνδρα
2960 1970 3153 2038 λέγων,
3203 1968 3300 2022 καὶ
3346 1967 3510 2037 ἀμνὸν
3544 1962 3771 2033 ὀνομάζων

569 2068 676 2113 tem
704 2061 753 2113 ei
778 2059 988 2113 tribuit.
1026 2059 1167 2113 Ante
1199 2073 1328 2114 vero
1366 2074 1430 2113 ac
1460 2060 1694 2128 priorem
1720 2074 1781 2114 se
1823 2058 2023 2114 factum
2052 2060 2147 2126 ait,

2251 2064 2435 2129 αὑτὸν,
2465 2065 2565 2135 οὐχ
2597 2062 2785 2135 ἕτερον
2815 2057 2955 2115 εἷναί
2984 2078 3118 2131 φησι
3144 2059 3237 2113 τὸν
3270 2059 3491 2129 αἴροντα
3513 2055 3599 2125 τὴν
3626 2055 3769 2123 ἁμαρ-

569 2152 695 2206 licet
738 2150 1007 2220 posterior
1067 2148 1268 2214 fuerit,
1319 2150 1529 2204 ratione
1578 2151 1834 2206 nimirum
1892 2152 2150 2221 temporis

2250 2160 2371 2213 τίαν
2412 2157 2505 2211 τοῦ
2558 2156 2788 2227 κόσμου,
2829 2154 2926 2207 καὶ
2971 2153 3031 2206 τὸ
3076 2152 3222 2222 μέγα
3267 2148 3424 2203 τοῦτο
3470 2148 3557 2202 καὶ
3586 2145 3773 2212 ἐξαίσιον

570 2255 678 2311 quo
725 2242 1022 2295 secundum
1073 2255 1295 2294 carnem
1345 2250 1505 2295 natus
1550 2250 1653 2296 est.
1712 2241 1973 2308 Quamvis
2002 2242 2147 2296 eltim

2251 2249 2469 2323 ἀληθῶς
2535 2247 2631 2302 καὶ
2718 2246 3021 2317 θεοπρεπὲς
3094 2243 3315 2312 ἀξίωμα
3396 2238 3774 2311 προσνενέμηκεν

574 2334 892 2387 Emmanuel
936 2341 1203 2403 quatenus
1252 2334 1411 2387 homo
1458 2342 1581 2402 post
1631 2333 1778 2388 illum
1825 2343 1984 2389 natus
2028 2333 2148 2399 fuit,

2252 2340 2418 2412 αὐτῷ.
2463 2338 2816 2411 Ἐμπροσθεν
2854 2338 2913 2390 δὲ
2956 2336 3051 2391 καὶ
3092 2334 3314 2406 πρῶτον
3361 2330 3599 2401 γενέσθαι
3648 2329 3776 2397 φησὶν

571 2435 687 2482 erat
717 2435 893 2479 tamen
939 2434 1064 2479 ante
1104 2425 1286 2479 omnia
1316 2427 1535 2494 saecula,
1583 2438 1641 2481 ut
1692 2426 1851 2481 Deus.
1892 2427 2188 2506 Ejusdem,

2175 2453 2219 2509 ο
2251 2432 2440 2497 αὐτοῦ,
2472 2431 2648 2486 καίτοι
2678 2429 2910 2483 κατόπιν
2946 2426 3263 2498 γενόμενον,
3297 2424 3437 2478 κατά
3465 2422 3526 2490 γέ
3562 2436 3684 2488 φημι
3710 2417 3776 2469 τὸν

573 2516 757 2585 itaque
801 2528 883 2570 εει
923 2525 976 2569 et
1024 2525 1299 2571 recentem
1347 2530 1470 2572 esse
1518 2517 1724 2571 ratione
1767 2517 2015 2571 humanae
2054 2533 2148 2571 na-

2250 2528 2350 2596 τῆς
2393 2524 2536 2578 κατὰ
2589 2523 2769 2593 σάρκα
2803 2522 3109 2591 γεννήσεως
3156 2516 3372 2589 χρόνον.
3430 2516 3489 2569 Εἰ
3533 2513 3629 2584 γάρ
3664 2513 3778 2563 ἐστιν

576 2618 733 2670 Iurae,
769 2617 824 2661 et
850 2615 1137 2670 :eternum,
1168 2607 1381 2662 ratione
1418 2610 1632 2662 divinae.
1677 2607 1885 2663 Idcirco
1921 2617 1978 2664 et
2018 2624 2153 2677 prae-

2252 2615 2509 2686 ὸψιγενὴς
2540 2613 2677 2667 καθὸ
2705 2612 2990 2681 ἄνθρωπος
3014 2611 3042 2664 6
3085 2605 3455 2679 Ἐμμανουήλ,
3491 2604 3595 2658 ἀλλ’
3620 2598 3676 2672 ἦν
3700 2598 3778 2668 πρ)

574 2698 946 2752 stantissimus
1003 2698 1092 2752 ille
1144 2696 1377 2764 Petrus,
1426 2712 1533 2751 non
1590 2699 1791 2752 nudum
1840 2706 1896 2753 et
1950 2700 2151 2768 absque

2253 2706 2455 2769 παντὸς
2510 2705 2705 2768 αἰῶνος
2761 2705 2837 2768 ὡς
2884 2703 3036 2765 Θεός.
3072 2699 3252 2753 Αὑτοῦ
3304 2696 3579 2768 τοιγαροῦν
3622 2693 3700 2747 καὶ
3737 2690 3781 2743 τὸ

575 2804 741 2843 carne
786 2789 1087 2857 reSpiciens
1146 2788 1404 2854 Verbum,
1457 2789 1548 2843 sed
1599 2789 1741 2858 quod
1793 2789 1845 2843 in
1884 2804 2047 2844 carne
2097 2799 2152 2844 et

2254 2800 2567 2871 πρόσφατον
2600 2794 2979 2867 ἀνθρωπίνως,
3011 2793 3104 2848 καὶ
3143 2792 3205 2845 τὸ
3245 2791 3417 2846 ἀΐδιον
3448 2789 3645 2850 θεῐκῶς,
3677 2781 3782 2836 ταύ-

576 2881 841 2951 sanguine
879 2892 1244 2951 apparuerat,
1293 2881 1632 2935 manifestam
1692 2889 1746 2936 et
1790 2881 2150 2936 certissimam

2251 2910 2322 2965 τῃ
2352 2911 2434 2947 τοι
2461 2892 2554 2945 καὶ
2594 2893 2621 2945 6
2650 2890 2985 2961 πανάριστος
3038 2886 3281 2957 Πέτρος,
3332 2886 3392 2937 οὐ
3440 2881 3649 2953 γυμνὸν,
3687 2875 3783 2931 οὐδὲ

577 2974 703 3031 lidei
740 2974 794 3029 in
840 2975 1013 3045 ipsum
1057 2974 1450 3045 professionem
1499 2974 1634 3037 edit,
1666 2975 1893 3029 dicens:
1928 2993 1947 3029 ι
1982 2973 2061 3028 Tu
2093 2990 2153 3030 es

2254 2984 2494 3054 ἄσαρκον
2523 2979 2943 3050 καταθεώμενον
2967 2978 3055 3033 τὸν
3079 2977 3274 3046 Λόγον,
3309 2975 3423 3031 ἀλλ’
3452 2976 3509 3028 ὲν
3536 2973 3679 3043 σαρκὶ
3713 2967 3788 3021 καὶ

576 3065 835 3122 Christus
865 3065 1034 3122 Filius
1065 3065 1160 3121 Dei
1192 3066 1320 3120 vivi.
1353 3083 1373 3117 ›
1411 3065 1507 3120 Cui
1540 3063 1789 3119 Christus
1828 3067 2103 3134 respondit
2134 3082 2149 3119 :

2252 3075 2447 3145 αἵματι
2504 3072 2803 3142 πεφηνότα,
2844 3070 3031 3139 σαφῶς
3069 3087 3131 3123 τε
3171 3069 3271 3123 καὶ
3319 3064 3563 3128 ἀπλανῶς
3602 3063 3688 3132 τῆς
3727 3059 3788 3121 είς

584 3159 810 3215 «Beatus
832 3175 911 3224 es,
927 3158 1138 3223 Simon,
1162 3158 1235 3213 ﬁli
1255 3157 1424 3223 .lonm,
1441 3159 1565 3226 quia
1585 3172 1714 3213 caro
1736 3167 1789 3213 et
1804 3160 2023 3228 sanguis
2046 3173 2153 3213 non

2255 3162 2419 3217 αὐτὸν
2461 3160 2700 3223 πίστεως
2743 3159 2845 3231 τὴν
2888 3157 3147 3212 ἀπόδοσιν
3196 3158 3457 3217 ἐποιεῖτο,
3488 3154 3664 3221 λέγων.
3696 3148 3788 3199 «Σὺ

578 3252 839 3307 revelavit
864 3250 984 3316 tibi,
1017 3251 1111 3306 sed
1143 3249 1305 3305 Pater
1333 3264 1488 3304 meus
1521 3249 1610 3317 qui
1645 3256 1730 3304 est
1764 3249 1818 3304 in
1849 3249 2006 3305 caelis
2053 3246 2097 3304 ’.
2129 3267 2148 3301 ι

2255 3250 2305 3307 εί
2331 3256 2359 3307 ό
2383 3252 2638 3324 Χριστὸς,
2674 3254 2702 3305 ό
2730 3251 2859 3314 Υἱὸς
2886 3250 2979 3304 τοῦ
3005 3248 3139 3302 Θεοῦ
3173 3248 3272 3302 τοῦ
3299 3247 3495 3313 ζῶντος
3537 3263 3553 3296 ι
3597 3240 3788 3308 Ἀκήκοε

580 3340 644 3395 At
684 3342 784 3395 nisi
824 3341 991 3395 altum
1040 3353 1229 3396 revera
1275 3350 1359 3394 est
1397 3339 1739 3409 mysterium,
1769 3349 1823 3394 et
1862 3339 2003 3394 Deus
2036 3349 2157 3395 erat

2254 3346 2311 3398 δὲ
2342 3345 2480 3416 πρὸς
2506 3342 2682 3396 τοῦτο·
2723 3342 3040 3411 «Μακάριος
3072 3336 3142 3405 εἴ,
3176 3340 3385 3410 Σίμων,
3413 3337 3523 3407 Bap
3557 3335 3707 3393 Ἰωνᾶ,
3728 3330 3790 3381 ὅτι

584 3435 637 3488 in
688 3448 853 3487 carne
883 3450 897 3486 :
929 3431 1092 3485 homo
1124 3438 1325 3495 autem,
1378 3438 1438 3483 ut
1470 3429 1568 3498 ipsi
1604 3427 1809 3493 volunt,
1840 3428 2154 3485 ﬁliationem

2258 3434 2397 3507 σὰρξ
2427 3434 2521 3487 καὶ
2566 3427 2705 3503 αἷμα
2747 3432 2846 3486 οὐκ
2890 3430 3209 3500 ἀπεκάλυψέ
3257 3447 3362 3493 σοι,
3408 3427 3518 3483 ἀλλ’
3564 3427 3590 3478 6
3636 3421 3790 3489 Πατήρ

581 3537 680 3591 per
727 3522 956 3591 gratiam
1013 3527 1366 3586 consecutus,
1408 3519 1680 3588 quomodo
1724 3518 1954 3588 indiguit
2008 3529 2157 3575 tanto

2259 3546 2385 3598 μου,
2443 3529 2473 3580 6
2519 3530 2577 3580 ὲν
2628 3528 2742 3588 τοῖς
2800 3525 3071 3595 οὐρανοῖς.
3100 3543 3118 3577 ι
3194 3523 3337 3577 Ἀλλ’
3378 3523 3426 3575 ει
3487 3519 3559 3590 μὴ
3601 3514 3715 3587 βαθὺ
3747 3510 3792 3562 τὸ

582 3613 826 3682 mysterii
870 3612 1120 3676 doctore,
1157 3613 1293 3665 adeo
1338 3620 1398 3665 ut
1449 3624 1610 3665 nemo
1643 3610 1951 3664 mortalium
1986 3609 2151 3667 disci-

2260 3621 2584 3692 μυστήριον,
2613 3618 2706 3672 καὶ⁵
2739 3617 2869 3681 Θεὸς
2899 3613 2968 3687 ἦν
3007 3617 3065 3668 ὲν
3094 3614 3286 3686 σαρκὶ,
3326 3613 3601 3682 ἄνθρωπος
3621 3606 3669 3660 δὲ
3698 3599 3790 3656 κατ’

579 3707 706 3777 pulo
731 3706 1000 3769 revelarit,
1034 3706 1126 3761 sed
1159 3720 1188 3759 a
1217 3705 1378 3760 Patre
1407 3704 1522 3774 ipso
1544 3704 1597 3758 id
1619 3703 1846 3759 edoctus
1874 3704 1984 3759 sit?
2013 3703 2154 3772 Quin

2201 3783 2207 3784 γ
2258 3714 2477 3778 αὐτοὺς,
2522 3712 2705 3784 χάριτι
2735 3711 2836 3779 τὴν
2874 3707 3145 3762 υἱοθεσίαν
3186 3707 3354 3776 ἔχων,
3397 3705 3509 3766 πῶς
3538 3702 3600 3756 ἂν
3636 3692 3791 3765 ἐδεήθη

579 3809 635 3855 et
663 3796 911 3867 discipuli
943 3812 1066 3851 cum
1104 3795 1253 3850 illum
1291 3795 1583 3864 aliquando
1613 3795 1666 3849 in
1710 3794 1844 3848 mari
1890 3795 2153 3853 obambu-
2185 3784 2196 3839 l

2185 3783 2230 3839 Β
2255 3804 2514 3860 τοσούτου
2545 3800 2928 3874 μυσταγωγοῦ,
2974 3800 3051 3863 ὡς
3085 3798 3294 3869 μηδένα
3328 3797 3427 3868 μὲν
3462 3792 3565 3847 τῶν
3604 3790 3687 3843 ἐπὶ
3716 3785 3791 3852 τῆς

580 3890 782 3944 luulem
819 3886 1115 3957 conspicati
1152 3896 1360 3951 essent,
1392 3886 1608 3940 attoniti
1652 3885 1915 3941 miraculo
1941 3885 2153 3956 profes-

2256 3898 2363 3967 γῆς
2420 3893 2771 3964 ἀποκαλύψαι
2827 3892 2905 3963 τῷ
2963 3891 3204 3963 μαθητῇ.
3258 3887 3547 3957 παιδευτὴν
3590 3884 3639 3936 δὲ
3688 3876 3792 3948 πρὸς

580 3982 786 4035 sionem
824 3978 944 4035 ﬁdei
981 3993 1093 4033 sua:
1115 3978 1426 4043 ediderunt,
1451 3976 1693 4032 dicentes
1724 3994 1737 4032 :
1773 3994 1793 4029 ι
1820 3976 1960 4032 Vere
1985 3970 2153 4032 Filius

2256 3988 2417 4043 τοῦτο
2464 3987 2649 4058 λαχεῖν
2703 3984 2864 4039 αὐτὸν
2917 3984 3007 4038 τὸν
3052 3983 3307 4054 Πατέρα;
3346 3981 3455 4035 Καὶ
3498 3978 3596 4049 μὴν
3642 3973 3722 4027 καὶ
3757 3971 3792 4021 οί

580 4072 673 4126 Dei
702 4088 759 4127 es
805 4080 847 4126 ³.
884 4091 903 4124 ι
945 4072 1014 4125 At
1047 4073 1093 4127 si
1121 4073 1319 4127 nothus
1346 4080 1401 4126 et
1430 4070 1548 4124 falsi
1584 4070 1817 4125 nominis
1838 4081 1941 4135 est,
1967 4081 2021 4126 et
2044 4072 2155 4125 ad-

2260 4078 2539 4135 θεσπέσιοι
2568 4076 2835 4148 μαθηταὶ,
2869 4074 3154 4129 διαθέοντα
3185 4072 3320 4127 ποτὲ
3345 4072 3441 4143 τῆς
3477 4068 3719 4134 θαλάττης
3741 4060 3792 4111 τὰ

583 4162 865 4216 ventitium
916 4161 966 4216 ei
1016 4170 1101 4215 est
1149 4159 1293 4230 quod
1347 4159 1421 4214 sit
1473 4159 1665 4225 Filius,
1724 4160 1988 4214 mendacii
2038 4161 2156 4217 illos

2255 4170 2402 4227 νῶτα
2430 4170 2738 4241 βλέποντες,
2768 4167 3220 4238 κατατεθήπεσαν
3257 4164 3359 4237 μὲν
3393 4163 3489 4234 τὴν
3523 4155 3790 4241 θεοσημίαν,

583 4263 833 4320 arguant,
871 4253 1010 4319 quod
1035 4261 1089 4305 et
1109 4250 1467 4320 jurejurando
1492 4250 1901 4306 conﬁrmarunt.
1929 4252 2158 4320 Adjece-

2255 4240 2568 4333 ὡμολόγουν
2602 4260 2659 4314 δὲ
2685 4261 2785 4331 τὴν
2829 4260 3037 4323 πίστιν,
3069 4258 3342 4326 λέγοντεςο
3387 4272 3406 4307 ι
3443 4250 3662 4322 Ἀληθῶς
3686 4240 3792 4298 Θεοῦ

586 4351 709 4393 runt
735 4342 902 4406 enim,
940 4359 959 4391 ι
990 4355 1136 4406 vere,
1167 4358 1185 4391 ι
1209 4350 1585 4395 asseverantes
1619 4340 1793 4409 ipsum
1818 4355 1939 4396 esse
1962 4342 2159 4396 Filium

2260 4353 2387 4417 Υἱὸς
2431 4347 2500 4404 εἴ.
2528 4370 2547 4403 ι
2609 4350 2751 4404 Ἀλλ’
2793 4351 2844 4403 εἰ
2885 4348 3039 4411 νόθος
3072 4347 3191 4401 ἐστὶ
3222 4347 3317 4401 καὶ
3343 4343 3689 4416 ψευδώνυμος,
3721 4333 3791 4387 καὶ

585 4428 679 4484 Ποῖ
707 4445 769 4483 ac
803 4430 1000 4484 Ρὶητίδ·
2261 4442 2571 4513 εἰσποιητὸν
2619 4442 2730 4513 ἔχει
2772 4442 2833 4495 τὸ
2863 4436 3002 4495 εἶναι
3032 4440 3181 4505 Υίὸς,
3220 4439 3617 4507 ἐγκαλείτωσαν
3647 4429 3794 4485 αὐτοῖς

583 4521 681 4593 τὴν
706 4519 1089 4591 ψευδηγορίαν,
1125 4522 1221 4575 καὶ
1250 4520 1409 4574 τοῦτο
1451 4521 1794 4593 ὀμωμοκόσι.
1841 4527 2272 4595 Προστεθείκασι
2340 4534 2448 4605 γὰρ
2494 4534 2575 4600 τὸ,
2607 4534 2843 4605 ἀληθῶς,
2908 4535 3037 4590 Υίὸν
3110 4532 3275 4587 αὐτὸν
3319 4528 3461 4585 εἷναι
3506 4520 3793 4582 διαϐεϐαιού-

587 4636 739 4693 μενοι
762 4618 857 4673 τοῦ
889 4616 1025 4671 Θεοῦ
1057 4619 1151 4671 καὶ
1179 4618 1413 4689 Πατρός.

657 4714 714 4769 Β.
760 4712 975 4783 Optime
1009 4711 1217 4767 dixisti.

2341 4718 2400 4771 Β.
2442 4719 2677 4788 "Aptata
2712 4719 2868 4790 ἔφης.

659 4808 724 4861 Δ.
762 4807 878 4872 Quo
907 4815 1066 4874 pacto
1106 4815 1285 4860 autem
1322 4804 1487 4859 etiam
1523 4805 1770 4875 prOprios
1801 4808 1963 4865 habet
2000 4825 2165 4880 ange-

2341 4811 2406 4864 A.
2437 4809 2561 4873 Πῶς
2590 4811 2647 4864 δὲ
2692 4813 2785 4864 καὶ
2826 4811 2988 4873 ἰδίους
3022 4808 3133 4880 ἔχει
3176 4808 3305 4871 τοὺς
3348 4805 3602 4875 ἀγγέλους
3644 4802 3667 4852 .'.
3700 4796 3793 4855 Υίὶς

588 4898 670 4953 los
705 4899 873 4952 Filius
908 4900 1164 4961 hominis,
1210 4905 1266 4952 et
1310 4896 1556 4967 splendet
1588 4897 1642 4951 in
1676 4898 1846 4968 gloria
1876 4899 2053 4956 Patris
2082 4903 2164 4956 sui

2270 4900 2363 4954 τοῦ
2413 4900 2732 4972 ἀνθρώπου,
2786 4898 3078 4970 διαπρέπει
3123 4899 3178 4952 δὲ
3230 4899 3325 4954 καὶ
3371 4898 3430 4951 ἐν
3469 4899 3532 4967 τῇ
3579 4892 3690 4966 δόξῃ
3724 4884 3796 4939 ταῦ

585 5007 710 5047 cum
763 4991 970 5061 angelis
1024 4990 1217 5046 suis‘?
1252 4989 1319 5044 Et
1374 5004 1602 5044 rursus:
1661 5006 1678 5039 ι
1721 4986 1787 5042 Et
1841 4988 2019 5042 mittet
2072 4987 2163 5041 Fi-

2264 4990 2479 5060 Πατρὸς
2502 4990 2671 5044 αὑτοῦ
2698 4990 2838 5061 μετὰ
2860 4991 2970 5044 τῶν
2998 4988 3247 5059 ἀγγέλων
3273 4988 3441 5042 αὐτοῦ
3459 5029 3476 5055 ,
3507 4986 3606 5060 Κειὶ
3628 4984 3761 5038 πάλιν
3781 4994 3792 5008 ·

589 5086 694 5139 lius
754 5082 992 5138 hominis
1034 5081 1254 5151 angelos
1301 5096 1433 5137 suos
1453 5081 1496 5135 ⁵.
1540 5100 1559 5133 ι
1595 5079 1651 5135 Si
1694 5095 1824 5136 vero
1875 5081 2056 5135 adlmc
2105 5081 2167 5136 ll-

2269 5102 2287 5135 ι
2317 5085 2424 5136 Καὶ
2454 5082 2748 5136 ἀποστελεῖ
2774 5084 2803 5136 6
2834 5083 2961 5147 Υἱὸς
2986 5080 3081 5136 τοῦ
3114 5080 3407 5150 ἀνθρώπου
3432 5083 3551 5142 τοὺς
3572 5077 3794 5146 ἀγγέλους

588 5176 711 5231 dem
757 5175 1022 5243 derogant
1045 5180 1104 5227 et
1158 5172 1425 5227 increduli
1464 5181 1630 5238 sunt,
1668 5187 1792 5228 cum
1822 5187 1948 5226 eum
1981 5171 2165 5225 divina

2263 5173 2453 5229 αὑτοῦ.
2485 5191 2503 5225 ι
2534 5172 2598 5227 El
2629 5173 2687 5226 δὲ
2717 5174 2812 5227 καὶ
2847 5174 3175 5228 ἀπιστοῦσιν
3204 5173 3309 5239 ἔτι,
3338 5174 3430 5226 καὶ
3462 5171 3577 5240 δόξῃ
3609 5168 3798 5231 θεοπρε-

590 5269 759 5341 gloria
811 5267 1057 5336 adeoque
1103 5264 1391 5335 splendida
1427 5274 1590 5335 atque
1639 5266 1839 5320 eximia
1899 5265 2166 5335 dignitate

2276 5269 2368 5319 πεῖ
2413 5269 2507 5320 καὶ
2543 5268 2657 5329 τοῖς
2691 5265 2835 5319 οὕτω
2871 5265 3143 5338 λαμπροῖς
3195 5266 3293 5319 καὶ
3326 5266 3635 5334 ὑπερτάτως
3660 5256 3796 5322 ἀξιώ-

590 5371 841 5417 ornatum
862 5358 1101 5423 videant,
1124 5355 1345 5411 audient
1374 5356 1670 5427 ipsummet
1690 5358 1965 5412 dicentem
2012 5373 2027 5409 :
2069 5375 2088 5408 ι
2114 5355 2171 5411 Si

2279 5373 2444 5427 μασιν
2473 5357 2711 5427 ὁρῶντες
2746 5359 3209 5429 κατεστεμμένον,
3236 5356 3561 5410 ἀκούσονται
3587 5352 3796 5418 λέγοντος

592 5454 726 5509 mihi
770 5467 881 5509 non
927 5449 1189 5515 creditis,
1225 5448 1484 5519 operibus
1530 5449 1668 5504 meis
1720 5452 1992 5506 credite“.
2030 5468 2050 5503 ι
2105 5451 2174 5506 Ει

2275 5449 2480 5503 αὐτοῦ’
2522 5467 2541 5502 ι
2596 5452 2659 5504 Et
2694 5452 2820 5523 ἐμοὶ
2866 5451 2929 5504 οὐ
2975 5451 3289 5515 πιστεύετε,
3338 5453 3451 5513 τοῖς
3496 5447 3662 5517 ἔργοις
3709 5454 3793 5507 μεν

598 5560 786 5602 rursus
813 5563 827 5600 :
859 5561 879 5598 ‹
915 5544 973 5601 Si
1001 5560 1106 5601 non
1134 5542 1273 5598 facio
1302 5555 1470 5612 opera
1498 5539 1679 5599 Patris
1712 5544 1838 5610 mei,
1878 5558 1951 5599 ne
1975 5543 2171 5600 creda-

2277 5542 2590 5598 πιστεύετε.
2630 5562 2650 5598 ι
2691 5544 2802 5599 Καὶ
2837 5545 3027 5601 πάλιν·
3065 5564 3084 5599 ι
3128 5544 3192 5599 El
3221 5546 3282 5599 οὐ
3319 5544 3454 5598 ποιῶ
3480 5541 3545 5596 τὰ
3573 5538 3694 5608 ἔργα
3720 5526 3794 5583 τοῦ

546 5770 591 5794 ⁸
665 5768 682 5797 ¹
715 5766 873 5821 Joan.
920 5781 959 5824 ι,
989 5761 1177 5819 29⁵51.
1277 5762 1301 5796 ⁸
1335 5760 1527 5822 Matth.
1574 5780 1686 5837 nn,
1721 5765 1806 5833 16,
1836 5768 1918 5823 l7.
2026 5768 2046 5801 ³
2072 5767 2163 5825 Μαι

593 5835 615 5867 ⁸
644 5834 801 5889 Joan.
828 5852 877 5900 κ,
911 5836 1000 5892 58.

2176 5769 2263 5827 .th.
2318 5783 2447 5839 xxv,
2485 5768 2578 5826 33.
2682 5773 2704 5803 ⁸
2735 5769 2927 5828 Matth.
2974 5789 3084 5844 ενι,
3126 5772 3214 5829 27.
3320 5774 3341 5807 ⁵
3373 5772 3551 5827 Matth.
3595 5780 3694 5825 xm.
3722 5760 3793 5814 4|.
