4094 6300
486 418 591 484 969

1484 430 1863 494 PANOPLIA
1903 431 2365 497 DOGMATICA.
2400 460 2472 471 —
2499 434 2646 497 TIT.
2681 435 2802 496 XV.

3624 437 3732 501 970

481 569 694 639 Πατρός
746 586 870 640 μου,
925 568 1000 641 μὴ
1046 572 1330 625 πιστεύετέ
1387 590 1494 643 μοι.
1539 574 1601 626 El
1649 572 1704 625 δὲ
1755 572 1912 635 ποιῶ,
1962 570 2053 625 κᾶν

2164 574 2233 629 tis
2268 573 2420 628 mihi.
2456 573 2563 628 Sed
2600 574 2644 628 si
2682 572 2845 639 facio,
2877 584 2929 629 et
2956 572 3001 629 si
3036 573 3167 629 mihi
3197 588 3303 628 non
3332 574 3577 636 creditis,
3609 587 3737 642 epe-

480 661 605 730 ἐμοὶ⁵
646 661 720 731 μὴ
756 662 1071 734 πιστεύητε,
1100 665 1213 728 τοῖς
1244 664 1424 735 ἔργοις
1454 683 1553 736 μου
1595 666 1894 719 πιστεύετε.
1926 685 1943 717 ι
1990 663 2065 719 Τὸ

478 752 589 822 γὰρ
622 754 679 804 ἐν
718 752 992 825 ἀνθρώπῳ
1038 755 1256 825 βλέπειν
1305 758 1404 828 τῆς
1439 759 1717 829 ἀφράστου
1761 757 1919 828 δόξης
1964 758 2063 829 τὴν

478 843 778 914 ὑπεροχὴν,
821 845 919 915 οὐχ
950 848 1025 910 ὡς
1053 848 1340 919 ἀλλοτρίαν
1382 851 1582 920 μᾶλλον
1610 854 1778 922 ἤγουν
1812 854 1869 905 ὲν
1900 853 2059 923 χάριν

476 950 573 996 τος
603 934 761 1004 μέρει
801 941 1379 1011 προσπεπορισμένην,
1419 942 1535 996 ἀλλ’
1564 943 1698 997 ἰδίαν
1727 946 1909 1010 αὑτοῦ,
1945 947 2060 1010 πῶς

478 1022 582 1076 οὐκ
611 1025 915 1089 ἀναπείσει,
951 1027 1033 1081 ὅτι
1069 1029 1201 1092 Θεὸς
1232 1026 1300 1099 ἦν
1336 1033 1394 1084 ἐν
1432 1033 1560 1085 εἴδει
1604 1033 1683 1105 τῷ
1721 1035 1841 1088 καθ’
1890 1037 2055 1106 ἡμᾶς,

481 1113 581 1167 καὶ⁵
604 1116 730 1180 Υἱὸς
768 1116 983 1186 ἀληθῶς
1014 1118 1109 1173 τοῦ
1145 1121 1237 1173 ἐπὶ
1266 1122 1473 1186 πάντας
1496 1123 1632 1177 Θεοῦ
1658 1142 1672 1191 ;

555 1204 618 1258 Β.
670 1204 897 1259 Ἑαυτοῦ
918 1247 933 1271 ,
962 1209 1088 1277 φησὶ
1110 1250 1123 1275 ,
1166 1212 1293 1274 τοὺς
1330 1212 1595 1280 ἀγγέλους
1626 1214 1764 1269 εἶναι
1795 1216 2058 1288 διῖσχυρί-

485 1314 639 1363 σατο,
665 1298 759 1350 καὶ
784 1297 952 1351 τῶνδε
991 1299 1100 1353 τῶν
1131 1301 1372 1371 σημείων
1415 1304 1637 1372 γέγονεν
1665 1305 2052 1380 ἀποτελεστὴς,

480 1387 819 1452 ἐνοικοῦντος
865 1389 1016 1460 αὐτῷ
1057 1391 1152 1445 τοῦ
1198 1392 1404 1461 Λόγου,
1450 1395 1607 1462 δόξαν
1655 1398 1713 1452 δὲ
1760 1399 1860 1471 τὴν
1920 1401 2056 1455 ἰδίαν

477 1477 631 1550 αὐτῷ
662 1479 755 1532 καὶ
783 1478 843 1532 τὸ
867 1481 1090 1552 ὲνεργὲς
1114 1484 1557 1556 ὲκνενεμηκότος.
1579 1488 1893 1561 Γέγραπται
1923 1495 2053 1565 γὰρ,

484 1570 567 1621 ὅτι
599 1588 618 1620 ι
665 1569 874 1639 Ἰησοῦν
909 1571 1001 1625 τὸν
1034 1574 1142 1627 ἀπὸ
1171 1574 1423 1647 Ναζαρὲτ
1471 1577 1547 1642 ὡς
1586 1578 1800 1651 ἔχρισεν
1829 1582 1994 1636 αὐτὸν
2025 1586 2054 1637 ὁ

477 1660 613 1725 Θεὸς
644 1662 920 1734 Πνεύματι
945 1666 1085 1735 ἁγίῳ
1114 1668 1206 1721 καὶ
1233 1668 1480 1741 δυνάμει,
1509 1672 1568 1735 ὃς
1596 1672 1807 1745 διῆλθεν
1834 1678 2053 1748 εὐεργε-

478 1749 611 1813 τῶν,
638 1753 731 1804 καὶ
761 1752 988 1824 ἰώμενος
1016 1757 1227 1821 πάντας
1265 1761 1388 1824 τοὺς
1418 1762 2053 1837 καταδυναστευομένους

479 1839 587 1892 ὑπὸ
630 1840 725 1894 τοῦ
775 1842 1044 1897 διαϐόλου.
1082 1865 1098 1892 ι
1154 1848 1529 1921 Κεχρισμένος
1566 1850 1660 1907 οὖν
1699 1859 1795 1910 καὶ
1823 1858 2051 1929 δυνάμει

479 1930 577 1982 καὶ
606 1929 905 2001 Πνεύματι,
936 1936 1301 2006 τερατουργὸς
1328 1933 1416 2008 ἦν.

549 2025 717 2093 Φησὶν
746 2024 773 2075 ό
801 2023 1075 2093 πάνσοφος
1100 2025 1308 2090 Παῦλος
1329 2042 1344 2059 ο
1378 2045 1396 2079 ι
1432 2027 1575 2081 Ἀλλ’
1598 2029 1731 2099 ἡμῖν
1759 2025 1840 2092 εἷς
1860 2030 1996 2094 Θεὸς
2016 2033 2045 2085 ό

478 2113 693 2185 Πατὴρ,
714 2114 771 2178 ἐξ
810 2107 870 2168 οὗ
900 2114 967 2167 τὰ
1002 2115 1317 2173 πάντα.καὶ
1349 2116 1509 2184 ἡμεῖς
1541 2116 1610 2169 δι’
1637 2118 1935 2185 αὐτοῦ,καὶ
1967 2115 2047 2182 εἷς

476 2203 683 2275 Κύριος
730 2203 937 2273 Ἰησοῦς
961 2205 1217 2275 Χριστὸς,
1242 2206 1308 2260 δι’
1337 2202 1398 2261 οὗ
1432 2209 1501 2263 τὰ
1539 2211 1740 2274 πάντα,
1767 2212 1863 2263 καὶ
1888 2214 2048 2281 ἡμεῖς

476 2294 548 2348 δι’
583 2295 771 2351 αὑτοῦ.
813 2313 832 2349 ι
871 2298 993 2360 Πῶς
1048 2294 1163 2360 οὖν,
1192 2300 1314 2351 εἰπέ
1367 2316 1481 2369 μοι,
1524 2300 1593 2354 δι’
1638 2301 1930 2372 ἀνθρώπου
1980 2307 2050 2357 τὰ

476 2390 692 2455 πάντας
723 2390 950 2444 άνθότου
981 2391 1038 2444 δὲ
1072 2393 1170 2446 καὶ
1197 2392 1418 2460 ἀμέσως
1445 2392 1522 2457 ὠς
1557 2394 1680 2457 Υἱὸς
1712 2396 1887 2465 Πατρὶ
1924 2414 2050 2449 suv-

473 2480 756 2547 τάττεται,
791 2481 1219 2551 μεσολαϐοῦντος
1271 2486 1527 2552 οὐδενόςς
1579 2485 1708 2541 Εἶτα
1742 2488 1865 2541 ὅποι
1920 2489 2050 2542 ποτὲ

474 2574 570 2626 τὸν
598 2573 879 2642 Μονογενῆ
905 2574 1146 2646 θήσομεν
1171 2579 1251 2641 είς
1275 2578 1368 2633 τὸν
1395 2579 1561 2633 αὑτοῦ
1593 2580 1756 2635 τόπον
1784 2582 2050 2636 ἀναϐιϐά-

474 2668 660 2731 ζοντες
690 2668 782 2720 τὸν
813 2668 1121 2739 ἄνθρωπον,
1151 2671 1453 2738 καὶτοῦτο,
1493 2673 1639 2728 καθά
1669 2690 1857 2745 φησιν,
1891 2675 2048 2746 ὲνερ-

476 2757 745 2827 γούμενον
770 2758 901 2828 παρ’
931 2759 1123 2825 αὐτοῦ,
1147 2764 1239 2815 καὶ
1261 2762 1329 2817 δι’
1353 2762 1516 2817 αὐτὸν
1537 2768 1886 2835 τεμώμενονς
1916 2761 2049 2838 Ἆρ’

474 2848 580 2903 οὐκ
614 2850 883 2921 ἐκϐέϐηκε
910 2853 974 2905 τὸ
1001 2852 1151 2917 εἰκὸς
1180 2855 1208 2908 ό
1235 2853 1393 2922 λόγος
1422 2856 1643 2924 novak;
1671 2858 1772 2911 οὐκ
1807 2858 1914 2924 ἔξω
1941 2860 2045 2928 φέ-

474 2959 635 3012 ρεται
693 2944 931 3010 σκοποῦ,
987 2946 1082 3000 καὶ
1133 2946 1209 3011 ὡς
1258 2949 1361 3019 τῆς
1419 2951 1678 3021 ἀληθείας
1727 2951 2040 3024 όλοτρόπως

472 3036 838 3107 ἡμαρτηκὼς,
871 3038 1075 3110 γελῷτο
1108 3042 1174 3096 ἂν
1211 3044 1463 3109 ἐνδίκωςς

2162 664 2309 719 ribus
2341 665 2474 718 meis
2507 664 2714 719 credite
2767 658 2802 718 '.
2832 681 2852 714 ι
2884 662 3017 719 Cum
3058 663 3201 718 enim
3230 662 3518 717 inell‘abilis
3551 662 3737 731 gloria

2160 757 2477 814 excellentia
2512 758 2563 813 in
2614 756 2834 811 homine
2879 764 3158 822 cernatur,
3203 771 3306 810 non
3355 766 3411 809 ut
3456 755 3626 809 aliena
3671 755 3740 808 ab

2163 847 2278 917 ipso
2328 856 2420 902 aut
2456 862 2554 915 per
2589 847 2820 917 gratiam
2865 846 3084 911 collata,
3140 845 3233 900 sed
3273 846 3488 915 propria
3540 844 3736 915 ipsius,

2159 938 2429 1005 quomodo
2470 952 2573 990 non
2616 936 2940 1004 persuadeat
2990 935 3144 990 nobis
3174 936 3314 1004 quod
3362 936 3500 988 Deus
3534 945 3653 988 erat
3682 933 3735 988 in

2162 1030 2331 1081 l'm-nta
2370 1038 2572 1083 nostrae
2606 1028 2767 1082 simili
2803 1038 2853 1081 ct
2882 1026 3053 1081 Filius
3084 1043 3208 1082 vere
3238 1029 3470 1098 supremi
3504 1026 3632 1083 Dei?

2232 1207 2290 1262 Β.
2326 1206 2487 1273 Suos,
2515 1208 2781 1277 inquiunt,
2816 1207 3033 1277 angelos
3061 1220 3183 1262 esse
3213 1206 3369 1275 dixit,
3399 1213 3454 1261 et
3478 1206 3735 1262 miracula

2156 1299 2348 1365 edidit,
2383 1299 2453 1355 ob
2500 1299 2807 1355 inhabitans
2846 1302 2896 1353 in
2931 1314 2989 1355 se
3023 1297 3291 1363 Verbum,
3323 1298 3545 1368 gloriam
3579 1311 3734 1353 suam

2156 1399 2209 1445 et
2245 1392 2351 1446 vim
2384 1402 2543 1461 atque
2571 1390 2862 1448 etiicaciam
2897 1392 3001 1462 ipsi
3032 1392 3300 1448 tribuens.
3352 1391 3626 1462 Scriptum
3652 1400 3735 1447 est

2155 1484 2342 1538 enim:
2400 1503 2419 1536 ι
2482 1483 2667 1541 Jesum
2724 1483 3093 1549 Nazarenam,
3151 1485 3307 1540 unxit
3369 1484 3544 1553 ipsum
3594 1481 3735 1538 Deus

2155 1574 2360 1644 Spiritu
2378 1586 2565 1631 sancto
2581 1587 2636 1631 et
2656 1577 2874 1639 virtute,
2898 1586 2952 1632 et
2974 1577 3223 1632 transivit
3237 1574 3434 1646 juvans
3455 1583 3508 1631 et
3534 1590 3734 1631 sanans

2153 1681 2341 1723 omnes
2394 1668 2645 1723 obsessos
2677 1684 2706 1723 a
2742 1668 2954 1723 diabolo
3006 1665 3048 1722 ‘.
3082 1686 3101 1720 ι
3141 1667 3345 1725 tinctus
3401 1668 3581 1733 itaque
3625 1666 3733 1721 vir-

2157 1768 2269 1811 tute
2300 1768 2353 1812 et
2381 1757 2607 1827 Spiritu,
2640 1758 2896 1812 miracula
2935 1757 3143 1813 edebat.

2225 2029 2315 2083 Ait
2375 2028 2815 2099 sapientissimus
2864 2030 3109 2086 Paulus:
3151 2048 3169 2083 ι
3207 2030 3311 2086 Sed
3369 2032 3527 2088 nobis
3581 2046 3725 2088 unus

2158 2120 2300 2177 Deus
2357 2119 2539 2189 Pater,
2599 2137 2665 2177 ex
2712 2138 2821 2193 quo
2854 2124 3061 2182 omnia.
3110 2133 3165 2178 et
3197 2139 3298 2179 nos
3345 2139 3415 2179 ex
3476 2126 3594 2195 ipso
3625 2144 3638 2179 :
3675 2136 3731 2181 et

2159 2230 2300 2270 unus
2346 2213 2607 2271 Dominus
2661 2205 2821 2270 Jestts
2865 2216 3158 2282 Christus,
3202 2231 3300 2286 per
3326 2232 3488 2287 quem
3520 2220 3724 2283 omnia,

2156 2315 2209 2360 et
2260 2317 2360 2359 nos
2409 2319 2507 2375 per
2535 2306 2713 2375 ipsum
2742 2308 2782 2363 ³.
2820 2327 2838 2358 ι
2888 2307 3176 2374 Quomodo
3234 2309 3417 2380 igitur,
3475 2310 3726 2375 obsecro,

2158 2410 2252 2464 per
2299 2396 2573 2453 hominem
2627 2408 2757 2453 sunt
2812 2398 3036 2454 omnia?
3087 2414 3250 2468 quam
3305 2415 3434 2456 vero
3467 2402 3538 2457 ob
3592 2417 3727 2458 cauo

2156 2502 2270 2542 sam
2324 2488 2636 2544 immediate
2697 2500 2757 2544 ut
2811 2490 2979 2545 Filius
3031 2491 3177 2547 Patri
3225 2494 3577 2564 adjungitur,
3628 2509 3727 2548 ne-

2157 2581 2297 2634 mine
2324 2579 2770 2636 interveniente‘!
2799 2582 2998 2637 deinde
3024 2582 3249 2638 ubinam
3282 2585 3501 2640 tandem
3518 2585 3723 2653 linige-

2150 2686 2319 2740 nitum
2371 2680 2788 2747 collocabimus,
2823 2679 2868 2736 si
2917 2679 3191 2735 hominem
3246 2679 3299 2735 iu
3335 2680 3504 2749 ipsius
3552 2681 3725 2736 locum

2150 2775 2429 2831 evehitnus
2463 2787 2478 2838 ;
2512 2781 2567 2827 et
2592 2770 2846 2841 quidem,
2881 2778 2940 2825 ut
2968 2769 3070 2840 ipsi
3098 2769 3318 2834 volunt,
3349 2772 3402 2825 vi
3441 2785 3504 2825 ac
3528 2772 3727 2827 virtute

2149 2868 2216 2921 ab
2242 2867 2359 2935 ipso
2386 2861 3036 2934 insignitum,gloriaque
3084 2876 3181 2930 per
3228 2862 3399 2931 ipsum
3428 2862 3728 2920 allectum!

2156 2960 2304 3013 Anne
2331 2954 2423 3009 tibi
2452 2953 2665 3010 illorum
2693 2954 2930 3008 rationes
2961 2952 3207 3008 absurda:
3232 2961 3287 3007 et
3312 2969 3342 3006 a
3369 2968 3533 3024 scopo
3563 2958 3723 3010 aber-

2152 3054 2362 3109 rantes,
2400 3053 2562 3111 atque
2596 3043 2733 3097 adeo
2770 3057 2798 3095 a
2835 3042 3064 3097 veritate
3108 3057 3332 3112 prorsus
3368 3044 3586 3111 alieuze,
3613 3046 3724 3103 risu

2155 3136 2347 3191 merito
2384 3135 2716 3205 excipiendae
2753 3134 3034 3188 videntur?

554 3212 611 3265 Β.
642 3210 982 3280 Ἄνθρωπος,
1007 3228 1079 3282 φη
1090 3204 1234 3277 σὶν,ό
1257 3211 1351 3265 τοῦ
1382 3212 1517 3266 Θεοῦ
1545 3216 1715 3284 Λόγος
1735 3217 2048 3288 ὠνόμασται

2215 3226 2276 3281 Β.
2312 3204 2542 3281 Verbum
2576 3226 2704 3289 Dei,
2736 3225 3019 3293 inquiunt,
3056 3234 3289 3285 vocatur,
3312 3226 3505 3291 homo,
3540 3226 3722 3295 hujus-

476 3301 620 3357 κατὰ
657 3299 857 3353 τοιόνδε
888 3299 1009 3353 τινὰ
1040 3300 1261 3371 τρόπον.
1291 3302 1502 3373 Ὥσπερ
1530 3304 1637 3376 γὰρ
1666 3308 1694 3359 ὀ
1724 3308 1854 3379 παρ’
1884 3310 2047 3365 αὐτοῦ

2153 3317 2350 3373 cemodi
2371 3316 2607 3386 quadam
2635 3314 2861 3369 ratione.
2891 3313 3354 3381 Quemadmodum
3380 3316 3524 3370 enim
3557 3316 3721 3371 hoino

474 3392 699 3463 ληφθεὶς
734 3392 1057 3464 ἄνθρωπος,
1104 3394 1362 3465 ἐγεννήθη
1416 3396 1514 3465 μὲν
1560 3398 1618 3450 ἐν
1668 3396 1915 3470 Βηθλεὲμ
1950 3401 2050 3472 τῆς

488 3486 767 3549 Ἰουδαίας,
815 3485 1029 3555 εἴρηται
1059 3484 1116 3538 δὲ
1144 3483 1482 3557 Ναζωραῖος,
1505 3488 1592 3541 διὰ
1614 3488 1673 3542 τὸ
1699 3491 1919 3561 οξκῆσαι
1949 3492 2049 3563 τὴν

474 3577 753 3646 Ναζαρὲτ,
788 3577 930 3630 οὕτω
958 3577 1052 3630 καὶ
1079 3577 1108 3629 ό
1130 3575 1262 3639 Θεὸς
1303 3578 1491 3646 Λόγος,
1537 3579 1819 3651 ἅνθρωπος
1847 3581 2045 3653 ὀνομά-

473 3666 653 3732 ζεται,
680 3665 770 3718 διὰ
804 3666 864 3719 τὸ
887 3665 1209 3735 κατοικῆσαι
1241 3667 1299 3718 ὲν
1327 3666 1617 3738 ἀνθρώπῳ.

549 3759 615 3811 Α.
651 3758 714 3810 Ὢ
760 3756 959 3827 φρενὸς
985 3756 1404 3825 γραοπρεποῦς,
1440 3760 1533 3812 καὶ
1558 3759 1650 3812 νοῦ
1688 3762 2045 3832 παρειμένου,

477 3852 575 3905 καὶ
590 3848 933 3920 βατταρίζειν
954 3848 1176 3911 εἰδότος,
1193 3849 1285 3901 καὶ
1301 3847 1487 3918 ἕτερον
1512 3849 1687 3903 οὐδέν.
1712 3851 2040 3924 Ἐκνήψατε,

475 3943 531 3996 oi
581 3940 889 4014 μεθύοντες,
927 3937 988 4004 ἐξ
1012 3938 1156 3993 οἴνου
1188 3939 1365 3992 αὐτῶν
1386 3980 1402 4005 ,
1434 3939 1774 4009 ἒπιφωνείτω
1815 3960 1901 4007 τις
1935 3928 2049 4011 τοῖς

475 4032 800 4097 διεναντίας,
831 4030 883 4085 τί
917 4029 1327 4100 παραϐιάζεσθε
1352 4029 1603 4100 τάληθὲς,
1630 4033 1726 4085 καὶ
1754 4035 1862 4087 τῶν
1889 4036 2047 4092 θείων

476 4125 762 4194 δογμάτων
796 4124 893 4195 τὴν
922 4123 1151 4193 δύναμιν
1194 4122 1639 4191 παρευθύνοντες,
1673 4123 1777 4190 ἔξω
1816 4128 2047 4201 φέρεσθε

2143 3409 2232 3479 qui
2294 3408 2362 3463 ab
2425 3410 2539 3476 ipso
2576 3418 2882 3475 assumptus
2923 3416 3008 3463 est
3048 3417 3206 3464 natus
3269 3406 3484 3478 quidem
3527 3417 3611 3463 est
3667 3409 3725 3464 in

2148 3501 2458 3557 Bethlehem
2485 3498 2682 3553 Judaeae
2724 3498 2746 3530 δ
2808 3517 2820 3553 :
2869 3499 3046 3556 dictus
3072 3510 3271 3556 autem
3296 3510 3380 3556 est
3411 3498 3720 3565 Nazaraeus,

2148 3594 2289 3661 quod
2318 3591 2370 3645 in
2411 3589 2678 3645 Nazareth
2722 3591 2990 3647 habitaret
3014 3593 3036 3625 ⁸
3092 3609 3108 3658 ;
3145 3594 3220 3647 ita
3244 3602 3299 3648 et
3325 3592 3465 3647 Deus
3489 3591 3724 3648 Verbum

2152 3692 2371 3738 vocatur
2400 3682 2581 3747 homo,
2614 3682 2739 3752 quia
2776 3681 3043 3737 inhabitat
3065 3683 3119 3737 in
3149 3682 3386 3737 homine.

2204 3772 2320 3828 A.0
2335 3774 2493 3827 anilia
2509 3782 2835 3840 commenta,
2853 3787 3137 3843 merasque
3149 3788 3340 3843 nugas,
3359 3772 3546 3839 verba,
3563 3786 3724 3830 voces

2155 3877 2523 3935 praetereaque
2550 3866 2715 3919 nihil!
2746 3864 3028 3935 Evigilate,
3058 3868 3355 3930 temulenti,
3383 3879 3449 3921 ex
3478 3866 3601 3921 vino
3626 3881 3724 3921 ve-

2155 3963 2289 4018 stro,
2312 3954 2506 4009 merito
2517 3953 2639 4024 quis
2661 3953 3219 4012 haereticisocclamet.
3235 3955 3374 4023 Quid
3574 3956 3726 4012 veri-

2156 4043 2251 4097 tati
2282 4044 2389 4097 vim
2420 4041 2675 4099 infertis!
2717 4055 2775 4100 et
2801 4045 3105 4101 divinorum
3128 4045 3437 4116 dogmatum
3466 4046 3726 4103 virtutem

2150 4134 2544 4199 snbvertentes,
2574 4149 2606 4189 a
2628 4135 2712 4189 via
2740 4134 2886 4201 regia
2903 4133 3186 4190 deﬂectitis
3209 4133 3435 4204 iNeque
3472 4136 3642 4198 enim,
3667 4142 3726 4191 ut

477 4218 671 4287 τρίϐου
708 4220 808 4285 τῆς
848 4214 1171 4285 βασιλικῆς;
1215 4214 1410 4281 Γέγονε
1436 4213 1546 4284 γὰρ
1571 4251 1587 4279 ,
1623 4212 1698 4276 ὡς
1722 4211 1922 4274 εοικεν,
1959 4212 2053 4267 οὐκ

2153 4218 2377 4284 videtur,
2397 4215 2632 4273 Verbum
2650 4217 2996 4271 rarefactum
3010 4225 3114 4281 est,
3128 4220 3221 4272 sed
3251 4218 3429 4287 potius
3446 4217 3734 4290 ἀνθρωπο-

477 4308 563 4361 ἒτι
598 4307 699 4376 μὲν
733 4306 871 4378 σὰρξ
897 4307 926 4359 ὁ
956 4307 1128 4374 Λόγος
1157 4305 1298 4359 κατὰ
1320 4303 1417 4367 τὰς
1462 4303 1682 4374 Γραφὰς
1708 4344 1723 4369 ,
1769 4303 2053 4375 ἀνθρωπο-

2153 4306 2393 4376 πολίτης,
2412 4308 2512 4362 hoc
2537 4318 2642 4373 est,
2663 4306 2901 4363 hominis
2924 4306 3123 4372 incola,
3139 4316 3195 4362 et
3220 4308 3550 4364 conveniens
3567 4309 3730 4366 fuerit

476 4397 706 4468 πολίτης
737 4396 794 4449 δὲ
832 4396 1054 4467 μᾶλλον,
1091 4397 1186 4449 καὶ
1212 4391 1280 4466 ἦν
1318 4394 1610 4448 ἀκόλουθον
1645 4392 1807 4447 αὑτὸν
1850 4392 2053 4463 ἀνθρω-

2153 4397 2293 4451 illunt
2319 4412 2425 4452 non
2452 4396 2723 4452 hominem
2746 4397 2841 4453 sed
2874 4398 3171 4453 humanum
3196 4412 3389 4455 vocare
3421 4416 3435 4453 :
3472 4400 3730 4467 quemad-

477 4491 640 4542 ’καῖον
687 4488 907 4558 μᾶλλον,
950 4488 1050 4541 οὐκ
1075 4487 1359 4559 ἄνθρωπον
1384 4485 1770 4555 ὀνομάζεσθαι,
1808 4482 2053 4556 καθάπερ

2153 4486 2372 4543 modum
2386 4496 2441 4542 et
2460 4487 2553 4557 qui
2570 4486 2842 4543 Nazareth
2860 4488 3185 4545 inhabitavit
3210 4487 3527 4546 Nazarenus
3554 4492 3727 4546 dictus

479 4546 809 4651 ἀμέλει-καὶ
841 4583 869 4635 ό
893 4546 1237 4651 ’κατοικήσας
1275 4579 1375 4649 τὴν
1420 4546 1706 4649 Ναζαρὲτ,
1740 4546 2053 4647 Ναζωραῖος

2153 4586 2252 4643 est,
2288 4592 2392 4632 non
2422 4546 2715 4632 Nazareth.
2744 4575 2999 4644 Quinimo
3015 4576 3150 4632 nihil
3178 4592 3401 4648 prorsus
3430 4580 3726 4644 obstiterit,

478 4674 831 4744 ὠνόμασται,
861 4673 956 4727 καὶ
979 4673 1039 4726 οὐ
1080 4671 1352 4741 Ναζαρέτ.
1395 4672 1582 4742 Είργει
1612 4671 1691 4734 δὲ,
1719 4666 1895 4741 οἶμαι,
1929 4687 2053 4723 παν-

2153 4670 2196 4725 si
2236 4678 2600 4726 commentum
2634 4668 2846 4723 illorum
2878 4684 3063 4723 verum
3092 4678 3207 4734 est,
3247 4669 3518 4723 hominem
3548 4671 3729 4726 vocari

481 4765 657 4827 τελῶς
689 4764 863 4829 οὐδὲν,
885 4762 1044 4834 εἴπερ
1078 4757 1136 4817 εὖ
1169 4761 1314 4832 ἐχειν
1345 4762 1545 4814 οἴονται
1575 4760 1637 4813 τὸ
1668 4760 1853 4829 σφίσιν
1879 4760 2066 4822 αὐτοῖς

480 4850 762 4913 ἀσυνέτως
806 4849 1190 4921 ἐξευρημένον,
1224 4848 1514 4920 ἄνθρωπον
1560 4847 1923 4919 ὀνομάζεσθαι
1968 4848 2065 4900 σὺν

483 4941 607 5011 Υίῷ
644 4942 735 4995 τὸν
783 4942 1007 5013 Πατέρα
1047 4943 1144 4995 καὶ
1170 4940 1392 5011 προσέτι
1439 4940 1500 4994 τὸ
1536 4940 1760 5009 Πνεῦμα
1799 4939 1860 4992 τὸ
1891 4939 2068 5006 ἆγιον.

486 5035 751 5087 Κατοικεῖ
780 5035 886 5105 γὰρ
912 5034 972 5088 ὲν
1000 5035 1133 5105 ἡμῖν
1170 5032 1258 5086 διὰ
1282 5031 1378 5085 τοῦ
1409 5031 1746 5101 Πνεύματος,
1783 5032 1883 5100 τῆς
1906 5031 2069 5097 ἁγίας

486 5143 554 5177 τε
585 5126 679 5178 καὶ
716 5125 1004 5196 όμοουσίου
1034 5126 1264 5195 Τριάδος
1310 5125 1373 5179 τὸ
1403 5124 1695 5195 πλήρωμα.
1732 5124 1840 5177 Καὶ
1873 5122 2004 5190 γοῦν
2043 5122 2071 5173 ὁ

492 5217 704 5281 Παῦλός
735 5234 921 5289 φησιν·
958 5237 977 5270 ι
1008 5220 1124 5272 Οὐκ
1148 5218 1327 5272 οἴδατε
1355 5219 1437 5271 ὅτι.
1469 5217 1597 5280 ναὸς
1628 5216 1765 5270 Θεοῦ
1793 5219 1938 5279 ἐστε,
1970 5214 2066 5268 καὶ

2150 4777 2254 4816 una
2285 4776 2405 4816 cum
2425 4760 2562 4815 Filio
2575 4759 2737 4815 etiam
2761 4758 2977 4815 Patrem
2996 4768 3049 4812 et
3070 4758 3331 4828 Spiritum
3350 4760 3727 4813 sanetumJla-

2147 4851 2282 4907 bitat
2308 4852 2453 4907 enim
2486 4851 2539 4906 in
2568 4849 2724 4905 nobis
2754 4865 2851 4920 per
2880 4848 3164 4917 Spiritum,
3191 4858 3395 4902 sancta:
3423 4857 3478 4902 et
3501 4853 3733 4904 consub-

2144 4945 2411 5001 stantialis
2428 4942 2711 4997 Trinitatis
2734 4936 3192 5010 plenitudo.Unde
3213 4948 3267 4992 et
3296 4937 3492 4995 Paulus
3512 4940 3688 5011 inquit
3716 4956 3731 4995 :

2151 5056 2171 5089 ε
2209 5038 2289 5091 An
2339 5036 2564 5091 nescitis
2598 5034 2737 5103 quod
2773 5031 3029 5099 templum
3061 5030 3157 5085 Dei
3212 5032 3373 5100 estis,
3413 5042 3468 5089 et
3501 5033 3735 5103 Spiritus

2146 5129 2243 5185 Dei
2277 5130 2538 5184 inhabitat
2566 5126 2619 5180 in
2652 5124 2803 5179 vobis
2858 5123 2877 5152 ⁸
2911 5123 2933 5176 ?
2963 5141 2981 5174 ι
3027 5122 3164 5188 Quin
3195 5133 3252 5180 et
3308 5124 3543 5196 ipsemet
3574 5125 3733 5181 Chri-

2146 5230 2264 5276 stus
2293 5234 2307 5272 :
2342 5236 2362 5270 ι
2396 5217 2453 5273 Si
2486 5217 2605 5287 quis
2624 5225 2771 5270 amat
2802 5230 2907 5280 me,
2938 5229 3246 5271 sermonem
3277 5231 3455 5271 meum
3478 5217 3731 5278 servabit,

488 5308 556 5361 τὸ
602 5310 826 5379 Πνεῦμα
870 5309 964 5364 τοῦ
1003 5309 1140 5363 Θεοῦ
1167 5311 1413 5366 κατοικεῖ
1452 5310 1512 5362 ἐν
1553 5309 1715 5377 ύμϊν;
1753 5327 1770 5358 ι
1817 5307 1927 5361 Καὶ
1968 5305 2053 5377 μὴ’

2153 5306 2377 5363 etPater
2414 5321 2564 5360 meus
2588 5305 2768 5374 diliget
2797 5320 2958 5372 eum,
2982 5316 3037 5362 et
3058 5309 3362 5372 veniemus,
3393 5322 3458 5362 ac
3497 5308 3733 5361 mansio-

490 5401 591 5454 καὶ
619 5400 781 5465 αὐτὸς
798 5404 827 5457 ό
850 5403 1084 5472 Χριστὸς
1101 5447 1116 5469 ,
1143 5422 1162 5454 ι
1187 5403 1315 5458 Ἐάν
1339 5420 1424 5465 τις
1453 5402 1644 5471 ἀγαπᾷ
1675 5418 1764 5471 με,
1799 5399 1890 5454 τὸν
1918 5400 2053 5467 λόγοι

2153 5413 2273 5455 nem
2311 5396 2452 5468 apud
2476 5412 2598 5450 eum
2631 5395 2893 5452 iaciemus
2962 5399 3002 5452 ⁷.
3044 5416 3064 5450 ι
3106 5398 3369 5454 Caeterum
3401 5396 3564 5452 Pater
3592 5397 3737 5452 nulla

497 5510 605 5565 μου
630 5496 885 5567 τηρήσει,
916 5496 1010 5550 καὶ
1033 5497 1063 5548 ό
1091 5496 1283 5567 Πατήρ
1324 5512 1426 5566 μου
1457 5494 1738 5565 ἀγαπήσει
1765 5495 1948 5557 αὐτὸν,
1984 5510 2053 5546 κα

2153 5491 2360 5546 ratione
2402 5490 2578 5544 dictus
2616 5498 2703 5544 est
2753 5490 2949 5552 homo,
2992 5496 3049 5542 ut
3081 5504 3180 5544 nec
3223 5488 3458 5557 Spiritus
3491 5499 3733 5554 sanctus,

498 5588 854 5655 ἐλευσόμεθα,
904 5589 1000 5645 καὶ
1047 5588 1218 5657 μονὴν
1280 5588 1410 5655 παρ’
1448 5587 1598 5655 αὐτῷ
1650 5585 2043 5653 ποιησόμεθα.

2153 5580 2275 5649 quia
2304 5579 2356 5634 iu
2403 5578 2559 5635 nobis
2593 5577 2922 5635 habitarunt.
2976 5578 3083 5633 Sed
3113 5578 3343 5633 irrident
3373 5579 3459 5635 isti
3488 5579 3739 5635 incarna-

566 5738 582 5770 ¹
613 5738 771 5863 lggn.
797 5753 849 5803 x,
881 5736 969 5792 37.
1046 5735 1209 5792 'Act.
1234 5752 1287 5799 λ,
1318 5732 1408 5788 58.
1485 5735 1507 5768 ⁸
1546 5732 1561 5786 l
1590 5730 1721 5788 Cor.
1747 5747 1866 5796 vm,
1895 5729 1949 5785 6.
2036 5730 2053 5763 ⁸

566 5827 601 5863 r.
651 5850 675 5859 -
720 5849 731 5861 .

2153 5731 2276 5787 Itth.
2315 5747 2369 5796 ιι,
2405 5731 2453 5786 5.
2530 5731 2549 5761 ⁸
2576 5733 2714 5790 Luc.
2742 5750 2798 5803 ιι,
2827 5734 2916 5789 51.
2991 5735 3011 5765 ⁸
3037 5734 3059 5789 l
3088 5734 3214 5792 Cor.
3244 5752 3326 5807 ιιι,
3363 5739 3453 5799 ίϐδ
3529 5740 3551 5777 ¹
3575 5742 3737 5802 Joan.

486 5824 601 5867 Χιν,
644 5824 731 5863 ϊὸ.

807 5905 1078 5963 ΡΑΤιιοι..
1121 5901 1239 5961 Gtt.
1281 5899 1538 5961 CXXX.
3295 5902 3363 5963 31
