4094 6300
511 376 612 444 971
1852 386 2239 446 EUTHYMII
2284 389 2661 467 Z.G;\BEN[
3634 400 3723 463 972

507 515 669 570 tionis
702 512 1015 584 mysterium
1044 512 1177 566 adeo
1217 519 1358 564 recta
1383 520 1543 580 atque
1570 508 1870 566 veneranda
1916 509 2098 566 Eccle—

2130 521 2171 571 Α
2220 520 2356 574 ’Δλλ“
2386 522 2598 593 εἴρηται
2632 524 2731 593 μὲν
2766 525 3013 595 οὐδαμῶς
3047 527 3328 599 ἅνθρωπος
3352 532 3383 583 ό
3417 531 3611 604 Πατὴρ,
3631 538 3731 591 οὔτε

509 608 603 661 size
648 605 898 675 dogmata
945 602 1013 658 ad
1046 603 1339 657 absurdum
1374 601 1775 672 deterqueutes.
1815 602 1882 658 At
1915 612 2096 658 nostra

2209 611 2316 680 μὴν
2344 610 2405 663 τὸ
2430 612 2655 683 Πνεῦμα
2685 613 2743 666 τὸ
2770 613 2947 682 ἅγιον,
2991 616 3077 669 διὰ
3106 617 3166 669 τὸ
3198 622 3469 672 κατοικεῖν
3513 601 3576 674 ὲν⁷
3605 625 3730 694 ἡμῖν.

511 715 727 754 rursum
777 697 1031 767 procedat
1077 695 1285 761 oratio,
1327 695 1543 750 omissis
1594 694 1803 749 illorum
1863 695 2094 751 deliriis.

2205 700 2410 754 Γελῶσι
2448 703 2507 756 δὲ
2535 697 2681 757 οῦτοι
2708 706 2806 776 τῆς
2840 707 3305 779 ὲνανορωπήσεως
3351 711 3410 763 τὸ
3454 717 3733 785 μυστήριον.

511 788 570 845 Si
594 791 736 845 enim
774 790 893 845 ideo
925 785 1179 840 miracula
1212 787 1379 841 edidit
1400 827 1414 849 ,
1446 786 1568 855 quia
1600 785 1831 842 Verbum
1873 787 1928 843 in
1976 788 2094 859 ipso

2204 792 2626 863 περιτρέποντες
2673 800 2751 858 εἰς
2799 796 2861 849 τὸ
2907 797 3120 868 ἀπηχὲς
3179 796 3246 850 τὰ
3291 797 3462 861 οὕτως
3499 800 3623 872 ὀρθὰ
3661 805 3736 857 καὶ

510 892 628 938 erat
650 921 667 949 ,
698 896 859 934 unum
896 879 1125 946 aliquem
1167 887 1475 933 sanctorum
1505 877 1887 947 prepltetarum
1918 878 2094 948 ipsum

2198 882 2534 949 ἀξιάκουστα
2563 886 2664 956 τῆς
2680 887 3007 959 Ἐκκλησίας
3033 889 3297 960 δόγματα.
3323 889 3465 961 Πλὴν
3488 891 3582 945 ἴτω
3607 894 3737 946 πάλιν

511 988 631 1029 csse
660 980 922 1027 statuunt.
971 968 1106 1022 Nam
1134 969 1473 1023 etmiracula
1500 983 1599 1038 per
1640 984 1829 1025 manus
1867 971 2100 1040 prophe-

2201 976 2332 1046 ἡμῖν
2382 975 2522 1030 κατὰ
2567 976 2695 1049 ῥοῦν
2737 981 2764 1031 6
2807 978 2999 1047 λόγος,
3052 983 3162 1043 τοῖς
3205 980 3426 1034 ἐκείνων
3459 982 3657 1051 ὲμετοῖς
3693 983 3740 1036 τὸ

514 1074 687 1118 tarum
719 1062 907 1117 edidit.
965 1060 1019 1115 Si
1051 1076 1179 1114 vero
1218 1060 1269 1113 iu
1306 1060 1390 1114 his
1425 1060 1617 1113 Filium
1666 1068 1935 1124 statuunt,
1970 1075 2098 1129 pro-

2202 1068 2415 1134 χαιρεῖν
2445 1065 2635 1120 εἰπών.
2669 1068 2734 1122 Εἰ
2762 1068 2892 1138 γὰρ,
2917 1069 3148 1138 ἐπείπερ
3176 1065 3243 1139 ἦν
3272 1071 3299 1122 6
3325 1070 3493 1137 Λόγος
3522 1072 3574 1123 ἐν
3599 1072 3738 1143 αὐτῷ,

512 1158 739 1229 pheticm
792 1156 905 1211 sive
960 1153 1267 1224 apostolico:
1304 1152 1627 1206 conditionis
1656 1151 1832 1220 ipsum
1872 1151 2095 1206 faciunt.

2207 1156 2453 1226 σημείων
2498 1157 2721 1227 γέγονεν
2757 1160 3146 1231 ἀποτελεστὴς,
3194 1161 3290 1214 ἕνα.
3337 1178 3438 1214 που
3480 1161 3610 1232 τάχα
3656 1164 3740 1215 τῶν

512 1251 683 1320 ἁγίων
722 1248 1015 1321 προφητῶν
1070 1263 1235 1317 φασιν
1284 1245 1466 1299 αὐτόν.
1517 1246 1823 1317 Ἐνήργηκε
1863 1245 1973 1317 γὰρ
2011 1246 2099 1302 διὰ
2140 1250 2321 1320 χειρὸς
2367 1252 2537 1321 ἁγίων
2606 1253 2705 1316 τὰς
2740 1253 3059 1324 Θεοσημίας.
3108 1252 3170 1308 Ei
3200 1253 3256 1307 δὲ
3286 1254 3345 1306 έν
3407 1253 3602 1317 τούτοις
3630 1251 3742 1309 εῖναι

514 1366 648 1419 φασι
691 1348 780 1401 τὸν
817 1346 965 1413 Υίδν,
1012 1345 1071 1398 ὲν
1126 1345 1484 1415 προφητικοῖς
1536 1342 1697 1395 αὑτὸν
1747 1344 1913 1413 ἤγουν
1963 1345 2338 1410 ἀποστολικοῖς
2369 1350 2797 1420 κατακομίςουσι
2827 1350 3067 1420 μέτροις.

583 1445 645 1500 Β.
674 1443 862 1498 Nonne
895 1442 1062 1505 enim,
1096 1441 1382 1508 inquiunt,
1418 1439 1596 1493 dictus
1626 1448 1708 1493 est
1752 1439 2015 1509 propheta
2045 1449 2100 1496 et

2282 1442 2340 1495 Β.
2357 1444 2430 1495 Οὐ
2456 1444 2565 1514 γὰρ
2594 1443 2833 1516 εἴρηται,
2853 1444 3006 1514 φασὶ,
3033 1443 3321 1515 προφήτης
3341 1443 3433 1497 καὶ
3462 1442 3742 1509 ἀπόστολος

513 1535 788 1606 apostolus
814 1534 837 1587 ?
866 1532 1049 1602 Neque
1088 1531 1235 1586 enim
1272 1530 1495 1587 falleris.

1144 1531 1235 1585 tim
1272 1530 1495 1587 falleris.
2207 1535 2308 1589 οὐκ
2332 1535 2397 1589 ἂν
2422 1534 2761 1605 διαψεύσαιο.

585 1628 652 1681 Α.
687 1625 895 1696 Moyses
924 1623 1142 1691 quidem
1171 1622 1307 1677 dixit
1329 1622 1393 1678 iis
1421 1623 1512 1693 qui
1542 1631 1699 1677 erant
1738 1636 1805 1677 ex
1837 1622 2100 1693 sanguine

2278 1630 2342 1682 A.
2395 1628 2455 1681 'U
2485 1629 2689 1699 Μωσῆς
2738 1629 2837 1699 μὲν
2871 1627 2974 1699 ἔφη
3019 1629 3132 1691 τοῖς
3180 1628 3239 1694 ἐξ
3275 1627 3502 1698 αἵματος
3543 1628 3740 1696 Ἰσραήλ·

514 1719 681 1776 Israel
715 1734 726 1770 :
763 1735 781 1769 ι
820 1716 1146 1786 Prophetam
1173 1716 1325 1770 vobis
1361 1715 1647 1769 suscitabit
1673 1714 1932 1769 Dominus
1963 1715 2103 1771 Deus

2215 1741 2235 1774 ι
2270 1722 2562 1795 Προφήτην
2595 1721 2724 1793 ὑμῖν
2762 1722 3061 1791 ἀναστήσει
3104 1719 3312 1790 Κύριος
3338 1719 3365 1771 6
3392 1719 3518 1782 Θεὸς
3540 1719 3673 1789 ὑμῶν
3697 1720 3746 1771 ἐκ

516 1822 697 1866 vester
728 1823 791 1863 ex
829 1807 1087 1861 fratribus
1132 1807 1360 1881 vestris,
1396 1807 1535 1862 sicut
1576 1820 1660 1861 me
1734 1806 1771 1860 ί.
1810 1824 1827 1858 ι
1884 1806 2021 1873 Quin
2054 1817 2108 1861 et

2139 1829 2180 1883 Β
2209 1814 2316 1868 τῶν
2356 1814 2601 1885 ἀδελφῶν
2646 1813 2832 1885 ὑμῶν,
2879 1814 2953 1876 ὡς
2992 1813 3114 1883 ὲμέ.
3150 1832 3168 1865 ι
3211 1813 3464 1883 Γέγραφε
3507 1812 3561 1864 δὲ
3609 1813 3687 1864 καὶ
3725 1814 3745 1864 6

518 1901 730 1955 divinus
800 1898 996 1953 Paulus
1058 1898 1289 1953 scribit:
1330 1915 1348 1947 ι
1399 1895 1589 1962 Unde,
1648 1897 1844 1952 fratres
1910 1899 2105 1965 sancti,

2211 1909 2498 1971 θεσπέσιος
2529 1907 2742 1970 Παῦλος
2768 1925 2783 1939 ο
2812 1926 2829 1958 ι
2870 1907 3052 1971 Ὥστε,
3085 1905 3311 1974 ἀδελφοὶ
3342 1905 3506 1972 amt,
3540 1903 3745 1975 κλήσεως

517 1989 815 2044 vocationis
831 1986 1067 2043 rtelestis
1089 1985 1402 2055 participes,
1429 1986 1771 2041 considerate
1808 1976 2106 2055 apostoium

2209 1999 2532 2069 ἐπουρανίου
2573 1997 2814 2068 μέτοχοι,
2841 1997 3218 2067 κατανοήσατε
3240 1997 3335 2050 τὸν
3369 1996 3646 2049 ἀπόστολον
3672 1994 3748 2047 καὶ

516 2090 572 2137 et
601 2078 907 2149 pontificem
936 2078 1291 2133 confessionis
1330 2086 1530 2133 nostra:
1557 2075 1740 2132 Jesum
1791 2075 1831 2130 ’.
1869 2095 1888 2127 ι

1817 2115 1831 2130 ·
1869 2095 1888 2127 ³
2210 2090 2469 2161 ἀρχιερέα
2504 2090 2605 2160 τῆς
2631 2089 2920 2161 ὁμολογίας
2945 2087 3107 2158 ἡμῶν
3146 2086 3383 2160 Ἰησοῦν.
3418 2107 3434 2138 ι

594 2173 1063 2242 Quemadmodum
1120 2186 1248 2228 vero
1296 2186 1421 2227 cum
1474 2170 1546 2227 sit
1594 2180 1785 2227 natura
1820 2171 1983 2235 Deus,
2043 2184 2094 2229 et

2278 2174 2490 2244 Ὥσπερ
2508 2176 2562 2231 δὲ
2583 2176 2716 2239 Θεὸς
2741 2176 2818 2230 ὢν
2839 2178 3001 2249 φύσει
3027 2180 3123 2232 καὶ
3144 2179 3355 2251 Κύριος
3374 2179 3740 2250 άληθῶς,ἐλα6α

526 2283 655 2326 vere
697 2266 981 2332 Dominus,
1022 2264 1249 2320 fortnam
1286 2265 1429 2320 servi
1456 2265 1688 2334 accepit,
1727 2275 1915 2335 utpote
1945 2266 1999 2320 in
2037 2281 2098 2320 ea

2204 2269 2393 2323 δούλου
2416 2271 2654 2341 μορφὴν,
2681 2272 2776 2325 καὶ
2799 2273 2859 2324 ὲν
2881 2271 3018 2343 αὐτῇ
3043 2272 3310 2339 γεγονὼς,
3328 2272 3423 2326 καὶ
3450 2273 3507 2325 ἐν
3535 2272 3740 2342 προσλή-

526 2372 708 2430 uatus,
737 2369 793 2417 et
823 2369 1011 2416 nostra
1042 2360 1342 2429 assumpsit
1370 2375 1383 2411 :
1420 2359 1492 2412 ita
1522 2371 1743 2427 quoque
1781 2365 1835 2409 et
1864 2357 2100 2426 prophe-

2203 2361 2296 2430 ψει
2327 2362 2437 2415 τῶν
2487 2362 2611 2416 καθ’
2667 2364 2835 2434 ἡμᾶς,
2872 2362 3017 2417 οὕτω
3052 2367 3146 2416 καὶ
3183 2366 3289 2435 τῆς
3342 2364 3659 2434 προφητείας
3692 2364 3742 2417 τδ

529 2457 617 2512 tite
638 2455 885 2525 spiritum
919 2453 1088 2516 dedit.
1119 2462 1175 2507 et
1194 2451 1466 2521 apostolus
1485 2452 1845 2512 constituens,
1878 2462 1931 2504 et
1956 2466 2092 2519 pon-

2209 2452 2432 2521 Πνεῦμα
2463 2454 2661 2517 διδοὺς,
2682 2455 2777 2508 καὶ¹
2811 2455 3142 2517 ἀποστόλους
3172 2456 3518 2521 άναδεικνὺς,
3549 2458 3632 2508 καὶ
3658 2472 3740 2507 ιιι-

490 2542 497 2549 ’
528 2547 705 2603 tifices
734 2560 952 2611 creans,
987 2545 1162 2600 factus
1198 2555 1281 2599 est
1332 2560 1428 2611 per
1460 2544 1642 2596 omnia
1688 2541 1883 2596 similis
1912 2539 2097 2595 fratri-

2206 2544 2397 2608 θιστὰς
2435 2547 2776 2615 ίερουργοὺς,
2797 2545 3037 2616 όμοιώθη
3066 2548 3207 2601 κατὰ
3250 2548 3436 2603 πάντα
3477 2551 3583 2610 τοῖς
3616 2547 3746 2601 ἀδελ-

527 2637 656 2694 bus.
685 2636 760 2692 Ita
785 2636 932 2692 enim
956 2644 1182 2692 vocatus
1201 2644 1286 2690 est
1313 2644 1367 2689 et
1399 2635 1683 2703 propheta,
1709 2646 1763 2688 et
1791 2634 2097 2703 apostolus,

2206 2638 2326 2705 φοῖς
2348 2653 2361 2667 υ
2399 2636 2690 2707 ὠνομάσθη
2719 2639 2828 2706 γὰρ
2855 2638 3019 2705 οὕτω,
3052 2642 3146 2693 καὶ
3182 2641 3499 2712 προφήτης,
3528 2644 3616 2693 καὶ
3637 2638 3750 2693 ἀπό·

529 2738 587 2785 et
617 2728 882 2798 pontifex.

2209 2728 2421 2792 στολος,
2457 2728 2553 2781 καὶ
2588 2730 2903 2800 ἀρχιερεύς.

588 2824 650 2879 Β.
682 2826 977 2891 Caeterum,
994 2826 1238 2881 utetiam
1259 2825 1391 2881 dent
1419 2828 1594 2897 ipsum
1611 2843 1733 2885 esse
1756 2829 2097 2900 prophetam,

2278 2832 2337 2884 Β.
2395 2831 2531 2884 Ἀλλ’
2562 2834 2613 2885 εί
2652 2832 2746 2884 καὶ
2789 2832 2929 2884 δοῖεν
2959 2831 3122 2885 αὐτὸν
3149 2827 3294 2887 εῖναι
3334 2834 3640 2906 προφήτην,
3668 2832 3750 2904 οὐχ

518 2936 626 2978 non
661 2931 916 2991 tanquam
948 2935 1115 2975 unum
1159 2934 1227 2975 ex
1287 2920 1563 2989 prophetis
1616 2919 1824 2975 factum
1890 2922 2098 2987 dicunt,

2207 2923 2281 2986 ὡς
2311 2924 2408 2978 ἕνα
2435 2923 2545 2977 τῶν
2576 2923 2873 2994 προφητῶν
2905 2924 3156 2992 γενέσθαι
3189 2926 3379 2993 φασιν,
3426 2924 3748 2996 ὑπερκεῖσθαι

519 3014 613 3069 sed
640 3013 816 3084 potius
838 3012 997 3083 longe
1021 3009 1139 3066 illos
1158 3024 1439 3081 superare.
1471 3009 1536 3065 Hi
1597 3012 1742 3066 enim
1789 3022 1993 3067 certam
2041 3028 2106 3067 ac

2197 3013 2255 3066 δὲ
2299 3013 2501 3084 μᾶλλον
2540 3014 2676 3067 πολὺ
2718 3014 2788 3068 τὰ
2833 3014 3077 3068 ἐκείνων.
3111 3016 3173 3067 Οἱ
3205 3016 3309 3084 μὲν
3336 3015 3464 3087 γὰρ,
3502 3031 3747 3087 μεμετρη-

519 3104 796 3160 detinitam
845 3117 940 3172 pro
963 3120 1027 3158 eo
1057 3116 1121 3158 ac
1166 3102 1342 3157 visum
1395 3100 1496 3156 fuit
1524 3101 1633 3158 Deo
1652 3103 1882 3172 gratiam
1910 3118 2101 3160 conse-

2203 3105 2370 3175 μένην
2413 3106 2556 3158 κατὰ
2580 3105 2641 3158 τὸ
2669 3104 2747 3176 τῷ
2785 3105 2907 3176 Θεῷ
2937 3105 3129 3160 δοκοῦν
3174 3108 3448 3179 ἐσχήκασι
3476 3110 3642 3179 χάριν,
3669 3108 3748 3159 καὶ

520 3200 627 3253 cuti
662 3207 809 3264 sunt,
835 3207 891 3252 et
926 3212 1046 3267 quae
1072 3199 1125 3252 in
1151 3208 1396 3266 tempore
1415 3197 1551 3266 ipsis
1588 3199 1830 3253 accidit:
1865 3198 1952 3251 hic
1975 3211 2105 3251 vero
2134 3194 2137 3222 ‘

2134 3181 2175 3235 (ἶ
2203 3200 2259 3250 ὲν
2281 3198 2459 3269 χρόνῳ
2490 3198 2935 3269 προσγενομένην
2959 3199 3142 3261 αὐτοῖς
3166 3215 3179 3228 ·
3202 3202 3231 3251 ὁ
3252 3199 3310 3251 δὲ
3343 3200 3550 3271 πλήρης
3576 3194 3640 3270 ἦν
3662 3197 3746 3267 τῆς

518 3290 710 3359 plenus
727 3300 850 3344 erat
885 3288 1112 3343 Deitatis
1136 3291 1303 3343 etiam
1339 3304 1406 3343 ex
1440 3292 1551 3358 ipsa
1579 3290 1764 3344 statim
1799 3289 2102 3344 nativitate.

2201 3288 2475 3360 θεότητος,
2508 3289 2602 3342 καὶ
2630 3289 2690 3357 ἐξ
2719 3290 2888 3361 αὐτῆς
2923 3290 3087 3354 εὐθὺς
3112 3291 3212 3360 τῆς
3239 3294 3544 3363 γεννήσεως
3563 3309 3576 3322 ·
3603 3290 3746 3359 συνῆν

518 3377 718 3433 Aderat
745 3377 890 3432 enim
922 3379 1021 3446 ipsi
1051 3379 1189 3433 Deus
1207 3380 1476 3435 exsistens
1506 3379 1757 3434 Verbum.

1414 3396 1476 3435 ns
1506 3379 1757 3434 Verbum.
2201 3380 2310 3451 γὰρ
2335 3378 2484 3450 αὐτῷ
2511 3378 2644 3444 Θεὸς
2672 3380 2747 3436 ὣν
2774 3383 2803 3434 6
2837 3381 3028 3449 Λόγος.

589 3470 657 3522 Δ.
690 3468 825 3538 Ergo
845 3467 1147 3537 quantitate
1169 3470 1374 3538 gratiae,
1394 3480 1447 3524 et
1483 3470 1874 3540 longinquitate
1891 3476 2097 3535 tempo-

2274 3471 2339 3522 Δ.
2379 3467 2591 3523 Οὐκοῦν
2636 3473 2695 3525 ὲν
2746 3471 3011 3542 ποσότητι
3061 3454 3325 3542 χάριτος,
3368 3473 3459 3526 καὶ
3509 3476 3565 3528 ιν
3603 3473 3739 3540 μήκει

524 3556 601 3612 ris
630 3556 903 3625 superavit
930 3553 1183 3610 Christus
1221 3572 1315 3612 eos
1348 3559 1438 3627 qui
1475 3568 1600 3612 ante
1652 3560 1826 3628 ipsum
1886 3565 2111 3617 exstite-

2205 3550 2402 3623 καιροῦ
2445 3551 2915 3624 πεπλεονέκτηκεν
2946 3557 2974 3607 6
3001 3556 3260 3626 Χριστὸς,
3314 3557 3441 3619 τοὺς
3474 3558 3575 3627 πρὸ
3606 3556 3746 3609 αὑτοῦ

529 3658 659 3704 runt
682 3660 900 3705 sanctos
920 3651 1216 3720 prophetas
1247 3668 1261 3706 :
1295 3660 1457 3719 atque
1499 3652 1599 3706 hoc
1628 3661 1713 3708 est
1762 3653 1813 3706 in
1850 3653 1966 3723 ipso
1988 3655 2106 3708 exi-

2205 3644 2499 3713 γεγονότας
2556 3644 2745 3713 ἁγίους
2792 3647 3079 3717 προφήτας
3105 3687 3120 3711 ,
3170 3649 3267 3703 καὶ
3323 3649 3481 3704 τοῦτό
3519 3652 3654 3704 ἐστιν
3702 3651 3748 3701 ὲν

530 3740 717 3796 mium.
746 3741 1089 3811 Propositum
1122 3756 1253 3797 vero
1286 3753 1368 3798 est
1389 3744 1685 3812 inquirere,
1719 3761 1845 3797 num
1873 3747 2110 3814 prophe-

2204 3732 2358 3803 αὐτῷ
2393 3735 2453 3787 τὸ
2486 3733 2783 3803 ἐξαίρετον.
2834 3736 3127 3806 Πρόκειται
3175 3738 3234 3791 δὲ
3282 3739 3746 3810 πολυπραγμονεῖν,

528 3841 581 3886 ta
604 3833 827 3888 omnino
850 3834 1031 3899 fuerit,
1065 3850 1172 3891 non
1216 3844 1394 3890 autem
1425 3850 1491 3888 an
1555 3834 1727 3901 major
1771 3846 1865 3889 aut
1910 3838 2111 3902 minor,

2204 3826 2255 3880 εί
2299 3827 2587 3895 προφήτης
2632 3824 2804 3889 ὅλως,
2854 3826 2949 3879 καὶ
2995 3828 3114 3881 οὔτι
3159 3846 3264 3882 που
3311 3831 3373 3883 τὺ
3417 3831 3662 3901 μᾶλλονή
3701 3829 3750 3882 τὸ

534 3935 631 3978 aut
673 3926 923 3993 superior
952 3939 968 3977 :
999 3926 1073 3981 ita
1105 3934 1164 3980 ut
1197 3925 1250 3981 in
1285 3941 1349 3981 eo
1381 3928 1524 3994 quod
1587 3927 1656 3980 sit
1706 3929 1971 3997 propheta
1999 3969 2011 3992 ,
2062 3938 2116 3982 et

2209 3919 2359 3988 μεῖον
2386 3917 2544 3986 ἔχων,
2569 3918 2601 3986 ἢ
2645 3918 2739 3970 καὶ
2773 3918 3203 3989 ὑπερκείμενος,
3237 3922 3315 3985 ὡς
3345 3922 3403 3975 ἕν
3442 3940 3503 3991 γε
3534 3922 3607 3992 τῷ
3632 3917 3748 3975 εἶναι

528 4015 809 4083 quodnon
844 4016 1332 4071 excedatnostram
1392 4018 1788 4078 conditionem.
1840 4019 2114 4072 humilitas

2205 4012 2511 4080 προφήτην,
2557 4012 2654 4064 καὶ
2695 4010 2773 4081 τῷ
2807 4010 2880 4081 μὴ
2909 4013 3053 4082 πέρα
3091 4013 3292 4084 μέτρου
3323 4016 3418 4069 τοῦ
3450 4016 3566 4070 καθ’
3588 4016 3745 4086 ήμᾶς,

528 4104 646 4170 ejus
671 4107 952 4169 consistat,
992 4107 1207 4161 tametsi
1263 4106 1314 4161 itl
1359 4108 1424 4161 ab
1482 4108 1639 4161 initio
1686 4109 1961 4162 exstitisse
1987 4123 2114 4163 ceno

2205 4102 2266 4154 τὸ
2301 4101 2715 4171 σμικροπρεπές
2740 4104 2887 4154 ἐστιν
2912 4103 3081 4173 αὐτῷ,
3108 4105 3212 4158 κᾶν
3242 4109 3291 4159 εἰ
3325 4107 3576 4177 ἀπαρχῆς
3600 4108 3746 4158 νοοῖτο

529 4208 734 4258 seatur,
760 4199 895 4252 sicut
928 4208 979 4250 et
1002 4198 1219 4253 divinus
1254 4198 1511 4268 Baptista,
1536 4201 1723 4270 dequo
1751 4200 1883 4255 dicit
1916 4200 2104 4255 beatus

2204 4190 2365 4244 τοῦτο
2410 4192 2690 4262 ὑπάρχων,
2736 4193 2986 4264 καθάπερ
3035 4196 3227 4266 ἀμέλει
3270 4199 3366 4251 καὶ
3411 4201 3437 4251 ό
3480 4198 3746 4268 Θαυμάσιος

531 4288 789 4357 angelus:
827 4309 845 4341 ι
878 4289 944 4343 Ει
999 4289 1204 4357 Spiritu
1249 4301 1435 4345 saneto
1497 4291 1790 4359 replebitur
1845 4292 2020 4346 adhuc
2059 4292 2110 4345 in

2205 4283 2519 4356 Βαπτιστὴς
2566 4287 2695 4357 περὶ
2718 4280 2779 4339 οῦ
2806 4306 2970 4359 φησιν
2993 4290 3021 4341 ό
3052 4291 3327 4360 μακάριος
3356 4291 3595 4359 ἄγγελος·
3618 4309 3634 4340 ι
3658 4286 3745 4339 Καὶ

528 4390 686 4432 mero
718 4381 905 4433 matris
931 4395 1041 4432 sum
1102 4382 1141 4433 ³.
1193 4399 1211 4433 ι
1241 4382 1441 4435 Deinde
1465 4383 1739 4451 quomodo
1772 4382 1858 4435 hic
1878 4383 2099 4450 quidem

2206 4375 2526 4445 Πνεύματος
2554 4378 2711 4446 ἁγίου
2743 4379 3115 4451 πλησθήσεται
3139 4380 3220 4433 ἔτι
3252 4384 3317 4435 ὲκ
3340 4382 3541 4445 κοιλίας
3573 4378 3744 4450 μητρὸς

529 4476 646 4518 erat
671 4480 882 4532 servus,
917 4468 1004 4522 ille
1032 4483 1159 4522 vero
1206 4469 1483 4523 Dominica
1528 4470 1789 4539 dignitate
1846 4470 2106 4525 illustris?
2142 4453 2146 4506 Ῑ

2142 4452 2183 4506 D
2207 4469 2394 4523 αὐτοῦ.
2429 4489 2447 4522 ι
2485 4466 2617 4523 Εἶτα
2652 4470 2771 4533 πῶς
2814 4474 2842 4524 ό
2887 4472 2984 4542 μὲν
3012 4467 3080 4542 ἦν
3107 4472 3347 4542 οίκέτης,
3390 4475 3419 4525 ό
3458 4473 3512 4524 δὲ
3544 4474 3644 4532 τοῖς
3676 4470 3744 4519 δε-

530 4556 607 4611 Ac
638 4558 702 4611 de
727 4558 904 4626 seipse
934 4559 1124 4613 beatus
1162 4559 1398 4615 Joannes
1426 4562 1497 4614 ita
1524 4562 1598 4614 ait
1627 4577 1640 4613 :
1678 4579 1695 4612 ι
1732 4561 1833 4628 Qui
1866 4577 1933 4615 ex
1966 4573 2109 4617 terra

2209 4565 2486 4626 σποτικοῖς
2517 4562 2822 4634 ἀξιώμασιν
2851 4564 3237 4634 ὲναόρύνεται;
3289 4566 3400 4618 Καὶ
3448 4562 3632 4617 ἑαυτοῦ
3666 4562 3744 4629 μὲν

530 4659 632 4712 est,
675 4661 886 4704 terrena
920 4652 1183 4720 loquitur;
1220 4670 1237 4703 ι
1269 4652 1335 4707 de
1362 4653 1710 4708 Emmanuele
1743 4668 1874 4709 vero
1905 4672 1917 4709 :
1958 4673 1976 4707 ι
2005 4656 2108 4723 Qui

2208 4654 2354 4725 πέρι,
2388 4655 2549 4725 φησιν
2594 4656 2623 4707 6
2653 4655 2922 4725 μακάριος
2975 4657 3262 4725 Ἰωάννης-
3304 4676 3322 4707 ι
3366 4657 3423 4708 'U
3461 4655 3535 4708 ὢν
3570 4656 3628 4706 ὲκ
3663 4652 3745 4717 τῆς

530 4758 561 4794 e
586 4745 833 4811 supernis
858 4744 1020 4807 venit,
1060 4760 1222 4811 supra
1260 4759 1450 4801 omnes
1480 4754 1564 4800 est
1628 4743 1668 4800 ⁵.
1711 4766 1729 4799 ι

2208 4747 2328 4815 γῆς,
2351 4748 2415 4799 ἐκ
2439 4747 2536 4817 τῆς
2568 4732 2669 4816 γῆς
2699 4748 2863 4800 λαλεῖ.
2900 4767 2918 4798 ι
2954 4748 3086 4818 Περὶ
3112 4748 3167 4800 δέ
3188 4765 3249 4815 γε
3278 4748 3372 4800 τοῦ
3410 4743 3740 4815 Ἐμμανουήλ·

2211 4856 2227 4887 ι
2252 4839 2309 4889 ’0
2342 4838 2545 4891 ἄνωθεν
2571 4841 2885 4909 ἐρχόμενος,
2918 4840 3102 4893 ἐπάνω
3137 4841 3355 4893 πάντων
3390 4840 3521 4893 ὲστί.
3560 4858 3576 4889 ι

604 4916 661 4969 Β.
697 4917 859 4987 Atqui
920 4920 1154 4975 dixerint
1201 4921 1434 4976 fortasse
1483 4935 1516 4977 e
1550 4924 1820 4992 supernis,
1852 4932 1906 4979 et
1950 4940 2111 4994 supra

2278 4930 2335 4983 Β,
2368 4930 2555 4983 Καίτοι
2580 4933 2735 4999 φαῖεν
2766 4931 2832 4984 ἂν
2868 4931 3019 4995 ἴσως,
3049 4931 3254 4984 ἄνωθέν
3282 4948 3344 4984 τε
3372 4928 3529 4993 εἶναι,
3552 4928 3635 4981 καὶ
3658 4924 3744 4995 μὴν

531 5027 722 5067 omnes
754 5026 875 5066 esse
910 5012 1140 5065 Verbum
1170 5026 1236 5067 ex
1270 5014 1380 5068 Deo
1402 5014 1564 5069 Patre
1594 5017 1835 5086 genitum
1865 5035 1879 5083 ;
1917 5033 2111 5072 veren-

2206 5021 2298 5075 xei
2344 5020 2529 5073 ἐπάνω
2562 5020 2800 5086 πάντων,
2836 5019 2928 5073 τὸν
2978 5022 3043 5072 ὲκ
3085 5021 3221 5073 Θεοῦ
3260 5023 3472 5091 Πατρὸς
3501 5016 3744 5086 πεφηνότα

534 5114 621 5156 tur
661 5113 838 5157 autem
882 5103 957 5157 illi
1013 5104 1252 5159 tribuere
1292 5100 1549 5174 liumana,
1583 5122 1650 5161 ne
1696 5109 1871 5178 ipsum
1912 5108 2109 5178 injuria

2206 5112 2410 5177 Λόγον,
2452 5110 2654 5164 δεδίασι
2702 5111 2758 5163 δὲ
2794 5111 3122 5182 προσνέμειν
3158 5111 3309 5181 αὐτῷ
3346 5112 3413 5164 τὰ
3446 5108 3742 5180 ἀνθρώπινα,

531 5194 765 5259 ailiccre,
816 5192 1151 5263 gloriamque
1197 5196 1363 5265 ipsius
1424 5198 1741 5254 imminuere
1794 5200 2099 5255 videantur.

2208 5203 2282 5274 μὴ
2309 5204 2415 5272 ἄρα
2450 5219 2568 5264 πως
2613 5202 2850 5255 ἀδικοῖτο
2887 5203 2959 5255 δι’
2992 5202 3194 5267 αὐτῶν,
3237 5205 3332 5256 καὶ
3363 5198 3746 5271 κατακομίζοιτο

532 5287 737 5342 Idcirco
764 5285 1093 5342 contendunt
1129 5286 1301 5355 ipsum
1338 5303 1617 5344 assumere
1631 5290 1933 5356 hominem,
1964 5307 2111 5347 eum.

2205 5296 2341 5367 πρὸς
2387 5293 2449 5346 τὸ
2490 5293 2767 5356 δυσκλεές.
2816 5293 3001 5368 Ταύτῃ
3048 5312 3132 5347 τοι
3177 5296 3527 5349 διατείνονται
3582 5289 3741 5341 λαϐεῖν

531 5394 634 5447 que
664 5379 765 5433 sibi
779 5377 1125 5447 cenjungere,
1148 5378 1199 5431 in
1249 5392 1409 5446 quem
1468 5382 1665 5435 cadant
1696 5391 1751 5436 et
1774 5385 1841 5437 de
1874 5394 1984 5453 quo
2032 5384 2107 5438 di-

2204 5385 2368 5439 αὐτὺν
2399 5385 2686 5455 ἄνθρωπον
2705 5425 2719 5449 ,
2752 5385 2931 5457 ἑαυτῷ
2960 5404 3019 5439 τε
3053 5386 3241 5440 τοῦτον
3271 5385 3532 5454 συνάψαι,
3561 5383 3673 5450 περὶ
3693 5379 3741 5431 ὃν

531 5481 725 5524 cantur
770 5468 1004 5523 hominis
1036 5468 1443 5538 proprietates;
1478 5470 1549 5525 ita
1616 5481 1677 5526 ut
1724 5472 1885 5529 Verbi
1946 5476 2114 5544 ipsius

2206 5476 2272 5531 ἂν
2299 5476 2511 5545 γένοιτό
2542 5493 2602 5529 τε
2647 5476 2743 5529 καὶ
2784 5477 2992 5546 λέγοιτο
3018 5478 3089 5531 τὰ
3117 5477 3449 5548 ἀνθρώπινα.
3487 5476 3662 5531 Ἔσται
3693 5468 3738 5522 δὲ

532 5567 725 5612 natura
762 5558 964 5613 nullum
992 5560 1215 5613 omnino
1248 5560 1631 5615 detrimentum
1678 5564 1935 5633 accipiat.

2203 5568 2340 5630 ὅλως
2378 5569 2460 5629 εἰς
2499 5567 2598 5640 τήν
2644 5569 2810 5623 αὑτοῦ
2860 5569 2956 5624 τοῦ
2998 5570 3174 5637 Λόγου
3228 5568 3419 5637 φύσιν,
3471 5566 3531 5619 τὸ
3571 5560 3737 5634 βλάὸος

2237 5658 2323 5697 ινιῗέ

2202 5676 2227 5710 ο

610 5733 777 5785 Aiunt
817 5740 1002 5800 itaque
1039 5731 1319 5790 Christum
1383 5734 1779 5793 sanctiﬁcatum
1842 5753 1874 5793 a
1924 5738 2107 5796 Patre.

2237 5659 2256 5690 .‘
2303 5658 2323 5697 έ

2202 5658 2428 5794 ωδιῐνέσὶ
2461 5741 2777 5809 τοιγαροῦν,
2810 5741 3045 5811 Χριστὸν
3073 5742 3331 5813 ήγιάσθαι
3360 5739 3504 5811 παρὰ
3536 5734 3621 5791 τοῦ
3646 5732 3742 5786 Πα·

616 5826 631 5857 ¹
666 5826 822 5889 Deut.
861 5828 1129 5889 “111,15.
1230 5832 1247 5861 ²
1274 5830 1439 5887 Hebr.
1474 5849 1553 5897 Ill,
1585 5835 1635 5888 1.
1726 5834 1901 5889 'Luc.
1947 5851 1987 5901 ι,
2024 5834 2115 5890 15.
2228 5837 2233 5863 ¹

1058 5828 1129 5885 l5.
1230 5830 1439 5887 ’llebr.
1474 5849 1553 5897 ιιι,
1585 5835 1635 5888 1.
1726 5834 1901 5889 'Lue.
1947 5851 1987 5901 ι,
2024 5834 2115 5890 15.
2228 5836 2429 5893 |‘Joan.
2461 5854 2543 5905 ιιι,
2586 5838 2675 5892 5!.
