4070 6290
424 300 526 401 θῖι

1376 334 1749 397 PANOPLIA
1787 334 2334 397 DOGMATICA.”
2366 338 2516 399 TlT.
2552 340 2675 402 XV.

3573 344 3687 419 974.

423 453 569 523 τρόςο
590 454 901 522 γέγραπται
918 450 1047 519 γὰρ,
1070 448 1151 500 ὅτι
1171 447 1261 499 καὶ
1296 445 1738 516 ιἘμαρτύρησεν
1754 445 2008 515 Ἰωάννης

2117 445 2391 516 Scriptum
2451 461 2535 501 est
2581 448 2770 503 enim:
2842 469 2859 502 ι
2903 448 2968 505 Et
2999 452 3373 509 testimonium
3432 459 3683 524 perhibet

422 544 596 609 λέγων
621 559 635 571 °
676 544 757 594 ὅτι
784 543 1051 611 Γεθέαμαι
1079 540 1153 591 ’τὸ
1190 537 1410 608 Πνεῦμα
1460 538 1781 591 καταϐαῖιον
1817 539 1875 605 ἐξ
1906 537 2001 591 οὑ-

426 636 609 707 ρανοῦ,
641 634 738 687 καὶ
765 634 978 703 ἔμεινεν
1012 633 1098 685 ἐπ’
1124 632 1312 695 αὐτὸν,
1338 631 1494 698 κάγὼ
1518 631 1615 683 οὐκ
1644 627 1784 684 εἶδον
1812 630 1998 695 αὑτδν,

423 729 537 782 ἀλλ’
576 731 603 781 6
634 726 853 796 πέμψας
906 743 974 795 με
1010 725 1297 795 βαπτίζειν
1341 727 1398 777 ὲν
1448 724 1624 787 ὕδατι,
1658 724 1864 785 ἐκεῖνός
1907 741 1999 793 μοι

424 815 578 873 εἶπεν
603 835 616 849 ’
667 819 785 888 Ἐφ’
814 819 872 872 ὂν
907 818 974 871 ἂν
1015 817 1131 890 ἴδῃς
1168 818 1228 871 τὸ
1275 816 1501 885 Πνεῦμα
1532 816 1868 870 καταϐαῖνον
1903 815 2001 869 καὶ

427 912 587 984 μένον
613 912 699 967 ἐπ’
728 907 1083 977 αὑτὸν,οῦτός
1110 914 1258 965 ἐστιν
1287 911 1315 965 ὁ
1346 911 1624 979 βαπτίζων
1650 912 1707 963 ιν
1729 911 1806 978 τῷ
1835 908 2002 962 Πνεῦ-

429 1022 560 1074 ματι
588 1005 667 1074 τῷ
698 1006 861 1075 ἀγίῳ.
891 1004 1063 1074 Κάγὼ
1093 1004 1314 1075 ἑώρακα
1344 1006 1436 1057 καὶ
1470 1002 1897 1074 μεμαρτύρηκα,
1917 1003 2001 1055 ὅτι

426 1096 578 1161 οὗτός
620 1099 769 1150 ἔστιν
818 1097 847 1149 6
895 1097 1020 1161 Υἱὸς
1063 1096 1157 1151 τοῦ
1205 1095 1362 1150 Θεοῦ.
1404 1115 1423 1149 ο
1459 1097 1710 1165 Γέγραφε
1749 1096 1806 1149 δὲ
1849 1096 1943 1147 καὶ
1972 1094 2001 1145 6

431 1191 641 1253 Παῦλος
696 1192 825 1261 περὶ
874 1189 1079 1242 αὐτοῦ⁹
1126 1206 1145 1240 ι
1184 1189 1253 1243 ’Ὀ
1302 1206 1361 1240 τε
1409 1190 1516 1258 γάρ
1544 1189 1788 1255 ἁγιάζων
1820 1192 1914 1240 καὶ
1954 1187 2003 1239 οί

431 1285 778 1354 ἁγιαζόμενοι
804 1284 861 1349 ἐξ
888 1285 1002 1346 ἐνὸς
1030 1284 1247 1347 πάντες.
1280 1303 1297 1334 ι
1328 1283 1648 1353 Ἀγιασθείη
1669 1286 1778 1354 γὰρ
1801 1284 2004 1354 ἥκιστά

430 1396 493 1448 γε
523 1378 653 1441 Θεὸς
693 1377 767 1431 ὢν
791 1382 819 1432 6
843 1380 1012 1447 Λόγος
1040 1380 1134 1431 καὶ
1169 1379 1323 1447 διγιο,
1360 1380 1500 1432 κατὰ
1529 1380 1714 1447 φύσιν.
1739 1380 2002 1432 Λείπεται

430 1468 496 1538 δὴ
534 1466 628 1543 οὖν
675 1468 935 1539 ἡγιάσθαι
983 1469 1170 1537 λέγειν
1218 1469 1311 1521 τὸν
1347 1470 1623 1538 ληφθέντα
1680 1469 1810 1540 παρ’
1838 1469 2003 1524 αὑτοῦ

435 1562 579 1615 κατά
608 1562 906 1629 συνάφειαν
936 1562 1242 1632 ἄνθρωπον.

498 1732 562 1786 Λ.
608 1727 741 1785 Εἶτα
775 1731 892 1795 πῶς
923 1733 951 1784 ὁ
999 1731 1436 1803 βεϐαπτισμένοι,-
1466 1774 1481 1798 ,
1529 1732 1623 1785 καὶ
1658 1733 1758 1804 τὴν
1793 1733 2007 1805 ἐμφανῆ

2098 538 2377 603 Joannes,
2430 539 2669 594 dicens:
2729 541 2846 595 Vidi
2908 542 3171 613 Spiritum
3248 546 3675 605 descendentem

2101 631 2253 699 qttasi
2304 630 2612 688 columbam
2665 632 2734 688 de
2777 635 2943 699 emlo,
2973 646 3031 690 et
3082 638 3279 691 mansit
3313 654 3479 709 super
3526 655 3677 705 eum,

2101 735 2158 779 et
2184 739 2284 794 ego
2313 726 2625 781 nesciebam
2657 740 2783 781 eum
2808 744 2821 782 :
2852 727 2947 783 sed
2974 728 3064 798 qui
3101 730 3252 787 misit
3278 745 3365 787 me
3401 732 3680 802 baptizare

2101 814 2156 870 in
2191 831 2350 884 aqua,
2387 817 2475 873 ille
2503 816 2635 872 mihi
2667 818 2838 873 dixit:
2888 819 3066 887 Stiper
3110 836 3274 890 quem
3308 822 3511 879 videris
3553 823 3682 894 Spi-

2101 908 2265 963 ritum
2292 907 2745 977 descendentem,
2786 920 2843 966 et
2874 923 3184 967 manentem
3219 929 3383 984 super
3411 930 3555 981 eum,
3592 918 3679 970 hic

2099 1009 2185 1055 est
2218 1001 2306 1069 qui
2340 1000 2580 1070 baptiznt
2628 1002 2684 1056 in
2731 1001 2935 1071 Spiritu
2978 1013 3190 1059 sancto.
3227 1003 3293 1059 Et
3330 1020 3429 1076 ego
3459 1007 3592 1067 ridi.
3624 1017 3681 1060 et

2108 1093 2479 1147 testimonium
2532 1093 2779 1162 perbibui
2825 1096 2952 1163 quia
2997 1095 3085 1150 hic
3122 1105 3207 1150 est
3243 1095 3415 1151 Filius
3453 1097 3607 1152 Dei'.
3650 1116 3670 1150 ι

2105 1183 2248 1251 Quin
2287 1193 2343 1240 et
2402 1184 2602 1240 Paulus
2650 1186 2719 1239 de
2768 1185 2885 1247 ipso
2940 1186 3199 1256 scripsit:
3245 1204 3263 1238 ι
3304 1187 3671 1244 Sanctiﬁtans

2105 1278 2250 1332 enim
2285 1285 2339 1332 et
2368 1274 2694 1332 sanetiﬁcati
2724 1291 2792 1331 ex
2812 1292 2919 1331 uno
2958 1291 3150 1332 onmes
3172 1277 3213 1331 ³.
3258 1296 3277 1329 ι
3313 1278 3499 1347 Neque
3527 1279 3677 1333 enim

2103 1368 2361 1433 Verbum,
2398 1383 2523 1423 cum
2574 1368 2646 1422 sit
2697 1368 2863 1433 Deus,
2914 1377 2969 1421 et
3033 1384 3097 1422 ex
3152 1384 3250 1424 sua
3309 1380 3502 1424 natura
3552 1385 3683 1423 san-

2104 1478 2249 1526 etus.
2298 1465 2694 1520 sanctiﬁcatum
2743 1464 2865 1519 fuit.
2914 1464 3177 1534 Superest
3224 1466 3391 1535 igitur
3440 1467 3683 1522 sanctiﬁ-

2104 1566 2285 1611 catum
2320 1557 2504 1621 fuisse
2548 1557 2823 1611 hominem
2872 1571 3034 1627 quem
3090 1572 3187 1628 per
3236 1557 3677 1628 conjunctionem

2103 1653 2415 1720 assumpsit.

2169 1744 2238 1798 Α.
2265 1743 2427 1810 Atqui
2467 1743 2737 1810 quomodo
2787 1743 2833 1796 is
2896 1741 2986 1811 qui
3042 1743 3348 1808 baptizatus
3385 1752 3491 1805 est,
3522 1751 3577 1796 et
3620 1746 3676 1795 in

435 1819 531 1872 τοῦ
567 1819 885 1891 Πνεῦματος
908 1800 1087 1876 λαϐὼν
1111 1800 1522 1892 καταφοίτησιν,
1546 1823 1604 1876 ἐν
1632 1800 1775 1893 ἀγίῳ
1808 1800 2004 1892 βαπτίέ

2110 1849 2258 1907 quem
2291 1833 2528 1902 Spiritus
2549 1832 2832 1887 manifeste
2864 1834 3164 1899 descendit,
3224 1834 3276 1887 in
3323 1844 3516 1888 sancto
3561 1832 3685 1903 Spi-

435 1912 519 1974 ζει
556 1911 857 1982 Πνεύματι,
890 1914 982 1967 καὶ
1003 1914 1072 1967 τὰ
1100 1913 1232 1983 μόνῃ
1266 1912 1545 1983 πρέποντα
1576 1915 1669 1968 καὶ
1699 1914 1914 1968 ἐοικότα
1938 1917 2005 1986 τῇ

433 2004 554 2074 θείᾳ
591 2004 750 2073 φύσει
797 2004 1022 2075 πληροῖ;
1072 2006 1321 2076 Χορηγδς
1349 2006 1458 2076 γάρ
1507 2006 1653 2059 ἐστιν
1696 2003 2003 2076 ἀγιασμοῦ,

434 2094 526 2146 καὶ
557 2094 714 2148 τοῦτο
742 2095 976 2161 δεικνὺς,
1007 2095 1083 2159 ὡς
1114 2095 1245 2148 ἴδιον
1295 2095 1497 2165 ἀγαθὸν
1522 2097 1551 2148 6
1582 2096 2006 2167 ὲνανθρωπήσας

435 2184 626 2252 Λόγος,
658 2186 1008 2257 σωματικῶς,
1036 2187 1340 2257 ὲνέφυσησε
1359 2190 1469 2251 τοῖς
1499 2188 1673 2255 ἁγίοις
1692 2187 2007 2250 ἀποστόλοις

434 2275 628 2344 λέγων·
666 2298 681 2327 ι
704 2278 909 2331 Λάϐετε
945 2277 1170 2349 Πνεῦμα
1201 2278 1381 2347 άγιοψ
1421 2281 1486 2333 ἀν
1517 2295 1680 2333 τινων
1705 2278 1881 2349 ἀφῆτε
1910 2278 2007 2342 τὰς

436 2366 732 2438 ἁμαρτίας,
752 2368 1021 2435 ἀφίενται·
1041 2368 1108 2422 ἀν
1130 2387 1291 2423 τινων
1313 2369 1570 2440 κρατῆτε,
1586 2371 1970 2441 κεκράτηνται.
1985 2386 2003 2419 ι

439 2456 562 2518 Πῶς
590 2456 647 2510 δὲ
671 2457 765 2511 τὸν
812 2460 1143 2530 ἡγιασμένον
1172 2461 1542 2532 ἐναργέστατα
1589 2460 1943 2525 καταδεικνὺς
1981 2462 2010 2514 ὁ

436 2545 723 2609 θεσπέσιος
748 2548 1076 2620 Βαπτιστὴς,
1105 2550 1549 2622 μεμαρτύρηκεν,
1570 2552 1652 2605 ὅτι
1670 2545 1837 2615 Οὗτός
1860 2552 2009 2604 ἐστιν

435 2636 464 2687 ὁ
499 2636 625 2698 Υἱὸς
670 2637 763 2690 τοῦ
802 2638 975 2705 Θεοῦ,
1012 2640 1314 2710 μοναδικῶς
1350 2642 1445 2695 καὶ
1493 2641 1811 2714 ἐνάρθρωςς
1860 2643 2005 2695 Ἔδει

441 2723 545 2794 γὰρ
575 2723 703 2778 ὄντα
736 2727 834 2796 τῆς
875 2727 964 2795 ὑφ’
1010 2728 1143 2801 ἡλίῳ
1191 2731 1570 2799 μυσταγωγὸν,
1616 2733 1670 2786 εί
1708 2749 1795 2785 πω
1823 2732 2007 2802 ἕτερον

434 2814 566 2867 ὄντα
623 2817 774 2887 παρά
817 2834 879 2885 γε
932 2818 1023 2871 τὸν
1070 2818 1284 2891 ἀληθῶς
1329 2821 1457 2874 Υίὸν
1502 2822 1787 2893 ἠπίστατο,
1837 2839 2007 2876 κατα-

437 2907 675 2975 σημᾶναι
700 2908 762 2960 τὸ
788 2908 1005 2980 ἀληθὲς,
1040 2910 1267 2980 λέγοντα
1294 2914 1480 2981 σαφῶς
1502 2952 1518 2977 ,
1552 2907 1721 2979 οὗτός
1765 2916 1934 2971 ἐστιν.
1979 2915 2009 2967 6

435 2996 580 3051 κατὰ
632 2997 930 3065 συνάφειαν
973 3000 1072 3070 τὴν
1134 3001 1270 3070 πρὸς
1312 3001 1403 3055 τὸν
1443 3004 1605 3071 φύσει
1652 3004 1747 3057 καὶ
1792 3002 2007 3072 ἀληθῶς

438 3086 587 3149 Υἰὸν,
614 3087 757 3141 δόσει
795 3106 855 3141 τε
887 3090 980 3142 καὶ
1005 3090 1190 3161 χάριτι
1224 3092 1463 3160 γεγονὼς
1495 3093 1624 3157 Υἱός
1648 3110 1664 3127 ο
1694 3093 1811 3148 ἀλλ’
1855 3093 2007 3147 οὐδὲν

2102 1927 2205 1982 ritu
2242 1923 2477 1993 baptizat
2508 1964 2524 1989 ,
2565 1937 2737 1992 eaque
2794 1932 3020 1993 praestat
3065 1938 3187 1993 qua:
3220 1923 3316 1978 soli
3349 1925 3547 1979 divinet
3584 1941 3683 1978 na-

2104 2025 2239 2069 tura:
2264 2024 2395 2067 sunt
2423 2014 2639 2083 propria
2667 2012 3209 2068 ?Sanetiﬁcatiouem
3264 2014 3408 2068 enim
3459 2015 3686 2083 largitur

2102 2114 2264 2173 atque.
2281 2104 2605 2174 suppeditat.
2630 2102 2780 2170 Quod
2806 2105 3020 2173 quidem
3042 2104 3428 2160 demonstrans
3447 2104 3683 2159 Verbum

2104 2197 2379 2266 proprium
2451 2211 2604 2249 suum
2683 2194 2882 2248 bonum
2945 2209 3086 2259 esse,
3147 2195 3429 2263 inspiravit
3484 2198 3687 2249 sam::is

2104 2288 2385 2357 apostolis,
2441 2287 2629 2341 dicens
2676 2302 2690 2337 :
2737 2304 2755 2335 ι
2796 2286 3038 2355 deripite
3076 2286 3343 2355 Spiritum
3393 2299 3684 2343 sanetum:

2104 2392 2549 2450 quorumcunque
2604 2377 2922 2431 remiseritis
2984 2386 3201 2445 peccata
3226 2417 3239 2443 ,
3275 2379 3634 2431 remittuntur
3673 2399 3684 2432 :

2104 2482 2548 2542 quorumcunque
2567 2467 2928 2529 retiuneritis,
2977 2475 3187 2522 retenta
3250 2477 3377 2522 sunt
3440 2471 3479 2520 ³.
3514 2487 3533 2521 ι
3573 2469 3688 2532 Quo

2105 2569 2262 2633 pacto
2286 2571 2471 2614 autem
2508 2558 2903 2615 sanctiﬁcatum
2933 2557 3373 2613 manifestissime
3400 2561 3687 2613 esten-lens

2106 2654 2319 2708 divinus
2376 2651 2638 2720 Baptista,
2704 2656 2933 2702 testatus
2985 2655 3090 2709 est,
3122 2649 3265 2716 quod
3292 2647 3384 2703 hic
3428 2649 3497 2702 sit
3522 2647 3688 2702 Filius

2109 2743 2223 2808 Dei,
2277 2740 2625 2811 singulariter
2656 2754 2719 2792 ae
2754 2737 2903 2793 solus
2932 2738 2956 2791 ?
2988 2736 3295 2807 Oportebat
3354 2739 3496 2792 enim
3546 2739 3688 2795 hunc

2106 2831 2257 2887 orbis
2312 2838 2580 2884 terrarum
2646 2829 2941 2887 doctorem,
2973 2826 3017 2880 si
3070 2827 3229 2880 modo
3261 2826 3426 2879 alium
3484 2840 3512 2879 a
3563 2841 3688 2881 vero

2106 2921 2243 2976 Filio
2263 2919 2642 2991 cognoscebat,
2675 2917 2750 2971 rei
2789 2919 3073 2970 veritatem
3114 2916 3411 2984 explicare,
3465 2924 3687 2985 aperte-

2109 3026 2215 3082 que
2240 3012 2459 3065 dicere:
2491 3008 2591 3065 Hic
2616 3018 2703 3063 est
2746 3008 2838 3077 qui
2874 3008 3084 3063 ratione
3127 3006 3528 3075 coniunctionis
3565 3023 3687 3062 cum

2110 3118 2176 3158 eo
2205 3103 2297 3172 qui
2340 3110 2529 3155 natura
2554 3114 2618 3154 ac
2658 3114 2785 3154 vere
2814 3098 2985 3153 Filius
3012 3106 3118 3163 est,
3175 3097 3438 3157 beneﬁcio
3474 3108 3529 3152 et
3568 3114 3687 3167 gra-
3768 3154 3775 3161 ,

439 3178 539 3248 μὲν
583 3177 687 3249 ἔφη
731 3179 991 3241 τοιοῦτον,
1044 3181 1139 3236 ἕνα
1169 3181 1227 3239 δὲ
1260 3182 1468 3236 καὶτὸν
1496 3183 1658 3238 αὐτὸν
1685 3184 1813 3238 ὅντα
1845 3182 2004 3251 γινώο

2113 3190 2184 3244 tia
2224 3170 2421 3243 lactus
2481 3197 2565 3242 est
2629 3186 2815 3241 Filius.
2883 3186 3157 3241 Ca-terutn
3207 3186 3338 3240 nihil
3384 3185 3688 3253 huiusmodi

437 3283 603 3328 σκων,
636 3270 726 3320 καὶ
757 3271 820 3321 ὲκ
842 3269 977 3321 Θεοῦ
1019 3270 1232 3341 Πατρὸς
1257 3271 1449 3340 Λόγον,
1480 3273 1573 3327 καὶ
1604 3275 1668 3327 ὲκ
1694 3274 2006 3344 σπέρματος

432 3356 527 3408 τοῦ
559 3358 721 3411 Δαϐὶδ
768 3358 909 3411 κατά
943 3358 1142 3429 σάρκα,
1171 3361 1499 3434 ἀγιασθῆναι
1537 3361 1636 3432 μέν
1667 3378 1824 3432 φησι,
1873 3360 2017 3419 καθὸ»

433 3448 739 3518 ἄνθρωπος,
774 3448 1024 3516 ἀγιάζειν
1066 3450 1121 3503 δὲ
1160 3444 1250 3515 αὖ,
1296 3451 1432 3507 καθὸ
1480 3454 1680 3506 νοεῖται
1710 3451 1862 3514 Θεός.
1898 3445 2007 3503 Ἦν

432 3539 565 3609 γάρ,
597 3539 672 3601 ὡς
703 3539 861 3608 ἔφην,
888 3540 946 3592 ἐν
973 3540 1121 3612 αὐτῷ
1149 3542 1303 3595 τοῦτο
1329 3544 1569 3601 κάκεῖνο.
1598 3544 1660 3599 Ei
1695 3542 1794 3613 μὲν
1822 3537 1915 3598 οῦν
1943 3541 2007 3595 οὐ

431 3627 660 3694 γέγονεν
690 3626 997 3697 ἄνθρωπος,
1025 3628 1073 3680 εἰ
1102 3630 1178 3699 μὴ
1215 3632 1536 3703 γεγέννηται
1563 3631 1703 3687 κατά
1733 3632 1913 3703 σάρκα
1940 3633 2005 3686 ὲκ

430 3718 695 3787 γυναικὸς
720 3758 735 3781 ,
770 3718 1148 3788 ἀποσοϐοῦμεν
1186 3722 1350 3774 αὑτοῦ
1384 3727 1452 3776 τά
1483 3721 1817 3794 ἀνθρώπινα.
1859 3725 1925 3777 El
1950 3723 2007 3777 δὲ

429 3808 650 3879 ἀληθὲς,
692 3809 774 3862 ὅτι
802 3806 988 3871 καθεὶς
1023 3809 1216 3861 ἑαυτὸν
1248 3812 1327 3875 εὶς
1374 3811 1605 3865 κένωσιν
1647 3812 1838 3880 γέγονε
1886 3813 2004 3866 καθ’

428 3903 600 3971 ἡμᾶς,
647 3900 871 3954 ἀνθότου
921 3900 988 3953 τά
1033 3901 1099 3954 δι’
1148 3896 1222 3955 ὧν
1268 3902 1335 3955 ἂν
1380 3905 1551 3957 νοοῖτο
1600 3904 2004 3974 κεκενωμένος,

428 3992 727 4059 ἀφιστᾶσιν
768 3992 932 4044 αὑτοῦ
958 4031 972 4056 ,
1004 3992 1103 4061 τῆς
1149 3992 1287 4061 μετά
1338 3993 1542 4063 σαρκὸς
1583 3995 1892 4065 οἰκονομίας
1946 3994 2007 4048 τὸ

429 4081 684 4149 εὐτεχνὲς
710 4080 1049 4133 ἀϐουλότατα
1081 4082 1485 4152 παραλύοντεςς

503 4356 561 4407 Β.
613 4356 736 4408 Ἐὰν
768 4351 860 4409 οῦν
889 4356 1143 4425 λέγηται,
1176 4360 1267 4411 καὶ
1298 4359 1455 4426 δόξαν
1485 4361 1689 4429 λαϐεῖν,
1724 4367 1817 4417 καὶ
1853 4367 2005 4435 γενέ-

423 4448 550 4499 σθαι
591 4448 814 4519 Κύριος,
843 4449 1120 4520 ὑψωθῆναι
1155 4467 1212 4503 τε
1255 4454 1405 4523 παρὰ
1440 4454 1532 4507 τοῦ
1575 4457 1805 4527 Πατρὸς,
1835 4476 2003 4513 κατα·
2040 4504 2079 4555 υ

421 4539 617 4608 στῆναι
644 4538 699 4592 δὲ
737 4540 829 4593 καὶ
863 4540 1112 4610 βασιλεὺς
1133 4580 1146 4604 ,
1188 4543 1415 4612 ἀνάψεις
1446 4544 1553 4615 ἀρα
1600 4546 1694 4600 καὶ
1725 4548 1898 4602 ταῦτα
1931 4547 2006 4622 τῷ

418 4628 543 4699 Θεῷ
582 4630 759 4701 Λόγῳ,
807 4633 899 4685 καὶ
928 4633 988 4684 οὐ
1036 4630 1211 4703 πάντη
1247 4651 1305 4686 τε
1349 4637 1441 4688 καὶ
1485 4637 1701 4700 πάντως
1730 4639 2005 4711 ἀδικήσεις

418 4718 491 4770 αὖ
500 4717 591 4771 τοῦ
620 4720 718 4789 τὴν
755 4718 911 4784 δόξαν
928 4737 942 4785 ;

498 4812 562 4863 Λ.
596 4810 715 4863 Ὂτι
763 4809 861 4879 μὲν
906 4806 1019 4876 οὖν,
1048 4813 1205 4885 δόξης
1237 4831 1293 4868 τε
1329 4816 1424 4887 καὶ
1462 4815 1739 4886 βασιλείας
1788 4823 1880 4875 καὶ
1910 4842 2004 4878 κυ-

423 4899 672 4969 ριότητος
699 4898 952 4971 ἀληθοῦς,
978 4904 1010 4972 ἡ
1044 4903 1136 4956 τοῦ
1167 4904 1300 4958 Θεοῦ
1327 4908 1501 4975 Λόγου
1536 4912 1879 4983 μεμέστωται
1907 4916 2003 4984 φύ-

417 5007 537 5054 σις,
587 4990 704 5054 πῶς
736 4991 803 5044 ἂν
832 4992 1120 5047 ὲνδοιάσειέ
1151 5012 1267 5062 τις;
1302 4998 1585 5070 ἀραρότως
1616 5002 1673 5055 δὲ
1702 5004 1784 5058 ὅτι
1817 5007 1913 5061 καὶ
1946 5013 2003 5063 ἐν

416 5080 681 5151 ὑψώμασι
724 5084 923 5136 νοεῖται
976 5086 1092 5147 τοῖς
1147 5083 1671 5159 θεοπρεπεστάτοις;
1709 5095 1892 5167 ἐπειδὴ
1948 5098 2003 5151 Et

415 5174 664 5243 πέφηνεν
698 5174 1001 5245 ἄνθρωπος,
1030 5168 1072 5244 ᾦ
1102 5176 1279 5231 πάντα
1310 5178 1427 5231 ἐστὶ
1456 5179 1586 5235 δοτά
1612 5187 1704 5236 καὶ
1731 5188 1995 5258 εὶσκεκρι-

420 5266 595 5336 μένα,
627 5264 798 5338 ταύτῃ
822 5284 902 5319 τοι
941 5266 1156 5340 πλήρης
1188 5267 1449 5341 ὑπάρχων
1479 5273 1573 5325 καὶ
1609 5274 1668 5338 ἐξ
1691 5275 1822 5331 ἰδίου
1863 5279 2000 5349 πλη-

418 5355 677 5426 ρώματος
703 5357 834 5410 πᾶσι
857 5356 1053 5423 διδοὺς,
1075 5358 1434 5429 ἀνθρωπίνως
1460 5362 1694 5433 δέχεται,
1722 5368 1819 5438 τὴν
1847 5372 2002 5440 ἡμῶν

416 5447 700 5517 πτωχείαν
726 5447 1112 5519 οἰκειούμενος,
1135 5449 1226 5503 καὶ
1256 5446 1324 5520 ἦν
1347 5452 1512 5522 ἆηθές
1546 5470 1603 5506 τε
1640 5458 1733 5510 καὶ
1766 5458 1915 5525 ξένον
1946 5464 2004 5517 ἐν

416 5537 643 5611 Χριστῷ
669 5539 730 5593 τὸ
759 5540 1079 5611 παράδοξον,
1107 5542 1164 5596 ὲν
1188 5544 1428 5614 οἰκετικῇ
1478 5551 1682 5619 μορφῇ,
1722 5555 1998 5625 κυριότης,

2112 3283 2247 3334 dixit
2285 3294 2300 3332 :
2329 3282 2421 3333 sed
2465 3294 2628 3332 unum
2665 3289 2826 3346 atque
2858 3282 3109 3331 eumdem
3141 3292 3264 3331 esse
3296 3278 3497 3339 sciens,
3542 3288 3595 3329 et
3623 3294 3687 3330 ex

2116 3376 2224 3430 Deo
2258 3375 2418 3429 Patre
2471 3373 2724 3434 Verbum.
2775 3381 2830 3427 et
2860 3386 2924 3426 ex
2956 3372 3164 3425 srmine
3196 3370 3364 3423 David
3394 3370 3690 3424 secundum

2113 3480 2357 3531 carnem,
2412 3464 2810 3520 sanctiﬁcatum
2841 3462 3055 3529 quidem
3084 3461 3181 3527 ait,
3236 3469 3505 3529 quatenus
3531 3460 3689 3515 homo

2111 3564 2196 3609 est
2221 3572 2236 3621 ;
2261 3569 2323 3609 ac
2350 3568 2539 3608 rursus
2557 3551 2921 3616 sanetiﬁcare,
2944 3560 3209 3619 quatenus
3238 3559 3322 3604 est
3352 3549 3518 3604 Deus.
3565 3548 3686 3602 Erat

2116 3644 2284 3707 enim,
2333 3651 2393 3695 ut
2444 3642 2580 3701 dixi,
2641 3649 2694 3695 et
2727 3640 2830 3694 hoc
2876 3648 2931 3693 et
2981 3637 3132 3692 illud.
3171 3636 3229 3692 Si
3284 3650 3415 3704 ergo
3455 3650 3563 3691 non
3609 3645 3690 3691 est

2116 3734 2289 3789 factus
2318 3734 2501 3794 homo,
2527 3732 2570 3784 si
2610 3746 2715 3783 non
2745 3738 2903 3785 natus
2938 3738 3107 3783 estex
3137 3727 3361 3782 muliere
3392 3726 3690 3782 secundum

2112 3839 2359 3889 carnem,
2586 3822 2869 3877 avellimus
2902 3820 2970 3874 ab
3014 3822 3130 3887 ipso
3184 3819 3432 3879 humana:
3485 3826 3688 3873 natu-ra

2121 3916 2505 3986 proprietates.
2535 3915 2604 3968 At
2636 3915 2680 3967 si
2708 3926 2893 3966 verum
2930 3920 3013 3965 est
3038 3911 3181 3979 quod
3220 3924 3279 3965 se
3308 3908 3590 3965 demiserit
3626 3911 3690 3963 ad

2115 4005 2565 4069 exinanitiouem,
2598 4015 2653 4057 et
2699 4001 2878 4057 factus
2914 4003 2986 4056 sit
3039 4002 3206 4055 nostri
3248 3999 3461 4065 similis,
3505 4014 3690 4071 quam-

2118 4099 2303 4151 obrem
2331 4110 2392 4151 ea
2426 4110 2522 4164 per
2556 4109 2676 4164 qua:
2710 4092 3133 4147 exinanitionent
3174 4091 3359 4153 subiit,
3391 4090 3489 4160 ipsi
3516 4091 3681 4145 detra-

2122 4188 2255 4241 lntnt
2289 4184 2781 4240 administrationis
2828 4185 2878 4238 in
2909 4197 3076 4236 carne
3133 4181 3422 4239 artiﬁcium
3478 4181 3684 4249 imperi-

2120 4278 2332 4332 tissitne
2376 4276 2741 4331 convellentes
2764 4275 2786 4326 ’ἰ

2189 4392 2247 4444 Β.
2279 4390 2336 4445 Si
2373 4405 2504 4457 ergo
2550 4389 2761 4442 dicatur
2807 4388 2973 4441 etiam
3032 4386 3257 4456 gloriam
3315 4388 3608 4457 accepisse,
3638 4396 3690 4461 et

2119 4481 2285 4536 factus
2313 4490 2396 4533 est
2424 4478 2703 4542 Dominus,
2760 4485 2925 4547 atque
2975 4474 3240 4530 exaltatus
3289 4490 3410 4531 esse
3446 4492 3472 4528 a
3507 4475 3685 4539 Patre,

2117 4569 2527 4639 dcelaratusque
2558 4583 2679 4622 esse
2708 4582 2825 4631 rex,
2860 4566 3174 4621 ascribesne
3223 4568 3389 4619 etiam
3436 4565 3548 4618 haec
3584 4563 3691 4617 Deo

2120 4662 2297 4718 Verbo
2322 4663 2457 4715 citra
2491 4660 2652 4713 ullam
2682 4658 2867 4728 gloria:
2896 4656 3065 4728 ipsius
3099 4655 3530 4715 imminutionem
3564 4655 3586 4707 ?

2187 4843 2251 4896 A.
2282 4840 2433 4908 Quod
2460 4839 2676 4909 quidem
2706 4835 2799 4892 Dei
2829 4833 2987 4889 Verbi
3025 4840 3218 4892 natura
3248 4830 3395 4884 omni
3427 4829 3597 4900 gloria
3636 4840 3693 4887 et

2121 4948 2284 5005 regno
2318 4942 2482 5000 atque
2507 4927 2877 4987 dominatione
2899 4938 3025 4980 vera
3068 4922 3267 4978 referta
3323 4922 3415 4985 sit,
3459 4936 3691 4992 quonam

2119 5035 2276 5096 pacto
2314 5022 2547 5091 cuipiam
2589 5019 2808 5073 dubium
2843 5031 2962 5072 esse
3013 5024 3196 5085 queat,
3224 5016 3477 5086 quodque
3509 5014 3689 5069 divina

2120 5115 2351 5185 dignitas
2378 5111 2763 5169 convenienter
2786 5110 2836 5163 ei
2868 5108 3176 5164 tribuatur?
3211 5107 3346 5164 Cum
3371 5121 3500 5161 vero
3524 5107 3694 5163 factus
3765 5115 3770 5121 ’

2118 5217 2202 5262 est
2231 5207 2412 5268 homo,
2460 5202 2749 5259 cuiomuia
2776 5212 2901 5257 sunt
2941 5201 3067 5255 data
3117 5209 3279 5269 atque
3326 5199 3584 5261 ascititia,
3632 5214 3694 5252 ea

2120 5299 2331 5355 ratione
2379 5296 2592 5351 tametsi
2648 5295 2900 5349 omnibus
2949 5294 3206 5356 abundet,
3243 5301 3299 5346 et
3345 5307 3413 5345 ex
3451 5306 3545 5344 sua
3580 5291 3692 5358 pler

2122 5388 2364 5443 nitudine
2396 5384 2647 5442 omnibus
2676 5384 3039 5454 impartiatur,
3080 5384 3315 5437 humano
3352 5395 3501 5435 more
3548 5381 3694 5435 acci-

2120 5478 2217 5548 pit,
2268 5492 2573 5546 noruntque
2601 5485 2684 5531 est
2732 5485 2787 5531 et
2822 5474 3120 5528 inauditum
3181 5472 3231 5525 iu
3279 5470 3498 5525 Christo
3528 5473 3695 5525 mira.

2121 5569 2323 5633 Culum,
2374 5568 2425 5620 in
2497 5567 2675 5622 servili
2729 5565 2927 5631 forma,
2980 5561 3403 5629 dominatioﬂn
3464 5563 3695 5616 humana

518 5760 537 5795 ¹
566 5762 721 5823 Joan.
745 5783 786 5834 ι,
816 5764 1002 5822 ὅὲσὸι.
1071 5766 1091 5798 ³
1119 5762 1283 5820 Hebr.
1316 5778 1378 5833 ιι,
1406 5765 1491 5820 ιι.
1559 5767 1579 5800 ⁸
1608 5766 1766 5825 Joan.
1802 5787 1889 5841 xx,
1925 5772 2114 5829 ἓξὲξ-25.
