4094 6300
475 346 574 411 ‘97
580 349 611 410 5

1733 349 2109 410 EUTHYMII
2153 349 2509 409 ZIGABEN’I
3620 323 3712 421 sit

497 484 783 550 tenuitate,
815 482 985 556 gloria
1020 482 1220 549 divina,
1266 494 1316 538 et
1360 484 1505 552 regia
1545 484 1780 555 dignitas
1807 486 1860 540 in
1901 488 2070 543 servi-

2172 477 2229 530 ὲν
2263 475 2577 547 ἀνθρωπίνῃ
2618 479 3089 550 σμικροπρεπείᾳ,
3124 480 3250 546 δόξα
3288 483 3603 561 θεοπρεπὴς,
3629 500 3706 549 καὶ

496 585 631 641 tute,
691 582 952 643 quantum
1006 575 1073 628 ad
1124 574 1371 627 humana:
1433 585 1639 630 natura:
1705 577 2065 631 conditionem

495 666 820 731 attinet;et
880 663 1153 718 humilitas
1213 678 1423 717 summa
1479 666 1772 720 eminentia
1822 668 2064 735 prmdita.

497 754 692 809 Factus
718 763 801 810 est
826 754 976 809 enim
1014 753 1175 807 homo
1194 752 1554 824 ~Unigenitus,
1580 771 1686 809 non
1718 767 1778 809 ut
1809 757 1860 810 in
1880 758 2067 811 exinao

498 848 703 900 nitione
754 853 1087 914 permaneat,
1148 845 1246 899 sed
1285 853 1345 899 ut
1386 847 1659 915 accipiens
1711 861 1832 907 cum
1862 860 1926 899 ea
1953 847 2072 916 ejus

498 937 857 1005 preprietates
889 954 903 1002 ;
938 935 1079 991 Deus
1135 945 1315 992 tamen
1375 939 1695 993 naturaliter
1733 953 1853 995 esse
1907 941 2068 995 etiam

496 1028 600 1081 hoc
617 1032 771 1096 pacto
790 1026 1141 1096 intelligatur,
1158 1028 1508 1099 hominisque
1524 1036 1774 1085 naturam
1804 1029 1858 1083 in
1891 1031 2072 1101 seipse

496 1119 748 1185 illustret,
778 1130 1059 1172 sacrarum
1095 1135 1156 1174 ac
1184 1120 1486 1175 divinarum
1530 1121 1857 1192 dignitatum
1896 1122 2070 1191 parti-

496 1211 667 1280 cipem
728 1210 898 1279 ipsam
949 1210 1254 1267 declarans.
1323 1211 1455 1265 Nam
1506 1222 1569 1267 et
1631 1214 1803 1269 sancti
1850 1212 2069 1277 Filium,

497 1303 660 1354 etiam
712 1309 993 1368 postquam
1043 1300 1219 1357 factus
1270 1310 1357 1356 est
1396 1304 1577 1368 homo,
1614 1304 1837 1375 gloriam
1870 1305 1961 1359 Dei
2004 1320 2068 1360 ac

496 1391 697 1456 Patris,
752 1402 815 1447 et
870 1408 1052 1463 regem
1112 1408 1177 1447 ac
1229 1394 1511 1447 Dominum
1564 1396 1859 1466 appellant.
1904 1396 2072 1451 Isaias

499 1488 642 1538 enim
676 1484 746 1537 ita
783 1484 897 1537 ait:
935 1503 953 1535 ι
1006 1483 1159 1537 Sicut
1214 1485 1371 1539 homo
1421 1486 1713 1542 vindemiat
1748 1487 1946 1552 oleam,
1998 1489 2069 1540 ita

502 1572 905 1626 viudemiabnnt
934 1588 1047 1639 eos,
1075 1583 1130 1627 et
1159 1576 1374 1641 quando
1422 1578 1719 1631 cessaverit
1778 1577 2068 1641 vindemia,

503 1665 590 1717 isti
618 1678 748 1717 voce
784 1663 1112 1718 clamabunt.
1161 1664 1259 1731 Qui
1292 1681 1417 1720 vero
1447 1668 1619 1721 relicti
1656 1668 1856 1722 fuerint
1906 1680 2071 1733 super

2174 566 2440 638 βασιλείας
2484 567 2797 639 αὐχήμασιν
2828 572 3286 642 ἐστεφανωμένον,
3331 576 3392 629 τὸ
3423 580 3521 632 ὑπὸ
3550 582 3705 652 Iovini.

2170 660 2231 712 τό
2262 675 2324 727 γε
2351 654 2481 730 ἧκον
2508 660 2588 721 είς
2613 659 3031 728 ἀνθρωπότητος
3062 663 3279 732 μέτρον,
3309 668 3402 719 καὶ
3425 671 3480 719 ἐν
3512 671 3715 743 ὑπερτά.

2173 769 2292 814 ταις
2323 752 2649 821 ὑπεροχαῖς,
2683 750 2744 802 τὸ
2769 752 3039 804 ταπεινόν.
3064 753 3257 820 Γέγονε
3286 756 3393 823 γὰρ
3412 759 3711 831 ἄνθρωποςξ

2175 842 2503 912 Μονογενής,
2544 842 2642 911 οὐχ
2673 842 2759 893 ἵνα
2789 844 2901 905 τοῖς
2946 845 3043 913 τῆς
3092 843 3367 909 κενώσεως
3416 849 3713 926 ἐναπομείνῃ

2179 934 2418 1003 μέτροις,
2443 932 2557 985 ἀλλ’
2582 932 2669 984 ἴνα
2693 932 2873 985 λαϐὼν
2902 933 2997 985 σὺν
3026 935 3162 1006 αὐτῇ
3191 935 3257 989 τὰ
3290 938 3479 1007 αὐτῆς,
3508 940 3628 1006 Θεὸς
3652 946 3714 997 ὣν

2176 1025 2355 1093 φύσει,
2388 1023 2483 1077 καὶ
2515 1022 2656 1076 οὕτω
2689 1022 3041 1094 γνωρίζηται,
3079 1028 3173 1079 καὶ
3202 1028 3298 1099 τὴν
3336 1030 3429 1081 τοῦ
3460 1032 3715 1103 ἀνθρώπου

2172 1113 2554 1185 κατασεμνύνῃ
2601 1113 2765 1183 φύσιν
2807 1114 2893 1181 ἐφ’
2934 1114 3127 1184 ἐαυτῷ,
3165 1117 3386 1188 μέτοχον
3411 1122 3572 1192 αὐτὴν
3600 1126 3715 1179 ἀπο-

2173 1208 2339 1277 φήνας
2399 1204 2561 1275 ἱερῶν
2605 1206 2698 1258 καὶ
2747 1204 2907 1258 θείων
2952 1204 3309 1276 ἀξιωμάτων
3354 1211 3641 1283 εὑρήσομεν
3669 1220 3717 1270 δὲ

2170 1298 2266 1352 καὶ
2288 1297 2484 1359 αὐτοὺς
2509 1298 2635 1358 τοὺς
2666 1295 2875 1364 ἁγίους,
2906 1296 3064 1360 δόξαν
3091 1299 3451 1367 ὀνομάζοντας
3486 1306 3574 1357 τοῦ
3603 1309 3716 1361 Θεοῦ

2171 1390 2265 1442 καὶ
2312 1389 2555 1461 Πατρὸς,
2601 1388 2694 1441 καὶ
2733 1391 2914 1456 μέντοι
2960 1390 3053 1442 καὶ
3101 1389 3343 1457 βασιλέα,
3388 1396 3480 1446 καὶ
3525 1401 3717 1466 προσέτι

2172 1482 2395 1553 Κύριον,
2424 1480 2513 1533 τὸν
2543 1480 2686 1542 Υίδν,
2712 1479 2805 1531 καὶ
2824 1480 2911 1532 ὅτε
2933 1481 3153 1548 γέγονεν
3191 1480 3494 1553 ἄνθρωπος.
3525 1487 3717 1552 Ἡσαΐας

2173 1574 2271 1642 μὲν
2302 1575 2411 1643 γὰρ
2455 1564 2557 1623 ὧδέ
2591 1588 2663 1639 πη
2712 1571 2897 1638 φησίν·
2933 1589 2951 1621 t
2989 1574 3085 1623 Ὃν
3106 1572 3308 1643 τρόπον
3339 1576 3432 1626 ἐὰν
3468 1576 3717 1647 ἄνθρωπος

2173 1666 2481 1733 καλαμᾶται
2529 1664 2735 1725 ἐλαίαν,
2763 1660 2906 1713 οὕτω
2957 1662 3367 1731 καλαμήσονται
3401 1666 3586 1723 αὐτοὺς
3606 1706 3617 1725 ,
3644 1671 3720 1723 καὶ

502 1760 727 1814 terram,
784 1752 1135 1807 exsultabunt
1184 1768 1307 1808 cum
1357 1753 1526 1822 gloria
1580 1754 1787 1808 Domini
1845 1755 1882 1807 '.
1936 1773 1957 1807 ι
2022 1753 2085 1806 Et

502 1858 690 1897 rursus
712 1844 851 1899 alius
880 1845 1103 1913 quidam
1137 1858 1169 1898 e
1198 1845 1404 1899 sanctis
1432 1863 1446 1899 :
1476 1862 1495 1893 r
1533 1843 1867 1908 Illutninare,
1888 1846 2080 1915 inquit,

498 1932 823 1992 Jerusalem.
875 1934 1036 1989 Venit
1082 1937 1226 1990 enim
1265 1937 1442 1990 lumen
1472 1943 1650 2000 tuum,
1680 1946 1734 1991 et
1764 1937 1936 2006 gloria
1977 1937 2079 1991 Do-

503 2028 633 2080 mini
680 2043 844 2095 super
887 2036 939 2081 te
986 2040 1107 2083 orta
1141 2040 1245 2083 est.
1268 2030 1405 2094 Quia
1428 2044 1558 2083 ecce
1584 2030 1816 2084 tenebrae
1836 2030 2085 2098 operient

498 2127 724 2183 terram,
757 2130 811 2173 et
831 2119 1009 2188 caligo
1041 2120 1300 2188 populos:
1349 2135 1511 2188 super
1559 2129 1611 2173 te
1648 2128 1829 2174 autem
1875 2120 2083 2175 orietur

501 2212 784 2275 Dominus,
841 2220 895 2264 et
929 2211 1097 2280 gloria
1153 2213 1271 2281 ejus
1303 2212 1355 2265 in
1414 2223 1468 2266 te
1522 2212 1790 2266 videbitur
1854 2213 1896 2266 ⁸.
1932 2229 1951 2264 ο
2019 2212 2083 2267 Et

500 2299 733 2357 Iacobus
764 2302 881 2372 ejus
910 2303 1207 2373 discipulus
1241 2321 1255 2358 :
1296 2321 1315 2356 ι
1380 2302 1621 2367 Fratres,
1657 2304 1856 2373 inquit,
1914 2303 2083 2360 nolite

499 2391 553 2447 in
603 2408 974 2463 personarum,
1009 2395 1329 2465 acceptione
1382 2395 1583 2450 habere
1652 2394 1814 2450 ﬁdem
1867 2396 2080 2452 Domini

492 2487 669 2540 nostri
724 2484 848 2541 .lesu
910 2486 1112 2543 Christi
1148 2488 1333 2557 gloria:
1381 2487 1422 2541 ³.
1464 2506 1482 2537 ι
1517 2486 1710 2542 Petrus
1766 2503 1933 2542 vero:
1965 2507 1983 2539 ι
2024 2486 2080 2542 Si

497 2579 900 2647 cxprohramini
934 2579 985 2632 in
1004 2579 1244 2645 Christo,
1278 2578 1421 2633 beati
1454 2579 1633 2645 eritis,
1652 2580 1909 2650 quoniam
1938 2581 2080 2649 quod

494 2678 585 2723 est
621 2671 845 2723 honoris
871 2670 1057 2740 gloria-
1099 2682 1157 2726 et
1201 2671 1419 2727 virtutis
1462 2671 1582 2737 Dei,
1628 2681 1684 2728 et
1712 2673 1805 2743 qui
1843 2680 1925 2728 est
1965 2671 2083 2742 ejus

501 2758 734 2829 Spiritus
760 2776 928 2829 super
970 2776 1066 2817 vos
1097 2762 1407 2832 requiescet
1455 2765 1500 2819 ⁸.
1529 2783 1553 2818 ι

2170 1753 2265 1804 ἑὰν
2306 1751 2580 1821 παύσηται
2618 1749 2648 1803 ὁ
2676 1753 2966 1824 τρυγητὸς,
2993 1748 3137 1807 οὗτοι
3167 1755 3320 1823 φωνῇ
3364 1752 3649 1822 βοήσονται’
3679 1754 3719 1804 οἱ

2169 1844 2224 1896 δὲ
2254 1842 2701 1913 καταλειφθέντες
2727 1846 2821 1898 ἐπὶ
2852 1848 2951 1917 τῆς
2972 1846 3094 1915 γῆς,
3126 1844 3588 1915 εὐφρανθήσονται
3624 1844 3719 1914 ἅμα

2173 1939 2236 2006 τῇ
2285 1936 2409 2007 δόξῃ
2464 1938 2737 2008 Κυρίου.»
2796 1940 2904 1992 Καὶ
2968 1938 3131 1992 πάλιν
3167 1938 3362 2009 ἔτερος
3407 1936 3513 1991 τῶν
3557 1937 3726 2005 ἁγίων,

2178 2043 2197 2077 r
2220 2028 2480 2093 Φωτίζου,
2506 2031 2691 2099 φησὶν,
2723 2029 3100 2102 Ἰερουσαλήμ·
3125 2031 3250 2100 ἥκει
3279 2030 3390 2101 γάρ
3418 2048 3507 2082 σου
3527 2030 3582 2082 τδ
3608 2028 3721 2096 φῶς,

2171 2120 2263 2172 καὶ
2290 2122 2322 2190 ή
2355 2120 2482 2184 δόξα
2520 2121 2727 2191 Κυρίου
2769 2124 2860 2175 ἐπὶ
2891 2122 2951 2175 σὲ
2981 2122 3371 2175 ἀνατέταλκεν.
3407 2122 3533 2175 Ἰδοὺ
3562 2122 3725 2183 σκότος

2172 2210 2264 2261 καὶ
2292 2210 2487 2279 γνόφος
2511 2210 2741 2278 καλύψει
2772 2212 2893 2282 γῆν,
2931 2214 3023 2265 ἐπὶ
3043 2213 3097 2265 δὲ
3122 2214 3177 2265 σὲ
3202 2214 3503 2283 φανήσεται
3533 2212 3720 2281 Κύριος,

2175 2300 2267 2352 καὶ
2308 2300 2435 2367 δόξα
2498 2303 2705 2374 Κυρίου
2751 2304 2844 2356 ἐπὶ
2894 2303 2953 2355 σὲ
2998 2302 3321 2374 ὀφθήσεται.
3348 2323 3365 2354 ι
3405 2302 3642 2364 Ἰάκωϐος
3672 2318 3723 2369 γε

2176 2388 2282 2459 μὴν
2311 2391 2339 2442 6
2368 2390 2532 2445 αὐτοῦ
2569 2392 2836 2463 μαθητής,
2866 2411 2884 2444 t
2916 2392 3179 2462 Ἀδελφοί,
3210 2393 3369 2464 φησι,
3404 2393 3472 2463 μή
3499 2394 3552 2445 ὲν
3585 2407 3726 2461 προσ-

2172 2481 2510 2552 ωποληψίαις
2544 2483 2694 2554 ἔχετε
2736 2485 2834 2554 τὴν
2875 2485 3059 2538 πίστιν
3102 2483 3197 2537 τοῦ
3233 2483 3442 2555 Κυρίου
3469 2482 3611 2553 ἡμῶν
3642 2483 3725 2549 ’1η-

2174 2574 2267 2626 σοῦ
2304 2577 2539 2646 Χριστοῦ
2566 2578 2663 2647 τῆς
2688 2577 2861 2648 δόξης.
2893 2596 2912 2629 ι
2953 2577 3159 2648 Πέτρος
3203 2578 3261 2630 δὲ
3294 2574 3361 2631 αὖ
3386 2580 3413 2630 ὁ
3450 2576 3725 2637 θεσπέσιος,

2180 2686 2198 2719 t
2233 2669 2295 2721 Εί
2327 2670 2645 2733 ὀνειδίζεσθε
2685 2673 2743 2724 ὲν
2792 2670 3033 2741 Χριστῷ,
3075 2671 3342 2742 μακάριοί
3384 2674 3503 2725 ἐστε
3534 2670 3622 2739 τῆς
3652 2668 3725 2723 δό-

2174 2756 2292 2828 ξης.
2334 2762 2429 2812 καὶ
2459 2760 2519 2813 τὸ
2550 2759 2644 2815 τοῦ
2683 2760 2818 2815 Θεοῦ
2846 2761 3076 2834 Πνεῦμα
3104 2764 3188 2831 ἐφ’
3235 2762 3388 2833 ὑμᾶς
3436 2761 3727 2816 ἀναπέπαυ-

2173 2865 2312 2903 ται.»

573 2933 856 2991 Suil‘tcinnt
922 2936 1036 3005 jam
1102 2937 1237 2992 haec.
1297 2935 1566 2991 Cmterum
1630 2936 1731 2989 hoc
1801 2934 1935 2988 mihi
1982 2933 2066 2989 di-

2252 2937 2409 3001 Ἀλις
2463 2940 2564 3010 μιν
2609 2939 2673 3011 δὴ
2719 2939 2828 2994 τῶν
2888 2941 3143 2999 τοιούτων
3198 2946 3373 3017 ἡμῖν,
3429 2941 3475 3002 ὦ
3516 2952 3725 3019 γενναῖε.

501 3044 594 3084 cas
654 3028 851 3093 velim,
901 3030 1173 3098 quomodo
1236 3028 1640 3097 intelligendum
1692 3027 1768 3081 sit
1816 3024 1949 3079 illud
2004 3026 2072 3081 de

2177 3031 2356 3101 Φράζε
2415 3031 2472 3085 δὲ
2524 3033 2673 3094 ὅπως
2729 3036 2864 3103 προς
2911 3036 3070 3105 ἡμῶν
3135 3041 3379 3094 νοεῖσθαι
3438 3044 3625 3112 πρέπει
3669 3045 3723 3098 τδ

497 3120 716 3176 Christo
773 3119 1038 3190 scriptum
1090 3137 1106 3173 :
1157 3137 1177 3171 ι
1244 3120 1346 3187 Qui
1400 3120 1453 3175 in
1505 3120 1695 3177 diebus
1755 3123 1938 3177 carnis
1977 3138 2081 3178 sum

2182 3125 2310 3218 περὶ
2344 3123 2579 3193 Χριστοῦ
2616 3127 3021 3195 γεγραμμένον,
3064 3145 3085 3179 t
3132 3131 3230 3193 '0;
3262 3134 3326 3185 ἐν
3357 3136 3476 3198 ταῖς
3509 3137 3725 3207 ἡμέραις

502 3227 690 3282 preces
717 3212 1247 3282 supplicationesque
1274 3212 1363 3267 -ad
1407 3228 1531 3268 eum
1569 3213 1664 3283 qui
1701 3214 1873 3284 possit
1914 3215 2081 3284 ipsum

2172 3209 2269 3277 τῆς
2305 3214 2505 3282 σαρκὸς
2552 3214 2755 3279 αὐτοῦ,
2802 3215 3017 3285 δεήσεις
3053 3234 3111 3271 τε
3151 3220 3247 3273 καὶ
3289 3222 3564 3292 ἱκετηρίας
3606 3220 3724 3292 πρὸς

501 3305 709 3359 salvum
761 3305 943 3361 lacere
993 3323 1021 3358 a
1069 3317 1242 3360 morte
1284 3323 1404 3360 cum
1443 3308 1682 3363 clamore
1731 3308 1910 3363 valido
1933 3318 1988 3364 et
2011 3309 2081 3363 la-

2172 3300 2261 3354 ιιὸν
2288 3301 2584 3374 δυνάμενον
2615 3306 2808 3371 σώζειν
2843 3308 3100 3377 αὐτὸνὲκ
3131 3308 3389 3373 θανάτου,
3425 3312 3555 3381 μετὰ
3581 3329 3727 3382 κραυ-

500 3397 705 3466 crymis
748 3395 1005 3459 offerens,
1041 3398 1330 3451 exauditus
1370 3410 1455 3453 est
1479 3415 1577 3469 pro
1616 3415 1715 3455 sua
1759 3404 2081 3457 reverentia.

2172 3391 2273 3459 γῆς
2305 3392 2531 3464 ἰσχυρᾶς
2556 3396 2649 3447 καὶ
2673 3395 2930 3467 δακρύων
2956 3400 3356 3469 προσενέγκας,
3391 3403 3481 3454 καὶ
3504 3404 3728 3454 είσακου·

504 3488 569 3541 Ει
599 3488 815 3553 quidem
842 3503 967 3543 cunt
1005 3498 1152 3543 esset
1183 3489 1352 3543 Filius
1387 3490 1504 3558 Dei,
1541 3490 1733 3548 didicit
1761 3506 1827 3546 ex
1866 3494 1934 3549 iis
1969 3509 2089 3564 qua:

504 3593 695 3646 passus
728 3587 841 3645 est,
910 3580 1297 3634 obedientiam.
1328 3581 1396 3637 Et
1445 3595 1858 3642 consummatus
1914 3586 2089 3644 factus

502 3682 587 3726 est
655 3671 911 3727 omnibus
958 3670 1465 3739 obtemperantibus
1516 3676 1619 3730 sibi
1675 3692 1838 3731 causa
1897 3678 2088 3734 salutis

502 3770 718 3817 aeterna:
765 3765 809 3818 '.
873 3780 893 3815 ι
950 3763 1213 3832 Atljiciam
1276 3780 1407 3820 vero
1463 3767 1623 3822 dictis
1689 3770 1853 3823 etiam
1912 3769 2086 3826 illud:

508 3868 530 3905 α
562 3854 701 3909 Deus
730 3869 904 3921 meus,
929 3855 1074 3912 Deus
1097 3871 1269 3921 meus,
1291 3872 1463 3928 quare
1482 3875 1568 3915 me
1591 3862 1923 3932 dercliquisti
1952 3864 1974 3895 ⁸
2007 3864 2033 3916 τ
2062 3882 2085 3917 ο

501 3946 691 4000 Aliena
719 3948 861 4002 enim
913 3948 1028 4004 haec
1084 3965 1206 4006 esse
1236 3952 1423 4006 dicunt
1473 3968 1503 4006 a
1554 3954 1663 4009 Deo
1700 3954 1893 4023 Verbo,
1926 3968 2091 4027 atque

500 4052 602 4106 ego
634 4038 850 4107 quidem
883 4039 1147 4110 dignitate
1183 4043 1352 4113 ipsius
1386 4054 1549 4115 atque
1578 4045 1897 4102 excellentia
1935 4049 2091 4120 longe

504 4130 761 4187 inferiora
789 4148 851 4188 ea
879 4149 1000 4190 esse
1029 4135 1411 4203 judicaverim.

574 4224 639 4279 A.
692 4224 831 4290 Quin
897 4236 954 4280 et
1016 4241 1116 4297 ego
1138 4231 1256 4297 ipse
1316 4229 1474 4286 facile
1524 4232 1765 4305 intelligo
1812 4236 1927 4291 haec
1980 4253 2081 4293 non

2236 4242 2300 4296 Α.
2344 4242 2531 4312 Ἴσημι
2580 4244 2671 4295 καὶ
2702 4244 2865 4308 αὐτὸς
2908 4243 3038 4313 ἐγὼ,
3105 4242 3181 4313 μὴ
3220 4242 3286 4297 ἂν
3320 4243 3558 4314 ἁρμόσαι
3589 4237 3726 4293 ταυτὶ

504 4316 796 4369 convenire
826 4315 1004 4371 Verbo
1033 4321 1216 4388 genito
1238 4336 1305 4374 ex
1346 4321 1455 4377 Deo
1504 4322 1683 4389 Patre,
1744 4326 1789 4382 si
1844 4327 1973 4384 illud
2022 4329 2081 4386 ab

2172 4332 2242 4404 τῷ
2285 4335 2350 4386 ὲκ
2382 4331 2516 4386 Θεοῦ
2567 4333 2777 4405 Πατρὸς
2855 4334 3011 4404 φῦντι
3086 4336 3269 4406 Λόγῳ,
3303 4334 3616 4399 ὲξωσθέντος
3644 4328 3722 4384 τοῦ

502 4406 975 4463 administratione
1032 4411 1085 4465 in
1144 4427 1311 4468 carne
1357 4430 1758 4485 removeamus,
1790 4436 1967 4491 neque
1990 4421 2081 4479 atl-

2172 4424 2368 4493 τρόπου
2406 4424 2506 4493 τῆς
2539 4423 2881 4495 οἰκονομίας,
2928 4425 3024 4478 καὶ
3074 4424 3174 4477 οὐκ
3216 4424 3579 4494 εἰσδεχθέντος
3609 4421 3723 4492 πρὸς

505 4496 786 4552 mittamus
834 4498 886 4553 id
911 4501 1055 4569 quod
1111 4499 1393 4573 Scriptura
1450 4517 1706 4575 testatur,
1749 4513 1890 4582 quod
1923 4514 2081 4570 nimi-

2172 4516 2325 4588 ήμῶν
2391 4515 2517 4581 τοῦ,
2572 4516 2651 4569 ὅτι
2704 4518 2896 4585 γέγονε
2956 4515 3093 4588 σὰρξ
3144 4516 3287 4570 κατὰ
3350 4518 3449 4581 τὰς
3504 4517 3541 4569 Γ
3547 4514 3718 4587 ραφάς.

504 4604 623 4642 rum
658 4588 832 4646 factus
860 4595 933 4647 sit
957 4608 1108 4649 caro.
1142 4594 1277 4650 Cum
1312 4613 1438 4653 vero
1473 4600 1577 4655 hoc
1635 4602 1865 4659 ﬁrmiter
1900 4615 2090 4663 tenea-

505 4697 625 4735 mus
683 4692 737 4736 et
789 4685 1055 4741 dubitatio
1120 4688 1226 4742 hac
1274 4690 1324 4743 in
1379 4706 1441 4744 re
1487 4706 1610 4746 cum
1686 4695 1963 4765 impietate
2016 4703 2091 4757 sit

503 4774 825 4841 conjuncta,
877 4777 1273 4835 incarnationis
1308 4783 1627 4854 mysterium
1678 4798 1939 4855 quantum
1972 4793 2089 4850 fieri

502 4876 679 4934 potest
710 4872 1127 4939 perpendamus.
1155 4874 1421 4944 Apparuit
1461 4876 1644 4944 itaque
1677 4881 1833 4938 nobis
1855 4880 2089 4941 Verbum

501 4971 569 5009 ex
607 4957 717 5012 Deo
757 4960 808 5013 in
867 4960 1040 5016 forma
1071 4974 1270 5019 nostra:
1327 4968 1515 5033 simili,
1585 4970 1884 5030 innumeris
1918 4978 2092 5034 modis

504 5050 795 5103 humanam
846 5065 1100 5108 naturam
1161 5056 1384 5124 iuvans,
1431 5062 1740 5132 optimeque
1793 5068 1946 5122 nobis
1995 5071 2092 5124 de-

502 5150 815 5195 mtmstrans
856 5143 996 5196 viam
1032 5158 1153 5213 quae
1206 5149 1272 5202 ad
1320 5152 1524 5219 optima
1583 5170 1811 5226 qumque
1849 5159 2088 5214 deducit.

502 5231 737 5288 Necesse
777 5234 960 5304 itaque
1012 5247 1130 5291 erat
1195 5251 1251 5294 ut
1298 5242 1629 5309 diceremus,
1690 5262 1813 5302 cum
1862 5255 2093 5307 tentatio

503 5324 713 5378 invadit
766 5340 859 5381 eos
917 5328 1009 5396 qui
1062 5329 1131 5384 ob
1177 5330 1521 5388 dilectionem
1558 5335 1651 5391 Dei
1692 5339 2090 5409 periclitantur,

501 5417 692 5486 quales
727 5427 979 5488 oporteat
1012 5436 1132 5477 esse
1152 5437 1250 5476 eos
1282 5426 1370 5493 qui
1414 5428 1738 5484 laudabilem
1768 5440 1931 5501 atque
1970 5432 2089 5487 exi-

504 5508 669 5563 miam
698 5510 868 5565 vitam
896 5512 1187 5570 instituere
1221 5517 1390 5571 velint
1430 5535 1446 5574 :
1497 5530 1680 5576 utrum
1706 5522 1773 5576 atl
1819 5523 2090 5593 ignaviam

2104 1804 2144 1858 Β

2176 3483 2317 3547 seel;
2361 3484 2470 3537 ἀπὸ
2512 3484 2615 3556 τῆς
2643 3487 2965 3556 εὐλαϐείας,
2990 3490 3191 3561 καίπερ
3232 3490 3311 3544 ὢν
3344 3493 3487 3555 Υἱὸς,
3527 3491 3722 3561 ἔμαθεν,

2169 3574 2262 3644 ἀφ’
2285 3569 2360 3629 ὧν
2399 3576 2589 3643 ἔπαθε,
2624 3578 2722 3651 τὴν
2755 3581 3023 3653 ὑπακοὴν,
3055 3584 3151 3635 καὶ
3174 3583 3502 3647 τελειωθεὶς,
3536 3584 3727 3651 ἐγένετο

2168 3668 2281 3731 τοῖς
2332 3668 2699 3724 ὑπακούουσιν
2746 3671 2895 3744 αὐτῷ
2935 3673 3108 3738 αἴτιος
3164 3677 3441 3746 σωτηρίας
3485 3674 3730 3729 ἀκαταλύ-

2167 3775 2295 3812 του’
2322 3778 2340 3811 ι
2382 3763 2728 3832 προσεποίσω
2768 3765 2825 3818 δὲ
2880 3766 3102 3819 κάκεῖνο
3142 3761 3226 3830 οἷς
3274 3768 3432 3839 ἔφην,
3468 3769 3552 3833 τὸ,
3593 3786 3609 3818 ι
3641 3765 3727 3819 Θεέ

2172 3868 2294 3921 μου,
2333 3850 2434 3904 Θεέ
2479 3869 2601 3924 μου,
2635 3854 2720 3908 ἵνα
2753 3855 2807 3907 τί
2843 3872 2909 3925 με
2950 3856 3345 3925 ὲγκατὲλιπεςς
3375 3876 3392 3909 ι
3437 3857 3726 3911 Ἀπεοικότα

2169 3944 2277 4015 γὰρ
2316 3938 2455 3998 εἶναί
2490 3962 2625 4013 φασι
2656 3947 2726 4000 τὰ
2757 3948 2937 4002 τοιάδε
2984 3949 3063 4021 τῷ
3097 3949 3215 4021 Θεῷ
3262 3951 3437 4021 Λόγῳ,
3468 3951 3557 4002 καὶ
3587 3949 3729 4019 ἠττῆ-

2169 4031 2294 4086 σθαι
2317 4033 2454 4087 πολὺ
2479 4033 2582 4103 τῆς
2610 4035 2837 4107 ἐνούσης
2860 4037 3140 4109 ὑπεροχῆς
3166 4040 3319 4111 αὐτῷ
3344 4041 3508 4110 φαίην
3534 4038 3614 4093 ἄν.

2181 4608 2400 4682 Ἐπειδὴ
2430 4610 2487 4662 δὲ
2522 4610 2658 4681 πρὸς
2686 4610 2844 4662 τοῦτο
2873 4610 3318 4681 διερηρείσμεοα,
3350 4611 3445 4663 καὶ
3472 4609 3529 4662 τὸ
3553 4603 3726 4661 ἐνδοιὰ-

2168 4704 2284 4770 ζειν
2315 4704 2451 4766 ὅλως
2477 4702 2797 4767 δυσσεϐείας
2860 4702 2975 4773 ἔχει
3026 4702 3266 4774 γραφὴν,
3312 4704 3443 4773 φέρε
3479 4701 3574 4770 τῆς
3604 4699 3727 4751 οἰκο-

2170 4798 2362 4868 νομίας
2386 4797 2445 4849 τὸ
2479 4796 2662 4866 βάθος,
2685 4797 2760 4860 ὡς
2787 4795 2886 4860 ἔνι,
2919 4794 3449 4865 κατασκεπτιὶῳεοα.
3486 4792 3726 4859 Ἐπέφανε

2169 4886 2350 4940 τοίνυν
2403 4887 2535 4957 ήμῖν
2591 4887 2646 4937 ὲν
2686 4885 2815 4938 εῖδει
2868 4884 2946 4955 τῷ
2998 4885 3119 4937 καθ’
3166 4886 3313 4957 ἡμᾶς
3367 4887 3395 4937 ὁ
3426 4885 3489 4936 ἐκ
3545 4878 3725 4948 Κυρίου

2174 4977 2384 5049 Πατρδς
2442 4976 2649 5046 Λόγος,
2699 4976 2837 5030 κατὰ
2895 4975 3123 5047 μυρίους
3171 4977 3330 5039 ὅσους
3384 4976 3586 5044 ὀνήσων
3628 4968 3728 5039 196-

2175 5087 2309 5133 πους
2347 5070 2415 5124 τὰ
2446 5068 2787 5141 ἀνθρώπινα,
2842 5070 2936 5123 καὶ
2980 5068 3312 5135 καταδείξων
3370 5063 3430 5121 εὖ
3472 5066 3606 5137 μάλα
3640 5062 3725 5129 τὴν

2174 5163 2253 5224 είς
2300 5162 2409 5215 πᾶν
2438 5160 2615 5214 ὁτιοῦν
2652 5159 2760 5212 τῶν
2801 5160 3270 5231 τεθαυμασμένων
3316 5156 3725 5225 ἀποκομίζουσιν

2173 5253 2379 5326 τρίϐον.
2424 5250 2534 5306 Ἦν
2581 5247 2677 5306 οὖν
2724 5252 3023 5321 ἀναγκαῖον
3067 5251 3391 5322 ἀναμαθεῖν,
3449 5240 3723 5318 πειρασμοῦ

2176 5344 2530 5408 καταθέοντας
2569 5344 2696 5406 τοὺς
2725 5342 2827 5413 τῆς
2866 5344 2945 5406 είς
2974 5342 3107 5397 Θεὸν
3137 5342 3356 5413 ἀγάπης
3390 5341 3544 5394 ἕνεκα
3573 5333 3717 5390 κινδυ-

2176 5437 2453 5501 νεύοντας.
2485 5438 2702 5502 ὁποίους
2746 5438 2897 5501 τινὰς
2925 5433 3066 5492 εἶναι
3099 5438 3202 5510 χρὴ
3252 5439 3377 5499 τοὺς
3424 5435 3517 5505 τὴν
3552 5426 3720 5485 εὐκλεᾶ

2177 5525 2271 5578 καὶ
2299 5524 2573 5593 ἐξαίρετον
2606 5525 2882 5580 πολιτείαν
2917 5526 3011 5579 καὶ
3042 5526 3186 5596 ζωὴν
3219 5524 3509 5597 κατορθοῦν
3534 5515 3717 5594 ᾑρημέ-

579 5703 908 5789 {lsa.rtnv,
1072 5704 1156 5758 l/t.
1233 5706 1253 5735 '
1284 5704 1390 5763 lsa.
1414 5723 1505 5776 ιχ,
1537 5708 1588 5775 l,
1623 5708 1679 5768 2.
1748 5712 1768 5743 ⁸
1792 5711 1905 5768 Jac.
1951 5730 2009 5789 tt,
2046 5716 2094 5772 l.

579 5717 595 5735 ι
630 5717 730 5756 lsa.
762 5718 908 5769 xxxv,
951 5717 1035 5762 to.
1072 5717 1156 5758 ιο.
1233 5717 1253 5735 ¹
1287 5717 1390 5763 lsa.
1414 5723 1505 5776 ιχ,
1537 5717 1588 5775 ι,
1623 5717 1679 5768 '2.
1748 5717 1768 5743 ⁸
1792 5717 1905 5768 Jac.
1951 5730 2009 5782 ll,
2046 5717 2081 5770 lt

506 5772 696 5827 Matth.
736 5788 902 5827 XXVII.
937 5775 1027 5826 46.
1954 5776 1973 5789 "

2172 5717 2191 5749 ⁸
2218 5719 2236 5771 ι
2268 5719 2412 5775 Petr.
2451 5737 2523 5789 tv,
2573 5723 2655 5781 Μ.
2734 5726 2755 5756 ⁸
2788 5724 2957 5783 Hebr.
2998 5745 3048 5797 ν,
3085 5733 3115 5785 7
3155 5733 3203 5787 9.
3296 5733 3317 5763 ⁸
3346 5731 3481 5789 Psal.
3514 5744 3616 5797 ut,
3647 5728 3707 5792 li
