4094 6300
362 529 473 597 977

1338 521 1711 585 PANOPLIA
1758 522 2216 585 DOGMATICA.
2242 548 2314 560 —
2337 524 2483 586 TlT.
2527 517 2650 586 XV.

3519 521 3633 586 9'38

359 671 519 718 νους,
565 653 771 722 πότερα
806 647 1158 721 μεθιεμένους
1187 646 1283 700 καὶ
1330 647 1735 710 ἀναπίπτοντας
1779 647 1857 709 εις
1887 647 1946 698 τὸ

2073 672 2267 722 ιτοηοε,
2303 667 2356 712 et
2398 657 2608 714 deliciis
2645 658 2888 723 deditos,
2925 658 3307 730 bilaritatique-
3350 668 3406 715 et
3437 661 3649 730 gaudio-

363 745 626 817 ῥᾴθυμον,
662 743 758 796 καὶ
790 742 890 795 οὐκ
921 742 979 793 ὲν
1013 738 1192 811 καιρῷ
1219 739 1542 810 τρυφῶντας
1583 741 1679 792 καὶ
1720 738 1946 811 εὐρυνο-

2047 749 2289 804 animum
2315 752 2560 805 laxantes
2589 768 2603 804 :
2633 764 2700 804 an
2735 750 2914 821 potius
2946 766 3050 805 una
3093 752 3343 820 precibus
3369 751 3634 818 intentos,

365 838 563 906 μένους
589 837 666 898 είς
692 833 978 905 εὐθυμίαν,
1005 833 1038 903 ἢ
1074 832 1520 902 συντεινομένους
1545 833 1623 895 εἰς
1650 831 1822 896 λιτὰς,
1853 831 1951 886 καὶ

2073 853 2106 898 ιι
2153 844 2516 915 lacrymantes
2543 858 2728 899 coram
2793 843 3079 900 Salvatore
3143 847 3314 912 cerni,
3359 856 3415 903 et
3468 845 3637 913 ipsius

361 925 800 997 δεδακρυμένους
837 923 1068 994 ὁρᾶσθαι
1104 922 1184 994 τῷ
1217 923 1479 988 σώζοντι,
1531 923 1626 978 καὶ
1671 922 1773 994 τὴν
1815 932 1948 994 παρ’

364 1017 535 1072 αὑτοῦ
580 1017 848 1087 διψῶντας
898 1015 1240 1086 ἐπικουρίαν,
1287 1016 1382 1069 καὶ
1417 1015 1601 1086 μέντοι
1647 1015 1741 1070 καὶ
1787 1014 1948 1069 εὐαν-

2048 935 2309 992 auxilium
2363 936 2522 992 avide
2583 946 2922 1006 appetentes,
2983 936 3217 1007 fortique
3273 938 3458 992 animo
3501 953 3636 1006 pra:-

2050 1027 2194 1082 ditos
2241 1040 2387 1093 esse,
2443 1027 2488 1081 si
2523 1027 2686 1082 etiam
2735 1043 2833 1083 nos
2867 1031 2976 1096 pati
3016 1029 3268 1083 voluerit.
3318 1027 3638 1084 Consultum

365 1107 540 1182 δρίαν,
573 1106 731 1176 εἴπερ
771 1105 944 1160 ἕλοιτο
989 1106 1084 1160 καὶ
1112 1106 1306 1161 παθεῖν
1335 1108 1500 1178 ἡμᾶς.
1535 1108 1682 1160 Ἔδει
1724 1124 1784 1160 τε
1815 1106 1948 1178 πρὸς

2073 1129 2311 1174 ιτιειθτεο
2365 1130 2484 1175 erat
2522 1122 2664 1176 scire
2719 1123 2842 1191 quis
2898 1122 2970 1174 sit
3001 1121 3334 1176 .obedientia:
3382 1120 3529 1186 ﬁnis,
3585 1128 3645 1176 et

368 1197 583 1261 τούτοις
630 1197 824 1251 εἰδέναι
878 1197 1194 1269 χρησίμως,
1243 1199 1365 1251 ὅποι
1405 1197 1536 1252 ποτὲ
1582 1199 1692 1269 ἄρα
1741 1197 1803 1251 τὸ
1849 1198 1951 1269 τῆς

2073 1209 2230 1279 [nalis
2266 1222 2580 1281 quantaque
2605 1210 2903 1268 tolerantiae
2959 1225 3169 1268 merces
3211 1211 3284 1266 sit
3338 1209 3638 1280 proposita.

371 1289 618 1358 ὑπακοῆς
657 1287 878 1353 διέξεισι
910 1287 1086 1358 πέρας
1105 1330 1121 1352 ,
1157 1288 1255 1341 καὶ
1293 1288 1383 1342 διὰ
1413 1288 1582 1344 ποίων
1608 1289 1828 1359 ἔρχεται
1857 1307 1953 1359 γε·

374 1383 508 1453 ρῶν,
535 1382 658 1444 ὅσος
679 1397 738 1432 τε
766 1381 860 1434 καὶ
881 1378 993 1444 οἷος
1037 1380 1140 1450 τῆς
1163 1380 1442 1451 ὑπομονῆς
1463 1383 1492 1434 6
1521 1381 1730 1451 μισθός.
1754 1381 1951 1450 Γέγονε

371 1474 552 1528 τοίνυν
573 1471 920 1536 ὑποτύπωσις
945 1472 1052 1525 τῶν
1082 1471 1337 1526 τοιούτων
1363 1474 1494 1543 ήμῖν
1529 1474 1558 1525 6
1579 1473 1833 1544 Χριστὸς,
1855 1475 1955 1528 καὶ

375 1564 517 1635 πρός
551 1579 610 1631 γε
643 1563 800 1616 τοῦτο
829 1564 980 1632 ἡμᾶς
1006 1563 1231 1634 ἐμπεδοῖ
1257 1563 1431 1631 λέγων
1470 1564 1500 1614 ὁ
1532 1563 1820 1628 θεσπέσιος
1851 1565 1956 1618 Πέ-

375 1671 527 1726 τροςο
565 1671 587 1706 ι
618 1654 776 1707 Ποῖον
811 1653 920 1724 γὰρ
946 1653 1122 1718 κλέος,
1153 1656 1202 1707 εί
1231 1654 1638 1724 ἁμαρτάνοντες
1673 1657 1767 1710 καὶ
1796 1656 1957 1712 κολα-

378 1747 661 1818 φιζόμενοι
705 1744 1038 1815 ὑπομένετε;
1083 1743 1220 1798 Ἀλλ’
1251 1745 1300 1799 εί
1333 1744 1788 1814 ἀγαθοποιοῦντες
1820 1747 1957 1803 ὑπο-

381 1838 599 1904 μένετε,
641 1834 801 1888 τοῦτο
836 1835 997 1906 χάρις
1059 1836 1209 1907 παρά
1259 1834 1399 1907 Θεῷ,
1446 1837 1530 1890 ὅτι
1581 1837 1675 1890 καὶ
1723 1837 1958 1907 Χριστὸς

2060 1300 2265 1358 llorutn
2325 1304 2514 1372 itaque
2577 1304 2818 1360 omnium
2879 1303 3049 1373 figura
3105 1310 3272 1372 atque
3334 1301 3640 1371 exemplum

2061 1391 2216 1449 nobis
2271 1392 2445 1450 factus
2513 1402 2598 1449 est
2648 1392 2920 1460 Christus,
2976 1393 3121 1462 quod
3167 1402 3223 1447 et
3274 1391 3491 1447 divinus
3556 1390 3642 1445 ille

2059 1483 2252 1540 Petrus
2283 1485 2568 1542 confirmat
2593 1485 2778 1541 dicens
2809 1502 2824 1540 :
2862 1503 2881 1537 ι
2916 1484 3050 1550 Qua:
3084 1484 3231 1540 enim
3275 1492 3357 1538 est
3411 1483 3548 1548 laus,
3591 1483 3645 1538 "si

2061 1584 2349 1642 peccantes
2414 1585 2469 1630 et
2520 1575 2844 1646 colaphizati
2900 1575 3138 1634 suﬂertis
3175 1574 3206 1629 ἲ
3247 1574 3351 1630 Sed
3402 1573 3450 1628 si
3508 1574 3645 1628 bene

2063 1663 2322 1720 facientes
2351 1667 2619 1734 patienter
2675 1669 2978 1735 sustinetis,
3004 1668 3119 1723 haec
3157 1674 3238 1722 est
3282 1665 3456 1736 gratia
3505 1664 3648 1733 apud

2064 1753 2228 1810 Deum
2265 1777 2278 1810 :
2308 1759 2432 1826 quia
2461 1768 2515 1814 et
2533 1759 2781 1814 Christus
2809 1773 3004 1829 passus
3021 1766 3105 1814 est
3131 1772 3227 1827 pro
3270 1754 3446 1820 vobis,
3476 1754 3648 1809 relin-

2062 1858 2237 1913 quens
2259 1845 2410 1900 vobis
2432 1849 2736 1917 exemplum
2756 1857 2814 1902 ut
2835 1848 3135 1918 sequamini
3156 1845 3506 1916 vestigiaejus
3551 1843 3586 1899 ³.
3623 1862 3648 1900 τ

385 1937 664 1992 ἀπέθανεν
693 1937 834 2009 ὑπὲρ
870 1935 1049 2006 ὑμῶν,
1077 1935 1204 2005 ὑμῖν
1252 1931 1648 2003 ὑπολιμπάνων
1680 1932 1970 2002 ὑπογραμο

2073 1940 2323 2004 Proinde,
2378 1957 2482 1995 non
2518 1941 2717 1994 nudum
2773 1951 2828 1994 et
2884 1938 3270 1994 exinanitionis
3325 1953 3519 2008 expers
3555 1937 3650 1992 Dei

387 2023 630 2096 μδνξῖνα
663 2026 1135 2096 ἐπακολουθήσητε
1166 2026 1280 2088 τοῖς
1309 2023 1513 2094 ἴχνεσιν
1552 2023 1738 2082 αὑτοῦ.
1765 2044 1784 2079 ι
1825 2025 1971 2082 Obit-

385 2119 502 2183 οῦν,
544 2119 603 2171 οὐ
635 2118 838 2188 γυμνὴς
864 2116 939 2171 ὢν
967 2116 1046 2169 ἔτι
1083 2115 1176 2169 καὶ
1208 2114 1319 2169 τῶν
1347 2116 1447 2186 τῆς
1481 2114 1764 2180 κενώσεως
1799 2117 1970 2188 ἀμέτ-

385 2225 514 2277 οχος
541 2207 759 2278 τρόπων
781 2209 809 2260 6
832 2206 928 2260 τοῦ
983 2205 1119 2260 Θεοῦ
1147 2205 1339 2273 Λόγος,
1369 2205 1482 2258 ἀλλ’
1506 2208 1564 2258 ἐν
1593 2209 1712 2268 ταῖς
1735 2207 1973 2278 ἡμέραις

385 2301 488 2372 τῆς
527 2299 727 2370 σαρκὸς
767 2297 930 2352 αὐτοῦ
975 2297 1198 2366 γέγονεν
1243 2297 1380 2367 ἡμῖν
1438 2296 1826 2367 ὑπογραμμὸς,
1874 2297 1972 2351 ἅτε

388 2391 483 2444 καὶ
506 2391 924 2461 ἀνεπιπλήκτως
953 2388 1073 2453 ἐξὸν
1109 2387 1259 2459 αὺτῷ
1285 2390 1397 2451 τοῖς
1425 2391 1526 2459 τῆς
1559 2387 1654 2440 ἀνθ
1665 2389 1974 2460 ρωπὸτητος

388 2479 626 2551 χρῆσθαι
659 2481 901 2551 μέτροις,
939 2479 1034 2533 καὶ
1060 2480 1337 2532 ἀνατεῖναι
1367 2478 1543 2547 λιτὴν,
1574 2479 1665 2532 καὶ
1699 2480 1974 2534 καταστάο

391 2573 481 2635 ξαι
523 2571 776 2642 δάκρυον,
822 2572 917 2624 καὶ
959 2571 1140 2624 δοκεῖν
1177 2569 1278 2640 ήδη
1330 2585 1448 2632 πως
1496 2569 1592 2622 καὶ
1636 2569 1842 2624 δεῖσθαι
1879 2567 1974 2624 τοῦ

391 2658 678 2724 σώζοντος,
708 2660 802 2713 καὶ
835 2659 1128 2728 μανθάνειν
1177 2659 1276 2728 τὴν
1305 2657 1574 2729 ὑπακοὴν,
1607 2657 1807 2729 καίπερ
1845 2660 1976 2714 ὄντα

391 2751 540 2804 Υἱὸν.
569 2751 932 2821 Κατατέθηπε
971 2751 1081 2822 γὰρ
1107 2749 1298 2820 ὥσπερ
1323 2749 1384 2802 τὸ
1417 2751 1715 2821 μυστήριον
1747 2753 1774 2804 6
1805 2767 1973 2804 πνευο

394 2839 722 2910 ματοφόρος,
753 2841 836 2893 ὅτι
870 2838 1031 2908 φύσει
1068 2857 1128 2894 τε
1160 2841 1254 2894 καὶ
1282 2839 1498 2911 ἀληθῶς
1529 2841 1790 2910 ὑπάρχων
1825 2840 1974 2906 Υἱὸς,

391 2929 490 2982 καὶ
513 2931 626 2992 τοῖς
648 2929 748 2998 τῆς
777 2929 1028 3000 θεότητος
1060 2931 1374 3000 αὐχήμασιν
1401 2930 1712 3002 ἐμπρεπὴς,
1736 2932 1977 3002 καθῆκεν

389 3020 584 3074 ἑαυτὸν
616 3020 696 3082 είς
723 3020 1070 3087 ταπείνωσιν,
1093 3021 1169 3084 ὼς
1199 3021 1298 3091 τῆς
1330 3021 1673 3092 ἀνθρωπίνης
1707 3023 1979 3093 πτωχείας

391 3109 648 3163 ὑπελθεῖν
691 3109 754 3164 τὸ
801 3111 1233 3182 σμικροπρεπές.
1268 3111 1410 3163 Ἀλλ’
1449 3107 1517 3182 ἦν
1553 3115 1634 3176 είς
1675 3114 1856 3183 ἡμᾶς,
1903 3113 1980 3178 ὡς

391 3202 553 3270 ἔφην,
580 3203 610 3255 6
628 3199 724 3256 τοῦ
754 3202 1077 3272 πράγματος
1100 3201 1292 3268 τύπος,
1324 3202 1484 3266 καλὸς
1513 3205 1607 3256 καὶ
1633 3204 1977 3275 ὀνησιφόροςο

2075 2031 2328 2095 Verbum,
2537 2029 2632 2083 sed
2674 2029 2724 2083 in
2752 2027 2940 2084 diebus
2971 2029 3152 2084 carnis
3191 2043 3302 2082 suae
3337 2027 3540 2084 factum
3564 2039 3646 2084 est

2071 2118 2228 2174 nobis
2276 2117 2580 2188 exemplum
2619 2135 2635 2184 ;
2670 2120 2804 2172 adeo
2867 2127 2927 2171 ut
2986 2118 3123 2172 citra
3169 2118 3670 2187 reprehensionem--

2072 2211 2228 2266 liceat
2265 2210 2315 2265 ei
2341 2208 2588 2263 humanis
2621 2209 2862 2263 moribus
2903 2208 3004 2273 uti,
3037 2218 3093 2262 et
3136 2225 3326 2278 preces
3348 2209 3560 2269 offerre,
3592 2217 3648 2262 et

2073 2302 2339 2372 lacrymas
2403 2299 2749 2369 profundere,
2811 2307 2865 2354 et
2918 2297 3254 2354 Salvatorem
3329 2310 3674 2368 exspectare-'-

2072 2401 2234 2459 atque
2277 2389 2590 2459 implorare,
2642 2398 2697 2443 et
2724 2388 3090 2443 obedientiam
3143 2389 3376 2449 discere,
3433 2387 3646 2440 tametsi

2071 2485 2142 2535 sit
2171 2480 2359 2535 Filius.
2379 2480 2652 2534 Attonitus
2676 2479 2819 2532 enim
2847 2479 3248 2548 quodammodo
3274 2479 3375 2532 fuit
3403 2479 3646 2549 mysterii

2073 2570 2444 2642 magnitudine
2489 2569 2778 2639 Apostolus
2842 2567 3046 2638 Spiritu
3083 2567 3320 2632 adlatus,
3380 2569 3521 2636 quod
3553 2583 3650 2620 na-

2073 2673 2188 2715 tura
2223 2676 2288 2716 ac
2317 2675 2444 2716 vere
2465 2662 2738 2716 exsistens
2759 2660 2950 2726 Filius,
3004 2670 3059 2714 et
3092 2660 3270 2714 divina
3309 2659 3477 2728 gloria
3511 2657 3649 2711 cmi--

2072 2768 2227 2822 nens,
2282 2754 2516 2824 seipsum
2562 2752 2629 2806 ad
2676 2767 2796 2806 eam
2851 2751 3206 2806 humilitatem
3255 2749 3552 2812 demiserit,
3592 2758 3650 2801 ut

2073 2850 2319 2903 humana!
2349 2847 2542 2916 inopiae
2564 2845 2825 2900 vilitatem
2859 2844 3042 2899 subire
3071 2860 3176 2899 non
3203 2845 3488 2898 recusarit.
3519 2842 3647 2906 Sed,

2071 2949 2129 2996 ut
2160 2939 2291 3005 dixi,
2341 2938 2542 3009 negotii
2595 2936 2757 3007 hujus
2814 2935 3120 3007 exemplum
3171 2935 3238 2989 ad
3291 2949 3388 2989 nos
3458 2948 3652 3003 magno

2073 3040 2258 3086 nostro
2305 3029 2589 3084 commodo
2659 3026 2937 3096 spectabat
2983 3043 2997 3081 :
3049 3032 3110 3079 ut
3157 3025 3482 3080 doceremur
3545 3039 3650 3078 non

2074 3123 2273 3177 debere
2295 3134 2394 3175 nos
2429 3120 2482 3174 in
2531 3117 2690 3172 aliam
2728 3118 2866 3172 viam
2913 3115 3220 3178 deﬂectere,
3257 3129 3380 3169 cum
3439 3121 3650 3183 tempus

2075 3209 2441 3265 fortitudinem
2465 3214 2691 3277 poscat;
2713 3208 2856 3277 quod
2890 3205 2974 3260 vel
3011 3205 3136 3259 hinc
3161 3204 3362 3273 optime
3384 3202 3651 3273 quispiam

393 3290 474 3352 ὼς
505 3291 566 3342 τό
596 3307 679 3385 τρι
715 3289 790 3361 μὴ
819 3291 1016 3360 χρῆναι
1044 3289 1280 3361 διᾴττειν
1309 3293 1458 3366 ἡμᾶς
1500 3294 1580 3357 εἰς
1614 3294 1810 3365 ἑτέραν
1837 3293 1972 3362 ὁδὸν,

2079 3297 2421 3355 intellexerit.
2491 3295 2745 3351 Christus
2789 3295 2935 3349 enim
2989 3293 3115 3348 alibi
3163 3291 3381 3362 quidem
3434 3293 3648 3385 ipquit:

397 3380 496 3432 καὶ
533 3380 594 3432 οὐ
623 3378 738 3452 [γρ.
765 3378 984 3453 καιροῦ]
1009 3379 1300 3446 καλοῦντος
1328 3384 1407 3446 είς
1434 3383 1740 3452 εὐανδρίαν,
1767 3385 1982 3456 ἀναμά-

395 3473 482 3526 θοι
511 3489 596 3536 τις
628 3473 695 3527 ἂν
728 3472 1004 3540 ἐντεῦθεν,
1045 3473 1140 3528 καὶ
1166 3475 1340 3545 ῥᾷστά
1363 3492 1425 3543 γε
1448 3475 1535 3546 δή.
1567 3477 1676 3530 Καὶ
1708 3477 1840 3546 γοῦν
1875 3478 1978 3550 ἔφη

390 3565 649 3637 Χριστὸς,
689 3564 821 3618 ποτέ
855 3565 977 3636 μέν,
1006 3565 1088 3620 ὅτι
1125 3567 1220 3621 καὶ
1259 3586 1278 3619 ι
1308 3567 1399 3638 Μὴ
1442 3567 1693 3635 φοόεῖσθε
1726 3569 1833 3623 ἀπὸ
1866 3571 1980 3625 τῶν

395 3657 834 3712 ἀποκτιννύντων
864 3657 928 3710 τὸ
960 3659 1138 3729 σῶμα,
1191 3659 1290 3730 τὴν
1318 3660 1378 3712 δέ
1404 3659 1584 3730 ψυχὴν
1621 3661 1696 3732 μὴ
1740 3661 1980 3733 δυναμέα

395 3766 506 3802 νων
536 3749 855 3802 ἀποκτεῖναι
875 3765 889 3780 ο
924 3749 1199 3821 φοϐήθητε
1223 3749 1281 3802 δὲ
1317 3751 1519 3820 μᾶλλον
1563 3751 1654 3804 τὸν
1682 3751 1981 3822 δυνάμενον

397 3843 490 3894 καὶ⁵
516 3840 693 3911 ψυχὴν
721 3841 816 3893 καὶ
845 3839 1005 3911 σῶμα
1047 3840 1312 3896 ἀπολέσαι
1347 3841 1406 3894 ἐν
1442 3841 1667 3916 γεέννῃ·
1696 3861 1714 3893 ι
1751 3843 1880 3895 ποτέ
1921 3842 1979 3897 δέ

388 3927 480 3997 αὖ,
531 3951 550 3983 ι
579 3930 646 3985 Et
675 3948 758 3995 τις
796 3931 938 3986 θέλει
977 3931 1153 3986 ὀπίσω
1185 3950 1284 4002 μου
1331 3933 1524 3996 ἐλθεῖν,
1571 3933 1981 4004 ἀπαρνησάσθω

391 4024 605 4090 ἑαυτὸν,
643 4024 739 4078 καὶ
772 4025 962 4094 ἀράτω
987 4024 1080 4079 τὸν
1108 4025 1342 4095 σταυρὸν
1373 4024 1589 4089 ἑαυτοῦ,
1623 4025 1717 4077 καὶ
1751 4023 1980 4078 ἀκολου-

393 4114 556 4168 θείτω
589 4131 699 4184 μοι.
723 4132 744 4166 ι
777 4114 851 4168 Τὸ
880 4115 941 4168 δὲ
965 4114 1074 4170 δεῖν
1099 4116 1310 4169 οἴεσθαι
1346 4114 1765 4168 κατακολουθεῖν
1803 4113 1977 4184 αὑτῷ,

392 4207 446 4259 τί
486 4205 554 4260 ἂν
584 4206 774 4276 ἕτερον
824 4206 912 4277 εῐη
956 4207 1106 4278 παρά
1134 4223 1198 4276 γε
1227 4206 1289 4259 τὸ
1313 4205 1506 4276 χρῆναι
1533 4203 1982 4276 κατανδρίζεσθαι

395 4299 737 4367 πειρασμῶν,
771 4299 909 4370 μετὰ
934 4298 1029 4353 τοῦ
1055 4299 1155 4370 τὴν
1180 4299 1386 4354 ἀνωθεν
1423 4299 1746 4370 ἐπικουρίαν
1786 4299 1978 4360 αἰτεῖν,

2079 3409 2098 3444 ι
2130 3390 2304 3446 Nolite
2332 3389 2520 3444 timere
2546 3400 2642 3442 eos
2669 3387 2762 3456 qui
2793 3387 3130 3442 interficiunt
3152 3399 3375 3454 corpus,
3407 3385 3652 3439 animam

2071 3494 2250 3539 autem
2312 3495 2419 3536 non
2477 3488 2704 3549 possunt
2757 3477 3006 3534 occidere
3049 3477 3190 3533 :sed
3239 3477 3420 3546 potius
3466 3475 3661 3530 timete

2076 3589 2195 3629 eum
2257 3573 2346 3642 qui
2397 3579 2572 3640 potest
2601 3579 2655 3624 et
2686 3569 2926 3623 animam
2987 3575 3044 3623 et
3088 3583 3287 3638 corpus
3322 3566 3549 3636 perdere
3592 3565 3648 3620 in

2075 3663 2378 3735 gehennam
2403 3661 2468 3713 ⁸⁸.
2505 3678 2525 3712 ι
2557 3659 2696 3713 Alibi
2726 3674 2855 3714 vero
2887 3675 2901 3712 :
2937 3677 2958 3709 ‹
3003 3657 3060 3713 Si
3097 3658 3220 3727 quis
3252 3655 3369 3711 vult
3410 3665 3533 3725 post
3561 3670 3656 3710 me

2079 3757 2279 3816 venire,
2303 3754 2535 3822 abneget
2563 3755 2938 3822 semetipsum,
2975 3759 3029 3804 et
3075 3749 3230 3804 tollat
3252 3761 3468 3803 crucem
3494 3761 3653 3803 suam

2079 3855 2130 3904 et
2173 3853 2431 3916 sequatur
2464 3842 2636 3897 me”.
2669 3859 2689 3894 ι
2743 3841 2897 3909 Quod
2953 3847 3136 3896 autem
3182 3847 3432 3910 oporteat
3477 3838 3661 3908 ipsum

2075 3937 2249 4007 sequi,
2291 3936 2554 4006 quidnam
2597 3933 2740 3988 aliud
2781 3932 3074 4002 significet,
3106 3947 3269 4002 quam
3315 3931 3516 3987 debere
3555 3944 3654 3984 nos

2075 4030 2290 4087 fortiter
2329 4025 2600 4083 obsistere
2663 4022 3075 4088 tentationibus,
3139 4037 3266 4078 cum
3313 4022 3679 4077 invocatione»

2075 4119 2263 4176 auxilii
2286 4117 2474 4182 divini,
2499 4130 2609 4171 non
2635 4113 2975 4185 negligenter
2996 4127 3062 4168 ac
3087 4113 3335 4178 remisse,
3363 4113 3457 4167 sed
3478 4111 3679 4183 petius.

2077 4219 2291 4269 utentes
2317 4209 2572 4280 precibus
2593 4203 3038 4272 ferventissimis,
3067 4204 3185 4275 pias
3203 4205 3359 4259 nobis
3397 4219 3463 4258 ex
3488 4202 3676 4260 oculis-

2077 4304 2344 4370 lacrymas
2377 4297 2798 4354 excutientibus.

395 4397 496 4451 οὑκ
523 4390 817 4464 ἀτημελῶς
855 4405 916 4442 τε
953 4389 1048 4443 καὶ
1078 4386 1454 4458 παρειμένως,
1487 4382 1871 4456 κεχρημένους
1907 4379 1966 4433 δέ
2011 4379 2216 4454 μᾶλλον
2247 4377 2425 4442 λιταῖς
2469 4379 2592 4442 ταῖς
2622 4376 3040 4440 ἐκτενεστάταις
3081 4373 3177 4431 καὶ
3203 4374 3498 4440 καθιέντας
3548 4371 3666 4447 6p...-

401 4493 591 4563 μάτων
621 4491 685 4540 τὸ
716 4485 776 4550 ἐξ
801 4484 1088 4546 εὐλαϐείας
1113 4482 1377 4554 δάκρυον;
1418 4489 1425 4493 ·

403 4584 514 4638 Τοῦ
551 4580 740 4635 αὐτοῦ
780 4578 849 4631 ἐκ
883 4574 1001 4630 τῶν
1030 4574 1164 4642 περὶ
1205 4573 1318 4641 τῆς
1351 4569 1626 4632 ἐνώσεως
1665 4565 1963 4634 Σχολίων.

469 4673 545 4725 Τὸ
570 4673 672 4737 τῆς
703 4669 950 4730 ἐνώσεως
987 4665 1175 4737 χρῆμα
1207 4665 1350 4717 κατά
1382 4658 1613 4720 πολλοὺς
1644 4655 1977 4709 ἐπιτελεῖται

2415 4562 2667 4633 Ejusdem
2695 4578 2761 4617 ea:
2792 4560 3011 4616 Schoiiis
3041 4561 3106 4615 de
3135 4563 3346 4617 unione.

2094 4672 2096 4674 ν
2156 4653 2432 4708 Adunatio
2461 4653 2648 4708 multis
2681 4653 2859 4708 modis
2899 4652 3159 4722 impletur
3188 4669 3204 4706 :
3248 4651 3484 4720 sejuncti
3512 4651 3674 4706 enim

703 4720 1038 4834 διηρημένοῒ
1213 4771 1358 4817 τινες
1411 4751 1553 4805 κατά
1605 4747 1851 4802 διάθεσιν
1882 4745 1972 4799 καὶ

2084 4743 2333 4800 nonnulli
2353 4742 2548 4798 aﬂeetu
2581 4743 2666 4798 vel
2698 4720 2998 4807 voluntate,
3019 4749 3075 4796 et
3099 4738 3480 4794 discordantes
3521 4739 3664 4792 inter

400 4856 648 4928 γνώμην,
682 4854 776 4909 καὶ
815 4849 1176 4922 διχονοοῦντες
1207 4847 1344 4916 πρὸς
1377 4842 1643 4912 ἀλλήλους
1664 4878 1679 4902 ,
1726 4835 1978 4891 ἐνοῦσθαι

398 4928 654 5018 λέγονται
681 4947 822 5000 κατά
848 4943 1116 5013 σύμϐασιν
1147 4937 1392 5009 φιλικὴν,
1415 4937 1477 4988 ἐκ
1499 4933 1665 4999 μέσου
1690 4928 1978 4990 ποιοῦντες

397 5042 501 5103 τὰς
544 5040 812 5111 διαφοράς
835 5054 850 5070 ο
883 5033 1135 5090 ἐνοῦσθαι
1164 5029 1223 5084 δέ
1248 5044 1432 5100 φαμεν
1479 5027 1576 5080 καὶ
1607 5024 1676 5079 τά
1725 5020 1977 5111 ἀλλήλοις

400 5109 740 5200 κολλώμενα,
771 5130 939 5200 ήγουν
989 5121 1366 5196 συνηνεγμένα
1420 5115 1544 5172 καθ’
1578 5115 1801 5186 ἐτέρους
1851 5109 1977 5182 τρό-

403 5237 562 5284 πους,
595 5219 629 5289 ἢ
665 5219 807 5272 κατά
842 5215 1168 5286 παράθεσιν,
1205 5211 1237 5282 ἢ
1277 5209 1444 5280 μίξιν,
1487 5205 1762 5278 ἢσκρᾶσιν
1784 5219 1800 5234 ·
1845 5202 1979 5256 ὅταν

401 5308 498 5365 οὖν
538 5309 790 5363 ἐνοῦσθαι
821 5310 1054 5378 λέγομεν
1089 5307 1154 5374 τῇ
1191 5301 1315 5356 καθ’
1353 5301 1500 5371 ἡμᾶς
1534 5296 1696 5368 φύσει
1742 5295 1835 5350 τδν
1881 5293 1978 5348 τοῦ

401 5401 541 5456 Θεοῦ
572 5402 764 5468 Λόγον,
791 5400 1052 5469 κρείττων
1074 5397 1269 5468 ὁρᾶται
1299 5393 1401 5461 τῆς
1424 5389 1713 5460 ἀνθρώπου
1739 5386 1977 5451 διανοίας

402 5499 432 5550 6
457 5495 558 5565 τῆς
605 5495 852 5556 ἐνὼσεως
889 5492 1126 5562 τρόποςυ
1158 5489 1222 5542 οὐ
1274 5487 1384 5555 γάρ
1427 5499 1513 5536 τοι
1556 5479 1684 5535 καθ’
1731 5479 1832 5533 ἕνα
1874 5478 1985 5531 τῶν

291 5616 304 5622 -
404 5586 715 5660 εἰρημένων
738 5587 884 5638 ἐστίν
904 5598 918 5614 ’
945 5584 1256 5654 ἀπόρρητος
1281 5579 1338 5631 δέ
1371 5572 1672 5638 παντελῶς,
1689 5573 1786 5626 καὶ
1808 5570 1986 5624 οὐδενὶ

406 5683 546 5751 τάχα
577 5678 686 5732 τῶν
719 5678 890 5732 ὄντων
944 5672 1364 5744 διεγνωσμένος,
1401 5667 1544 5741 πλὴν
1589 5667 1672 5720 ὅτι
1732 5662 1880 5735 μόνῳ
1909 5660 1988 5732 τῷ

410 5775 592 5828 πάντα
630 5771 796 5825 εἰδότι
828 5767 966 5839 Θεῷ,
1812 5753 1816 5756 ἡ
1867 5781 1876 5788 ·

483 5958 498 5987 ¹
537 5956 556 6012 ι
589 5952 733 6012 Petr.
760 5968 820 6018 ll,
848 5949 938 6016 20,
967 5948 1056 6005 21.

2083 4849 2165 4898 se,
2200 4832 2430 4888 adunari
2487 4832 2765 4898 dicuntur,
2806 4845 2904 4900 per
2953 4826 3456 4885 reconciliationem
3493 4827 3668 4882 ιςτοία-

2085 4928 2216 4995 lem,
2245 4926 2489 4996 deposita
2537 4925 2832 4981 simultate.
2876 4921 3122 4977 Adunari
3168 4919 3303 4975 item
3335 4906 3570 4976 dicimus
3601 4932 3664 4972 ea

2084 5035 2206 5091 qua:
2234 5019 2339 5076 sibi
2368 5017 2837 5088 conglutinantdr,
2863 5013 2980 5069 sive
3003 5011 3182 5068 modis
3207 5011 3330 5068 aliis
3363 5010 3664 5068 conferun-

2085 5120 2193 5180 tur,
2215 5119 2310 5166 aut
2334 5127 2432 5182 per
2462 5107 2945 5178 compositionem,
2963 5114 3058 5162 aut
3084 5119 3187 5175 per
3212 5103 3550 5170 mistionem,
3568 5109 3665 5156 aut

2085 5217 2184 5273 per
2210 5199 2681 5270 temperationem.
2730 5196 2958 5262 Quoties
2997 5203 3181 5251 autem
3216 5194 3511 5249 adunatum
3546 5206 3667 5246 esse

2087 5300 2292 5349 nostrae
2327 5299 2537 5345 natura:
2562 5289 2652 5344 Dei
2686 5288 2925 5344 Verbum
2957 5285 3394 5353 dicimus;omni
3427 5283 3668 5337 humana

2083 5384 2409 5456 cegitatione
2467 5380 2815 5437 adunationis
2865 5379 2986 5450 ejus
3043 5377 3238 5433 modus
3291 5373 3504 5428 videtur
3544 5363 3698 5428 esse'

2086 5476 2355 5548 superior.
2422 5472 2610 5544 Neque
2655 5472 2802 5527 enim
2848 5487 2945 5540 per
2995 5485 3167 5538 supra.
3202 5467 3434 5534 scriptos
3475 5463 3671 5520 modos

2089 5569 2230 5624 facta
2260 5575 2347 5624 est
2385 5580 2584 5622 arcana
2617 5565 2728 5630 illa,
2760 5573 2816 5620 et
2862 5559 2994 5616 nulli
3035 5559 3254 5629 penitus
3292 5563 3447 5626 nota,
3477 5555 3584 5613 nisi
3617 5553 3672 5619 ei

2091 5661 2179 5718 cui
2209 5659 2392 5716 omnia
2423 5668 2552 5716 nota
2585 5668 2734 5722 sunt,
2768 5655 2922 5711 unio.
3101 5692 3103 5694 -
3447 5663 3458 5672 '
