4094 6300
545 508 656 574 979

1820 505 2192 566 EUTHYMll
2237 507 2409 567 ZIGA
2423 506 2598 567 BENI

3677 509 3761 573 930

653 639 721 695 Et
772 638 905 694 nihil
969 638 1198 705 mirum,
1235 636 1280 693 si
1326 636 1380 691 in
1443 635 1752 704 hujusmodi
1805 634 2113 703 cogitationi

2306 634 2417 688 Καὶ
2454 631 2763 703 θαυμαστὸν
2814 633 2999 699 οὐδὲν,
3035 634 3085 689 εί
3123 634 3234 687 τῶν
3290 632 3534 687 τοιούτων
3581 636 3762 691 ἐννοιῶν

552 732 856 796 vincamur,
904 723 1029 785 cum
1061 744 1149 784 res
1181 740 1423 794 nostras,
1470 730 1741 801 quomodo
1785 742 1844 785 se
1875 728 2128 794 habeam,

547 822 913 890 inquirentes,
958 819 1097 875 ultra
1135 823 1353 876 modum
1386 830 1585 875 nostra:
1632 819 1829 873 utentis
1863 818 2125 875 inventio-

548 929 669 967 nem
714 928 833 968 esse
876 912 1273 980 conﬁteamur;
1307 919 1659 982 quonamque
1704 910 1864 965 modo
1890 911 2129 966 animam

546 1003 786 1059 hominis
827 1017 928 1060 suo
961 1004 1179 1073 corpori
1216 1005 1506 1058 adunatatu
1534 1015 1657 1059 esse
1687 1002 1975 1073 putemus?
1998 1001 2131 1069 Quis

544 1104 630 1148 est
663 1095 753 1165 qui
787 1093 840 1148 id
864 1094 1037 1163 possit
1065 1092 1415 1162 exprimere?
1439 1092 1544 1148 Sed
1578 1092 1624 1148 si
1653 1100 1868 1162 oportet
1896 1106 2011 1161 eos,
2036 1093 2127 1161 qui

545 1200 710 1257 parva
743 1199 808 1242 ea
856 1185 947 1242 vix
999 1185 1304 1256 intelligere
1354 1184 1597 1251 soleant;
1646 1185 1755 1240 imo
1802 1194 1856 1241 et
1904 1200 1999 1242 eos
2038 1186 2126 1255 qui

547 1277 759 1332 valeant
792 1276 1118 1347 intelligere,
1166 1287 1275 1332 tam
1307 1276 1533 1332 subtiles
1568 1292 1653 1331 res
1691 1286 1745 1331 et
1772 1292 1989 1333 omnem
2037 1294 2126 1332 ra-

545 1371 749 1425 tionem
798 1370 1253 1425 transcendentes
1303 1369 1612 1438 conjectare
1651 1389 1664 1425 :
1699 1371 1931 1426 dicimus
1983 1372 2127 1439 quod

546 1458 739 1523 deceat
771 1461 1016 1527 cogitare
1045 1461 1320 1531 (quamvis
1367 1463 1546 1516 minor
1577 1460 1649 1515 sit
1676 1460 1852 1515 oratio
1881 1458 1948 1513 ad
1985 1458 2126 1514 veri-

556 1540 744 1610 tatem)
781 1542 941 1595 talem
974 1558 1093 1599 esse
1137 1544 1523 1599 adunationem
1572 1542 1744 1613 ipsius
1778 1542 2125 1615 Emmanuel,

545 1635 759 1702 qualem
810 1636 931 1703 quis
982 1634 1245 1707 intelligat
1284 1640 1522 1691 animam
1572 1638 1809 1694 hominis
1854 1641 1918 1693 ad
1968 1654 2125 1695 suum

545 1740 742 1794 corpus
780 1724 1000 1781 habere.
1142 1722 1382 1798 [Anima
1422 1728 1565 1784 enim
1608 1730 1789 1784 omnia
1838 1745 1958 1799 qua:
1999 1738 2127 1787 sunt

545 1816 812 1883 eurporis,
842 1831 963 1872 esse
1006 1824 1221 1886 reputat
1252 1833 1373 1884 sua,
1413 1818 1540 1874 licet
1570 1834 1666 1890 per
1700 1832 1952 1875 naturam
1995 1837 2123 1893 pro-

544 1910 717 1977 prium
749 1921 944 1976 expers
975 1907 1046 1960 sit
1189 1909 1532 1977 passionibus
1574 1911 1843 1980 corporis,
1870 1921 1926 1966 et
1963 1921 2125 1967 natu-

545 1997 773 2063 ralibus,
801 2005 855 2052 et
874 2011 996 2067 quae
1023 1998 1363 2054 extrinsecus
1390 2001 1684 2055 accedunt:
1706 2012 1954 2057 movetur
1974 2005 2122 2060 enim

544 2103 740 2158 corpus
786 2088 839 2142 in
890 2090 1363 2160 concupiscentias
1404 2091 1701 2158 naturales,
1740 2102 1796 2149 et
1844 2097 2120 2152 consentit

542 2181 742 2247 anima,
790 2189 845 2235 et
894 2181 1047 2237 nullo
1091 2180 1216 2235 licet
1262 2182 1423 2237 modo
1464 2183 1815 2253 participans,
1855 2188 2121 2257 concupi-

541 2267 761 2322 scentiae
797 2276 979 2323 tamen
1025 2270 1229 2324 exitum
1265 2268 1681 2327 delectationem
1712 2276 1987 2345 propriam
2020 2278 2125 2332 duo

541 2357 634 2411 cit.
676 2357 741 2412 Et
773 2359 819 2415 si
869 2357 1012 2415 forte
1041 2359 1186 2415 ferro
1230 2374 1429 2431 corpus
1468 2363 1829 2431 percutiatur,
1866 2376 1962 2421 aut
2009 2377 2123 2422 tor-

538 2460 792 2518 queatur,
834 2451 1087 2507 condolet
1127 2451 1217 2507 illa
1249 2451 1494 2522 quidem,
1527 2454 1672 2523 quod
1716 2469 1874 2510 suum
1922 2471 2121 2526 corpus

540 2544 780 2610 patiatur
810 2560 824 2598 :
854 2542 970 2612 ipsa
1020 2557 1147 2598 vero
1180 2542 1233 2598 in
1282 2558 1380 2599 sua
1430 2553 1623 2600 natura
1675 2546 1883 2602 nullum
1914 2546 2121 2617 patitur

538 2633 758 2688 omnino
788 2642 1140 2689 tormentum.

609 2724 818 2779 Tamen
859 2740 1025 2795 super
1074 2726 1178 2782 hoc
1226 2740 1446 2797 quoque
1482 2726 1712 2785 dicimus
1760 2743 1882 2787 esse
1914 2733 2118 2788 aduna-

539 2816 764 2882 tiouem,
815 2831 936 2887 qum
986 2816 1155 2872 estin
1206 2816 1562 2875 Emmanuele
1589 2819 1732 2876 facta
1761 2838 1775 2875 :
1806 2830 1928 2879 erat
1974 2824 2118 2878 enim

542 2918 763 2959 necesse
805 2920 927 2960 cum
960 2921 1060 2962 suo
1088 2920 1320 2977 corpore
1345 2908 1637 2964 adunatam
1670 2910 1719 2964 ei
1752 2911 1990 2967 animam
2020 2914 2118 2966 do-

536 2994 671 3061 lere,
818 3003 877 3049 ttt
920 2997 1047 3051 dum
1080 2997 1305 3053 timebat
1338 2999 1647 3070 passiones,
1692 3002 1966 3059 subditam
1994 3019 2118 3060 cer-

534 3084 705 3139 vicem
736 3084 845 3141 Deo
868 3086 1263 3163 submitteret].
1298 3088 1375 3147 De
1404 3088 1518 3146 Deo
1553 3100 1733 3147 autem
1762 3092 1934 3150 Verbo
1988 3111 2119 3153 con-

533 3176 717 3232 dolere
745 3178 1090 3247 passionibus
1117 3182 1271 3239 nefas
1296 3193 1381 3239 est
1405 3182 1594 3239 dicere
1620 3201 1634 3237 :
1864 3186 2118 3256 impassi-

2236 722 2553 795 ἡττώμεθα·
2590 726 2679 778 ὅτε
2712 727 2780 780 τὰ
2815 726 2937 779 καθ’
2975 729 3121 798 ἡμᾶς
3153 726 3347 788 αὐτοὺς
3399 726 3540 791 ὅπως
3576 726 3639 780 ἀν
3672 728 3762 799 ἔχοι

2235 816 2675 887 διερευνώμενοι,
2704 821 2802 888 τῆς
2854 818 3087 888 ἐνούσης
3128 817 3518 889 ήμῖνδιανοίας
3546 818 3765 884 ἐπέκεινα

2234 907 2335 979 τὴν
2364 907 2670 977 κατάληψιν
2696 909 3069 980 ὁμολογοῦμεν
3096 908 3523 979 ὑπάρχειν.Τίνα
3546 908 3642 978 γὰρ
3666 910 3765 981 τρό-

2238 1015 2338 1053 πον
2370 999 2613 1070 ἡνῶσθαι
2652 999 2885 1070 νοοῦμεν
2928 1000 3028 1071 τὴν
3059 1000 3155 1055 τοῦ
3204 1001 3487 1073 ἀνθρώπου
3526 1000 3683 1071 ψυχὴν
3706 1002 3767 1073 τῷ

2237 1090 2355 1161 ἰδίῳ
2381 1093 2629 1162 σώματις
2664 1092 2761 1155 Τίς
2810 1094 2839 1145 6
2876 1092 3083 1163 φράσαι
3126 1092 3451 1162 δυνάμενοςί
3479 1092 3537 1143 Εἰ
3568 1091 3621 1143 δὲ
3662 1093 3766 1163 χρὴ⁹

2235 1183 2410 1256 μικρὰ
2444 1184 2539 1237 καὶ
2558 1182 2712 1254 μόλις
2742 1185 2944 1239 ἐννοεῖν
2983 1184 3262 1247 εἰωθότας,
3287 1184 3382 1237 καὶ
3398 1183 3570 1235 λαλεῖν
3596 1183 3771 1252 ίσχύον-

2230 1293 2362 1342 τας,
2396 1274 2504 1330 τῶν
2537 1273 2711 1339 οὕτως
2764 1276 2961 1345 ἰσχνῶν
2985 1318 3000 1342 ,
3038 1276 3132 1329 καὶ
3180 1274 3320 1346 ὑπὲρ
3370 1272 3493 1327 νοῦν
3525 1273 3612 1326 καὶ
3640 1272 3768 1340 λόγον

2231 1368 2576 1438 πραγμάτων
2598 1371 2920 1440 κατατεκμή
2931 1369 3145 1441 ρασθαι,
3173 1366 3377 1435 φαμὲν,
3401 1366 3479 1418 ὅτι
3511 1364 3688 1431 πρέποι
3716 1364 3771 1416 ἂν

2231 1463 2459 1515 ἐννοεῖν·
2492 1460 2660 1533 μείων
2680 1463 2739 1517 δὲ
2770 1462 2991 1524 πάντως
3014 1461 3114 1530 τῆς
3144 1458 3403 1530 ἀληθείας
3426 1458 3455 1510 6
3478 1456 3650 1524 λόγος·
3676 1470 3770 1509 τον-

2223 1545 2395 1618 αύ.την
2422 1543 2563 1601 εἶναι
2590 1548 2689 1617 τὴν
2716 1547 2913 1600 ἕνωσιν
2949 1544 3045 1598 τοῦ
3101 1544 3471 1617 Ἐμμανουὴλ,
3511 1546 3768 1615 ὁποίανπερ

2222 1636 2289 1691 ἂν
2320 1637 2599 1707 λογίσαιτό
2629 1654 2714 1701 τις
2744 1638 2841 1690 καὶ
2863 1637 2963 1706 τὴν
2990 1636 3115 1708 [ῑσ.
3145 1637 3247 1706 τῆς
3272 1635 3369 1689 τοῦ
3397 1636 3549 1706 ἀνθρ.
3575 1635 3757 1708 ψυχῆς]

2220 1727 2315 1783 τοῦ
2337 1729 2632 1800 ἀνθρώπου
2662 1730 2840 1801 ψυχὴν
2870 1729 3006 1800 πρὸς
3025 1729 3087 1781 τὸ
3109 1729 3244 1782 ῖδιον
3278 1728 3459 1798 σῶμα.
3493 1728 3759 1782 Οἱκειοῦται

2218 1818 2330 1890 γὰρ
2352 1821 2387 1891 ἡ
2412 1820 2560 1892 ψυχὴ
2579 1820 2648 1875 τὰ
2676 1820 2770 1874 τοῦ
2804 1819 3074 1890 σώματος,
3102 1818 3284 1873 καίτοι
3314 1819 3454 1873 κατά
3482 1819 3630 1888 φύσιν
3651 1818 3759 1871 ἰδίαν

2217 1910 2485 1981 ἀμέτοχος
2510 1908 2648 1965 οὖσα
2686 1909 2795 1963 τῶν
2830 1909 2996 1963 αὐτοῦ
3028 1908 3221 1964 παθῶν
3268 1908 3513 1977 φυσικῶν
3555 1924 3610 1961 τε
3643 1907 3758 1977 ἄμα,

2217 2002 2313 2055 καὶ
2343 2001 2453 2055 τῶν
2482 2002 2682 2065 ἔξωθεν
2722 2002 3103 2071 ἐπαγομένων.
3137 2002 3389 2053 Κινεῖται
3441 1999 3533 2069 μὲν
3574 2000 3670 2069 γὰρ
3696 2000 3760 2061 είς

2216 2088 2426 2159 ὀρέξεις
2454 2090 2515 2143 τὸ
2550 2090 2711 2159 σῶμα
2743 2089 3002 2158 φυσικὰς.
3025 2090 3119 2143 καὶ
3142 2087 3557 2142 συναισθάνεται
3584 2088 3661 2141 διὰ
3680 2088 3759 2157 τὴν

2214 2178 2409 2233 ῑνωσιν
2440 2181 2473 2249 ἡ
2515 2179 2711 2233 ἐνοῦσα
2744 2179 2920 2250 ψυχή·
2953 2179 3323 2249 συμμετέσχει
3358 2178 3416 2231 δὲ
3458 2180 3571 2231 κατ’
3602 2178 3759 2230 οὐδένα

2211 2270 2414 2342 τρόπον
2433 2287 2446 2301 ·
2478 2268 2647 2322 οῖεταί
2678 2284 2742 2339 γε
2774 2269 2883 2339 μὴν
2916 2267 3054 2322 ῖδίαν
3099 2251 3409 2321 ἀπόλαυσιν
3438 2261 3572 2320 εἶναι
3602 2266 3760 2334 τὸτῆς

2210 2362 2442 2432 ὀρέξεως
2472 2362 2845 2433 ἀποτέλεσμα·
2876 2360 2981 2414 κᾶν
3010 2360 3059 2414 εί
3097 2358 3486 2426 καταξαίνοιτο
3528 2357 3674 2428 τυχὸν
3710 2356 3761 2409 τὸ

2214 2452 2399 2521 σῶμα,
2446 2454 2540 2504 καὶ
2578 2451 2784 2523 σιδήρῳ
2841 2450 3227 2517 καταξαίνοιτο
3259 2450 3514 2518 συναλγεῖ
3561 2449 3667 2520 μὲν,
3699 2446 3761 2511 ὡς

2214 2543 2346 2596 ίδὶου
2371 2544 2672 2615 πάσχοντος
2700 2542 2983 2614 σώματος·
3020 2542 3159 2614 αὐτή
3188 2556 3257 2611 γε
3288 2543 3397 2613 μὴν
3430 2545 3509 2606 εἰς
3537 2541 3658 2595 ἰδίαν
3680 2539 3762 2609 φά·

2212 2653 2295 2690 σιν
2328 2636 2429 2688 οὐκ
2458 2635 2524 2691 ἀν
2548 2652 2603 2689 τι
2637 2634 2802 2691 πάθοι
2826 2636 2937 2689 τῶν
2966 2636 3444 2706 ἐπενηνεγμένων.

2284 2726 2431 2799 Πλὴν
2454 2727 2549 2780 καὶ
2587 2726 2729 2797 ὑπὲρ
2758 2725 2918 2781 τοῦτό
2960 2742 3142 2798 φαμεν
3175 2727 3275 2779 ἐπὶ
3301 2725 3401 2779 τοῦ
3448 2722 3763 2795 Ἐμμανουὴλ

2208 2818 2305 2887 τὴν
2339 2813 2679 2872 ἓνωσιν.*Ην
2707 2818 2807 2889 μὲν
2841 2818 2951 2889 γὰρ
2982 2820 3307 2886 ἀναγκαῖον,
3338 2818 3416 2888 τῷ
3440 2818 3548 2887 ἰδίῳ
3576 2818 3762 2886 σώματι

2211 2908 2497 2977 συναλγεῖν
2524 2909 2625 2981 τὴν
2656 2908 2956 2963 ἑνωθεῖσαν
3000 2908 3183 2979 ψυχήν
3204 2925 3219 2939 ·
3258 2909 3349 2963 ἵνα
3383 2908 3647 2977 φεύγουσα
3678 2905 3762 2967 τὰς

2210 2999 2416 3062 αἰκίας,
2453 2999 2666 3071 εὐήνιον
2710 3000 2977 3071 ύττοφέροι
3023 3001 3102 3072 τῷ
3141 3000 3266 3072 Θεῷ
3286 2999 3380 3053 τδν
3409 2998 3622 3069 αὐχένα.
3655 2997 3761 3050 Ἐπὶ

2209 3090 2267 3143 δέ
2301 3107 2364 3158 γε
2394 3090 2490 3144 τοῦ
2507 3090 2644 3145 Θεοῦ
2678 3091 2859 3161 Λόγου
2889 3091 2949 3146 τὸ
2983 3092 3446 3147 συναισθάνεσθαι
3472 3091 3575 3144 τῶν
3597 3089 3764 3144 αίκιῶν

2209 3180 2411 3236 ἄτοπον
2436 3182 2613 3236 εἰπεῖν
2635 3199 2649 3214 ·
2684 3182 2900 3247 ἀπαθὲς
2922 3184 3033 3257 γὰρ
3059 3184 3121 3238 τὸ
3164 3182 3347 3247 Θεῖον,
3391 3183 3482 3238 καὶ
3505 3183 3600 3236 οὐκ
3626 3181 3678 3235 εν
3708 3196 3764 3248 γε

533 3268 657 3324 bilis
679 3271 824 3325 enim
856 3271 999 3328 Deus
1023 3282 1129 3342 est,
1164 3286 1221 3330 et
1249 3286 1563 3333 nostrarum
1592 3292 1770 3333 rerum
1814 3278 1973 3349 longe
1999 3280 2113 3335 dis-

2211 3275 2322 3336 τοῖς
2342 3273 2463 3328 καθ’
2494 3274 2645 3345 ἡμᾶς
2664 3289 2676 3304 ·
2702 3273 2817 3328 ἀλλ’
2843 3275 3023 3346 ἦνωτο
3052 3274 3151 3347 μὲν
3179 3275 3374 3347 σαρκὶ,
3396 3274 3568 3346 ψυχὴν
3589 3272 3763 3344 ἐχούσῃ

529 3360 762 3429 similis;
816 3363 912 3418 sed
953 3366 1223 3421 adunatus
1256 3368 1475 3436 quidem
1521 3378 1643 3423 erat
1687 3370 1838 3424 carni
1884 3371 2114 3428 babenti

532 3451 770 3506 animam
811 3454 1209 3522 rationabilem,
1237 3471 1345 3526 qua
1372 3458 1616 3527 patiente
1647 3458 1762 3529 ipse
1805 3460 2116 3530 impassibi-

532 3541 621 3609 lis,
661 3556 727 3596 ea
761 3557 881 3611 quae
927 3544 1121 3601 anima:
1165 3547 1570 3618 contingerent,
1616 3550 2007 3620 cognoscebat,
2061 3562 2117 3609 et

529 3633 895 3690 contundebat
936 3635 1179 3706 quidem,
1210 3646 1267 3692 ut
1305 3638 1470 3704 Deus,
1506 3645 1694 3698 carnis
1733 3643 2112 3712 inﬁrmitates;

530 3738 658 3778 suas
693 3731 874 3779 tamen
913 3739 1028 3790 eas,
1062 3733 1320 3796 tanquam
1360 3728 1442 3783 sui
1480 3731 1750 3799 corporis,
1779 3745 1902 3788 esse
1941 3731 2111 3788 duce-

529 3816 645 3872 bat.
677 3816 864 3887 ltaque
886 3820 1149 3877 esuriisse
1183 3821 1402 3890 dicitur,
1441 3820 1702 3894 fatigatus
1734 3841 1877 3895 esse,
1914 3840 2114 3897 passus

529 3908 700 3975 fuisse
728 3925 828 3979 pro
868 3910 1043 3967 nobis.

600 3996 746 4067 Ergo
792 3997 956 4055 Verbi
1005 4000 1286 4069 adunatio,
1318 4018 1439 4074 qua:
1482 4016 1567 4062 est
1601 4023 1723 4062 cum
1775 4010 2113 4069 humanitate

527 4087 698 4155 facta,
745 4105 851 4146 non
897 4093 1348 4150 irrationabiliter
1382 4098 1542 4152 rebus
1586 4100 1787 4156 nostris
1824 4115 2110 4171 compare-

529 4190 637 4238 tur.
674 4180 807 4237 Nam
845 4183 989 4239 sicut
1019 4199 1217 4256 corpus
1259 4185 1487 4242 alterius
1529 4200 1615 4244 est
1664 4200 1875 4246 natura:
1913 4204 2111 4262 preter

532 4274 796 4339 animam,
829 4286 884 4330 et
912 4291 1053 4330 unus
1086 4285 1265 4331 tamen
1296 4291 1363 4331 ex
1416 4288 1646 4348 utroque
1690 4282 1852 4336 homo
1882 4282 2111 4340 ellieitur

527 4372 585 4419 et
616 4373 878 4428 vocatur;
909 4364 986 4420 ita
1028 4366 1193 4421 etiam
1224 4381 1293 4421 ex
1328 4367 1569 4436 perfecta
1596 4370 1691 4426 Dei
1727 4372 1887 4427 Verbi
1934 4374 2109 4429 subsi-

523 4451 719 4509 Stentia
761 4462 816 4506 et
864 4468 929 4506 ex
979 4453 1322 4509 humanitate
1351 4455 1590 4524 perfecta
1650 4473 1788 4515 unus
1838 4470 1918 4516 est
1950 4462 2108 4518 Chri-

523 4552 661 4608 stus,
700 4543 844 4598 idem
877 4545 928 4599 in
972 4546 1163 4600 eodem
1199 4546 1342 4603 Deus
1372 4549 1532 4604 simul
1578 4558 1635 4605 et
1676 4553 1873 4618 homo;
1906 4563 1959 4608 et
2008 4570 2104 4611 sua

522 4634 738 4705 quidem
786 4636 937 4692 ducit
970 4637 1113 4693 Deus
1153 4637 1415 4704 Verbum,
1463 4650 1523 4695 ut
1555 4650 1683 4697 ante
1717 4643 1852 4709 dixi,
1893 4659 1957 4700 ea
1988 4662 2106 4717 qua!

523 4736 650 4782 sunt
704 4728 889 4783 carnis
925 4731 1166 4799 propria,
1207 4731 1333 4801 quia
1386 4732 1557 4801 ipsius
1602 4743 1687 4789 est
1732 4750 1951 4806 corpus,
1998 4753 2106 4794 unn

520 4816 769 4875 alterius.
805 4817 1138 4876 Communes
1170 4832 1353 4877 autem
1394 4821 1529 4880 facit
1561 4833 1821 4895 tanquam
1854 4844 1979 4883 cum
2006 4844 2103 4884 sua

521 4922 689 4964 carne
722 4909 917 4965 divinae
947 4925 1060 4966 sua:
1116 4914 1421 4984 majestatis
1461 4920 1833 4986 uperationes,
1888 4928 1949 4975 ut
1980 4936 2106 4990 pos-

521 5011 603 5059 set
635 5000 800 5059 etiam
832 5002 1110 5060 viviﬁcare
1142 5017 1404 5077 mortuos,
1429 5020 1484 5065 et
1513 5024 1709 5067 sanare
1740 5012 2003 5069 inﬁrmos.

476 5340 481 5348 ’
592 5347 658 5400 Λι
704 5350 748 5403 si
807 5352 1063 5406 convenit
1105 5356 1369 5425 exemplis
1394 5356 1560 5410 etiam
1607 5356 1806 5412 divinae
1849 5358 2092 5428 Scriptu-

522 5453 616 5502 rae,
649 5441 802 5509 quasi
851 5458 948 5512 per
1000 5445 1248 5515 ﬁguram,
1281 5447 1662 5503 adunationem
1690 5450 2092 5520 demonstrare,

521 5544 645 5598 age,
689 5532 956 5600 dicamus,
996 5547 1052 5591 ut
1083 5552 1394 5606 possumus.
1428 5540 1621 5593 Beatus
1668 5540 1833 5596 Isaias
1862 5559 1875 5595 :
1908 5562 1927 5594 ι
1964 5542 2092 5597 hiis~

523 5633 613 5675 Sus
658 5631 761 5686 est,
797 5624 995 5693 inquit,
1047 5629 1111 5680 ad
1168 5642 1253 5681 me
1289 5644 1431 5681 unus
1471 5644 1536 5681 ex
1584 5628 1892 5699 Seraphitn,
1931 5641 1983 5685 et
2034 5632 2087 5685 in

522 5724 683 5763 manu
734 5713 963 5769 habebat
994 5716 1306 5779 carbonem,
1346 5734 1505 5787 quem
1547 5719 1751 5788 forcipe
1782 5723 2085 5791 accepitab

524 5798 704 5860 altari,
767 5811 820 5854 et
865 5808 1015 5858 venit
1065 5808 1131 5859 ad
1179 5824 1286 5873 me,
1340 5819 1395 5862 et
1442 5811 1615 5879 tetigit
1655 5812 1795 5865 labia
1849 5829 1986 5879 mea,
2030 5826 2083 5869 et

524 5885 661 5945 dixit
693 5888 757 5944 ad
796 5904 915 5946 me:
954 5893 1091 5949 Ecce
1115 5898 1290 5972 tetigit
1340 5898 1441 5953 hoc
1484 5898 1620 5956 labia
1656 5910 1765 5967 tua,
1798 5912 1849 5956 et
1879 5903 2081 5959 adimet

2209 3362 2308 3433 τὴν
2333 3363 2558 3436 λογικήν
2577 3378 2591 3393 ·
2626 3364 2943 3436 πασχούσης
2967 3365 3025 3420 δὲ
3055 3366 3250 3437 αὐτῆς,
3281 3365 3510 3429 ἀπαθῶς
3531 3361 3595 3437 ἦν
3622 3365 3673 3416 ὲν
3696 3365 3763 3415 ει-

2207 3455 2361 3527 δήσει
2393 3456 2503 3510 τῶν
2533 3457 2617 3519 είς
2645 3457 2817 3527 αὐτὴν
2839 3457 3145 3528 γινομένων
3166 3472 3181 3489 ·
3210 3458 3311 3512 καὶ
3333 3457 3560 3529 ἠφάνιζε
3588 3456 3679 3527 μὲν
3701 3453 3765 3517 ὡς

2207 3547 2339 3611 Θεὸς
2382 3547 2483 3612 τὰς
2518 3548 2620 3619 τῆς
2652 3547 2856 3619 σαρκὸς
2900 3549 3225 3613 ἀσθενείας,
3278 3549 3538 3622 ᾠκειοῦτό
3575 3563 3635 3616 γε
3673 3545 3764 3615 μὴν

2207 3640 2376 3704 αὑτὰς
2412 3639 2488 3704 ὡς
2514 3639 2647 3694 ίδίου
2678 3639 2933 3711 σώματος
2952 3655 2968 3673 ·
2995 3639 3140 3694 οὕτω
3169 3642 3269 3696 καὶ
3296 3642 3551 3713 πεινῆσαι
3575 3639 3765 3709 λέγεται

2207 3733 2301 3787 καὶ
2335 3734 2555 3804 καμεῖν,
2591 3732 2688 3789 καὶ
2723 3733 2917 3788 παθεῖν
2951 3733 3094 3805 ὑπὲρ
3118 3733 3310 3804 ἡμῶν.

2278 3984 2495 4049 Obiton
2517 3996 2907 4069 παρεικάζοιτο
2940 3996 3008 4051 ἂν
3032 3996 3067 4067 ἡ
3098 3995 3298 4061 ἐνωσις
3334 3995 3431 4051 τοῦ
3459 3996 3625 4064 Λόγου
3649 3992 3761 4063 πρὸς

2203 4090 2266 4141 τὸ
2285 4088 2628 4160 ἀνθρώπινον
2655 4089 2757 4143 οὐκ
2783 4088 2893 4143 ἀπὸ
2928 4086 3135 4143 σκοποῦ
3163 4092 3284 4153 τοῖς
3315 4089 3441 4143 καθ’
3474 4090 3630 4159 ἡμᾶς.
3655 4087 3763 4137 Ὠσ-

2205 4197 2313 4251 περ
2336 4181 2445 4251 γὰρ
2474 4180 2771 4252 ἑτεροφυες
2803 4180 2904 4252 μὲν
2927 4180 2989 4235 τὸ
3018 4181 3182 4252 σῶμα
3207 4181 3349 4253 πρὸς
3367 4182 3467 4253 τὴν
3492 4178 3674 4251 ψυχὴν,
3694 4170 3761 4238 εἷς

2204 4287 2269 4340 γε
2304 4270 2411 4341 μὴν
2453 4270 2514 4336 ἐξ
2545 4272 2753 4340 ἀμφοῖν
2792 4269 3083 4343 ἄνθρωπος
3107 4270 3461 4325 ἀποτελεῖται
3496 4271 3587 4324 καὶ
3629 4268 3760 4333 λίγε-

2202 4378 2295 4416 ται
2315 4378 2329 4392 ·
2362 4359 2507 4415 οὔτω
2539 4362 2634 4414 καὶ
2656 4362 2722 4413 ὲκ
2751 4359 2966 4424 τελείας
2995 4360 3356 4424 ὑποστάσεως
3403 4358 3497 4413 τοῦ
3526 4356 3652 4412 Θεοῦ
3676 4354 3760 4409 Δό-

2203 4469 2327 4522 γου,
2361 4450 2457 4505 καὶ
2493 4450 2601 4521 μὴν
2640 4451 2739 4505 καὶ
2768 4449 2829 4516 ἐξ
2855 4451 3281 4523 ἀνθρωπότητος
3312 4450 3534 4514 τελείως
3560 4446 3760 4518 ἐχούσης

2205 4542 2349 4600 κατά
2369 4542 2462 4597 τὸν
2490 4543 2623 4597 ῖδιον
2643 4542 2825 4611 λόγον,
2853 4537 2936 4607 εἷς
2961 4545 2991 4598 6
3018 4543 3277 4613 Χριστὸς,
3296 4545 3327 4598 6
3350 4543 3511 4607 αὐτὸς
3534 4540 3761 4610 ὑπάρχων

2206 4638 2265 4691 δν
2282 4632 2465 4705 ταυτῷ
2493 4633 2625 4699 Θεὸς
2648 4650 2710 4688 τε
2733 4633 2872 4705 όμοῦ
2904 4634 2999 4688 καὶ
3025 4633 3340 4706 ἄνθρωπος.
3367 4634 3479 4688 Καὶ
3501 4630 3761 4686 οἰκειοῦται

2210 4728 2311 4800 μιν
2336 4728 2366 4782 6
2391 4725 2586 4794 Λόγος,
2620 4725 2697 4789 ὡς
2726 4725 2886 4797 ἔφην,
2924 4725 2995 4780 τὰ
3022 4727 3122 4796 τῆς
3162 4726 3301 4790 ἰδίας
3333 4725 3555 4797 σαρκὸς,
3583 4723 3657 4775 ὅτι
3688 4716 3763 4773 ut

2206 4821 2374 4876 αὐτοῦ
2401 4821 2464 4876 τὸ
2494 4820 2675 4892 σῶμα,
2731 4819 2827 4873 καὶ
2867 4819 2968 4890 οὐχ
3020 4817 3210 4889 ἑτέρου
3231 4833 3247 4847 °
3302 4818 3675 4872 κοινοποιεῖται
3714 4810 3764 4863 δὲ

2206 4914 2395 4985 ὥσπερ
2431 4916 2498 4986 τῇ
2538 4912 2646 4984 ἰδία
2678 4911 2845 4984 σαρκὶ
2871 4910 2972 4981 τῆς
3009 4910 3237 4981 ἐνούσης
3275 4909 3430 4981 αὐτῷ
3460 4902 3761 4978 θεοπρεποῦς

2205 5003 2487 5075 δυνάμεως
2527 5002 2628 5074 τὴν
2678 5001 2994 5071 ἐνέργειαν·
3038 5000 3181 5054 ὥστε
3225 4999 3490 5054 δύνασθαι
3519 4999 3606 5052 καὶ
3649 4996 3762 5059 ζωο-

2162 5154 2167 5155 ,
2208 5098 2383 5150 ποιεῖν
2423 5093 2553 5159 τοὺς
2612 5092 2877 5164 νεκροὺς,
2935 5092 3029 5147 καὶ
3078 5090 3262 5147 ἰᾶσθαι
3320 5092 3449 5154 τοὺς
3497 5091 3552 5143 ὲν
3599 5087 3757 5159 ἀρρω-

2208 5186 2408 5249 στίαις.

2296 5365 2359 5421 Εί
2395 5367 2453 5422 δὲ
2484 5371 2613 5440 χρὴ,
2645 5369 2738 5423 καὶ
2768 5371 2879 5435 τοῖς
2908 5371 2973 5423 ἐκ
3028 5368 3131 5436 τῆς
3178 5365 3542 5421 θεοπνεύστου
3566 5354 3757 5430 Γραφῆς

2226 5461 2638 5534 παραδείγμασι
2666 5462 3062 5533 κεχρημένους,
3092 5461 3347 5530 καθάπερ
3381 5462 3439 5514 εν
3469 5458 3647 5515 τύποις
3678 5449 3756 5502 τὀν

2224 5553 2288 5621 τῆ
2352 5553 2594 5617 ἑνὼσεως
2636 5554 2952 5619 καταδεῖξαι
2999 5553 3219 5623 τρόπον,
3255 5553 3391 5623 φέρι
3419 5551 3667 5617 λέγωμεν.
3700 5538 3752 5592 '0

2226 5640 2494 5709 μακάριος
2522 5642 2768 5706 Ἥσαῖας,
2793 5643 3151 5710 «Ἃπεσῖάλη,
3178 5641 3337 5711 φησὶ,
3356 5639 3487 5709 πρός
3510 5652 3571 5705 με
3590 5633 3641 5685 ἲν
3662 5627 3751 5679 τῶν

2224 5732 2501 5800 Σεραφίμ·
2539 5734 2631 5785 καὶ
2663 5735 2720 5786 ἐν
2748 5737 2813 5803 τῇ
2856 5735 3002 5803 χειρὶ
3040 5730 3183 5802 εἶχεν
3214 5732 3484 5799 ἄνθρακα,
3509 5725 3563 5779 ὃν
3584 5724 3641 5791 τῇ
3670 5718 3750 5769 λα·

2219 5820 2323 5873 ὀίδι
2348 5821 2537 5875 ἔλαϐεν
2565 5825 2670 5875 ἀπὸ
2692 5824 2785 5876 τοῦ
2817 5824 3223 5894 θυσιαστηρίου·
3259 5824 3352 5873 καὶ
3374 5816 3500 5889 ἦλθε
3526 5814 3647 5881 πρός
3667 5822 3741 5873 μεν

2221 5910 2316 5962 καὶ
2347 5911 2521 5983 ἥψετο
2554 5914 2661 5966 τῶν
2702 5914 2925 5986 χειλέων
2964 5930 3088 5983 μου,
3128 5912 3217 5967 καὶ
3247 5907 3421 5965 εἶπεν·
3451 5908 3567 5961 Ἰδοὶ
3596 5899 3745 5972 iis“
