4070 6290
377 514 482 582 981

1342 513 1718 576 PAN()PLIA
1762 511 2218 576 DOGMATICA.
2257 536 2328 549 ··-
2367 513 2513 575 ΤΙΤ.
2546 516 2664 577 XV.

3524 529 3633 591 982

366 628 528 681 τοῦτο
559 627 668 681 τῶν
695 627 925 696 χειλέων
950 643 1064 694 σου,
1093 626 1188 681 καὶ
1227 617 1420 698 ἀφελεῖ
1448 629 1550 692 τὰς
1578 627 1814 697 ἀνομίας
1849 644 1944 681 σου

2075 625 2388 695 iniquitates
2436 634 2573 692 tuas,
2608 634 2663 681 et
2693 636 2913 696 peccata
2944 636 3032 682 tua
3087 634 3414 701 repurgabit.
3451 653 3467 685 ι
3504 636 3637 691 Car-

367 724 467 773 καὶ
489 723 588 785 τὰς
622 722 902 791 ἁμαρτίας
936 719 1028 774 σού
1064 720 1475 791 περικαθαριεῐ.
1508 737 1526 771 ι
1558 720 1743 787 Φαμὲν
1771 720 1827 772 δὲ
1867 718 1960 774 τὸν

368 812 622 880 ἄνθρακα
657 811 824 864 τύπον
855 814 985 881 ἡμῖν
1022 812 1113 865 καὶ
1173 810 1357 864 εἰκόνα
1399 809 1642 881 πληροῦν
1668 808 1762 862 τοῦ
1794 810 1948 863 ἐναν-

372 904 762 974 Ορωπήσλντος
792 906 968 971 Λόγου
1047 904 1127 967 ὃς,
1162 902 1321 975 εἴπερ
1354 901 1552 972 ἅψαιτο
1585 902 1696 954 τῶν
1727 902 1950 972 χειλέων

371 995 561 1064 ἡμῶν,
596 996 738 1049 τοῦτ’
761 996 929 1059 ἔστιν,
962 996 1089 1049 ὃταν
1110 995 1209 1066 τὴν
1237 997 1314 1059 εἰς
1332 994 1494 1048 αὐτὸν
1522 992 1947 1065 ὁμολογήσωμεν

372 1087 578 1152 πίστιν,
618 1088 739 1141 τότε
774 1088 869 1141 καὶ
904 1088 1120 1157 ἁπάσης
1160 1086 1430 1157 ἁμαρτίας
1456 1085 1744 1153 ἀποφαίνει
1775 1083 1944 1138 καθα-

371 1183 522 1254 ροὺς,
552 1180 649 1233 καὶ
674 1179 781 1232 τῶν
809 1180 1055 1251 ἀρχαίων
1088 1179 1427 1249 αίτιαμάτων
1460 1177 1753 1247 ἐλευθεροῖ.

443 1273 591 1341 Πλὴν
626 1272 774 1324 ἔστιν
799 1272 947 1337 ἰδεῖν,
975 1271 1052 1334 ὡς
1075 1273 1133 1323 ἐν
1159 1271 1328 1323 εἰκόνι
1348 1270 1438 1323 τδν
1468 1269 1715 1341 ἄνθρακα
1741 1268 1837 1341 [τῷ
1856 1269 1949 1321 ἄν·

369 1362 582 1433 θρακιι,
607 1362 875 1415 ἐνωθέντα
912 1361 1010 1432 μὲν
1042 1362 1109 1431 τῇ
1154 1358 1533 1429 ἁνθρωπότητι
1565 1358 1656 1411 τὸν
1685 1357 1778 1411 τοῦ
1810 1354 1945 1410 Θεοῦ

356 1455 568 1522 Λόγον,
601 1453 662 1506 ού
720 1453 828 1526 μὴν
856 1451 1270 1521 ἀποδεϐ).ηκότα
1302 1451 1362 1503 τὸ
1388 1446 1528 1504 εἶναι
1556 1451 1584 1503 6
1611 1451 1746 1511 ἐστι,
1785 1465 1948 1519 μετα-

370 1545 780 1615 στοιχειώσαντι
832 1540 1477 1616 [μεταστοιχειώσαντα]
1530 1541 1585 1595 δὲ
1638 1540 1837 1611 μᾶλλον
1885 1538 1948 1591 τὸ

368 1637 595 1706 ληφθὲν,
641 1637 809 1706 ἥγουν
834 1634 1054 1699 ἑνωθὲν,
1090 1636 1171 1697 εἰς
1198 1635 1294 1701 τὴν
1325 1632 1522 1686 ἑαυτοῦ
1559 1632 1717 1695 δόξαν
1757 1647 1815 1683 τε
1853 1630 1945 1683 καὶ

358 1712 671 1799 ἐνέργειαν.
690 1730 897 1797 Ὀνπερ
912 1728 1021 1797 γὰρ
1050 1729 1249 1798 τρόπον
1269 1726 1329 1779 τὸ
1360 1725 1467 1796 πῦρ
1488 1726 1755 1796 ὁμιλῆσαν
1783 1724 1942 1794 ξύλῳ,

371 1821 466 1871 καὶ
512 1818 817 1881 εἰσδεδυκὸς
845 1818 1000 1880 αὐτὸ,
1037 1817 1468 1888 καταδράττεται
1503 1818 1600 1889 μὲν
1641 1815 1827 1880 αὐτοῦ,
1853 1815 1945 1887 καὶ.

368 1911 471 1963 οὐκ
503 1910 744 1979 ἐξίστησι
776 1908 874 1979 μὲν
910 1908 1005 1961 τοῦ
1034 1905 1174 1962 εἶναι
1205 1907 1381 1974 ξύλον,
1414 1907 1698 1978 μεθίστησι
1722 1906 1780 1960 δὲ
1813 1904 1946 1977 μᾶλ-

370 2002 462 2054 λον
495 2003 571 2063 είς
592 2000 688 2071 τὴν
721 1999 816 2053 τοῦ
851 2001 1021 2072 πυρὸς
1054 2001 1175 2071 δψιν
1205 2018 1264 2054 τε
1298 2001 1392 2054 καὶ.
1418 2001 1669 2071 δύναμιν,
1709 2000 1805 2053 καὶ
1832 1999 1944 2051 πᾶν

369 2090 520 2162 αὐτῷ
560 2091 623 2144 τὸ
674 2092 805 2145 ἴδιον
842 2092 1220 2164 ἐνεργάζεται,
1253 2094 1346 2145 καὶ
1397 2094 1473 2158 ὡς
1532 2093 1592 2146 ἓν
1639 2092 1742 2163 ἠδη
1793 2092 1945 2145 λελό-

369 2200 553 2250 γισται
590 2182 708 2253 μετ’
746 2183 949 2237 αὐτοῦ’
998 2182 1142 2238 οὕτω
1181 2186 1383 2256 νοήσῃς
1423 2183 1518 2238 καὶ
1549 2185 1641 2237 ἐπὶ
1684 2182 1942 2256 Χριστοῦ.

380 2272 635 2337 Ἑνωθεὶς
664 2274 770 2344 γὰρ
805 2274 1134 2347 ἀπορῤήτως
1183 2274 1563 2346 ἀνθρωπότητι
1610 2274 1761 2339 Θεὸς,
1790 2276 1943 2345 τετή-

370 2382 507 2437 ρηκε
540 2367 637 2436 μὲν
686 2367 858 2437 αὐτὴν
893 2367 1041 2421 τοῦθ’
1069 2368 1207 2438 ὅπερ
1239 2361 1380 2421 εἶναι
1419 2384 1599 2437 φαμεν
1620 2383 1635 2399 ⁸
1670 2369 1943 2437 μεμένηκε

368 2458 426 2510 δὲ
467 2459 559 2509 καὶ
589 2457 750 2521 αὐτὸς
782 2459 920 2529 ὅπερ
957 2454 1025 2529 ἦν
1046 2476 1061 2491 ο
1099 2459 1321 2523 ὲνωθεὶς
1345 2458 1401 2512 δὲ
1436 2458 1604 2524 ᾶπαξ,
1644 2459 1719 2522 ὠς
1752 2453 1833 2521 εἷς
1861 2460 1945 2511 λε-

369 2547 615 2616 λόγισται
648 2553 767 2620 μετ’
823 2550 1021 2621 αὐτῆς,
1075 2550 1444 2621 οἰκειούμενος
1494 2550 1593 2621 μὲν
1635 2549 1704 2603 τὰ
1753 2550 1946 2618 αὐτῆς,

371 2639 678 2711 ἐμποιήσας
707 2642 763 2695 δὲ
796 2642 890 2694 καὶ
936 2642 1098 2705 αὐτὸς
1125 2643 1263 2712 αὐτῇ
1302 2643 1400 2711 τῆς
1442 2641 1576 2704 ἰδίας
1607 2641 1818 2712 φύσεως
1850 2640 1948 2702 τὴν

370 2727 674 2799 ἐνέργειαν.

484 2831 593 2887 Τοῦ
626 2825 813 2883 αὑτοῦ
842 2825 909 2879 ἐκ
939 2823 1052 2892 τῆς
1080 2821 1215 2889 περὶ
1247 2819 1387 2886 ἐνὸς
1422 2816 1560 2871 Υιοῦ
1592 2815 1848 2884 ὁμιλίας.
1884 2824 1887 2835 ‘

453 2922 590 2977 Ὑπδ
618 2919 864 2987 κατάραν
896 2914 1062 2984 ἐσμὲν
1094 2913 1144 2965 ol
1179 2914 1260 2976 εἰς
1294 2909 1529 2981 Χριστὸν
1566 2905 1955 2972 πιστεύοντες,

370 3015 421 3069 εί
455 3013 531 3083 μὴ
565 3011 725 3081 φύσει
752 3026 812 3061 τε
850 3008 945 3061 καὶ
971 3004 1189 3076 ἀληθῶς
1216 3005 1336 3057 ὲστι
1362 2998 1495 3064 Θεδς
1521 3001 1550 3053 6
1578 3001 1642 3053 ὲκ
1675 2996 1955 3069 Παρθένσυ

371 3102 675 3176 γεννηθείς.
726 3100 872 3168 Ἔφη
921 3098 1029 3166 γάρ
1074 3112 1179 3148 που
1223 3095 1355 3164 περὶ
1390 3089 1555 3146 αὐτοῦ
1594 3093 1622 3144 6
1669 3090 1957 3162 προφήτης

381 3198 613 3257 Ἡσαΐας
641 3210 658 3227 ο
694 3192 804 3247 Kal
858 3189 1031 3265 ἕσται
1092 3188 1131 3256 ἡ
1182 3185 1315 3255 ῥίζα
1366 3184 1474 3239 τοῦ
1544 3182 1795 3246 Ἰεσσαί,
1849 3180 1951 3236 καὶ

368 3294 404 3345 ὀ
426 3268 1059 3355 ἀνιστάμενος-ὄρχων
1101 3278 1313 3344 ἐθνῶν,
1364 3276 1457 3331 ἐπ’
1488 3275 1649 3341 αὐτῷ
1675 3276 1818 3343 ἔθνη
1847 3274 1949 3328 ἐλ-

2064 717 2260 773 bouem
2307 726 2489 773 autem
2543 717 2776 772 dicimus
2834 718 3059 790 ﬁguram
3114 732 3169 777 et
3216 725 3504 796 imaginem
3544 740 3641 778 na-

2072 811 2156 869 bis
2202 812 2460 867 exhibere
2498 809 2658 866 Verbi
2707 813 2943 867 hominis
2996 812 3117 867 lacti
3150 833 3163 868 :
3198 818 3364 884 quod,
3412 819 3456 870 si
3508 819 3644 872 labia

2073 913 2254 959 nostra
2285 904 2546 974 tetigerit,
2580 904 2630 957 id
2667 914 2771 968 est,
2822 905 2865 958 si
2896 903 3055 958 (idem
3103 906 3155 959 in
3188 906 3367 974 ipsum
3405 909 3643 964 conlessi

2073 996 2352 1061 fuerimus,
2408 1009 2535 1051 tunc
2575 1012 2672 1051 nos
2715 997 2782 1050 ab
2814 997 2959 1051 omni
3008 1009 3226 1067 peccato
3266 1016 3425 1068 purus
3459 1000 3641 1065 ciiicit,
3730 1070 3733 1071 ν

2070 1098 2124 1144 et
2155 1089 2397 1159 pristinis
2437 1089 2756 1143 criminibus
2790 1087 3003 1144 liberat.

2141 1266 2433 1333 Czeterum,
2472 1276 2722 1334 tanquam
2757 1266 2810 1320 in
2860 1266 3110 1337 imagine,
3149 1268 3273 1322 licet
3306 1270 3359 1322 iu
3410 1274 3643 1326 carbone

2071 1358 2392 1424 conspicere
2423 1357 2714 1410 adunatum
2744 1358 2959 1425 quidem
3010 1357 3330 1412 humanitati
3382 1360 3473 1415 Dei
3514 1360 3645 1413 Ver-

2076 1450 2224 1511 bum,
2260 1462 2366 1501 non
2415 1458 2593 1501 tamen
2639 1448 2932 1516 proiecisse
2965 1449 3107 1515 quod
3152 1448 3344 1512 fuerat,
3380 1450 3641 1504 transfor-

2070 1552 2245 1592 masse
2291 1548 2470 1592 autem
2519 1540 2690 1607 magis
2720 1549 3054 1608 assumptatn
3099 1548 3343 1593 naturam
3392 1541 3443 1593 in
3490 1556 3641 1595 suam

2067 1629 2292 1698 gloriam
2327 1637 2383 1683 et
2408 1630 2802 1698 operationem.
2833 1627 3295 1695 Quemadmodum
3322 1630 3467 1684 enim
3506 1632 3644 1701 ignis

2066 1720 2212 1790 ligno
2241 1720 2449 1786 aﬂlxus,
2483 1731 2536 1775 et
2564 1720 2615 1775 id
2647 1730 2954 1791 penetrans,
2993 1722 3401 1791 comprehendit
3424 1724 3642 1793 quidem

2067 1812 2266 1878 ipsum,
2310 1822 2367 1868 et
2413 1810 2660 1883 quamvis
2701 1812 2903 1883 lignum
2939 1828 3060 1868 esse
3094 1829 3202 1868 non
3245 1814 3481 1880 desinat,
3535 1816 3641 1869 vim

2068 1910 2246 1957 tamen
2266 1916 2419 1958 suam
2619 1903 2962 1972 speciemque
2982 1911 3329 1969 transmutat,
3353 1914 3409 1959 et
3424 1920 3641 1959 omnem

2064 2007 2124 2049 σε
2153 1992 2367 2048 confert
2407 1994 2461 2047 in
2497 1994 2721 2064 lignum,
2753 2006 2805 2049 et
2846 2010 2967 2048 cum
3005 1996 3121 2063 ipso
3143 1995 3254 2066 jam
3291 1997 3443 2064 quasi
3476 2012 3639 2049 unum

2066 2082 2284 2156 aliquod
2308 2076 2612 2141 aestimatur
2645 2104 2659 2140 :
2692 2086 2833 2141 idem
2877 2085 3116 2156 intellige
3159 2088 3226 2140 de
3262 2088 3497 2142 Christo.
3531 2089 3642 2140 Ad-

2068 2183 2267 2231 unatus
2309 2175 2453 2229 enim
2498 2174 2951 2230 inrestimabiliter
2983 2174 3300 2229 humanitati
3332 2174 3474 2230 Deus
3526 2190 3640 2229 scre

2067 2265 2212 2319 vavit
2241 2265 2456 2334 quidem
2492 2266 2662 2334 ipsam
2697 2266 2752 2319 in
2799 2280 2866 2321 eo
2892 2265 3038 2335 quod
3067 2265 3264 2332 fuerat,
3298 2277 3353 2320 et
3383 2269 3495 2334 ipse
3521 2283 3640 2334 per-

2066 2356 2266 2411 mansit
2305 2356 2450 2425 quod
2493 2365 2644 2420 erat;
2698 2355 2865 2410 semel
2913 2366 3094 2411 tamen
3141 2357 3429 2422 adunatus,
3487 2358 3641 2425 quasi

2067 2459 2211 2500 unus
2255 2445 2367 2514 jam
2416 2460 2541 2499 cum
2590 2445 2703 2513 ipsa
2759 2453 2999 2515 putatur,
3051 2459 3114 2500 ea
3162 2459 3281 2515 qua:
3334 2454 3461 2500 sunt
3502 2445 3643 2499 illius

2065 2552 2163 2592 sua
2208 2535 2443 2602 iaciens;
2480 2534 2765 2591 conferens
2791 2545 2969 2591 autem
3008 2537 3057 2591 ei
3084 2538 3248 2591 etiam
3280 2537 3395 2607 ipse
3429 2548 3642 2591 natura:

2064 2640 2176 2681 sua:
2195 2626 2589 2696 operationem.

2342 2809 2599 2876 Eiusdem
2629 2824 2696 2863 ea:
2718 2809 2959 2864 oratione
2986 2811 3049 2861 de
3069 2824 3172 2862 uno
3205 2805 3364 2863 Filio.

2126 2900 2241 2957 Sub
2256 2902 2629 2959 exsecratione
2648 2914 2857 2964 sumus,
2876 2902 2967 2969 qni
2991 2900 3044 2955 in
3062 2898 3335 2957 Christum
3351 2900 3645 2964 credimus,

2059 2995 2163 3048 nisi
2194 3003 2386 3048 natura
2419 3001 2474 3048 et
2504 3008 2633 3049 vere
2653 2992 2824 3048 Filius
2852 3001 2960 3058 est,
2984 2991 3075 3061 qui
3108 3000 3268 3045 natus
3294 3001 3378 3046 est
3403 3006 3467 3045 ex
3527 2992 3647 3045 Vit--

2057 3085 2203 3154 gine.
2236 3084 2310 3138 De
2331 3084 2434 3138 hoc
2473 3087 2615 3138 enim
2656 3082 2824 3139 Isaias
2872 3084 2949 3140 ait
2997 3086 3227 3152 quodam
3264 3081 3425 3138 loco:
3457 3082 3519 3136 Ει
3546 3086 3649 3138 erit

2055 3178 2213 3231 radix
2234 3173 2406 3241 Iesse,
2426 3186 2475 3230 et
2496 3177 2585 3246 qui
2616 3186 2863 3244 exsurgat
2898 3176 3157 3246 imperare
3183 3176 3441 3245 gentibus,
3462 3177 3515 3228 in
3536 3176 3650 3241 ipso

2053 3278 2227 3337 gentes
2257 3268 2543 3339 sperabunt
2576 3269 2614 3323 ί.
2662 3266 2949 3334 Quomodo
2994 3267 3161 3338 igitur
3193 3282 3313 3332 nos,
3367 3267 3459 3335 qui
3495 3282 3645 3335 spent
3694 3272 3697 3277 λ

368 3373 605 3429 πιοῦσι.
642 3370 762 3433 liti»;
792 3369 887 3423 οὖν
916 3367 1003 3422 ἐπ’
1033 3366 1182 3437 αὐτῷ
1209 3367 1308 3428 τὰς
1336 3364 1561 3427 ἐλπίδας
1596 3365 1810 3435 ιχοντες
1841 3364 1939 3417 οὐκ

2056 3362 2097 3414 in
2121 3362 2240 3429 ipso
2263 3358 2491 3429 positam
2552 3359 2836 3423 habemus,
2869 3373 2975 3413 non
2999 3371 3191 3412 sumus
3250 3357 3646 3421 exsecrabiles,

366 3470 536 3538 ἐσμὲν
590 3464 879 3534 ὲπάρατοι.
925 3461 1085 3532 ειπερ
1132 3462 1280 3513 ἐστὶν
1323 3458 1533 3529 ἀληθὴς
1583 3459 1610 3511 6
1655 3456 1947 3527 προφήτης

376 3557 651 3626 Ἱερεμίας
666 3552 860 3620 λέγων,
886 3550 1369 3617 Ἐπικατάρατος,
1398 3549 1570 3615 ὅστις
1591 3546 1708 3614 τὴν
1725 3546 1947 3600 ἐλπίδα

362 3650 459 3703 ἐπ’
488 3648 801 3713 ἄνθρωπον
823 3643 984 3711 ἔχεις
1024 3642 1163 3695 Ἀλλ’
1190 3644 1291 3695 οὐκ
1316 3643 1402 3695 ἐπ’
1429 3639 1707 3713 ἀνθρώπῳ
1734 3639 1830 3693 τὰς
1860 3638 1947 3691 ἐλ-

365 3735 527 3796 πίδις
560 3732 873 3802 ἐσχήκαμεν
912 3730 963 3782 οἱ
992 3730 1070 3792 είς
1098 3730 1333 3800 Χριστὸν
1364 3730 1780 3793 πιστεύσαντες.
1813 3728 1947 3792 θεὸς

360 3828 474 3893 ἄρα
502 3825 648 3877 ἐστὶν
677 3819 757 3885 εἷς
785 3819 878 3874 καὶ
910 3819 1092 3890 μόνος,
1120 3822 1213 3878 καὶ
1237 3820 1382 3874 κατὰ
1407 3820 1669 3890 ἀληθειαν
1694 3821 1821 3883 ne;
1849 3822 1945 3875 καὶ

366 3918 476 3986 πρὸ
524 3913 745 3985 σαρκὸς,
794 3913 889 3966 καὶ
945 3912 1085 3978 μετὰ
1130 3912 1357 3982 σαρκὸς,
1397 3909 1456 3973 δς
1500 3910 1697 3981 ἔποχος
1747 3910 1824 3965 ὢν
1868 3912 1946 3983 τῷ

364 4003 554 4072 πώλῳ,
591 4001 731 4054 κατὰ
769 4000 870 4070 τὴν
901 3999 1009 4053 τῶν
1042 3998 1394 4068 Εύαγγελίων
1428 3999 1631 4065 πίστιν,
1665 4000 1949 4056 ἀνέϐαινεν

360 4098 444 4156 είς
486 4093 855 4162 Ἱεροσόλυμα.
881 4077 1016 4145 Εἶτα
1044 4092 1413 4163 προῦπήντων
1439 4091 1796 4163 εὐφημοῦντα
1824 4111 1946 4162 μει-

368 4187 561 4259 ράκια,
593 4187 689 4239 καὶ
711 4185 776 4254 δὴ
798 4185 890 4237 καὶ
912 4184 1172 4252 ἔφασκον*
1208 4184 1469 4239 Ὡσαννὰ
1486 4183 1566 4251 τῷ
1598 4185 1706 4250 Υίῷ
1730 4185 1910 4240 Δαϐίδ
1931 4202 1947 4220 ο

359 4277 769 4350 εὐλογημένος
792 4279 824 4330 ό
841 4278 1163 4345 ἐρχόμενος
1184 4277 1254 4330 ἐν
1272 4276 1517 4345 ὀνόματι
1538 4277 1778 4345 Κυρίου.
1802 4278 1944 4349 Πρὸς

361 4367 569 4437 τδύτην
594 4367 691 4436 τὴν
722 4365 831 4418 τῶν
870 4366 1077 4417 παίδων
1108 4371 1292 4436 φωνην
1320 4367 1668 4437 ἠγανάκτουν
1700 4369 1750 4421 οἱ
1777 4370 1944 4439 Φαρι-

363 4459 529 4510 calet.
594 4456 812 4525 Ἐπειδὴ
854 4457 962 4525 γὰρ
1015 4458 1293 4526 ὁρώμενος
1339 4458 1627 4528 ἄνθρωπος
1672 4460 1772 4530 τὴν
1820 4459 1940 4531 Θεῷ

363 4551 686 4618 πρέπουσαν
710 4548 1036 4616 ύμνολογίαν
1057 4548 1289 4618 ἐδέχετο,
1314 4550 1626 4620 προσῄεσαν
1646 4553 1695 4604 οἱ
1717 4552 1942 4621 θρασεῖς

365 4642 653 4712 μονονουχὶ
693 4640 1191 4711 διαμαρτυράμενοι
1229 4658 1291 4694 τε
1345 4644 1439 4696 καὶ
1501 4642 1771 4711 λέγοντες,
1813 4646 1937 4698 Οὐκ

2057 3453 2324 3523 siquidem
2368 3451 2637 3507 Jeremias
2677 3459 2760 3506 est
2792 3467 2952 3507 verus
2998 3452 3281 3521 prOpheta,
3329 3450 3443 3520 qui,
3480 3449 3650 3503 Male-

2053 3544 2245 3610 dictus,
2276 3545 2472 3615 inquit,
2500 3545 2589 3614 qui
2627 3560 2772 3608 spent
2799 3543 2951 3597 habet
2979 3542 3035 3597 in
3067 3542 3317 3598 homine’
3340 3541 3367 3596 Ρ
3411 3543 3481 3595 At
3525 3558 3643 3605 nos,

2051 3638 2143 3706 qui
2176 3638 2229 3692 in
2254 3638 2527 3692 Christum
2562 3636 2914 3700 credidimus,
2942 3636 2994 3690 in
3020 3635 3242 3691 homine
3282 3648 3406 3705 spes
3434 3642 3649 3690 nostras

2052 3742 2157 3781 non
2186 3728 2613 3784 collocavimus:
2648 3727 2789 3784 Deus
2823 3726 2971 3783 enim
3006 3736 3090 3782 est
3130 3743 3272 3782 unus
3325 3737 3379 3783 et
3403 3728 3573 3793 solus,
3594 3737 3648 3782 et

2049 3833 2179 3875 vere
2220 3820 2412 3887 Filius,
2472 3830 2530 3877 et
2575 3832 2871 3891 antequam
2934 3832 3154 3876 carnem
3215 3829 3541 3887 assumeret,
3594 3832 3649 3875 et

2052 3922 2335 3980 postquam
2368 3926 2589 3967 carnem
2621 3912 2937 3982 assumpsit,
2993 3910 3087 3981 qui
3114 3910 3358 3967 insidens
3381 3910 3549 3979 pullo,
3586 3921 3648 3967 ut

2047 4002 2391 4070 evangelista;
2455 4002 2812 4066 tradiderunt,
2891 4001 3138 4059 ascendit
3191 4001 3246 4057 in
3322 4000 3641 4057 Jerusalem.

2061 4089 2216 4147 Tunc
2247 4091 2465 4147 obviam
2497 4101 2885 4160 processerunt
2922 4092 3103 4160 pueri,
3137 4092 3233 4162 qui
3264 4100 3319 4147 et
3344 4092 3587 4149 dicebant
3624 4108 3641 4146 :

2057 4184 2313 4239 Hosanna
2347 4181 2493 4237 Filio
2525 4182 2722 4237 David.
2756 4182 3092 4249 Benedictus,
3112 4189 3205 4255 qui
3229 4185 3364 4239 venit
3389 4186 3446 4239 in
3476 4186 3647 4239 nomi-

2052 4292 2116 4330 ne
2135 4276 2495 4331 Ποπλίου.Αά
2520 4274 2663 4330 hanc
2679 4289 2968 4346 puerorum
3015 4290 3201 4331 vocem
3225 4276 3485 4347 indignati
3519 4284 3645 4331 sunt

2048 4364 2328 4420 Phariszi.
2351 4367 2483 4419 Cum
2514 4364 2659 4421 enim
2683 4364 2734 4420 in
2790 4366 3030 4422 hominis
3097 4366 3269 4422 forma
3316 4367 3643 4436 conspicuus

2046 4458 2156 4514 Deo
2178 4457 2588 4513 convenientem
2625 4456 2836 4511 laudem
2870 4457 3203 4525 admisisset,
3235 4458 3493 4514 audacter
3546 4475 3643 4513 ac-

2044 4558 2329 4604 cesserunt
2349 4557 2403 4602 et
2428 4555 2641 4603 tantum
2683 4561 2790 4603 non
2818 4547 3001 4603 testati
3026 4557 3172 4614 sunt,
3197 4549 3479 4604 dicentes:
3510 4546 3635 4607 Non

2045 4640 2367 4709 audis,quid
2397 4641 2490 4695 isti
2520 4640 2705 4694 dicunt
2728 4639 2789 4694 ‘?
2816 4638 2962 4695 Nihil
2988 4640 3164 4705 abest,
3203 4640 3477 4707 inquiunt,
3509 4656 3645 4710 quo-

359 4734 605 4799 ἀκούεις
654 4732 713 4786 τί
744 4727 910 4787 οὗτοι
946 4731 1238 4801 λέγουσι;
1274 4733 1560 4804 μονονουχὶ
1590 4734 1700 4803 γάρ
1750 4750 1937 4804 φασιν,

2056 4731 2229 4786 minus
2261 4732 2424 4785 homo
2474 4745 2599 4787 cum
2661 4732 2761 4797 sis,
2798 4732 3023 4800 patiaris
3072 4741 3123 4787 te
3172 4741 3426 4798 tanquam
3474 4732 3639 4786 Deum

363 4826 690 4895 Ἀνθρωπος
724 4821 819 4887 ὣν,
857 4823 1023 4893 ἀνέχῃ
1061 4824 1538 4896 δοξολογούμενος,
1573 4825 1667 4879 καὶ
1698 4827 1773 4889 ὡς
1808 4827 1943 4891 Θεὸς

360 4915 727 4985 ὑμνούμενος.
784 4915 894 4969 Καὶ
945 4916 996 4967 τί
1052 4917 1189 4985 πρὸς
1232 4916 1403 4971 ταῦτα
1453 4918 1729 4988 Χριστόςς
1771 4919 1939 4987 Ἠγα-

360 5006 636 5073 νάκτησεν
688 5000 799 5075 ἆρα
852 5008 993 5058 κατὰ
1040 5006 1147 5059 τῶν
1194 5007 1436 5074 παίδωνς
1481 5009 1809 5063 ἀπεσείσατο
1839 5011 1940 5080 τὴν

2044 4822 2218 4893 gloria
2246 4833 2301 4878 et
2351 4823 2604 4878 laudibus
2640 4823 2801 4878 aﬂici.
2830 4821 2967 4877 Num
3002 4823 3089 4878 his
3139 4822 3342 4878 auditis
3385 4822 3637 4879 Christus

2042 4914 2226 4982 pueris
2261 4914 2573 4985 indignatus
2595 4913 2717 4968 est?
2742 4928 2871 4968 num
2910 4912 3099 4967 laudes
3128 4912 3371 4981 ipsorum
3422 4928 3641 4969 recusa-

2041 5005 2159 5060 vit?
2192 5006 2576 5062 suceeusuitne
2601 5004 2729 5070 illis,
2750 5018 2779 5057 a
2814 5004 3011 5073 quibus
3032 5005 3354 5061 laudabatur
3379 5017 3435 5059 ut
3461 5008 3639 5061 Deus?

358 5096 705 5164 δοξωλογίανς
752 5099 1055 5169 ἐπετίμησε
1104 5101 1216 5162 τοῖς
1263 5100 1607 5171 εὐφημοῦσιν
1654 5101 1816 5155 αὐτὸν
1859 5102 1934 5167 ὡς

2056 5097 2410 5168 Nequaquam.
2436 5097 2578 5163 Quin
2601 5097 2760 5150 etiam
2792 5096 2859 5151 ad
2886 5111 3000 5159 eos.
3050 5098 3140 5167 qui
3165 5098 3636 5155 eriminatimlbus

363 5189 539 5253 926v;
579 5189 867 5258 Οὐδαμῶς.
903 5192 1047 5261 Ἔφη
1088 5192 1196 5262 γὰρ
1241 5193 1440 5261 pavo:
1480 5194 1614 5263 πρὸς
1651 5196 1778 5257 τοὺς
1817 5194 1940 5261 φιλ-

365 5278 744 5348 εγκλήμονας·
804 5283 927 5334 Οὐκ
980 5280 1298 5351 ἀνέγνωτε,
1361 5282 1451 5336 ὅτι
1497 5286 1598 5337 Ἐκ
1640 5285 1941 5351 στόματος

363 5370 601 5435 νηπίων
627 5370 722 5423 καί
752 5370 1132 5438 θηλαζόντων
1151 5374 1497 5440 κατηρτίσω
1525 5370 1734 5438 air-or;
1763 5373 1943 5443 Ἀμὴν

361 5460 520 5530 λέγω
561 5462 701 5531 ὑμῖν
721 5504 736 5526 .
774 5462 885 5518 ἐὰν
914 5461 1078 5522 οὗτοι
1111 5465 1538 5534 σιωπήσωσιν,
1575 5470 1626 5520 oi
1658 5468 1814 5521 λίθοι
1844 5482 1941 5520 κε-

359 5550 709 5616 κράεονται.
759 5553 925 5626 Ὁρᾷς
961 5557 1107 5619 ὅπως
1148 5558 1723 5629 προσμεμαρτύρηκεν
1762 5555 1940 5628 ἐαυτῷ

357 5643 463 5710 τὴν
503 5642 605 5712 τῆς
654 5644 909 5715 θεότητος
946 5646 1105 5713 δόξαν
1148 5650 1176 5700 6
1220 5647 1587 5718 ἐποχούμενος
1625 5648 1703 5718 τῷ
1750 5649 1935 5720 πώλῳ,

359 5734 457 5787 καὶ
490 5735 630 5788 κατὰ
661 5736 838 5806 σάρκα
860 5737 987 5801 Υίδς
1018 5738 1208 5803 Δαὸίδς
1256 5738 1394 5793 Ἀλλ’
1424 5739 1525 5792 ούκ
1554 5736 1622 5812 ἢν
1650 5739 1808 5810 δόξης
1840 5739 1937 5793 ἀλ-

2043 5190 2457 5245 delectabantur
2491 5205 2507 5243 :
2548 5187 2758 5254 Nonne,
2808 5190 3002 5258 inquit,
3034 5190 3233 5261 legistis
3261 5205 3279 5243 :
3312 5189 3396 5247 Ea:
3439 5209 3529 5245 ore
3558 5194 3638 5245 in-

2041 5283 2272 5352 fantium
2341 5292 2389 5335 et
2454 5281 2762 5336 iactentium
2835 5283 3098 5352 perfecisti
3162 5283 3422 5337 laudem?
3473 5285 3634 5338 Amen

2042 5373 2162 5426 dico
2184 5372 2351 5435 vobis,
2379 5374 2423 5425 si
2449 5372 2500 5424 hi
2527 5374 2808 5440 tacuerint,
2842 5372 3039 5442 lapides
3063 5374 3366 5427 clamabunt
3397 5376 3437 5426 ⁸.
3474 5374 3632 5432 Vides

2042 5464 2313 5532 quomodo
2365 5466 2456 5535 qui
2508 5464 2652 5535 pullo
2702 5466 2996 5527 insederat,
3055 5467 3349 5519 secundum
3408 5481 3627 5523 «au-nem

2049 5556 2192 5609 illius
2218 5555 2458 5622 Davidis,
2492 5558 2793 5613 divinitatis
2842 5557 3068 5626 gloriam
3116 5542 3181 5609 ut
3214 5571 3367 5611 suam
3412 5560 3628 5625 agnovit

2050 5650 2361 5704 testimonio
2386 5650 2529 5706 suo?
2556 5649 2674 5704 Non
2705 5649 2868 5720 igitur
2921 5656 3041 5701 erat
3092 5647 3281 5703 aliena:
3326 5650 3513 5719 gloria:
3540 5666 3627 5706 so-

2046 5738 2188 5805 cius,
2210 5749 2269 5793 ut
2296 5739 2384 5795 isti
2420 5740 2627 5808 dicunt,
2654 5754 2828 5811 neque
2856 5741 3105 5795 diversus
3124 5756 3153 5793 ο
3176 5737 3355 5797 Verbo
3404 5743 3519 5811 Dei,
3568 5740 3625 5798 ut

441 5908 457 5939 ⁸
498 5909 598 5965 lsa.
627 5928 704 5977 xv,
738 5914 836 5981 10;
897 5915 1049 5970 ltom.
1078 5931 1165 5983 xv,
1196 5916 1281 5970 12.
1359 5920 1377 5949 ’
1416 5916 1618 5976 lenem.
1644 5936 1776 5987 xvrt,
1801 5922 1855 5975 5.
1933 5919 1954 5952 ³
1994 5920 2185 5978 Matth.
2218 5941 2345 5989 xxv,
2383 5924 2465 5981 l5.
2554 5925 2575 5955 ⁵
2622 5922 2757 5979 Ibid.
2797 5922 2883 5977 16.
2961 5925 2981 5957 ⁵
3011 5923 3144 5981 Luc.
3174 5942 3285 5985 Itx.
3319 5929 3408 5986 40.
