4094 6300
520 472 625 534 987
1768 476 1814 535 E
1828 476 2153 538 UTHYMII
2195 478 2557 540 ZIGABENI
3266 537 3274 541 .
3640 481 3723 541 988

522 584 659 650 Dei;
690 583 793 637 alia
823 584 965 637 enim
1022 593 1103 638 est
1162 584 1320 639 Verbi
1367 593 1582 651 natura,
1622 596 1678 641 et
1727 586 1832 642 alia
1882 588 2104 643 carnis:

2235 592 2306 646 ῖύο
2336 594 2524 663 φύσεις
2555 594 2688 663 λέγῃ
2717 592 2817 662 τὴν
2839 590 3105 660 διαφορὰν
3131 590 3406 660 σημαίνων
3432 589 3523 661 τῆς
3544 596 3725 662 σαρκὸς.

519 691 708 729 verum
746 676 1025 729 uobiscum
1064 692 1168 729 non
1224 678 1517 732 confitetur
1569 679 1735 732 etiam
1766 679 2022 733 unionem
2054 688 2112 734 et

2235 684 2310 739 ιαὶ
2339 685 2433 737 τοῦ
2468 685 2603 737 Θεοῦ
2637 685 2809 752 Λόγου
2834 700 2849 714 ο
2882 684 3046 753 ἑτέρα
3069 683 3179 751 γὰρ
3212 685 3240 749 ἡ
3274 682 3367 735 τοῦ
3394 682 3555 750 Λόγου
3577 684 3725 751 φύσις,

520 763 982 832 conjunctimtcnt.
1060 764 1168 819 Nos
1214 767 1360 821 enim
1417 769 1537 823 haec
1585 768 1900 839 copulantes
1943 786 2113 825 unum

2235 779 2308 832 ιαὶ
2340 779 2502 848 ἑτέρα
2553 779 2587 848 ἡ
2619 779 2717 847 τῆς
2770 777 3009 846 σαρκόςο
3064 775 3179 828 ἀλλ’
3227 775 3405 828 οὐκέτι
3449 775 3540 841 τὴν
3573 775 3729 828 ἓνωσιν

521 854 824 919 Christum,
863 869 1029 908 unum
1063 855 1347 912 Dominum
1392 861 1643 915 eumdem
1692 860 2035 928 confitentur,
2058 872 2115 917 et

2235 871 2465 939 ὶμολογεϊ
2500 869 2619 940 μεθ’
2646 869 2827 939 ἡμῶν.
2870 867 3063 938 Ἡμεῖς
3097 868 3208 936 γὰρ
3254 865 3542 927 ἑνώσαντες
3571 866 3729 933 ταῦτα,

526 962 684 998 unant
715 946 869 999 Verbi
916 944 1011 999 Dei
1047 957 1296 1001 naturam
1342 964 1564 1006 carnem
1606 953 1989 1023 assumpsisse.
2045 954 2116 1008 Et

2235 960 2315 1013 Eva
2353 960 2607 1029 Χριστὸν,
2651 958 2747 1011 ἕνα
2793 956 2998 1027 Κύριον
3036 960 3131 1009 τὸν
3181 954 3341 1009 αὐτὸν
3387 953 3730 1025 ὁμολογοῦμεν,

523 1053 642 1102 νειμ
666 1039 711 1091 is
786 1040 965 1093 verb‘s
1034 1042 1373 1109 interjectis:
1442 1043 1771 1100 Naturarnm
1826 1047 2113 1102 discrimen

2235 1054 2312 1107 tat
2343 1052 2472 1121 μίαν
2502 1051 2662 1120 φύσιν
2690 1050 2785 1103 τοῦ
2814 1048 2949 1104 Θεοῦ
2980 1048 3157 1115 Λόγου
3202 1046 3622 1117 σεσαρκωμένην.
3648 1045 3733 1097 Καὶ

526 1144 839 1194 agnoscere,
873 1141 1093 1185 nonest
1131 1148 1297 1187 unum
1337 1134 1615 1191 Christum
1658 1138 1709 1191 in
1751 1138 1857 1193 duo
1904 1154 2114 1194 secare.

812 1311 1062 1383 Ejusdem
1092 1332 1158 1369 ea:
1203 1319 1428 1382 epistola
1455 1325 1523 1372 ad
1560 1322 1834 1374 Acacium.

600 1400 879 1457 Nestorius
907 1420 1035 1472 ergo
1076 1407 1210 1460 tollit
1271 1410 1489 1463 omnino
1533 1412 1792 1482 nuigeniti
1839 1411 1956 1466 Filii
2016 1412 2113 1466 Dei

530 1506 710 1547 mtttnt
743 1498 794 1549 in
822 1512 1007 1552 carne.
1043 1497 1378 1566 Negatenim
1438 1504 1611 1571 ipsum
1652 1520 1774 1559 csse
1821 1516 2002 1559 nalttnt
2048 1520 2112 1559 ex

531 1588 761 1641 muliere
792 1593 1086 1645 secundum
1122 1592 1454 1661 S.-ripturas.
1495 1597 1587 1650 Sic
1618 1599 1763 1652 enim
1797 1600 1873 1651 ait
1906 1618 1919 1653 :
1950 1600 2114 1652 Dennt

530 1697 594 1733 cx
646 1680 847 1735 Christi
892 1685 1154 1752 genitrice
1207 1687 1422 1757 Virgine
1467 1690 1793 1757 processisse
1814 1707 1880 1744 ex
1936 1692 2115 1745 divina

534 1770 812 1841 Scriptura
836 1775 1021 1836 didici,
1080 1789 1262 1830 natum
1299 1788 1477 1831 autem
1517 1797 1581 1833 cx
1639 1784 1751 1847 ipsa
1788 1782 1954 1835 Deum
1988 1797 2119 1836 nus-

531 1877 694 1929 quam
724 1863 909 1918 didici.
950 1863 1012 1916 Et
1047 1865 1098 1917 itt
1142 1866 1308 1921 altera
1345 1884 1556 1923 rursum
1581 1872 1921 1938 expositione
1948 1890 1963 1927 :
1991 1870 2119 1925 Nul-

534 1953 585 2004 lo
613 1954 772 2020 igitur
810 1957 965 2007 modo
994 1955 1270 2025 Scriptura
1307 1962 1472 2013 Deum
1503 1978 1568 2016 ex
1617 1963 1818 2017 Christi
1854 1965 2118 2033 genitrice

534 2045 755 2115 Virgine
790 2051 975 2100 natum
1004 2049 1153 2114 dicit,
1195 2053 1285 2105 sed
1320 2050 1504 2105 Jesntn
1556 2054 1853 2120 Christum,
1897 2055 2115 2118 Filium.

535 2149 587 2186 l‘l.
623 2135 932 2205 Dominum.
1000 2138 1151 2203 Quod
1208 2152 1386 2195 autem
1452 2145 1567 2197 [nec
1622 2146 1832 2210 dicens,
1877 2146 1929 2199 itt
1984 2148 2121 2204 duos

534 2229 566 2279 li
595 2228 677 2282 ins
708 2244 872 2281 nnttnt
925 2231 1146 2296 dividat,
1175 2242 1231 2288 et
1259 2235 1489 2289 alterum
1568 2251 1663 2304 per
1713 2252 1772 2291 se
1822 2236 2039 2301 Filium,
2066 2247 2121 2294 et

534 2319 830 2383 Christum,
857 2330 911 2375 et
955 2320 1265 2392 Dominum,
1297 2341 1489 2393 nempe
1549 2341 1615 2381 ex
1644 2327 1756 2381 Deo
1780 2326 1940 2382 Patre
1968 2329 2121 2396 geni-

536 2415 648 2461 tunt
703 2408 971 2474 Verbum,
1032 2413 1263 2469 alterunt
1319 2432 1509 2473 rursus
1564 2420 1780 2486 proprie
1820 2419 2119 2487 sigillatiut,

534 2511 590 2553 et
612 2517 703 2566 per
732 2518 790 2557 se
829 2503 1045 2569 Filium,
1076 2516 1131 2560 et
1152 2507 1453 2575 Christum,
1504 2521 1559 2564 et
1589 2511 1871 2566 Dominum
1914 2512 2122 2567 consti-

540 2598 675 2654 tuat,
706 2591 827 2660 quis
855 2592 1085 2661 dubitet,
1113 2609 1232 2650 cum
1267 2599 1379 2665 ipse
1407 2598 1459 2652 id
1493 2599 1634 2653 clara
1686 2616 1815 2655 voce
1847 2600 2123 2656 fateatur?

539 2686 607 2735 Αι
664 2684 857 2739 fratres
924 2687 1248 2743 Antioclteni
1306 2690 1399 2745 Dei
1457 2692 1773 2759 genitricem
1848 2696 2122 2763 appellant

544 2785 788 2828 sauciam
816 2777 1114 2846 Virginem,
1147 2788 1201 2833 et
1234 2796 1400 2835 unum
1436 2796 1557 2838 esse
1592 2784 1780 2838 dicunt
1822 2785 2039 2849 Filium,
2068 2796 2122 2840 et

540 2865 835 2932 Christum,
867 2880 921 2922 et
951 2868 1262 2938 Dominum,
1301 2872 1598 2941 perfectum
1637 2876 1689 2927 in
1735 2875 2034 2941 divinitate,
2068 2889 2125 2933 et

545 2956 598 3009 in
653 2960 987 3015 humanitate
1037 2962 1335 3031 perfectum
1403 2967 1689 3031 eumdem,
1748 2969 1948 3039 quippe
1998 2986 2121 3024 cum

548 3049 694 3105 illius
731 3065 859 3106 caro
895 3055 971 3107 sit
997 3054 1239 3110 animata
1309 3057 1491 3112 anima
1522 3060 1731 3115 ratione
1764 3062 2015 3130 prmdita.

1075 3232 1162 3289 Ea:
1188 3237 1368 3290 eadem
1396 3237 1662 3307 Epistula.

618 3320 900 3379 Nestorius
928 3325 1145 3380 simulat
1173 3342 1233 3382 se
1284 3330 1528 3385 confiteri
1561 3332 1657 3387 Det
1686 3331 1922 3388 Verbum
1954 3336 2129 3390 homi-

548 3430 693 3480 nent,
720 3432 815 3471 seu
866 3433 1088 3473 carnem
1141 3423 1525 3490 assumpsisse,
1575 3424 1670 3479 sed
1740 3426 2130 3496 assumptionis

549 3507 802 3575 ignorans
827 3510 954 3575 vim,
981 3511 1350 3581 duasquidem
1399 3520 1625 3569 naturas
1692 3518 1954 3583 nominat,
2011 3534 2130 3573 eas-

548 3616 653 3667 que
693 3601 932 3655 vicissim
968 3613 1207 3672 separat,
1237 3605 1401 3660 Deum
1441 3608 1733 3675 separatim
1767 3620 2039 3675 statuens,
2071 3620 2128 3667 et

551 3692 821 3749 hominem
850 3694 1028 3748 itidem
1062 3699 1373 3765 separatim,
1405 3701 1497 3766 qui
1534 3700 1722 3753 habitu
1772 3711 1826 3755 et
1871 3702 1983 3756 sola
2034 3704 2126 3757 ho-

549 3770 699 3841 noris
756 3789 1082 3855 :rqualitate,
1152 3798 1248 3846 seu
1308 3793 1631 3848 auctoritate
1681 3794 2009 3865 conjunctus
2060 3799 2131 3851 sit

550 3879 679 3936 Deo.
716 3879 807 3935 Sic
846 3883 989 3936 enim
1023 3884 1097 3934 ait
1133 3901 1147 3936 :
1179 3884 1259 3937 Ab
1286 3898 1351 3937 eo
1388 3885 1528 3952 quod
1568 3886 1832 3952 cernitur,
1890 3904 1995 3941 non
2049 3897 2132 3942 est

550 3983 829 4043 separatus
855 3975 1015 4030 Deus.
1043 3976 1231 4045 Itaque
1262 3992 1385 4031 cunt
1430 3989 1711 4047 separatus
1746 3995 1856 4034 non
1883 3981 1975 4045 sit,
2031 3996 2132 4037 nec

554 4068 811 4120 honorem
848 4082 1062 4136 separo.
1115 4067 1343 4125 Naturas
1375 4085 1594 4141 separo,
1643 4072 1738 4127 sed
1759 4073 2130 4128 adoratiouent

551 4156 835 4226 conjuugo.
866 4159 934 4211 At
966 4160 1160 4214 fratres
1190 4163 1505 4216 Antiocheni
1535 4178 1619 4229 ea,
1646 4177 1711 4218 ex
1743 4164 1939 4233 quibus
1972 4166 2132 4219 intel-

552 4246 735 4316 ligitur
769 4247 1038 4315 Christus,
1091 4250 1143 4303 in
1183 4253 1339 4305 nudis
1369 4262 1424 4306 et
1455 4253 1582 4308 solis
1619 4255 1927 4310 notionibus
1959 4260 2133 4311 susci-

551 4342 784 4409 pientes,
817 4349 1127 4396 naturarum
1156 4344 1367 4410 quidem
1408 4343 1766 4400 diflerentiam
1801 4358 2132 4417 statuerunt,

550 4433 696 4500 quod
729 4433 867 4486 idem
916 4433 967 4486 in
1021 4434 1279 4502 qualitate
1320 4438 1552 4491 naturali
1600 4454 1708 4492 non
1756 4440 1827 4493 sit
1882 4441 2135 4496 divinitas

555 4532 718 4592 atqtte
752 4524 1078 4587 humanitas,
1102 4540 1268 4578 unum
1299 4536 1475 4581 tamen
1511 4527 1727 4591 Filium.
1756 4539 1809 4584 et
1832 4530 2132 4599 Christum,

2218 1145 2337 1215 μετ’
2359 1145 2515 1212 ἐλίγα
2538 1160 2553 1175 ο
2589 1144 2664 1198 Οὐ
2692 1144 2755 1196 τὸ
2783 1142 2982 1197 εἰδέναι
3007 1142 3120 1193 τῶν
3159 1139 3371 1209 φύσεων
3399 1137 3491 1208 τὴν
3516 1138 3735 1207 διαφορὰν

2214 1236 2522 1305 διατέμνειν
2548 1236 2693 1287 ἐστὶν
2721 1235 2801 1296 είς
2836 1232 2926 1285 δύο
2954 1231 3044 1285 τὸν
3068 1231 3163 1283 ἕνα
3190 1229 3437 1299 Χριστόν.

2278 1328 2389 1382 Τοῦ
2412 1327 2598 1381 αὑτοῦ
2626 1327 2694 1379 ἐκ
2732 1324 2843 1392 τῆς
2878 1324 3028 1391 πρὸς
3070 1323 3346 1375 ’Δκὰκιον
3375 1319 3685 1388 ἐπιστολῆς.

2287 1419 2495 1472 Οὐκοῦν
2528 1416 2820 1486 Νεστόριος
2871 1414 2970 1483 μὲν
3000 1416 3213 1483 ἀναιρεῖ
3250 1413 3329 1474 εἰς
3376 1412 3516 1464 ἆπαν
3552 1410 3632 1462 τοῦ
3664 1427 3737 1478 μο-

2217 1508 2466 1577 νογενοῦς
2514 1508 2644 1561 Υίοῦ
2673 1506 2767 1560 τοῦ
2816 1505 2953 1558 Θεοῦ
2982 1504 3081 1573 τὴν
3124 1504 3268 1557 κατὰ
3300 1501 3473 1570 σάρκα
3510 1499 3738 1569 γέννησιν.

2220 1603 2296 1655 Οὐ
2331 1603 2439 1670 γὰρ
2464 1597 2714 1668 τετέχθαι
2744 1596 2909 1666 φησὶν
2940 1595 3102 1648 αὐτὸν
3134 1594 3198 1645 ἐκ
3245 1591 3494 1660 γυναικὸς
3522 1591 3643 1643 κατὰ
3665 1590 3740 1652 τὰς

2219 1694 2464 1763 Γραφάς.
2507 1690 2653 1760 Ἔφη
2685 1690 2794 1758 γὰρ
2820 1687 2965 1742 οὕτω
2988 1704 3004 1719 ο
3033 1686 3107 1739 Τὸ
3140 1684 3432 1755 παρελθεῖν
3462 1683 3543 1735 τὸν
3566 1682 3678 1736 Θεὸν
3696 1683 3740 1748 ἐξ

2219 1783 2388 1847 αὐτῆς
2424 1782 2523 1848 τῆς
2566 1778 2927 1849 Χριστοτόκου
2962 1774 3239 1847 Παρθένου
3296 1774 3441 1843 παρα
3482 1772 3573 1840 τῆς
3621 1771 3741 1834 θείας

2220 1872 2504 1941 ἐδιδάχθην
2540 1870 2763 1939 Γραφῆς
2786 1884 2801 1899 ⁶
2831 1868 2892 1919 τλ
2934 1866 2991 1919 δὲ
3025 1864 3355 1935 γεννηθῆναι
3380 1863 3503 1916 Θεὸν
3534 1862 3586 1926 ἐξ
3610 1861 3743 1929 αὐτῆς

2221 1958 2461 2027 οὐδαμοῦ
2516 1956 2817 2026 ἐδιδάχθην.
2874 1956 2963 2009 Ἐν
3004 1954 3165 2024 ἑτέρᾳ
3211 1953 3268 2007 δὲ
3300 1951 3457 2005 πάλιν
3494 1952 3742 2020 ἐξηγήσει·

2222 2046 2478 2115 Οὐδαμοῦ
2522 2047 2702 2098 τοίνυν
2742 2047 2773 2116 ἡ
2806 2045 2994 2115 Γραφὴ
3030 2045 3161 2097 Θεὸν
3198 2045 3263 2097 ὲκ
3298 2043 3396 2113 τῆς
3431 2041 3746 2113 Χριστοτόκου

2224 2139 2500 2209 Παρθένου
2532 2138 2681 2207 λέγει
2704 2137 3091 2207 γεγεννῆσθαι,
3117 2137 3257 2192 ἀλλὰ
3303 2137 3506 2205 Ἰησοῦν
3533 2133 3746 2204 Χριστὸν.

2224 2236 2375 2299 Υίὸν,
2427 2237 2650 2305 Κύριον.
2682 2235 2807 2286 Ὅτι
2856 2234 2913 2288 δὲ
2958 2234 3130 2288 ταῦτα
3181 2235 3357 2302 λέγων
3402 2233 3479 2295 είς
3506 2230 3589 2285 δύο
3632 2228 3751 2291 υἱοὺς

2227 2325 2439 2395 μερίζει
2469 2326 2559 2377 τὸν
2609 2324 2729 2390 ἕνα,
2767 2325 2865 2377 καὶ
2913 2326 3101 2395 ἕτερον
3149 2324 3336 2387 ίδικῶς
3372 2340 3527 2393 φησιν
3583 2318 3753 2390 Ἰησοῦν

2224 2418 2458 2488 Χριστὸν
2496 2418 2590 2471 καὶ
2621 2417 2829 2488 Κύριον
2857 2417 2951 2470 τὸν
2975 2418 3039 2470 ὲκ
3064 2416 3202 2470 Θεοῦ
3240 2417 3447 2487 ιῐατρὺς
3473 2412 3752 2483 γεννηθέντα

2224 2510 2418 2577 Λόγον,
2451 2509 2638 2578 ἕτερον
2677 2510 2733 2563 δὲ
2778 2509 2941 2562 πάλιν
2973 2509 3077 2563 ἀνὰ
3139 2509 3307 2581 μέρος
3344 2508 3436 2562 καὶ
3469 2506 3633 2568 ίδικῶς
3654 2503 3756 2557 Υίδν

2226 2604 2317 2655 καὶ
2347 2603 2583 2669 Χριστὸν
2621 2603 2716 2656 καὶ
2745 2602 2950 2672 Κύριον
2994 2602 3086 2655 τὸν
3116 2603 3180 2656 ὲκ
3217 2605 3317 2673 τῆς
3358 2599 3637 2671 Παρθένου,
3663 2595 3756 2656 πῶς

2224 2692 2291 2746 ἂν
2328 2694 2620 2747 ὲνδοιάσειέ
2651 2710 2767 2756 τις,
2809 2692 2941 2746 αὐτὸ
2984 2691 3048 2763 δὴ
3101 2690 3263 2745 τοῦτο
3302 2690 3483 2759 σαφῶς
3521 2686 3758 2758 μονονουχὶ

2229 2785 2459 2855 βοῶντος
2488 2784 2697 2838 ἐκείνου
2723 2800 2740 2847 ;
2772 2783 2837 2839 Oi
2881 2784 2938 2838 δὲ
2982 2784 3124 2837 κατὰ
3148 2783 3254 2852 τὴν
3288 2781 3604 2852 Ἀντιόχειαν
3634 2777 3759 2830 ἀδελ-

2226 2879 2316 2948 φοὶ
2349 2877 2606 2930 Θεοτόκον
2654 2876 2984 2945 ὀνομάζουσι
3029 2876 3129 2945 τὴν
3170 2874 3337 2944 ἁγίαν
3382 2872 3657 2944 Παρθένον,
3687 2867 3762 2921 καὶ

2224 2967 2320 3020 ενα
2357 2968 2521 3035 φασὶν
2550 2964 2689 3020 εἶναι
2716 2967 2841 3019 Υἱὸν
2876 2967 2969 3020 καὶ
2997 2968 3202 3037 Κύριον
3249 2966 3450 3020 τέλειον
3478 2964 3534 3017 ὲν
3558 2960 3760 3029 θεότητι,

2226 3063 2320 3113 καὶ
2351 3060 2557 3112 τέλειον
2607 3062 2663 3113 ἐν
2695 3060 3074 3131 ἁνθρωπότητι
3122 3058 3215 3112 τὸν
3250 3058 3434 3122 αὐτὸν,
3476 3057 3567 3111 ac:
3599 3053 3657 3124 δὴ
3688 3050 3765 3106 καὶ

2226 3150 2643 3222 ὲνεψυχωμένης
2672 3153 2769 3222 τῆς
2800 3152 3002 3219 σαρκὸς
3029 3150 3194 3204 αὐτοῦ
3237 3151 3385 3220 ψυχῇ
3414 3148 3586 3219 νοερᾷ.

2591 3244 2694 3297 Ἕκ
2720 3242 2831 3312 τῆς
2877 3242 3069 3310 αὐτῆς
3098 3241 3455 3311 ἐπιστολῆς.

2319 3332 2700 3404 ’Υποκρίνεται
2728 3334 2828 3403 μὲν
2868 3336 2898 3388 ό
2927 3334 3223 3404 Νεστόριος
3254 3333 3547 3403 ὁμολογεῖν,
3596 3329 3667 3384 ὅτι
3690 3326 3768 3380 καὶ

2238 3424 2554 3498 ἔσαρκώθη,
2594 3426 2687 3477 καὶ
2725 3424 3145 3496 ὲνηνθρὼπησεν
3194 3428 3223 3479 ὁ
3273 3426 3367 3479 τοῦ
3422 3422 3551 3478 Θεοῦ
3596 3421 3768 3488 Λόγος·

2236 3520 2335 3591 τὴν
2360 3520 2416 3573 δὲ
2453 3518 2546 3570 τοῦ
2573 3517 2954 3588 σεσαρκῶσθαι
2987 3517 3220 3586 δύναμιν
3259 3518 3357 3571 οὐκ
3390 3515 3557 3580 εἰδὼς,
3581 3513 3663 3566 δύο
3689 3510 3769 3579 μὲν

2236 3608 2493 3678 ὀνομάζει
2546 3608 2760 3675 φύσεις,
2814 3607 3158 3678 ἀποδιίστησι
3214 3608 3275 3662 δὲ
3330 3607 3568 3677 ἀλλήλων
3609 3599 3769 3667 αὑτὰς,

2238 3701 2383 3759 Θεὸν,
2421 3700 2526 3771 ἰδίᾳ
2554 3700 2746 3765 τιθείς,
2799 3701 2893 3753 καὶ
2936 3700 3135 3769 ὁμοίως
3184 3700 3471 3770 ἄνθρωπον
3506 3697 3601 3751 ἀνὰ
3633 3694 3771 3764 μέρος

2239 3792 2579 3862 συναφθέντα
2602 3792 2723 3860 Θεῷ
2764 3791 3114 3862 μετεσχηκὼς
3146 3793 3294 3845 κατὰ
3330 3793 3493 3861 μόνην
3527 3788 3612 3859 τὴν
3636 3788 3771 3839 ἰσοτι-

2242 3886 2392 3955 μίαν,
2436 3885 2604 3954 ἧγουν
2648 3883 2957 3938 αύθεντίαν.
2999 3884 3144 3953 Ἔφη
3182 3884 3295 3956 γὰρ
3336 3883 3540 3944 οὕτως’
3576 3877 3771 3947 Ἀχὼρι-

2240 3994 2363 4030 στον
2395 3975 2489 4028 τοῦ
2517 3974 2846 4044 φαινομένου
2879 3974 3011 4038 Θεός
3034 3991 3047 4005 ’
3092 3976 3181 4029 διὰ
3211 3975 3371 4028 τοῦτο
3399 3973 3491 4027 τοῦ
3525 3972 3596 4043 μὴ
3634 3981 3770 4039 χωρι-

2240 4070 2464 4138 ζομένου
2495 4065 2594 4137 τὴν
2634 4067 2799 4138 τιμὴν
2826 4067 2887 4120 ού
2934 4068 3169 4139 χωρίζω.
3205 4068 3441 4138 Χωρίζω
3474 4066 3566 4126 τὰς
3594 4060 3770 4133 φύσεις.

2239 4162 2353 4215 ἀλλ’
2384 4163 2487 4214 twn
2518 4160 2615 4229 τὴν
2640 4161 3028 4230 προσκύνησιν.
3055 4163 3116 4214 Οί
3142 4162 3199 4213 δέ
3224 4179 3287 4229 γε
3321 4160 3458 4215 κατὰ
3484 4158 3577 4229 τὴν
3611 4150 3773 4208 Ἀντιὸ-

2238 4270 2392 4322 χειαν
2439 4252 2657 4320 ἀδελφοὶ
2693 4254 2762 4305 τὰ
2794 4254 2891 4324 μὲν
2921 4254 2982 4318 ὲξ
3025 4246 3099 4306 ὧν
3139 4255 3344 4306 νοεῖται
3385 4251 3622 4320 Χριστὸς,
3648 4246 3711 4307 ὡς
3728 4245 3774 4295 ἐν

2239 4347 2421 4416 ψιλαῖς
2475 4348 2566 4401 καὶ
2606 4347 2797 4417 μόναις
2847 4346 3079 4410 ἐννοίαις
3122 4347 3427 4417 δεχόμενοι,
3471 4342 3668 4414 φύσεων
3696 4336 3774 4407 μὲν

2241 4441 2493 4509 εἰρήκασι
2523 4438 2804 4510 διαφορὰν,
2832 4440 2913 4492 ὅτι
2950 4439 3026 4509 μὴ
3047 4441 3244 4492 ταυτὸν
3264 4440 3325 4490 ὲν
3348 4436 3581 4503 ποιότητι
3608 4428 3793 4509 φυσικῇ,

2243 4530 2434 4598 θεότης
2466 4546 2528 4581 τε
2579 4534 2676 4582 καὶ
2721 4530 3104 4601 ἀνθρωπότης,
3140 4530 3236 4583 ἕνα
3271 4546 3337 4598 γε
3375 4528 3479 4599 μὴν
3528 4525 3661 4588 Υίδν,
3700 4518 3776 4571 καὶ

554 4627 612 4670 et
633 4616 936 4681 Dominum,
966 4629 1020 4673 et
1051 4634 1211 4671 unam
1246 4619 1413 4689 ipsius
1436 4622 1594 4677 unius
1620 4624 1931 4678 exsistentis
1954 4642 2130 4695 perso-

2245 4623 2501 4692 Χριστὸν,
2543 4622 2637 4674 καὶ
2668 4620 2891 4693 Κύριον,
2922 4624 3017 4676 καὶ
3056 4621 3131 4685 ὡς
3159 4622 3278 4685 ἐνὸς
3316 4621 3467 4683 ὄντος
3495 4616 3705 4688 ἀληθῶς,
3727 4610 3775 4663 ἓν

555 4726 680 4764 nam
711 4719 983 4775 asserunt,
1021 4720 1075 4765 et
1102 4712 1240 4766 nulla
1296 4715 1506 4768 ratione
1544 4716 1812 4781 dividunt,
1854 4731 1973 4786 quae
2008 4731 2137 4775 sunt

506 4816 509 4821 '
555 4803 867 4872 conjuncta.
903 4816 1075 4870 neque
1123 4805 1422 4858 naturalem
1470 4807 1762 4862 admittunt
1790 4807 2135 4877 divisionem,

554 4894 1008 4961 quetnadmodum
1054 4900 1258 4949 sentire
1312 4896 1598 4950 videbatur
1646 4897 1747 4953 iste
1798 4899 2137 4955 decretorum
2179 4915 2188 4927 '

556 4984 850 5045 infelicium
880 4986 1251 5051 introductor;
1284 4986 1376 5041 sed
1406 4988 1569 5042 dividi
1612 4988 1756 5043 solas
1808 4993 2140 5045 cantendnnt

555 5091 736 5137 voces,
767 5088 885 5143 qua:
907 5075 973 5128 de
997 5074 1223 5130 Domino
1251 5074 1408 5131 dictae
1439 5087 1584 5141 sont,
1614 5093 1819 5148 easque
1849 5082 2141 5136 convenire

558 5170 765 5227 dicunt.
800 5182 904 5221 non
931 5168 1122 5236 partim
1151 5169 1370 5236 quidem
1397 5169 1550 5234 Filio,
1581 5173 1673 5240 qui
1704 5175 1992 5242 separatim
2011 5189 2141 5228 con-

558 5261 830 5315 sideretur
856 5258 1089 5314 Verbum
1140 5257 1258 5323 Dei,
1309 5260 1502 5330 partim
1531 5277 1747 5316 rursum
1801 5263 1951 5318 alteri
1983 5262 2138 5327 Filio,

557 5356 647 5425 qui
680 5370 745 5410 ex
788 5354 1013 5409 muliere
1059 5364 1217 5407 natus
1253 5354 1363 5417 sit;
1395 5355 1489 5407 sed
1541 5354 1678 5411 alias
1724 5356 1939 5425 quidem
1974 5357 2140 5424 ipsius

563 5446 854 5507 divinitati,
886 5446 1019 5501 alias
1049 5458 1264 5499 rursum
1307 5443 1547 5512 ejusdem
1581 5443 1929 5501 humanitati.
1977 5447 2141 5501 Eum-

561 5543 682 5597 dem
711 5539 856 5595 enim
891 5551 1014 5593 esse
1044 5537 1211 5592 Deum
1242 5544 1403 5603 atque
1440 5536 1731 5592 hominem.
1781 5538 1928 5593 Alias
1959 5549 2138 5593 autem

560 5634 748 5687 ditunt
772 5646 895 5689 esse
928 5645 1242 5687 communes
1276 5631 1693 5699 quodammodo,
1743 5641 1795 5685 et
1849 5631 2141 5687 advdivini-

564 5733 729 5778 tatem
758 5735 920 5790 atque
968 5722 1363 5778 humanitatem
1410 5722 1791 5794 respicientes.
1839 5722 1972 5777 Nam
2022 5723 2141 5779 alia:

560 5813 780 5885 quidem
820 5825 979 5866 voces
1007 5812 1241 5867 maxime
1280 5810 1389 5867 Deo
1439 5819 1820 5881 congruentes,
1864 5812 1979 5867 alia:
2014 5827 2146 5867 con-

567 5917 651 5960 tra
688 5902 915 5966 homini,
956 5901 1074 5955 alia:
1104 5902 1283 5957 medio
1318 5902 1547 5971 quodam
1598 5919 1657 5960 se
1712 5906 1912 5959 habent
1961 5905 2140 5969 modo,

2242 4714 2407 4766 αὑτοῦ
2442 4716 2534 4766 καὶ
2566 4714 2857 4784 πρόσωπον
2905 4710 3043 4767 εἷναί
3086 4731 3243 4782 φασι,
3286 4713 3563 4783 μερίζουσι
3603 4706 3655 4762 δὲ
3680 4699 3777 4757 κατ’

2239 4805 2428 4858 οὐδένα
2462 4806 2661 4874 τρόπον
2686 4806 2757 4856 τὰ
2780 4805 3054 4875 ἡνωμένα,
3083 4802 3209 4857 οὕτε
3251 4806 3361 4875 μὴν
3383 4801 3608 4872 φυτικὴν
3633 4808 3777 4864 παρι-

2240 4896 2485 4966 δέχονται
2517 4899 2617 4967 τὴν
2663 4897 2952 4966 διαίρεσιν,
2985 4895 3128 4951 καθὰ
3176 4897 3394 4967 φρονεῖν
3436 4892 3573 4959 ἔδοξε
3598 4888 3667 4958 τῷ
3691 4882 3779 4937 τῶν

2242 4988 2443 5042 ἀθλίων
2473 4988 2762 5058 δογμάτων
2802 4990 3095 5059 είσηγητῇ.
3131 4986 3435 5061 Διῃρῆσθαι
3466 4986 3520 5039 δὲ
3548 4980 3674 5036 κατὰ
3702 4973 3777 5046 μισ

2241 5098 2336 5144 νας
2364 5080 2720 5133 διατείνονται
2759 5080 2860 5140 τὰς
2903 5080 2997 5131 ἐπὶ
3029 5078 3106 5148 τῷ
3134 5078 3327 5147 Κυρίῳ
3360 5076 3557 5145 φωνὰς,
3584 5069 3778 5141 πρέπειν

2241 5171 2298 5225 δέ
2334 5187 2498 5240 φασιν
2534 5169 2700 5233 αὐτὰς
2730 5170 2792 5223 ού
2835 5168 2937 5231 τὰς
2970 5168 3069 5239 μὲν
3112 5168 3225 5235 Υἱῷ
3260 5166 3402 5220 κατά
3444 5164 3598 5235 μόνας
3624 5158 3691 5228 τῷ
3727 5157 3778 5207 ἐκ

2242 5263 2378 5317 Θεοῦ
2420 5263 2633 5332 [ἰατρὸς
2662 5263 2842 5330 Λόγῳ,
2888 5260 2986 5324 τὰς
3016 5259 3072 5312 δὲ
3114 5259 3288 5328 ἑτέρῳ
3319 5257 3477 5311 πάλιν
3505 5252 3608 5323 Υίῴ
3629 5248 3697 5317 τῷ
3726 5246 3777 5313 ἐκ

2242 5356 2520 5424 γυναικὸς,
2554 5354 2690 5408 ἀλλὰ
2719 5354 2815 5417 τὰς
2850 5353 2948 5421 μὲν
2978 5355 3044 5423 τῇ
3078 5351 3293 5419 θεότητι
3334 5345 3513 5412 αὑτοῦ,
3542 5344 3629 5402 τὰς
3654 5339 3702 5391 δὲ
3720 5335 3772 5403 τῇ

2243 5445 2409 5500 αὑτοῦ
2468 5445 2630 5499 πάλιν
2678 5443 3081 5513 ἀνθρωπότητι.
3117 5436 3247 5504 Θεὸς
3302 5439 3357 5494 δέ
3404 5441 3544 5491 ἐστιν
3574 5436 3600 5485 ό
3642 5424 3773 5484 αὐτὸς

2245 5540 2340 5592 καὶ
2373 5537 2679 5608 ἄνθρωπος.
2715 5532 2869 5590 Εἶναι
2912 5535 2971 5587 δέ
3013 5550 3144 5602 φασι
3174 5533 3265 5585 καὶ
3293 5531 3479 5603 ἐτέρας
3512 5535 3770 5585 κοινοποιη·

2246 5630 2428 5691 Baias;
2463 5629 2665 5698 τρόπον
2708 5631 2848 5689 τινὰ,
2884 5627 2979 5678 καὶ
3024 5620 3137 5677 οἷον
3182 5623 3267 5676 ἐπ’
3293 5623 3454 5692 ἄμφω
3491 5612 3766 5698 βλεπούσας(

2246 5721 2474 5791 θεότητα
2496 5696 2640 5787 λέγω
2672 5722 2762 5772 καὶ
2792 5717 3206 5789 ὰνθρωπότητα.
3236 5708 3363 5769 Οίον
3386 5713 3447 5783 δή
3471 5714 3518 5765 τί
3544 5716 3693 5776 φημι·
3712 5696 3765 5791 ,ιε

2248 5790 2488 5883 μὲνγὰρ
2536 5815 2642 5864 εἰσι
2695 5810 2805 5863 τῶν
2853 5806 3047 5878 φωνῶν
3086 5807 3168 5859 ὅτι
3205 5806 3434 5877 μάλιστα
3467 5790 3762 5883 (νεοπρεπεῖς)

2246 5877 2299 5958 αἱ
2331 5877 2401 5958 δὲ*
2424 5877 2568 5958 ούτω
2599 5903 2762 5956 πάλιν
2790 5877 3296 5972 ἁνθρωποπρεπεῖς,
3327 5897 3380 5950 ai
3413 5894 3467 5947 δὲ
3495 5890 3645 5961 μέσην
3661 5877 3759 5933 τινά
