4054 6286
301 493 416 556 989

1265 496 1639 555 PALVUPLIA
1689 499 2143 561 DOGMATICA.
2183 527 2254 538 --
2293 501 2444 562 'IIT.
2484 503 2602 563 XV.

3453 501 3560 564 990

305 607 458 672 τάξιν
500 607 790 676 ἐπέχουσιν
830 616 1227 678 εμφανιςουσαι
1256 607 1384 661 Υίὸν
1421 609 1558 662 Θεοῦ
1599 610 1745 669 ὄντα.
1786 613 1878 664 καὶ

1988 628 2100 682 quae
2139 613 2331 668 Filium
2367 614 2458 668 Dei
2489 612 2672 678 simul,
2719 620 2773 666 et
2806 611 3098 676 hominem,
3151 619 3209 665 et
3266 611 3320 664 in
3373 611 3558 664 eodem

300 698 590 770 ἄνθρωπον
631 692 764 769 ὁμοῦ
798 715 859 753 τι
903 700 995 752 καὶ
1022 700 1082 753 έν
1114 700 1318 770 ταυτῷ.
1355 701 1466 754 Καὶ
1515 702 1635 770 μεθ’
1668 701 1830 771 ἕτερα
1860 720 1871 729 ·

301 792 381 844 Οὐ
405 789 514 862 γὰρ
560 792 638 852 είς
685 789 844 844 τοῦτο
876 789 1145 860 προῆλθον
1193 790 1557 862 ἀποπληξίας,
1585 793 1659 856 ὼς
1700 807 1877 861 παρα-

302 884 474 944 δάτας
504 882 731 944 ἑαυτοὺς
758 883 1093 936 συνιστάνειν
1118 882 1153 935 ἃ
1181 884 1484 938 κατέλυσαν
1509 885 1702 954 ὀρθῶς,
1734 886 1878 938 οίκοο

302 972 594 1040 νομοῦντες
639 969 904 1034 ἀϐούλως.
938 972 1001 1024 El
1031 972 1140 1040 γὰρ
1181 973 1301 1035 ταῖς
1344 973 1638 1044 Νεστορίου
1671 975 1880 1042 συμφέ-

305 1081 488 1130 ρονται
561 1061 772 1128 δόξαις,
836 1064 957 1126 πῶς
1019 1064 1186 1128 αὑτὰς
1243 1063 1732 1134 ἁναθεματίζουσιν
1803 1066 1878 1130 ὡς

308 1152 568 1222 βεϐήλους
599 1152 693 1205 καὶ
725 1153 974 1222 μυσαρὰς
997 1168 1012 1217 ;
1033 1149 1203 1222 Οἶμαι
1223 1153 1278 1206 δὲ
1309 1153 1420 1206 δεῖν
1445 1155 1537 1205 καὶ
1571 1155 1668 1216 τὰς
1699 1155 1878 1218 αἰτίας

305 1243 516 1305 εἰπεῖν,
569 1241 638 1294 δι’
693 1241 760 1305 ἃς
821 1242 900 1297 είς
956 1243 1112 1295 τοῦτο
1167 1243 1436 1312 προῆλθον
1505 1244 1876 1314 ίσχνομυθίας.

1983 708 2184 772 pariter
2215 706 2528 759 ostemlmtt.
2574 705 2639 758 Et
2666 712 2788 771 post
2812 703 2914 756 alia
2944 719 2959 756 :
2986 701 3168 770 Neque
3198 702 3343 754 enim
3382 714 3449 754 eo
3469 701 3560 753 de-

1981 801 2199 852 mentire
2237 809 2639 867 processerunt,
2673 807 2729 849 ut
2785 809 2844 849 se
2879 805 3306 864 transgressores
3355 794 3558 847 consti-

1983 896 2216 946 tuerent.
2273 903 2335 940 ea
2391 902 2510 956 quae
2562 899 2708 942 recte
2737 886 3118 945 dissolvernu't,
3165 884 3562 938 inconsiderate

1979 986 2374 1032 construentes.
2441 977 2570 1031 Nam
2594 979 2639 1033 si
2693 977 2926 1032 Neatorii
2979 977 3208 1046 probam
3255 976 3559 1043 Opiniones,

1978 1069 2251 1137 quomodo
2288 1071 2405 1124 illas
2434 1082 2491 1122 ut
2520 1071 2846 1123 adulterinas
2896 1077 2948 1122 et
2992 1068 3352 1121 exsecrandas
3415 1067 3558 1117 dete-

1987 1173 2014 1213 δ
2039 1158 2240 1212 antur?
2265 1161 2469 1214 Causas
2503 1172 2682 1212 autem
2714 1160 2951 1212 arbitror
2976 1159 3343 1226 explicazvdas,
3371 1171 3558 1224 quanto

1984 1251 2171 1305 obrem
2202 1253 2266 1305 nd
2291 1253 2553 1321 ejusmodi
2592 1266 2854 1322 nugarum
2893 1251 3242 1305 subtilitatem
3291 1263 3421 1318 peog
3452 1247 3560 1300 ειδδὶ

318 1333 536 1404 Ἐπειδὴ
561 1334 669 1402 γὰρ
688 1336 736 1386 ot
766 1333 864 1402 τῆς
899 1333 1111 1403 Ἀρείου
1138 1333 1386 1397 ἀσεϐείας
1408 1337 1750 1388 ὑπασπισταὶ
1783 1337 1877 1404 τὴν

1988 1353 2127 1396 sunt.
2158 1341 2422 1410 Quoniam
2456 1344 2600 1397 enim
2651 1344 2865 1396 Ariaine
2903 1343 3196 1409 impietatis
3244 1338 3560 1392 ili-lentiores

302 1422 562 1492 ἀλήθειαν
582 1421 810 1485 ἀνοσίως
840 1423 1326 1492 ὲκκαπηλεύοντες,
1355 1426 1446 1478 τὸν
1472 1427 1560 1478 τοῦ
1585 1426 1718 1478 Θεοῦ
1744 1444 1876 1494 φασι

304 1514 479 1580 Λόγον
513 1512 768 1580 γενέσθαι
801 1513 897 1583 μὲν
923 1512 1231 1583 ἄνθρωπον,
1260 1515 1398 1583 πλὴν
1431 1515 1622 1586 ἀψύχῳ
1642 1532 1878 1586 προσκε-

306 1601 544 1672 χρῆσθαι
598 1602 831 1674 σώματι,
868 1605 957 1658 ἵνα
988 1605 1086 1668 τὰς
1129 1605 1476 1676 ἀνθρωπίνας
1518 1610 1667 1676 αὑτῳ
1695 1607 1878 1675 φωνὰς

1985 1436 2262 1489 veritatem
2287 1435 2494 1489 nefarie
2527 1434 2880 1498 venditantes,
2923 1433 3012 1486 Dei
3062 1431 3280 1500 quidem
3329 1427 3558 1480 Verbum

1985 1525 2184 1579 factum
2234 1526 2510 1580 hominem
2564 1526 2773 1591 dicunt,
2826 1524 2920 1580 sed
2969 1533 3150 1576 tamen
3201 1519 3556 1573 iuanimatum

1981 1627 2176 1682 corpus
2230 1615 2605 1683 assumpsisse,
2641 1625 2700 1668 ut
2755 1615 3023 1667 humanas
3080 1612 3180 1680 ipsi
3245 1623 3405 1663 voces
3466 1608 3562 1658 tri-

307 1695 732 1764 προσνέμοντες,
783 1696 1138 1752 ἐλαττοῦσθαι
1175 1699 1270 1766 τῆς
1299 1697 1394 1750 τοῦ
1433 1699 1643 1767 Πατρὸς
1682 1699 1882 1768 ὑπερο-

1988 1705 2210 1760 bueutes
2241 1707 2528 1761 ostendant
2554 1707 2617 1760 iis
2643 1721 2778 1773 quos
2799 1707 3148 1773 deceperuut,
3183 1705 3352 1772 ipsum
3389 1699 3566 1752 Patris

307 1791 412 1858 χῆς
439 1792 552 1853 τοῖς
597 1791 727 1862 παρ’
755 1793 940 1846 αὐτῶν
974 1792 1348 1863 πλανωμένοις
1397 1793 1878 1852 καταδεικνύωσιν,

1981 1795 2313 1852 excellentia:
2343 1799 2554 1861 cedere,
2587 1810 2641 1850 et
2673 1797 2902 1850 diversae
2936 1795 3004 1848 ab
3059 1795 3174 1862 ipso
3216 1792 3400 1846 dicunt
3439 1803 3562 1844 esse

307 1882 580 1951 ὲτεροφυᾶ
609 1901 667 1936 τε
697 1885 829 1955 παρ’
861 1885 1024 1938 αὐτὸν
1052 1879 1192 1940 εἶναι
1222 1885 1420 1952 λέγωσι
1445 1899 1460 1914 ο
1484 1883 1715 1945 δεδιότες
1743 1885 1790 1935 οί
1816 1885 1879 1936 ὲκ

1988 1895 2226 1942 natura:
2258 1887 2564 1943 Orientales
2591 1887 2769 1950 veriti,
2800 1901 2866 1939 ne
2888 1883 2982 1939 Dei
3019 1881 3178 1938 Verbi
3212 1882 3376 1950 gloria
3410 1888 3570 1933 natu-

305 1974 409 2042 τῆς
434 1975 698 2045 ἀνατολῆς
731 1977 806 2047 μὴ
838 1975 947 2048 ἄρα
984 1993 1102 2038 πως
1125 1978 1159 2047 ἠ
1202 1977 1295 2030 τοῦ
1341 1976 1476 2029 Θεοῦ
1509 1976 1682 2042 Λόγου
1714 1990 1880 2027 κατα-

1988 1993 2152 2048 raque
2183 1977 2458 2034 minuatur
2486 1981 2554 2033 ob
2583 1991 2647 2034 ea
2683 1993 2824 2046 quae.
2857 1986 3075 2047 prepter
3105 1974 3565 2043 dispensationem

309 2067 683 2137 σμικρύνηται
705 2069 830 2135 δόξα
851 2069 944 2122 καὶ¹
966 2068 1151 2138 φύσις,
1177 2069 1284 2125 ἀπό
1308 2086 1371 2138 γε
1394 2069 1501 2122 τῶν
1530 2067 1885 2138 ἀνθρωπίνως

1986 2067 2038 2122 in
2072 2083 2237 2124 carne
2270 2067 2490 2134 factam,
2524 2068 2759 2124 humana
2791 2068 3002 2122 ratimte
3042 2065 3182 2119 dicta
3229 2073 3376 2128 sunt,
3409 2077 3569 2116 voces

307 2159 618 2229 είρημένων
641 2159 731 2212 διὰ
751 2159 850 2230 τὴν
869 2161 1006 2231 μετὰ
1025 2162 1226 2234 σαρκὸς
1248 2161 1562 2230 οἰκονομίαν
1587 2159 1884 2229 διορίζουσι

1988 2160 2265 2226 deﬁniunt,
2327 2175 2432 2213 non
2485 2176 2647 2214 unum
2702 2158 2981 2213 Christum
3035 2166 3090 2208 et
3147 2154 3451 2216 Dominum,
3514 2160 3572 2204 ut

306 2249 413 2312 τὰς
433 2250 639 2316 φωνὰς,
669 2251 771 2304 οὐκ
791 2252 872 2316 είς
897 2251 1166 2322 πρόσωπα
1179 2251 1275 2307 δύο
1295 2252 1598 2320 τέμνοντες.
1625 2250 1700 2313 ὡς
1724 2251 1884 2319 ἔφην,

308 2339 407 2392 τὸν
439 2338 537 2394 ινα
566 2339 805 2410 Χριστὸν
846 2344 942 2396 καὶ
973 2342 1202 2411 Κύριον,
1247 2343 1383 2398 ἀλλὰ
1419 2343 1517 2406 τὰς
1547 2343 1646 2412 μὲν
1670 2345 1736 2412 τῇ
1764 2341 1884 2394 θεό-

307 2445 440 2499 τητι
467 2430 634 2484 αὐτοῦ
679 2433 1102 2502 προσνέμοντες,
1136 2433 1237 2497 τὰς
1284 2433 1344 2486 δὲ
1397 2435 1461 2505 τῇ
1507 2431 1888 2504 ἁνθρωπότητι

312 2520 481 2574 πάλιν
504 2523 571 2592 τῇ
607 2522 792 2590 αὐτοῦ,
826 2523 963 2594 πλὴν
982 2524 1079 2587 τὰς
1114 2524 1293 2588 πάσας
1323 2523 1424 2577 ἑνί.

313 2632 438 2688 Τοῦ
473 2637 661 2691 αὐτοῦ
691 2638 906 2709 ἐκλτοῦ
946 2640 1078 2709 περί
1113 2636 1223 2706 τῆς
1251 2637 1755 2709 ἐνανθρᾲωπήσεως
1782 2637 1888 2691 λό-

595 2725 728 2776 γου,
759 2707 848 2761 ὅτι
879 2707 1167 2774 Oeae-lixa;-
1207 2711 1246 2778 ή
1285 2707 1602 2775 Παρθένος.

399 2797 792 2854 ’Υποκλέπτειν
821 2801 1027 2854 οἴονταί
1071 2819 1212 2864 τινες
1250 2801 1358 2854 τῶν
1389 2801 1755 2873 ἀκροωμένων
1791 2801 1889 2861 τὰς

307 2891 516 2963 ψυχὰς,
547 2894 832 2962 ἄνθρωπον
857 2895 1108 2962 λέγοντες
1131 2894 1475 2961 ἀνειληφέναι
1508 2893 1599 2945 τὸν
1623 2891 1758 2945 Θεὸν
1788 2892 1891 2945 Λό-

309 3004 434 3056 γον,
462 2990 556 3040 καὶ
581 2987 671 3040 διὰ
690 2987 876 3040 τούτου
909 2989 1128 3056 πρόοδον
1156 2985 1485 3056 πεποιῆσθαι
1510 2988 1574 3040 ὲκ
1600 2985 1699 3054 τῆς
1727 2986 1890 3053 ἁγίας

313 3077 621 3145 Παρθένου,
654 3077 747 3129 καὶ
795 3076 982 3128 τοῦτον
1025 3077 1186 3129 αὑτὸν
1230 3077 1322 3128 τὸν
1368 3075 1652 3144 ἄνθρωπον
1688 3075 1888 3130 ἀποτε-

311 3169 554 3221 θεῶσθαι
601 3168 677 3237 τῷ
708 3167 828 3236 Θεῷ
861 3168 1038 3237 Λόγῳ,
1074 3168 1133 3219 οὗ
1192 3166 1460 3228 συνιέντες
1507 3165 1569 3218 τὸ
1602 3167 1700 3235 τῆς
1732 3166 1889 3220 εὐσε-

1984 2252 2240 2318 diximus,
2309 2251 2523 2307 induas
2577 2253 2871 2305 dividentes
2932 2259 3229 2317 persenas,
3281 2245 3375 2298 sed
3437 2244 3572 2296 alias

1985 2343 2200 2411 quidem
2252 2343 2423 2414 ipsius
2473 2344 2772 2397 tribuentes
2817 2339 3126 2402 divinitati,
3189 2337 3324 2391 alias
3386 2345 3568 2390 autem

1987 2435 2348 2500 humanitati,
2373 2437 2658 2490 universas
2681 2447 2861 2489 tamen
2894 2433 3010 2488 uni.

1990 2638 2242 2708 Ejusdem
2273 2655 2338 2693 ea:
2369 2641 2611 2708 oratione
2630 2640 2694 2692 de
2715 2646 2994 2708 assuntth
3023 2653 3082 2708 ag
3114 2632 3282 2708 Verbo
3319 2631 3571 2685 [mutaui-

2229 2719 2376 2764 tate:
2409 2707 2668 2778 Virginem
2700 2723 2810 2762 esse
2831 2705 2928 2760 Dei
2953 2704 3288 2760 Geuilricem.

2059 2799 2403 2853 Audientium
2450 2799 2660 2854 animos
2693 2797 3013 2867 deceptnros
3050 2810 3108 2851 se
3129 2795 3344 2864 quidem
3378 2791 3571 2847 existi~

1994 2899 2162 2957 ruant,
2181 2890 2446 2956 dicentes,
2461 2891 2625 2944 Deum
2649 2888 2879 2946 Verbum
2899 2887 3171 2942 hominem
3193 2881 3570 2952 assumpsisse,

1991 2991 2046 3035 vt
2069 2997 2165 3052 per
2192 2983 2371 3049 ipsum
2405 2995 2467 3036 ex
2503 2981 2722 3052 Virgine
2747 2981 3031 3050 prodiisse,
3053 2986 3105 3033 et
3126 2993 3248 3032 eum
3274 2978 3446 3046 ipsum
3475 2975 3570 3027 ho-

1993 3076 2192 3128 minem
2223 3090 2250 3128 a
2283 3073 2392 3130 Deo
2439 3074 2617 3129 Verbo
2663 3075 2903 3129 divinum
2958 3089 3077 3128 esse
3129 3069 3418 3124 redditum.
3469 3065 3571 3134 Qui

1992 3181 2125 3222 sane
2166 3167 2410 3221 homines
2437 3167 2654 3237 pietatis
2691 3166 3007 3239 mysterium
3063 3165 3333 3234 ignorant,
3367 3171 3420 3216 et
3443 3158 3575 3215 Uni-

312 3257 471 3318 σείας
523 3259 839 3327 μυστήριον,
873 3259 966 3309 καὶ
1018 3255 1119 3324 τῆς
1165 3257 1303 3324 μετὰ
1346 3256 1546 3326 σαρκὸς
1581 3256 1888 3324 οἰκονομίας

387 3347 412 3359 ο
439 3350 492 3364 ιι
714 3347 736 3359 υ
831 3348 841 3364 I
958 3348 970 3364 1
1176 3363 1219 3364 ,,
1354 3343 1513 3364 ,_,_,',
1554 3363 1565 3364 κ
1609 3360 1646 3364 _,
1701 3345 1888 3364 'II___!_

1995 3263 2162 3335 geniti
2193 3263 2417 3334 gratiam
2458 3278 2525 3318 ex
2577 3271 2844 3332 susceptae
2897 3261 3078 3316 carnis
3130 3257 3358 3312 consilio
3395 3253 3576 3322 profe-

311 3347 415 3403 τοῦ
438 3347 770 3416 Μονογενοῦς
791 3348 888 3417 τὴν
909 3348 1068 3416 χάριν
1093 3363 1322 3416 μετρίαν
1347 3343 1674 3414 ποιούμενοι.
1701 3345 1888 3411 Ἡμεῖς

1995 3364 2138 3411 ctam
2171 3355 2498 3411 mediocrem
2519 3351 2774 3410 efﬁciunt.
2809 3347 2919 3408 Nos
2977 3360 3153 3406 autem
3191 3349 3331 3405 haud
3365 3348 3437 3401 ita
3485 3362 3576 3400 su-

314 3441 380 3494 δὲ
411 3441 507 3510 οὐχ
530 3441 674 3493 οὓτω
701 3437 1072 3508 δεδιδάγμεθα.
1109 3437 1245 3490 Ἕνα
1279 3439 1371 3489 καὶ
1404 3437 1495 3506 τὸν
1519 3436 1679 3488 αὑτὸν
1707 3435 1888 3504 ἴσμεν,

315 3533 675 3600 ἁδελφοὶ,τὸν
705 3529 795 3583 δια
831 3530 930 3599 τῆς
968 3529 1130 3597 ἁγίας
1167 3528 1442 3598 Παρθένου
1489 3528 1588 3596 τῆς
1625 3526 1889 3579 Θεοτὸκου

313 3625 540 3694 Μαρίας
565 3621 893 3694 γεννηθέντα
928 3621 1059 3673 Θεὸν
1086 3620 1311 3683 τέλειον,
1349 3621 1442 3672 καὶ
1477 3617 1762 3688 ἄνθρωπον
1792 3616 1890 3686 ἔμε

313 3717 512 3787 ψυχον,
536 3715 752 3784 λογικόν
777 3731 793 3747 ο
821 3713 992 3784 ταύτῃ
1019 3730 1101 3766 τοι
1125 3714 1218 3766 καὶ
1248 3713 1506 3765 Θεοτόκον
1539 3710 1772 3779 λέγομεν
1792 3708 1892 3779 τὴν

317 3810 486 3877 ἁγίαν
519 3808 814 3879 Παρθένον,
854 3808 949 3860 καὶ
977 3805 1313 3876 ὲνῳκηκέναι
1342 3803 1612 3865 ούσιωδῶς
1636 3803 1726 3856 τὸν
1755 3803 1891 3854 Θεὸν

319 3901 497 3968 Λόγον
525 3902 582 3953 ὲν
625 3901 763 3970 αὐτῇ
797 3899 859 3952 ού
903 3898 1142 3968 δοκήσει,
1181 3895 1318 3949 ἀλλὰ
1370 3894 1643 3965 ἐνεργείᾳ,
1679 3892 1804 3944 Υίόν
1831 3909 1889 3944 τε

317 3992 460 4046 Θεοῦ
497 3992 632 4060 ἅμα,
684 3993 776 4043 καὶ
805 3989 930 4042 Υἱὸν
967 3986 1276 4057 ἀνθρώπου.
1323 3983 1484 4036 Ἀλλὰ
1525 3983 1629 4052 γὰρ
1659 3983 1752 4036 καὶ
1795 3979 1893 4044 τὰς

319 4086 425 4153 τῆς
482 4081 923 4152 ἁνθρωπότητος,
953 4081 1013 4132 ού
1069 4078 1173 4148 μὴν
1221 4078 1317 4130 καὶ
1367 4075 1466 4135 τὰς
1512 4074 1610 4143 τῆς
1640 4073 1892 4142 θεότητος

321 4173 530 4243 φωνὰς,
563 4171 627 4234 ἃς
653 4169 1061 4240 διαγορεύουσιν
1097 4168 1229 4236 ἡμῖν
1265 4166 1322 4218 αί
1352 4163 1491 4217 θεῖαι
1525 4163 1739 4232 Γραφαὶ
1765 4162 1895 4232 περὶ

318 4263 513 4324 αὐτοῦ,
540 4264 618 4326 εἰς
643 4263 702 4314 ἓν
744 4263 1034 4333 πρόσωπον
1077 4257 1339 4329 συνῆχθαι
1370 4275 1572 4327 φαμεν.
1600 4257 1703 4310 Τὸν
1732 4254 1895 4310 αὐτὸν

319 4355 437 4425 γὰρ
472 4357 630 4424 ἴσμεν
680 4355 772 4406 ἐπὶ
802 4353 864 4407 τὸ
914 4350 1353 4423 προσκεφάλαιον
1406 4347 1758 4413 καθεύδοντα,
1802 4347 1894 4400 τὸν

320 4451 488 4503 αὐτὸν
512 4452 578 4517 τῇ
633 4448 876 4519 θαλάσσῃ
906 4444 1246 4515 ἐπιτιμῶντα
1294 4444 1352 4496 ἐν
1391 4441 1608 4512 ἐξουσίᾳ
1651 4441 1746 4495 καὶ
1783 4442 1896 4504 τοῖς

319 4539 568 4606 ἀνέμοις,
600 4537 690 4589 τὸν
737 4537 898 4590 αὑτὸν
932 4533 1025 4588 ἐπὶ
1069 4534 1169 4603 τῆς
1196 4533 1508 4603 ὁδοιπορίας
1553 4530 1894 4602 κεκμηκότα,

319 4633 420 4685 τὸν
449 4631 609 4682 αὑτὸν
654 4631 746 4682 ἐπὶ
793 4632 891 4698 τῆς
918 4627 1193 4696 θαλάσσης
1226 4624 1654 4695 περιπατοῦντα,
1687 4623 1762 4686 ὡς
1799 4624 1892 4676 ἐπὶ

319 4723 548 4790 στερεᾶ.
581 4721 682 4790 γῆς
717 4720 822 4790 ίδίᾳ
850 4719 1084 4788 ἐξουσία.
1113 4719 1172 4772 Ὀ
1188 4717 1347 4782 αὐτὸς
1377 4717 1554 4770 τοίνυν
1575 4714 1726 4782 Θεὸς,
1746 4716 1776 4767 ὸ
1800 4714 1896 4767 αύ-

317 4815 418 4876 τὸς
451 4813 732 4882 ἄνθρωπος
767 4811 1230 4883 ὁμολογουμένως.
1275 4810 1340 4862 Τί
1370 4809 1478 4880 γὰρ
1513 4807 1574 4862 τὸ
1605 4807 1810 4876 θαῦμα,
1844 4807 1892 4859 εί

320 4903 607 4971 ἄνθρωπός
638 4920 718 4965 τις
745 4903 853 4956 τῶν
899 4901 1021 4954 καθ’
1049 4901 1196 4970 ἡμᾶς
1225 4901 1283 4952 ὸν
1323 4898 1539 4970 ἐξουσίᾳ
1573 4896 1709 4950 Θεοῦ
1741 4895 1897 4953 δυνά-

325 5013 454 5068 μεις
485 4997 726 5065 ἐνεργεῖν
753 4993 1005 5060 λέγεται;
1047 4992 1186 5044 Ἀλλ’
1211 4992 1299 5044 ἵνα
1329 4993 1422 5042 τὸν
1449 4990 1611 5044 αὐτὸν
1640 4989 1771 5041 Θεὸν
1794 4987 1897 5041 Λόσ

323 5101 426 5154 γον
447 5083 784 5138 κεκενῶσθαι
807 5079 1154 5144 ύποδείξωσιν
1182 5079 1311 5148 ἡμῖν
1340 5078 1395 5130 αί
1418 5075 1557 5129 θεῖαι
1579 5074 1813 5144 Γραφαὶ,
1835 5073 1897 5126 οὐ

324 5178 570 5245 δοκήσει,
603 5175 741 5230 ἀλλὰ
769 5173 1042 5244 ἐνεργείᾳ,
1067 5171 1164 5224 ἕνα
1194 5170 1291 5223 καὶ
1317 5170 1406 5222 τὸν
1435 5169 1599 5222 αὑτὸν
1623 5170 1757 5238 ἡμῖν
1782 5167 1898 5221 δια-

323 5269 648 5341 γορεύουσιν
679 5270 737 5320 ὲν
775 5266 1154 5336 προφητικοίς,
1187 5263 1282 5316 καὶ
1322 5261 1428 5332 μὴν
1470 5262 1564 5315 καὶ
1615 5259 1902 5315 ἀποστολι-

323 5361 448 5424 κοῖς
479 5359 848 5431 κηρύγμασιν.

337 5449 445 5506 Ἐκ
472 5449 583 5520 τῆς
603 5453 753 5520 πρὸς
787 5450 1074 5516 Ἰωάννην
1092 5447 1199 5501 τὸν
1229 5444 1524 5511 Ἀντιοχέα
1545 5443 1899 5512 ἐπιστολῆς.

415 5543 818 5614 Ὀμολογοῦμεν
844 5540 1131 5611 τοιγαροῦν
1159 5543 1248 5592 τὸν
1272 5537 1475 5608 Κύριον
1501 5535 1655 5606 ἡμῶν
1695 5530 1904 5605 Ἰησοῦν

326 5637 589 5707 Χριστὸν,
624 5636 715 5688 τὸν
761 5636 888 5688 Υίὸν
930 5634 1024 5688 τοῦ
1051 5633 1183 5686 Θεοῦ
1225 5633 1314 5684 τὸν
1347 5630 1629 5700 μονογενῆ,
1660 5629 1789 5682 Θεὸν
1820 5630 1905 5680 τέ-

1992 3461 2113 3502 mus
2145 3446 2346 3511 edocti,
2381 3447 2476 3500 sed
2507 3461 2672 3501 unum
2703 3444 3068 3512 euindemqne
3095 3443 3319 3505 scimus,
3353 3439 3574 3502 fratres,

1991 3555 2088 3609 per
2113 3547 2355 3595 Sanctam
2383 3535 2656 3609 Virginem
2683 3535 2773 3591 Dei
2798 3535 3127 3591 Genitricem
3147 3533 3384 3603 genitum
3407 3531 3574 3584 Deum

1992 3628 2314 3699 perfectum,
2329 3639 2380 3686 et
2406 3629 2679 3685 hominem
2695 3629 2990 3682 animatum
3014 3626 3192 3680 anima
3213 3625 3420 3678 ratione
3438 3639 3580 3688 prm-

1990 3720 2126 3774 dita.
2165 3719 2257 3774 Sic
2300 3728 2354 3774 et
2401 3718 2493 3775 Dei
2530 3719 2861 3775 Genitrieem
2894 3717 3128 3772 dicimus
3172 3714 3230 3770 S.
3279 3713 3576 3782 Virgini-iu,

1993 3812 2047 3864 in
2070 3825 2242 3880 eaque
2267 3807 2435 3866 Deum
2462 3807 2696 3864 Verbum
2720 3823 2816 3878 per
2844 3807 3133 3863 essentiam
3162 3821 3270 3860 non
3297 3804 3576 3874 Opinione,

1991 3903 2087 3958 sed
2131 3903 2309 3972 reipsa
2359 3900 2550 3956 Filium
2600 3899 2696 3955 Dei
2749 3899 2913 3955 simul
2967 3908 3022 3952 et
3081 3896 3276 3951 Filium
3342 3894 3576 3949 hominis

1995 3993 2287 4048 habitasse.
2343 3991 2484 4058 Quin
2535 3990 2699 4046 etiam
2757 3988 3052 4044 divinitatis
3117 3985 3580 4053 humanitatisque

1993 4097 2172 4151 voces,
2207 4099 2343 4154 quas
2374 4083 2529 4138 nobis
2557 4081 2624 4139 de
2651 4083 2764 4151 ipso
2788 4080 2981 4136 divina:
3010 4081 3231 4134 tradunt
3259 4077 3576 4147 Scriptum,

1994 4177 2048 4230 in
2103 4191 2264 4230 unam
2309 4190 2595 4246 personam
2663 4174 2896 4231 dicimus
2945 4172 3262 4228 convenire.
3315 4169 3578 4224 Eumdem

1995 4268 2138 4324 enim
2167 4268 2370 4323 scimus
2419 4281 2562 4335 esse,
2614 4267 2706 4336 qui
2737 4270 2790 4322 in
2839 4265 3103 4336 pulvinari
3159 4262 3480 4328 dormiebat,
3525 4274 3579 4317 et

1995 4362 2086 4432 qui
2125 4375 2245 4414 cum
2274 4367 2541 4429 potestate
2571 4357 2702 4414 mari
2748 4367 2806 4412 et
2852 4356 3027 4410 ventis
3063 4354 3401 4424 imperabat;
3427 4368 3580 4406 eum-

1997 4453 2143 4517 dem,
2170 4453 2264 4522 qui
2301 4453 2353 4506 in
2387 4451 2670 4506 itineribus
2700 4447 3125 4519 defatigabatur,
3157 4456 3210 4502 et
3232 4448 3326 4517 qui
3359 4447 3578 4515 propria

1996 4544 2323 4601 auctoritate
2388 4557 2550 4612 super
2612 4557 2764 4596 mare
2818 4549 3081 4611 tanquam
3137 4552 3302 4609 super
3348 4539 3576 4594 solidam

1925 4657 1970 4712 ι)
1997 4643 2197 4692 terram
2219 4634 2549 4690 ambulabat.
2573 4633 2836 4689 Eumdem
2871 4633 3033 4702 igitur
3057 4633 3224 4687 Deum
3251 4640 3303 4685 et
3331 4631 3580 4685 eumdem

1997 4729 2285 4784 Dominum
2311 4727 2658 4782 conﬁtemur.
2716 4723 2860 4790 Quid
2899 4723 3044 4779 enim
3101 4723 3319 4788 mirum,
3350 4723 3396 4773 si
3419 4720 3584 4773 homo

1995 4821 2288 4892 quispiam,
2315 4820 2505 4890 quales
2538 4833 2636 4873 nos
2674 4831 2884 4881 sumus,
2913 4814 3006 4869 Dei
3041 4822 3312 4883 potestate
3344 4813 3578 4866 miracu-

1996 4915 2046 4971 la
2075 4915 2252 4970 facere
2275 4912 2524 4969 dicatur?
2556 4909 2752 4966 Verum
2804 4916 2862 4961 ut
2903 4908 3068 4961 Deum
3123 4906 3296 4975 ipsum
3341 4901 3580 4961 Verbum

1997 5024 2117 5080 sese
2143 5007 2454 5064 exinanisse
2485 5005 2640 5061 nobis
2667 5003 2959 5058 ostendant
3011 5000 3206 5055 divina:
3261 5002 3582 5071 Scriptum.

2000 5114 2106 5155 non
2136 5099 2410 5168 opinione,
2445 5095 2539 5151 sed
2591 5092 2837 5154 veritate,
2895 5105 3059 5145 unum
3114 5100 3275 5161 atque
3333 5096 3582 5146 eumdem

2002 5190 2157 5245 nobis
2202 5187 2470 5242 allii-ruant
2503 5186 2556 5240 in
2589 5181 3063 5254 praedicationibus
3113 5184 3500 5254 prephetarum
3532 5195 3589 5236 et

2003 5281 2392 5352 apostolorum.

2214 5441 2300 5496 Ea:
2330 5441 2566 5508 Epistola
2595 5443 2662 5496 ad
2693 5440 2953 5497 Joannem
2981 5437 3376 5495 Antiochenam.

2074 5535 2408 5592 Conﬁtemur
2432 5537 2595 5606 igitur
2618 5536 2906 5592 Dominum
2931 5543 3174 5590 nostrum
3208 5529 3394 5586 .lesum
3428 5529 3590 5586 Chri-

2008 5641 2173 5695 stum,
2202 5628 2396 5683 Filium
2426 5629 2516 5683 Dei
2547 5628 2906 5699 unigenitum,
2960 5627 3126 5682 Deum
3179 5623 3502 5694 perfectum,
3536 5635 3593 5681 et

326 5730 500 5791 λειον,
533 5729 626 5780 καὶ
671 5727 957 5793 ἄνθρωπον
1004 5725 1228 5785 τέλειον,
1261 5727 1326 5775 ὲκ
1354 5722 1530 5791 ψυχῆς
1562 5724 1782 5790 λογικῆς
1813 5723 1888 5774 κα]

2011 5721 2309 5790 perlectum
2334 5720 2628 5784 hominem,
2665 5734 2728 5774 ex
2768 5719 2947 5772 anima
2976 5716 3184 5771 ratione
3213 5714 3434 5784 prmdita
3467 5730 3593 5769 cor-

333 5821 612 5888 σώματος,
642 5819 748 5885 ⁴πρὸ
767 5817 977 5871 αίὼνων
1011 5815 1108 5886 μὲν
1137 5817 1197 5866 ἓν
1223 5813 1316 5867 τοῦ
1342 5815 1552 5884 Πατρὸς
1573 5813 1888 5882 γεννηθέντι

2013 5828 2248 5883 poreque
2275 5821 2636 5876 constantem,
2670 5819 2792 5866 ante
2823 5809 3018 5866 saecula
3058 5810 3276 5879 quidem
3321 5824 3386 5866 ex
3436 5808 3594 5863 Patre

334 5912 476 5968 κατὰ
506 5912 602 5980 τὴν
635 5910 895 5980 θεόῑητα,
940 5907 1026 5961 ἐπ’
1062 5907 1303 5978 ἐσχάτων
1333 5907 1387 5960 δὲ
1421 5905 1524 5959 τῶν
1563 5905 1786 5978 ἡμερῶν
1815 5909 1888 5961 τὸι

2016 5905 2252 5977 gvnitum
2285 5906 2578 5961 secundum
2612 5903 2972 5970 divinitatem,
3027 5901 3083 5957 in
3118 5899 3376 5956 extremis
3403 5907 3588 5952 autem
