4094 6300
547 482 651 549 991
1797 469 2110 531 EUTllYM
2123 467 2164 528 1]

2130 467 2180 528 lI
2218 467 2575 528 ZIGABENI
3237 423 3241 426 ’
3393 416 3395 419 ’
3663 478 3747 542 992

544 601 736 654 diebus
792 595 1040 652 eumdem
1100 601 1320 663 propter
1368 606 1468 647 uos
1501 600 1554 647 et
1618 597 1844 661 propter
1891 597 2132 643 nostram

2129 609 2132 638 ι
2163 593 2208 652 Α
2239 588 2406 642 αὐτὸν
2437 586 2508 641 δι’
2551 585 2699 656 ἡμᾶς
2737 583 2832 639 καὶ
2861 583 2951 638 διὰ
2975 583 3074 654 τὴν
3103 584 3374 657 ἡμετέραν
3417 593 3662 660 σωτηρίαν
3694 597 3746 649 ἐκ

543 692 771 745 salutem
794 703 859 742 ex
886 686 1050 740 Maria
1076 693 1266 739 natum
1302 681 1526 754 Virgine
1550 683 1852 738 secundum
1881 681 2130 734 humani-

2231 679 2450 750 Μαρίας
2482 679 2582 747 τῆς
2624 676 2908 745 Παρθένου
2955 676 3097 730 κατὰ
3128 677 3222 746 τὴν
3248 678 3634 750 ἀνθρωπότητα.
3667 687 3748 739 Δύο

545 789 730 835 tatem.
763 778 998 832 Duarum
1047 775 1191 830 enim
1242 783 1560 828 naturarum
1619 771 1931 841 coniunctio
1989 771 2128 824 iacta

2231 773 2342 842 γὰρ
2388 770 2607 838 φύσεων
2656 769 2852 831 ῑνωσις
2901 769 3134 837 γέγονεο
3162 769 3241 822 διὸ
3285 770 3380 824 ἕνα
3420 771 3650 840 Χριστὸν,
3676 778 3750 830 ἕνα

543 881 646 926 est.
694 866 1052 935 Quamobrem
1117 879 1279 918 unum
1326 863 1622 928 Christum,
1687 877 1848 916 unum
1903 860 2125 927 Filium,

2230 863 2384 926 Υίδν,
2408 863 2502 916 ἕνα
2528 860 2731 932 Κύριον
2756 859 3149 929 ὁμολογοῦμεν.
3179 861 3333 915 Κατὰ
3357 861 3550 933 ταύτην
3571 864 3653 936 τὴν
3676 868 3747 937 τῆς

547 975 707 1014 ιιιιιιιι
743 958 1028 1012 Dominum
1050 956 1371 1010 confitemur
1402 972 1416 1009 :
1448 963 1503 1010 et
1528 955 1628 1008 hac
1673 953 1891 1022 quidem
1944 953 2126 1008 incon-

2229 952 2538 1023 ἀσυγχύτου
2567 951 2812 1015 ὲνὼσεως
2861 949 3068 1005 ἔννοιαν
3096 951 3458 1021 ὁμολογοῦμεν
3493 955 3582 1026 τὴν
3619 957 3751 1024 ἁγίαν

546 1055 675 1107 fusa
730 1048 1133 1117 coniunctionis
1211 1047 1434 1102 notione
1500 1046 1822 1100 confitemur
1880 1053 2126 1100 sanctam

2230 1044 2507 1114 Παρθένον
2536 1042 2818 1106 Θεοτόκον,
2847 1041 2937 1095 διὰ
2983 1041 3045 1096 τὸ
3073 1042 3165 1095 τὸν
3209 1041 3342 1096 Θεὸν
3385 1045 3545 1112 Λόγον
3574 1064 3751 1117 σαρκω-

545 1143 821 1211 Virginem
853 1155 974 1195 esse
1009 1139 1102 1195 Dei
1126 1137 1456 1194 Geuitricem
1483 1155 1497 1192 :
1527 1136 1778 1206 quoniam
1821 1134 1962 1190 Deus
2001 1132 2132 1188 Ver-

2230 1136 2412 1208 θῆναι,
2443 1136 2540 1190 καὶ
2588 1133 3031 1206 ὲνανθρωπῆσαι,
3070 1136 3164 1188 καὶ
3204 1134 3264 1202 ἐξ
3291 1136 3454 1208 αὐτῆς
3479 1139 3570 1208 τῆς
3597 1142 3751 1214 συλλή.

546 1237 673 1290 bum
699 1249 827 1289 caro
850 1242 906 1286 et
927 1233 1092 1286 homo
1122 1231 1297 1287 factus
1317 1239 1423 1296 est,
1457 1239 1513 1284 et
1541 1236 1608 1284 ex
1661 1228 1775 1297 ipsa
1818 1228 2130 1300 conceptio-

2052 1228 2130 1282 io-
2229 1230 2378 1301 ψεως
2409 1230 2613 1283 ὲνῶσαι
2639 1226 2820 1297 ἑαυτῷ
2849 1226 2942 1279 τὸν
2967 1225 3026 1292 ἐξ
3055 1226 3224 1297 αὐτῆς
3249 1227 3513 1298 ληφθέντα
3540 1231 3667 1287 ναόν.

548 1344 614 1383 ne
671 1327 774 1383 sibi
848 1328 1104 1397 templum
1153 1340 1218 1380 ex
1280 1324 1368 1378 illa
1432 1333 1703 1393 sumptum
1778 1322 2024 1393 adjuuxll
2074 1331 2132 1378 et

545 1421 835 1489 Cspulttvil.

619 1513 704 1568 Ea:
733 1514 968 1567 oratione
1000 1512 1071 1565 a'l
1109 1513 1509 1581 angustissimas
1557 1511 1800 1566 dominas
1841 1507 2042 1563 habita.

2338 1501 2456 1557 Τοῦ
2481 1501 2672 1581 αὐτρῦ
2699 1501 2768 1554 ἐκ
2794 1501 2911 1581 ,τσῦ
2937 1502 3088 1569 πρὸς
3115 1501 3224 1566 τὰς
3266 1501 3671 1581 εὐσεϐεστάτας

2585 1572 2917 1636 δεσποίνας
2943 1571 3462 1642 προσφωνητικοῦ.

620 1668 679 1722 Si
751 1682 902 1722 sacra
951 1665 1114 1735 Virgo
1177 1666 1347 1720 Deum
1417 1666 1762 1720 incarnatqu
1823 1663 2126 1721 secundum

2302 1666 2364 1718 El
2421 1664 2497 1736 μὴ
2561 1664 2748 1717 τέτοκε
2814 1664 3094 1731 σαρκικῶς
3155 1663 3506 1733 σαρκωθέντα
3569 1663 3749 1734 Θεδνή

548 1776 768 1816 carnem
857 1774 962 1814 non
1067 1757 1327 1828 peperit,
1416 1757 1503 1812 vel
1586 1755 1742 1811 inviti
1821 1755 2130 1811 concedant

2124 1792 2130 1808 .
2232 1759 2367 1826 ἁγία
2399 1757 2697 1826 ῐιαρθένος,
2733 1757 2884 1809 πᾶσά
2919 1772 3034 1818 πως
3062 1755 3282 1824 ἀνάγκη
3310 1755 3404 1808 καὶ
3433 1757 3526 1824 οὐχ
3554 1756 3741 1816 ἑκόντας

550 1861 804 1922 oportet,
877 1850 1151 1905 hominem
1223 1858 1431 1904 tantum
1487 1848 1796 1918 vulgarem,
1863 1847 2129 1915 nobisque

2231 1850 2430 1910 αὐτοὺς
2463 1848 2770 1918 ὁμολογεῖν,
2793 1847 2878 1901 ὃτι
2908 1846 3086 1900 κοινὸν
3117 1847 3450 1915 γεγέννηκεν
3485 1844 3749 1915 ἄνθρωπον,

556 1944 726 1997 nihilo
757 1941 1191 1996 excellentiorem
1271 1940 1326 1992 in
1366 1940 1545 1994 lucem
1577 1939 1833 1994 edidisse.
1883 1936 2037 2004 Quod
2081 1936 2126 1990 si
2161 1938 2173 1991 1

2161 1938 2199 1991 Β
2227 1941 2380 1995 οὐδὲν
2410 1941 2601 2009 ἔχοντα
2635 1940 2768 2008 παρ’
2804 1939 2953 2008 ἡμᾶς
3002 1939 3062 1991 τὸ
3095 1939 3302 1990 πλεῖον.
3337 1932 3468 1990 Εἶτα
3499 1938 3602 2000 πῶς
3631 1938 3751 2004 αὐτῷ

555 2051 644 2090 res
694 2035 765 2087 ita
831 2049 888 2087 se
951 2035 1146 2094 habet,
1201 2045 1308 2100 qua
1377 2033 1602 2085 obsecro
1654 2024 1901 2094 ratione,
1965 2043 2130 2084 omne

2229 2029 2442 2099 κάμψει
2495 2032 2605 2082 πᾶν
2655 2029 2808 2096 γόνυ,
2853 2029 2948 2080 καὶ
3005 2031 3149 2080 πᾶσα
3200 2027 3422 2095 γλῶσσα
3473 2027 3753 2096 ἐξομολογή-

553 2137 696 2193 genu
739 2122 814 2176 illi
870 2121 1285 2186 incurvabitur,
1334 2118 1622 2188 omnisque
1673 2119 1852 2189 lingua
1905 2117 2130 2174 conﬁte-

2229 2136 2404 2185 σεται,
2445 2119 2526 2172 ὃτι
2570 2117 2777 2186 Κύριος
2818 2118 3029 2184 Ἰησοῦς
3066 2117 3306 2187 Χριστὸς
3339 2117 3418 2176 είς
3469 2114 3612 2179 δόξαν
3645 2115 3753 2167 Θεοῦ

555 2213 722 2275 bitur,
777 2212 920 2281 quod
968 2211 1230 2265 Dominus
1277 2222 1464 2266 noster
1509 2209 1667 2266 Jesus
1721 2220 1806 2265 est
1853 2213 1909 2264 in
1955 2210 2156 2281 gloria_

2149 2267 2156 2272 _
2227 2211 2476 2279 Πατρόςς
2515 2209 2636 2269 Πῶς
2669 2208 2818 2278 αὐτῷ
2850 2209 3255 2280 προσκυνοῦσιν
3292 2208 3529 2275 ἄγγελοι,
3557 2208 3754 2261 καὶτῶν

552 2301 647 2354 Dei
695 2298 949 2357 Patris“!
1006 2297 1292 2364 Quomodo
1331 2300 1528 2370 angeli,
1574 2309 1629 2356 et
1673 2315 1829 2355 sacer
1878 2301 1968 2355 ille
2014 2315 2127 2355 cm-

2227 2304 2487 2359 ἀνωτάτω
2539 2303 2821 2370 δυνάμεων
2878 2303 2911 2372 ἠ
2961 2302 3090 2368 ἁγία
3130 2301 3384 2370 πληθύςς
3417 2297 3537 2369 'Ap’
3571 2300 3654 2353 οῦν
3679 2302 3754 2352 ἀν-

550 2391 765 2446 lestium
835 2390 1096 2445 virtutum
1158 2399 1332 2445 cretus
1399 2391 1552 2445 illum
1608 2391 1889 2446 adoret'?
1956 2389 2129 2446 Num-

2227 2392 2429 2463 θρὼπῳ
2477 2391 2642 2460 κοινῷ
2689 2391 3020 2460 λελάτρευκε
3073 2389 3198 2459 μεθ’
3250 2391 3407 2460 ἡμῶν
3456 2390 3542 2442 καὶ
3569 2390 3754 2459 σύμπας

549 2481 682 2548 quid
737 2480 1012 2534 hominem
1055 2495 1427 2545 communem,
1456 2492 1512 2536 et
1570 2497 1672 2537 nos
1706 2490 1761 2536 et
1809 2482 2126 2538 universum

2227 2487 2254 2538 ὁ
2288 2485 2550 2554 οὐρανόςς
2578 2483 2668 2553 Μὴ
2697 2483 2909 2551 γένοιτο
2931 2499 2945 2514 ο
2983 2481 3403 2552 προσκυνοῦμεν
3433 2482 3533 2550 γὰρ
3557 2479 3624 2542 ὡς
3645 2479 3751 2531 Θεὸν

551 2571 753 2626 ccelum
823 2572 1086 2627 hactcnus
1150 2573 1517 2642 percolimus?
1575 2575 1777 2629 Absit:
1831 2576 2127 2630 adoramus

2227 2575 2483 2646 ἀληθινὸν
2531 2577 2624 2629 τὸν
2686 2575 3062 2646 Ἐμμανουήλ.
3103 2575 3303 2626 Ἔσται
3354 2574 3410 2626 δὲ
3448 2574 3540 2642 οὐχ
3585 2571 3751 2640 ἑτέρως

552 2662 698 2715 cnim
736 2660 1144 2716 Emmanuelem
1193 2672 1449 2734 tanquam
1494 2681 1681 2719 verum
1719 2665 1916 2721 Deum.
1963 2667 2127 2736 Atqui

2229 2669 2626 2742 προσκυνητὸς,
2656 2669 2750 2721 ἐὰν
2797 2669 2874 2736 μὴ
2925 2667 3301 2736 πιστεύωμεν,
3341 2666 3421 2719 ὅτι
3460 2666 3609 2726 αὐτὸς
3640 2665 3664 2715 6
3701 2665 3750 2714 ὲκ

551 2752 701 2805 nulla
734 2753 946 2806 ratione
993 2753 1206 2808 adorari
1250 2762 1448 2823 potest,
1481 2755 1588 2809 nisi
1625 2756 1912 2810 credamus
1947 2757 2123 2823 ipsum

2228 2760 2362 2816 Θεοῦ
2387 2761 2580 2829 Λόγος,
2615 2762 2643 2812 ὁ
2669 2760 2822 2828 παρὰ
2849 2759 3033 2826 πάσης
3065 2760 3163 2830 τῆς
3197 2758 3430 2818 κτίσεως
3459 2753 3753 2824 προσκυνού-

552 2842 646 2894 Dei
683 2841 861 2897 Patris
895 2843 1153 2910 Verbum,
1177 2845 1320 2914 quod
1349 2846 1418 2900 ab
1446 2845 1697 2902 universa
1716 2855 1964 2901 creatura
1990 2847 2124 2901 ado-

2229 2868 2411 2922 μενος,
2456 2849 2592 2919 σὰρξ
2651 2849 2869 2916 ἐγένετο
2918 2849 3060 2900 κατὰ
3112 2848 3209 2911 τὰς
3255 2846 3513 2915 Γραφάςο
3547 2844 3637 2896 οὐκ
3680 2843 3746 2903 είς

551 2943 722 3000 ratur,
758 2935 1059 2990 secundum
1111 2935 1426 3007 Scripturas
1458 2953 1678 2993 carnem
1724 2937 1930 2992 factum
1965 2954 2122 2995 esse:

2227 2941 2408 3011 σάρκα
2441 2938 2942 3007 μεταϐεϐλημένος,
2963 2936 3078 2992 ἀλλ’
3113 2937 3180 2990 ὲκ
3207 2939 3308 3005 τῆς
3337 2935 3493 3003 ἁγίας
3515 2932 3752 3002 Παρθένου

559 3037 668 3076 non
718 3022 858 3092 quod
915 3024 968 3077 in
1027 3038 1248 3080 carnem
1303 3026 1638 3082 demutatum
1697 3028 1996 3091 transierit,
2032 3027 2127 3081 sed

2232 3028 2410 3098 σάρκα
2443 3029 2641 3093 λαϐὼν,
2677 3029 2750 3092 ὡς
2779 3031 2934 3099 ἔφην,
2970 3030 3064 3082 καὶ
3105 3031 3452 3102 ἀνθρωπίνην
3483 3030 3591 3101 μεθ’
3619 3026 3749 3098 ἡμῶν

572 3111 714 3179 quod
749 3125 815 3164 ex
849 3110 960 3179 ipsa
995 3124 1146 3165 sacra
1181 3109 1399 3181 Virgine
1430 3126 1647 3166 carnem
1689 3115 2004 3183 susceperit,
2033 3115 2132 3168 hu-

2131 3149 2132 3153 η
2236 3117 2534 3186 ὑπομείνας
2583 3120 2872 3189 γέννησιν·
2936 3121 3024 3173 ἵνα
3079 3123 3171 3173 καὶ
3222 3123 3499 3191 ἄνθρωπος
3549 3116 3748 3188 γεγονὼς

565 3216 913 3271 mauamque,
966 3209 1024 3254 ut
1077 3209 1202 3254 ante
1257 3201 1558 3271 expositum
1615 3213 1719 3268 est,
1774 3204 2182 3278 nativitatem,(

2156 3224 2196 3278 ρ
2233 3208 2373 3277 ὑπὲρ
2426 3210 2603 3279 ἡμῶν,
2649 3210 2894 3281 ἀποθάνῃ
2937 3211 3034 3278 μὲν
3084 3211 3456 3282 ἀνθρωπίνως,
3491 3209 3672 3274 ἀναστῇ
3703 3203 3747 3257 δὲ

560 3292 788 3361 perinde
816 3308 878 3347 ac
909 3309 1024 3356 nos,
1057 3294 1350 3360 subiverit;
1387 3309 1491 3363 quo
1527 3295 1781 3348 nimirum
1825 3295 1988 3349 homo
2029 3310 2127 3349 no-

2231 3298 2452 3362 θεῖκῶς,
2483 3300 2730 3372 πατήσας
2768 3301 2861 3354 τοῦ
2892 3301 3120 3355 θανάτου
3149 3303 3211 3354 τὸ
3252 3303 3464 3372 κράτος.
3495 3299 3635 3353 Οὕτω
3661 3295 3749 3363 γὰρ

560 3385 657 3439 stri
695 3399 854 3439 causa
886 3383 1107 3450 factum,
1142 3400 1294 3439 more
1327 3385 1545 3452 quidem
1578 3383 1808 3438 aliorum
1851 3385 2128 3439 hominum

2229 3385 2298 3460 ἦν
2346 3390 2604 3444 δύνασθαι
2654 3393 2747 3445 καὶ
2787 3394 2932 3462 ἡμᾶς
2973 3393 3049 3454 ὼς
3093 3393 3151 3446 ὲν
3198 3393 3418 3464 Χριστῷ
3465 3391 3750 3461 νικήσαντας

563 3485 790 3528 mortem
822 3482 1118 3543 pateretur,
1162 3474 1472 3544 proculcato
1502 3483 1680 3530 autem
1724 3476 1915 3530 mortis
1958 3476 2128 3545 impe-

2237 3483 2713 3552 κατευμεγεθῆσαι
2751 3485 2849 3553 μὲν
2877 3483 2975 3552 τῆς
3011 3484 3308 3554 ἁμαρτίας,
3341 3479 3683 3536 ἀποδύσασθαι
3705 3473 3750 3526 δὲ

562 3560 664 3624 rio,
697 3560 876 3616 divina
913 3562 963 3616 vi
1000 3577 1213 3616 rursum
1255 3573 1583 3632 resurgeret.
1631 3562 1741 3617 Hoc
1784 3564 1926 3618 enim
1968 3566 2129 3622 modo

2233 3568 2332 3640 τὴν
2366 3570 2593 3641 φθορὰν,
2633 3572 2726 3625 καὶ
2759 3572 3042 3640 διαδρᾶναι
3074 3571 3326 3636 θάνατον,
3358 3571 3492 3624 οὕτω
3529 3586 3581 3622 τε
3607 3567 3751 3618 εἰπεῖν

562 3647 764 3702 factum
798 3659 902 3715 est,
933 3659 993 3706 ut
1034 3665 1133 3706 nos
1179 3665 1394 3720 quoque
1439 3666 1536 3721 per
1581 3651 1856 3708 Christum
1893 3654 2130 3721 vincere,

2233 3660 2297 3712 ὲκ
2329 3663 2685 3732 περιχαρείας
2729 3664 2828 3732 τῆς
2854 3665 2912 3716 ὲν
2965 3665 3214 3735 Χριστῷ·
3251 3685 3271 3716 ι
3307 3664 3412 3718 Ποῦ
3444 3666 3474 3731 ἡ
3503 3662 3613 3730 νίκη
3645 3675 3748 3717 σου,

561 3747 888 3809 peccatoque
925 3740 1208 3806 debellato,
1237 3756 1301 3796 ac
1334 3743 1506 3810 posita
1559 3743 1904 3812 corruptione
1927 3783 1942 3810 ,
1983 3761 2131 3800 mor-

2231 3747 2460 3815 Θάνατε;
2509 3751 2612 3804 ποῦ
2641 3752 2703 3804 τὸ
2730 3753 2953 3822 κέντρον
2985 3770 3100 3818 σου,
3131 3753 3272 3822 ᾅδης
3309 3771 3325 3802 ι
3357 3753 3556 3818 Ὥσπερ
3584 3745 3678 3814 γὰρ
3705 3744 3749 3794 ὲν

565 3843 670 3886 tem
700 3830 931 3901 eﬂ'ugere
962 3845 1262 3909 possemus,
1293 3831 1586 3902 laetitiaque
1634 3833 1685 3886 in
1724 3831 1945 3888 Christo
1987 3835 2127 3903 pleni

2242 3839 2416 3910 ’Δδὰμ
2457 3839 2844 3910 πεπτώκαμεν,
2890 3840 3031 3894 οὕτω
3075 3842 3436 3911 νενικήκαμεν
3467 3841 3519 3890 ἐν
3547 3829 3749 3903 Χριστῷ.

570 3925 912 3979 diceremus:
949 3942 968 3974 ι
1006 3920 1106 3978 Ubi
1134 3933 1236 3989 est,
1267 3937 1433 3991 mors,
1473 3923 1697 3978 victoria
1742 3928 1876 3980 tua?
1922 3926 2008 3981 ubi
2041 3937 2122 3983 est
2161 3929 2414 3984 stimulus
2437 3941 2582 3994 tuus,
2623 3931 2832 3986 inferne
2856 3932 2940 3985 ἐἳ
2966 3951 2985 3983 ι
3023 3931 3090 3986 Ut
3143 3933 3287 3985 enim
3320 3931 3370 3983 iu
3405 3929 3562 3982 Adam
3586 3919 3747 3978 devicti

571 4028 777 4081 sumus,
807 4014 878 4069 ita
903 4030 1112 4070 rursum
1141 4016 1195 4070 in
1227 4015 1442 4071 Christo
1475 4017 1790 4072 devicimus.

774 4106 927 4172 Quod
957 4106 1002 4162 si
1037 4107 1274 4177 vulgaris
1305 4117 1513 4188 tantum
1549 4107 1708 4162 homo
1735 4115 1880 4163 esset
1909 4106 2125 4162 Emma-

2431 4113 2490 4166 Εἰ
2519 4113 2574 4166 δὲ
2610 4113 2894 4184 ἄνθρωπος
2931 4107 2999 4183 ἦν
3032 4111 3203 4175 κοινὸς
3237 4111 3265 4163 ό
3295 4104 3635 4179 Ἐμμανουὴλ.
3659 4099 3750 4160 πῶς

567 4197 710 4262 nuel,
739 4198 1006 4267 quomodo
1041 4213 1182 4253 mors
1211 4199 1446 4253 hominis
1473 4198 1719 4252 huruaua:
1743 4208 1946 4253 natura:
1972 4214 2128 4268 opem

2234 4200 2302 4254 ἂν
2325 4201 2572 4272 ὠφέλησε
2601 4205 2700 4274 τὴν
2743 4202 3031 4275 ἀνθρώπου
3060 4202 3219 4271 φύσιν
3253 4204 3280 4255 ὸ
3305 4198 3577 4269 ἀνθρώπου
3619 4194 3750 4246 θάνα-

563 4288 817 4344 tulisset?
850 4287 1136 4342 Enimvero
1187 4303 1293 4342 non
1349 4289 1508 4359 pauci
1547 4296 1856 4343 sanctorum
1907 4290 2136 4357 prephe-

2130 4316 2136 4326 -
2233 4307 2356 4359 τοςς
2407 4292 2598 4346 Καίτοι
2649 4294 2832 4347 πολλοὶ
2877 4291 3258 4364 προαπέθανον
3313 4291 3453 4358 ἅγιοι
3499 4283 3747 4354 προφῆται.

565 4389 740 4432 tarum
769 4387 997 4433 mortem
1029 4377 1304 4443 obierunt,
1333 4388 1388 4434 ut
1421 4379 1824 4434 laudatissimus
1853 4377 1943 4433 ille
1968 4379 2136 4432 Abra-

2131 4408 2136 4420 ι
2247 4382 2498 4453 Ἀϐραὰμ
2546 4385 2752 4446 ἐκεῖνος
2797 4387 2825 4437 ὁ
2868 4383 3183 4453 διαϐόητος,
3221 4380 3424 4441 Ἰσαὰκ,
3455 4377 3542 4430 καὶ
3572 4367 3748 4430 Ἰακὼὸ,

563 4471 714 4535 ham,
767 4467 938 4533 lsaac,
987 4468 1191 4536 Jacob,
1237 4469 1482 4540 Moyses,
1533 4467 1782 4534 Samuel,
1834 4469 2136 4539 reliquique

2131 4490 2136 4520 ι
2232 4472 2438 4544 Μωσῆς
2469 4490 2550 4537 τε,
2583 4474 2678 4527 καὶ
2707 4475 2960 4545 Σαμουὴλ
2984 4513 2999 4536 ,
3037 4474 3128 4526 καὶ
3170 4474 3218 4525 oi
3265 4470 3489 4540 καθεξῆς
3511 4461 3748 4536 γεγονότες

563 4561 840 4630 deinceps,
873 4560 964 4630 qui
995 4560 1120 4614 vitae
1149 4560 1509 4618 sanctimonia
1534 4559 1840 4615 claruerunt
1867 4577 1882 4626 ;
1913 4575 2133 4615 verum-
2166 4581 2180 4638 ι

2131 4590 2133 4598 π
2166 4581 2210 4638 υ
2235 4559 2381 4629 ἅγιοι
2401 4578 2414 4590 ·
2447 4560 2561 4614 ἀλλ’
2584 4561 2759 4632 ὢνησε
2800 4562 2899 4632 μὲν
2928 4562 3078 4615 οὐδὲν
3109 4562 3167 4614 τὸ
3193 4561 3286 4613 ἐπὶ
3315 4559 3415 4628 γῆς
3447 4555 3546 4609 τῶν
3572 4545 3748 4638 evapo-

566 4663 746 4708 tamen
785 4667 930 4708 mors
985 4650 1201 4707 illorum
1236 4651 1417 4720 generi
1469 4650 1706 4706 humano
1739 4649 1871 4704 nihil
1912 4649 2134 4704 omnino
2167 4635 2183 4638 “

2130 4674 2134 4695 ν
2167 4635 2196 4638 ⁷
2234 4668 2352 4704 πων
2381 4649 2535 4718 γένος
2567 4652 2596 4704 ὁ
2629 4652 2852 4704 ἐκείνων
2881 4651 3129 4716 θάνατος,
3153 4650 3358 4702 σέσωκε
3386 4647 3439 4699 δὲ
3465 4645 3492 4696 ὁ
3513 4635 3747 4712 Χριστοῦ·

562 4743 791 4799 contulit
821 4759 836 4797 :
871 4752 928 4799 at
974 4757 1102 4798 vero
1137 4757 1284 4797 mors
1330 4739 1531 4796 Christi
1566 4739 1791 4796 salutem
1842 4741 2130 4811 praestitit;

2235 4741 2642 4812 προσκεκόμικε
2679 4743 2788 4812 γὰρ
2825 4742 2963 4813 ὑπὲρ
2995 4741 3152 4813 ἡμῶν
3180 4739 3277 4810 τὴν
3305 4737 3436 4790 ἰδίαν
3479 4733 3656 4802 σάρκα,
3677 4721 3751 4778 καὶ

565 4836 830 4905 siquidem
858 4835 1130 4906 propriam
1159 4847 1256 4904 pro
1298 4831 1452 4888 nobis
1650 4846 1870 4887 carnem
1915 4831 2131 4897 obtulit,

2231 4832 2357 4896 δοὺς
2386 4831 2588 4903 αὐτὴνὶ
2647 4831 2725 4902 τῷ
2753 4832 2968 4902 θανάτῳ
3014 4831 3082 4884 δι’
3123 4831 3292 4900 ἡμᾶς,
3331 4827 3529 4887 πάντας
3558 4816 3750 4906 etiam?

565 4903 836 4994 mortique
859 4903 1212 4992 semetipsum
1238 4921 1408 4978 nostri
1436 4934 1599 4976 causa
1636 4923 1979 4985 contradens,
2013 4934 2133 4974 om-

2231 4923 2342 4977 τῶν
2387 4923 2481 4977 τοῦ
2525 4923 2754 4977 θανάτου
2803 4922 3039 4993 δεσμῶν.
3085 4921 3324 4991 Ἥρκεσε
3375 4917 3477 4986 γὰρ
3527 4907 3600 4974 εἷς
3637 4903 3750 4994 ὑπὲρ

565 5027 664 5069 nes
687 4991 760 5068 es
796 5013 987 5068 mortis
1018 4991 1222 5081 laqueis
1255 5013 1479 5067 exemit.
1532 5009 1682 5065 Unus
1713 5010 1856 5064 enim
1892 5024 1989 5080 pro
2017 5024 2133 5064 om-

2131 5040 2133 5048 π
2234 5014 2455 5067 πάντων
2503 5011 2788 5067 ἀποθανὼν
2845 5015 2874 5066 ό
2924 5013 3140 5068 πάντων
3186 5010 3504 5080 ἀξιώτερος,
3555 5003 3629 5054 ὅτι
3673 4991 3748 5081 καί

565 5106 725 5160 nibus
757 5103 994 5158 moriens
1037 5103 1317 5167 satisfecit,
1370 5113 1428 5156 ut
1466 5102 1555 5172 qui
1591 5101 1880 5172 plurimum
1912 5099 2134 5154 'czcteris

2128 5117 2134 5149 ι
2235 5104 2398 5176 φύσει
2432 5105 2564 5167 Θεὸς
2593 5105 2620 5157 ὁ
2651 5104 2714 5157 ὲκ
2741 5105 2952 5174 Πατρός
2985 5106 3100 5158 ἐστι
3126 5077 3318 5172 Λόγος,
3347 5077 3439 5153 καὶ
3471 5095 3588 5146 [διον
3613 5077 3745 5176 αὐτοῦ

564 5198 817 5253 omnibus
877 5197 1136 5268 dignitate
1188 5170 1498 5266 praestaret.
1540 5170 1678 5250 Nam
1716 5204 1771 5251 et
1819 5195 1913 5249 Dei
1958 5195 2134 5251 Patris

2129 5212 2134 5248 ι
2235 5170 2416 5263 σῶμα,
2447 5192 2506 5245 τὸ
2531 5192 2670 5264 ὑπὲρ
2705 5170 2875 5263 ἡμῶν*
2893 5195 2972 5256 είς
2996 5193 3172 5261 ὀσμὴν
3200 5170 3421 5251 εὐωδίας
3449 5183 3520 5254 τῷ
3542 5176 3646 5271 θεῷ
3671 5170 3746 5271 κῗὶ

569 5289 800 5357 Verbum
835 5265 959 5354 est,‘
983 5296 1039 5344 et
1090 5265 1278 5341 natura
1323 5288 1483 5355 Deus,
1528 5299 1584 5344 et
1617 5301 1814 5356 corpus
1853 5290 1992 5356 quod
2038 5302 2134 5356 pro

2127 5307 2134 5336 ι
2235 5274 2413 5354 Πατρὶ
2445 5283 3006 5352 προσκεκομισμένον.
3054 5281 3263 5335 Οὐκοῦν
3309 5275 3526 5337 ἀσεϐὲς,
3555 5265 3744 5357 κιιίξῶν

566 5383 722 5439 nobis
754 5381 805 5437 in
834 5381 1055 5437 odorem
1084 5380 1368 5437 suavitatis
1411 5379 1518 5434 Deo
1561 5389 1617 5434 et
1659 5378 1804 5434 Patri
1848 5378 2130 5444 offerebat,

2126 5420 2130 5438 ,
2232 5352 2367 5426 λίαν
2387 5373 2802 5437 ὲκτοπωτάτων,
2835 5372 2896 5425 τὸ
2918 5371 3136 5444 τέμνειν
3164 5372 3240 5435 είς
3273 5367 3416 5430 etab;
3446 5364 3538 5419 δύο
3568 5355 3641 5410 τὸν
3667 5352 3743 5444 ἕνα

564 5479 707 5533 illius
747 5475 1022 5547 proprium
1077 5473 1194 5529 fuit.
1255 5470 1477 5541 lmpium
1520 5482 1604 5528 est
1651 5487 1814 5543 ergo,
1868 5471 2133 5540 longeque

2128 5488 2133 5522 ι
2233 5464 2437 5539 Κύριον
2469 5463 2682 5537 Ἰησοῦν
2723 5437 3375 5536 Χριστόν.”Λντιτάξεται
3415 5457 3466 5510 δὲ
3495 5449 3654 5547 αὐτοῖς
3671 5437 3745 5547 fl

563 5528 1033 5632 absurdissimum,
1087 5580 1254 5619 unum
1315 5563 1597 5619 Dominum
1651 5571 1892 5620 nostrum
1946 5559 2126 5618 Jesum

2123 5581 2126 5614 |
2237 5557 2265 5611 ὸ
2294 5528 2602 5628 σοφώτατος
2637 5528 2848 5619 Παῦλος
2880 5555 3086 5623 λέγων’
3129 5573 3148 5604 ι
3190 5528 3282 5616 Εἷς
3315 5549 3526 5619 Κύριος,
3546 5539 3636 5632 μία

564 5657 840 5713 Christum
870 5657 924 5712 in
955 5657 1088 5712 duos
1117 5656 1257 5712 ﬁlios
1297 5654 1569 5723 divellere,
1599 5656 1832 5710 maxime
1879 5669 2000 5709 cum
2045 5669 2131 5707 sa-

2125 5682 2131 5692 ·
2237 5613 2380 5713 στιςξ
2418 5647 2476 5700 ἓν
2508 5613 2874 5719 βάπτισμα.-)
2910 5613 2974 5702 Ei
3000 5645 3110 5718 γάρ
3153 5613 3274 5697 ἐστιν
3300 5613 3493 5710 Κύριος
3520 5624 3590 5692 εἷς
3647 5613 3742 5674 εἶτα

633 5849 904 5920 'Philipp.
930 5867 989 5914 tt,
1035 5852 1120 5919 10,
1169 5854 1246 5907 Il.
1329 5857 1345 5886 ³
1373 5857 1537 5911 Hebr.
1567 5873 1604 5921 ι,
1628 5858 1680 5909 ὓ.
1759 5855 1778 5885 ³
1801 5855 1925 5909 Cor.
1964 5870 2053 5923 xv,
2093 5854 2178 5911 1-5.
