4054 6286
335 403 444 461 993

1292 403 1660 463 PANOPLIA
1702 402 2156 470 DOGMATICA.
2189 432 2260 443 —
2295 408 2443 468 TlT.
2483 408 2600 467 XV.

3482 419 3589 484 994

329 541 591 609 τέμνουσί
617 561 758 608 τινες
797 547 876 610 είς
908 546 1001 601 δύο
1035 546 1182 607 υἱοὺς
1223 544 1313 597 τὸν
1345 544 1464 606 ἕνα,
1506 543 1611 596 τίνι
1657 544 1756 613 τὴν
1801 542 1898 613 τῆς

2018 547 2392 619 pientissimus
2425 547 2621 605 Paulus
2667 550 2791 605 huic
2829 555 3115 609 sententiae
3164 556 3365 612 diserte
3409 563 3583 615 recla-

328 632 652 701 κυριότητος
679 635 834 698 δόξαν
866 636 1266 706 περιθήσομεν;
1315 631 1422 705 ἆρα
1470 634 1546 705 τῷ
1592 636 1655 686 ὲκ
1691 632 1902 703 ιιατρδς

327 722 490 787 φύντι
538 724 729 793 Λόγῳ;
765 726 967 794 πρέπει
1018 726 1127 796 γὰρ
1172 725 1318 795 αὐτῷ
1348 726 1406 777 τὸ
1435 728 1532 795 τῆς
1580 723 1901 794 κυριότητος

327 810 503 881 ὖνομά
528 829 583 863 τε
621 813 855 881 μάλιστα
884 813 974 866 καὶ
1001 814 1210 884 χρῆμα,
1240 814 1334 866 καὶ
1363 812 1507 866 ἔστιν
1546 812 1760 882 ἀληθῶς
1789 811 1899 864 τῶν

327 902 466 954 ὅλων
496 904 793 972 Δεσπότης.
830 898 964 956 Εἶτα
998 905 1120 958 ὅποι
1151 905 1280 956 ποτὲ
1308 904 1398 956 τὸν
1426 904 1610 977 ἕτερον
1630 903 1896 975 θήσομεν;

327 992 434 1056 ἔξω
483 993 591 1064 γὰρ
621 994 862 1047 κείσεται
897 995 988 1049 τοῦ
1017 992 1155 1048 εἶναι
1194 995 1418 1065 Κύριος,
1445 996 1788 1067 παραχωρῶν
1821 995 1898 1065 τῷ

326 1085 760 1153 προύπάρχοντι,
802 1085 898 1137 καὶ
931 1086 1278 1157 ἁσυγκρίτως
1316 1087 1699 1156 ὐπερηρμένῳ.
1736 1085 1898 1137 Ἀλλὰ

326 1175 405 1245 τῷ
435 1176 499 1227 ἐκ
529 1175 804 1243 γυναικὸς,
836 1175 911 1238 ὡς
944 1177 1096 1229 αὐτοί
1138 1194 1301 1245 φασιν
1336 1176 1769 1240 ἀποδιιστάντες,
1799 1173 1899 1238 τὴν

326 1268 426 1335 τῆς
480 1266 797 1336 κυριότητος
847 1267 1126 1337 ἀνάψομεν
1164 1268 1337 1331 δόξαν.
1392 1262 1526 1320 Εἶτα
1578 1267 1695 1328 πῶς
1746 1265 1899 1319 ἔσται

326 1357 530 1424 Κύριος
571 1359 600 1409 6
640 1357 703 1409 ὲκ
742 1356 878 1409 Θεοῦ
914 1358 1127 1429 Πατρὸς
1166 1359 1358 1425 Λόγος,
1411 1359 1564 1429 εἴπερ
1599 1357 1747 1419 όντος
1779 1356 1898 1418 ἐνὸς

326 1446 551 1515 Κυρίου,
588 1446 729 1498 κατὰ
772 1446 872 1510 τὰς
920 1448 1178 1518 Γραφάς,
1224 1446 1497 1519 ἀνθρώπῳ
1527 1446 1665 1517 ψιλῷ
1702 1447 1763 1498 τὸ
1796 1446 1896 1516 τῆς

324 1537 642 1605 κυριότητος
667 1537 836 1608 ὄνομα
860 1538 1234 1608 χαριούμεθα;
1284 1538 1407 1601 Πῶς
1443 1538 1499 1591 δὲ
1531 1539 1624 1589 καὶ
1674 1537 1771 1606 μία
1805 1534 1896 1587 πί-

324 1644 477 1690 στις;
506 1627 538 1696 ἦ
571 1627 687 1690 πῶς
711 1628 769 1680 ἓν
792 1629 853 1681 τὸ
879 1629 1192 1700 βάπτισμα;
1227 1631 1290 1682 Ei
1321 1630 1427 1700 γὰρ
1455 1630 1560 1681 υίοὶ
1587 1627 1708 1692 δύο,
1757 1626 1896 1680 κατά

318 1736 498 1781 τινας,
542 1720 621 1780 είς
660 1718 781 1771 τίνα
830 1721 1191 1790 πιστεύομεν;
1236 1720 1349 1790 Τῆς
1388 1718 1610 1771 ἐκείνων
1656 1716 1893 1788 ἀμαθίας

321 1808 484 1878 ἔργον
525 1809 589 1860 ἂν
622 1808 706 1878 εἴη
738 1807 938 1874 λέγειν,
987 1808 1065 1872 εἷς
1095 1827 1147 1877 γι
1202 1810 1349 1872 τίνος
1409 1809 1579 1879 ὄνομα
1630 1803 1893 1878 βεϐαπτί-

322 1898 519 1968 σμεθα,
552 1898 727 1952 καίτοι
760 1898 1133 1969 βαπτίσματος
1170 1900 1320 1963 ὄντος
1351 1901 1490 1963 ἑνός.

2019 652 2146 697 met.
2178 643 2266 696 Ait
2305 643 2446 696 enim
2480 658 2495 695 :
2535 660 2554 692 ι
2598 640 2747 696 Unus
2781 644 3059 710 Dominus,
3096 663 3201 701 una
3240 648 3391 713 ﬁdes,
3419 665 3582 705 unum

2017 732 2282 799 baptisma
2336 733 2372 786 ⁸.
2414 751 2433 784 ι
2461 730 2601 800 _Nam
2631 734 2675 787 si
2710 750 2848 788 unus
2886 734 3144 789 duntaxat
3180 747 3260 790 est
3302 737 3581 804 Dominus,

2017 836 2174 889 quem
2207 822 2278 875 illi
2314 824 2366 877 in
2400 823 2532 877 duos
2567 824 2705 878 ﬁlios
2736 826 3084 891 distrahunt,
3112 827 3243 891 utri,
3281 843 3487 897 quaeso.
3514 842 3580 882 ex

2018 912 2124 967 illis
2171 912 2554 967 dominationis
2593 914 2815 983 gloriam
2862 916 3301 985 assignabimus?
3361 922 3441 971 An
3490 918 3581 972 Dei

2015 1003 2193 1058 Patris
2226 1005 2405 1072 genito
2436 1003 2648 1059 Verbo?
2672 1006 2724 1058 in
2760 1005 2903 1060 hunc
2932 1022 3180 1077 namque,
3208 1024 3327 1061 eum
3368 1010 3582 1062 univer-

2015 1108 2195 1147 sorum
2224 1093 2481 1147 Dominus
2512 1090 2686 1163 reipSa
2718 1094 2822 1158 sit,
2848 1104 2902 1149 et
2936 1098 3240 1151 dominatus
3270 1112 3495 1162 nomen,
3527 1107 3581 1151 et

2016 1199 2102 1239 res
2138 1184 2254 1251 ipsa
2286 1199 2501 1253 quoque
2533 1187 2701 1240 multo
2734 1189 2966 1243 maxime
2995 1189 3269 1242 convenit.
3304 1188 3448 1243 Cedo
3484 1205 3579 1241 au-

2015 1284 2147 1339 tem,
2187 1291 2293 1343 quo
2322 1275 2535 1330 interim
2586 1278 2704 1330 loco
2755 1275 2982 1331 alterum
3031 1277 3179 1331 illum
3220 1278 3581 1333 habebimus?

2012 1365 2145 1419 Nam
2182 1380 2301 1419 cum
2352 1366 2440 1420 hic
2482 1366 2646 1435 priori
2698 1366 2799 1431 illi,
2847 1375 3032 1436 utpote
3081 1367 3305 1422 inﬁnitis
3337 1368 3581 1436 partibus

2010 1455 2318 1521 excelsiori,
2355 1455 2476 1525 jure
2511 1457 2811 1525 meritoque
2856 1472 3108 1512 cessurus
3151 1458 3239 1522 sit,
3292 1473 3575 1512 necessum

2010 1556 2097 1601 est
2155 1556 2213 1601 ut
2259 1547 2640 1602 dominationis
2694 1546 2902 1601 titulum
2953 1539 3177 1615 prorsus
3224 1550 3455 1602 amittat.
3510 1552 3579 1602 At

2010 1638 2393 1693 dominationis
2425 1639 2629 1709 gloria,
2674 1649 2730 1692 ut
2770 1638 2843 1692 illi
2891 1639 2990 1708 ipsi
3030 1639 3119 1708 qui
3162 1649 3434 1708 separant,
3492 1638 3577 1693 di-

2009 1739 2161 1793 cunt,
2196 1745 2225 1782 ο
2261 1731 2483 1784 muliere
2514 1738 2776 1799 progualo
2807 1731 3091 1783 tribuetur.
3123 1728 3256 1784 Cum
3297 1728 3462 1797 igitur
3489 1744 3577 1783 sa-

2009 1835 2222 1872 crarum
2277 1820 2603 1872 Litterarum
2660 1820 2996 1883 testimonio,
3038 1836 3176 1874 unus
3228 1830 3439 1874 tantum
3500 1819 3575 1873 sit

1941 1888 1978 1942 Β
2012 1909 2303 1973 Dominus;
2339 1910 2384 1964 si
2415 1909 2796 1964 dominationis
2839 1909 3153 1964 vocabulum
3186 1912 3328 1966 nudo
3362 1909 3575 1965 homini

326 1995 695 2062 impartimur,
764 1998 1042 2065 quomodo
1078 1998 1173 2053 Dei
1206 1997 1379 2051 Patris
1436 1998 1670 2053 Verbum
1726 1999 2117 2056 dominationis
2161 2004 2523 2073 appellatione
2568 2006 3093 2063 cohonestabimus?
3120 2006 3405 2074 Quomodo
3451 2020 3571 2059 rur-

326 2102 450 2140 sum
483 2104 587 2142 una
644 2089 753 2144 erit
809 2091 959 2157 ﬁdes,
997 2103 1054 2148 et
1087 2109 1254 2147 unum
1293 2093 1420 2147 item
1449 2093 1752 2162 baptisma?
1776 2093 1909 2147 Nam
1940 2094 1983 2148 si
2017 2093 2126 2149 duo
2169 2107 2296 2151 sunt
2332 2096 2450 2165 ﬁlii,
2510 2108 2569 2153 ut
2630 2099 2844 2168 quidam
2873 2101 3188 2169 opinantur,
3221 2099 3273 2152 in
3306 2112 3465 2167 quem
3503 2109 3571 2148 ex

328 2187 439 2242 illis
471 2188 791 2244 credimus?
828 2189 1044 2244 Illorum
1096 2190 1326 2245 inseitiae
1393 2189 1721 2252 eritdicere,
1758 2191 1811 2241 in
1864 2190 2022 2261 cujus
2055 2191 2219 2247 etiam
2263 2195 2487 2251 nomine
2538 2196 2799 2266 baptizati
2849 2211 3057 2264 sumus,
3109 2210 3232 2249 cum
3290 2206 3456 2247 unum
3501 2193 3572 2243 sit

324 2286 612 2355 baptisma.

414 2384 554 2437 Ἀλλ’
593 2385 693 2455 ἐρᾷ
731 2403 832 2438 που
869 2386 1085 2445 πάντως
1132 2385 1163 2450 ἠ
1213 2384 1270 2434 ὲν
1315 2383 1445 2452 ὑμῖν
1495 2382 1745 2451 ἀγχίνοια
1799 2396 1895 2440 μευ

321 2480 525 2533 θύοντά
555 2495 614 2531 τε
654 2479 745 2530 τὸν
791 2479 883 2530 ἐπὶ
930 2477 1103 2544 τούτῳ
1138 2475 1316 2542 λόγον,
1348 2476 1442 2527 καὶ
1472 2473 1896 2540 κατασειόμε.ον

321 2570 405 2630 et;
450 2585 512 2636 ys
545 2569 609 2621 τδ
657 2567 909 2631 ἀκαλλὲς,
948 2567 1149 2636 μᾶλλον
1198 2567 1297 2637 ἥδη
1340 2567 1433 2618 καὶ
1473 2565 1608 2631 πρὸς
1657 2562 1897 2633 ἐσχάτην

2074 2380 2329 2450 lntelligit
2378 2381 2664 2449 prudentia
2714 2388 2894 2433 vestra
2956 2377 3274 2448 perspicue,
3328 2377 3575 2429 insanam

2003 2473 2143 2527 hanc
2207 2470 2508 2525 doctrinam
2564 2470 2619 2524 in
2674 2483 2921 2539 magnam
2976 2467 3367 2520 absurditatem
3424 2464 3579 2517 incli-

2002 2577 2156 2627 nare,
2207 2562 2317 2617 imo
2349 2577 2477 2615 vero
2504 2560 2560 2615 in
2602 2571 2904 2616 extremam
2939 2559 3273 2628 impietatem
3335 2556 3582 2626 praecipi-

322 2661 583 2713 ἀσέϐειαν
605 2659 998 2713 ἀποννευκότα.
1023 2654 1193 2728 Οἶμαι
1224 2658 1281 2711 δὲ
1310 2659 1423 2711 δεῖν
1454 2658 1621 2727 ὑμᾶς,
1646 2656 1708 2708 τὸ
1755 2656 1898 2710 θεῖον

2002 2663 2108 2709 tem
2147 2653 2300 2709 ferri.
2332 2650 2597 2707 Existimo
2640 2659 2819 2707 autem
2850 2667 2969 2715 vos,
2998 2665 3118 2719 qua:
3157 2648 3403 2704 divinum
3451 2646 3581 2701 illud

338 2750 504 2805 αὐτοῦ
550 2754 1115 2822 πολυπραγμονούσας
1162 2756 1476 2823 μυστήριον,
1523 2753 1633 2816 ὀξεῖ
1671 2753 1907 2814 διανοίας

333 2842 546 2910 ὄμματι
589 2840 826 2911 καθορᾷν
870 2841 996 2904 τοὺς
1047 2843 1412 2912 συναρπάζειν
1448 2842 1761 2905 ἐθέλοντας,
1807 2843 1900 2896 καὶ

336 2933 678 2998 προσωπεῖον
709 2931 809 3000 μὲν
861 2932 1080 2994 εὐσεϐὲς
1115 2936 1227 2995 τοῖς
1260 2934 1409 2997 ἰδίοις
1439 2934 1901 3005 περιπλάττοντας

333 3019 538 3087 λόγοις,
572 3020 775 3089 βολίδος
798 3038 859 3089 γε
888 3022 993 3092 μὴν
1023 3024 1238 3092 ἁπάσης
1279 3023 1531 3094 ὀξύτερον
1554 3025 1773 3093 ἔχοντας
1800 3025 1901 3078 αὐ-

332 3111 483 3172 τούς.
523 3110 837 3179 Ἀρνοῦντσι
874 3112 972 3182 μὲν
1003 3113 1131 3183 γὰρ,
1170 3114 1293 3167 ὅσον
1322 3110 1457 3186 ἧκεν
1486 3116 1658 3169 εἰπεῖν
1686 3119 1766 3179 είς
1806 3117 1899 3170 δύο

2011 2753 2208 2807 Christi
2260 2753 2581 2822 mysterium
2635 2750 2937 2802 accuratius
2985 2745 3312 2816 expenditis,
3364 2742 3571 2812 perspi-

2005 2845 2119 2899 caci
2151 2846 2346 2899 mentis
2383 2846 2541 2900 oculo
2579 2844 2697 2899 illos
2733 2844 3127 2903 internoscere,
3167 2837 3255 2905 qui
3304 2835 3571 2903 impastu—

2004 2951 2121 2991 ram
2149 2936 2463 3001 moliuntur,
2494 2934 2835 3002 orationique
2875 2946 2983 2985 sua:
3035 2929 3246 2999 pietatis
3284 2937 3569 2994 personam

2005 3026 2287 3090 inducunt,
2323 3041 2443 3079 cum
2472 3024 2661 3093 quovis
2694 3022 2913 3075 interim
2946 3027 3208 3073 venenato
3229 3014 3408 3083 jacnlo
3449 3027 3569 3063 ma-

2003 3116 2086 3183 gis
2125 3113 2324 3168 feriant
2352 3128 2367 3166 :
2402 3128 2523 3166 nam
2550 3112 2594 3165 si
2623 3112 2766 3178 quod
2797 3124 2880 3162 res
2905 3108 3015 3175 ipsa
3041 3114 3144 3167 est,
3180 3103 3353 3171 palam
3383 3100 3564 3152 dicere

333 3217 502 3269 ναμιν
529 3198 788 3268 ἀληθείας
808 3242 825 3266 ,
879 3204 972 3255 τὸν
1003 3204 1349 3273 ἀγοράσαντα
1378 3206 1573 3267 αὐτοὺς
1602 3207 1898 3276 Δεσπότην,

2005 3205 2151 3268 licet,
2206 3203 2490 3258 Dominum
2546 3202 2634 3268 qui
2684 3215 2777 3254 eos
2827 3197 3071 3257 redemit,
3120 3194 3220 3246 hoc
3263 3199 3366 3254 est,
3403 3186 3566 3240 Chri-

334 3290 586 3342 τουτέστι
613 3290 870 3359 Χριστόν.
903 3292 1145 3355 Δεδιότες
1189 3293 1245 3345 δὲ
1291 3294 1398 3347 τῶν
1443 3294 1683 3349 εὐσεϐεῖν
1714 3295 1898 3347 είωθό-

2002 3303 2168 3357 stum,
2228 3292 2557 3346 inliciantur.
2616 3288 3006 3343 Verumtamen
3072 3284 3279 3351 piorum
3324 3280 3392 3331 ob
3430 3278 3567 3328 hanc

331 3395 448 3430 των
485 3378 584 3441 τὰς
629 3379 725 3432 ἐπὶ
755 3380 890 3450 τῷδε
971 3380 1183 3447 λύπας,
1240 3384 1334 3437 καὶ
1379 3385 1558 3454 μέντοι
1603 3384 1762 3455 ζῆλον
1813 3386 1898 3437 τιν

2006 3400 2116 3438 rem
2167 3382 2553 3444 otl‘ensionem,
2610 3380 2892 3447 zelnmque
2944 3372 3286 3428 aunulatione
3347 3368 3567 3434 dignum

331 3470 704 3537 ἀξιάγαστον,
740 3472 1116 3542 ὁμολογοῦσιν,
1157 3475 1240 3528 ὅτι
1288 3475 1381 3527 καὶ
1424 3475 1554 3538 Θεός
1597 3477 1741 3528 ἐστιν
1779 3477 1806 3528 ὁ
1839 3478 1901 3527 ἐκ

329 3559 437 3628 τῆς
482 3560 642 3628 ἁγίας
672 3562 947 3631 Παρθένου
977 3565 1395 3633 γεγεννημένος,
1430 3566 1520 3617 καὶ
1550 3566 1656 3635 μὴν
1697 3566 1777 3618 ὅτι
1808 3568 1901 3618 καὶ

332 3648 542 3719 Κύριος
568 3690 583 3713 ,
639 3652 733 3703 καὶ
780 3652 907 3715 Υίὸς
957 3653 1050 3705 τοῦ
1093 3654 1249 3708 Θεοῦ.
1294 3656 1402 3707 Καὶ
1443 3657 1491 3707 εἰ
1538 3656 1635 3724 μέν
1669 3673 1751 3719 τις
1792 3655 1900 3711 τῶν

344 3739 535 3792 ἁπλῶν
562 3741 688 3803 τοὺς
720 3743 848 3813 παρ’
877 3742 1056 3795 αὐτῶν
1098 3743 1318 3814 δέξηται
1347 3745 1560 3813 λόγους,
1581 3751 1757 3815 νομιεῖ
1774 3767 1897 3812 που,

332 3828 479 3880 κατὰ
498 3828 557 3882 τὸ
600 3830 767 3895 εἰκὸς,
811 3831 945 3902 ὀρθὰ
973 3834 1066 3885 καὶ
1097 3834 1281 3887 εἰκότα
1310 3834 1506 3902 λέγειν,
1537 3837 1629 3889 καὶ
1656 3841 1767 3900 τοῖς
1800 3838 1901 3907 τῆς

330 3919 596 3989 ἀληθείας
630 3923 729 3976 οὐκ
761 3923 1035 3995 ἀπᾴδοντα
1056 3925 1343 3995 δόγμασιν.
1373 3928 1435 3980 Ei
1454 3928 1510 3980 δὲ
1535 3927 1598 3997 δή
1622 3946 1705 3993 τις
1728 3930 1901 3982 ἕλοιτο

332 4014 663 4083 κατισχνοῦν
716 4018 836 4079 ταῖς
876 4015 1125 4087 ὲρεύναις
1174 4018 1406 4081 αὐτοὺς,
1460 4020 1554 4071 καὶ
1602 4019 1663 4071 τὸ
1697 4020 1896 4091 ἀκριΘῆ

335 4105 607 4157 ποιεῖσθαι
653 4105 759 4159 τῶν
799 4107 1103 4178 εἰρημένων
1134 4108 1231 4178 τὴν
1280 4108 1532 4178 βάσανον,
1568 4111 1663 4180 οὐχ
1700 4110 1902 4165 ἁπλοῦν

333 4192 577 4263 εὑρήσει.
605 4195 727 4248 Εἰσὶ
752 4197 849 4266 μὲν
879 4197 986 4268 γὰρ
1013 4197 1123 4251 θεοὶ
1152 4199 1358 4264 πολλοὶ,
1386 4201 1480 4253 καί⁵
1507 4200 1687 4271 κύριοι
1721 4202 1905 4256 πολλοὶ

331 4282 395 4337 εν
427 4301 487 4337 τε
521 4285 736 4356 οὐρανῷ
769 4288 862 4340 καὶ
890 4287 983 4340 ἐπὶ
1015 4288 1113 4358 τῆς
1137 4290 1260 4356 γῆς,
1284 4290 1423 4343 καθὰ
1457 4291 1551 4345 καὶ
1578 4293 1605 4343 ό
1636 4294 1903 4363 μακάριος

332 4373 471 4441 ἡμῖν
504 4375 705 4444 γράφει
738 4374 967 4438 Παῦλος.
1009 4394 1028 4428 ι
1077 4376 1236 4429 Ἀ).λά
1274 4378 1405 4447 ἡμῖν
1442 4376 1521 4442 εἷς
1567 4380 1698 4443 Θεὸς
1726 4383 1754 4433 6
1786 4383 1900 4433 Πα-

326 4465 439 4534 τὴρ
459 4504 475 4527 ,
518 4465 578 4530 ἐξ
605 4460 664 4520 οὗ
693 4466 761 4520 τὰ
796 4468 973 4520 πάντα
994 4506 1010 4532 ,
1058 4467 1154 4523 καὶ
1188 4470 1346 4540 ἡμεῖς
1372 4471 1452 4533 είς
1476 4471 1668 4525 αὐτόν·
1700 4474 1794 4526 καὶ
1822 4468 1902 4537 εἷς

328 4553 537 4623 Κύριος
575 4555 779 4625 Ἰησοῦς
807 4555 1063 4626 Χριστὸς,
1087 4557 1156 4609 δι’
1183 4552 1244 4611 οῦ
1275 4560 1342 4612 τὰ
1374 4560 1572 4623 πάντα,
1617 4563 1712 4614 καὶ
1739 4563 1899 4631 ἡμεῖς

325 4644 403 4698 δι’
432 4646 617 4699 αὐτοῦ.
642 4665 662 4698 ι
693 4647 839 4717 Πλὴν
866 4648 995 4701 ὅταν
1024 4648 1228 4717 Ἰησοῦν
1253 4650 1486 4721 Χριστὸν
1516 4652 1895 4723 ὀνομάζωμεν,

322 4733 424 4786 τὸν
465 4736 532 4786 ὲκ
574 4734 708 4788 Θεοῦ
755 4736 969 4807 Πατρδς
1016 4738 1188 4806 Λόγον
1237 4741 1295 4791 δν
1341 4740 1656 4813 ἀνθρωπεία
1715 4746 1897 4814 μορφῇ

326 4825 612 4894 πεφηνότα
645 4826 999 4897 σημαίνομεν,
1025 4829 1122 4883 οὐκ
1146 4832 1204 4882 ἐν
1229 4831 1447 4902 χάριτος
1484 4834 1638 4903 μέρει
1676 4837 1770 4887 καὶ
1798 4836 1899 4886 ὲπη

322 4915 496 4968 ακτὸν
547 4916 745 4982 ἔξωθεν
793 4917 984 4988 ἔχοντα
1028 4919 1087 4973 τὸ
1129 4919 1375 4991 ἀξίωμα,
1421 4922 1555 4976 ἀλλὰ
1585 4923 1714 4978 ὄντα
1743 4926 1899 4977 τοῦτο

324 5004 472 5058 κατά
503 5005 780 5075 ἀλήθειαν,
825 5009 963 5079 ὅπερ
1006 5005 1148 5063 εἶναι
1189 5010 1563 5065 πεπίστευται.
1610 5013 1741 5076 Θεὸς
1790 5015 1898 5086 γὰρ

320 5096 405 5148 ὢν
432 5097 590 5164 φύσει
622 5098 712 5151 καὶ
741 5098 862 5168 δίχα
902 5100 1122 5169 σαρκὸς,
1159 5100 1434 5170 μεμένηκε
1463 5101 1594 5164 Θεὸς
1632 5104 1726 5156 καὶ
1759 5105 1897 5174 μετά

318 5188 565 5256 σαρκός·
598 5189 694 5241 καὶ
737 5191 863 5253 Υἱὸς
887 5191 962 5242 ὢν
993 5190 1150 5259 φύσει
1183 5192 1277 5245 καὶ
1328 5194 1433 5262 πρὸ
1468 5195 1687 5265 σαρκὸς,
1725 5197 1896 5267 μεμέ-

328 5292 493 5344 νηκεν
518 5276 645 5339 Υίὸς
687 5277 782 5330 καὶ
819 5278 956 5349 ὅπερ
986 5276 1001 5315 ι
1036 5277 1224 5347 γέγονε
1269 5279 1438 5347 σάρξ·
1469 5281 1561 5333 καὶ
1588 5281 1788 5352 Κύριος
1822 5280 1897 5336 ὣν

322 5365 546 5437 ἀληθῶς
584 5368 692 5421 τῶν
724 5369 881 5435 ὅλων,
915 5371 972 5423 ἐν
1019 5366 1195 5441 τοιᾷδε
1242 5370 1403 5425 πάλιν
1451 5372 1642 5442 ὁρᾶται
1684 5374 1811 5447 δόξῃ
1878 5413 1894 5436 ,

324 5458 426 5513 καὶ
455 5459 512 5510 ἐν
541 5459 923 5531 ἀνθρωπότητι
953 5460 1211 5529 γεγονώς.
1237 5461 1443 5515 Οὐκοῦν
1472 5466 1520 5516 εἰ
1549 5463 1679 5517 Θεὸν
1709 5464 1898 5534 ἀληθι-

323 5547 423 5605 νὸν
456 5545 593 5603 εἶναι
626 5550 841 5618 λέγουσι
877 5551 969 5604 τὸν
996 5552 1059 5605 ὲκ
1086 5554 1181 5622 τῆς
1211 5553 1372 5620 ἀγίας
1408 5554 1681 5626 Παρθένου
1706 5572 1897 5624 γεγεν-

324 5638 584 5709 νημένον,
625 5641 872 5695 τουτέστι
900 5640 989 5695 τὸν
1018 5641 1081 5695 ὲκ
1115 5641 1247 5695 Θεοῦ
1280 5642 1490 5714 Πατρός
1529 5643 1723 5714 Λόγον,
1761 5646 1899 5700 κατά

414 5827 431 5857 ¹
459 5822 652 5894 Ephes.
688 5835 759 5885 tv,
792 5819 845 5875 5.

2006 3485 2328 3537 metuentes,
2359 3489 2481 3527 eum
2517 3472 2606 3541 qui
2641 3487 2705 3524 ex
2740 3484 2894 3523 sacra
2932 3464 3146 3534 Virgine
3178 3470 3334 3515 natus
3368 3469 3484 3518 est,
3514 3463 3570 3508 et

2006 3569 2167 3620 Deum
2202 3579 2255 3619 et
2281 3564 2589 3624 Dominum,
2618 3572 2672 3616 et
2716 3559 2809 3613 Dei
2848 3558 3038 3612 Filiqu
3067 3569 3189 3609 esse
3219 3551 3562 3620 proﬁtentur.

2003 3655 2155 3720 Quod
2186 3654 2231 3708 si
2277 3655 2366 3723 qui
2414 3667 2479 3706 ex
2526 3650 2836 3705 rudioribus
2886 3647 3094 3699 illormn
3126 3652 3401 3696 sermones
3434 3635 3570 3688 forte

2004 3746 2277 3809 hauriunt,
2305 3754 2449 3798 recta
2475 3758 2618 3805 mox,
2641 3750 2695 3793 ut
2732 3736 3010 3808 probabile
3041 3744 3143 3796 est,
3163 3741 3214 3784 et
3373 3739 3568 3780 conve-

2003 3836 2223 3896 nientia,
2259 3844 2310 3886 et
2335 3849 2453 3902 qua:
2487 3848 2515 3884 a
2552 3832 2778 3885 veritate
2808 3845 2910 3881 nun
2947 3822 3305 3883 dissentiant,
3336 3818 3455 3869 illos
3490 3815 3567 3866 lo-

2000 3925 2091 3991 qui
2121 3922 2472 3974 arbitrantur.
2521 3920 2718 3972 Verum
2756 3918 2844 3986 qui
2887 3916 3029 3967 dicta
3078 3911 3287 3965 illorum
3325 3904 3569 3960 exactius

2003 4022 2432 4082 perscrutantur,
2464 4024 2516 4064 et
2539 4010 2704 4079 justis
2736 4007 3063 4077 ponderibus
3110 4000 3445 4060 examinant,
3483 3995 3567 4047 ni-

2004 4103 2076 4157 hil
2124 4117 2226 4155 non
2268 4104 2504 4154 fucatum
2544 4116 2607 4153 ac
2660 4098 2971 4166 perplexum
3026 4091 3364 4160 eomperinnt
3394 4104 3409 4141 :
3444 4095 3572 4141 sunt

2001 4194 2143 4249 enim
2174 4193 2243 4246 dii
2280 4190 2431 4246 inulti
2469 4200 2524 4246 et
2575 4188 2776 4245 domini
2824 4185 2995 4249 multi,
3039 4194 3092 4238 et
3138 4183 3189 4236 in
3238 4179 3374 4234 caelo
3413 4188 3468 4232 et
3514 4178 3567 4231 in

2002 4293 2165 4346 terra,
2191 4282 2643 4353 quemadmodum
2680 4280 2892 4333 divinus
2927 4276 3123 4330 Paulus
3167 4272 3426 4337 scriptum
3466 4282 3573 4320 no-

2000 4376 2083 4430 bis
2118 4377 2375 4443 rcliqutt:
2425 4392 2443 4425 ι
2487 4372 2652 4425 Nobis
2691 4381 2868 4424 tamen
2915 4383 3052 4421 unus
3086 4374 3168 4420 est
3211 4364 3345 4417 Deus
3386 4360 3565 4421 Pater,

1999 4481 2064 4520 ex
2096 4481 2202 4535 quo
2226 4465 2429 4529 omnia,
2465 4473 2519 4516 et
2568 4476 2665 4516 nos
2709 4461 2762 4514 in
2806 4460 2996 4513 illum:
3042 4467 3097 4510 et
3134 4469 3274 4508 unus
3312 4449 3566 4503 Dominus

1935 4544 1974 4598 ί)
2002 4568 2183 4611 noster
2215 4554 2371 4610 Iesus
2403 4554 2668 4619 Christus,
2704 4566 2796 4621 per
2829 4565 2986 4618 quem
3018 4546 3220 4607 omnia,
3256 4550 3309 4596 et
3345 4554 3440 4595 nos
3469 4551 3564 4605 per

1998 4647 2174 4717 ipsum
2196 4647 2267 4698 ⁷ο.
2305 4665 2323 4696 ι
2357 4645 2621 4700 αξιοι-ωτι
2663 4657 2784 4697 eum
2828 4640 2919 4695 Dei
2968 4638 3144 4691 Patris
3173 4635 3407 4688 Verbum
3456 4627 3566 4681 hu-

2001 4754 2155 4795 mana
2191 4736 2359 4790 turma
2393 4737 2662 4799 indutum,
2693 4732 2875 4787 Jesum
2902 4729 3176 4785 Christum
3200 4724 3563 4783 nominamus,

1998 4831 2314 4899 dignitatem
2352 4829 2495 4883 hanc
2528 4842 2632 4881 non
2670 4827 2875 4878 numeri
2911 4822 3116 4881 datam,
3148 4825 3242 4869 aut
3273 4814 3321 4868 ei
3353 4811 3560 4865 extrin-

1997 4933 2153 4974 secus
2187 4918 2539 4971 adventitiam
2576 4913 2834 4981 obtigisse
2868 4907 3265 4978 signiﬁcamus;
3301 4902 3393 4956 sed
3422 4900 3565 4968 quod

1997 5011 2261 5064 creditum
2294 5018 2378 5062 est
2407 5019 2549 5069 esse,
2585 5005 2687 5057 hoc
2722 5003 2894 5071 ipsum
2936 4996 3236 5053 secundum
3283 4992 3564 5047 veritatem

1997 5113 2117 5153 esse
2141 5098 2461 5152 indicamus.
2490 5093 2622 5147 Nam
2650 5106 2772 5146 cum
2807 5097 2960 5145 extra
2988 5101 3209 5144 carnem
3250 5094 3437 5155 suapte
3469 5098 3567 5137 na-

1999 5200 2122 5244 tura
2162 5188 2300 5242 Deus
2332 5195 2498 5249 esset,
2532 5194 2887 5254 posteaquam
2935 5194 3150 5235 carnem
3202 5178 3391 5241 induit,
3426 5175 3566 5230 Dens

1997 5296 2118 5337 «se
2155 5295 2258 5334 non
2304 5277 2531 5332 destitit.
2591 5274 2821 5329 Rursum
2878 5289 3004 5329 cum
3057 5281 3180 5325 ante
3236 5274 3563 5333 assumptam

2002 5386 2223 5428 carnem
2279 5368 2543 5424 naturalis
2595 5366 2686 5422 Dei
2745 5366 2915 5421 Filius
2954 5372 3127 5427 esset,
3175 5360 3390 5430 quando
3435 5371 3567 5411 caro

1995 5464 2105 5533 jam
2136 5463 2332 5517 factum
2369 5468 2474 5525 est,
2506 5459 2626 5514 Filii
2661 5458 2922 5513 rationem
2955 5469 3060 5510 non
3096 5452 3296 5505 amisit.
3324 5447 3563 5501 Tandem

1998 5572 2120 5612 cum
2145 5555 2520 5610 universorum
2554 5551 2813 5607 Dominus
2845 5558 2968 5603 ante
3011 5544 3324 5603 exsisteret,
3359 5547 3569 5607 postea-

1996 5661 2158 5719 quam
2190 5627 2425 5699 humana
2458 5652 2648 5698 natura
2674 5648 2924 5696 ornatum
2953 5632 3176 5705 prodiit,
3201 5630 3269 5685 ab
3290 5643 3356 5684 eo
3377 5626 3568 5683 ordino
