4094 6300
528 407 636 470 995

1754 412 2060 472 EUTIIYM
2076 410 2126 470 ll
2183 410 2536 471 ZIGABENI

3660 406 3757 470 996

532 552 587 595 et
618 542 882 613 dignitate
910 556 1017 595 non
1050 542 1270 594 excidit.
1297 540 1461 608 Igitur
1485 540 1527 593 si
1561 555 1706 600 eum,
1733 537 1819 605 qui
1858 553 1922 591 ex
1952 552 2104 593 saera

2214 544 2367 612 φύσιν
2400 542 2670 596 ἐνωθὲντα
2701 542 2887 614 σαρκὶ,
2906 541 2995 595 διὰ
3024 542 3075 594 τί
3105 542 3339 596 δεδίασιν
3368 542 3763 610 όμολογείν,ὅτι

536 631 754 702 Virgine
786 632 1007 701 prediit,
1027 631 1129 686 hoc
1161 641 1243 685 est
1275 632 1364 685 Dei
1394 630 1567 684 Patris
1586 627 1821 683 Verbum
1843 627 1993 683 carni
2018 642 2106 681 se-

530 725 764 779 cundum
794 735 1042 777 naturam
1072 723 1302 789 unitum,
1341 738 1523 775 verum
1559 720 1729 775 Deum
1765 734 1884 774 esse
1936 732 2103 787 agno-

530 823 709 880 Srunt,
744 832 843 870 cur
882 816 1130 870 eamdem
1168 813 1445 881 Virginem
1480 828 1599 867 esse
1632 812 1914 879 Deiparam
1950 807 2103 861 fateri

531 904 826 971 verentur?
855 904 1048 959 Verum
1072 904 1202 971 ipsis
1219 902 1546 971 propositum
1571 912 1652 954 est
1674 902 1814 954 haud
1836 915 1899 953 ex
1925 898 2105 951 animo

527 992 766 1060 proﬁteri
800 991 1035 1061 Virginis
1060 992 1253 1046 Filium
1283 992 1449 1045 Deum
1476 1006 1539 1044 ac
1559 990 1862 1054 Dominum,
1889 989 2101 1042 eadem-

525 1098 629 1152 que
649 1098 770 1136 cum
807 1081 968 1138 Patre
994 1084 1312 1138 auctoritate
1334 1081 1613 1150 prazditum
1641 1096 1780 1143 esse,
1807 1080 1899 1132 sed
1926 1077 2102 1131 verbis

525 1181 734 1227 tantum
760 1174 858 1226 hoc
881 1174 1053 1242 ipsum
1080 1174 1355 1228 simulare.
1379 1173 1699 1226 Existimant
1716 1172 1878 1234 enim,
1900 1170 2098 1224 homini

524 1265 591 1318 ad
612 1273 846 1317 nostram
867 1264 1272 1317 similitudinem
1290 1279 1353 1319 ex
1370 1273 1559 1318 saneta
1582 1262 1799 1330 Virgine
1815 1268 2096 1330 prOgnato,

524 1367 644 1407 cum
672 1354 967 1417 ﬁliationis,
996 1366 1104 1407 tum
1132 1355 1512 1411 dominationis
1532 1368 1741 1420 (pioque
1764 1352 1983 1421 gloriam
2007 1366 2101 1418 per

526 1443 746 1497 modum
765 1444 1042 1513 cujusdam
1059 1444 1337 1515 gratiae,ac
1351 1459 1446 1514 per
1460 1459 1775 1513 progressus
1792 1441 2095 1494 obvenisse.

1190 1537 1460 1605 Ejusdem.

611 1636 844 1687 Dieimns
872 1633 1034 1701 igitur
1054 1632 1144 1686 Dei
1173 1629 1428 1696 Verbum,
1455 1644 1575 1682 cum
1606 1627 1828 1697 spiritus
1846 1628 1915 1682 sit
1945 1625 2106 1689 Deus,

536 1744 630 1795 pro
653 1726 822 1779 salute
842 1724 1099 1783 omnium,
1125 1733 1178 1773 ut
1199 1724 1489 1789 Scripturae
1511 1729 1796 1783 testantur,
1817 1734 2029 1773 carnem
2058 1729 2112 1771 et

2202 633 2461 696 Θεοτόκος
2498 635 2645 686 ἐστὶν
2673 635 2705 702 ἡ
2738 635 2869 701 ἁγία
2896 634 3206 703 Παρθένος;
3247 633 3410 685 Ἀλλὰ
3437 633 3637 696 σκοπὸς
3674 634 3763 686 αὐ-

2206 726 2319 787 τοῖς
2348 722 2781 777 ὑποπλὰττεσθαι
2813 723 2931 791 μὲν,
2967 724 3060 776 καὶ
3089 723 3287 790 λέγειν,
3311 724 3392 776 ὅτι
3424 724 3513 777 ναὶ
3537 724 3630 776 καὶ
3643 724 3767 786 Θεός

2204 813 2345 871 ἐστι,
2393 811 2486 864 καὶ
2532 811 2736 881 Κύριος
2760 849 2775 874 ,
2805 813 2899 862 καὶ
2934 810 3240 883 συνεδρεύει
3284 811 3362 880 τῷ
3410 812 3605 882 Πατρε.
3638 813 3760 880 Φρο-

2207 902 2358 956 νοῦσί
2386 919 2448 972 γε
2499 901 2605 971 μὴν
2633 903 2731 971 οὐχ
2758 900 2901 953 οὕτω
2946 903 3087 954 κατᾶ
3136 901 3413 970 ἀλήθειαν,
3448 902 3564 955 ἀλλ’
3610 906 3683 967 ὼς
3715 907 3768 957 ἐν

2204 995 2426 1068 χάριτος
2474 993 2650 1065 μέρει,
2683 993 2778 1046 καὶ
2814 992 2888 1055 ὼς
2920 993 2984 1044 ὲκ
3026 995 3305 1064 προκοπῆς
3352 994 3596 1046 δεδόσθαι
3642 997 3768 1063 φασὶ

2205 1086 2281 1157 τῷ
2332 1086 2396 1138 ἐκ
2433 1085 2531 1153 τῆς
2579 1084 2739 1151 ἁγίας
2787 1082 3067 1153 Παρθένου
3098 1084 3259 1153 κοινῷ
3313 1083 3431 1137 καθ’
3486 1086 3632 1154 ἡμᾶς
3678 1087 3767 1138 ἁν-

2206 1180 2408 1250 θρὼπῳ
2438 1178 2821 1248 γεγεννημένῳ
2863 1177 2963 1247 τήν
3012 1194 3071 1229 τε
3110 1177 3207 1248 τῆς
3250 1178 3494 1247 υἱότητος
3537 1179 3630 1231 καὶ
3673 1177 3771 1248 τῆς

2208 1273 2528 1345 κυριότητος
2566 1270 2744 1333 δόξαν.

2832 1540 2943 1594 Τοῦ
2970 1540 3176 1596 αὐτοῦ.

2282 1631 2466 1702 Φαμὲν
2498 1627 2609 1695 οὖν,
2647 1630 2720 1692 ὡς
2758 1631 2784 1684 ὁ
2813 1631 2906 1681 τοῦ
2955 1630 3090 1682 Θεοῦ
3137 1631 3307 1698 Λόγος
3352 1629 3565 1699 πνεῦμα
3596 1629 3670 1683 ὢν
3699 1632 3772 1692 ὡς

2214 1724 2368 1790 Θεὸς,
2392 1724 2532 1778 κατὰ
2557 1727 2655 1787 τὰς
2670 1724 2916 1793 Γραφὰς,
2939 1724 3027 1776 ἐπὶ
3060 1723 3303 1792 σωτηρίᾳ
3326 1723 3431 1774 τῶν
3449 1723 3584 1775 ὅλων
3613 1725 3773 1790 ὲσαρ-

536 1819 805 1871 hOmiuem
834 1814 1032 1866 factum
1067 1828 1211 1875 esse,
1237 1828 1340 1864 non
1378 1827 1439 1865 ex
1488 1812 1705 1880 propria
1764 1823 1953 1863 natura
2005 1811 2107 1863 sibi

2215 1815 2365 1883 κώθη
2410 1817 2503 1867 καὶ
2549 1813 2984 1883 ἐνηνθρώπησεν,
3029 1813 3128 1864 οὐκ
3163 1814 3226 1864 ἐκ
3255 1813 3350 1881 τῆς
3394 1812 3530 1873 ίδίας
3566 1811 3774 1879 φύσεως

535 1923 731 1975 corpus
765 1908 1054 1974 accipiens,
1091 1920 1262 1972 neque
1291 1904 1538 1957 desinens
1569 1918 1685 1955 esse
1711 1902 1761 1954 id
1790 1902 1931 1970 quod
1971 1912 2109 1968 erat,

535 2015 636 2055 nec
664 1998 829 2052 ullam
866 1997 1083 2049 sobieus
1111 1996 1488 2057 mutationem,
1530 1995 1623 2048 sed
1654 2010 1721 2047 ex
1746 2004 1935 2046 sancta
1986 1991 2107 2045 Vir-

532 2097 658 2162 gine
720 2088 1122 2144 immaculatum
1198 2102 1396 2155 corpus
1482 2098 1766 2137 assumens
1814 2085 2108 2136 animatum

530 2185 709 2239 anima
742 2190 922 2236 mente
950 2180 1193 2249 praedita,
1250 2177 1489 2245 illudque
1547 2174 1820 2244 praprium
1882 2178 2110 2229 reddens

530 2292 629 2347 per
658 2274 1089 2344 conjunctioncm
1121 2270 1341 2324 minime
1377 2268 1677 2333 cotd'usam,
1716 2282 1836 2335 quae
1864 2282 1961 2321 nec
1986 2266 2111 2319 ani-

531 2384 620 2423 mo
648 2364 1053 2433 comprehendi,
1098 2377 1198 2417 nec
1232 2360 1409 2415 verbis
1439 2358 1661 2413 omnino
1709 2365 1887 2428 potest
1942 2357 2113 2426 expli-

530 2460 665 2523 cari,
694 2457 847 2519 adeo,
876 2468 935 2510 ut
963 2471 1068 2509 non
1098 2454 1341 2517 alterius,
1367 2453 1459 2506 sed
1483 2451 1755 2519 proprium
1793 2450 1959 2519 ipsius
1991 2463 2114 2504 cor-

533 2567 632 2620 pus
708 2550 1059 2617 intelligatur.
1114 2544 1205 2599 Sic
1287 2544 1558 2611 ingressus
1612 2552 1690 2594 est
1744 2540 1796 2593 in
1854 2544 2110 2595 mundum

539 2642 880 2711 Unigenitus,
920 2638 1009 2706 qui
1044 2634 1433 2707 primogenitus
1471 2646 1523 2686 et
1552 2632 1604 2684 itt
1634 2631 1816 2687 multis
1848 2630 2113 2684 fratribus

533 2735 706 2790 factus
734 2745 836 2795 est,
861 2732 950 2799 qui
983 2741 1168 2782 tamen
1205 2736 1264 2779 ut
1298 2725 1437 2778 Deus
1470 2725 1611 2777 inter
1665 2737 1750 2777 res
1801 2732 2113 2791 praereatas

532 2844 635 2881 non
665 2835 840 2895 polt'sl
868 2821 1146 2876 Colluc:tri.
1180 2817 1357 2883 Quare
1391 2829 1514 2868 cum
1564 2812 1763 2867 dicitur
1820 2825 1998 2875 natus,
2053 2820 2110 2867 et

531 2937 595 2974 ea:
626 2920 877 2981 muliere,
906 2915 1211 2970 netessario
1249 2910 1533 2966 secundant
1579 2924 1789 2962 carnem
1841 2907 2111 2976 adjicitur,

539 3028 607 3066 ne
641 3012 939 3066 exsistendt
974 3005 1295 3077 principium
1325 3018 1388 3056 ex
1424 3012 1609 3056 sancta
1666 3000 1883 3067 Virgine
1914 2999 2113 3051 intelli-

529 3114 690 3172 gatur
737 3104 1033 3169 accepisse,
1090 3114 1211 3152 eum
1238 3107 1362 3149 ante
1408 3093 1658 3148 Stecnlum
1706 3108 1867 3146 omne
1920 3092 2011 3156 sit,
2059 3100 2114 3145 et

2214 1909 2379 1969 αὐτὸς
2413 1907 2590 1978 ἑαυτῷ
2619 1904 2778 1976 σῶμα
2808 1902 3148 1976 μεταλαϐὼν,
3182 1902 3296 1955 ἀλλ’
3318 1902 3436 1954 οὐδὲ
3457 1901 3655 1963 ἐκστὰς
3681 1900 3771 1952 τοῦ

2213 1998 2352 2060 εἶναι
2376 2001 2403 2053 ὃ
2431 1996 2519 2070 ἦν,
2568 2001 2629 2051 οὐ
2686 1997 2893 2068 τροπὴν
2921 1997 2951 2066 ἢ
2984 1995 3263 2050 ἀλλοίωσιν
3307 1995 3625 2064 ὑπομείνας,
3661 1993 3774 2045 ἀλλ’

2212 2096 2275 2147 ὲκ
2323 2095 2420 2160 τῆς
2466 2090 2629 2158 ἁγίας
2677 2089 2950 2159 Παρθένου
3002 2087 3065 2140 τὸ
3102 2088 3367 2158 ἄχραντον
3413 2085 3573 2154 σῶμα
3602 2083 3779 2137 λαϐὼν

2213 2185 2626 2254 ὲνεψυχωμένον
2658 2182 2882 2254 νοερῶς,
2916 2180 3010 2234 καὶ
3036 2180 3164 2234 ἴδιον
3194 2182 3481 2248 ἀποφήνας
3502 2177 3631 2230 αὐτὸ
3657 2177 3778 2230 καθ’

2214 2274 2406 2327 ἕνωσιν
2429 2273 2810 2342 ἀπερινόητον,
2844 2271 3169 2339 ἀσύγχυτον,
3208 2270 3301 2322 καὶ
3339 2271 3617 2338 ἄφραστον
3647 2285 3780 2321 παν-

2214 2366 2406 2429 τελῶς,
2437 2366 2510 2427 ὡς
2542 2366 2679 2436 μήτε
2723 2364 2909 2433 ἐτέρου
2939 2364 3101 2423 τινος,
3144 2362 3257 2414 ἀλλ’
3293 2364 3424 2414 ἴδιον
3449 2362 3616 2413 αὑτοῦ
3644 2364 3781 2413 νοεῖ-

2217 2456 2365 2521 σθαι,
2399 2457 2576 2519 οὕτως
2621 2454 2869 2523 είσῆλθεν
2916 2456 2993 2517 εἰς
3029 2455 3119 2507 τὸν
3150 2454 3352 2520 κόσμον
3381 2454 3409 2505 ό
3454 2452 3779 2519 Μονογενὴς,

2214 2550 2273 2612 ὃς
2313 2548 2655 2621 πρωτότοκος
2708 2546 2801 2599 καὶ
2848 2546 2905 2599 ὲν
2943 2545 3153 2607 πολλοῖς
3203 2546 3425 2612 γέγονεν
3481 2544 3729 2612 ἀδελφοῖς
3751 2547 3780 2598 ὀ

2215 2644 2550 2706 ἀσύντακτος
2603 2642 2669 2712 τῇ
2710 2643 2907 2705 κτίσει,
2966 2642 3103 2694 καθὸ
3154 2643 3355 2694 νοεῖται
3416 2640 3571 2703 Θεός.
3612 2640 3781 2692 Ὅταν

2215 2736 2392 2789 τοίνυν
2435 2733 2792 2803 γεγεννῆσθαι
2828 2732 3070 2802 λέγηται,
3106 2736 3198 2785 καὶ
3232 2734 3296 2785 ὲκ
3328 2731 3584 2799 γυναικὸς
3617 2733 3782 2798 ἀναγ-

2215 2829 2384 2890 καίως
2416 2828 2477 2880 τὸ
2502 2827 2644 2880 κατὰ
2672 2826 2849 2893 σάρκα
2877 2824 3359 2893 προσεπιφέρεται,
3389 2824 3476 2876 ἵνα
3505 2825 3580 2893 μὴ
3605 2822 3780 2891 ὑπάρ-

2218 2919 2350 2984 ξεως
2405 2918 2577 2988 ἀρχὴν
2607 2920 2779 2971 νοοῖτο
2828 2915 3006 2968 λαϐὼν
3040 2918 3103 2968 ἐκ
3143 2917 3240 2983 τῆς
3290 2913 3451 2982 ἁγίας
3483 2914 3781 2982 Παρθένου,

2217 3014 2393 3066 καὲτοι
2446 3012 2551 3081 πρὸ
2618 3011 2818 3072 παντὸς
2873 3008 3069 3070 αἰῶνος
3119 3007 3379 3076 ὑπάρχων
3422 3007 3450 3059 ό
3497 3006 3781 3070 συναῑδιος,

2216 3109 2309 3159 καὶ
2347 3106 2433 3159 ἀεὶ
2480 3102 2897 3174 συνεφεστηκὼς
2924 3103 3001 3171 τῷ
3042 3102 3158 3170 ἰδίῳ
3198 3101 3367 3170 Πατρὶ
3402 3101 3534 3162 Θεὸς
3585 3101 3781 3165 Λόγος.

529 3199 913 3267 sempiternus,
945 3202 994 3246 et
1019 3203 1233 3258 semper
1283 3187 1552 3241 exstiterit
1579 3201 1697 3238 cum
1758 3186 1918 3239 Patre
1978 3184 2111 3237 Deus

2230 3197 2370 3251 Ἀλλ’
2395 3199 2482 3251 ὅτε
2512 3198 2634 3250 κατ’
2662 3195 2908 3249 εὐδοκίαν
2941 3199 3051 3250 ﬂat:
3063 3197 3149 3266 ρος
3178 3195 3274 3264 τὴν
3311 3194 3404 3247 τοῦ
3430 3193 3618 3247 δούλου
3646 3210 3781 3262 μορο

542 3266 799 3341 Verbum.
834 3283 1033 3337 Verum
1065 3278 1282 3350 quando
1331 3293 1397 3331 ex
1453 3277 1731 3330 voluntate
1792 3266 1967 3328 Patris
2012 3275 2118 3329 for-

539 3392 684 3429 mam
715 3374 856 3429 servi
885 3387 1102 3425 sumere
1135 3367 1324 3433 voluit,
1360 3377 1481 3419 tunc
1512 3377 1566 3419 et
1608 3376 1784 3418 ortum
1826 3380 1890 3418 ex
1934 3363 2121 3417 mulie-

537 3483 593 3521 re
622 3472 919 3520 secundum
966 3476 1183 3516 carnem
1228 3458 1457 3511 subiisse
1482 3456 1700 3510 dicitur.
1736 3454 1863 3508 Sine
1893 3462 2119 3509 contro-

536 3557 712 3611 versia
743 3556 906 3624 igitur
930 3553 1075 3622 quod
1106 3567 1170 3605 ex
1199 3565 1365 3604 carne
1416 3559 1519 3612 est,
1560 3556 1643 3602 est
1692 3560 1839 3609 caro,
1886 3555 1941 3600 et
1974 3549 2116 3614 quod

530 3665 596 3703 ex
637 3648 747 3703 Deo
782 3644 946 3709 Deus,
977 3659 1041 3698 ex
1072 3653 1302 3711 utroque
1357 3648 1535 3694 autem
1574 3641 1627 3692 in
1680 3638 1819 3692 idem
1871 3635 2120 3691 Christus

530 3742 623 3810 qui
655 3754 795 3793 unus
822 3746 904 3792 est
934 3736 1126 3799 Filius,
1154 3744 1208 3787 et
1246 3733 1506 3787 Dominus
1531 3746 1651 3785 cum
1703 3732 1919 3800 pr0pria
1956 3744 2120 3783 carne

532 3850 641 3887 non
677 3834 1010 3893 iuanimata,
1047 3830 1141 3883 sed
1173 3828 1408 3880 animata
1445 3824 1652 3888 attinta,
1687 3830 1745 3876 ut
1801 3822 1932 3885 dixi,
1966 3837 2117 3874 men-

534 3939 584 3978 te
620 3922 867 3991 ptardita.
901 3919 1020 3974 Non
1057 3919 1224 3989 igitur
1270 3932 1435 3971 unum
1477 3915 1630 3969 nobis
1660 3912 1854 3967 Filium
1901 3912 1953 3966 in
1986 3910 2120 3965 duos

530 4028 737 4078 Secenl,
771 4029 1018 4068 seorsum
1071 4010 1468 4065 constituentes
1499 4005 1729 4059 Verbum
1792 4012 1847 4057 et
1900 4003 2116 4060 Filium,

529 4120 582 4159 et
608 4106 835 4159 alterum
868 4119 1112 4157 seorsum
1143 4110 1199 4155 et
1231 4099 1521 4167 separatim
1576 4096 1851 4150 hominem
1881 4111 1946 4149 ex
2005 4109 2119 4145 mu-

531 4201 685 4262 liere,
719 4206 778 4250 ut
807 4199 904 4264 ipsi
937 4198 1117 4258 aiunt;
1150 4194 1241 4248 sed
1290 4192 1531 4261 cogitent
1573 4203 1676 4241 non
1722 4185 1894 4255 magis
1951 4184 2117 4239 Deum

538 4294 768 4345 \‘erhum
803 4287 1006 4341 homini
1040 4283 1385 4352 coniunctum
1416 4294 1738 4348 esse,qoam
1776 4281 1952 4348 ipsum
1996 4290 2119 4331 esse

536 4382 738 4435 factum
774 4381 1042 4432 hominem
1080 4376 1210 4438 dici,
1234 4374 1359 4427 dum
1410 4385 1595 4426 semen
1640 4371 1907 4423 Abraham
1957 4383 2115 4423 assu-

2222 3291 2328 3361 φῆν
2351 3289 2580 3360 ἠθέλησε
2613 3289 2816 3353 λαϐεῖν,
2863 3288 2983 3341 τότε
3014 3290 3108 3341 καὶ
3150 3285 3402 3349 ἀπότεξιν
3435 3286 3537 3356 τὴν
3577 3286 3641 3338 ὲκ
3684 3300 3782 3352 γυ-

2220 3382 2401 3443 ναικὸς
2452 3382 2593 3435 κατὰ
2625 3381 2802 3449 σάρκα
2850 3379 3149 3447 μεθ’ἡμῶν
3199 3379 3489 3445 ὑπομεῖναι
3540 3376 3780 3442 λέγεται.

2221 3474 2429 3527 Οὐκοῦν
2475 3472 2922 3540 ὁμολογουμένως
2975 3473 3073 3537 μὲν
3127 3469 3188 3521 τὸ
3243 3470 3349 3521 ὀπδ
3397 3469 3599 3539 σαρκὸς
3649 3468 3783 3539 σάρξ

2221 3569 2359 3627 ἐστι,
2396 3565 2457 3618 τὸ
2487 3565 2542 3617 δὲ
2568 3567 2632 3617 ὲκ
2661 3563 2795 3616 Θεοῦ
2832 3564 2961 3625 Θεός
2990 3557 3126 3617 ἑστι.
3163 3563 3300 3615 Κατ⁹
3332 3562 3495 3615 αὐτὸν
3526 3562 3583 3614 δὲ
3606 3561 3783 3630 ἀμφό-

2219 3675 2352 3728 τερα
2380 3658 2635 3726 Χριστὸς,
2664 3652 2740 3715 εἷς
2771 3654 2843 3707 ὢν
2873 3655 2993 3716 Υἱὸς
3024 3656 3115 3706 καὶ
3144 3654 3344 3722 Κύριος
3365 3654 3501 3721 μετὰ
3523 3654 3623 3721 τῆς
3648 3652 3777 3711 ίδίις

2222 3749 2425 3818 σαρκὸς
2474 3746 2662 3810 αὑτοῦ,
2697 3747 2797 3799 οὐκ
2854 3746 3064 3814 ἀψύχου
3110 3745 3329 3814 μᾶλλον,
3365 3744 3441 3806 ὡς
3489 3742 3778 3813 gemma?

2222 3840 2636 3909 ὲν;ψυχωμένης
2689 3840 2907 3907 νοερπῗ-ς.
2977 3837 3067 3907 Μὴ
3118 3837 3296 3889 τοίνυν
3344 3836 3777 3904 διατεμνὲτωσαν

2220 3933 2293 3990 εί,
2322 3932 2412 3983 δύο
2447 3931 2607 3992 Υίοὺς
2640 3930 2728 3983 τὸν
2772 3929 2869 3982 ἕνα
2909 3929 3036 3981 Υίὶν
3070 3929 3221 3998 ἡμῖν.
3258 3927 3360 3980 ἀνὰ
3396 3930 3559 3997 μέρος
3600 3927 3773 3981 ίστάνο

2219 4038 2307 4082 τες
2339 4020 2428 4071 τὸν
2457 4021 2627 4084 Λόγον
2681 4019 2773 4071 καὶ
2805 4018 2950 4083 Υίδν,
3005 4020 3099 4070 καὶ
3142 4017 3327 4083 ἕτερον
3363 4018 3548 4079 tamn;
3596 4033 3654 4069 τι
3690 4016 3775 4069 καὶ

2220 4112 2358 4163 κατὰ
2396 4112 2556 4177 μέρος
2585 4108 2868 4178 ἄνθρωπον
2897 4109 2986 4162 τὸν
3016 4110 3079 4161 ὲκ
3118 4108 3395 4173 γυναικὸς,
3428 4108 3572 4161 καθά
3611 4125 3766 4175 φασιν

2219 4198 2391 4250 αὐτοί·
2430 4197 2543 4248 ἀλλ’
2583 4198 2956 4262 ἐννοείτωσαν,
2990 4198 3068 4249 ὅτι
3099 4198 3198 4248 οὐκ
3228 4198 3502 4268 ἀνθρώπῳ
3536 4197 3769 4265 συνήφθη

2223 4289 2422 4355 μᾶλλον
2448 4290 2475 4340 ὁ
2503 4288 2633 4351 Θεὸς
2666 4289 2857 4355 Λόγος,
2886 4288 2998 4341 ἀλλ’
3031 4289 3189 4351 αὐτὸς
3220 4291 3505 4361 ἄνθρωπος
3530 4288 3772 4357 γενέσθαι

2218 4379 2470 4448 λέγεται,
2508 4391 2820 4448 σπέρματος
2879 4378 3130 4447 Ἀϐραὰμ
3178 4378 3590 4448 ἐπιλαϐόμενος,
3643 4378 3772 4431 κατὰ

534 4474 652 4533 mit,
690 4482 741 4521 nt
786 4472 973 4523 dicunt
1028 4464 1440 4535 Sct‘ipturat‘,et
1470 4462 1525 4517 in
1574 4462 1843 4526 omnibus,
1891 4471 2111 4530 excepto

2223 4475 2320 4536 τὰς
2355 4472 2598 4542 Γραφὰς,
2621 4472 2714 4524 καὶ
2733 4469 3024 4540 ὁμοιωθεὶς
3048 4470 3182 4522 κατὰ
3201 4470 3377 4522 πάντα
3407 4473 3518 4529 τοῖς
3541 4470 3773 4535 ἀδελφοῖς

534 4574 774 4633 pert-ato.
813 4561 1069 4614 fratribus
1123 4556 1452 4611 assimilalur
1502 4556 1546 4609 ³.
1631 4552 1888 4607 Absoluta
1937 4562 2113 4604 autem

530 4657 830 4709 similitudo
852 4658 902 4706 in
939 4652 1126 4721 primis
1156 4648 1377 4703 habebit
1412 4659 1589 4701 ortum
1618 4660 1685 4699 ex
1713 4645 1959 4708 mtdiere,
1990 4655 2041 4698 et
2067 4643 2116 4698 si

533 4749 855 4815 intelligitur
884 4760 1045 4812 supra
1079 4757 1199 4807 nos,
1234 4742 1468 4794 humane
1508 4748 1684 4790 tamen
1722 4746 1777 4789 et
1820 4739 2116 4790 secundum

529 4853 653 4900 nos.
687 4854 809 4892 nam
837 4839 905 4891 de
937 4834 1221 4904 Unigenito
1251 4830 1473 4901 quidem
1509 4839 1590 4883 est
1630 4842 1793 4896 super
1839 4828 1956 4881 ltoe.
1978 4827 2118 4881 Deus

527 4928 670 4980 enim
703 4938 819 4979 erat
848 4940 975 4980 caro
1002 4924 1202 4978 factus.
1249 4922 1589 4990 Quapropter
1632 4931 1685 4972 et
1728 4917 1818 4970 Dei
1870 4915 2115 4970 Genitrix

529 5026 716 5070 saneta
766 5014 1214 5082 vocaturVirgo.
1276 5010 1426 5078 Quod
1468 5010 1512 5065 si
1567 5008 1801 5062 dixerint
1858 5006 2021 5059 Deum
2064 5013 2117 5059 et

532 5110 805 5163 hominem
874 5120 1193 5173 congressos
1272 5106 1323 5159 in
1384 5105 1546 5168 idem,
1612 5117 1774 5154 unum
1828 5099 2108 5156 Christum

526 5199 792 5263 olfecisse,
828 5206 1040 5252 servata
1072 5195 1324 5249 nimirum
1378 5197 1663 5262 utriusque
1723 5208 1951 5263 persona
1997 5196 2115 5248 sine

526 5291 862 5357 confusione,
890 5289 1024 5343 nihil
1078 5302 1173 5343 eos
1234 5301 1517 5356 prepterea
1574 5287 1842 5350 exquisite
1889 5286 2110 5349 sentire,

523 5391 618 5438 aut
643 5384 823 5439 dicere
844 5395 1132 5452 possumus
1168 5379 1487 5447 intelligere.
1544 5376 1658 5430 Non
1714 5378 1879 5438 enim,
1919 5387 1976 5429 ut
2003 5376 2103 5442 ipsi

524 5479 696 5537 aiunt,
729 5473 870 5528 Deus
895 5483 950 5527 et
979 5472 1139 5527 homo
1184 5469 1598 5539 congredientes
1634 5468 1909 5522 Christum
1943 5483 2106 5521 unum

522 5564 836 5630 eﬂ‘ecerunt,
861 5569 1041 5627 sed.ut
1089 5566 1200 5634 jam
1233 5563 1367 5626 dixi,
1397 5560 1534 5619 Deus
1567 5561 1838 5615 exsiStens
1876 5558 2109 5613 Verbum

527 5656 773 5711 similiter
819 5668 980 5726 atque
1031 5673 1149 5726 nos,
1198 5655 1483 5724 sanguinis
1511 5662 1565 5709 et
1614 5651 1794 5707 carnis
1839 5652 2111 5723 particeps

597 5830 803 5887 ‘Hebr.
851 5833 1037 5893 11.16.
1112 5839 1133 5869 ³
1179 5835 1313 5891 Ibid.
1362 5833 1446 5891 17o

2219 4566 2339 4633 δίχα
2381 4564 2546 4634 μόνης
2583 4563 2879 4632 ἁμαρτίας.
2924 4560 3063 4614 Ἡδὲ
3095 4563 3172 4623 είς
3198 4561 3631 4630 ᾶπαννὸμοὶωσις
3673 4560 3773 4627 ἔχει

2215 4655 2280 4709 ἂν
2313 4655 2535 4716 είκότως
2572 4654 2666 4707 καὶ
2719 4652 2825 4721 πρό
2870 4668 2933 4720 γε
2967 4653 3075 4704 τῶν
3104 4650 3278 4705 ἄλλων
3310 4649 3410 4717 τὴν
3443 4652 3507 4703 ὲκ
3535 4648 3773 4717 γυναικὸς

2218 4742 2496 4807 ἁπότεξιν.
2529 4741 2592 4794 Ei
2619 4739 2713 4795 καὶ
2751 4742 2950 4793 νοεῖται
2983 4739 3080 4811 μὲν
3110 4739 3197 4807 ἐφ’
3229 4739 3385 4808 ἡμῶν
3432 4739 3773 4809 ἀνθρωπίνως

2218 4834 2311 4885 καὶ
2371 4832 2490 4885 καθ’
2545 4831 2714 4901 ἡμᾶς,
2776 4831 2867 4882 ἐπὶ
2909 4827 2966 4881 δέ
3027 4846 3090 4897 γε
3129 4827 3224 4880 τοῦ
3263 4827 3605 4893 Μονογενοῦς
3648 4824 3771 4892 ὑπὲρ

2217 4924 2412 4975 τοῦτο·
2479 4922 2610 4985 Θεὸς
2656 4922 2762 4992 γὰρ
2808 4917 2877 4993 ἦν
2932 4919 3325 4991 σαρκούμενος.
3376 4919 3662 4988 Τοιγάρτοι
3690 4915 3772 4966 καὶ

2215 5015 2473 5076 Θεοτόκος
2502 5015 2535 5083 ἠ
2578 5015 2705 5080 ἁγία
2752 5013 2996 5066 καλεῖται
3030 5010 3321 5079 Παρθένος.
3369 5009 3496 5063 Ἐὰν
3531 5009 3587 5061 δὲ
3614 5009 3770 5073 λέγω·

2215 5123 2320 5167 σιν,
2358 5106 2438 5159 ὅτι
2482 5104 2609 5165 Θεὸς
2637 5104 2733 5155 καὶ
2763 5101 3051 5171 ἄνθρωπος
3096 5099 3441 5161 συνελθόντες
3473 5100 3611 5151 κατὰ
3646 5112 3767 5147 ταυ-

2212 5197 2321 5259 τὸν,
2357 5194 2694 5247 ἀπετέλεσαν
2735 5192 2830 5245 ἕνα
2866 5192 3120 5261 Χριστὸν,
3155 5190 3562 5259 φυλαττομένης
3598 5188 3764 5255 δηλον-

2210 5288 2292 5340 ότι
2346 5287 2441 5354 τῆς
2497 5286 2847 5346 ὑποστάσεως
2904 5283 3165 5349 ἐκατέρου
3216 5281 3573 5349 ἁσυγχύτως,
3623 5277 3758 5329 οὐδὲν

2211 5377 2435 5446 ἀκριϐὲς
2485 5376 2576 5426 ἐπὶ
2632 5374 2804 5440 τούτῳ
2840 5370 3238 5442 φρονοῦνταςῆ
3278 5371 3530 5438 λέγοντας
3574 5370 3753 5420 ἔνεστιν

2214 5468 2361 5521 ἰδεῖν.
2398 5468 2472 5519 Οὐ
2517 5466 2648 5535 γὰρ,
2683 5464 2824 5518 καθά
2864 5480 3019 5530 φασι,
3052 5462 3183 5524 θεὸς
3224 5463 3318 5514 καὶ
3342 5462 3612 5531 ἄνθρωπος
3636 5472 3748 5507 συν-

2214 5560 2457 5621 ελθόντες
2525 5557 2863 5610 ἀπετέλεσαν
2912 5555 3007 5607 ἕνα
3044 5554 3301 5622 Χριστὸν,
3344 5554 3476 5615 ἀλλ’,
3516 5552 3583 5612 ὡς
3610 5550 3739 5615 ἔφην,

2217 5652 2317 5723 ἤδη
2349 5650 2480 5713 Θεὸς
2524 5647 2599 5702 ὢν
2627 5650 2655 5701 ὁ
2688 5648 2856 5716 Λόγος
2898 5648 3295 5717 παραπλησίως
3341 5648 3467 5717 ἡμῖν
3511 5640 3736 5714 μετέσχεν
