4094 6300
386 423 495 485 997

1340 425 1716 485 PANOPLIA
1753 423 2217 488 DOGMATICA.
2258 452 2329 466 -
2366 429 2510 491 TIT.
2557 433 2677 493 XV.

3541 432 3644 499 998

385 538 619 607 αἵματος
643 536 738 589 καὶ
778 534 1006 606 σαρκὸς,
1044 535 1133 589 ἵνα
1156 538 1183 588 ὁ
1207 535 1337 599 Θεὸς
1373 536 1804 607 ἑνανθρωπήσας
1844 534 1947 604 νοῆε

2080 532 2278 591 factum
2304 549 2409 607 est,
2436 550 2489 595 ut
2526 543 2666 599 Deus
2685 542 2844 596 homo
2868 541 3041 597 factus
3069 552 3121 599 et
3160 558 3372 597 carnem
3407 557 3652 611 assump«

381 642 491 687 ται,
522 625 620 677 καὶ
663 623 762 693 τὴν
791 624 1067 693 ἡμετέραν
1111 625 1288 694 σάρκα
1321 623 1523 689 λαϐὼν,
1567 626 1659 677 καὶ
1693 624 1829 677 ἰδίαν
1857 623 1958 679 αὐ-

380 717 475 769 τοῦ
509 716 899 785 ποιησάμενος,
932 716 1040 779 ἴνα,
1076 715 1327 787 καθάπερ
1364 718 1393 769 ὁ
1422 716 1542 770 καθ’
1566 717 1708 786 ἡμᾶς
1739 714 1964 785 νοούμε-

384 825 473 870 νος
502 806 601 861 ἄνθ
612 823 791 875 ρωπος
821 807 884 860 ἐκ
905 805 1084 876 ψυχῆς
1113 811 1207 860 καὶ
1234 806 1486 876 σώματος
1518 804 1598 870 εἷς
1627 809 1795 873 ἐστιν,
1817 806 1961 860 οὕτω

385 898 480 951 καὶ
507 898 668 961 αὐτὸς
694 891 774 960 εἷς
795 897 1132 968 ὁμολογῆται
1162 899 1428 971 ὑπάρχειν
1456 900 1581 962 Υίὸς
1603 902 1698 953 καὶ
1731 899 1957 970 Κύριος.

391 986 507 1039 Μία
531 987 639 1054 γὰρ
670 986 1014 1057 ὁμολογεῖται
1044 985 1203 1056 φύσις
1235 988 1524 1057 ἀνθρώπου
1549 989 1642 1042 καὶ
1674 988 1953 1054 σύστασις,

384 1078 487 1128 κᾶν
504 1079 570 1129 ἐκ
592 1076 868 1147 διαφόρων
905 1079 1093 1146 νοῆται
1117 1079 1212 1134 καὶ
1244 1080 1559 1149 ἑτεροειδῶν
1592 1082 1953 1150 πραγμάτων.

395 1165 718 1236 Ἑτεροςρυὲς
740 1168 838 1235 μὲν
856 1168 965 1238 γὰρ
986 1170 1429 1239 ὁμολογουμένως
1445 1173 1519 1235 ὡς
1539 1174 1671 1240 πρός
1693 1190 1753 1239 γε
1774 1173 1955 1242 ψυχὴν

380 1257 443 1307 τὸ
468 1256 630 1323 σῶμα
650 1258 795 1309 ἐστιν
816 1273 831 1288 ο
853 1257 969 1310 ἀλλ’
991 1258 1117 1311 ἴδιον
1138 1261 1306 1329 αὐτῆς
1325 1264 1417 1313 καὶ
1441 1264 1764 1315 συναποτελε
1776 1265 1954 1318 στικὸν

378 1348 479 1413 τῆς
516 1348 863 1411 ὑποστάσεως
884 1350 979 1402 τοῦ
1013 1351 1132 1412 ἑνὸς
1160 1352 1469 1420 ἀνθρώπου.
1496 1354 1605 1407 Καὶ
1626 1354 1700 1424 νῷ
1733 1356 1830 1423 μὲν
1861 1356 1955 1409 καὶ

379 1438 589 1509 θεωρίᾳ
620 1439 681 1491 τὸ
707 1440 962 1510 διάφορον
990 1442 1100 1495 τῶν
1133 1442 1539 1514 ὠνομασμένων
1573 1446 1673 1500 οὐκ
1703 1449 1954 1517 ἀσυμφα-

378 1531 488 1592 νὶς.
520 1532 553 1600 ἠ
588 1530 645 1583 δέ
691 1548 749 1598 γε
778 1533 1016 1601 σύνοδος,
1041 1537 1160 1607 ἦτοι
1193 1539 1488 1607 συνδρομὴ,
1519 1538 1579 1590 τὸ
1623 1540 1951 1608 ἀδιάτμητον

376 1619 600 1688 ἔχουσα,
630 1620 687 1672 ἒν
731 1622 986 1677 ἀποτελεῖ
1033 1625 1174 1688 ζῶον
1211 1627 1302 1680 τὸν
1331 1626 1634 1697 ἄνθρωπον.
1688 1628 1743 1681 '0
1770 1630 1950 1681 τοίνυν

380 1711 677 1783 μονογενὴς
700 1713 795 1765 τοῦ
819 1714 956 1768 Θεοῦ
982 1718 1152 1783 Λόγος
1182 1718 1283 1771 οῦκ
1313 1719 1596 1789 ἄνθρωπον
1626 1720 1948 1791 προσλαϐὼν

378 1800 649 1871 προῆλθεν
676 1802 995 1873 ἄνθρωπος,
1029 1807 1186 1875 ἀλλὰ,
1220 1811 1312 1863 καί
1336 1828 1417 1863 τοι
1441 1810 1539 1882 τὴν
1574 1814 1638 1864 ἐκ
1667 1815 1798 1865 Θεοῦ
1836 1814 1947 1866 llat-

2063 627 2201 682 sisse
2231 640 2473 685 nostram
2513 632 2855 702 intelligatur,
2885 643 2939 689 et
2964 635 3235 702 propriam
3283 632 3557 688 effecisse:
3585 643 3645 687 ut

2060 722 2516 791 quemadmodum
2582 737 2646 778 ex
2700 726 2880 777 anima
2939 735 2992 781 et
3019 740 3246 794 corpore
3297 741 3436 780 unus
3484 724 3643 777 homo

2062 814 2360 881 consurgit,
2413 815 2491 870 sic
2542 816 2714 884 ipsum
2774 832 2942 870 unum
2999 817 3191 872 Filium
3253 826 3306 871 et
3358 815 3640 869 Dominum

2060 903 2433 961 condteamur.
2470 903 2585 960 Una
2617 908 2758 962 enim
2789 909 3021 963 hominis
3051 918 3135 965 est
3188 918 3377 961 natura
3434 917 3485 959 et
3511 923 3644 959 (ξοην

2059 994 2295 1057 stitutio,
2325 995 2450 1050 licet
2480 1012 2543 1050 ex
2575 998 2804 1053 diversis
2838 1009 2889 1053 et
2922 999 3290 1052 diliercntibus
3324 998 3483 1049 rrhus
3511 1012 3641 1050 cun-

2056 1088 2231 1143 sistal.
2264 1086 2498 1143 Alterius
2528 1090 2671 1143 enim
2709 1100 2908 1143 naturm
2940 1092 3257 1144 confitemur
3278 1106 3396 1143 esse
3420 1103 3636 1153 corpus,

2056 1179 2101 1233 si
2131 1194 2250 1232 cum
2289 1181 2465 1233 anima
2498 1190 2857 1249 comparetur.
2901 1181 3003 1233 Sed
3030 1183 3301 1248 proprium
3340 1191 3515 1232 tamen
3557 1189 3639 1232 est

2056 1282 2251 1335 corpus
2282 1267 2452 1337 ipsius
2481 1279 2533 1321 et
2567 1269 2797 1322 hominis
2826 1270 2980 1321 unius
3013 1283 3297 1337 personam
3328 1267 3633 1336 perliciens.

2054 1358 2226 1426 Atque
2248 1359 2430 1411 animo
2460 1359 2675 1428 quidem
2712 1370 2764 1412 et
2799 1359 3123 1428 cogitatione
3165 1359 3451 1425 utriusque
3508 1371 3636 1425 per-

2054 1448 2947 1520 cipiturdiﬂerentia,congressus
2997 1460 3171 1503 autem
3211 1460 3263 1504 et
3315 1462 3635 1512 concursus,

2054 1552 2160 1591 non
2207 1541 2497 1593 admittens
2543 1540 2884 1603 divisionem,
2932 1558 3095 1593 unum
3154 1539 3388 1594 absolvit
3432 1539 3633 1592 animal

2053 1629 2345 1683 hominem.
2384 1630 2699 1701 Unigenitus
2731 1648 2879 1702 ergo,
2917 1632 3004 1684 Dei
3034 1631 3289 1695 Verbum,
3322 1646 3424 1683 non
3458 1630 3633 1683 homi-

2051 1734 2173 1773 nem
2215 1723 2486 1791 accipiens
2522 1723 2720 1791 prodiit
2753 1725 2935 1787 homo,
2966 1726 3055 1775 sed
3111 1736 3366 1775 arcanum
3424 1721 3629 1774 habens

2052 1825 2115 1862 ex
2146 1810 2299 1865 Patre
2326 1826 2528 1877 ortum,
2563 1830 2657 1883 per
2688 1824 2939 1869 sanctum
2981 1825 3034 1868 et
3091 1813 3329 1885 ejusdem
3383 1812 3629 1866 essentiae

374 1891 509 1959 τρὸς
542 1893 856 1965 ἀπόρρητον
890 1896 1027 1967 ἔχων
1076 1901 1348 1971 γέννησιν,
1380 1903 1465 1956 διὰ
1494 1874 1598 1956 ὲτοῦ
1651 1906 1808 1970 ἁγίου
1855 1909 1947 1959 καὶ

2053 1901 2307 1971 Spiritum
2340 1906 2439 1959 sibi
2468 1874 2719 1971 tcniplum
2765 1904 3059 1969 lahricans,
3099 1874 3299 1957 factum
3324 1911 3406 1956 est
3445 1902 3628 1954 homo.

374 1986 664 2052 όμοουσίου
718 1987 1034 2057 Πνεῦματος
1093 1993 1268 2062 ἑαυτῷ
1323 1995 1733 2067 δημιουργήσας
1797 2000 1944 2063 ναὸν,

374 2078 599 2146 γέγονεν
631 2079 938 2150 ἄνθρωπος.
972 2084 1262 2157 Τοιγάρτοι
1294 2088 1385 2140 καὶ
1417 2081 1498 2150 εἷς
1528 2090 1747 2143 νοεῖται.

378 2195 493 2246 Τοῦ
530 2192 719 2247 αὐτοῦ
756 2195 825 2248 ἐκ
854 2196 961 2271 τοῦ
993 2198 1144 2271 πρὸς
1179 2200 1325 2266 τοὺς
1365 2203 1810 2271 πρεσόἣθτέρους
1848 2204 1946 2257 και

886 2268 1208 2334 διακόνους
1230 2274 1431 2339 λόγου.

449 2354 776 2426 Γεγέννηται
812 2358 909 2428 μὲν
944 2359 1389 2429 ὁμολογουμένως
1419 2362 1480 2428 ἐξ
1526 2364 1695 2431 αὐτῆς
1728 2364 1826 2432 τῆς
1857 2365 1948 2417 οὑ-

375 2447 498 2509 σίας
528 2447 622 2503 τοῦ
670 2449 881 2518 Πατρὸς
911 2453 939 2503 ὁ
991 2451 1100 2515 ζῶν
1133 2469 1191 2505 τε
1230 2455 1323 2506 καὶ
1378 2456 1738 2521 ὲνυπόστατος
1780 2457 1945 2511 αὑτοῦ

374 2538 572 2606 Λόγος,
618 2542 676 2595 ὲν
724 2542 971 2610 ἐσχάτοις
1009 2544 1066 2595 δὲ
1121 2545 1215 2598 τοῦ
1268 2546 1462 2609 αἰῶνος
1490 2551 1721 2617 καιροῖς,
1759 2550 1946 2621 ἐπειδὴ

373 2631 566 2698 γέγονε
604 2632 756 2701 σὰρξ,
793 2635 1071 2689 τουτέστιν
1109 2636 1294 2706 ἠνώοη
1326 2641 1490 2708 σαρκὶ
1524 2640 1699 2711 ψυχὴν
1747 2642 1944 2713 ἐχούσῃ

374 2724 476 2792 τὴν
507 2723 749 2793 λογικὴν,
784 2727 1140 2797 γεγεννῆσθαι
1168 2728 1386 2795 λέγεται
1418 2733 1694 2802 σαρκικῶς
1721 2738 1813 2787 καὶ
1855 2734 1946 2788 διὰ

374 2815 655 2882 γυναικός.
688 2817 870 2868 “Eoum
904 2817 960 2869 δέ
1006 2835 1123 2879 πως
1156 2819 1234 2888 τῷ
1267 2821 1389 2874 καθ’
1421 2824 1568 2891 ἡμᾶς
1604 2823 1748 2894 τόκῳ
1772 2825 1832 2877 τὸ
1858 2824 1946 2879 ἐπ’

371 2906 525 2976 αὐτῴ
561 2909 884 2978 μυστήριον.
918 2911 987 2963 Al
1022 2911 1120 2980 μὲν
1148 2910 1257 2982 γὰρ
1293 2912 1402 2967 τῶν
1441 2915 1533 2967 ἐπὶ
1573 2918 1674 2986 γῆς
1711 2918 1945 2989 μητέρες

371 2997 747 3069 ὑπηρετοῦσαι
774 3002 844 3071 τῇ
874 3001 1033 3070 φύσει
1058 3002 1195 3065 πρὸς
1227 3003 1501 3072 γέννησιν,
1542 3003 1726 3075 έχουσι
1760 3007 1861 3076 μὲν
1887 3010 1947 3064 ἐν

372 3094 562 3160 μήτρᾳ
615 3092 967 3163 πηγνυμένην
1021 3095 1161 3148 κατὰ
1216 3094 1391 3165 βραχὺ
1448 3096 1548 3167 τὴν
1595 3099 1798 3168 σάρκα,
1851 3102 1945 3156 καὶ

2050 1995 2411 2060 Quamobrem
2443 2008 2495 2049 et
2528 2014 2692 2050 unum
2732 1994 3066 2065 intelligitur.

2131 2194 2383 2258 Eiusdem
2409 2213 2473 2249 ex
2496 2198 2740 2252 oratione
2766 2198 2833 2250 ad
2854 2197 3180 2267 presbyteros
3207 2205 3257 2252 et
3283 2196 3555 2250 diaconos.

2121 2358 2196 2413 Ex
2230 2358 2341 2426 ipsa
2376 2358 2618 2425 profecto
2652 2358 2831 2413 Patris
2864 2360 3096 2413 essentia
3135 2358 3382 2428 genitum
3409 2366 3491 2412 est
3544 2356 3626 2410 vi-

2051 2467 2181 2505 vens
2206 2449 2442 2504 Verbum
2485 2462 2537 2503 rt
2569 2453 2619 2504 in
2646 2466 2741 2505 Sua
2771 2451 3073 2506 consistens
3114 2464 3364 2518 persona.
3421 2448 3525 2503 Sed
3576 2449 3625 2503 in

2048 2543 2305 2595 extremis
2333 2540 2513 2595 satcnli
2549 2542 2897 2610 temporibus,
2923 2557 3045 2595 cum
3096 2542 3294 2595 factum
3348 2548 3433 2594 est
3475 2555 3626 2609 caro,

2050 2633 2100 2686 id
2135 2641 2236 2695 est,
2270 2646 2388 2685 cum
2427 2646 2646 2693 carnem
2702 2634 3016 2703 assumpsit,
3070 2634 3302 2688 animum
3344 2636 3624 2690 habentem

2050 2724 2259 2778 ratione
2282 2723 2582 2791 przeditam,
2620 2735 2803 2777 natum
2829 2740 2952 2779 esse
3003 2726 3200 2779 dicitur
3243 2728 3293 2779 in
3343 2741 3524 2790 carne,
3575 2737 3630 2780 et

2046 2829 2143 2885 per
2185 2813 2490 2869 mulierem.
2553 2811 2707 2880 Quod
2757 2815 2971 2883 quidem
3026 2818 3338 2886 mysterium
3393 2817 3629 2869 humano

2048 2907 2224 2975 partui
2254 2906 2466 2960 videtur
2514 2904 2709 2960 simile.
2743 2903 2875 2959 Nam
2915 2917 3116 2961 matres
3149 2909 3361 2977 quidem
3399 2915 3628 2961 terrena:

2048 2997 2291 3051 serviunt
2344 2997 2410 3050 ad
2461 2997 2886 3066 generationem,
2949 3008 3283 3068 compactam
3336 3003 3402 3053 ad
3465 2999 3627 3054 breve

2049 3098 2259 3159 tempus
2287 3104 2508 3144 Carnem
2556 3091 2609 3144 in
2648 3101 2800 3145 utero
2832 3104 3045 3159 gerunt,
3083 3100 3135 3146 et
3196 3091 3450 3145 ἱππεῦ-ιωΙί
3493 3108 3627 3159 qua-

371 3182 673 3252 ἁφράστοις
709 3183 852 3237 τισὶν
900 3184 1199 3257 ἐνεργείαις
1232 3186 1369 3240 Θεοῦ
1419 3188 1713 3258 προϊοῦσαν
1761 3209 1820 3245 τε
1847 3194 1941 3248 καὶ

2049 3178 2167 3234 dam
2200 3178 2294 3233 Dei
2341 3178 2537 3232 virtute
2567 3180 2992 3247 progredientem
3028 3180 3092 3233 ad
3154 3179 3450 3244 perfectam
3511 3179 3624 3234 fur-

373 3273 762 3343 τελειουμένην
788 3275 868 3337 είς
897 3271 1032 3339 εἶδος
1072 3277 1132 3330 τὸ
1164 3278 1506 3347 ἀνθρώπινον
1528 3299 1541 3313 ·
1578 3284 1754 3353 ἐνίησι
1781 3285 1839 3339 δὲ
1865 3285 1944 3357 τῷ

374 3364 502 3435 ζὼῳ
524 3366 586 3418 τὸ
632 3366 846 3435 πνεῦμα
873 3367 1005 3431 Θεὸς
1037 3370 1159 3423 καθ’
1191 3370 1249 3424 ὃν
1277 3367 1387 3425 οἶδε
1440 3373 1661 3443 τρόπον.
1715 3378 1945 3432 mam.

376 3455 488 3525 γὰρ
510 3456 725 3524 πνεῦμα
753 3457 1044 3526 ἀνθρώπου
1069 3463 1126 3514 ὲν
1146 3461 1294 3531 αὐτῷ
1322 3464 1461 3516 κατὰ
1490 3464 1589 3536 τὴν
1612 3467 1705 3520 τοῦ
1722 3469 1947 3541 Προφή-

376 3565 475 3601 του
504 3551 703 3618 φωνήν.
743 3550 965 3620 Ἕτερος
999 3551 1058 3605 δε
1088 3555 1311 3623 σαρκὸς,
1340 3555 1432 3609 καὶ
1468 3559 1668 3628 ὁμοίως
1701 3560 1889 3631 ἕτερος
1916 3565 1945 3617 ό

373 3640 475 3709 τῆς
504 3641 678 3710 ψυχῆς
710 3642 825 3693 ἔστι
855 3642 1034 3710 λόγος.
1083 3643 1217 3699 Ἀλλ’
1250 3648 1298 3703 εί
1331 3650 1423 3702 καὶ
1466 3652 1753 3718 γεγόνασιν
1785 3648 1944 3708 αὗται

376 3731 560 3800 μόνων
582 3731 689 3784 τῶν
716 3732 822 3785 ἀπὸ
851 3733 950 3800 γῆς
986 3733 1257 3801 σωμάτων
1285 3737 1542 3807 μητέρες,
1568 3739 1684 3791 ἀλλ’
1715 3735 1808 3794 οῦν
1825 3742 1945 3793 ὅλον

372 3823 740 3878 ἁποτεκοῦσαι
772 3825 833 3878 τὸ
870 3826 1031 3890 ζῶον,
1060 3827 1122 3879 τὸ
1153 3828 1218 3883 ἐκ
1248 3825 1423 3897 ψυχῆς
1459 3828 1516 3880 δὲ
1554 3829 1698 3897 λέγω
1722 3834 1816 3885 καὶ
1842 3834 1947 3885 σώ-

376 3931 570 3978 ματος,
594 3916 707 3985 οὑχ“-
741 3918 903 3987 μέρος
933 3916 1180 3985 λέγονται
1206 3921 1408 3983 τεκεῖν,
1442 3920 1553 3974 οὐδ’
1574 3920 1640 3976 ἄν
1664 3922 1810 3977 εἴποι
1836 3942 1941 3989 τις.

373 4007 509 4075 φέρε
541 4008 739 4068 είπεῖν,
774 4006 870 4077 τὴν
919 4009 1199 4064 Ἐλισάϐετ
1222 4013 1551 4082 σαρκοτόκον
1584 4014 1703 4084 μὲν,
1740 4017 1802 4070 οὐ
1837 4019 1943 4089 μὴν

373 4098 459 4149 ἔτι
498 4098 591 4150 καὶ
645 4097 965 4168 ψυχςτόκον.
1013 4101 1293 4157 Ἐκτέτοκε
1344 4102 1451 4172 γὰρ
1485 4101 1807 4173 ψυχωθέντα
1852 4106 1945 4160 τὸν

374 4187 707 4255 Βιπτιοτήν.
756 4189 1007 4243 Τοιοῦτόν
1054 4209 1105 4244 τι
1157 4193 1471 4262 πεπρᾶχθαι
1526 4193 1945 4265 παραδεξόμεθα

375 4280 472 4333 καὶ
500 4282 591 4332 ἐπι
628 4283 694 4350 τῇ
719 4282 929 4348 γενέσει
959 4283 1051 4334 τοῦ
1081 4282 1450 4353 Ἐμμανουήλ.
1480 4283 1520 4335 Γ
1523 4284 1810 4355 εγέννηται
1844 4287 1945 4355 μὲν

374 4372 504 4437 γὰρ,
543 4371 614 4427 ὡς
654 4379 808 4441 εῑην,
841 4374 905 4425 ἐκ
937 4373 1036 4439 τῆς
1074 4373 1164 4425 τοῦ
1197 4373 1334 4425 Θεοῦ
1368 4374 1460 4425 καὶ
1498 4376 1709 4443 Πατρὺς
1753 4376 1944 4439 οὐσίας

372 4460 402 4510 ὁ
451 4460 713 4531 μονογενὴ
773 4461 937 4513 αὑτοῦ
986 4462 1176 4524 Λόγος·
1209 4462 1396 4521 ἐπειδὴ
1426 4463 1481 4515 δὲ
1514 4468 1690 4533 σάρκα
1740 4465 1941 4527 λαϐὼν,

373 4553 473 4603 καὶ
504 4550 639 4602 ἰδίαν
669 4554 841 4626 αρτὴν
868 4552 1253 4620 ποιησάμενος,
1289 4556 1659 4623 κεχρημάτικε
1690 4557 1783 4607 καὶ
1816 4556 1945 4618 Tib;

372 4639 688 4710 ἀνθρώπου,
722 4644 815 4695 καὶ
845 4643 1034 4710 γέγονε
1059 4643 1179 4695 καθ’
1208 4644 1351 4711 ἡμᾶς
1374 4684 1389 4708 ,
1421 4645 1591 4709 οὐδὲν,
1613 4641 1789 4715 οἶμαι,
1817 4647 1947 4699 d20-

372 4748 479 4783 πον
506 4734 702 4793 είτπῖν,
730 4732 932 4801 μᾶλλον
972 4733 1028 4784 δὲ
1060 4734 1358 4800 ἀναγκαῖον
1408 4734 1711 4803 ὁμολογεῖν,
1739 4737 1819 4789 ὅτι
1854 4753 1941 4804 γε·

372 4824 634 4892 γέννηται
665 4825 806 4895 κατρι
840 4826 1018 4893 σάρκα
1042 4824 1131 4876 διὰ
1162 4826 1450 4892 γυναικόςο
1482 4826 1730 4890 καθάπερ
1752 4828 1945 4896 ἀμέλει

375 4914 471 4967 καὶ
507 4914 539 4983 ὴ
574 4912 669 4965 τοῦ
701 4914 987 4983 ἁνῠρώπου
1028 4913 1174 4983 ψυχὴ
1217 4914 1291 4983 τῷ
1318 4914 1431 4982 ἰδίῳ
1479 4920 1945 4983 συναπογεννᾶται

377 5006 613 5076 σώματι,
642 5010 733 5059 καὶ
755 5007 829 5069 ὡς
861 5006 919 5058 ἓν
950 5006 1261 5071 λελόγισται
1290 5008 1441 5077 ατρὸς
1472 5009 1624 5074 αὐτὸ,
1650 5012 1825 5064 καίτοι
1848 5011 1947 5081 τὴν

374 5098 541 5167 φύσιν
576 5100 741 5169 ἑτέρα
772 5098 904 5168 παρ’
935 5098 1067 5152 αὐτὸ
1102 5098 1363 5169 νοουμένη
1397 5116 1456 5152 τε
1490 5100 1585 5154 καὶ
1628 5101 1951 5172 ὑπάρχουσα

374 5190 519 5242 κατὰ
534 5189 625 5241 τὸν
654 5189 780 5241 ιδιον
804 5189 979 5256 λόγον.
1011 5190 1127 5242 Κᾶν
1145 5188 1455 5259 είοβούλοιτό
1489 5208 1572 5254 τις
1602 5192 1700 5262 τὴν
1729 5191 1823 5246 τοῦ
1844 5194 1950 5246 δεῖ·

375 5298 466 5344 νος
500 5280 711 5352 μητέρα
739 5281 942 5349 λέγειν,
972 5282 1046 5344 ὡς
1082 5281 1197 5336 ἔστι
1244 5284 1342 5353 μὲν
1378 5283 1726 5353 σαρκοτόκος,
1754 5285 1813 5337 οὐ
1843 5287 1950 5354 μὴν

373 5372 458 5426 ἔτι
488 5373 580 5425 καὶ
606 5372 928 5442 ψυχοτόκος,
954 5375 1383 5445 περισσοεπήσει
1409 5374 1547 5427 λίαν.
1585 5374 1785 5428 Τέτοκε
1814 5377 1941 5445 γὰρ,

370 5463 635 5535 ὡςέφην,
691 5464 1099 5534 συντεθειμένον
1148 5465 1412 5535 εὐτέχνως
1460 5464 1518 5528 ἐξ
1572 5465 1841 5534 ἀνομοίων
1887 5465 1946 5519 τὸ

374 5554 537 5621 ζῶον,
565 5556 631 5607 ἐκ
674 5555 822 5607 δυοῖν
853 5553 976 5621 μὲν,
1020 5554 1157 5626 πλὴν
1209 5554 1496 5625 ἄνθρωπον
1540 5554 1655 5617 ἕνα,
1694 5536 1945 5623 μένοιῖτος

378 5648 482 5718 μὲν
517 5646 781 5717 ἑκατέρου
808 5645 955 5699 τοῦθ’
982 5647 1122 5717 ὅπερ
1158 5647 1294 5713 ἐστὶ,
1342 5646 1861 5717 συνδεδραμηκότων
1889 5648 1944 5701 δὲ

459 5830 476 5864 ⁸
506 5829 645 5885 Psal.
681 5844 942 5898 cxxxvm,
965 5831 1019 5887 5.

2047 3283 2191 3325 mam
2212 3268 2526 3323 humanam.
2554 3269 2693 3325 Deus
2713 3279 2888 3324 autem
2917 3269 3134 3325 animali
3157 3270 3405 3339 Spiritum
3431 3271 3624 3340 injicit.

2046 3359 2429 3414 Formatenim
2461 3358 2709 3430 spiritum
2744 3360 2976 3415 hominis
3019 3360 3069 3414 in
3093 3364 3230 3431 ipso,
3259 3370 3317 3415 ut
3371 3360 3447 3415 ait
3495 3362 3621 3416 Pro-

2045 3450 2202 3517 pheta
2236 3450 2273 3505 ¹.
2303 3446 2422 3502 Alia
2457 3457 2634 3501 autem
2668 3457 2749 3503 est
2790 3449 2991 3514 carnis,
3022 3460 3072 3503 et
3104 3450 3207 3527 alia
3240 3452 3433 3503 animm
3464 3450 3620 3503 ratio.

2044 3537 2244 3595 Verum
2273 3539 2521 3610 quamvis
2556 3538 2723 3594 solius
2753 3542 2951 3596 terreni
2987 3543 3232 3613 corporis
3258 3552 3459 3597 matres
3487 3544 3622 3609 sint,

2046 3639 2225 3686 tamen
2263 3641 2428 3685 tutum
2468 3629 2666 3685 animal
2689 3645 2754 3685 ex
2780 3633 2960 3693 anima
2987 3643 3039 3686 et
3071 3648 3298 3704 corpore
3342 3644 3620 3694 constans.

2045 3740 2150 3778 non
2186 3733 2361 3778 autem
2394 3734 2599 3794 partem
2626 3724 2880 3779 dicuntur
2920 3728 3211 3794 peperisse.
3270 3726 3441 3779 Nemo
3480 3730 3624 3779 enim

2044 3813 2460 3882 exempligratia
2497 3812 2717 3880 dixerit,
2747 3814 3018 3869 Elisabeth
3040 3829 3282 3879 carnem,
3312 3833 3415 3869 non
3442 3826 3621 3868 autem

2044 3905 2279 3958 animam
2311 3904 2600 3973 peperisse,
2640 3906 2834 3974 quippe
2868 3919 2984 3973 qua:
3004 3906 3297 3960 animatum
3331 3905 3622 3975 Baptistzmt

2046 3996 2273 4068 peperit.
2301 3994 2429 4048 Tale
2459 3998 2711 4066 quiddam
2738 4011 2784 4051 et
2818 3997 2869 4049 in
2901 3997 3265 4052 Enunanuelis
3293 4009 3413 4051 ortu
3444 4009 3621 4052 actum

2044 4103 2161 4142 esse
2193 4088 2442 4141 dicimus.
2476 4087 2728 4141 Genitum
2754 4089 2896 4140 enim
2944 4097 3027 4140 est
3083 4103 3144 4140 ex
3204 4087 3297 4141 Dei
3339 4098 3391 4143 et
3446 4088 3624 4141 Patris

2045 4178 2303 4243 essentia,
2341 4187 2400 4231 ut
2431 4176 2684 4239 diximus,
2741 4178 3078 4246 unigenitum
3134 4178 3303 4247 ipsius
3358 4176 3622 4235 Verbum.

2046 4270 2152 4327 Sed
2201 4281 2549 4343 posteaquam
2603 4286 2825 4328 carnem
2886 4287 3192 4339 assumens,
3247 4288 3474 4343 cumque
3521 4275 3621 4327 sibi

2045 4365 2317 4434 propriam
2352 4365 2577 4427 faciens,
2603 4364 2931 4419 declaratum
2965 4374 3049 4420 est
3078 4365 3238 4419 etiam
3293 4366 3461 4420 Filius
3524 4366 3621 4420 ho-

2048 4456 2231 4519 minis,
2263 4465 2317 4509 et
2350 4453 2549 4509 factum
2570 4466 2673 4519 est,
2692 4456 2881 4524 quales
2900 4469 2997 4509 nos
3023 4469 3233 4517 sumus,
3259 4471 3361 4507 non
3386 4456 3619 4510 alienum

1979 4542 2021 4597 D
2051 4558 2152 4613 est,
2186 4558 2243 4600 ut
2269 4546 2526 4611 arbitror,
2570 4546 2769 4611 dicere,
2801 4546 2909 4600 imo
2952 4563 3080 4602 vero
3134 4547 3493 4602 necessarium
3539 4556 3623 4599 est

2044 4641 2316 4705 coaliteri,
2360 4639 2534 4709 ipsum
2578 4656 2670 4709 per
2701 4641 2976 4694 mulierem
3013 4641 3249 4710 genitum
3289 4655 3408 4693 esse
3429 4655 3622 4692 secun-

2045 4735 2170 4784 dum
2230 4745 2469 4784 carnem.
2533 4730 2996 4796 Quemadmodum
3046 4740 3098 4783 et
3151 4731 3328 4782 anima
3390 4729 3623 4781 hominis

2045 4826 2298 4877 nimirum
2326 4821 2485 4875 simul
2520 4839 2642 4875 cum
2700 4824 2917 4892 proprio
2974 4836 3200 4889 corpore
3256 4821 3518 4882 nascitur,
3567 4833 3622 4873 et

2048 4934 2212 4971 unum
2247 4932 2368 4969 cum
2405 4917 2522 4984 ipso
2549 4924 2823 4979 censetur,
2860 4913 3106 4982 quamvis
3158 4925 3348 4966 natura
3406 4913 3619 4965 diversa

2048 5017 2438 5076 cognoscatur,
2473 5017 2526 5060 et
2550 5008 2621 5059 sit
2651 5008 2855 5058 ratione
2916 5006 3148 5075 propria.
3198 5006 3351 5072 Quod
3408 5007 3450 5059 si
3496 5005 3619 5074 quis

2049 5110 2271 5153 n-atrem
2306 5097 2553 5165 alicujus,
2582 5111 2798 5149 carnem
2842 5096 3030 5164 ipsius,
3102 5113 3210 5152 non
3253 5111 3432 5153 autem
3496 5098 3617 5152 ani-

2050 5207 2190 5244 mum
2220 5189 2492 5258 peperisse
2518 5189 2733 5252 dixerit,
2791 5189 2999 5259 ineptus
3042 5202 3301 5258 fetvanus
3343 5192 3618 5247 existima-

2050 5284 2213 5336 bitur.
2278 5280 2682 5347 Peperiteuim,
2749 5291 2806 5335 ut
2832 5282 2961 5348 dixi,
3031 5284 3390 5353 compositum
3460 5284 3616 5350 plane

2048 5390 2113 5429 ex
2163 5374 2517 5427 dissimilibus
2561 5373 2780 5438 anitnal,
2843 5389 2907 5428 ex
2934 5376 3143 5430 duobus
3232 5376 3484 5428 nimirum
3561 5375 3612 5428 in

2047 5481 2210 5519 unum
2286 5464 2598 5532 hominem,
2687 5481 2806 5521 cum
2889 5481 3175 5535 utrumque
3262 5474 3477 5519 maneat
3560 5464 3613 5519 id

2044 5556 2184 5625 quod
2237 5562 2698 5621 est,cuucurrant
2764 5566 2941 5609 tamen
3001 5555 3152 5624 quasi
3213 5553 3265 5607 in
3355 5554 3613 5611 unitatem

2043 5646 2365 5713 naturalem,
2451 5656 2613 5720 atque
2667 5649 2806 5704 inter
2881 5662 2940 5702 se
3014 5645 3421 5711 commisceam,
3474 5649 3614 5717 quod
