  <div class='ocr_page' id='page_1' title='image "/cluster/home/n/w/nwhite01/storage/ocr_20150623/130/mdp.39015078384255/507.png"; bbox 0 0 4094 6300; ppageno 0'>
   <div class='ocr_carea' id='block_1_1' title="bbox 520 419 623 478">
    <p class='ocr_par' dir='ltr' id='par_1_1' title="bbox 520 419 623 478">
     <span class='ocr_line' id='line_1_1' title="bbox 520 419 623 478; baseline -0.019 0"><span class='ocrx_word' id='word_1_1' title='bbox 520 419 623 478; x_wconf 73' lang='lat'><strong>099</strong></span> 
     </span>
    </p>
   </div>
   <div class='ocr_carea' id='block_1_2' title="bbox 520 532 1332 603">
    <p class='ocr_par' dir='ltr' id='par_1_2' title="bbox 520 532 1332 603">
     <span class='ocr_line' id='line_1_2' title="bbox 520 532 1332 603; baseline -0.006 -15"><span class='ocrx_word' id='word_1_2' title='bbox 520 534 733 603; x_wconf 88' lang='lat' dir='ltr'><strong>utrique</strong></span> <span class='ocrx_word' id='word_1_3' title='bbox 829 532 1103 602; x_wconf 86' lang='lat' dir='ltr'><strong>proprium</strong></span> <span class='ocrx_word' id='word_1_4' title='bbox 1202 538 1286 584; x_wconf 88' lang='lat' dir='ltr'><strong>est</strong></span> <span class='ocrx_word' id='word_1_5' title='bbox 1319 568 1332 583; x_wconf 92' lang='lat'><strong>.</strong></span> 
     </span>
    </p>
   </div>
   <div class='ocr_carea' id='block_1_3' title="bbox 520 615 2093 679">
    <p class='ocr_par' dir='ltr' id='par_1_3' title="bbox 520 615 2093 679">
     <span class='ocr_line' id='line_1_3' title="bbox 520 615 2093 679; baseline -0.01 0"><span class='ocrx_word' id='word_1_6' title='bbox 520 637 601 679; x_wconf 91' lang='lat' dir='ltr'><strong>tas</strong></span> <span class='ocrx_word' id='word_1_7' title='bbox 679 625 730 677; x_wconf 91' lang='lat' dir='ltr'><strong>in</strong></span> <span class='ocrx_word' id='word_1_8' title='bbox 814 620 1027 677; x_wconf 86' lang='lat' dir='ltr'><strong>Christo</strong></span> <span class='ocrx_word' id='word_1_9' title='bbox 1096 619 1167 673; x_wconf 85' lang='lat' dir='ltr'><strong>sit</strong></span> <span class='ocrx_word' id='word_1_10' title='bbox 1233 617 1466 670; x_wconf 80' lang='lat' dir='ltr'><strong>maxime</strong></span> <span class='ocrx_word' id='word_1_11' title='bbox 1544 615 1872 678; x_wconf 88' lang='lat' dir='ltr'><strong>necessaria,</strong></span> <span class='ocrx_word' id='word_1_12' title='bbox 1969 627 2093 668; x_wconf 87' lang='lat' dir='ltr'><strong>cum</strong></span> 
     </span>
    </p>
   </div>
   <div class='ocr_carea' id='block_1_4' title="bbox 519 702 2094 773">
    <p class='ocr_par' dir='ltr' id='par_1_4' title="bbox 519 702 2094 773">
     <span class='ocr_line' id='line_1_4' title="bbox 519 702 2094 773; baseline -0.01 -5"><span class='ocrx_word' id='word_1_13' title='bbox 519 715 643 768; x_wconf 80' lang='lat' dir='ltr'><strong>aliis</strong></span> <span class='ocrx_word' id='word_1_14' title='bbox 702 709 887 765; x_wconf 88' lang='lat' dir='ltr'><strong>multis</strong></span> <span class='ocrx_word' id='word_1_15' title='bbox 940 707 1238 762; x_wconf 76' lang='lat' dir='ltr'><strong>rationibus</strong></span> <span class='ocrx_word' id='word_1_16' title='bbox 1286 704 1591 773; x_wconf 86' lang='lat' dir='ltr'><strong>perspicere</strong></span> <span class='ocrx_word' id='word_1_17' title='bbox 1635 702 1947 756; x_wconf 84' lang='lat' dir='ltr'><strong>facillimum</strong></span> <span class='ocrx_word' id='word_1_18' title='bbox 2001 703 2094 766; x_wconf 90' lang='lat' dir='ltr'><strong>sit,</strong></span> 
     </span>
    </p>
   </div>
   <div class='ocr_carea' id='block_1_5' title="bbox 519 792 2096 864">
    <p class='ocr_par' dir='ltr' id='par_1_5' title="bbox 519 792 2096 864">
     <span class='ocr_line' id='line_1_5' title="bbox 519 792 2096 864; baseline -0.008 -6"><span class='ocrx_word' id='word_1_19' title='bbox 519 820 615 858; x_wconf 84' lang='lat' dir='ltr'><strong>nes</strong></span> <span class='ocrx_word' id='word_1_20' title='bbox 656 811 858 864; x_wconf 88' lang='lat' dir='ltr'><strong>tamen,</strong></span> <span class='ocrx_word' id='word_1_21' title='bbox 901 801 944 863; x_wconf 88' lang='lat' dir='ltr'><strong>si</strong></span> <span class='ocrx_word' id='word_1_22' title='bbox 981 798 1211 859; x_wconf 89' lang='lat' dir='ltr'><strong>videtur,</strong></span> <span class='ocrx_word' id='word_1_23' title='bbox 1253 796 1393 850; x_wconf 87' lang='lat' dir='ltr'><strong>beati</strong></span> <span class='ocrx_word' id='word_1_24' title='bbox 1431 794 1585 848; x_wconf 84' lang='lat' dir='ltr'><strong>Pauli</strong></span> <span class='ocrx_word' id='word_1_25' title='bbox 1649 792 1812 846; x_wconf 84' lang='lat' dir='ltr'><strong>verba</strong></span> <span class='ocrx_word' id='word_1_26' title='bbox 1861 805 2096 862; x_wconf 84' lang='lat' dir='ltr'><strong>perpen-</strong></span> 
     </span>
    </p>
   </div>
   <div class='ocr_carea' id='block_1_6' title="bbox 518 885 2092 962">
    <p class='ocr_par' dir='ltr' id='par_1_6' title="bbox 518 885 2092 962">
     <span class='ocr_line' id='line_1_6' title="bbox 518 885 2092 962; baseline -0.008 -11"><span class='ocrx_word' id='word_1_27' title='bbox 518 898 726 959; x_wconf 84' lang='lat' dir='ltr'><strong>damus,</strong></span> <span class='ocrx_word' id='word_1_28' title='bbox 766 907 937 962; x_wconf 90' lang='lat' dir='ltr'><strong>eaque</strong></span> <span class='ocrx_word' id='word_1_29' title='bbox 967 891 1254 960; x_wconf 75' lang='lat' dir='ltr'><strong>diligenter</strong></span> <span class='ocrx_word' id='word_1_30' title='bbox 1284 903 1381 957; x_wconf 88' lang='lat' dir='ltr'><strong>pro</strong></span> <span class='ocrx_word' id='word_1_31' title='bbox 1412 886 1620 942; x_wconf 86' lang='lat' dir='ltr'><strong>viribus</strong></span> <span class='ocrx_word' id='word_1_32' title='bbox 1661 885 2092 939; x_wconf 81' lang='lat' dir='ltr'><strong>consideremus.</strong></span> 
     </span>
    </p>
   </div>
   <div class='ocr_carea' id='block_1_7' title="bbox 518 977 2097 1055">
    <p class='ocr_par' dir='ltr' id='par_1_7' title="bbox 518 977 2097 1055">
     <span class='ocr_line' id='line_1_7' title="bbox 518 977 2097 1055; baseline -0.007 -13"><span class='ocrx_word' id='word_1_33' title='bbox 518 989 590 1042; x_wconf 88' lang='lat' dir='ltr'><strong>De</strong></span> <span class='ocrx_word' id='word_1_34' title='bbox 628 986 919 1055; x_wconf 88' lang='lat' dir='ltr'><strong>Unigenito</strong></span> <span class='ocrx_word' id='word_1_35' title='bbox 949 985 1113 1055; x_wconf 79' lang='lat' dir='ltr'><strong>igitur</strong></span> <span class='ocrx_word' id='word_1_36' title='bbox 1142 984 1273 1037; x_wconf 80' lang='lat' dir='ltr'><strong>dicit</strong></span> <span class='ocrx_word' id='word_1_37' title='bbox 1312 982 1457 1047; x_wconf 83' lang='lat' dir='ltr'><strong>:Qui</strong></span> <span class='ocrx_word' id='word_1_38' title='bbox 1511 998 1629 1037; x_wconf 88' lang='lat' dir='ltr'><strong>cum</strong></span> <span class='ocrx_word' id='word_1_39' title='bbox 1660 982 1716 1034; x_wconf 81' lang='lat' dir='ltr'><strong>in</strong></span> <span class='ocrx_word' id='word_1_40' title='bbox 1771 983 1945 1049; x_wconf 74' lang='lat' dir='ltr'><strong>[arma</strong></span> <span class='ocrx_word' id='word_1_41' title='bbox 2000 977 2097 1032; x_wconf 83' lang='lat' dir='ltr'><strong>Dei</strong></span> 
     </span>
    </p>
   </div>
   <div class='ocr_carea' id='block_1_8' title="bbox 517 1072 2096 1146">
    <p class='ocr_par' dir='ltr' id='par_1_8' title="bbox 517 1072 2096 1146">
     <span class='ocr_line' id='line_1_8' title="bbox 517 1072 2096 1146; baseline -0.004 -13"><span class='ocrx_word' id='word_1_42' title='bbox 517 1088 666 1142; x_wconf 77' lang='lat' dir='ltr'><strong>esset,</strong></span> <span class='ocrx_word' id='word_1_43' title='bbox 701 1095 805 1134; x_wconf 85' lang='lat' dir='ltr'><strong>non</strong></span> <span class='ocrx_word' id='word_1_44' title='bbox 837 1079 1078 1146; x_wconf 82' lang='lat' dir='ltr'><strong>rapinam</strong></span> <span class='ocrx_word' id='word_1_45' title='bbox 1114 1077 1405 1131; x_wconf 78' lang='lat' dir='ltr'><strong>arbitratus</strong></span> <span class='ocrx_word' id='word_1_46' title='bbox 1451 1086 1529 1129; x_wconf 81' lang='lat' dir='ltr'><strong>est</strong></span> <span class='ocrx_word' id='word_1_47' title='bbox 1574 1092 1684 1130; x_wconf 81' lang='lat' dir='ltr'><strong>esse</strong></span> <span class='ocrx_word' id='word_1_48' title='bbox 1735 1090 1790 1127; x_wconf 76' lang='lat' dir='ltr'><strong>se</strong></span> <span class='ocrx_word' id='word_1_49' title='bbox 1838 1072 2096 1143; x_wconf 64' lang='lat' dir='ltr'><strong>aqualem</strong></span> 
     </span>
    </p>
   </div>
   <div class='ocr_carea' id='block_1_9' title="bbox 519 1167 2098 1238">
    <p class='ocr_par' dir='ltr' id='par_1_9' title="bbox 519 1167 2098 1238">
     <span class='ocr_line' id='line_1_9' title="bbox 519 1167 2098 1238; baseline -0.003 -14"><span class='ocrx_word' id='word_1_50' title='bbox 519 1172 622 1225; x_wconf 82' lang='lat' dir='ltr'><strong>Deo</strong></span> <span class='ocrx_word' id='word_1_51' title='bbox 650 1188 667 1233; x_wconf 90' lang='lat'><em>;</em></span> <span class='ocrx_word' id='word_1_52' title='bbox 697 1172 784 1225; x_wconf 83' lang='lat' dir='ltr'><strong>sed</strong></span> <span class='ocrx_word' id='word_1_53' title='bbox 822 1173 1154 1238; x_wconf 77' lang='lat' dir='ltr'><strong>semetipsum</strong></span> <span class='ocrx_word' id='word_1_54' title='bbox 1192 1172 1502 1234; x_wconf 76' lang='lat' dir='ltr'><strong>exinanivil,</strong></span> <span class='ocrx_word' id='word_1_55' title='bbox 1528 1169 1751 1236; x_wconf 78' lang='lat' dir='ltr'><strong>formam</strong></span> <span class='ocrx_word' id='word_1_56' title='bbox 1777 1168 1913 1221; x_wconf 80' lang='lat' dir='ltr'><strong>servi</strong></span> <span class='ocrx_word' id='word_1_57' title='bbox 1951 1167 2098 1220; x_wconf 86' lang='lat' dir='ltr'><strong>acci-</strong></span> 
     </span>
    </p>
   </div>
   <div class='ocr_carea' id='block_1_10' title="bbox 516 1260 2099 1333">
    <p class='ocr_par' dir='ltr' id='par_1_10' title="bbox 516 1260 2099 1333">
     <span class='ocr_line' id='line_1_10' title="bbox 516 1260 2099 1333; baseline -0.003 -16"><span class='ocrx_word' id='word_1_58' title='bbox 516 1267 679 1333; x_wconf 84' lang='lat' dir='ltr'><strong>piens,</strong></span> <span class='ocrx_word' id='word_1_59' title='bbox 733 1275 780 1318; x_wconf 85' lang='lat' dir='ltr'><strong>et</strong></span> <span class='ocrx_word' id='word_1_60' title='bbox 817 1264 1001 1318; x_wconf 79' lang='lat' dir='ltr'><strong>habitu</strong></span> <span class='ocrx_word' id='word_1_61' title='bbox 1059 1267 1291 1319; x_wconf 84' lang='lat' dir='ltr'><strong>inventus</strong></span> <span class='ocrx_word' id='word_1_62' title='bbox 1358 1273 1415 1318; x_wconf 89' lang='lat' dir='ltr'><strong>ut</strong></span> <span class='ocrx_word' id='word_1_63' title='bbox 1455 1266 1629 1327; x_wconf 85' lang='lat' dir='ltr'><strong>homo,</strong></span> <span class='ocrx_word' id='word_1_64' title='bbox 1701 1260 1999 1315; x_wconf 80' lang='lat' dir='ltr'><strong>Immiliavit</strong></span> <span class='ocrx_word' id='word_1_65' title='bbox 2044 1276 2099 1312; x_wconf 81' lang='lat' dir='ltr'><strong>se</strong></span> 
     </span>
    </p>
   </div>
   <div class='ocr_carea' id='block_1_11' title="bbox 515 1351 2094 1425">
    <p class='ocr_par' dir='ltr' id='par_1_11' title="bbox 515 1351 2094 1425">
     <span class='ocr_line' id='line_1_11' title="bbox 515 1351 2094 1425; baseline -0.003 -16"><span class='ocrx_word' id='word_1_66' title='bbox 515 1353 753 1425; x_wconf 72' lang='lat' dir='ltr'><strong>ipsum‘.</strong></span> <span class='ocrx_word' id='word_1_67' title='bbox 815 1355 947 1421; x_wconf 83' lang='lat' dir='ltr'><strong>Quis</strong></span> <span class='ocrx_word' id='word_1_68' title='bbox 994 1356 1156 1423; x_wconf 78' lang='lat' dir='ltr'><strong>igitur</strong></span> <span class='ocrx_word' id='word_1_69' title='bbox 1205 1363 1308 1419; x_wconf 87' lang='lat' dir='ltr'><strong>est,</strong></span> <span class='ocrx_word' id='word_1_70' title='bbox 1342 1356 1434 1423; x_wconf 89' lang='lat' dir='ltr'><strong>qui</strong></span> <span class='ocrx_word' id='word_1_71' title='bbox 1492 1369 1612 1408; x_wconf 88' lang='lat' dir='ltr'><strong>cum</strong></span> <span class='ocrx_word' id='word_1_72' title='bbox 1673 1353 1724 1406; x_wconf 87' lang='lat' dir='ltr'><strong>in</strong></span> <span class='ocrx_word' id='word_1_73' title='bbox 1779 1353 1948 1406; x_wconf 82' lang='lat' dir='ltr'><strong>forma</strong></span> <span class='ocrx_word' id='word_1_74' title='bbox 2002 1351 2094 1405; x_wconf 84' lang='lat' dir='ltr'><strong>Dei</strong></span> 
     </span>
    </p>
   </div>
   <div class='ocr_carea' id='block_1_12' title="bbox 515 1439 2095 1513">
    <p class='ocr_par' dir='ltr' id='par_1_12' title="bbox 515 1439 2095 1513">
     <span class='ocr_line' id='line_1_12' title="bbox 515 1439 2095 1513; baseline -0.006 -10"><span class='ocrx_word' id='word_1_75' title='bbox 515 1456 680 1513; x_wconf 83' lang='lat' dir='ltr'><strong>esset,</strong></span> <span class='ocrx_word' id='word_1_76' title='bbox 719 1461 825 1500; x_wconf 89' lang='lat' dir='ltr'><strong>non</strong></span> <span class='ocrx_word' id='word_1_77' title='bbox 862 1448 1100 1513; x_wconf 89' lang='lat' dir='ltr'><strong>rapinam</strong></span> <span class='ocrx_word' id='word_1_78' title='bbox 1130 1446 1428 1501; x_wconf 82' lang='lat' dir='ltr'><strong>arbitratus</strong></span> <span class='ocrx_word' id='word_1_79' title='bbox 1463 1452 1546 1499; x_wconf 73' lang='lat' dir='ltr'><strong>est</strong></span> <span class='ocrx_word' id='word_1_80' title='bbox 1582 1456 1702 1498; x_wconf 85' lang='lat' dir='ltr'><strong>esse</strong></span> <span class='ocrx_word' id='word_1_81' title='bbox 1736 1457 1796 1496; x_wconf 88' lang='lat' dir='ltr'><strong>se</strong></span> <span class='ocrx_word' id='word_1_82' title='bbox 1821 1439 2095 1511; x_wconf 70' lang='lat' dir='ltr'><strong>aequalem</strong></span> 
     </span>
    </p>
   </div>
   <div class='ocr_carea' id='block_1_13' title="bbox 518 1534 2098 1607">
    <p class='ocr_par' dir='ltr' id='par_1_13' title="bbox 518 1534 2098 1607">
     <span class='ocr_line' id='line_1_13' title="bbox 518 1534 2098 1607; baseline -0.003 -16"><span class='ocrx_word' id='word_1_83' title='bbox 518 1538 648 1601; x_wconf 91' lang='lat' dir='ltr'><strong>Deo,</strong></span> <span class='ocrx_word' id='word_1_84' title='bbox 690 1547 780 1590; x_wconf 92' lang='lat' dir='ltr'><strong>aut</strong></span> <span class='ocrx_word' id='word_1_85' title='bbox 812 1552 920 1607; x_wconf 89' lang='lat' dir='ltr'><strong>quo</strong></span> <span class='ocrx_word' id='word_1_86' title='bbox 951 1538 1256 1593; x_wconf 76' lang='lat' dir='ltr'><strong>exinanitus</strong></span> <span class='ocrx_word' id='word_1_87' title='bbox 1313 1547 1397 1592; x_wconf 90' lang='lat' dir='ltr'><strong>est</strong></span> <span class='ocrx_word' id='word_1_88' title='bbox 1445 1537 1626 1601; x_wconf 90' lang='lat' dir='ltr'><strong>modo,</strong></span> <span class='ocrx_word' id='word_1_89' title='bbox 1688 1545 1779 1589; x_wconf 92' lang='lat' dir='ltr'><strong>aut</strong></span> <span class='ocrx_word' id='word_1_90' title='bbox 1825 1534 2098 1604; x_wconf 86' lang='lat' dir='ltr'><strong>quomodo</strong></span> 
     </span>
    </p>
   </div>
   <div class='ocr_carea' id='block_1_14' title="bbox 517 1625 2100 1692">
    <p class='ocr_par' dir='ltr' id='par_1_14' title="bbox 517 1625 2100 1692">
     <span class='ocr_line' id='line_1_14' title="bbox 517 1625 2100 1692; baseline -0.001 -13"><span class='ocrx_word' id='word_1_91' title='bbox 517 1641 637 1680; x_wconf 87' lang='lat' dir='ltr'><strong>sese</strong></span> <span class='ocrx_word' id='word_1_92' title='bbox 673 1627 993 1692; x_wconf 83' lang='lat' dir='ltr'><strong>humiliavit,</strong></span> <span class='ocrx_word' id='word_1_93' title='bbox 1052 1635 1107 1682; x_wconf 91' lang='lat' dir='ltr'><strong>et</strong></span> <span class='ocrx_word' id='word_1_94' title='bbox 1160 1629 1211 1682; x_wconf 93' lang='lat' dir='ltr'><strong>in</strong></span> <span class='ocrx_word' id='word_1_95' title='bbox 1252 1630 1395 1682; x_wconf 92' lang='lat' dir='ltr'><strong>servi</strong></span> <span class='ocrx_word' id='word_1_96' title='bbox 1446 1629 1617 1682; x_wconf 83' lang='lat' dir='ltr'><strong>forma</strong></span> <span class='ocrx_word' id='word_1_97' title='bbox 1673 1627 1922 1680; x_wconf 87' lang='lat' dir='ltr'><strong>inventus</strong></span> <span class='ocrx_word' id='word_1_98' title='bbox 1966 1625 2100 1679; x_wconf 76' lang='lat' dir='ltr'><strong>est?</strong></span> 
     </span>
    </p>
   </div>
   <div class='ocr_carea' id='block_1_15' title="bbox 522 1717 2095 1785">
    <p class='ocr_par' dir='ltr' id='par_1_15' title="bbox 522 1717 2095 1785">
     <span class='ocr_line' id='line_1_15' title="bbox 522 1717 2095 1785; baseline -0.001 -14"><span class='ocrx_word' id='word_1_99' title='bbox 522 1718 623 1785; x_wconf 80' lang='lat' dir='ltr'><strong>Qui</strong></span> <span class='ocrx_word' id='word_1_100' title='bbox 654 1718 705 1771; x_wconf 93' lang='lat' dir='ltr'><strong>in</strong></span> <span class='ocrx_word' id='word_1_101' title='bbox 730 1717 834 1773; x_wconf 92' lang='lat' dir='ltr'><strong>duo</strong></span> <span class='ocrx_word' id='word_1_102' title='bbox 858 1730 1042 1775; x_wconf 88' lang='lat' dir='ltr'><strong>secant</strong></span> <span class='ocrx_word' id='word_1_103' title='bbox 1071 1737 1233 1774; x_wconf 88' lang='lat' dir='ltr'><strong>unum</strong></span> <span class='ocrx_word' id='word_1_104' title='bbox 1267 1720 1550 1774; x_wconf 88' lang='lat' dir='ltr'><strong>Dominum</strong></span> <span class='ocrx_word' id='word_1_105' title='bbox 1589 1719 1769 1772; x_wconf 85' lang='lat' dir='ltr'><strong>Jesum</strong></span> <span class='ocrx_word' id='word_1_106' title='bbox 1799 1718 2095 1779; x_wconf 74' lang='lat' dir='ltr'><strong>Christum,</strong></span> 
     </span>
    </p>
   </div>
   <div class='ocr_carea' id='block_1_16' title="bbox 518 1816 2095 1885">
    <p class='ocr_par' dir='ltr' id='par_1_16' title="bbox 518 1816 2095 1885">
     <span class='ocr_line' id='line_1_16' title="bbox 518 1816 2095 1885; baseline -0.003 -16"><span class='ocrx_word' id='word_1_107' title='bbox 518 1831 709 1885; x_wconf 88' lang='lat' dir='ltr'><strong>nempe</strong></span> <span class='ocrx_word' id='word_1_108' title='bbox 736 1817 787 1869; x_wconf 91' lang='lat' dir='ltr'><strong>in</strong></span> <span class='ocrx_word' id='word_1_109' title='bbox 835 1817 1131 1882; x_wconf 81' lang='lat' dir='ltr'><strong>hominem,</strong></span> <span class='ocrx_word' id='word_1_110' title='bbox 1178 1826 1230 1870; x_wconf 93' lang='lat' dir='ltr'><strong>et</strong></span> <span class='ocrx_word' id='word_1_111' title='bbox 1261 1818 1314 1870; x_wconf 91' lang='lat' dir='ltr'><strong>in</strong></span> <span class='ocrx_word' id='word_1_112' title='bbox 1367 1816 1596 1870; x_wconf 80' lang='lat' dir='ltr'><strong>Verbum</strong></span> <span class='ocrx_word' id='word_1_113' title='bbox 1621 1816 1733 1881; x_wconf 87' lang='lat' dir='ltr'><strong>Dei,</strong></span> <span class='ocrx_word' id='word_1_114' title='bbox 1758 1816 1944 1868; x_wconf 88' lang='lat' dir='ltr'><strong>dicunt</strong></span> <span class='ocrx_word' id='word_1_115' title='bbox 1973 1829 2095 1868; x_wconf 88' lang='lat' dir='ltr'><strong>eum</strong></span> 
     </span>
    </p>
   </div>
   <div class='ocr_carea' id='block_1_17' title="bbox 518 1880 2172 1976">
    <p class='ocr_par' dir='ltr' id='par_1_17' title="bbox 518 1880 2172 1976">
     <span class='ocr_line' id='line_1_17' title="bbox 518 1880 2172 1976; baseline -0.002 -15"><span class='ocrx_word' id='word_1_116' title='bbox 518 1910 609 1974; x_wconf 90' lang='lat' dir='ltr'><strong>qui</strong></span> <span class='ocrx_word' id='word_1_117' title='bbox 638 1918 800 1960; x_wconf 79' lang='lat' dir='ltr'><strong>natus</strong></span> <span class='ocrx_word' id='word_1_118' title='bbox 829 1918 914 1961; x_wconf 91' lang='lat' dir='ltr'><strong>est</strong></span> <span class='ocrx_word' id='word_1_119' title='bbox 943 1923 1008 1961; x_wconf 67' lang='lat' dir='ltr'><strong>ex</strong></span> <span class='ocrx_word' id='word_1_120' title='bbox 1050 1906 1266 1976; x_wconf 80' lang='lat' dir='ltr'><strong>Virgine</strong></span> <span class='ocrx_word' id='word_1_121' title='bbox 1298 1907 1721 1960; x_wconf 78' lang='lat' dir='ltr'><strong>exinanitinnem</strong></span> <span class='ocrx_word' id='word_1_122' title='bbox 1754 1905 2010 1967; x_wconf 79' lang='lat' dir='ltr'><strong>subiisse,</strong></span> <span class='ocrx_word' id='word_1_123' title='bbox 2034 1906 2100 1957; x_wconf 88' lang='lat' dir='ltr'><strong>ab</strong></span> <span class='ocrx_word' id='word_1_124' title='bbox 2135 1880 2172 1934; x_wconf 76' lang='grc' dir='ltr'><strong><em>Β</em></strong></span> 
     </span>
    </p>
   </div>
   <div class='ocr_carea' id='block_1_18' title="bbox 519 1995 2103 2065">
    <p class='ocr_par' dir='ltr' id='par_1_18' title="bbox 519 1995 2103 2065">
     <span class='ocr_line' id='line_1_18' title="bbox 519 1995 2103 2065; baseline 0 -16"><span class='ocrx_word' id='word_1_125' title='bbox 519 1998 610 2051; x_wconf 82' lang='lat' dir='ltr'><strong>illo</strong></span> <span class='ocrx_word' id='word_1_126' title='bbox 668 1997 921 2059; x_wconf 83' lang='lat' dir='ltr'><strong>videlicet</strong></span> <span class='ocrx_word' id='word_1_127' title='bbox 974 2008 1294 2065; x_wconf 88' lang='lat' dir='ltr'><strong>separantes</strong></span> <span class='ocrx_word' id='word_1_128' title='bbox 1355 1998 1445 2049; x_wconf 88' lang='lat' dir='ltr'><strong>Dei</strong></span> <span class='ocrx_word' id='word_1_129' title='bbox 1511 1996 1763 2051; x_wconf 84' lang='lat' dir='ltr'><strong>Verbum.</strong></span> <span class='ocrx_word' id='word_1_130' title='bbox 1799 1995 2103 2049; x_wconf 88' lang='lat' dir='ltr'><strong>Ostemlant</strong></span> 
     </span>
    </p>
   </div>
   <div class='ocr_carea' id='block_1_19' title="bbox 518 2089 2100 2157">
    <p class='ocr_par' dir='ltr' id='par_1_19' title="bbox 518 2089 2100 2157">
     <span class='ocr_line' id='line_1_19' title="bbox 518 2089 2100 2157; baseline 0.001 -17"><span class='ocrx_word' id='word_1_131' title='bbox 518 2089 683 2154; x_wconf 75' lang='lat' dir='ltr'><strong>igitur</strong></span> <span class='ocrx_word' id='word_1_132' title='bbox 731 2089 880 2157; x_wconf 90' lang='lat' dir='ltr'><strong>prius</strong></span> <span class='ocrx_word' id='word_1_133' title='bbox 923 2090 1069 2142; x_wconf 73' lang='lat' dir='ltr'><strong>illiilli</strong></span> <span class='ocrx_word' id='word_1_134' title='bbox 1123 2089 1175 2142; x_wconf 90' lang='lat' dir='ltr'><strong>in</strong></span> <span class='ocrx_word' id='word_1_135' title='bbox 1225 2089 1396 2142; x_wconf 84' lang='lat' dir='ltr'><strong>forma</strong></span> <span class='ocrx_word' id='word_1_136' title='bbox 1445 2097 1498 2141; x_wconf 87' lang='lat' dir='ltr'><strong>et</strong></span> <span class='ocrx_word' id='word_1_137' title='bbox 1556 2089 1860 2155; x_wconf 62' lang='lat' dir='ltr'><strong>aequalitate</strong></span> <span class='ocrx_word' id='word_1_138' title='bbox 1917 2089 2100 2142; x_wconf 80' lang='lat' dir='ltr'><strong>Patris</strong></span> 
     </span>
    </p>
   </div>
   <div class='ocr_carea' id='block_1_20' title="bbox 514 2175 2100 2240">
    <p class='ocr_par' dir='ltr' id='par_1_20' title="bbox 514 2175 2100 2240">
     <span class='ocr_line' id='line_1_20' title="bbox 514 2175 2100 2240; baseline 0 -10"><span class='ocrx_word' id='word_1_139' title='bbox 514 2176 808 2240; x_wconf 81' lang='lat' dir='ltr'><strong>exstitisse,</strong></span> <span class='ocrx_word' id='word_1_140' title='bbox 843 2184 902 2231; x_wconf 92' lang='lat' dir='ltr'><strong>ut</strong></span> <span class='ocrx_word' id='word_1_141' title='bbox 949 2186 1004 2230; x_wconf 91' lang='lat' dir='ltr'><strong>et</strong></span> <span class='ocrx_word' id='word_1_142' title='bbox 1050 2176 1435 2231; x_wconf 83' lang='lat' dir='ltr'><strong>exinanitiouis</strong></span> <span class='ocrx_word' id='word_1_143' title='bbox 1488 2175 1703 2229; x_wconf 88' lang='lat' dir='ltr'><strong>modmn</strong></span> <span class='ocrx_word' id='word_1_144' title='bbox 1758 2176 2019 2240; x_wconf 84' lang='lat' dir='ltr'><strong>subierit,</strong></span> <span class='ocrx_word' id='word_1_145' title='bbox 2048 2176 2100 2230; x_wconf 92' lang='lat' dir='ltr'><strong>in</strong></span> 
     </span>
    </p>
   </div>
   <div class='ocr_carea' id='block_1_21' title="bbox 515 2262 2102 2334">
    <p class='ocr_par' dir='ltr' id='par_1_21' title="bbox 515 2262 2102 2334">
     <span class='ocr_line' id='line_1_21' title="bbox 515 2262 2102 2334; baseline 0.002 -18"><span class='ocrx_word' id='word_1_146' title='bbox 515 2280 621 2334; x_wconf 89' lang='lat' dir='ltr'><strong>qua</strong></span> <span class='ocrx_word' id='word_1_147' title='bbox 668 2279 772 2317; x_wconf 93' lang='lat' dir='ltr'><strong>non</strong></span> <span class='ocrx_word' id='word_1_148' title='bbox 810 2273 948 2318; x_wconf 87' lang='lat' dir='ltr'><strong>erat.</strong></span> <span class='ocrx_word' id='word_1_149' title='bbox 989 2264 1186 2317; x_wconf 89' lang='lat' dir='ltr'><strong>Verum</strong></span> <span class='ocrx_word' id='word_1_150' title='bbox 1229 2262 1374 2317; x_wconf 89' lang='lat' dir='ltr'><strong>nulla</strong></span> <span class='ocrx_word' id='word_1_151' title='bbox 1402 2277 1487 2317; x_wconf 89' lang='lat' dir='ltr'><strong>res</strong></span> <span class='ocrx_word' id='word_1_152' title='bbox 1526 2270 1605 2317; x_wconf 90' lang='lat' dir='ltr'><strong>est</strong></span> <span class='ocrx_word' id='word_1_153' title='bbox 1642 2274 1951 2331; x_wconf 90' lang='lat' dir='ltr'><strong>procreata,</strong></span> <span class='ocrx_word' id='word_1_154' title='bbox 1982 2278 2102 2334; x_wconf 77' lang='lat' dir='ltr'><strong>qua:</strong></span> 
     </span>
    </p>
   </div>
   <div class='ocr_carea' id='block_1_22' title="bbox 517 2354 2103 2424">
    <p class='ocr_par' dir='ltr' id='par_1_22' title="bbox 517 2354 2103 2424">
     <span class='ocr_line' id='line_1_22' title="bbox 517 2354 2103 2424; baseline 0.001 -16"><span class='ocrx_word' id='word_1_155' title='bbox 517 2366 706 2408; x_wconf 84' lang='lat' dir='ltr'><strong>natura</strong></span> <span class='ocrx_word' id='word_1_156' title='bbox 744 2355 958 2424; x_wconf 90' lang='lat' dir='ltr'><strong>propria</strong></span> <span class='ocrx_word' id='word_1_157' title='bbox 989 2356 1060 2408; x_wconf 87' lang='lat' dir='ltr'><strong>sit</strong></span> <span class='ocrx_word' id='word_1_158' title='bbox 1100 2355 1153 2409; x_wconf 89' lang='lat' dir='ltr'><strong>in</strong></span> <span class='ocrx_word' id='word_1_159' title='bbox 1220 2354 1395 2408; x_wconf 84' lang='lat' dir='ltr'><strong>Patris</strong></span> <span class='ocrx_word' id='word_1_160' title='bbox 1452 2354 1782 2423; x_wconf 72' lang='lat' dir='ltr'><strong>aequalitate.</strong></span> <span class='ocrx_word' id='word_1_161' title='bbox 1821 2354 2103 2421; x_wconf 87' lang='lat' dir='ltr'><strong>Quomodo</strong></span> 
     </span>
    </p>
   </div>
   <div class='ocr_carea' id='block_1_23' title="bbox 517 2440 2102 2516">
    <p class='ocr_par' dir='ltr' id='par_1_23' title="bbox 517 2440 2102 2516">
     <span class='ocr_line' id='line_1_23' title="bbox 517 2440 2102 2516; baseline 0.003 -18"><span class='ocrx_word' id='word_1_162' title='bbox 517 2446 678 2516; x_wconf 84' lang='lat' dir='ltr'><strong>igitur</strong></span> <span class='ocrx_word' id='word_1_163' title='bbox 703 2447 901 2501; x_wconf 91' lang='lat' dir='ltr'><strong>dicitur</strong></span> <span class='ocrx_word' id='word_1_164' title='bbox 931 2446 1262 2511; x_wconf 82' lang='lat' dir='ltr'><strong>exinanitus,</strong></span> <span class='ocrx_word' id='word_1_165' title='bbox 1295 2446 1341 2501; x_wconf 93' lang='lat' dir='ltr'><strong>si</strong></span> <span class='ocrx_word' id='word_1_166' title='bbox 1379 2454 1567 2499; x_wconf 88' lang='lat' dir='ltr'><strong>natura</strong></span> <span class='ocrx_word' id='word_1_167' title='bbox 1614 2447 1775 2502; x_wconf 90' lang='lat' dir='ltr'><strong>homo</strong></span> <span class='ocrx_word' id='word_1_168' title='bbox 1828 2440 2102 2503; x_wconf 79' lang='lat' dir='ltr'><strong>exsistens</strong></span> 
     </span>
    </p>
   </div>
   <div class='ocr_carea' id='block_1_24' title="bbox 518 2537 2103 2610">
    <p class='ocr_par' dir='ltr' id='par_1_24' title="bbox 518 2537 2103 2610">
     <span class='ocr_line' id='line_1_24' title="bbox 518 2537 2103 2610; baseline 0.001 -18"><span class='ocrx_word' id='word_1_169' title='bbox 518 2550 674 2594; x_wconf 88' lang='lat' dir='ltr'><strong>natus</strong></span> <span class='ocrx_word' id='word_1_170' title='bbox 709 2549 790 2592; x_wconf 92' lang='lat' dir='ltr'><strong>est</strong></span> <span class='ocrx_word' id='word_1_171' title='bbox 846 2554 913 2592; x_wconf 80' lang='lat' dir='ltr'><strong>ex</strong></span> <span class='ocrx_word' id='word_1_172' title='bbox 969 2538 1213 2603; x_wconf 77' lang='lat' dir='ltr'><strong>muliere,</strong></span> <span class='ocrx_word' id='word_1_173' title='bbox 1268 2537 1723 2610; x_wconf 89' lang='lat' dir='ltr'><strong>quemadmodum</strong></span> <span class='ocrx_word' id='word_1_174' title='bbox 1785 2538 1935 2593; x_wconf 78' lang='lat' dir='ltr'><strong>nos?</strong></span> <span class='ocrx_word' id='word_1_175' title='bbox 2008 2539 2103 2594; x_wconf 91' lang='lat' dir='ltr'><strong>Dic</strong></span> 
     </span>
    </p>
   </div>
   <div class='ocr_carea' id='block_1_25' title="bbox 515 2629 2099 2698">
    <p class='ocr_par' dir='ltr' id='par_1_25' title="bbox 515 2629 2099 2698">
     <span class='ocr_line' id='line_1_25' title="bbox 515 2629 2099 2698; baseline 0.001 -14"><span class='ocrx_word' id='word_1_176' title='bbox 515 2632 669 2695; x_wconf 89' lang='lat' dir='ltr'><strong>mihi,</strong></span> <span class='ocrx_word' id='word_1_177' title='bbox 700 2646 763 2685; x_wconf 81' lang='lat' dir='ltr'><strong>ex</strong></span> <span class='ocrx_word' id='word_1_178' title='bbox 784 2645 888 2698; x_wconf 86' lang='lat' dir='ltr'><strong>qua</strong></span> <span class='ocrx_word' id='word_1_179' title='bbox 923 2629 1226 2696; x_wconf 86' lang='lat' dir='ltr'><strong>antiquiore</strong></span> <span class='ocrx_word' id='word_1_180' title='bbox 1248 2629 1578 2693; x_wconf 87' lang='lat' dir='ltr'><strong>conditione,</strong></span> <span class='ocrx_word' id='word_1_181' title='bbox 1614 2644 1734 2698; x_wconf 66' lang='lat' dir='ltr'><strong>quae</strong></span> <span class='ocrx_word' id='word_1_182' title='bbox 1762 2630 1832 2685; x_wconf 89' lang='lat' dir='ltr'><strong>sit</strong></span> <span class='ocrx_word' id='word_1_183' title='bbox 1864 2631 2099 2685; x_wconf 78' lang='lat' dir='ltr'><strong>humana</strong></span> 
     </span>
    </p>
   </div>
   <div class='ocr_carea' id='block_1_26' title="bbox 516 2721 2100 2795">
    <p class='ocr_par' dir='ltr' id='par_1_26' title="bbox 516 2721 2100 2795">
     <span class='ocr_line' id='line_1_26' title="bbox 516 2721 2100 2795; baseline 0 -20"><span class='ocrx_word' id='word_1_184' title='bbox 516 2725 875 2795; x_wconf 64' lang='lat' dir='ltr'><strong>praestantior,</strong></span> <span class='ocrx_word' id='word_1_185' title='bbox 924 2738 989 2777; x_wconf 87' lang='lat' dir='ltr'><strong>eo</strong></span> <span class='ocrx_word' id='word_1_186' title='bbox 1041 2721 1344 2788; x_wconf 90' lang='lat' dir='ltr'><strong>descendit,</strong></span> <span class='ocrx_word' id='word_1_187' title='bbox 1396 2732 1453 2777; x_wconf 92' lang='lat' dir='ltr'><strong>ut</strong></span> <span class='ocrx_word' id='word_1_188' title='bbox 1516 2722 1678 2776; x_wconf 91' lang='lat' dir='ltr'><strong>homo</strong></span> <span class='ocrx_word' id='word_1_189' title='bbox 1733 2721 1929 2777; x_wconf 72' lang='lat' dir='ltr'><strong>fieret?</strong></span> <span class='ocrx_word' id='word_1_190' title='bbox 1995 2722 2100 2775; x_wconf 81' lang='lat' dir='ltr'><strong>Aut</strong></span> 
     </span>
    </p>
   </div>
   <div class='ocr_carea' id='block_1_27' title="bbox 514 2812 2100 2885">
    <p class='ocr_par' dir='ltr' id='par_1_27' title="bbox 514 2812 2100 2885">
     <span class='ocr_line' id='line_1_27' title="bbox 514 2812 2100 2885; baseline -0.003 -17"><span class='ocrx_word' id='word_1_191' title='bbox 514 2817 783 2885; x_wconf 76' lang='grc' dir='ltr'>ψιοιιιοίο</span> <span class='ocrx_word' id='word_1_192' title='bbox 814 2815 1141 2883; x_wconf 89' lang='lat' dir='ltr'><strong>intelligatur</strong></span> <span class='ocrx_word' id='word_1_193' title='bbox 1168 2814 1309 2867; x_wconf 83' lang='lat' dir='ltr'><strong>servi</strong></span> <span class='ocrx_word' id='word_1_194' title='bbox 1343 2813 1570 2868; x_wconf 80' lang='lat' dir='ltr'><strong>formam</strong></span> <span class='ocrx_word' id='word_1_195' title='bbox 1593 2812 2100 2882; x_wconf 87' lang='lat' dir='ltr'><strong>suscepisse,quam</strong></span> 
     </span>
    </p>
   </div>
   <div class='ocr_carea' id='block_1_28' title="bbox 517 2905 2104 2975">
    <p class='ocr_par' dir='ltr' id='par_1_28' title="bbox 517 2905 2104 2975">
     <span class='ocr_line' id='line_1_28' title="bbox 517 2905 2104 2975; baseline -0.002 -15"><span class='ocrx_word' id='word_1_196' title='bbox 517 2907 778 2975; x_wconf 85' lang='lat' dir='ltr'><strong>principio</strong></span> <span class='ocrx_word' id='word_1_197' title='bbox 806 2923 915 2959; x_wconf 86' lang='lat' dir='ltr'><strong>non</strong></span> <span class='ocrx_word' id='word_1_198' title='bbox 964 2905 1231 2969; x_wconf 84' lang='lat' dir='ltr'><strong>habuerit,</strong></span> <span class='ocrx_word' id='word_1_199' title='bbox 1263 2905 1354 2973; x_wconf 89' lang='lat' dir='ltr'><strong>qui</strong></span> <span class='ocrx_word' id='word_1_200' title='bbox 1401 2915 1607 2967; x_wconf 84' lang='lat' dir='ltr'><strong>natura</strong></span> <span class='ocrx_word' id='word_1_201' title='bbox 1648 2915 1732 2960; x_wconf 87' lang='lat' dir='ltr'><strong>est</strong></span> <span class='ocrx_word' id='word_1_202' title='bbox 1790 2905 1933 2958; x_wconf 88' lang='lat' dir='ltr'><strong>inter</strong></span> <span class='ocrx_word' id='word_1_203' title='bbox 1986 2918 2104 2960; x_wconf 84' lang='lat' dir='ltr'><strong>ser-</strong></span> 
     </span>
    </p>
   </div>
   <div class='ocr_carea' id='block_1_29' title="bbox 513 2996 2100 3067">
    <p class='ocr_par' dir='ltr' id='par_1_29' title="bbox 513 2996 2100 3067">
     <span class='ocr_line' id='line_1_29' title="bbox 513 2996 2100 3067; baseline -0.003 -16"><span class='ocrx_word' id='word_1_204' title='bbox 513 3013 632 3062; x_wconf 87' lang='lat' dir='ltr'><strong>vos,</strong></span> <span class='ocrx_word' id='word_1_205' title='bbox 708 3009 761 3051; x_wconf 90' lang='lat' dir='ltr'><strong>et</strong></span> <span class='ocrx_word' id='word_1_206' title='bbox 827 3006 1006 3051; x_wconf 88' lang='lat' dir='ltr'><strong>manet</strong></span> <span class='ocrx_word' id='word_1_207' title='bbox 1056 2999 1157 3052; x_wconf 90' lang='lat' dir='ltr'><strong>sub</strong></span> <span class='ocrx_word' id='word_1_208' title='bbox 1218 2997 1347 3067; x_wconf 83' lang='lat' dir='ltr'><strong>jugo</strong></span> <span class='ocrx_word' id='word_1_209' title='bbox 1416 2996 1745 3050; x_wconf 76' lang='lat' dir='ltr'><strong>servitutis?</strong></span> <span class='ocrx_word' id='word_1_210' title='bbox 1810 2997 1878 3049; x_wconf 82' lang='lat' dir='ltr'><strong>At</strong></span> <span class='ocrx_word' id='word_1_211' title='bbox 1934 2996 2100 3058; x_wconf 90' lang='lat' dir='ltr'><strong>enim,</strong></span> 
     </span>
    </p>
   </div>
   <div class='ocr_carea' id='block_1_30' title="bbox 517 3087 2099 3159">
    <p class='ocr_par' dir='ltr' id='par_1_30' title="bbox 517 3087 2099 3159">
     <span class='ocr_line' id='line_1_30' title="bbox 517 3087 2099 3159; baseline 0.001 -17"><span class='ocrx_word' id='word_1_212' title='bbox 517 3090 785 3158; x_wconf 71' lang='lat' dir='ltr'><strong>inqu?unt,</strong></span> <span class='ocrx_word' id='word_1_213' title='bbox 826 3091 917 3159; x_wconf 91' lang='lat' dir='ltr'><strong>qui</strong></span> <span class='ocrx_word' id='word_1_214' title='bbox 966 3098 1177 3154; x_wconf 78' lang='lat' dir='ltr'><strong>natura,</strong></span> <span class='ocrx_word' id='word_1_215' title='bbox 1212 3099 1266 3144; x_wconf 89' lang='lat' dir='ltr'><strong>et</strong></span> <span class='ocrx_word' id='word_1_216' title='bbox 1298 3104 1449 3150; x_wconf 78' lang='lat' dir='ltr'><strong>vere.</strong></span> <span class='ocrx_word' id='word_1_217' title='bbox 1499 3100 1552 3143; x_wconf 87' lang='lat' dir='ltr'><strong>et</strong></span> <span class='ocrx_word' id='word_1_218' title='bbox 1596 3089 1733 3145; x_wconf 89' lang='lat' dir='ltr'><strong>liber</strong></span> <span class='ocrx_word' id='word_1_219' title='bbox 1784 3098 1867 3144; x_wconf 86' lang='lat' dir='ltr'><strong>est</strong></span> <span class='ocrx_word' id='word_1_220' title='bbox 1911 3087 2099 3155; x_wconf 83' lang='lat' dir='ltr'><strong>Filius,</strong></span> 
     </span>
    </p>
   </div>
   <div class='ocr_carea' id='block_1_31' title="bbox 1742 408 2547 473">
    <p class='ocr_par' dir='ltr' id='par_1_31' title="bbox 1742 408 2547 473">
     <span class='ocr_line' id='line_1_31' title="bbox 1742 408 2547 473; baseline -0.006 -1"><span class='ocrx_word' id='word_1_221' title='bbox 1742 408 2125 473; x_wconf 68' lang='lat' dir='ltr'><strong>EUTHYMII</strong></span> <span class='ocrx_word' id='word_1_222' title='bbox 2180 409 2547 468; x_wconf 62' lang='lat' dir='ltr'><strong>ZIGABENI</strong></span> 
     </span>
    </p>
   </div>
   <div class='ocr_carea' id='block_1_32' title="bbox 1430 516 2096 595">
    <p class='ocr_par' dir='ltr' id='par_1_32' title="bbox 1430 525 2087 595">
     <span class='ocr_line' id='line_1_32' title="bbox 1430 525 2087 595; baseline -0.005 -14"><span class='ocrx_word' id='word_1_223' title='bbox 1430 527 1586 595; x_wconf 85' lang='lat' dir='ltr'><strong>Quod</strong></span> <span class='ocrx_word' id='word_1_224' title='bbox 1692 537 1872 582; x_wconf 88' lang='lat' dir='ltr'><strong>autem</strong></span> <span class='ocrx_word' id='word_1_225' title='bbox 1962 525 2087 580; x_wconf 85' lang='lat' dir='ltr'><strong>uni-</strong></span> 
     </span>
    </p>
   </div>
   <div class='ocr_carea' id='block_1_33' title="bbox 2200 516 3785 595">
    <p class='ocr_par' dir='ltr' id='par_1_33' title="bbox 2200 517 3785 594">
     <span class='ocr_line' id='line_1_33' title="bbox 2200 517 3785 594; baseline -0.002 -16"><span class='ocrx_word' id='word_1_226' title='bbox 2200 524 2381 594; x_wconf 78' lang='grc' dir='ltr'>ὥσπερ</span> <span class='ocrx_word' id='word_1_227' title='bbox 2413 525 2493 588; x_wconf 82' lang='grc' dir='ltr'><strong>είς</strong></span> <span class='ocrx_word' id='word_1_228' title='bbox 2520 525 2747 591; x_wconf 75' lang='grc' dir='ltr'>ἑνότητα</span> <span class='ocrx_word' id='word_1_229' title='bbox 2775 528 3032 593; x_wconf 76' lang='grc' dir='ltr'>φυσικὴν,</span> <span class='ocrx_word' id='word_1_230' title='bbox 3060 523 3155 575; x_wconf 67' lang='grc' dir='ltr'><strong>καὶ</strong></span> <span class='ocrx_word' id='word_1_231' title='bbox 3188 517 3303 580; x_wconf 80' lang='grc' dir='ltr'>οἷον</span> <span class='ocrx_word' id='word_1_232' title='bbox 3327 523 3785 591; x_wconf 76' lang='grc' dir='ltr'>ἀνακιρναμένων</span> 
     </span>
    </p>
   </div>
   <div class='ocr_carea' id='block_1_34' title="bbox 3643 407 3783 474">
    <p class='ocr_par' dir='ltr' id='par_1_34' title="bbox 3643 407 3783 474">
     <span class='ocr_line' id='line_1_34' title="bbox 3643 407 3783 474; baseline 0.057 -8"><span class='ocrx_word' id='word_1_233' title='bbox 3643 407 3783 474; x_wconf 76' lang='lat'><strong>1000</strong></span> 
     </span>
    </p>
   </div>
   <div class='ocr_carea' id='block_1_35' title="bbox 2203 614 3787 687">
    <p class='ocr_par' dir='ltr' id='par_1_35' title="bbox 2203 614 3787 687">
     <span class='ocr_line' id='line_1_35' title="bbox 2203 614 3787 687; baseline -0.001 -19"><span class='ocrx_word' id='word_1_234' title='bbox 2203 618 2473 685; x_wconf 82' lang='grc' dir='ltr'>ἀλλήλοιν,</span> <span class='ocrx_word' id='word_1_235' title='bbox 2512 619 2648 687; x_wconf 82' lang='grc' dir='ltr'>ὅπερ</span> <span class='ocrx_word' id='word_1_236' title='bbox 2684 615 2752 670; x_wconf 76' lang='grc' dir='ltr'>ἂν</span> <span class='ocrx_word' id='word_1_237' title='bbox 2782 617 2859 678; x_wconf 83' lang='grc' dir='ltr'><strong>ὡς</strong></span> <span class='ocrx_word' id='word_1_238' title='bbox 2891 615 3021 668; x_wconf 77' lang='grc' dir='ltr'>ἴδιον</span> <span class='ocrx_word' id='word_1_239' title='bbox 3066 615 3314 684; x_wconf 79' lang='grc' dir='ltr'>ἐκατέρῳ</span> <span class='ocrx_word' id='word_1_240' title='bbox 3345 617 3543 683; x_wconf 79' lang='grc' dir='ltr'>προσῇ.</span> <span class='ocrx_word' id='word_1_241' title='bbox 3573 614 3698 667; x_wconf 85' lang='grc' dir='ltr'>Ὅτι.</span> <span class='ocrx_word' id='word_1_242' title='bbox 3726 614 3787 667; x_wconf 69' lang='grc' dir='ltr'>δέ</span> 
     </span>
    </p>
   </div>
   <div class='ocr_carea' id='block_1_36' title="bbox 2204 705 3787 778">
    <p class='ocr_par' dir='ltr' id='par_1_36' title="bbox 2204 705 3787 778">
     <span class='ocr_line' id='line_1_36' title="bbox 2204 705 3787 778; baseline -0.001 -17"><span class='ocrx_word' id='word_1_243' title='bbox 2204 711 2353 762; x_wconf 71' lang='grc' dir='ltr'>ἐστιν</span> <span class='ocrx_word' id='word_1_244' title='bbox 2383 711 2795 778; x_wconf 77' lang='grc' dir='ltr'><strong>ἀναγκαιοτάτη</strong></span> <span class='ocrx_word' id='word_1_245' title='bbox 2824 708 2946 761; x_wconf 82' lang='grc' dir='ltr'><strong>λίαν</strong></span> <span class='ocrx_word' id='word_1_246' title='bbox 2981 709 3015 776; x_wconf 75' lang='grc' dir='ltr'><strong>ἡ</strong></span> <span class='ocrx_word' id='word_1_247' title='bbox 3043 708 3239 770; x_wconf 72' lang='grc' dir='ltr'>Ξνωσις</span> <span class='ocrx_word' id='word_1_248' title='bbox 3260 709 3354 759; x_wconf 69' lang='grc' dir='ltr'><strong>ἐπὶ</strong></span> <span class='ocrx_word' id='word_1_249' title='bbox 3387 705 3651 775; x_wconf 84' lang='grc' dir='ltr'>Χριστοῦ,</span> <span class='ocrx_word' id='word_1_250' title='bbox 3683 724 3787 759; x_wconf 84' lang='grc' dir='ltr'>κα·-</span> 
     </span>
    </p>
   </div>
   <div class='ocr_carea' id='block_1_37' title="bbox 2202 798 3786 871">
    <p class='ocr_par' dir='ltr' id='par_1_37' title="bbox 2202 798 3786 871">
     <span class='ocr_line' id='line_1_37' title="bbox 2202 798 3786 871; baseline -0.001 -18"><span class='ocrx_word' id='word_1_251' title='bbox 2202 799 2474 870; x_wconf 74' lang='grc' dir='ltr'>ταθρῆσαι</span> <span class='ocrx_word' id='word_1_252' title='bbox 2513 802 2644 871; x_wconf 79' lang='grc' dir='ltr'>ῥᾷον</span> <span class='ocrx_word' id='word_1_253' title='bbox 2672 801 2766 852; x_wconf 74' lang='grc' dir='ltr'>καὶ</span> <span class='ocrx_word' id='word_1_254' title='bbox 2812 799 3200 867; x_wconf 75' lang='grc' dir='ltr'><strong>ἀταλαίπωρον</strong></span> <span class='ocrx_word' id='word_1_255' title='bbox 3242 798 3527 861; x_wconf 85' lang='grc' dir='ltr'>παντελῶς</span> <span class='ocrx_word' id='word_1_256' title='bbox 3573 800 3668 851; x_wconf 72' lang='grc' dir='ltr'>καὶ</span> <span class='ocrx_word' id='word_1_257' title='bbox 3698 799 3786 851; x_wconf 76' lang='grc' dir='ltr'><strong>διὰ</strong></span> 
     </span>
    </p>
   </div>
   <div class='ocr_carea' id='block_1_38' title="bbox 2203 888 3787 960">
    <p class='ocr_par' dir='ltr' id='par_1_38' title="bbox 2203 888 3787 960">
     <span class='ocr_line' id='line_1_38' title="bbox 2203 888 3787 960; baseline -0.002 -18"><span class='ocrx_word' id='word_1_258' title='bbox 2203 890 2413 943; x_wconf 81' lang='grc' dir='ltr'>πολλῶν</span> <span class='ocrx_word' id='word_1_259' title='bbox 2434 890 2654 958; x_wconf 77' lang='grc' dir='ltr'>ἑτέρων.</span> <span class='ocrx_word' id='word_1_260' title='bbox 2680 890 2817 960; x_wconf 76' lang='grc' dir='ltr'>Φέρε</span> <span class='ocrx_word' id='word_1_261' title='bbox 2844 890 2976 958; x_wconf 75' lang='grc' dir='ltr'>γὰρ,</span> <span class='ocrx_word' id='word_1_262' title='bbox 3005 893 3050 942; x_wconf 79' lang='grc' dir='ltr'>εἰ</span> <span class='ocrx_word' id='word_1_263' title='bbox 3075 890 3241 953; x_wconf 83' lang='grc' dir='ltr'>δοκεῖ,</span> <span class='ocrx_word' id='word_1_264' title='bbox 3263 890 3361 948; x_wconf 71' lang='grc' dir='ltr'><strong>τὰς</strong></span> <span class='ocrx_word' id='word_1_265' title='bbox 3385 888 3482 941; x_wconf 79' lang='grc' dir='ltr'><strong>τοῦ</strong></span> <span class='ocrx_word' id='word_1_266' title='bbox 3510 890 3787 960; x_wconf 85' lang='grc' dir='ltr'>μακαρίου</span> 
     </span>
    </p>
   </div>
   <div class='ocr_carea' id='block_1_39' title="bbox 2206 978 3788 1051">
    <p class='ocr_par' dir='ltr' id='par_1_39' title="bbox 2206 978 3788 1051">
     <span class='ocr_line' id='line_1_39' title="bbox 2206 978 3788 1051; baseline 0 -19"><span class='ocrx_word' id='word_1_267' title='bbox 2206 978 2417 1032; x_wconf 78' lang='grc' dir='ltr'><strong>Παύλου</strong></span> <span class='ocrx_word' id='word_1_268' title='bbox 2449 981 3001 1051; x_wconf 70' lang='grc' dir='ltr'><strong>πολυπραγμονῶμεν</strong></span> <span class='ocrx_word' id='word_1_269' title='bbox 3027 984 3235 1048; x_wconf 69' lang='grc' dir='ltr'>φωνὰς,</span> <span class='ocrx_word' id='word_1_270' title='bbox 3262 980 3511 1050; x_wconf 70' lang='grc' dir='ltr'>ἀκριϐῶς</span> <span class='ocrx_word' id='word_1_271' title='bbox 3540 982 3635 1033; x_wconf 71' lang='grc' dir='ltr'><strong>τὸν</strong></span> <span class='ocrx_word' id='word_1_272' title='bbox 3658 980 3788 1032; x_wconf 86' lang='grc' dir='ltr'>νοῦν</span> 
     </span>
    </p>
   </div>
   <div class='ocr_carea' id='block_1_40' title="bbox 2204 1070 3790 1144">
    <p class='ocr_par' dir='ltr' id='par_1_40' title="bbox 2204 1070 3790 1144">
     <span class='ocr_line' id='line_1_40' title="bbox 2204 1070 3790 1144; baseline 0.001 -21"><span class='ocrx_word' id='word_1_273' title='bbox 2204 1073 2297 1123; x_wconf 70' lang='grc' dir='ltr'>καὶ</span> <span class='ocrx_word' id='word_1_274' title='bbox 2326 1070 2401 1135; x_wconf 84' lang='grc' dir='ltr'><strong>ὡς</strong></span> <span class='ocrx_word' id='word_1_275' title='bbox 2456 1071 2536 1123; x_wconf 70' lang='grc' dir='ltr'>ἔνι</span> <span class='ocrx_word' id='word_1_276' title='bbox 2581 1072 2796 1131; x_wconf 85' lang='grc' dir='ltr'>λεπτῶς</span> <span class='ocrx_word' id='word_1_277' title='bbox 2827 1072 3207 1141; x_wconf 76' lang='grc' dir='ltr'>ἑνερείδοντες.</span> <span class='ocrx_word' id='word_1_278' title='bbox 3242 1073 3387 1139; x_wconf 76' lang='grc' dir='ltr'>Ἕιρη</span> <span class='ocrx_word' id='word_1_279' title='bbox 3424 1074 3611 1125; x_wconf 83' lang='grc' dir='ltr'>τοίνυν</span> <span class='ocrx_word' id='word_1_280' title='bbox 3654 1074 3790 1144; x_wconf 76' lang='grc' dir='ltr'>περὶ</span> 
     </span>
    </p>
   </div>
   <div class='ocr_carea' id='block_1_41' title="bbox 2203 1163 3785 1235">
    <p class='ocr_par' dir='ltr' id='par_1_41' title="bbox 2203 1163 3785 1235">
     <span class='ocr_line' id='line_1_41' title="bbox 2203 1163 3785 1235; baseline 0.015 -22"><span class='ocrx_word' id='word_1_281' title='bbox 2203 1163 2298 1214; x_wconf 88' lang='grc' dir='ltr'><strong>τοῦ</strong></span> <span class='ocrx_word' id='word_1_282' title='bbox 2334 1164 2671 1232; x_wconf 82' lang='grc' dir='ltr'>Μονογενοῦς</span> <span class='ocrx_word' id='word_1_283' title='bbox 2691 1181 2706 1196; x_wconf 89' lang='grc'><strong>·</strong></span> <span class='ocrx_word' id='word_1_284' title='bbox 2743 1167 2850 1228; x_wconf 82' lang='grc' dir='ltr'><strong>’³ος</strong></span> <span class='ocrx_word' id='word_1_285' title='bbox 2874 1164 3143 1234; x_wconf 75' lang='grc' dir='ltr'>ἐνμορερῇ</span> <span class='ocrx_word' id='word_1_286' title='bbox 3174 1165 3323 1219; x_wconf 76' lang='grc' dir='ltr'>Θεοῦ</span> <span class='ocrx_word' id='word_1_287' title='bbox 3358 1165 3647 1232; x_wconf 74' lang='grc' dir='ltr'><strong>ὑπάρχων</strong></span> <span class='ocrx_word' id='word_1_288' title='bbox 3668 1168 3785 1235; x_wconf 67' lang='grc' dir='ltr'><strong>οὐχ</strong></span> 
     </span>
    </p>
   </div>
   <div class='ocr_carea' id='block_1_42' title="bbox 2204 1253 3783 1323">
    <p class='ocr_par' dir='ltr' id='par_1_42' title="bbox 2204 1253 3783 1323">
     <span class='ocr_line' id='line_1_42' title="bbox 2204 1253 3783 1323; baseline 0.001 -18"><span class='ocrx_word' id='word_1_289' title='bbox 2204 1255 2516 1323; x_wconf 75' lang='grc' dir='ltr'>ἁρπαγμὸν</span> <span class='ocrx_word' id='word_1_290' title='bbox 2546 1255 2820 1323; x_wconf 74' lang='grc' dir='ltr'>ἡγήσατο</span> <span class='ocrx_word' id='word_1_291' title='bbox 2859 1256 2926 1308; x_wconf 75' lang='grc' dir='ltr'>τὸ</span> <span class='ocrx_word' id='word_1_292' title='bbox 2966 1253 3119 1310; x_wconf 75' lang='grc' dir='ltr'>εἶναι</span> <span class='ocrx_word' id='word_1_293' title='bbox 3164 1256 3270 1308; x_wconf 80' lang='grc' dir='ltr'><strong>ἴση</strong></span> <span class='ocrx_word' id='word_1_294' title='bbox 3302 1254 3445 1318; x_wconf 78' lang='grc' dir='ltr'>Θεῷ.</span> <span class='ocrx_word' id='word_1_295' title='bbox 3479 1256 3617 1308; x_wconf 68' lang='grc' dir='ltr'><strong>ἀλλ’</strong></span> <span class='ocrx_word' id='word_1_296' title='bbox 3640 1256 3783 1307; x_wconf 73' lang='grc' dir='ltr'>ἐαυ-</span> 
     </span>
    </p>
   </div>
   <div class='ocr_carea' id='block_1_43' title="bbox 2204 1345 3785 1416">
    <p class='ocr_par' dir='ltr' id='par_1_43' title="bbox 2204 1345 3785 1416">
     <span class='ocr_line' id='line_1_43' title="bbox 2204 1345 3785 1416; baseline 0.002 -19"><span class='ocrx_word' id='word_1_297' title='bbox 2204 1348 2311 1397; x_wconf 68' lang='grc' dir='ltr'>τὸν</span> <span class='ocrx_word' id='word_1_298' title='bbox 2343 1345 2624 1411; x_wconf 79' lang='grc' dir='ltr'>ἐκένωσε,</span> <span class='ocrx_word' id='word_1_299' title='bbox 2649 1347 2895 1415; x_wconf 66' lang='grc' dir='ltr'>μορφὴν</span> <span class='ocrx_word' id='word_1_300' title='bbox 2945 1348 3169 1401; x_wconf 69' lang='grc' dir='ltr'>δούλου</span> <span class='ocrx_word' id='word_1_301' title='bbox 3202 1349 3422 1411; x_wconf 76' lang='grc' dir='ltr'>λαϐὼν,</span> <span class='ocrx_word' id='word_1_302' title='bbox 3464 1348 3534 1400; x_wconf 74' lang='grc' dir='ltr'><strong>ἐν·</strong></span> <span class='ocrx_word' id='word_1_303' title='bbox 3576 1348 3785 1416; x_wconf 56' lang='lat'><strong>(511016)-</strong></span> 
     </span>
    </p>
   </div>
   <div class='ocr_carea' id='block_1_44' title="bbox 2204 1436 3782 1508">
    <p class='ocr_par' dir='ltr' id='par_1_44' title="bbox 2204 1436 3782 1508">
     <span class='ocr_line' id='line_1_44' title="bbox 2204 1436 3782 1508; baseline 0.001 -19"><span class='ocrx_word' id='word_1_304' title='bbox 2204 1451 2337 1499; x_wconf 78' lang='grc' dir='ltr'>ιιατι</span> <span class='ocrx_word' id='word_1_305' title='bbox 2369 1436 2685 1504; x_wconf 77' lang='grc' dir='ltr'>ἀνθρώπου</span> <span class='ocrx_word' id='word_1_306' title='bbox 2713 1440 3061 1506; x_wconf 74' lang='grc' dir='ltr'>γενόμενος,</span> <span class='ocrx_word' id='word_1_307' title='bbox 3081 1439 3182 1492; x_wconf 75' lang='grc' dir='ltr'>καὶ</span> <span class='ocrx_word' id='word_1_308' title='bbox 3215 1439 3481 1508; x_wconf 82' lang='grc' dir='ltr'>σχήματι</span> <span class='ocrx_word' id='word_1_309' title='bbox 3511 1440 3782 1507; x_wconf 77' lang='grc' dir='ltr'>εὑρεθεὶς</span> 
     </span>
    </p>
   </div>
   <div class='ocr_carea' id='block_1_45' title="bbox 2201 1529 3782 1600">
    <p class='ocr_par' dir='ltr' id='par_1_45' title="bbox 2201 1529 3782 1600">
     <span class='ocr_line' id='line_1_45' title="bbox 2201 1529 3782 1600; baseline 0.004 -21"><span class='ocrx_word' id='word_1_310' title='bbox 2201 1529 2284 1593; x_wconf 88' lang='grc' dir='ltr'>ὠς</span> <span class='ocrx_word' id='word_1_311' title='bbox 2310 1529 2623 1596; x_wconf 74' lang='grc' dir='ltr'>ἄνθρωπος</span> <span class='ocrx_word' id='word_1_312' title='bbox 2673 1531 3087 1584; x_wconf 70' lang='grc' dir='ltr'><strong>ἐταπείνωσεν</strong></span> <span class='ocrx_word' id='word_1_313' title='bbox 3125 1532 3367 1584; x_wconf 81' lang='grc' dir='ltr'>ἑαυτόν.</span> <span class='ocrx_word' id='word_1_314' title='bbox 3419 1532 3513 1594; x_wconf 84' lang='grc' dir='ltr'>Τίς</span> <span class='ocrx_word' id='word_1_315' title='bbox 3547 1531 3643 1584; x_wconf 74' lang='grc' dir='ltr'>οὖν</span> <span class='ocrx_word' id='word_1_316' title='bbox 3674 1533 3782 1600; x_wconf 73' lang='grc' dir='ltr'>ἄρα</span> 
     </span>
    </p>
   </div>
   <div class='ocr_carea' id='block_1_46' title="bbox 2204 1619 3783 1693">
    <p class='ocr_par' dir='ltr' id='par_1_46' title="bbox 2204 1619 3783 1693">
     <span class='ocr_line' id='line_1_46' title="bbox 2204 1619 3783 1693; baseline 0.003 -22"><span class='ocrx_word' id='word_1_317' title='bbox 2204 1619 2394 1672; x_wconf 71' lang='grc' dir='ltr'>ἐστὶνό</span> <span class='ocrx_word' id='word_1_318' title='bbox 2417 1620 2677 1690; x_wconf 82' lang='grc' dir='ltr'><strong>ὑπάρχων</strong></span> <span class='ocrx_word' id='word_1_319' title='bbox 2701 1623 2758 1673; x_wconf 83' lang='grc' dir='ltr'>ὲν</span> <span class='ocrx_word' id='word_1_320' title='bbox 2793 1625 2975 1693; x_wconf 78' lang='grc' dir='ltr'>μορφῇ</span> <span class='ocrx_word' id='word_1_321' title='bbox 3009 1623 3104 1674; x_wconf 90' lang='grc' dir='ltr'><strong>τοῦ</strong></span> <span class='ocrx_word' id='word_1_322' title='bbox 3128 1622 3286 1683; x_wconf 83' lang='grc' dir='ltr'>Θεοῦ,</span> <span class='ocrx_word' id='word_1_323' title='bbox 3312 1625 3405 1675; x_wconf 66' lang='grc' dir='ltr'>καὶ</span> <span class='ocrx_word' id='word_1_324' title='bbox 3434 1624 3533 1691; x_wconf 80' lang='grc' dir='ltr'><strong>οὑχ</strong></span> <span class='ocrx_word' id='word_1_325' title='bbox 3563 1623 3783 1691; x_wconf 71' lang='grc' dir='ltr'>ἁρπαγε-</span> 
     </span>
    </p>
   </div>
   <div class='ocr_carea' id='block_1_47' title="bbox 2207 1710 3785 1782">
    <p class='ocr_par' dir='ltr' id='par_1_47' title="bbox 2207 1710 3785 1782">
     <span class='ocr_line' id='line_1_47' title="bbox 2207 1710 3785 1782; baseline 0.003 -21"><span class='ocrx_word' id='word_1_326' title='bbox 2207 1710 2306 1779; x_wconf 76' lang='grc' dir='ltr'><strong>μδν</strong></span> <span class='ocrx_word' id='word_1_327' title='bbox 2361 1713 2709 1782; x_wconf 77' lang='grc' dir='ltr'><strong>ἡγησάμενος</strong></span> <span class='ocrx_word' id='word_1_328' title='bbox 2758 1713 2818 1766; x_wconf 79' lang='grc' dir='ltr'>τὸ</span> <span class='ocrx_word' id='word_1_329' title='bbox 2871 1711 3011 1767; x_wconf 82' lang='grc' dir='ltr'>εἶναι</span> <span class='ocrx_word' id='word_1_330' title='bbox 3047 1715 3136 1766; x_wconf 69' lang='grc' dir='ltr'><strong>ἴσα</strong></span> <span class='ocrx_word' id='word_1_331' title='bbox 3170 1714 3419 1782; x_wconf 74' lang='grc' dir='ltr'>ΘεῷςἪ</span> <span class='ocrx_word' id='word_1_332' title='bbox 3444 1714 3567 1766; x_wconf 85' lang='grc' dir='ltr'>τίνα</span> <span class='ocrx_word' id='word_1_333' title='bbox 3618 1715 3785 1767; x_wconf 79' lang='grc' dir='ltr'>κεκέ-</span> 
     </span>
    </p>
   </div>
   <div class='ocr_carea' id='block_1_48' title="bbox 2204 1806 3785 1874">
    <p class='ocr_par' dir='ltr' id='par_1_48' title="bbox 2204 1806 3785 1874">
     <span class='ocr_line' id='line_1_48' title="bbox 2204 1806 3785 1874; baseline 0.001 -20"><span class='ocrx_word' id='word_1_334' title='bbox 2204 1821 2371 1858; x_wconf 80' lang='grc' dir='ltr'>νωται</span> <span class='ocrx_word' id='word_1_335' title='bbox 2403 1806 2623 1874; x_wconf 77' lang='grc' dir='ltr'>τρόπον,</span> <span class='ocrx_word' id='word_1_336' title='bbox 2660 1806 2917 1859; x_wconf 76' lang='grc' dir='ltr'>καθίκετο</span> <span class='ocrx_word' id='word_1_337' title='bbox 2949 1826 3009 1860; x_wconf 87' lang='grc' dir='ltr'><strong>τε</strong></span> <span class='ocrx_word' id='word_1_338' title='bbox 3069 1810 3216 1871; x_wconf 83' lang='grc' dir='ltr'>ὅπως</span> <span class='ocrx_word' id='word_1_339' title='bbox 3285 1810 3366 1870; x_wconf 86' lang='grc' dir='ltr'><strong>είς</strong></span> <span class='ocrx_word' id='word_1_340' title='bbox 3428 1808 3785 1871; x_wconf 74' lang='grc' dir='ltr'><strong>ταπείνωσιν,</strong></span> 
     </span>
    </p>
   </div>
   <div class='ocr_carea' id='block_1_49' title="bbox 2203 1895 3786 1971">
    <p class='ocr_par' dir='ltr' id='par_1_49' title="bbox 2203 1895 3786 1971">
     <span class='ocr_line' id='line_1_49' title="bbox 2203 1895 3786 1971; baseline 0.002 -23"><span class='ocrx_word' id='word_1_341' title='bbox 2203 1900 2299 1949; x_wconf 70' lang='grc' dir='ltr'>καὶ</span> <span class='ocrx_word' id='word_1_342' title='bbox 2328 1898 2387 1950; x_wconf 74' lang='grc' dir='ltr'>ἐν</span> <span class='ocrx_word' id='word_1_343' title='bbox 2431 1901 2495 1969; x_wconf 77' lang='grc' dir='ltr'><strong>τῇ</strong></span> <span class='ocrx_word' id='word_1_344' title='bbox 2528 1895 2618 1952; x_wconf 86' lang='grc' dir='ltr'><strong>τοῦ</strong></span> <span class='ocrx_word' id='word_1_345' title='bbox 2651 1899 2842 1953; x_wconf 85' lang='grc' dir='ltr'>δούλου</span> <span class='ocrx_word' id='word_1_346' title='bbox 2872 1901 3063 1969; x_wconf 84' lang='grc' dir='ltr'>γέγονε</span> <span class='ocrx_word' id='word_1_347' title='bbox 3096 1905 3319 1971; x_wconf 55' lang='lat' dir='ltr'><strong>pop-si;</strong></span> <span class='ocrx_word' id='word_1_348' title='bbox 3353 1903 3415 1954; x_wconf 86' lang='grc' dir='ltr'>Οί</span> <span class='ocrx_word' id='word_1_349' title='bbox 3458 1901 3559 1970; x_wconf 83' lang='grc' dir='ltr'>μὲν</span> <span class='ocrx_word' id='word_1_350' title='bbox 3584 1900 3677 1954; x_wconf 80' lang='grc' dir='ltr'>οὖν</span> <span class='ocrx_word' id='word_1_351' title='bbox 3704 1902 3786 1962; x_wconf 85' lang='grc' dir='ltr'><strong>είς</strong></span> 
     </span>
    </p>
   </div>
   <div class='ocr_carea' id='block_1_50' title="bbox 2202 1988 3787 2062">
    <p class='ocr_par' dir='ltr' id='par_1_50' title="bbox 2202 1988 3787 2062">
     <span class='ocr_line' id='line_1_50' title="bbox 2202 1988 3787 2062; baseline 0.003 -23"><span class='ocrx_word' id='word_1_352' title='bbox 2202 1988 2295 2042; x_wconf 80' lang='grc' dir='ltr'>δύο</span> <span class='ocrx_word' id='word_1_353' title='bbox 2321 1991 2613 2059; x_wconf 82' lang='grc' dir='ltr'>τέμνοντες</span> <span class='ocrx_word' id='word_1_354' title='bbox 2640 1994 2734 2045; x_wconf 82' lang='grc' dir='ltr'>τὸν</span> <span class='ocrx_word' id='word_1_355' title='bbox 2791 1991 2889 2045; x_wconf 70' lang='grc' dir='ltr'>ἕνα</span> <span class='ocrx_word' id='word_1_356' title='bbox 2915 1993 3118 2057; x_wconf 81' lang='grc' dir='ltr'>Κύριον</span> <span class='ocrx_word' id='word_1_357' title='bbox 3151 1992 3363 2061; x_wconf 82' lang='grc' dir='ltr'><strong>Ἰησοῦν</strong></span> <span class='ocrx_word' id='word_1_358' title='bbox 3414 1992 3671 2062; x_wconf 71' lang='grc' dir='ltr'>Χριστὸν,</span> <span class='ocrx_word' id='word_1_359' title='bbox 3705 1994 3787 2055; x_wconf 77' lang='grc' dir='ltr'>εἷς</span> 
     </span>
    </p>
   </div>
   <div class='ocr_carea' id='block_1_51' title="bbox 2204 2081 3783 2155">
    <p class='ocr_par' dir='ltr' id='par_1_51' title="bbox 2204 2081 3783 2155">
     <span class='ocr_line' id='line_1_51' title="bbox 2204 2081 3783 2155; baseline -0.001 -21"><span class='ocrx_word' id='word_1_360' title='bbox 2204 2098 2260 2134; x_wconf 89' lang='grc' dir='ltr'><strong>τε</strong></span> <span class='ocrx_word' id='word_1_361' title='bbox 2295 2081 2581 2152; x_wconf 77' lang='grc' dir='ltr'>ἄνθρωπόν</span> <span class='ocrx_word' id='word_1_362' title='bbox 2611 2101 2752 2154; x_wconf 84' lang='grc' dir='ltr'>φημι</span> <span class='ocrx_word' id='word_1_363' title='bbox 2794 2085 2889 2137; x_wconf 70' lang='grc' dir='ltr'>καὶ</span> <span class='ocrx_word' id='word_1_364' title='bbox 2917 2086 3011 2137; x_wconf 83' lang='grc' dir='ltr'>τὸν</span> <span class='ocrx_word' id='word_1_365' title='bbox 3056 2085 3119 2137; x_wconf 77' lang='grc' dir='ltr'>ὲκ</span> <span class='ocrx_word' id='word_1_366' title='bbox 3162 2083 3298 2139; x_wconf 81' lang='grc' dir='ltr'>Θεοῦ</span> <span class='ocrx_word' id='word_1_367' title='bbox 3348 2084 3559 2155; x_wconf 60' lang='lat' dir='ltr'><strong>Harpe;</strong></span> <span class='ocrx_word' id='word_1_368' title='bbox 3588 2084 3783 2151; x_wconf 80' lang='grc' dir='ltr'>Λόγον,</span> 
     </span>
    </p>
   </div>
   <div class='ocr_carea' id='block_1_52' title="bbox 2200 2172 3783 2244">
    <p class='ocr_par' dir='ltr' id='par_1_52' title="bbox 2200 2172 3783 2244">
     <span class='ocr_line' id='line_1_52' title="bbox 2200 2172 3783 2244; baseline 0 -18"><span class='ocrx_word' id='word_1_369' title='bbox 2200 2172 2295 2226; x_wconf 82' lang='grc' dir='ltr'><strong>τόν</strong></span> <span class='ocrx_word' id='word_1_370' title='bbox 2328 2175 2391 2225; x_wconf 85' lang='grc' dir='ltr'>ὲκ</span> <span class='ocrx_word' id='word_1_371' title='bbox 2432 2174 2529 2242; x_wconf 79' lang='grc' dir='ltr'>τῆς</span> <span class='ocrx_word' id='word_1_372' title='bbox 2564 2175 2725 2241; x_wconf 87' lang='grc' dir='ltr'>ἀγίας</span> <span class='ocrx_word' id='word_1_373' title='bbox 2782 2173 3061 2243; x_wconf 71' lang='grc' dir='ltr'>Παρθένου</span> <span class='ocrx_word' id='word_1_374' title='bbox 3118 2176 3285 2244; x_wconf 80' lang='grc' dir='ltr'>φασὶν</span> <span class='ocrx_word' id='word_1_375' title='bbox 3343 2175 3633 2244; x_wconf 80' lang='grc' dir='ltr'>ὑπομεῖναι</span> <span class='ocrx_word' id='word_1_376' title='bbox 3682 2173 3783 2244; x_wconf 71' lang='grc' dir='ltr'>τὴν</span> 
     </span>
    </p>
   </div>
   <div class='ocr_carea' id='block_1_53' title="bbox 2203 2265 3779 2334">
    <p class='ocr_par' dir='ltr' id='par_1_53' title="bbox 2203 2265 3779 2334">
     <span class='ocr_line' id='line_1_53' title="bbox 2203 2265 3779 2334; baseline 0.002 -16"><span class='ocrx_word' id='word_1_377' title='bbox 2203 2268 2433 2319; x_wconf 79' lang='grc' dir='ltr'><strong>κένωσιν</strong></span> <span class='ocrx_word' id='word_1_378' title='bbox 2465 2266 2881 2330; x_wconf 80' lang='grc' dir='ltr'>ἀποδιιστάντες</span> <span class='ocrx_word' id='word_1_379' title='bbox 2911 2266 3077 2319; x_wconf 84' lang='grc' dir='ltr'>αὑτοῦ</span> <span class='ocrx_word' id='word_1_380' title='bbox 3140 2269 3232 2319; x_wconf 74' lang='grc' dir='ltr'><strong>τὸν</strong></span> <span class='ocrx_word' id='word_1_381' title='bbox 3284 2269 3347 2319; x_wconf 77' lang='grc' dir='ltr'>ὲκ</span> <span class='ocrx_word' id='word_1_382' title='bbox 3392 2265 3527 2319; x_wconf 88' lang='grc' dir='ltr'>Θεοῦ</span> <span class='ocrx_word' id='word_1_383' title='bbox 3581 2266 3779 2334; x_wconf 87' lang='grc' dir='ltr'>Λόγον.</span> 
     </span>
    </p>
   </div>
   <div class='ocr_carea' id='block_1_54' title="bbox 2205 2355 3778 2429">
    <p class='ocr_par' dir='ltr' id='par_1_54' title="bbox 2205 2355 3778 2429">
     <span class='ocr_line' id='line_1_54' title="bbox 2205 2355 3778 2429; baseline 0 -19"><span class='ocrx_word' id='word_1_384' title='bbox 2205 2358 2800 2428; x_wconf 82' lang='grc' dir='ltr'>Προαποδεικνύτωσαν</span> <span class='ocrx_word' id='word_1_385' title='bbox 2853 2355 2970 2420; x_wconf 73' lang='grc' dir='ltr'>οὖν,</span> <span class='ocrx_word' id='word_1_386' title='bbox 3012 2361 3094 2412; x_wconf 84' lang='grc' dir='ltr'>ὅτι</span> <span class='ocrx_word' id='word_1_387' title='bbox 3124 2360 3218 2411; x_wconf 72' lang='grc' dir='ltr'>καὶ</span> <span class='ocrx_word' id='word_1_388' title='bbox 3249 2361 3315 2411; x_wconf 81' lang='grc' dir='ltr'><strong>ἐν’</strong></span> <span class='ocrx_word' id='word_1_389' title='bbox 3334 2361 3517 2429; x_wconf 83' lang='grc' dir='ltr'>μορφῇ</span> <span class='ocrx_word' id='word_1_390' title='bbox 3538 2360 3636 2410; x_wconf 79' lang='grc' dir='ltr'>καὶ</span> <span class='ocrx_word' id='word_1_391' title='bbox 3665 2358 3778 2410; x_wconf 82' lang='grc' dir='ltr'>ίσό-</span> 
     </span>
    </p>
   </div>
   <div class='ocr_carea' id='block_1_55' title="bbox 2200 2446 3779 2521">
    <p class='ocr_par' dir='ltr' id='par_1_55' title="bbox 2200 2446 3779 2521">
     <span class='ocr_line' id='line_1_55' title="bbox 2200 2446 3779 2521; baseline 0 -19"><span class='ocrx_word' id='word_1_392' title='bbox 2200 2466 2326 2519; x_wconf 88' lang='grc' dir='ltr'>τητι</span> <span class='ocrx_word' id='word_1_393' title='bbox 2354 2450 2558 2503; x_wconf 73' lang='grc' dir='ltr'>νοεῖται</span> <span class='ocrx_word' id='word_1_394' title='bbox 2582 2467 2643 2502; x_wconf 91' lang='grc' dir='ltr'><strong>τε</strong></span> <span class='ocrx_word' id='word_1_395' title='bbox 2674 2452 2768 2503; x_wconf 76' lang='grc' dir='ltr'>καὶ</span> <span class='ocrx_word' id='word_1_396' title='bbox 2790 2446 2860 2521; x_wconf 78' lang='grc' dir='ltr'>ἦν</span> <span class='ocrx_word' id='word_1_397' title='bbox 2898 2451 2993 2504; x_wconf 85' lang='grc' dir='ltr'><strong>τοῦ</strong></span> <span class='ocrx_word' id='word_1_398' title='bbox 3029 2451 3264 2517; x_wconf 74' lang='grc' dir='ltr'>Πατρὸς,</span> <span class='ocrx_word' id='word_1_399' title='bbox 3298 2448 3387 2502; x_wconf 78' lang='grc' dir='ltr'><strong>ἵνα</strong></span> <span class='ocrx_word' id='word_1_400' title='bbox 3419 2454 3515 2503; x_wconf 74' lang='grc' dir='ltr'>καὶ</span> <span class='ocrx_word' id='word_1_401' title='bbox 3552 2449 3644 2501; x_wconf 74' lang='grc' dir='ltr'><strong>τὸν</strong></span> <span class='ocrx_word' id='word_1_402' title='bbox 3674 2448 3779 2518; x_wconf 84' lang='grc' dir='ltr'>τῆς</span> 
     </span>
    </p>
   </div>
   <div class='ocr_carea' id='block_1_56' title="bbox 2207 2537 3784 2613">
    <p class='ocr_par' dir='ltr' id='par_1_56' title="bbox 2207 2537 3784 2613">
     <span class='ocr_line' id='line_1_56' title="bbox 2207 2537 3784 2613; baseline -0.001 -20"><span class='ocrx_word' id='word_1_403' title='bbox 2207 2539 2492 2605; x_wconf 83' lang='grc' dir='ltr'>κενώσεως</span> <span class='ocrx_word' id='word_1_404' title='bbox 2518 2544 2791 2613; x_wconf 78' lang='grc' dir='ltr'>ὑπομείνῃ</span> <span class='ocrx_word' id='word_1_405' title='bbox 2824 2544 3045 2612; x_wconf 82' lang='grc' dir='ltr'>τρόπον,</span> <span class='ocrx_word' id='word_1_406' title='bbox 3079 2544 3159 2605; x_wconf 85' lang='grc' dir='ltr'><strong>είς</strong></span> <span class='ocrx_word' id='word_1_407' title='bbox 3190 2544 3327 2613; x_wconf 84' lang='grc' dir='ltr'>ὅπερ</span> <span class='ocrx_word' id='word_1_408' title='bbox 3346 2543 3445 2595; x_wconf 83' lang='grc' dir='ltr'>οὐκ</span> <span class='ocrx_word' id='word_1_409' title='bbox 3462 2537 3532 2610; x_wconf 82' lang='grc' dir='ltr'>ἦν</span> <span class='ocrx_word' id='word_1_410' title='bbox 3558 2540 3784 2594; x_wconf 78' lang='grc' dir='ltr'>καθικό-</span> 
     </span>
    </p>
   </div>
   <div class='ocr_carea' id='block_1_57' title="bbox 2207 2626 3781 2704">
    <p class='ocr_par' dir='ltr' id='par_1_57' title="bbox 2207 2626 3781 2704">
     <span class='ocr_line' id='line_1_57' title="bbox 2207 2626 3781 2704; baseline 0.001 -20"><span class='ocrx_word' id='word_1_411' title='bbox 2207 2649 2386 2702; x_wconf 84' lang='grc' dir='ltr'>μενος.</span> <span class='ocrx_word' id='word_1_412' title='bbox 2429 2634 2569 2685; x_wconf 79' lang='grc' dir='ltr'><strong>Ἀλλ’</strong></span> <span class='ocrx_word' id='word_1_413' title='bbox 2606 2634 2760 2687; x_wconf 77' lang='grc' dir='ltr'>οὐδέν</span> <span class='ocrx_word' id='word_1_414' title='bbox 2808 2636 2925 2687; x_wconf 72' lang='grc' dir='ltr'>ἐστι</span> <span class='ocrx_word' id='word_1_415' title='bbox 2977 2633 3086 2689; x_wconf 87' lang='grc' dir='ltr'><strong>τῶν</strong></span> <span class='ocrx_word' id='word_1_416' title='bbox 3133 2633 3554 2704; x_wconf 79' lang='grc' dir='ltr'>πεποιημένων,</span> <span class='ocrx_word' id='word_1_417' title='bbox 3584 2626 3630 2701; x_wconf 77' lang='grc' dir='ltr'>ᾧ</span> <span class='ocrx_word' id='word_1_418' title='bbox 3661 2634 3781 2687; x_wconf 86' lang='grc' dir='ltr'>κατ’</span> 
     </span>
    </p>
   </div>
   <div class='ocr_carea' id='block_1_58' title="bbox 2206 2720 3781 2795">
    <p class='ocr_par' dir='ltr' id='par_1_58' title="bbox 2206 2720 3781 2795">
     <span class='ocr_line' id='line_1_58' title="bbox 2206 2720 3781 2795; baseline 0.003 -22"><span class='ocrx_word' id='word_1_419' title='bbox 2206 2720 2343 2774; x_wconf 86' lang='grc' dir='ltr'>ίδίαν</span> <span class='ocrx_word' id='word_1_420' title='bbox 2374 2724 2548 2774; x_wconf 82' lang='grc' dir='ltr'>νοοῖτο</span> <span class='ocrx_word' id='word_1_421' title='bbox 2595 2723 2761 2790; x_wconf 82' lang='grc' dir='ltr'>φύσιν</span> <span class='ocrx_word' id='word_1_422' title='bbox 2806 2725 2869 2777; x_wconf 74' lang='grc' dir='ltr'>τὸ</span> <span class='ocrx_word' id='word_1_423' title='bbox 2899 2726 2958 2777; x_wconf 78' lang='grc' dir='ltr'>ἐν</span> <span class='ocrx_word' id='word_1_424' title='bbox 2994 2724 3201 2795; x_wconf 78' lang='grc' dir='ltr'>ἰσότητι</span> <span class='ocrx_word' id='word_1_425' title='bbox 3250 2724 3344 2778; x_wconf 88' lang='grc' dir='ltr'><strong>τοῦ</strong></span> <span class='ocrx_word' id='word_1_426' title='bbox 3387 2725 3620 2793; x_wconf 86' lang='grc' dir='ltr'>Πατρός.</span> <span class='ocrx_word' id='word_1_427' title='bbox 3655 2725 3781 2787; x_wconf 84' lang='grc' dir='ltr'>Πῶς</span> 
     </span>
    </p>
   </div>
   <div class='ocr_carea' id='block_1_59' title="bbox 2202 2810 3779 2884">
    <p class='ocr_par' dir='ltr' id='par_1_59' title="bbox 2202 2810 3779 2884">
     <span class='ocr_line' id='line_1_59' title="bbox 2202 2810 3779 2884; baseline 0.001 -20"><span class='ocrx_word' id='word_1_428' title='bbox 2202 2810 2295 2865; x_wconf 82' lang='grc' dir='ltr'><strong>οῦν</strong></span> <span class='ocrx_word' id='word_1_429' title='bbox 2322 2814 2658 2866; x_wconf 72' lang='grc' dir='ltr'>κεκενῶσθαι</span> <span class='ocrx_word' id='word_1_430' title='bbox 2698 2815 2938 2880; x_wconf 77' lang='grc' dir='ltr'>λέγεται,</span> <span class='ocrx_word' id='word_1_431' title='bbox 2973 2815 3021 2867; x_wconf 88' lang='grc' dir='ltr'><strong>εί</strong></span> <span class='ocrx_word' id='word_1_432' title='bbox 3052 2815 3151 2884; x_wconf 77' lang='grc' dir='ltr'>τὴν</span> <span class='ocrx_word' id='word_1_433' title='bbox 3174 2813 3336 2882; x_wconf 68' lang='grc' dir='ltr'>φύσιν</span> <span class='ocrx_word' id='word_1_434' title='bbox 3378 2812 3665 2881; x_wconf 74' lang='grc' dir='ltr'>ἄνθρωπος</span> <span class='ocrx_word' id='word_1_435' title='bbox 3702 2813 3779 2865; x_wconf 88' lang='grc' dir='ltr'><strong>ῶν</strong></span> 
     </span>
    </p>
   </div>
   <div class='ocr_carea' id='block_1_60' title="bbox 2202 2905 3781 2976">
    <p class='ocr_par' dir='ltr' id='par_1_60' title="bbox 2202 2905 3781 2976">
     <span class='ocr_line' id='line_1_60' title="bbox 2202 2905 3781 2976; baseline 0.001 -21"><span class='ocrx_word' id='word_1_436' title='bbox 2202 2905 2523 2974; x_wconf 72' lang='grc' dir='ltr'>γεγέννητλι</span> <span class='ocrx_word' id='word_1_437' title='bbox 2553 2907 2674 2959; x_wconf 86' lang='grc' dir='ltr'>καθ’</span> <span class='ocrx_word' id='word_1_438' title='bbox 2705 2909 2853 2976; x_wconf 76' lang='grc' dir='ltr'>ἡμᾶς</span> <span class='ocrx_word' id='word_1_439' title='bbox 2886 2911 2949 2959; x_wconf 75' lang='grc' dir='ltr'>ἐκ</span> <span class='ocrx_word' id='word_1_440' title='bbox 2976 2909 3269 2976; x_wconf 79' lang='grc' dir='ltr'>γυναικόςς</span> <span class='ocrx_word' id='word_1_441' title='bbox 3315 2908 3409 2959; x_wconf 81' lang='grc' dir='ltr'><strong>Ἐκ</strong></span> <span class='ocrx_word' id='word_1_442' title='bbox 3450 2906 3635 2969; x_wconf 82' lang='grc' dir='ltr'>ποίας.</span> <span class='ocrx_word' id='word_1_443' title='bbox 3658 2906 3781 2960; x_wconf 71' lang='grc' dir='ltr'>εἰπέ</span> 
     </span>
    </p>
   </div>
   <div class='ocr_carea' id='block_1_61' title="bbox 2207 2997 3782 3069">
    <p class='ocr_par' dir='ltr' id='par_1_61' title="bbox 2207 2997 3782 3069">
     <span class='ocr_line' id='line_1_61' title="bbox 2207 2997 3782 3069; baseline 0.003 -22"><span class='ocrx_word' id='word_1_444' title='bbox 2207 3012 2316 3065; x_wconf 88' lang='grc' dir='ltr'>μοι,</span> <span class='ocrx_word' id='word_1_445' title='bbox 2340 2997 2718 3068; x_wconf 75' lang='grc' dir='ltr'>πρεσὸυτέρας</span> <span class='ocrx_word' id='word_1_446' title='bbox 2745 3000 3020 3069; x_wconf 76' lang='grc' dir='ltr'>ὑπεροχῆς</span> <span class='ocrx_word' id='word_1_447' title='bbox 3044 3000 3146 3068; x_wconf 77' lang='grc' dir='ltr'>τῆς</span> <span class='ocrx_word' id='word_1_448' title='bbox 3192 2999 3485 3068; x_wconf 85' lang='grc' dir='ltr'>ἀνθρώπου</span> <span class='ocrx_word' id='word_1_449' title='bbox 3535 2999 3782 3069; x_wconf 79' lang='grc' dir='ltr'>μείζονος</span> 
     </span>
    </p>
   </div>
   <div class='ocr_carea' id='block_1_62' title="bbox 2204 3085 3782 3160">
    <p class='ocr_par' dir='ltr' id='par_1_62' title="bbox 2204 3085 3782 3160">
     <span class='ocr_line' id='line_1_62' title="bbox 2204 3085 3782 3160; baseline 0.003 -22"><span class='ocrx_word' id='word_1_450' title='bbox 2204 3088 2283 3150; x_wconf 80' lang='grc' dir='ltr'><strong>εἰς</strong></span> <span class='ocrx_word' id='word_1_451' title='bbox 2332 3087 2392 3140; x_wconf 85' lang='grc' dir='ltr'>τὸ</span> <span class='ocrx_word' id='word_1_452' title='bbox 2426 3089 2714 3160; x_wconf 82' lang='grc' dir='ltr'>ἄνθρωπος</span> <span class='ocrx_word' id='word_1_453' title='bbox 2742 3085 2886 3144; x_wconf 80' lang='grc' dir='ltr'>εἶναι</span> <span class='ocrx_word' id='word_1_454' title='bbox 2918 3092 3161 3160; x_wconf 74' lang='grc' dir='ltr'>κατέδης</span> <span class='ocrx_word' id='word_1_455' title='bbox 3192 3092 3265 3144; x_wconf 85' lang='grc' dir='ltr'><strong>Ἦ</strong></span> <span class='ocrx_word' id='word_1_456' title='bbox 3321 3093 3437 3153; x_wconf 86' lang='grc' dir='ltr'><strong>πῶς</strong></span> <span class='ocrx_word' id='word_1_457' title='bbox 3490 3092 3557 3145; x_wconf 83' lang='grc' dir='ltr'>ἂν</span> <span class='ocrx_word' id='word_1_458' title='bbox 3610 3093 3782 3144; x_wconf 57' lang='lat' dir='ltr'><strong>vecto</strong></span> 
     </span>
    </p>
   </div>
   <div class='ocr_carea' id='block_1_63' title="bbox 514 3162 2096 3252">
    <p class='ocr_par' dir='ltr' id='par_1_63' title="bbox 514 3181 2094 3252">
     <span class='ocr_line' id='line_1_63' title="bbox 514 3181 2094 3252; baseline 0 -17"><span class='ocrx_word' id='word_1_459' title='bbox 514 3181 691 3236; x_wconf 84' lang='lat' dir='ltr'><strong>Patris</strong></span> <span class='ocrx_word' id='word_1_460' title='bbox 723 3181 978 3247; x_wconf 82' lang='lat' dir='ltr'><strong>Verbum,</strong></span> <span class='ocrx_word' id='word_1_461' title='bbox 1022 3185 1072 3237; x_wconf 90' lang='lat' dir='ltr'><strong>in</strong></span> <span class='ocrx_word' id='word_1_462' title='bbox 1128 3184 1262 3250; x_wconf 83' lang='lat' dir='ltr'><strong>ejus.</strong></span> <span class='ocrx_word' id='word_1_463' title='bbox 1310 3198 1338 3237; x_wconf 89' lang='lat' dir='ltr'><strong>a</strong></span> <span class='ocrx_word' id='word_1_464' title='bbox 1383 3198 1490 3252; x_wconf 89' lang='lat' dir='ltr'><strong>quo</strong></span> <span class='ocrx_word' id='word_1_465' title='bbox 1519 3182 1733 3252; x_wconf 78' lang='lat' dir='ltr'><strong>genitus</strong></span> <span class='ocrx_word' id='word_1_466' title='bbox 1783 3194 1886 3249; x_wconf 91' lang='lat' dir='ltr'><strong>est,</strong></span> <span class='ocrx_word' id='word_1_467' title='bbox 1922 3182 2094 3238; x_wconf 77' lang='lat' dir='ltr'><strong>iorma</strong></span> 
     </span>
    </p>
   </div>
   <div class='ocr_carea' id='block_1_64' title="bbox 2200 3162 3779 3252">
    <p class='ocr_par' dir='ltr' id='par_1_64' title="bbox 2202 3166 3779 3252">
     <span class='ocr_line' id='line_1_64' title="bbox 2202 3166 3779 3252; baseline 0.004 -25"><span class='ocrx_word' id='word_1_468' title='bbox 2202 3166 2387 3230; x_wconf 74' lang='grc' dir='ltr'>λαϐεῖν</span> <span class='ocrx_word' id='word_1_469' title='bbox 2422 3177 2497 3240; x_wconf 82' lang='grc' dir='ltr'>ὡς</span> <span class='ocrx_word' id='word_1_470' title='bbox 2518 3180 2621 3231; x_wconf 85' lang='grc' dir='ltr'><strong>οὑκ</strong></span> <span class='ocrx_word' id='word_1_471' title='bbox 2644 3179 2785 3249; x_wconf 75' lang='grc' dir='ltr'>ἔχων</span> <span class='ocrx_word' id='word_1_472' title='bbox 2816 3182 2872 3233; x_wconf 76' lang='grc' dir='ltr'>ἐν</span> <span class='ocrx_word' id='word_1_473' title='bbox 2913 3181 3054 3252; x_wconf 80' lang='grc' dir='ltr'>ἀρχῇ</span> <span class='ocrx_word' id='word_1_474' title='bbox 3089 3182 3187 3251; x_wconf 83' lang='grc' dir='ltr'>τὴν</span> <span class='ocrx_word' id='word_1_475' title='bbox 3220 3182 3313 3234; x_wconf 81' lang='grc' dir='ltr'><strong>τοῦ</strong></span> <span class='ocrx_word' id='word_1_476' title='bbox 3344 3181 3537 3234; x_wconf 81' lang='grc' dir='ltr'>δούλου</span> <span class='ocrx_word' id='word_1_477' title='bbox 3563 3182 3779 3252; x_wconf 76' lang='grc' dir='ltr'>μορφὴν</span> 
     </span>
    </p>
   </div>
   <div class='ocr_carea' id='block_1_65' title="bbox 514 3264 2094 3344">
    <p class='ocr_par' dir='ltr' id='par_1_65' title="bbox 514 3264 2094 3344">
     <span class='ocr_line' id='line_1_65' title="bbox 514 3264 2094 3344; baseline 0.001 -16"><span class='ocrx_word' id='word_1_478' title='bbox 514 3264 803 3338; x_wconf 74' lang='lat' dir='ltr'><strong>exsistens,</strong></span> <span class='ocrx_word' id='word_1_479' title='bbox 863 3287 911 3327; x_wconf 83' lang='lat' dir='ltr'><strong>et</strong></span> <span class='ocrx_word' id='word_1_480' title='bbox 964 3274 1035 3328; x_wconf 84' lang='lat' dir='ltr'><strong>illi</strong></span> <span class='ocrx_word' id='word_1_481' title='bbox 1114 3275 1339 3344; x_wconf 69' lang='lat' dir='ltr'><strong>mqualis</strong></span> <span class='ocrx_word' id='word_1_482' title='bbox 1419 3274 1681 3330; x_wconf 67' lang='lat' dir='ltr'><strong>habitarit</strong></span> <span class='ocrx_word' id='word_1_483' title='bbox 1753 3273 1806 3330; x_wconf 90' lang='lat' dir='ltr'><strong>in</strong></span> <span class='ocrx_word' id='word_1_484' title='bbox 1875 3275 2094 3329; x_wconf 88' lang='lat' dir='ltr'><strong>homine</strong></span> 
     </span>
    </p>
   </div>
   <div class='ocr_carea' id='block_1_66' title="bbox 518 3367 2091 3435">
    <p class='ocr_par' dir='ltr' id='par_1_66' title="bbox 518 3367 2091 3435">
     <span class='ocr_line' id='line_1_66' title="bbox 518 3367 2091 3435; baseline -0.002 -14"><span class='ocrx_word' id='word_1_485' title='bbox 518 3382 613 3435; x_wconf 91' lang='lat' dir='ltr'><strong>per</strong></span> <span class='ocrx_word' id='word_1_486' title='bbox 661 3368 941 3420; x_wconf 81' lang='lat' dir='ltr'><strong>mulierem</strong></span> <span class='ocrx_word' id='word_1_487' title='bbox 993 3368 1204 3435; x_wconf 81' lang='lat' dir='ltr'><strong>genito,</strong></span> <span class='ocrx_word' id='word_1_488' title='bbox 1256 3375 1312 3421; x_wconf 91' lang='lat' dir='ltr'><strong>et</strong></span> <span class='ocrx_word' id='word_1_489' title='bbox 1363 3367 1463 3421; x_wconf 92' lang='lat' dir='ltr'><strong>hoc</strong></span> <span class='ocrx_word' id='word_1_490' title='bbox 1527 3377 1610 3421; x_wconf 88' lang='lat' dir='ltr'><strong>est</strong></span> <span class='ocrx_word' id='word_1_491' title='bbox 1661 3367 1979 3431; x_wconf 80' lang='lat' dir='ltr'><strong>exiuanitio,</strong></span> <span class='ocrx_word' id='word_1_492' title='bbox 2036 3375 2091 3421; x_wconf 91' lang='lat' dir='ltr'><strong>et</strong></span> 
     </span>
    </p>
   </div>
   <div class='ocr_carea' id='block_1_67' title="bbox 519 3457 2091 3528">
    <p class='ocr_par' dir='ltr' id='par_1_67' title="bbox 519 3457 2091 3528">
     <span class='ocr_line' id='line_1_67' title="bbox 519 3457 2091 3528; baseline 0.001 -16"><span class='ocrx_word' id='word_1_493' title='bbox 519 3459 812 3522; x_wconf 86' lang='lat' dir='ltr'><strong>humilitas,</strong></span> <span class='ocrx_word' id='word_1_494' title='bbox 843 3467 898 3511; x_wconf 89' lang='lat' dir='ltr'><strong>et</strong></span> <span class='ocrx_word' id='word_1_495' title='bbox 944 3459 1091 3512; x_wconf 82' lang='lat' dir='ltr'><strong>servi</strong></span> <span class='ocrx_word' id='word_1_496' title='bbox 1125 3458 1350 3512; x_wconf 82' lang='lat' dir='ltr'><strong>formam</strong></span> <span class='ocrx_word' id='word_1_497' title='bbox 1391 3459 1685 3528; x_wconf 90' lang='lat' dir='ltr'><strong>accepisse.</strong></span> <span class='ocrx_word' id='word_1_498' title='bbox 1714 3457 1895 3525; x_wconf 80' lang='lat' dir='ltr'><strong>Quid?</strong></span> <span class='ocrx_word' id='word_1_499' title='bbox 1923 3475 1957 3514; x_wconf 92' lang='grc' dir='ltr'><strong>ο</strong></span> <span class='ocrx_word' id='word_1_500' title='bbox 1990 3460 2091 3514; x_wconf 81' lang='lat' dir='ltr'><strong>viri</strong></span> 
     </span>
    </p>
   </div>
   <div class='ocr_carea' id='block_1_68' title="bbox 515 3548 2088 3618">
    <p class='ocr_par' dir='ltr' id='par_1_68' title="bbox 515 3548 2088 3618">
     <span class='ocr_line' id='line_1_68' title="bbox 515 3548 2088 3618; baseline -0.001 -15"><span class='ocrx_word' id='word_1_501' title='bbox 515 3551 727 3618; x_wconf 90' lang='lat' dir='ltr'><strong>optimi,</strong></span> <span class='ocrx_word' id='word_1_502' title='bbox 786 3549 989 3605; x_wconf 89' lang='lat' dir='ltr'><strong>satisne</strong></span> <span class='ocrx_word' id='word_1_503' title='bbox 1042 3548 1143 3603; x_wconf 77' lang='lat' dir='ltr'><strong>fuit</strong></span> <span class='ocrx_word' id='word_1_504' title='bbox 1179 3552 1245 3605; x_wconf 89' lang='lat' dir='ltr'><strong>ad</strong></span> <span class='ocrx_word' id='word_1_505' title='bbox 1300 3550 1458 3605; x_wconf 90' lang='lat' dir='ltr'><strong>Verbi</strong></span> <span class='ocrx_word' id='word_1_506' title='bbox 1494 3549 1587 3604; x_wconf 90' lang='lat' dir='ltr'><strong>Dei</strong></span> <span class='ocrx_word' id='word_1_507' title='bbox 1644 3550 2088 3613; x_wconf 80' lang='lat' dir='ltr'><strong>exinanitionem,</strong></span> 
     </span>
    </p>
   </div>
   <div class='ocr_carea' id='block_1_69' title="bbox 515 3639 2093 3704">
    <p class='ocr_par' dir='ltr' id='par_1_69' title="bbox 515 3639 2093 3704">
     <span class='ocr_line' id='line_1_69' title="bbox 515 3639 2093 3704; baseline -0.005 -6"><span class='ocrx_word' id='word_1_508' title='bbox 515 3650 575 3698; x_wconf 87' lang='lat' dir='ltr'><strong>ut</strong></span> <span class='ocrx_word' id='word_1_509' title='bbox 618 3640 674 3695; x_wconf 91' lang='lat' dir='ltr'><strong>in</strong></span> <span class='ocrx_word' id='word_1_510' title='bbox 718 3641 934 3696; x_wconf 87' lang='lat' dir='ltr'><strong>homine</strong></span> <span class='ocrx_word' id='word_1_511' title='bbox 970 3639 1293 3695; x_wconf 78' lang='lat' dir='ltr'><strong>habitaret?</strong></span> <span class='ocrx_word' id='word_1_512' title='bbox 1354 3650 1410 3694; x_wconf 84' lang='lat' dir='ltr'><strong>et</strong></span> <span class='ocrx_word' id='word_1_513' title='bbox 1437 3649 1606 3694; x_wconf 88' lang='lat' dir='ltr'><strong>tutum</strong></span> <span class='ocrx_word' id='word_1_514' title='bbox 1652 3649 1733 3694; x_wconf 89' lang='lat' dir='ltr'><strong>est</strong></span> <span class='ocrx_word' id='word_1_515' title='bbox 1767 3639 1970 3701; x_wconf 89' lang='lat' dir='ltr'><strong>dicere,</strong></span> <span class='ocrx_word' id='word_1_516' title='bbox 2015 3640 2093 3704; x_wconf 86' lang='lat' dir='ltr'><strong>ip-</strong></span> 
     </span>
    </p>
   </div>
   <div class='ocr_carea' id='block_1_70' title="bbox 514 3732 2089 3801">
    <p class='ocr_par' dir='ltr' id='par_1_70' title="bbox 514 3732 2089 3801">
     <span class='ocr_line' id='line_1_70' title="bbox 514 3732 2089 3801; baseline -0.004 -12"><span class='ocrx_word' id='word_1_517' title='bbox 514 3748 633 3789; x_wconf 84' lang='lat' dir='ltr'><strong>sum</strong></span> <span class='ocrx_word' id='word_1_518' title='bbox 684 3734 784 3788; x_wconf 92' lang='lat' dir='ltr'><strong>hoc</strong></span> <span class='ocrx_word' id='word_1_519' title='bbox 845 3743 1003 3801; x_wconf 89' lang='lat' dir='ltr'><strong>pacto</strong></span> <span class='ocrx_word' id='word_1_520' title='bbox 1072 3735 1220 3789; x_wconf 89' lang='lat' dir='ltr'><strong>servi</strong></span> <span class='ocrx_word' id='word_1_521' title='bbox 1267 3733 1501 3789; x_wconf 74' lang='lat' dir='ltr'><strong>formam</strong></span> <span class='ocrx_word' id='word_1_522' title='bbox 1568 3732 1833 3799; x_wconf 88' lang='lat' dir='ltr'><strong>subiisse,</strong></span> <span class='ocrx_word' id='word_1_523' title='bbox 1925 3743 2089 3801; x_wconf 87' lang='lat' dir='ltr'><strong>atque</strong></span> 
     </span>
    </p>
   </div>
   <div class='ocr_carea' id='block_1_71' title="bbox 516 3824 2086 3896">
    <p class='ocr_par' dir='ltr' id='par_1_71' title="bbox 516 3824 2086 3896">
     <span class='ocr_line' id='line_1_71' title="bbox 516 3824 2086 3896; baseline -0.001 -17"><span class='ocrx_word' id='word_1_524' title='bbox 516 3826 588 3880; x_wconf 92' lang='lat' dir='ltr'><strong>ita</strong></span> <span class='ocrx_word' id='word_1_525' title='bbox 672 3826 1061 3881; x_wconf 77' lang='lat' dir='ltr'><strong>exinanitionis</strong></span> <span class='ocrx_word' id='word_1_526' title='bbox 1168 3827 1435 3882; x_wconf 86' lang='lat' dir='ltr'><strong>rationem</strong></span> <span class='ocrx_word' id='word_1_527' title='bbox 1520 3824 1836 3896; x_wconf 80' lang='lat' dir='ltr'><strong>peregisse?</strong></span> <span class='ocrx_word' id='word_1_528' title='bbox 1922 3824 2086 3895; x_wconf 86' lang='lat' dir='ltr'><strong>Atqui</strong></span> 
     </span>
    </p>
   </div>
   <div class='ocr_carea' id='block_1_72' title="bbox 515 3919 2084 3988">
    <p class='ocr_par' dir='ltr' id='par_1_72' title="bbox 515 3919 2084 3988">
     <span class='ocr_line' id='line_1_72' title="bbox 515 3919 2084 3988; baseline 0.002 -18"><span class='ocrx_word' id='word_1_529' title='bbox 515 3919 672 3973; x_wconf 87' lang='lat' dir='ltr'><strong>audio</strong></span> <span class='ocrx_word' id='word_1_530' title='bbox 727 3919 899 3987; x_wconf 86' lang='lat' dir='ltr'><strong>ipsum</strong></span> <span class='ocrx_word' id='word_1_531' title='bbox 959 3925 1176 3972; x_wconf 89' lang='lat' dir='ltr'><strong>sanctos</strong></span> <span class='ocrx_word' id='word_1_532' title='bbox 1223 3919 1498 3988; x_wconf 84' lang='lat' dir='ltr'><strong>apostolos</strong></span> <span class='ocrx_word' id='word_1_533' title='bbox 1552 3924 1697 3975; x_wconf 89' lang='lat' dir='ltr'><strong>hunc</strong></span> <span class='ocrx_word' id='word_1_534' title='bbox 1755 3921 1809 3973; x_wconf 91' lang='lat' dir='ltr'><strong>in</strong></span> <span class='ocrx_word' id='word_1_535' title='bbox 1869 3921 2084 3974; x_wconf 89' lang='lat' dir='ltr'><strong>modum</strong></span> 
     </span>
    </p>
   </div>
   <div class='ocr_carea' id='block_1_73' title="bbox 514 4006 2088 4078">
    <p class='ocr_par' dir='ltr' id='par_1_73' title="bbox 514 4006 2088 4078">
     <span class='ocr_line' id='line_1_73' title="bbox 514 4006 2088 4078; baseline 0.001 -18"><span class='ocrx_word' id='word_1_536' title='bbox 514 4009 872 4078; x_wconf 89' lang='lat' dir='ltr'><strong>alloquentem</strong></span> <span class='ocrx_word' id='word_1_537' title='bbox 910 4028 923 4063; x_wconf 91' lang='lat'><strong>:</strong></span> <span class='ocrx_word' id='word_1_538' title='bbox 957 4006 1019 4063; x_wconf 89' lang='lat' dir='ltr'><strong>Si</strong></span> <span class='ocrx_word' id='word_1_539' title='bbox 1067 4010 1186 4077; x_wconf 83' lang='lat' dir='ltr'><strong>quis</strong></span> <span class='ocrx_word' id='word_1_540' title='bbox 1222 4008 1395 4077; x_wconf 77' lang='lat' dir='ltr'><strong>diligit</strong></span> <span class='ocrx_word' id='word_1_541' title='bbox 1428 4025 1528 4073; x_wconf 85' lang='lat' dir='ltr'><strong>me,</strong></span> <span class='ocrx_word' id='word_1_542' title='bbox 1575 4024 1866 4062; x_wconf 80' lang='lat' dir='ltr'><strong>sermonem</strong></span> <span class='ocrx_word' id='word_1_543' title='bbox 1918 4023 2088 4062; x_wconf 83' lang='lat' dir='ltr'><strong>meum</strong></span> 
     </span>
    </p>
   </div>
   <div class='ocr_carea' id='block_1_74' title="bbox 513 4098 2088 4169">
    <p class='ocr_par' dir='ltr' id='par_1_74' title="bbox 513 4098 2088 4169">
     <span class='ocr_line' id='line_1_74' title="bbox 513 4098 2088 4169; baseline 0.001 -19"><span class='ocrx_word' id='word_1_544' title='bbox 513 4098 760 4165; x_wconf 77' lang='lat' dir='ltr'><strong>servabit,</strong></span> <span class='ocrx_word' id='word_1_545' title='bbox 788 4108 837 4152; x_wconf 87' lang='lat' dir='ltr'><strong>et</strong></span> <span class='ocrx_word' id='word_1_546' title='bbox 867 4098 1028 4152; x_wconf 86' lang='lat' dir='ltr'><strong>Pater</strong></span> <span class='ocrx_word' id='word_1_547' title='bbox 1057 4115 1198 4153; x_wconf 82' lang='lat' dir='ltr'><strong>meus</strong></span> <span class='ocrx_word' id='word_1_548' title='bbox 1227 4098 1406 4169; x_wconf 86' lang='lat' dir='ltr'><strong>diliget</strong></span> <span class='ocrx_word' id='word_1_549' title='bbox 1435 4114 1573 4162; x_wconf 76' lang='lat' dir='ltr'><strong>cum,</strong></span> <span class='ocrx_word' id='word_1_550' title='bbox 1607 4108 1655 4151; x_wconf 79' lang='lat' dir='ltr'><strong>et</strong></span> <span class='ocrx_word' id='word_1_551' title='bbox 1713 4100 1781 4152; x_wconf 87' lang='lat' dir='ltr'><strong>ad</strong></span> <span class='ocrx_word' id='word_1_552' title='bbox 1829 4116 1947 4153; x_wconf 86' lang='lat' dir='ltr'><strong>eum</strong></span> <span class='ocrx_word' id='word_1_553' title='bbox 2000 4116 2088 4152; x_wconf 82' lang='lat' dir='ltr'><strong>ve-</strong></span> 
     </span>
    </p>
   </div>
   <div class='ocr_carea' id='block_1_75' title="bbox 514 4189 2090 4261">
    <p class='ocr_par' dir='ltr' id='par_1_75' title="bbox 514 4189 2090 4261">
     <span class='ocr_line' id='line_1_75' title="bbox 514 4189 2090 4261; baseline 0.003 -19"><span class='ocrx_word' id='word_1_554' title='bbox 514 4189 735 4252; x_wconf 82' lang='lat' dir='ltr'><strong>niemus,</strong></span> <span class='ocrx_word' id='word_1_555' title='bbox 766 4199 816 4243; x_wconf 85' lang='lat' dir='ltr'><strong>et</strong></span> <span class='ocrx_word' id='word_1_556' title='bbox 850 4191 1173 4244; x_wconf 78' lang='lat' dir='ltr'><strong>mansionem</strong></span> <span class='ocrx_word' id='word_1_557' title='bbox 1204 4190 1345 4259; x_wconf 85' lang='lat' dir='ltr'><strong>apud</strong></span> <span class='ocrx_word' id='word_1_558' title='bbox 1389 4206 1504 4243; x_wconf 87' lang='lat' dir='ltr'><strong>eum</strong></span> <span class='ocrx_word' id='word_1_559' title='bbox 1536 4191 1789 4261; x_wconf 77' lang='lat' dir='ltr'><strong>faciemus</strong></span> <span class='ocrx_word' id='word_1_560' title='bbox 1819 4193 1861 4244; x_wconf 77' lang='grc'><strong>³.</strong></span> <span class='ocrx_word' id='word_1_561' title='bbox 1919 4192 2090 4247; x_wconf 83' lang='lat' dir='ltr'><strong>Audis</strong></span> 
     </span>
    </p>
   </div>
   <div class='ocr_carea' id='block_1_76' title="bbox 515 4280 2087 4345">
    <p class='ocr_par' dir='ltr' id='par_1_76' title="bbox 515 4280 2087 4345">
     <span class='ocr_line' id='line_1_76' title="bbox 515 4280 2087 4345; baseline 0.004 -14"><span class='ocrx_word' id='word_1_562' title='bbox 515 4280 784 4345; x_wconf 90' lang='lat' dir='ltr'><strong>quomodo</strong></span> <span class='ocrx_word' id='word_1_563' title='bbox 848 4281 1044 4334; x_wconf 82' lang='lat' dir='ltr'><strong>dixerit</strong></span> <span class='ocrx_word' id='word_1_564' title='bbox 1098 4281 1260 4333; x_wconf 89' lang='lat' dir='ltr'><strong>Deum</strong></span> <span class='ocrx_word' id='word_1_565' title='bbox 1300 4290 1352 4332; x_wconf 88' lang='lat' dir='ltr'><strong>et</strong></span> <span class='ocrx_word' id='word_1_566' title='bbox 1388 4280 1598 4335; x_wconf 84' lang='lat' dir='ltr'><strong>Patrem</strong></span> <span class='ocrx_word' id='word_1_567' title='bbox 1646 4297 1832 4336; x_wconf 90' lang='lat' dir='ltr'><strong>secum</strong></span> <span class='ocrx_word' id='word_1_568' title='bbox 1891 4284 1942 4337; x_wconf 96' lang='lat' dir='ltr'><strong>in</strong></span> <span class='ocrx_word' id='word_1_569' title='bbox 1981 4283 2087 4338; x_wconf 87' lang='lat' dir='ltr'><strong>illis</strong></span> 
     </span>
    </p>
   </div>
   <div class='ocr_carea' id='block_1_77' title="bbox 518 4366 2087 4442">
    <p class='ocr_par' dir='ltr' id='par_1_77' title="bbox 518 4366 2087 4442">
     <span class='ocr_line' id='line_1_77' title="bbox 518 4366 2087 4442; baseline 0.004 -23"><span class='ocrx_word' id='word_1_570' title='bbox 518 4366 902 4432; x_wconf 83' lang='lat' dir='ltr'><strong>habitaturmn,</strong></span> <span class='ocrx_word' id='word_1_571' title='bbox 939 4381 969 4421; x_wconf 89' lang='lat' dir='ltr'><strong>a</strong></span> <span class='ocrx_word' id='word_1_572' title='bbox 1010 4367 1207 4436; x_wconf 85' lang='lat' dir='ltr'><strong>quibus</strong></span> <span class='ocrx_word' id='word_1_573' title='bbox 1235 4367 1528 4437; x_wconf 79' lang='lat' dir='ltr'><strong>diligitur?</strong></span> <span class='ocrx_word' id='word_1_574' title='bbox 1594 4370 1887 4426; x_wconf 80' lang='lat' dir='ltr'><strong>Patremne</strong></span> <span class='ocrx_word' id='word_1_575' title='bbox 1924 4373 2087 4442; x_wconf 86' lang='lat' dir='ltr'><strong>igitur</strong></span> 
     </span>
    </p>
   </div>
   <div class='ocr_carea' id='block_1_78' title="bbox 516 4457 2083 4527">
    <p class='ocr_par' dir='ltr' id='par_1_78' title="bbox 516 4457 2083 4527">
     <span class='ocr_line' id='line_1_78' title="bbox 516 4457 2083 4527; baseline 0.004 -17"><span class='ocrx_word' id='word_1_576' title='bbox 516 4457 874 4519; x_wconf 70' lang='lat' dir='ltr'><strong>eiinanitum,</strong></span> <span class='ocrx_word' id='word_1_577' title='bbox 903 4468 957 4511; x_wconf 89' lang='lat' dir='ltr'><strong>et</strong></span> <span class='ocrx_word' id='word_1_578' title='bbox 986 4459 1254 4523; x_wconf 89' lang='lat' dir='ltr'><strong>eamdem,</strong></span> <span class='ocrx_word' id='word_1_579' title='bbox 1281 4473 1441 4527; x_wconf 82' lang='lat' dir='ltr'><strong>quam</strong></span> <span class='ocrx_word' id='word_1_580' title='bbox 1474 4457 1642 4516; x_wconf 85' lang='lat' dir='ltr'><strong>Filius</strong></span> <span class='ocrx_word' id='word_1_581' title='bbox 1682 4462 1873 4525; x_wconf 88' lang='lat' dir='ltr'><strong>subiit,</strong></span> <span class='ocrx_word' id='word_1_582' title='bbox 1905 4463 2083 4517; x_wconf 81' lang='lat' dir='ltr'><strong>humi—</strong></span> 
     </span>
    </p>
   </div>
   <div class='ocr_carea' id='block_1_79' title="bbox 517 4544 2091 4618">
    <p class='ocr_par' dir='ltr' id='par_1_79' title="bbox 517 4544 2091 4618">
     <span class='ocr_line' id='line_1_79' title="bbox 517 4544 2091 4618; baseline 0.004 -20"><span class='ocrx_word' id='word_1_583' title='bbox 517 4545 725 4599; x_wconf 88' lang='lat' dir='ltr'><strong>litatem</strong></span> <span class='ocrx_word' id='word_1_584' title='bbox 766 4545 973 4609; x_wconf 91' lang='lat' dir='ltr'><strong>tulisse,</strong></span> <span class='ocrx_word' id='word_1_585' title='bbox 1002 4555 1056 4599; x_wconf 89' lang='lat' dir='ltr'><strong>et</strong></span> <span class='ocrx_word' id='word_1_586' title='bbox 1091 4545 1230 4600; x_wconf 88' lang='lat' dir='ltr'><strong>servi</strong></span> <span class='ocrx_word' id='word_1_587' title='bbox 1279 4544 1506 4599; x_wconf 81' lang='lat' dir='ltr'><strong>formam</strong></span> <span class='ocrx_word' id='word_1_588' title='bbox 1564 4551 1840 4618; x_wconf 84' lang='lat' dir='ltr'><strong>accepisse</strong></span> <span class='ocrx_word' id='word_1_589' title='bbox 1895 4565 2091 4607; x_wconf 86' lang='lat' dir='ltr'><strong>conce-</strong></span> 
     </span>
    </p>
   </div>
   <div class='ocr_carea' id='block_1_80' title="bbox 516 4638 2092 4709">
    <p class='ocr_par' dir='ltr' id='par_1_80' title="bbox 516 4638 2092 4709">
     <span class='ocr_line' id='line_1_80' title="bbox 516 4638 2092 4709; baseline 0.003 -19"><span class='ocrx_word' id='word_1_590' title='bbox 516 4638 725 4701; x_wconf 83' lang='lat' dir='ltr'><strong>demus,</strong></span> <span class='ocrx_word' id='word_1_591' title='bbox 759 4638 1008 4703; x_wconf 88' lang='lat' dir='ltr'><strong>quoniam</strong></span> <span class='ocrx_word' id='word_1_592' title='bbox 1033 4649 1249 4693; x_wconf 84' lang='lat' dir='ltr'><strong>sanctas</strong></span> <span class='ocrx_word' id='word_1_593' title='bbox 1279 4640 1489 4694; x_wconf 86' lang='lat' dir='ltr'><strong>animas</strong></span> <span class='ocrx_word' id='word_1_594' title='bbox 1512 4639 1845 4709; x_wconf 67' lang='grc' dir='ltr'>(ίίιίενιιιίιιηι</span> <span class='ocrx_word' id='word_1_595' title='bbox 1897 4641 2092 4697; x_wconf 83' lang='lat' dir='ltr'><strong>Filium</strong></span> 
     </span>
    </p>
   </div>
   <div class='ocr_carea' id='block_1_81' title="bbox 513 4728 2096 4799">
    <p class='ocr_par' dir='ltr' id='par_1_81' title="bbox 513 4728 2096 4799">
     <span class='ocr_line' id='line_1_81' title="bbox 513 4728 2096 4799; baseline 0.004 -19"><span class='ocrx_word' id='word_1_596' title='bbox 513 4729 780 4783; x_wconf 84' lang='lat' dir='ltr'><strong>domicilia</strong></span> <span class='ocrx_word' id='word_1_597' title='bbox 836 4728 938 4784; x_wconf 88' lang='lat' dir='ltr'><strong>sibi</strong></span> <span class='ocrx_word' id='word_1_598' title='bbox 983 4729 1312 4784; x_wconf 91' lang='lat' dir='ltr'><strong>constituit?</strong></span> <span class='ocrx_word' id='word_1_599' title='bbox 1353 4729 1528 4795; x_wconf 83' lang='lat' dir='ltr'><strong>Quid?</strong></span> <span class='ocrx_word' id='word_1_600' title='bbox 1554 4730 1669 4799; x_wconf 84' lang='lat' dir='ltr'><strong>ipse</strong></span> <span class='ocrx_word' id='word_1_601' title='bbox 1692 4729 1925 4797; x_wconf 88' lang='lat' dir='ltr'><strong>Spiritus</strong></span> <span class='ocrx_word' id='word_1_602' title='bbox 1968 4747 2096 4787; x_wconf 82' lang='lat' dir='ltr'><strong>san-</strong></span> 
     </span>
    </p>
   </div>
   <div class='ocr_carea' id='block_1_82' title="bbox 515 4821 2094 4890">
    <p class='ocr_par' dir='ltr' id='par_1_82' title="bbox 515 4821 2094 4890">
     <span class='ocr_line' id='line_1_82' title="bbox 515 4821 2094 4890; baseline 0.003 -15"><span class='ocrx_word' id='word_1_603' title='bbox 515 4830 656 4886; x_wconf 84' lang='lat' dir='ltr'><strong>ctus,</strong></span> <span class='ocrx_word' id='word_1_604' title='bbox 693 4824 780 4890; x_wconf 89' lang='lat' dir='ltr'><strong>qui</strong></span> <span class='ocrx_word' id='word_1_605' title='bbox 815 4822 865 4874; x_wconf 93' lang='lat' dir='ltr'><strong>in</strong></span> <span class='ocrx_word' id='word_1_606' title='bbox 895 4821 1052 4877; x_wconf 87' lang='lat' dir='ltr'><strong>nobis</strong></span> <span class='ocrx_word' id='word_1_607' title='bbox 1084 4821 1399 4885; x_wconf 83' lang='lat' dir='ltr'><strong>inhabitat,‘</strong></span> <span class='ocrx_word' id='word_1_608' title='bbox 1426 4821 1673 4874; x_wconf 79' lang='lat' dir='ltr'><strong>humame</strong></span> <span class='ocrx_word' id='word_1_609' title='bbox 1720 4823 1905 4878; x_wconf 85' lang='lat' dir='ltr'><strong>carnis</strong></span> <span class='ocrx_word' id='word_1_610' title='bbox 1937 4838 2094 4879; x_wconf 86' lang='lat' dir='ltr'><strong>assu-</strong></span> 
     </span>
    </p>
   </div>
   <div class='ocr_carea' id='block_1_83' title="bbox 515 4913 2095 4982">
    <p class='ocr_par' dir='ltr' id='par_1_83' title="bbox 515 4913 2095 4982">
     <span class='ocr_line' id='line_1_83' title="bbox 515 4913 2095 4982; baseline 0.003 -18"><span class='ocrx_word' id='word_1_611' title='bbox 515 4915 721 4966; x_wconf 64' lang='lat' dir='ltr'><strong>mendae</strong></span> <span class='ocrx_word' id='word_1_612' title='bbox 766 4913 1053 4967; x_wconf 83' lang='lat' dir='ltr'><strong>consilium</strong></span> <span class='ocrx_word' id='word_1_613' title='bbox 1105 4913 1362 4982; x_wconf 80' lang='lat' dir='ltr'><strong>explevit,</strong></span> <span class='ocrx_word' id='word_1_614' title='bbox 1438 4914 1579 4980; x_wconf 86' lang='lat' dir='ltr'><strong>quod</strong></span> <span class='ocrx_word' id='word_1_615' title='bbox 1648 4913 1840 4969; x_wconf 86' lang='lat' dir='ltr'><strong>Filium</strong></span> <span class='ocrx_word' id='word_1_616' title='bbox 1923 4917 2095 4970; x_wconf 88' lang='lat' dir='ltr'><strong>solum</strong></span> 
     </span>
    </p>
   </div>
   <div class='ocr_carea' id='block_1_84' title="bbox 514 5003 2100 5072">
    <p class='ocr_par' dir='ltr' id='par_1_84' title="bbox 514 5003 2100 5072">
     <span class='ocr_line' id='line_1_84' title="bbox 514 5003 2100 5072; baseline 0.004 -17"><span class='ocrx_word' id='word_1_617' title='bbox 514 5005 753 5055; x_wconf 85' lang='lat' dir='ltr'><strong>omnium</strong></span> <span class='ocrx_word' id='word_1_618' title='bbox 782 5003 970 5056; x_wconf 87' lang='lat' dir='ltr'><strong>salutis</strong></span> <span class='ocrx_word' id='word_1_619' title='bbox 998 5014 1051 5057; x_wconf 88' lang='lat' dir='ltr'><strong>et</strong></span> <span class='ocrx_word' id='word_1_620' title='bbox 1081 5005 1203 5058; x_wconf 67' lang='lat' dir='ltr'><strong>vitae</strong></span> <span class='ocrx_word' id='word_1_621' title='bbox 1246 5005 1419 5072; x_wconf 72' lang='lat' dir='ltr'><strong>gratia</strong></span> <span class='ocrx_word' id='word_1_622' title='bbox 1452 5017 1762 5059; x_wconf 76' lang='lat' dir='ltr'><strong>exsecutum</strong></span> <span class='ocrx_word' id='word_1_623' title='bbox 1830 5008 2100 5062; x_wconf 70' lang='lat' dir='ltr'><strong>dicimus?</strong></span> 
     </span>
    </p>
   </div>
   <div class='ocr_carea' id='block_1_85' title="bbox 515 5090 2100 5168">
    <p class='ocr_par' dir='ltr' id='par_1_85' title="bbox 515 5090 2100 5168">
     <span class='ocr_line' id='line_1_85' title="bbox 515 5090 2100 5168; baseline 0.005 -22"><span class='ocrx_word' id='word_1_624' title='bbox 515 5090 770 5146; x_wconf 76' lang='lat' dir='ltr'><strong>Facessat</strong></span> <span class='ocrx_word' id='word_1_625' title='bbox 816 5101 924 5145; x_wconf 92' lang='lat' dir='ltr'><strong>tam</strong></span> <span class='ocrx_word' id='word_1_626' title='bbox 978 5107 1374 5162; x_wconf 82' lang='lat' dir='ltr'><strong>supervacanea</strong></span> <span class='ocrx_word' id='word_1_627' title='bbox 1425 5106 1479 5149; x_wconf 90' lang='lat' dir='ltr'><strong>et</strong></span> <span class='ocrx_word' id='word_1_628' title='bbox 1517 5098 1685 5151; x_wconf 87' lang='lat' dir='ltr'><strong>stulta</strong></span> <span class='ocrx_word' id='word_1_629' title='bbox 1724 5100 1885 5167; x_wconf 86' lang='lat' dir='ltr'><strong>plane</strong></span> <span class='ocrx_word' id='word_1_630' title='bbox 1936 5112 2100 5168; x_wconf 92' lang='lat' dir='ltr'><strong>atque</strong></span> 
     </span>
    </p>
   </div>
   <div class='ocr_carea' id='block_1_86' title="bbox 514 5180 2097 5256">
    <p class='ocr_par' dir='ltr' id='par_1_86' title="bbox 514 5180 2097 5256">
     <span class='ocr_line' id='line_1_86' title="bbox 514 5180 2097 5256; baseline 0.008 -22"><span class='ocrx_word' id='word_1_631' title='bbox 514 5181 692 5241; x_wconf 86' lang='lat' dir='ltr'><strong>inanis</strong></span> <span class='ocrx_word' id='word_1_632' title='bbox 732 5180 1025 5236; x_wconf 88' lang='lat' dir='ltr'><strong>temeritas.</strong></span> <span class='ocrx_word' id='word_1_633' title='bbox 1065 5181 1380 5238; x_wconf 83' lang='lat' dir='ltr'><strong>Hnmiliavit</strong></span> <span class='ocrx_word' id='word_1_634' title='bbox 1431 5198 1562 5255; x_wconf 89' lang='lat' dir='ltr'><strong>ergo</strong></span> <span class='ocrx_word' id='word_1_635' title='bbox 1620 5188 1855 5256; x_wconf 87' lang='lat' dir='ltr'><strong>seipsqu</strong></span> <span class='ocrx_word' id='word_1_636' title='bbox 1918 5190 1970 5243; x_wconf 92' lang='lat' dir='ltr'><strong>in</strong></span> <span class='ocrx_word' id='word_1_637' title='bbox 2004 5190 2097 5246; x_wconf 88' lang='lat' dir='ltr'><strong>Dei</strong></span> 
     </span>
    </p>
   </div>
   <div class='ocr_carea' id='block_1_87' title="bbox 513 5269 2094 5348">
    <p class='ocr_par' dir='ltr' id='par_1_87' title="bbox 513 5269 2094 5348">
     <span class='ocr_line' id='line_1_87' title="bbox 513 5269 2094 5348; baseline 0.006 -23"><span class='ocrx_word' id='word_1_638' title='bbox 513 5282 565 5326; x_wconf 91' lang='lat' dir='ltr'><strong>et</strong></span> <span class='ocrx_word' id='word_1_639' title='bbox 617 5271 796 5329; x_wconf 84' lang='lat' dir='ltr'><strong>Patris</strong></span> <span class='ocrx_word' id='word_1_640' title='bbox 835 5269 1010 5326; x_wconf 83' lang='lat' dir='ltr'><strong>forma</strong></span> <span class='ocrx_word' id='word_1_641' title='bbox 1038 5279 1093 5327; x_wconf 90' lang='lat' dir='ltr'><strong>et</strong></span> <span class='ocrx_word' id='word_1_642' title='bbox 1146 5276 1454 5342; x_wconf 67' lang='lat' dir='ltr'><strong>aequalitate</strong></span> <span class='ocrx_word' id='word_1_643' title='bbox 1502 5277 1773 5333; x_wconf 81' lang='lat' dir='ltr'><strong>exsistens</strong></span> <span class='ocrx_word' id='word_1_644' title='bbox 1836 5279 2094 5348; x_wconf 87' lang='lat' dir='ltr'><strong>Verbum,</strong></span> 
     </span>
    </p>
   </div>
   <div class='ocr_carea' id='block_1_88' title="bbox 512 5364 2093 5436">
    <p class='ocr_par' dir='ltr' id='par_1_88' title="bbox 512 5364 2093 5436">
     <span class='ocr_line' id='line_1_88' title="bbox 512 5364 2093 5436; baseline 0.007 -18"><span class='ocrx_word' id='word_1_645' title='bbox 512 5367 750 5435; x_wconf 88' lang='lat' dir='ltr'><strong>quando,</strong></span> <span class='ocrx_word' id='word_1_646' title='bbox 783 5374 840 5421; x_wconf 90' lang='lat' dir='ltr'><strong>ut</strong></span> <span class='ocrx_word' id='word_1_647' title='bbox 865 5364 1101 5420; x_wconf 81' lang='lat' dir='ltr'><strong>Joannes</strong></span> <span class='ocrx_word' id='word_1_648' title='bbox 1137 5364 1236 5429; x_wconf 88' lang='lat' dir='ltr'><strong>ait,</strong></span> <span class='ocrx_word' id='word_1_649' title='bbox 1287 5380 1418 5422; x_wconf 88' lang='lat' dir='ltr'><strong>caro</strong></span> <span class='ocrx_word' id='word_1_650' title='bbox 1484 5367 1711 5436; x_wconf 81' lang='lat' dir='ltr'><strong>factum,</strong></span> <span class='ocrx_word' id='word_1_651' title='bbox 1748 5386 1813 5425; x_wconf 80' lang='lat' dir='ltr'><strong>ex</strong></span> <span class='ocrx_word' id='word_1_652' title='bbox 1868 5375 2093 5430; x_wconf 87' lang='lat' dir='ltr'><strong>muliere</strong></span> 
     </span>
    </p>
   </div>
   <div class='ocr_carea' id='block_1_89' title="bbox 514 5462 2090 5532">
    <p class='ocr_par' dir='ltr' id='par_1_89' title="bbox 514 5462 2090 5532">
     <span class='ocr_line' id='line_1_89' title="bbox 514 5462 2090 5532; baseline 0.004 -18"><span class='ocrx_word' id='word_1_653' title='bbox 514 5472 697 5516; x_wconf 90' lang='lat' dir='ltr'><strong>natum</strong></span> <span class='ocrx_word' id='word_1_654' title='bbox 752 5471 853 5529; x_wconf 86' lang='lat' dir='ltr'><strong>est,</strong></span> <span class='ocrx_word' id='word_1_655' title='bbox 887 5470 941 5517; x_wconf 91' lang='lat' dir='ltr'><strong>et</strong></span> <span class='ocrx_word' id='word_1_656' title='bbox 978 5478 1098 5518; x_wconf 88' lang='lat' dir='ltr'><strong>cum</strong></span> <span class='ocrx_word' id='word_1_657' title='bbox 1139 5471 1317 5519; x_wconf 88' lang='lat' dir='ltr'><strong>ortum</strong></span> <span class='ocrx_word' id='word_1_658' title='bbox 1358 5462 1583 5518; x_wconf 84' lang='lat' dir='ltr'><strong>haberet</strong></span> <span class='ocrx_word' id='word_1_659' title='bbox 1613 5479 1679 5520; x_wconf 77' lang='lat' dir='ltr'><strong>ex</strong></span> <span class='ocrx_word' id='word_1_660' title='bbox 1744 5467 1855 5521; x_wconf 91' lang='lat' dir='ltr'><strong>Deo</strong></span> <span class='ocrx_word' id='word_1_661' title='bbox 1909 5467 2090 5532; x_wconf 82' lang='lat' dir='ltr'><strong>Patre,</strong></span> 
     </span>
    </p>
   </div>
   <div class='ocr_carea' id='block_1_90' title="bbox 514 5555 2090 5628">
    <p class='ocr_par' dir='ltr' id='par_1_90' title="bbox 514 5555 2090 5628">
     <span class='ocr_line' id='line_1_90' title="bbox 514 5555 2090 5628; baseline 0.006 -22"><span class='ocrx_word' id='word_1_662' title='bbox 514 5562 691 5607; x_wconf 89' lang='lat' dir='ltr'><strong>ortum</strong></span> <span class='ocrx_word' id='word_1_663' title='bbox 747 5555 913 5610; x_wconf 86' lang='lat' dir='ltr'><strong>etiam</strong></span> <span class='ocrx_word' id='word_1_664' title='bbox 974 5568 1218 5611; x_wconf 86' lang='lat' dir='ltr'><strong>nostrum</strong></span> <span class='ocrx_word' id='word_1_665' title='bbox 1274 5556 1383 5626; x_wconf 87' lang='lat' dir='ltr'><strong>pati</strong></span> <span class='ocrx_word' id='word_1_666' title='bbox 1465 5556 1633 5611; x_wconf 87' lang='lat' dir='ltr'><strong>voluit</strong></span> <span class='ocrx_word' id='word_1_667' title='bbox 1693 5569 1914 5628; x_wconf 81' lang='lat' dir='ltr'><strong>prOpter</strong></span> <span class='ocrx_word' id='word_1_668' title='bbox 1968 5577 2090 5621; x_wconf 85' lang='lat' dir='ltr'><strong>nos.</strong></span> 
     </span>
    </p>
   </div>
   <div class='ocr_carea' id='block_1_91' title="bbox 514 5640 2092 5719">
    <p class='ocr_par' dir='ltr' id='par_1_91' title="bbox 514 5640 2092 5719">
     <span class='ocr_line' id='line_1_91' title="bbox 514 5640 2092 5719; baseline 0.009 -24"><span class='ocrx_word' id='word_1_669' title='bbox 514 5640 754 5699; x_wconf 89' lang='lat' dir='ltr'><strong>Doceant</strong></span> <span class='ocrx_word' id='word_1_670' title='bbox 778 5662 874 5703; x_wconf 86' lang='lat' dir='ltr'><strong>nos</strong></span> <span class='ocrx_word' id='word_1_671' title='bbox 898 5646 986 5703; x_wconf 87' lang='lat' dir='ltr'><strong>isti</strong></span> <span class='ocrx_word' id='word_1_672' title='bbox 1014 5663 1120 5719; x_wconf 91' lang='lat' dir='ltr'><strong>qua</strong></span> <span class='ocrx_word' id='word_1_673' title='bbox 1150 5648 1368 5705; x_wconf 79' lang='lat' dir='ltr'><strong>ratione</strong></span> <span class='ocrx_word' id='word_1_674' title='bbox 1404 5648 1636 5705; x_wconf 88' lang='lat' dir='ltr'><strong>Verbum</strong></span> <span class='ocrx_word' id='word_1_675' title='bbox 1672 5664 1737 5704; x_wconf 81' lang='lat' dir='ltr'><strong>ex</strong></span> <span class='ocrx_word' id='word_1_676' title='bbox 1771 5650 1877 5705; x_wconf 86' lang='lat' dir='ltr'><strong>Deo</strong></span> <span class='ocrx_word' id='word_1_677' title='bbox 1930 5649 2092 5709; x_wconf 78' lang='lat' dir='ltr'><strong>Putre</strong></span> 
     </span>
    </p>
   </div>
   <div class='ocr_carea' id='block_1_92' title="bbox 592 5824 1787 5905">
    <p class='ocr_par' dir='ltr' id='par_1_92' title="bbox 592 5824 1787 5905">
     <span class='ocr_line' id='line_1_92' title="bbox 592 5824 1787 5905; baseline 0.011 -26"><span class='ocrx_word' id='word_1_678' title='bbox 592 5825 611 5856; x_wconf 79' lang='grc'><strong><em>³</em></strong></span> <span class='ocrx_word' id='word_1_679' title='bbox 668 5824 897 5897; x_wconf 80' lang='lat' dir='ltr'><strong>Philipp.</strong></span> <span class='ocrx_word' id='word_1_680' title='bbox 945 5843 1007 5895; x_wconf 85' lang='grc' dir='ltr'><strong>ιι,</strong></span> <span class='ocrx_word' id='word_1_681' title='bbox 1041 5831 1190 5889; x_wconf 81' lang='lat'><strong>6-8.</strong></span> <span class='ocrx_word' id='word_1_682' title='bbox 1266 5835 1286 5865; x_wconf 83' lang='lat'>&#39;</span> <span class='ocrx_word' id='word_1_683' title='bbox 1321 5832 1478 5890; x_wconf 76' lang='lat' dir='ltr'><strong>Joan.</strong></span> <span class='ocrx_word' id='word_1_684' title='bbox 1525 5849 1638 5905; x_wconf 79' lang='lat' dir='ltr'><strong>xw,</strong></span> <span class='ocrx_word' id='word_1_685' title='bbox 1696 5836 1787 5892; x_wconf 72' lang='grc'><strong>23.</strong></span> 
     </span>
    </p>
   </div>
   <div class='ocr_carea' id='block_1_93' title="bbox 2204 3268 3776 3345">
    <p class='ocr_par' dir='ltr' id='par_1_93' title="bbox 2204 3268 3776 3345">
     <span class='ocr_line' id='line_1_93' title="bbox 2204 3268 3776 3345; baseline 0.004 -25"><span class='ocrx_word' id='word_1_686' title='bbox 2204 3268 2232 3321; x_wconf 84' lang='grc' dir='ltr'><strong>ό</strong></span> <span class='ocrx_word' id='word_1_687' title='bbox 2265 3268 2424 3337; x_wconf 79' lang='grc' dir='ltr'>φύσει</span> <span class='ocrx_word' id='word_1_688' title='bbox 2458 3270 2628 3323; x_wconf 85' lang='grc' dir='ltr'>τελῶν</span> <span class='ocrx_word' id='word_1_689' title='bbox 2656 3275 2713 3323; x_wconf 83' lang='grc' dir='ltr'>ὲν</span> <span class='ocrx_word' id='word_1_690' title='bbox 2741 3273 3006 3337; x_wconf 77' lang='grc' dir='ltr'>οἰκέταις,</span> <span class='ocrx_word' id='word_1_691' title='bbox 3077 3278 3173 3327; x_wconf 70' lang='grc' dir='ltr'>καὶ</span> <span class='ocrx_word' id='word_1_692' title='bbox 3219 3276 3326 3328; x_wconf 76' lang='grc' dir='ltr'>ὑπὸ</span> <span class='ocrx_word' id='word_1_693' title='bbox 3350 3274 3503 3345; x_wconf 78' lang='grc' dir='ltr'><strong>ζυγῷ</strong></span> <span class='ocrx_word' id='word_1_694' title='bbox 3532 3274 3776 3337; x_wconf 75' lang='grc' dir='ltr'>δουλείας</span> 
     </span>
    </p>
   </div>
   <div class='ocr_carea' id='block_1_94' title="bbox 2206 3359 3775 3432">
    <p class='ocr_par' dir='ltr' id='par_1_94' title="bbox 2206 3359 3775 3432">
     <span class='ocr_line' id='line_1_94' title="bbox 2206 3359 3775 3432; baseline 0.006 -24"><span class='ocrx_word' id='word_1_695' title='bbox 2206 3359 2488 3426; x_wconf 83' lang='grc' dir='ltr'>κείμενος;</span> <span class='ocrx_word' id='word_1_696' title='bbox 2526 3361 2687 3414; x_wconf 80' lang='grc' dir='ltr'>Ἀλλὰ</span> <span class='ocrx_word' id='word_1_697' title='bbox 2714 3362 2801 3415; x_wconf 87' lang='grc' dir='ltr'><strong>ναί</strong></span> <span class='ocrx_word' id='word_1_698' title='bbox 2838 3380 3023 3429; x_wconf 86' lang='grc' dir='ltr'>φασιν,</span> <span class='ocrx_word' id='word_1_699' title='bbox 3055 3363 3116 3418; x_wconf 89' lang='grc' dir='ltr'>Ὁ</span> <span class='ocrx_word' id='word_1_700' title='bbox 3156 3364 3318 3432; x_wconf 79' lang='grc' dir='ltr'>φύσει</span> <span class='ocrx_word' id='word_1_701' title='bbox 3340 3382 3399 3416; x_wconf 81' lang='grc' dir='ltr'><strong>τε</strong></span> <span class='ocrx_word' id='word_1_702' title='bbox 3426 3365 3665 3429; x_wconf 72' lang='grc' dir='ltr'>ἀληθῶς,</span> <span class='ocrx_word' id='word_1_703' title='bbox 3686 3366 3775 3417; x_wconf 76' lang='grc' dir='ltr'>καὶ</span> 
     </span>
    </p>
   </div>
   <div class='ocr_carea' id='block_1_95' title="bbox 2202 3448 3770 3528">
    <p class='ocr_par' dir='ltr' id='par_1_95' title="bbox 2202 3448 3770 3528">
     <span class='ocr_line' id='line_1_95' title="bbox 2202 3448 3770 3528; baseline 0.012 -29"><span class='ocrx_word' id='word_1_704' title='bbox 2202 3448 2485 3521; x_wconf 69' lang='grc' dir='ltr'>ἐλεύθερος</span> <span class='ocrx_word' id='word_1_705' title='bbox 2514 3452 2641 3515; x_wconf 80' lang='grc' dir='ltr'>Υἱὸς</span> <span class='ocrx_word' id='word_1_706' title='bbox 2670 3456 2697 3506; x_wconf 82' lang='grc' dir='ltr'><strong>ὁ</strong></span> <span class='ocrx_word' id='word_1_707' title='bbox 2735 3456 2795 3507; x_wconf 81' lang='grc' dir='ltr'>ἐκ</span> <span class='ocrx_word' id='word_1_708' title='bbox 2830 3455 2963 3508; x_wconf 82' lang='grc' dir='ltr'>Θεοῦ</span> <span class='ocrx_word' id='word_1_709' title='bbox 2994 3456 3206 3527; x_wconf 70' lang='grc' dir='ltr'>Πατρός</span> <span class='ocrx_word' id='word_1_710' title='bbox 3238 3458 3432 3523; x_wconf 79' lang='grc' dir='ltr'>Λόγος,</span> <span class='ocrx_word' id='word_1_711' title='bbox 3485 3460 3544 3512; x_wconf 80' lang='grc' dir='ltr'>ὲν</span> <span class='ocrx_word' id='word_1_712' title='bbox 3591 3460 3770 3528; x_wconf 78' lang='grc' dir='ltr'>μορφῇ</span> 
     </span>
    </p>
   </div>
   <div class='ocr_carea' id='block_1_96' title="bbox 2199 3539 3771 3619">
    <p class='ocr_par' dir='ltr' id='par_1_96' title="bbox 2199 3539 3771 3619">
     <span class='ocr_line' id='line_1_96' title="bbox 2199 3539 3771 3619; baseline 0.007 -28"><span class='ocrx_word' id='word_1_713' title='bbox 2199 3539 2295 3592; x_wconf 85' lang='grc' dir='ltr'><strong>τοῦ</strong></span> <span class='ocrx_word' id='word_1_714' title='bbox 2323 3545 2710 3611; x_wconf 82' lang='grc' dir='ltr'>γεγεννηκότος</span> <span class='ocrx_word' id='word_1_715' title='bbox 2745 3546 3027 3616; x_wconf 78' lang='grc' dir='ltr'>ὑπάρχων,</span> <span class='ocrx_word' id='word_1_716' title='bbox 3054 3548 3149 3600; x_wconf 74' lang='grc' dir='ltr'>καὶ</span> <span class='ocrx_word' id='word_1_717' title='bbox 3200 3549 3312 3611; x_wconf 79' lang='grc' dir='ltr'>ἴσος</span> <span class='ocrx_word' id='word_1_718' title='bbox 3341 3546 3417 3602; x_wconf 85' lang='grc' dir='ltr'><strong>ῶν</strong></span> <span class='ocrx_word' id='word_1_719' title='bbox 3447 3549 3622 3619; x_wconf 81' lang='grc' dir='ltr'>αὐτῷ,</span> <span class='ocrx_word' id='word_1_720' title='bbox 3649 3567 3771 3602; x_wconf 81' lang='grc' dir='ltr'>κατ·</span> 
     </span>
    </p>
   </div>
   <div class='ocr_carea' id='block_1_97' title="bbox 2201 3630 3769 3707">
    <p class='ocr_par' dir='ltr' id='par_1_97' title="bbox 2201 3630 3769 3707">
     <span class='ocr_line' id='line_1_97' title="bbox 2201 3630 3769 3707; baseline 0.008 -25"><span class='ocrx_word' id='word_1_721' title='bbox 2201 3630 2418 3701; x_wconf 73' lang='grc' dir='ltr'>ᾤκησεν</span> <span class='ocrx_word' id='word_1_722' title='bbox 2455 3635 2513 3684; x_wconf 82' lang='grc' dir='ltr'>ὲν</span> <span class='ocrx_word' id='word_1_723' title='bbox 2547 3635 2820 3707; x_wconf 82' lang='grc' dir='ltr'>ἀνθρώπῳ</span> <span class='ocrx_word' id='word_1_724' title='bbox 2869 3638 3188 3707; x_wconf 80' lang='grc' dir='ltr'>γεννηθέντι</span> <span class='ocrx_word' id='word_1_725' title='bbox 3225 3641 3314 3693; x_wconf 88' lang='grc' dir='ltr'><strong>διά</strong></span> <span class='ocrx_word' id='word_1_726' title='bbox 3342 3643 3641 3707; x_wconf 84' lang='grc' dir='ltr'>γυναικὸς,</span> <span class='ocrx_word' id='word_1_727' title='bbox 3680 3643 3769 3695; x_wconf 78' lang='grc' dir='ltr'>καὶ</span> 
     </span>
    </p>
   </div>
   <div class='ocr_carea' id='block_1_98' title="bbox 2200 3723 3766 3802">
    <p class='ocr_par' dir='ltr' id='par_1_98' title="bbox 2200 3723 3766 3802">
     <span class='ocr_line' id='line_1_98' title="bbox 2200 3723 3766 3802; baseline 0.007 -27"><span class='ocrx_word' id='word_1_728' title='bbox 2200 3723 2359 3777; x_wconf 83' lang='grc' dir='ltr'>τοῦτό</span> <span class='ocrx_word' id='word_1_729' title='bbox 2406 3728 2555 3779; x_wconf 73' lang='grc' dir='ltr'>ἐστιν</span> <span class='ocrx_word' id='word_1_730' title='bbox 2599 3731 2629 3795; x_wconf 77' lang='grc' dir='ltr'>ἡ</span> <span class='ocrx_word' id='word_1_731' title='bbox 2685 3729 2943 3792; x_wconf 81' lang='grc' dir='ltr'>κένωσις,</span> <span class='ocrx_word' id='word_1_732' title='bbox 2988 3732 3081 3783; x_wconf 80' lang='grc' dir='ltr'>καὶ</span> <span class='ocrx_word' id='word_1_733' title='bbox 3124 3732 3186 3783; x_wconf 83' lang='grc' dir='ltr'>τὸ</span> <span class='ocrx_word' id='word_1_734' title='bbox 3238 3732 3339 3802; x_wconf 81' lang='grc' dir='ltr'>τῆς</span> <span class='ocrx_word' id='word_1_735' title='bbox 3386 3735 3766 3797; x_wconf 80' lang='grc' dir='ltr'>ταπεινώσεως</span> 
     </span>
    </p>
   </div>
   <div class='ocr_carea' id='block_1_99' title="bbox 2199 3817 3766 3895">
    <p class='ocr_par' dir='ltr' id='par_1_99' title="bbox 2199 3817 3766 3895">
     <span class='ocr_line' id='line_1_99' title="bbox 2199 3817 3766 3895; baseline 0.007 -28"><span class='ocrx_word' id='word_1_736' title='bbox 2199 3817 2418 3885; x_wconf 84' lang='grc' dir='ltr'>χρῆμα,</span> <span class='ocrx_word' id='word_1_737' title='bbox 2445 3818 2618 3871; x_wconf 75' lang='grc' dir='ltr'>καὶτὸ</span> <span class='ocrx_word' id='word_1_738' title='bbox 2650 3821 2729 3882; x_wconf 81' lang='grc' dir='ltr'><strong>εἰς</strong></span> <span class='ocrx_word' id='word_1_739' title='bbox 2762 3820 2863 3891; x_wconf 77' lang='grc' dir='ltr'>τὴν</span> <span class='ocrx_word' id='word_1_740' title='bbox 2893 3821 2988 3874; x_wconf 89' lang='grc' dir='ltr'><strong>τοῦ</strong></span> <span class='ocrx_word' id='word_1_741' title='bbox 3022 3823 3209 3877; x_wconf 73' lang='grc' dir='ltr'>δούλου</span> <span class='ocrx_word' id='word_1_742' title='bbox 3278 3824 3603 3879; x_wconf 77' lang='grc' dir='ltr'>καθικέσθαι</span> <span class='ocrx_word' id='word_1_743' title='bbox 3636 3842 3766 3895; x_wconf 87' lang='grc' dir='ltr'>μορ-</span> 
     </span>
    </p>
   </div>
   <div class='ocr_carea' id='block_1_100' title="bbox 2200 3903 3766 3986">
    <p class='ocr_par' dir='ltr' id='par_1_100' title="bbox 2200 3903 3766 3986">
     <span class='ocr_line' id='line_1_100' title="bbox 2200 3903 3766 3986; baseline 0.004 -24"><span class='ocrx_word' id='word_1_744' title='bbox 2200 3908 2327 3976; x_wconf 80' lang='grc' dir='ltr'>φήν.</span> <span class='ocrx_word' id='word_1_745' title='bbox 2356 3903 2509 3973; x_wconf 72' lang='grc' dir='ltr'>Εἶτα,</span> <span class='ocrx_word' id='word_1_746' title='bbox 2539 3905 2583 3963; x_wconf 82' lang='grc' dir='ltr'><strong>ὧ</strong></span> <span class='ocrx_word' id='word_1_747' title='bbox 2608 3910 2897 3979; x_wconf 72' lang='grc' dir='ltr'>βέλτιστοι,</span> <span class='ocrx_word' id='word_1_748' title='bbox 2928 3916 2989 3967; x_wconf 85' lang='grc' dir='ltr'><strong>τδ</strong></span> <span class='ocrx_word' id='word_1_749' title='bbox 3034 3915 3365 3984; x_wconf 77' lang='grc' dir='ltr'>κατοικῆσαι</span> <span class='ocrx_word' id='word_1_750' title='bbox 3400 3916 3563 3986; x_wconf 88' lang='grc' dir='ltr'>μόνον</span> <span class='ocrx_word' id='word_1_751' title='bbox 3600 3918 3658 3969; x_wconf 79' lang='grc' dir='ltr'>ὲν</span> <span class='ocrx_word' id='word_1_752' title='bbox 3680 3920 3766 3969; x_wconf 79' lang='grc' dir='ltr'>ἀν-</span> 
     </span>
    </p>
   </div>
   <div class='ocr_carea' id='block_1_101' title="bbox 2200 4001 3767 4076">
    <p class='ocr_par' dir='ltr' id='par_1_101' title="bbox 2200 4001 3767 4076">
     <span class='ocr_line' id='line_1_101' title="bbox 2200 4001 3767 4076; baseline 0.004 -23"><span class='ocrx_word' id='word_1_753' title='bbox 2200 4001 2405 4072; x_wconf 81' lang='grc' dir='ltr'>θρώπῳ</span> <span class='ocrx_word' id='word_1_754' title='bbox 2438 4004 2530 4056; x_wconf 77' lang='grc' dir='ltr'><strong>τὸν</strong></span> <span class='ocrx_word' id='word_1_755' title='bbox 2563 4007 2624 4056; x_wconf 73' lang='grc' dir='ltr'>ἐκ</span> <span class='ocrx_word' id='word_1_756' title='bbox 2651 4003 2788 4056; x_wconf 83' lang='grc' dir='ltr'>Θεοῦ</span> <span class='ocrx_word' id='word_1_757' title='bbox 2820 4006 2991 4073; x_wconf 69' lang='grc' dir='ltr'>Λόγον</span> <span class='ocrx_word' id='word_1_758' title='bbox 3014 4008 3306 4076; x_wconf 80' lang='grc' dir='ltr'>ἀρκέσειεν</span> <span class='ocrx_word' id='word_1_759' title='bbox 3330 4009 3398 4061; x_wconf 82' lang='grc' dir='ltr'>ἂν</span> <span class='ocrx_word' id='word_1_760' title='bbox 3427 4009 3509 4070; x_wconf 85' lang='grc' dir='ltr'><strong>είς</strong></span> <span class='ocrx_word' id='word_1_761' title='bbox 3539 4009 3767 4062; x_wconf 81' lang='grc' dir='ltr'>κένωσιν</span> 
     </span>
    </p>
   </div>
   <div class='ocr_carea' id='block_1_102' title="bbox 2200 4093 3767 4170">
    <p class='ocr_par' dir='ltr' id='par_1_102' title="bbox 2200 4093 3767 4170">
     <span class='ocr_line' id='line_1_102' title="bbox 2200 4093 3767 4170; baseline 0.006 -26"><span class='ocrx_word' id='word_1_762' title='bbox 2200 4093 2348 4164; x_wconf 85' lang='grc' dir='ltr'>αὑτῷ</span> <span class='ocrx_word' id='word_1_763' title='bbox 2369 4111 2386 4127; x_wconf 80' lang='grc' dir='ltr'><strong><em>ο</em></strong></span> <span class='ocrx_word' id='word_1_764' title='bbox 2423 4096 2517 4148; x_wconf 71' lang='grc' dir='ltr'>καὶ</span> <span class='ocrx_word' id='word_1_765' title='bbox 2540 4096 2779 4164; x_wconf 75' lang='grc' dir='ltr'>ἀσφαλὲς</span> <span class='ocrx_word' id='word_1_766' title='bbox 2805 4098 3002 4161; x_wconf 86' lang='grc' dir='ltr'>εἰπεῖν,</span> <span class='ocrx_word' id='word_1_767' title='bbox 3052 4100 3136 4151; x_wconf 81' lang='grc' dir='ltr'>ὅτι</span> <span class='ocrx_word' id='word_1_768' title='bbox 3163 4115 3224 4151; x_wconf 78' lang='grc' dir='ltr'><strong>τε</strong></span> <span class='ocrx_word' id='word_1_769' title='bbox 3256 4099 3429 4163; x_wconf 80' lang='grc' dir='ltr'>οὕτως</span> <span class='ocrx_word' id='word_1_770' title='bbox 3471 4101 3642 4153; x_wconf 77' lang='grc' dir='ltr'>ὑπέδυ</span> <span class='ocrx_word' id='word_1_771' title='bbox 3675 4104 3767 4170; x_wconf 72' lang='grc' dir='ltr'>τὴν</span> 
     </span>
    </p>
   </div>
   <div class='ocr_carea' id='block_1_103' title="bbox 2198 4183 3765 4259">
    <p class='ocr_par' dir='ltr' id='par_1_103' title="bbox 2198 4183 3765 4259">
     <span class='ocr_line' id='line_1_103' title="bbox 2198 4183 3765 4259; baseline 0.007 -25"><span class='ocrx_word' id='word_1_772' title='bbox 2198 4183 2293 4235; x_wconf 89' lang='grc' dir='ltr'><strong>τοῦ</strong></span> <span class='ocrx_word' id='word_1_773' title='bbox 2326 4183 2515 4237; x_wconf 86' lang='grc' dir='ltr'>δούλου</span> <span class='ocrx_word' id='word_1_774' title='bbox 2546 4185 2781 4256; x_wconf 77' lang='grc' dir='ltr'>μορφὴν,</span> <span class='ocrx_word' id='word_1_775' title='bbox 2816 4188 2911 4241; x_wconf 79' lang='grc' dir='ltr'>καὶ</span> <span class='ocrx_word' id='word_1_776' title='bbox 2943 4186 3115 4249; x_wconf 78' lang='grc' dir='ltr'>οὕτως</span> <span class='ocrx_word' id='word_1_777' title='bbox 3139 4188 3291 4259; x_wconf 83' lang='grc' dir='ltr'><strong>αὑτῷ</strong></span> <span class='ocrx_word' id='word_1_778' title='bbox 3311 4190 3510 4257; x_wconf 76' lang='grc' dir='ltr'>γένοιτ’</span> <span class='ocrx_word' id='word_1_779' title='bbox 3542 4192 3609 4244; x_wconf 80' lang='grc' dir='ltr'>ἂν</span> <span class='ocrx_word' id='word_1_780' title='bbox 3628 4192 3765 4258; x_wconf 77' lang='grc' dir='ltr'>ὁτῆς</span> 
     </span>
    </p>
   </div>
   <div class='ocr_carea' id='block_1_104' title="bbox 2196 4275 3761 4349">
    <p class='ocr_par' dir='ltr' id='par_1_104' title="bbox 2196 4275 3761 4349">
     <span class='ocr_line' id='line_1_104' title="bbox 2196 4275 3761 4349; baseline 0.005 -23"><span class='ocrx_word' id='word_1_781' title='bbox 2196 4275 2582 4339; x_wconf 86' lang='grc' dir='ltr'>ταπεινώσεως</span> <span class='ocrx_word' id='word_1_782' title='bbox 2622 4277 2844 4346; x_wconf 79' lang='grc' dir='ltr'>τρόπος,</span> <span class='ocrx_word' id='word_1_783' title='bbox 2909 4278 3089 4332; x_wconf 87' lang='grc' dir='ltr'>καίτοι</span> <span class='ocrx_word' id='word_1_784' title='bbox 3116 4280 3369 4349; x_wconf 81' lang='grc' dir='ltr'>λέγοντος</span> <span class='ocrx_word' id='word_1_785' title='bbox 3417 4281 3607 4336; x_wconf 80' lang='grc' dir='ltr'>ἀκούω</span> <span class='ocrx_word' id='word_1_786' title='bbox 3656 4286 3761 4346; x_wconf 80' lang='grc' dir='ltr'>τοῖς</span> 
     </span>
    </p>
   </div>
   <div class='ocr_carea' id='block_1_105' title="bbox 2198 4366 3765 4451">
    <p class='ocr_par' dir='ltr' id='par_1_105' title="bbox 2198 4366 3765 4451">
     <span class='ocr_line' id='line_1_105' title="bbox 2198 4366 3765 4451; baseline 0.008 -34"><span class='ocrx_word' id='word_1_787' title='bbox 2198 4366 2376 4433; x_wconf 80' lang='grc' dir='ltr'>ἁγίοις</span> <span class='ocrx_word' id='word_1_788' title='bbox 2406 4367 2745 4433; x_wconf 81' lang='grc' dir='ltr'>ἀποστόλοις,</span> <span class='ocrx_word' id='word_1_789' title='bbox 2777 4369 2923 4422; x_wconf 76' lang='grc' dir='ltr'><strong>Ἐάν</strong></span> <span class='ocrx_word' id='word_1_790' title='bbox 2965 4388 3057 4435; x_wconf 80' lang='grc' dir='ltr'><strong>τις</strong></span> <span class='ocrx_word' id='word_1_791' title='bbox 3082 4371 3285 4451; x_wconf 70' lang='grc' dir='ltr'>ἀγαπᾷ</span> <span class='ocrx_word' id='word_1_792' title='bbox 3327 4389 3424 4442; x_wconf 78' lang='grc' dir='ltr'><strong>με,</strong></span> <span class='ocrx_word' id='word_1_793' title='bbox 3450 4374 3563 4429; x_wconf 79' lang='grc' dir='ltr'>τὸν</span> <span class='ocrx_word' id='word_1_794' title='bbox 3588 4379 3765 4445; x_wconf 67' lang='grc' dir='ltr'>λόγον</span> 
     </span>
    </p>
   </div>
   <div class='ocr_carea' id='block_1_106' title="bbox 2197 4458 3762 4533">
    <p class='ocr_par' dir='ltr' id='par_1_106' title="bbox 2197 4458 3762 4533">
     <span class='ocr_line' id='line_1_106' title="bbox 2197 4458 3762 4533; baseline 0.006 -24"><span class='ocrx_word' id='word_1_795' title='bbox 2197 4474 2314 4525; x_wconf 84' lang='grc' dir='ltr'><strong>μου</strong></span> <span class='ocrx_word' id='word_1_796' title='bbox 2341 4458 2611 4525; x_wconf 74' lang='grc' dir='ltr'>τηρήσει,</span> <span class='ocrx_word' id='word_1_797' title='bbox 2652 4459 2750 4512; x_wconf 74' lang='grc' dir='ltr'>καὶ</span> <span class='ocrx_word' id='word_1_798' title='bbox 2780 4463 2811 4513; x_wconf 88' lang='grc' dir='ltr'><em>ὀ</em></span> <span class='ocrx_word' id='word_1_799' title='bbox 2841 4462 3044 4528; x_wconf 81' lang='grc' dir='ltr'>Πατήρ</span> <span class='ocrx_word' id='word_1_800' title='bbox 3080 4479 3203 4530; x_wconf 78' lang='grc' dir='ltr'><strong>μου</strong></span> <span class='ocrx_word' id='word_1_801' title='bbox 3233 4461 3539 4533; x_wconf 75' lang='grc' dir='ltr'>ἀγαπήσει</span> <span class='ocrx_word' id='word_1_802' title='bbox 3563 4468 3762 4530; x_wconf 82' lang='grc' dir='ltr'>αὑτὸν,</span> 
     </span>
    </p>
   </div>
   <div class='ocr_carea' id='block_1_107' title="bbox 2196 4548 3764 4627">
    <p class='ocr_par' dir='ltr' id='par_1_107' title="bbox 2196 4548 3764 4627">
     <span class='ocr_line' id='line_1_107' title="bbox 2196 4548 3764 4627; baseline 0.011 -25"><span class='ocrx_word' id='word_1_803' title='bbox 2196 4548 2294 4602; x_wconf 75' lang='grc' dir='ltr'><strong>καί</strong></span> <span class='ocrx_word' id='word_1_804' title='bbox 2322 4548 2472 4616; x_wconf 79' lang='grc' dir='ltr'>πρὸς</span> <span class='ocrx_word' id='word_1_805' title='bbox 2486 4550 2676 4603; x_wconf 85' lang='grc' dir='ltr'>αὑτὸν</span> <span class='ocrx_word' id='word_1_806' title='bbox 2688 4551 3087 4619; x_wconf 78' lang='grc' dir='ltr'>ἐλευσόμεθα,</span> <span class='ocrx_word' id='word_1_807' title='bbox 3108 4554 3204 4606; x_wconf 77' lang='grc' dir='ltr'>καὶ</span> <span class='ocrx_word' id='word_1_808' title='bbox 3219 4556 3426 4623; x_wconf 80' lang='grc' dir='ltr'>μονὴν</span> <span class='ocrx_word' id='word_1_809' title='bbox 3445 4560 3587 4627; x_wconf 76' lang='grc' dir='ltr'>παρ’</span> <span class='ocrx_word' id='word_1_810' title='bbox 3614 4559 3764 4623; x_wconf 76' lang='grc' dir='ltr'>αὐτῷ</span> 
     </span>
    </p>
   </div>
   <div class='ocr_carea' id='block_1_108' title="bbox 2191 4642 3755 4716">
    <p class='ocr_par' dir='ltr' id='par_1_108' title="bbox 2191 4642 3755 4716">
     <span class='ocr_line' id='line_1_108' title="bbox 2191 4642 3755 4716; baseline 0.007 -24"><span class='ocrx_word' id='word_1_811' title='bbox 2191 4642 2551 4710; x_wconf 81' lang='grc' dir='ltr'>ποιήσομεν.</span> <span class='ocrx_word' id='word_1_812' title='bbox 2589 4642 2835 4706; x_wconf 79' lang='grc' dir='ltr'>’Λκούεις</span> <span class='ocrx_word' id='word_1_813' title='bbox 2861 4645 2978 4706; x_wconf 87' lang='grc' dir='ltr'><strong>πῶς</strong></span> <span class='ocrx_word' id='word_1_814' title='bbox 3034 4646 3092 4698; x_wconf 80' lang='grc' dir='ltr'>ὲν</span> <span class='ocrx_word' id='word_1_815' title='bbox 3144 4648 3253 4709; x_wconf 82' lang='grc' dir='ltr'>τοῖς</span> <span class='ocrx_word' id='word_1_816' title='bbox 3280 4649 3755 4716; x_wconf 69' lang='grc' dir='ltr'>ἀγαπῶσιναὺτδν</span> 
     </span>
    </p>
   </div>
   <div class='ocr_carea' id='block_1_109' title="bbox 2194 4735 3751 4808">
    <p class='ocr_par' dir='ltr' id='par_1_109' title="bbox 2194 4735 3751 4808">
     <span class='ocr_line' id='line_1_109' title="bbox 2194 4735 3751 4808; baseline 0.006 -23"><span class='ocrx_word' id='word_1_817' title='bbox 2194 4735 2650 4805; x_wconf 80' lang='grc' dir='ltr'>συγκατοικήσειν</span> <span class='ocrx_word' id='word_1_818' title='bbox 2702 4735 2848 4804; x_wconf 81' lang='grc' dir='ltr'><strong>αὑτῴ</strong></span> <span class='ocrx_word' id='word_1_819' title='bbox 2877 4737 2970 4788; x_wconf 80' lang='grc' dir='ltr'>καὶ</span> <span class='ocrx_word' id='word_1_820' title='bbox 3019 4738 3179 4790; x_wconf 77' lang='grc' dir='ltr'>αὑτὸν</span> <span class='ocrx_word' id='word_1_821' title='bbox 3212 4739 3316 4808; x_wconf 75' lang='grc' dir='ltr'>ἔφη</span> <span class='ocrx_word' id='word_1_822' title='bbox 3368 4740 3462 4791; x_wconf 76' lang='grc' dir='ltr'>τὸν</span> <span class='ocrx_word' id='word_1_823' title='bbox 3495 4743 3630 4796; x_wconf 84' lang='grc' dir='ltr'>Θεὸν</span> <span class='ocrx_word' id='word_1_824' title='bbox 3668 4747 3751 4797; x_wconf 77' lang='grc' dir='ltr'><strong>καὶ</strong></span> 
     </span>
    </p>
   </div>
   <div class='ocr_carea' id='block_1_110' title="bbox 2193 4823 3745 4905">
    <p class='ocr_par' dir='ltr' id='par_1_110' title="bbox 2193 4823 3745 4905">
     <span class='ocr_line' id='line_1_110' title="bbox 2193 4823 3745 4905; baseline 0.007 -28"><span class='ocrx_word' id='word_1_825' title='bbox 2193 4825 2450 4894; x_wconf 84' lang='grc' dir='ltr'>Πατέρα;</span> <span class='ocrx_word' id='word_1_826' title='bbox 2489 4823 2616 4895; x_wconf 79' lang='lat' dir='ltr'><strong>&#39;Ap‘</strong></span> <span class='ocrx_word' id='word_1_827' title='bbox 2642 4825 2735 4879; x_wconf 81' lang='grc' dir='ltr'>οὖν</span> <span class='ocrx_word' id='word_1_828' title='bbox 2781 4828 2876 4879; x_wconf 77' lang='grc' dir='ltr'>καὶ</span> <span class='ocrx_word' id='word_1_829' title='bbox 2919 4829 3084 4881; x_wconf 60' lang='grc' dir='ltr'>αὐτον</span> <span class='ocrx_word' id='word_1_830' title='bbox 3114 4831 3455 4884; x_wconf 83' lang='grc' dir='ltr'>κεκενῶσθαι</span> <span class='ocrx_word' id='word_1_831' title='bbox 3493 4833 3745 4905; x_wconf 86' lang='grc' dir='ltr'>δώσομεν,</span> 
     </span>
    </p>
   </div>
   <div class='ocr_carea' id='block_1_111' title="bbox 2194 4916 3748 4992">
    <p class='ocr_par' dir='ltr' id='par_1_111' title="bbox 2194 4916 3748 4992">
     <span class='ocr_line' id='line_1_111' title="bbox 2194 4916 3748 4992; baseline 0.005 -24"><span class='ocrx_word' id='word_1_832' title='bbox 2194 4918 2289 4969; x_wconf 77' lang='grc' dir='ltr'><strong>καὶ</strong></span> <span class='ocrx_word' id='word_1_833' title='bbox 2317 4916 2417 4987; x_wconf 78' lang='grc' dir='ltr'>τὴν</span> <span class='ocrx_word' id='word_1_834' title='bbox 2445 4917 2639 4987; x_wconf 83' lang='grc' dir='ltr'>ὁμοίαν</span> <span class='ocrx_word' id='word_1_835' title='bbox 2686 4918 2984 4987; x_wconf 78' lang='grc' dir='ltr'>ἀνατλῆναι</span> <span class='ocrx_word' id='word_1_836' title='bbox 3029 4918 3371 4974; x_wconf 75' lang='grc' dir='ltr'>ταπείνωσιν</span> <span class='ocrx_word' id='word_1_837' title='bbox 3389 4924 3469 4992; x_wconf 83' lang='grc' dir='ltr'><strong>τῷ</strong></span> <span class='ocrx_word' id='word_1_838' title='bbox 3498 4924 3629 4992; x_wconf 86' lang='grc' dir='ltr'>Υίῷ,</span> <span class='ocrx_word' id='word_1_839' title='bbox 3668 4926 3748 4977; x_wconf 78' lang='grc' dir='ltr'>καὶ</span> 
     </span>
    </p>
   </div>
   <div class='ocr_carea' id='block_1_112' title="bbox 2196 5011 3748 5085">
    <p class='ocr_par' dir='ltr' id='par_1_112' title="bbox 2196 5011 3748 5085">
     <span class='ocr_line' id='line_1_112' title="bbox 2196 5011 3748 5085; baseline 0.005 -22"><span class='ocrx_word' id='word_1_840' title='bbox 2196 5011 2292 5080; x_wconf 79' lang='grc' dir='ltr'>τὴν</span> <span class='ocrx_word' id='word_1_841' title='bbox 2320 5011 2415 5063; x_wconf 88' lang='grc' dir='ltr'><strong>τοῦ</strong></span> <span class='ocrx_word' id='word_1_842' title='bbox 2444 5011 2631 5064; x_wconf 79' lang='grc' dir='ltr'>δούλου</span> <span class='ocrx_word' id='word_1_843' title='bbox 2659 5011 2872 5083; x_wconf 64' lang='grc' dir='ltr'>μορφὴν</span> <span class='ocrx_word' id='word_1_844' title='bbox 2902 5013 3215 5078; x_wconf 75' lang='grc' dir='ltr'>ἀναλαϐεῖν,</span> <span class='ocrx_word' id='word_1_845' title='bbox 3245 5016 3328 5067; x_wconf 83' lang='grc' dir='ltr'>ὅτι</span> <span class='ocrx_word' id='word_1_846' title='bbox 3377 5018 3479 5080; x_wconf 81' lang='grc' dir='ltr'>τὰς</span> <span class='ocrx_word' id='word_1_847' title='bbox 3500 5019 3748 5085; x_wconf 75' lang='grc' dir='ltr'>τῶνάγα-</span> 
     </span>
    </p>
   </div>
   <div class='ocr_carea' id='block_1_113' title="bbox 2197 5102 3745 5175">
    <p class='ocr_par' dir='ltr' id='par_1_113' title="bbox 2197 5102 3745 5175">
     <span class='ocr_line' id='line_1_113' title="bbox 2197 5102 3745 5175; baseline 0.003 -22"><span class='ocrx_word' id='word_1_848' title='bbox 2197 5102 2423 5155; x_wconf 88' lang='grc' dir='ltr'>πώντων</span> <span class='ocrx_word' id='word_1_849' title='bbox 2442 5102 2605 5155; x_wconf 80' lang='grc' dir='ltr'>αὑτὸν</span> <span class='ocrx_word' id='word_1_850' title='bbox 2632 5103 2813 5173; x_wconf 71' lang='grc' dir='ltr'>ψυχὰς</span> <span class='ocrx_word' id='word_1_851' title='bbox 2835 5105 2993 5171; x_wconf 84' lang='grc' dir='ltr'>ἀγξας</span> <span class='ocrx_word' id='word_1_852' title='bbox 3024 5107 3258 5159; x_wconf 83' lang='grc' dir='ltr'>ποιεῖται</span> <span class='ocrx_word' id='word_1_853' title='bbox 3292 5108 3461 5175; x_wconf 78' lang='grc' dir='ltr'>μονὰς</span> <span class='ocrx_word' id='word_1_854' title='bbox 3494 5110 3653 5173; x_wconf 76' lang='grc' dir='ltr'>ίδίαςς</span> <span class='ocrx_word' id='word_1_855' title='bbox 3690 5107 3745 5159; x_wconf 88' lang='grc' dir='ltr'>Τί</span> 
     </span>
    </p>
   </div>
   <div class='ocr_carea' id='block_1_114' title="bbox 2195 5192 3737 5270">
    <p class='ocr_par' dir='ltr' id='par_1_114' title="bbox 2195 5192 3737 5270">
     <span class='ocr_line' id='line_1_114' title="bbox 2195 5192 3737 5270; baseline 0.001 -25"><span class='ocrx_word' id='word_1_856' title='bbox 2195 5192 2254 5245; x_wconf 76' lang='grc' dir='ltr'>δὲ</span> <span class='ocrx_word' id='word_1_857' title='bbox 2279 5194 2338 5246; x_wconf 77' lang='grc' dir='ltr'><strong>τὸ</strong></span> <span class='ocrx_word' id='word_1_858' title='bbox 2368 5193 2592 5264; x_wconf 78' lang='grc' dir='ltr'>Πνεῦμα</span> <span class='ocrx_word' id='word_1_859' title='bbox 2630 5195 2692 5248; x_wconf 77' lang='grc' dir='ltr'><strong>τὸ</strong></span> <span class='ocrx_word' id='word_1_860' title='bbox 2742 5194 3033 5248; x_wconf 88' lang='grc' dir='ltr'>κατοικοῦν</span> <span class='ocrx_word' id='word_1_861' title='bbox 3066 5197 3122 5247; x_wconf 72' lang='grc' dir='ltr'>ὲν</span> <span class='ocrx_word' id='word_1_862' title='bbox 3152 5199 3288 5266; x_wconf 76' lang='grc' dir='ltr'>ἡμῖν</span> <span class='ocrx_word' id='word_1_863' title='bbox 3316 5214 3331 5263; x_wconf 88' lang='lat'><strong>;</strong></span> <span class='ocrx_word' id='word_1_864' title='bbox 3372 5195 3481 5270; x_wconf 84' lang='grc' dir='ltr'>ἆρα</span> <span class='ocrx_word' id='word_1_865' title='bbox 3510 5201 3599 5252; x_wconf 82' lang='grc' dir='ltr'>καὶ</span> <span class='ocrx_word' id='word_1_866' title='bbox 3626 5198 3737 5251; x_wconf 79' lang='grc' dir='ltr'>αὐτὸ</span> 
     </span>
    </p>
   </div>
   <div class='ocr_carea' id='block_1_115' title="bbox 2194 5285 3737 5359">
    <p class='ocr_par' dir='ltr' id='par_1_115' title="bbox 2194 5285 3737 5359">
     <span class='ocr_line' id='line_1_115' title="bbox 2194 5285 3737 5359; baseline 0.001 -21"><span class='ocrx_word' id='word_1_867' title='bbox 2194 5285 2296 5354; x_wconf 80' lang='grc' dir='ltr'>τῆς</span> <span class='ocrx_word' id='word_1_868' title='bbox 2337 5287 2808 5359; x_wconf 80' lang='grc' dir='ltr'>ὲνανθρωπήσεως</span> <span class='ocrx_word' id='word_1_869' title='bbox 2862 5287 3174 5358; x_wconf 87' lang='grc' dir='ltr'>ἀποπληροῖ</span> <span class='ocrx_word' id='word_1_870' title='bbox 3204 5288 3301 5359; x_wconf 85' lang='grc' dir='ltr'>τὴν</span> <span class='ocrx_word' id='word_1_871' title='bbox 3333 5292 3657 5358; x_wconf 75' lang='grc' dir='ltr'>οἰκονομίαν,</span> <span class='ocrx_word' id='word_1_872' title='bbox 3684 5291 3737 5357; x_wconf 68' lang='grc' dir='ltr'>ἦν</span> 
     </span>
    </p>
   </div>
   <div class='ocr_carea' id='block_1_116' title="bbox 2188 5376 3734 5448">
    <p class='ocr_par' dir='ltr' id='par_1_116' title="bbox 2188 5376 3734 5448">
     <span class='ocr_line' id='line_1_116' title="bbox 2188 5376 3734 5448; baseline 0 -19"><span class='ocrx_word' id='word_1_873' title='bbox 2188 5376 2276 5429; x_wconf 76' lang='grc' dir='ltr'>διὰ</span> <span class='ocrx_word' id='word_1_874' title='bbox 2305 5377 2469 5446; x_wconf 85' lang='grc' dir='ltr'>μόνου</span> <span class='ocrx_word' id='word_1_875' title='bbox 2513 5378 2604 5431; x_wconf 85' lang='grc' dir='ltr'><strong>τοῦ</strong></span> <span class='ocrx_word' id='word_1_876' title='bbox 2636 5379 2765 5431; x_wconf 80' lang='grc' dir='ltr'>Υίοῦ</span> <span class='ocrx_word' id='word_1_877' title='bbox 2795 5377 3114 5447; x_wconf 72' lang='grc' dir='ltr'>πεπρᾶχθαί</span> <span class='ocrx_word' id='word_1_878' title='bbox 3156 5396 3342 5448; x_wconf 80' lang='grc' dir='ltr'>φαμεν</span> <span class='ocrx_word' id='word_1_879' title='bbox 3375 5381 3476 5448; x_wconf 87' lang='grc' dir='ltr'>τῆς</span> <span class='ocrx_word' id='word_1_880' title='bbox 3504 5382 3734 5433; x_wconf 68' lang='grc' dir='ltr'>ἁπάντων</span> 
     </span>
    </p>
   </div>
   <div class='ocr_carea' id='block_1_117' title="bbox 2190 5468 3729 5540">
    <p class='ocr_par' dir='ltr' id='par_1_117' title="bbox 2190 5468 3729 5540">
     <span class='ocr_line' id='line_1_117' title="bbox 2190 5468 3729 5540; baseline 0 -19"><span class='ocrx_word' id='word_1_881' title='bbox 2190 5469 2465 5539; x_wconf 79' lang='grc' dir='ltr'>σωτηρίας</span> <span class='ocrx_word' id='word_1_882' title='bbox 2479 5469 2643 5523; x_wconf 75' lang='grc' dir='ltr'>ἓνεκα</span> <span class='ocrx_word' id='word_1_883' title='bbox 2671 5471 2761 5522; x_wconf 77' lang='grc' dir='ltr'>καὶ</span> <span class='ocrx_word' id='word_1_884' title='bbox 2787 5469 3186 5540; x_wconf 74' lang='grc' dir='ltr'>ζωῆςςἊπαγε</span> <span class='ocrx_word' id='word_1_885' title='bbox 3207 5470 3306 5539; x_wconf 83' lang='grc' dir='ltr'>τῆς</span> <span class='ocrx_word' id='word_1_886' title='bbox 3327 5471 3470 5523; x_wconf 78' lang='grc' dir='ltr'>οὕτω</span> <span class='ocrx_word' id='word_1_887' title='bbox 3498 5468 3729 5539; x_wconf 79' lang='grc' dir='ltr'>περιττῆς</span> 
     </span>
    </p>
   </div>
   <div class='ocr_carea' id='block_1_118' title="bbox 2189 5557 3722 5631">
    <p class='ocr_par' dir='ltr' id='par_1_118' title="bbox 2189 5557 3722 5631">
     <span class='ocr_line' id='line_1_118' title="bbox 2189 5557 3722 5631; baseline -0.002 -20"><span class='ocrx_word' id='word_1_888' title='bbox 2189 5557 2284 5611; x_wconf 76' lang='grc' dir='ltr'>καὶ</span> <span class='ocrx_word' id='word_1_889' title='bbox 2308 5561 2536 5631; x_wconf 77' lang='grc' dir='ltr'>ἀνοήτου</span> <span class='ocrx_word' id='word_1_890' title='bbox 2593 5559 2878 5625; x_wconf 72' lang='grc' dir='ltr'>παντελῶς</span> <span class='ocrx_word' id='word_1_891' title='bbox 2919 5562 3341 5626; x_wconf 77' lang='grc' dir='ltr'>είκαιοόουλίας.</span> <span class='ocrx_word' id='word_1_892' title='bbox 3376 5559 3722 5616; x_wconf 74' lang='grc' dir='ltr'>Τειαπείνωκι</span> 
     </span>
    </p>
   </div>
   <div class='ocr_carea' id='block_1_119' title="bbox 2188 5647 3719 5728">
    <p class='ocr_par' dir='ltr' id='par_1_119' title="bbox 2188 5647 3719 5728">
     <span class='ocr_line' id='line_1_119' title="bbox 2188 5647 3719 5728; baseline -0.002 -23"><span class='ocrx_word' id='word_1_893' title='bbox 2188 5652 2370 5706; x_wconf 86' lang='grc' dir='ltr'>τοίνυν</span> <span class='ocrx_word' id='word_1_894' title='bbox 2410 5654 2603 5709; x_wconf 81' lang='grc' dir='ltr'>ἑαυτὸν</span> <span class='ocrx_word' id='word_1_895' title='bbox 2653 5656 2681 5709; x_wconf 85' lang='grc' dir='ltr'>ὁ</span> <span class='ocrx_word' id='word_1_896' title='bbox 2722 5657 2780 5709; x_wconf 79' lang='grc' dir='ltr'>ὲν</span> <span class='ocrx_word' id='word_1_897' title='bbox 2816 5658 2999 5728; x_wconf 76' lang='grc' dir='ltr'>μορφῇ</span> <span class='ocrx_word' id='word_1_898' title='bbox 3033 5655 3130 5709; x_wconf 74' lang='grc' dir='ltr'>καὶ</span> <span class='ocrx_word' id='word_1_899' title='bbox 3182 5655 3392 5728; x_wconf 70' lang='grc' dir='ltr'>ἰσότητι</span> <span class='ocrx_word' id='word_1_900' title='bbox 3417 5653 3505 5709; x_wconf 87' lang='grc' dir='ltr'><strong>τοῦ</strong></span> <span class='ocrx_word' id='word_1_901' title='bbox 3537 5647 3719 5719; x_wconf 62' lang='lat' dir='ltr'><strong>Harp);</strong></span> 
     </span>
    </p>
   </div>
  </div>
