4094 6300
357 357 469 421 10M
498 381 503 385 ‘

1290 346 2159 414 PANOPHA'DOGMATICA.
2202 370 2273 390 *-
2311 352 2455 413 ΤΙΤ.
2494 348 2618 413 XV.

3437 345 3572 410 1002

355 468 590 536 ὑπάρχων
625 463 819 532 Λόγος,
857 465 946 519 ὅτε
989 464 1278 535 γενόμενος
1338 462 1493 534 σὰρξ,
1551 464 1693 517 καθά
1729 480 1893 530 φησιν

2022 463 2242 517 Iliristus
2279 462 2624 529 intelligatur,
2658 468 2711 514 et
2752 460 2962 514 dicatur
3008 473 3035 510 a
3092 455 3265 519 nobis,
3308 458 3410 512 nisi
3447 474 3576 527 pro-

362 557 595 622 Ίωάννης
636 554 956 625 γεγέννηται
1010 555 1100 609 διὰ
1152 556 1429 623 γυναικὸς,
1456 556 1550 607 καὶ
1589 557 1617 605 6
1645 556 1894 622 γέννησιν

354 647 468 717 ἔχων
493 648 593 715 τὴν
644 648 709 699 ὲκ
750 644 887 698 Θεοῦ
925 645 1158 715 Πατρδς,
1194 646 1284 698 καὶ
1305 644 1405 715 τὴν
1437 645 1559 698 καθ’
1586 647 1731 715 ἡμᾶς
1763 645 1893 697 ὑπέ-

357 755 485 807 μεινε
516 736 711 790 παθεῖν
738 737 806 789 δι’
837 737 1005 806 ἡμᾶς.
1062 736 1217 788 Ἐπεὶ
1263 736 1671 790 διδασκέτωσαν
1720 738 1894 797 αὐτοὶ,

356 830 474 883 κατά
499 829 624 882 τίνα
655 830 855 894 τρόπον
884 830 912 880 6
945 831 1008 880 ὲκ
1046 826 1181 879 Θεοῦ
1212 828 1424 897 (largo;
1456 828 1630 893 Λόγος
1662 828 1897 896 Χριστὸς

360 921 411 974 ἂν
434 921 602 972 νοοῖτο
626 920 723 971 καὶ
746 917 959 985 λέγοιτο
993 919 1130 986 πρὸς
1159 918 1338 987 ἡμῶν,
1370 921 1418 970 εἰ
1462 920 1537 990 μὴ
1568 920 1673 972 ἀπὸ
1712 936 1774 985 γε
1804 917 1899 969 τοῦ

361 1011 629 1084 κεχρῐσθαι
675 1011 907 1080 Χριστδς
951 1010 1309 1080 ὀνομάζεται;
1372 1010 1507 1063 Τίνα
1564 1012 1823 1080 κέκρικεν
1874 1012 1902 1061 ὀ

347 1105 528 1171 ’Πατὴρ
556 1102 635 1171 τῷ
682 1103 844 1169 ἐλαίῳ
908 1104 1003 1171 τῆς
1052 1101 1448 1168 ἀγαλλιάσεως,
1492 1103 1610 1172 ἦτοι
1644 1101 1725 1171 τῷ
1764 1103 1903 1171 ἁγίῳ

362 1194 655 1262 Ilva-39am;
691 1194 754 1246 Εί
784 1192 883 1262 μὲν
912 1188 1005 1245 οὖν
1032 1193 1211 1256 ίδικῶς
1231 1195 1322 1247 τὸν
1347 1193 1406 1258 ἐξ
1428 1193 1591 1247 αὐτοῦ
1622 1196 1715 1248 καὶ
1746 1194 1903 1263 μόνον

361 1283 670 1351 γεννηθέντα
707 1283 839 1335 Θεὸν
873 1282 1066 1348 Λόγον,
1102 1283 1379 1336 καὶτοῦτο
1413 1279 1552 1336 εἶναί
1590 1300 1751 1353 φασιν
1777 1284 1907 1349 ἁλη-

363 1377 458 1438 θὲς,
496 1374 804 1441 ἀγνοοῦσιν,
858 1374 938 1425 ὅτι
988 1375 1080 1425 καὶ
1118 1376 1215 1441 τὴν
1274 1373 1367 1425 τοῦ
1416 1374 1753 1440 Μονογενοῦς
1790 1372 1907 1424 ἀδι-

363 1467 503 1519 κοῦσι
532 1466 716 1533 φύσιν,
756 1465 853 1516 καὶ
881 1464 979 1532 τῆς
1015 1466 1149 1533 μετὰ
1195 1465 1396 1531 σαρκὸς
1457 1465 1766 1534 οἰκονομίας
1808 1465 1908 1530 ἀρ-

362 1558 564 1610 νοῦ.ται
606 1556 667 1608 τὸ
696 1556 1016 1624 μυστήριον.
1082 1556 1140 1607 Et
1201 1557 1310 1622 γὰρ
1342 1557 1625 1625 κέχρισται
1659 1556 1734 1624 τῷ
1773 1555 1911 1625 ἁγίῳ

361 1651 627 1717 [ivstitiam
655 1648 785 1708 Θεὸς
810 1647 887 1699 ὢν
915 1650 944 1699 6
965 1646 1155 1713 Λόγος,
1184 1646 1371 1699 ἐπιδεᾶ
1396 1646 1611 1708 πάντως
1636 1647 1910 1714 ἀγιασμοῦ

362 1745 443 1793 καὶ
490 1741 589 1807 οὐχ
628 1739 843 1798 ἑκόντες
887 1738 1284 1805 ὁμολογήσουσι
1325 1736 1466 1788 κατά
1517 1736 1641 1798 τοὺς
1705 1735 1913 1787 ἄνωθεν

362 1831 575 1901 χρόνους
626 1830 891 1898 ὑπάρχειν
929 1829 1112 1891 αὑτὸν,
1148 1827 1269 1880 καθ’
1301 1826 1394 1890 οὒς
1440 1825 1592 1879 οὔπω
1622 1827 1910 1895 κεχρισμέ-
1943 1808 1990 1867 Β

364 1936 464 1981 νος,
494 1918 765 1988 ἀμέτοχος
822 1913 889 1985 ἦν
923 1916 1003 1967 ἔτι
1069 1916 1167 1984 τῆς
1204 1915 1430 1983 ὕστερον
1484 1914 1638 1983 αὺτῷ
1665 1914 1913 1982 δοθείσης

357 2009 577 2078 δωρεᾶς.
635 2007 707 2059 Τὸ
759 2006 815 2058 δὲ
852 2005 1128 2073 ἀγιασμοῦ
1181 2005 1545 2074 στερούμενον
1596 2003 1916 2055 σεσάλευται

362 2100 499 2152 κατὰ
528 2098 713 2165 φύσιν,
741 2099 837 2149 καὶ
872 2099 972 2149 οὐκ
1006 2099 1070 2147 ἃν
1102 2098 1272 2147 νοοῖτο
1302 2094 1580 2157 παντελῶς
1612 2095 1915 2164 ὴμοιρηκὸς

366 2193 662 2261 ἁμαρτίας,
716 2192 838 2260 ἢτοι
862 2190 956 2241 τοῦ
994 2189 1251 2241 δύνασθαι
1284 2188 1643 2258 πλημμελεῖν.
1682 2188 1919 2255 ’Υπομε-

364 2286 594 2353 μένηκεν
611 2281 705 2336 οὖν
736 2283 845 2352 ἄρα
866 2287 957 2335 καὶ
980 2282 1192 2351 τροπὴν
1216 2280 1314 2350 τὴν
1338 2280 1415 2343 εἰς
1444 2283 1510 2333 τὰ
1533 2280 1740 2349 ἀμείνω
1758 2281 1918 2349 τυχὸν

362 2379 389 2428 6
417 2378 608 2444 Λόγος.
636 2374 762 2434 Πῶς
787 2374 882 2426 οῦν
908 2374 938 2425 6
960 2373 1120 2434 αὑτός
1148 2374 1286 2437 ἐστι,
1328 2372 1423 2423 καὶ
1468 2371 1566 2423 οὐκ
1592 2370 1877 2439 ἠλλοίωται
1900 2388 1914 2432 ;

362 2469 473 2523 Καὶ
502 2471 550 2521 εἰ
571 2468 703 2528 Θεὸς
736 2466 813 2519 ὢν
848 2470 874 2518 ὁ
903 2467 1075 2532 Λόγος
1128 2468 1221 2518 καὶ
1282 2466 1340 2517 ὲν
1365 2467 1545 2536 μορφῇ
1583 2468 1677 2517 καὶ
1711 2465 1918 2532 ἰσότητι

356 2561 449 2613 τοῦ
475 2561 691 2628 Πατρός
739 2558 951 2629 ἐχρίετο
988 2573 1046 2608 τε
1077 2543 1174 2608 καὶ
1226 2556 1508 2625 ήγιὰζετο,
1559 2556 1690 2626 φαίη
1732 2572 1815 2617 τις
1854 2558 1918 2607 ἂν

358 2650 510 2712 (diog,
544 2648 621 2711 ὡς
643 2648 752 2700 ἀπό
784 2664 847 2715 γε
876 2645 971 2700 τοῦ
1016 2646 1343 2715 πράγματος
1402 2648 1480 2706 είς
1528 2643 1806 2712 ἐξιτήλους
1837 2646 1920 2695 ὲν-

358 2741 511 2803 νοίας
541 2741 1009 2810 ἀπενηνεγμένος,
1042 2738 1124 2790 ὅτι
1156 2737 1297 2805 τάχα
1322 2753 1422 2788 που
1452 2734 1547 2787 καὶ
1570 2735 1729 2795 αὐτὸς
1764 2737 1789 2785 ὁ
1815 2735 1923 2785 Πα-

352 2834 465 2901 τὴρ
496 2830 659 2884 δέοιτ’
689 2830 757 2883 ἂν
787 2828 1084 2899 ἀγιασμοῦ,
1138 2828 1337 2896 μᾶλλον
1380 2826 1436 2879 δὲ
1466 2827 1568 2896 ήδη
1599 2827 1690 2877 καὶ
1721 2825 1922 2895 μείζων

353 2924 527 2977 αὐτοῦ
553 2924 798 2992 πέφηνεν
831 2923 859 2973 ὁ
878 2921 1025 2983 Υἱὸς,
1059 2920 1215 2988 εἴπερ
1242 2920 1500 2989 ἡγίασται
1521 2918 1679 2979 αὐτὸς
1708 2920 1823 2979 ἶσος
1848 2916 1924 2970 ὢν

351 3016 537 3087 αὐτῷ,
563 3017 657 3069 καὶ
686 3018 743 3068 ὲν
779 3016 960 3084 μορφῇ
993 3012 1159 3065 αὐτοῦ
1184 3013 1289 3081 πρὸ
1322 3009 1417 3063 τοῦ
1464 3009 1759 3078 ἁγιασμοῦ,
1799 3011 1828 3062 6
1867 3009 1925 3062 δὲ

2002 564 2186 621 pterea
2228 555 2371 622 quod
2410 562 2607 608 unctus
2660 558 2763 607 est.
2823 551 2993 617 Quem
3059 550 3214 604 unxit
3265 549 3423 604 Pater
3455 551 3577 605 oleo

2000 646 2402 709 exsultationis,
2458 646 2572 700 sive
2643 644 2847 712 Spiritu
2912 654 3123 699 sancto.
3172 641 3229 696 Si
3286 644 3577 711 separatim

2002 755 2063 792 ex
2116 752 2174 792 se
2242 738 2479 807 genitum
2536 738 2699 792 Deum
2744 736 2998 799 Verbum,
3027 746 3077 789 ct
3155 737 3205 789 id
3248 750 3433 789 verum
3460 751 3581 788 esse

2001 831 2208 895 dicunt,
2260 832 2508 898 ignorant
2547 844 2604 883 se
2638 828 2906 897 Unigeniti
2955 840 3204 883 naturam
3236 827 3435 897 injuria
3464 828 3583 881 alii-

2004 934 2147 984 cere,
2187 930 2239 975 et
2268 929 2556 989 assumpta:
2602 918 2784 975 carnis
2840 921 3159 990 mysterium
3197 929 3417 990 negant.
3446 917 3580 973 Nam

2006 1014 2049 1067 si
2105 1013 2308 1081 Spiritu
2366 1024 2553 1068 sancto
2610 1023 2831 1067 unctum
2880 1021 2963 1066 est
3009 1011 3247 1067 Verbum
3312 1014 3583 1068 exsistens

2012 1106 2171 1168 Dens.
2234 1105 2677 1160 sanctificationis
2728 1100 2926 1174 ipsum
3001 1119 3222 1172 prorsus
3288 1105 3585 1175 indiguisse

2010 1197 2092 1249 vel
2132 1196 2312 1249 inviti
2384 1196 2717 1261 fatebuntur,
2794 1197 3173 1264 superioribus
3229 1196 3583 1265 temporibus.

2008 1287 2209 1355 quibus
2248 1291 2483 1340 nomium
2543 1298 2764 1341 unctum
2794 1302 2989 1355 expers
3037 1295 3156 1340 erat
3208 1287 3386 1340 adhuc
3429 1287 3586 1351 hujus

2013 1381 2273 1443 muneris,
2304 1380 2444 1450 quod
2514 1380 2588 1434 illi
2628 1389 2811 1449 postea
2842 1381 3027 1435 da‘tum
3081 1390 3184 1434 est.
3220 1378 3375 1444 Quod
3406 1389 3587 1433 autem

2014 1470 2446 1526 sanctiﬁcatione
2500 1474 2762 1539 privatum
2793 1480 2932 1536 erat,
2974 1479 3162 1523 natura
3199 1478 3458 1522 mutatum
3482 1478 3584 1522 est.

2013 1561 2281 1618 Prteterea
2330 1563 2471 1617 haud
2520 1564 2678 1631 plane
2736 1564 2943 1631 peccati
3001 1576 3194 1630 expers
3239 1559 3587 1629 intelligatur,

2019 1660 2211 1721 neque“
2261 1668 2486 1722 peccare
2533 1669 2638 1709 non
2705 1655 2969 1723 potuisse.
3022 1652 3375 1707 Mutationem
3426 1652 3590 1721 igitur

2018 1746 2082 1797 ad
2114 1745 2334 1799 meliora
2390 1743 2617 1799 fortasse
2652 1744 2870 1812 pertulit
2896 1741 3155 1797 Verbum.
3212 1741 3366 1806 Quod
3412 1741 3457 1792 si
3516 1740 3588 1792 ita

2019 1841 2120 1892 est.
2165 1834 2434 1901 quomodo
2474 1842 2555 1887 est
2610 1833 2774 1895 idem,
2806 1844 2860 1886 et
2926 1833 3268 1885 immutatum
3303 1845 3408 1884 non
3464 1829 3589 1883 est?

2020 1923 2173 1989 Quod
2205 1926 2250 1977 si
2279 1924 2515 1978 Verbum
2580 1924 2723 1979 Deus
2776 1924 3043 1978 exsistens
3089 1933 3145 1977 et
3202 1924 3255 1974 in
3314 1922 3485 1975 forma
3538 1931 3595 1976 et

2019 2009 2327 2079 aequalitate
2358 2011 2533 2065 Patris
2565 2021 2785 2066 unctum
2807 2021 2862 2065 et
2900 2012 3294 2067 sanctiﬁcatum
3321 2022 3423 2076 est.
3450 2013 3595 2065 dicat

2020 2099 2218 2166 aliquis
2249 2099 2499 2164 fortasse,
2526 2116 2555 2154 a
2592 2116 2648 2154 re
2681 2104 2954 2173 proposita
2980 2103 3045 2155 ad
3094 2102 3262 2157 exiles
3308 2102 3592 2170 cogitatio-

2023 2202 2117 2241 nes
2186 2189 2489 2255 diverteus,
2549 2202 2603 2245 et
2657 2191 2873 2245 Patrem
2917 2192 3087 2259 ip8um
3144 2192 3593 2245 sanctilicationis

2022 2294 2182 2347 cgere
2240 2290 2403 2348 atque
2467 2282 2600 2335 adeo
2662 2284 2924 2335 minorem
2963 2296 3082 2335 esse
3111 2279 3269 2346 Filio,
3322 2282 3591 2350 siquidem

2021 2372 2480 2427 sanctiﬁcaluscst
2499 2373 2688 2436 Filius,
2721 2386 2842 2426 cum
2875 2374 3017 2426 Patri
3044 2382 3187 2428 esset
3214 2374 3435 2442 tequalis
3463 2385 3518 2428 et
3543 2374 3595 2427 in

2024 2463 2345 2530 formaejns,
2364 2472 2490 2525 ante
2508 2463 3013 2531 sanctiﬁcatioiiem;
3030 2466 3189 2520 Pater
3201 2474 3380 2519 autem
3403 2467 3600 2520 mansit

2026 2554 2075 2604 in
2104 2554 2300 2620 quibus
2328 2562 2448 2607 erat
2484 2568 2720 2623 semper,
2740 2566 2794 2609 et
2820 2564 2923 2620 est,
2952 2565 3007 2611 et
3031 2556 3156 2621 erit,
3184 2565 3238 2612 et
3274 2557 3509 2611 nondum
3528 2559 3597 2611 ad

2032 2643 2256 2697 iueliora
2289 2652 2639 2712 augmentum
2674 2644 2906 2711 accepit,
2955 2646 3322 2700 sanctilicatus
3349 2644 3603 2698 videlicet

2027 2735 2477 2799 quemadmodum
2519 2733 2712 2791 Filius.
2736 2735 2804 2789 Et
2842 2738 3103 2793 ambobus
3136 2737 3308 2807 major
3344 2737 3598 2806 Spiritus,

2026 2827 2119 2895 qui
2142 2825 2291 2894 ipsos
2307 2828 2631 2895 sanctiﬁcat,
2652 2828 2955 2897 apparebit.
2978 2828 3189 2887 Nemini
3217 2828 3357 2899 enim
3377 2828 3601 2882 dubium

2026 2931 2130 2984 est,
2182 2921 2312 2988 quin
2373 2920 2569 2976 minori
2629 2936 2663 2975 a
2722 2920 2926 2990 majore
2978 2920 3350 2977 benedicatur.
3403 2920 3601 2974 Verum

2028 3014 2219 3068 inanes
2249 3015 2363 3067 ista:
2391 3022 2522 3067 sunt
2543 3028 2720 3083 nugae,
2748 3023 2817 3068 et
2848 3012 3133 3068 dementia
3155 3022 3315 3081 atque
3363 3014 3602 3082 Stuporis

348 3108 783 3178 ἀπομεμένηκεν
843 3108 901 3157 ὲν
956 3099 1037 3165 οἷς
1063 3099 1130 3172 ἦν
1159 3105 1265 3165 ἀεὶ,
1300 3105 1395 3155 καὶ
1446 3101 1584 3167 ἐστι,
1617 3104 1712 3153 καὶ
1742 3101 1917 3166 ἔσται,

2032 3104 2247 3157 indicia.
2309 3104 2504 3158 Sancta
2576 3107 2719 3158 enim
2785 3120 2881 3174 per
2937 3116 3186 3161 naturam
3236 3116 3318 3159 est
3359 3105 3602 3173 ejusdem

348 3198 517 3251 οὔπω
536 3196 634 3267 τὴν
657 3199 737 3258 εἰς
775 3195 843 3247 τὰ
876 3192 1085 3263 ἀμείνω
1114 3193 1292 3245 λαϐὼν
1317 3192 1578 3255 ἐπίδοσιν,
1633 3192 1720 3245 διά
1743 3209 1806 3259 γε
1832 3193 1925 3246 τοῦ

353 3289 625 3359 ἡγιάσθαι
674 3286 798 3341 καθ’
843 3288 1140 3355 ὁμοιότητα
1184 3287 1278 3338 τοῦ
1331 3283 1482 3337 Υίοῦ.
1518 3284 1721 3349 Μεῖζον
1742 3285 1798 3338 δὲ
1826 3284 1926 3355 ήδη

351 3386 459 3434 καὶ
487 3382 691 3449 ἀμφοῖν
715 3379 908 3448 ὁρᾶται
949 3380 1012 3431 τὸ
1067 3377 1292 3446 Πνεῦμα
1341 3377 1403 3429 τὸ
1450 3374 1675 3444 ἁγιάζον
1705 3377 1925 3439 αὐτοὺς,

351 3474 528 3544 ειπερ
555 3475 704 3526 ἐστὶν
728 3473 829 3525 οὐκ
870 3470 1198 3533 ἐνδοιαστὸν,
1237 3469 1313 3532 ὼς
1367 3468 1585 3538 ἀπάσης
1618 3469 1926 3535 ἀντιλογίας

350 3566 492 3636 δίχα
520 3566 582 3617 τὸ
609 3565 835 3619 ἔλαττον
853 3563 957 3616 ὑπὸ
981 3562 1074 3615 τοῦ
1107 3562 1419 3631 κρείττονος
1441 3560 1766 3627 εὐλογεῖται.
1785 3560 1927 3613 Ἀλλ’

352 3660 487 3710 εστι
513 3656 687 3709 ταῦτα
713 3656 902 3724 λῆρος,
933 3655 1029 3707 καὶ
1060 3652 1307 3723 τερθρία,
1347 3651 1444 3704 καὶ
1472 3650 1817 3720 ἀποπληξίας
1841 3653 1931 3717 ἐγ-

352 3748 649 3817 κλήματα.
691 3745 852 3813 ’Δγία
881 3744 988 3813 γὰρ
1021 3743 1162 3794 κατά
1193 3740 1355 3808 φύσιν
1383 3742 1418 3810 ἡ
1441 3740 1725 3809 ὁμοοιὲσιος
1741 3738 1927 3809 Τριὰς.

352 3840 562 3906 ’Δγιος
583 3841 611 3890 ὁ
634 3838 847 3905 Πατὴρ,
891 3835 1044 3903 ἅγιος
1067 3834 1122 3887 δὲ
1147 3834 1243 3886 καὶ
1270 3835 1298 3886 6
1323 3832 1448 3895 Υἱὸς
1494 3831 1771 3893 οὐσιωδῶς
1793 3834 1932 3884 κατὰ

351 3930 463 3983 τὸν
498 3930 613 3981 ἴσον
648 3928 868 3997 τρόπον,
924 3926 1125 3995 ὁμοίως
1186 3925 1281 3978 καὶ
1324 3924 1385 3977 τὸ
1442 3924 1688 3993 Πνεῦμα.
1720 3923 1931 3976 Οὐκοῦν

347 4021 499 4072 ὅσον
523 4013 659 4089 ἧκαν
691 4018 770 4080 εἰς
814 4017 956 4069 ίδίαν
988 4017 1150 4083 φύσιν
1178 4014 1276 4083 οὐχ
1306 4013 1564 4083 ἡγίασται
1595 4013 1735 4065 κατὰ
1766 4013 1930 4081 μόνας

348 4112 385 4162 ὁ
414 4107 519 4162 τοῦ
546 4106 682 4160 Θεοῦ
709 4106 918 4176 Πατρὸς
947 4106 1144 4172 Λόγος.
1169 4105 1230 4156 Εἰ
1264 4104 1317 4154 δὲ
1353 4103 1416 4172 δὴ
1441 4120 1526 4163 τις
1558 4102 1722 4155 οἴοιτο
1753 4103 1841 4155 τὸν
1869 4104 1933 4153 ἐκ

346 4204 465 4271 τῆς
497 4202 659 4269 ἁγίας
688 4198 966 4268 Παρθένου
1012 4196 1410 4265 γεγεννημένον
1441 4194 1725 4265 κεχρῖσοαί
1755 4210 1814 4247 τε
1838 4196 1934 4247 καὶ

352 4288 634 4359 ήγιάσθαι
667 4288 848 4358 μόνον,
886 4285 1059 4354 ταύτῃ
1087 4301 1168 4335 τοι
1193 4283 1285 4334 καὶ
1336 4281 1651 4351 ὠνομάσθαι
1681 4282 1931 4350 Χριστὸν,

349 4383 578 4449 λεγέτω
629 4379 918 4451 παρελθὼν
982 4380 1031 4431 εί
1069 4377 1282 4446 ἀπόχρη
1341 4376 1401 4428 τὸ
1432 4378 1639 4446 χρῖσμα
1690 4377 1826 4444 πρὸς
1874 4376 1936 4428 τὸ

2032 3195 2283 3248 essentia
2312 3190 2575 3250 Trinitas.
2628 3196 2860 3250 Sanctus
2907 3204 2990 3249 est
3056 3194 3236 3260 Pater,
3266 3206 3494 3257 sanctus
3550 3207 3605 3250 et

2031 3283 2200 3337 Filius
2269 3299 2364 3352 per
2420 3288 2710 3340 essentiam
2768 3284 2957 3340 eodem
3016 3286 3196 3350 modo,
3248 3287 3496 3341 similiter
3550 3301 3606 3343 et

2032 3372 2264 3442 Spiritus
2316 3383 2554 3429 sanctus.
2616 3373 2823 3442 itaque,
2901 3386 3160 3447 quantum
3213 3378 3451 3443 pertinet
3536 3384 3604 3433 ad

2032 3478 2279 3522 naturam
2341 3468 2639 3536 |if0pfialll,
2698 3468 2989 3536 separatim
3048 3468 3443 3524 sanctiﬁcatum
3498 3485 3604 3526 non

2030 3570 2114 3615 est
2174 3558 2406 3614 Verbum
2476 3558 2593 3612 Dei.
2658 3557 2751 3612 Sin
2826 3558 3025 3628 aliquis
3075 3569 3250 3628 putet,
3307 3562 3482 3616 solum
3538 3577 3606 3617 ex

2031 3658 2218 3705 sancta
2250 3660 2432 3704 natum
2470 3648 2691 3718 Virgine
2718 3650 2884 3706 fuisse
2915 3659 3133 3705 unctum
3181 3661 3237 3705 et
3297 3654 3607 3708 sanetilica-

2035 3750 2170 3807 tum,
2203 3752 2363 3809 atque
2416 3739 2488 3794 ita
2518 3749 2770 3795 vocatum
2802 3753 2922 3794 esse
2947 3739 3249 3803 Christum,
3285 3741 3336 3793 in
3371 3743 3605 3797 medium

2033 3833 2255 3902 prodeat
2286 3832 2411 3896 iste,
2442 3842 2604 3900 atque
2633 3833 2796 3895 dicat,
2832 3846 2900 3885 an
2935 3831 3070 3887 satis
3118 3831 3284 3887 fuerit
3324 3835 3506 3890 unctio
3538 3836 3604 3889 ad

2035 3923 2411 3979 declarandqu
2448 3923 2621 3986 illum,
2648 3923 2738 3991 qui
2781 3933 2975 3977 unctus
3000 3931 3104 3983 est.
3138 3925 3308 3992 gloria
3338 3934 3391 3980 et
3424 3928 3595 3995 impe-

2036 4017 2116 4069 rio
2151 4015 2415 4083 aequalem
2448 4013 2523 4067 illi
2557 4014 2649 4082 qui
2706 4014 2960 4069 omnibus
3009 4015 3302 4071 antecellit.
3363 4017 3513 4082 Quod
3562 4019 3605 4073 si

2036 4105 2088 4158 id
2121 4103 2256 4157 satis
2283 4117 2403 4157 esse
2431 4102 2646 4166 dixerit.
2678 4118 2801 4157 cum
2831 4104 2977 4158 uncti
3010 4106 3182 4159 simus
3208 4115 3261 4159 et
3297 4122 3419 4173 nos,
3445 4118 3609 4177 atque

2037 4193 2108 4246 ita
2142 4201 2372 4247 testetur
2405 4192 2559 4246 divus
2587 4190 2825 4246 Joannes
2864 4209 2876 4245 :
2912 4190 2977 4245 Et
3018 4208 3126 4259 ros,
3182 4196 3447 4263 inquiens,
3508 4214 3612 4251 un-

2036 4286 2257 4338 ctionem
2299 4284 2499 4338 habetis
2532 4301 2585 4336 'a
2652 4296 2835 4338 sancto
2869 4285 2909 4349 ‘,
2973 4301 3099 4339 num
3159 4288 3359 4344 erimus
3416 4301 3471 4344 et
3514 4306 3610 4345 nos

2037 4373 2273 4429 fortasse
2315 4376 2552 4445 aequales
2607 4376 2765 4431 Deo?
2810 4376 3014 4446 Ecquid
3049 4381 3151 4433 erit
3204 4379 3605 4448 impedimento.

351 4474 654 4541 ἀποφῆναι
675 4473 766 4524 τὸν
787 4470 1075 4540 χριόμενον
1103 4468 1322 4520 ἱσοκλεᾶ
1370 4470 1463 4519 καὶ
1507 4466 1805 4535 ὀμόθρονον
1858 4467 1919 4536 τᾷ

2043 4469 2329 4537 quominus
2373 4478 2427 4522 et
2468 4483 2563 4523 nos
2599 4484 2721 4523 cum
2746 4470 2865 4539 ipso
2919 4471 3318 4538 consideamus,
3352 4478 3609 4543 quemad-

352 4568 594 4619 πάντων
620 4563 878 4615 ἐπέκεινα
906 4560 1046 4629 Θεῷ.
1066 4559 1177 4613 Καὶ
1205 4559 1253 4612 εί
1279 4558 1377 4626 μὲν
1404 4558 1645 4628 ἀπόχρη,
1663 4558 1759 4612 καὶ
1784 4558 1919 4611 tofm

2040 4563 2254 4616 modum
2305 4571 2359 4616 et
2410 4563 2539 4632 ipse,
2580 4562 2947 4619 Emmanuel?
2993 4565 3083 4620 Sic
3127 4565 3275 4621 enim
3334 4569 3399 4620 ad
3467 4568 3609 4620 iﬂun:

352 4656 597 4726 ἐροῦσιν
622 4655 698 4718 ὡς
730 4653 880 4706 ἐστιν
909 4651 1129 4722 ἀληθὲς,
1157 4649 1497 4720 κεχρίσμεθα
1522 4652 1615 4704 καὶ
1642 4651 1824 4719 ἡμεῖς.
1849 4667 1918 4704 κα

2038 4656 2238 4710 dictum
2292 4666 2421 4710 est:
2465 4654 2623 4721 Sede.
2651 4674 2683 4710 a
2732 4659 2934 4713 dextris
2990 4660 3134 4721 meis,
3202 4660 3363 4713 donec
3424 4675 3610 4724 ponam

364 4747 728 4819 μαρτυρήσει
758 4745 937 4811 λέγων
961 4745 989 4795 ὁ
1012 4743 1296 4802 Θεσπέσιος
1334 4739 1610 4808 Ἰωάννης,
1628 4741 1736 4794 Kal
1770 4740 1919 4807 tipin

2036 4747 2276 4799 inimicos
2339 4756 2453 4800 tuos
2504 4748 2788 4802 scabellum
2841 4753 3027 4817 pedum
3090 4752 3368 4804 tuorum”.
3416 4750 3614 4805 Δάοι-οι

358 4842 609 4911 χρίσμα
645 4840 816 4907 ἔχετε
845 4837 963 4892 ἀπὸ
988 4835 1096 4889 τοῦ
1132 4835 1327 4905 ἁγίου.
1378 4832 1649 4902 Ἐσόμιθα
1667 4831 1733 4900 δὴ
1763 4828 1863 4895 οὖν
1884 4833 1919 4884 ἐι

2038 4838 2202 4897 etiam
2263 4852 2363 4891 nos
2406 4849 2589 4893 sancta
2639 4840 2937 4895 cmiestium
2979 4841 3263 4908 spirituum
3304 4841 3609 4897 multitudo.

355 4934 478 4999 ι’σῳ
499 4931 641 4999 τάχα
673 4945 776 4981 που
819 4929 916 4980 καὶ
947 4927 1109 4996 ἡμεῖς
1152 4924 1312 4976 αὐτοὶ
1343 4921 1418 4990 τῷ
1458 4920 1597 4990 Θεῷ.
1632 4921 1821 4989 Είργει
1862 4919 1916 4971 δὲ

2040 4928 2260 4993 Qutme
2308 4933 2469 4996 enim,
2522 4932 2718 4998 inquit,
2769 4932 3058 4984 introducit
3101 4930 3517 5001 Primoyem‘tum
3556 4934 3612 4988 in

352 5020 553 5091 οἶμαι,
584 5018 862 5081 παντελῶς
891 5018 1042 5071 οὐδὲν
1064 5017 1157 5069 καὶ
1188 5013 1533 5083 συνεδρεύειν
1560 5012 1729 5080 αὐτῷ,
1772 5009 1915 5065 καθὰ

2043 5020 2214 5071 orbem
2273 5031 2550 5083 terrarum,
2591 5020 2772 5071 dicit:
2834 5019 2900 5072 Et
2952 5021 3171 5074 adorent
3244 5040 3364 5077 eum
3416 5040 3613 5083 omnes

355 5130 491 5184 περ
516 5112 708 5182 ἀμέλει
746 5112 841 5164 καὶ
903 5108 1064 5169 αὐτὸς
1095 5109 1122 5159 6
1156 5106 1531 5175 Ἐμμανουήλ.
1564 5103 1794 5173 Εἴρηται
1834 5106 1919 5172 γάγ

2043 5114 2213 5179 angeli
2277 5111 2368 5163 Dei
2401 5112 2443 5165 ³.
2493 5112 2561 5163 At
2622 5126 2741 5176 nos,
2785 5112 2910 5165 licet
2974 5112 3180 5181 Spiritu
3231 5126 3420 5170 sancto
3471 5117 3615 5170 uncti

354 5209 517 5278 πρὸς
544 5207 730 5269 αὑτὸν,
748 5204 946 5260 Κάθου
970 5204 1039 5256 ἐκ
1064 5200 1278 5264 δεξιῶν
1299 5217 1440 5268 μου,
1463 5199 1574 5265 ἓως
1598 5198 1676 5257 ἂν
1696 5196 1777 5252 θῶ
1804 5197 1919 5249 tabi

2044 5204 2240 5267 simus,
2290 5212 2344 5256 et
2412 5202 2719 5270 adeptionis
2766 5204 2995 5270 gratiam
3043 5206 3464 5271 obtinuerimus,
3525 5224 3620 5261 vo-

348 5297 633 5367 ἐχθρούς
664 5312 779 5349 σου
806 5294 1145 5350 ὑποπόδιον
1185 5290 1302 5346 τῶν
1333 5290 1540 5343 ποδῶν
1581 5304 1723 5343 σου.
1772 5290 1919 5358 Προσ

2052 5304 2343 5359 cemurque
2388 5292 2482 5354 dii,
2531 5306 2634 5345 non
2686 5301 2861 5346 tamen
2904 5302 3115 5348 natura;
3182 5297 3620 5351 nostraecondi-

356 5390 614 5444 κυνείτω
640 5388 737 5441 καὶ
764 5390 795 5456 ὴ
807 5388 911 5457 μᾶς
943 5388 979 5455 ἡ
1002 5386 1110 5438 τῶν
1151 5384 1321 5451 ἁγίων
1366 5382 1613 5449 ἀγγέλων
1637 5381 1769 5450 ἁγία
1807 5381 1914 5449 πλη

2056 5385 2253 5440 tionem
2304 5382 2636 5451 ignoramus.
2669 5383 2866 5440 Sumus
2913 5386 3057 5439 enim
3091 5400 3121 5438 e
3167 5394 3331 5446 terra,
3384 5393 3435 5436 ct
3481 5385 3622 5437 inter

348 5484 500 5545 θός.
535 5484 720 5535 Ὅταν
752 5483 882 5549 γὰρ,
916 5481 1096 5549 φησὶν,
1116 5476 1406 5543 εἰσαγάγῃ
1445 5475 1549 5527 τὸν
1569 5476 1919 5541 πρωτότοκα

2054 5490 2240 5532 Servos
2308 5491 2669 5531 numcramur.
2732 5476 2821 5530 ille
2869 5492 2996 5531 vero
3029 5492 3129 5529 non
3191 5486 3276 5531 est
3340 5475 3622 5541 inquibus

344 5578 461 5640 εἰς
488 5573 602 5641 τὴν
626 5572 1018 5641 οικουμένην,
1046 5569 1207 5637 λέγει
1230 5584 1240 5595 ·
1281 5566 1391 5621 Καὶ
1426 5567 1913 5633 ,τρσσκυνηο-ιὶτω

2057 5584 2153 5623 nos
2181 5584 2388 5633 sumus,
2425 5572 2517 5620 sed
2566 5579 2754 5622 natura
2787 5584 3014 5637 rcrcqne
3057 5567 3244 5631 Filius,
3274 5578 3331 5622 ct
3384 5566 3622 5624 omnium

445 5736 459 5765 ³
493 5731 513 5785 1
553 5727 708 5783 Joan.
754 5742 814 5792 ιι,
845 5724 936 5779 20.
1012 5727 1031 5755 ¹
1067 5724 1207 5779 Psal.
1253 5743 1362 5788 cn,
1416 5726 1460 5779 l.

623 5823 895 5879 ιἈτιιοι..
925 5819 1039 5877 Gn.
1084 5819 1334 5877 CXXX.

1542 5726 1559 5754 τ’
1602 5725 1763 5778 Πνιιικ
1815 5744 1849 5793 ι,
1902 5729 1952 5781 ίὶ,

3162 5815 3237 5876 32
