4094 6300
585 386 719 453 ιθιη

1813 392 2191 454 ΕΠΤΗΥΜΙΙ
2232 395 2595 459 ZlGABENl

3694 397 3808 463 1008

580 557 749 615 porco
784 541 964 609 modo,
989 557 1094 612 qua
1136 539 1350 595 scilicet
1376 536 1589 593 ratione
1622 537 1787 591 homo
1820 536 1997 590 factus
2030 544 2113 590 est
2140 556 2152 592 :

2262 542 2539 611 γεννηθεὶς
2578 539 2635 594 δὲ
2677 541 3032 611 σωματικῶς,
3080 541 3217 598 καθὸ
3262 543 3490 612 γέγονεν
3523 545 3809 617 ἄνθρωπος,

582 636 655 690 ita
709 634 992 694 nimirum,
1045 639 1103 685 ut
1162 645 1271 684 non
1313 629 1369 683 in
1429 629 1651 683 homine
1707 626 1864 697 prius
1914 628 2156 693 condito,

582 737 844 796 tanquam
880 726 933 779 in
969 722 1232 794 propheta
1278 721 1636 785 habitaverit,
1664 736 1855 775 verum
1882 721 1999 790 ipse
2026 721 2158 775 sub-

583 817 918 873 stantialiter
968 831 1031 870 ac
1083 829 1211 870 vere
1258 813 1437 870 factus
1481 814 1555 870 sit
1589 813 1795 878 homo;
1830 813 1933 867 hoc
1962 820 2068 877 est,
2106 813 2158 865 in

583 925 683 965 sua
736 909 1017 981 hypostasi
1071 922 1295 963 carnem
1351 907 1537 961 anima
1576 905 1834 961 rationali
1867 914 1923 961 et
1952 903 2161 959 intelli-

583 1008 742 1070 gente
799 1002 1095 1053 animatam
1145 998 1401 1054 substare
1459 998 1671 1063 fecerit,
1713 1002 1956 1068 seipsum
2011 995 2161 1052 illius

553 1079 836 1167 Tpraebens
870 1091 1233 1161 hypnstasim.
1294 1088 1447 1144 Hanc
1500 1090 1646 1145 enim
1702 1089 2160 1160 signiﬁcationem

552 1170 745 1248 'jhabet
792 1182 951 1242 illud.
997 1181 1203 1249 factum
1265 1196 1330 1235 ea:
1399 1180 1636 1235 muliere.
1696 1180 1830 1235 Nam
1880 1196 1990 1251 quo
2046 1189 2162 1235 tan-

580 1274 703 1328 dem
759 1282 919 1343 pacto
972 1274 1269 1343 ipsunnnet
1326 1271 1424 1328 Dei
1481 1270 1723 1328 Verbum
1766 1273 1871 1328 sub
1912 1273 2030 1343 lege
2078 1272 2160 1325 fa-

582 1374 730 1421 ctum
768 1374 943 1427 esset,
976 1364 1085 1418 nisi
1129 1364 1292 1418 homo
1324 1363 1569 1432 ejusdem
1603 1378 1668 1419 ac
1693 1380 1796 1420 nos
1831 1364 2162 1420 substantia:

583 1456 928 1513 exstitisset?
1457 1521 1467 1530 _

657 1546 753 1601 Dei
787 1545 1069 1600 Genitricis
1111 1562 1317 1609 nomen,
1354 1557 1524 1600 totum
1561 1547 1869 1618 mysterium
1900 1547 2159 1600 declarat.

582 1668 653 1680 —-
681 1637 876 1694 Merito
925 1637 1094 1707 igitur
1119 1647 1174 1692 et
1210 1653 1338 1694 vere
1375 1646 1627 1693 sanctam
1673 1638 1901 1693 Mariam
1962 1635 2157 1707 Deipa-

582 1744 702 1784 ram
763 1728 1127 1799 appellamus.
1187 1725 1302 1782 iloc
1331 1730 1480 1783 enim
1531 1744 1728 1783 nomen
1769 1736 1945 1783 totum
1979 1730 2163 1782 incar-

2249 633 2311 686 οὐ
2350 631 2853 702 προδιαπλασθέντι
2883 632 3152 705 ἀνθρώπῳ
3183 636 3492 705 ὲνοικήσας,
3519 637 3597 702 ὡς
3623 639 3678 690 έν
3702 656 3813 710 προ-

2254 722 2424 794 φήτῃ,
2466 721 2584 774 ἀλλ’
2618 721 2780 784 αὐτὸς
2828 722 3103 786 οὐσιωδῶς
3150 725 3241 776 καὶ
3276 724 3495 795 ἀληθῶς
3543 726 3814 795 γενόμενος

2252 813 2560 885 ἄνθρωπος,
2617 814 2735 882 ἦτοι
2770 813 2828 867 ὲν
2874 817 2939 886 τῇ
3000 816 3294 870 ὑποστάσει
3341 816 3508 871 αὑτοῦ
3552 817 3815 887 ἐψυχωμέ-

2253 919 2355 972 νην
2383 915 2409 943 ⁸
2447 905 2624 974 σάρκα
2657 905 2803 976 ψυχῇ
2844 906 3038 978 λογικῇ
3078 924 3136 959 τε
3168 906 3261 961 καὶ
3298 909 3461 979 νοερᾷ
3494 908 3812 979 ὑποστήσας,

2254 993 2351 1046 καὶ
2387 994 2551 1057 αὐτὸς
2577 994 2823 1063 γεγονὼς
2869 996 3006 1068 αὐτῇ
3048 997 3365 1061 ὑπόστασις.
3401 997 3573 1051 Τοῦτο
3599 1001 3706 1067 γὰρ
3737 1017 3815 1068 ση-

2258 1085 2437 1155 μαίνει
2467 1084 2548 1151 τὸ,
2590 1086 2920 1157 γενόμενον
2971 1088 3041 1142 ἐκ
3091 1089 3377 1157 γυναικός
3402 1105 3416 1120 ·
3472 1089 3587 1153 πῶς
3628 1089 3733 1159 γὰρ
3764 1091 3816 1142 ἂν

2253 1177 2417 1241 αὐτὸς
2442 1180 2471 1232 ὁ
2510 1177 2604 1230 τοῦ
2634 1178 2769 1231 Θεοῦ
2800 1180 2971 1247 Λόγος
3026 1180 3132 1233 ὑπὸ
3184 1182 3348 1250 νόμον
3377 1182 3626 1251 γέγονεν,
3670 1186 3717 1235 εί
3752 1186 3815 1255 μὴ

2252 1264 2540 1339 ἅνθρωπος
2580 1270 2716 1339 ἡμῖν
2738 1270 3027 1339 όμοούσιος
3051 1270 3295 1341 γέγονεν.

2328 1543 2491 1597 Ὅθεν
2529 1542 2757 1603 δικαίως
2800 1541 2894 1595 καὶ
2925 1542 3143 1612 ἀληθῶς
3166 1542 3428 1598 Θεοτόκον
3465 1545 3565 1615 τὴν
3673 1545 3818 1615 ἁγίαν

2258 1634 2476 1704 Μαρίαν
2520 1632 2900 1703 ὀνομάζομενο
2938 1634 3097 1687 τοῦτο
3124 1636 3234 1703 γὰρ
3263 1635 3324 1687 τὸ
3362 1635 3536 1706 ὄνομα
3575 1636 3719 1690 ἅπαν
3768 1638 3819 1690 τὺ

2259 1726 2560 1796 μυστήριον
2595 1726 2697 1794 τῆς
2728 1725 3049 1795 οἰκονομίας
3078 1727 3382 1797 συνίστησι.
3416 1728 3479 1781 ΕΞ
3513 1730 3625 1798 γὰρ
3654 1732 3819 1783 Θεοπό-

588 1819 829 1875 nationis
872 1820 1199 1889 mysterium
1253 1820 1478 1872 astruit.
1522 1819 1684 1883 Nam,
1736 1819 1783 1873 si
1844 1818 1941 1874 Dei
1987 1820 2164 1873 Mater

2262 1832 2349 1878 κος
2378 1816 2412 1885 ἡ
2436 1815 2769 1885 γεννήσασα,
2822 1816 3044 1880 πάντως
3075 1817 3209 1879 Θεὸς
3232 1819 3259 1869 6
3317 1818 3377 1881 ἐξ
3423 1819 3599 1887 αὐτῆς
3640 1836 3818 1890 γεννηο

584 1921 671 1968 est
707 1925 830 1981 quae
875 1910 1088 1981 genuit,
1149 1908 1398 1978 proiecto
1457 1908 1600 1964 Deus
1652 1919 1736 1963 est
1784 1909 1876 1979 qui
1933 1924 1999 1964 ex
2048 1910 2165 1979 ipsa

2262 1905 2388 1967 θεὶς,
2427 1904 2644 1968 πάντως
2673 1904 2731 1956 δὲ
2766 1908 2861 1958 καὶ
2895 1904 3203 1975 ἄνθρωπος.
3236 1905 3358 1969 Πῶς
3398 1906 3508 1977 γὰρ
3542 1908 3610 1959 ἂν
3639 1910 3701 1959 ὲκ
3736 1926 3819 1975 γυ-

587 2004 808 2074 genitus
838 2008 922 2057 est
956 2020 969 2056 :
1022 1999 1273 2069 profecto
1310 2000 1479 2054 etiam
1533 2000 1716 2053 homo.
1750 1998 1884 2053 Nam
1928 1999 2020 2069 qui
2050 2000 2165 2055 ﬂeri

2262 1994 2446 2057 ναικὸς
2496 1994 2785 2064 γεννηθείη
2836 1994 2998 2059 Θεὸς,
3058 1997 3085 2047 6
3140 1996 3245 2065 πρὸ
3277 1995 3491 2047 αἰώνων
3548 1996 3687 2065 ἔχων
3731 2002 3818 2071 τὴν

586 2095 879 2165 potuisset,
931 2102 994 2146 ut
1024 2090 1190 2154 Deus,
1220 2092 1312 2161 qui
1368 2097 1492 2144 ante
1537 2088 1737 2144 saecula
1764 2089 2039 2152 exstabat,
2099 2103 2162 2143 cx

586 2186 822 2241 muliere
864 2191 1208 2243 nasceretur,
1266 2181 1369 2236 nisi
1403 2182 1569 2235 homo
1623 2180 1805 2235 factus
1842 2181 2032 2236 esset?
2064 2181 2165 2246 Qui

586 2278 735 2332 enim
785 2275 931 2330 illius
959 2281 1042 2329 est
1082 2274 1347 2337 hominis,
1385 2272 1548 2327 homo
1594 2274 1758 2327 etiam
1810 2272 1928 2342 ipse
1974 2272 2047 2326 sit
2074 2286 2168 2326 ne-

587 2382 807 2424 cessum
844 2373 950 2421 est.
994 2362 1149 2430 Quod
1202 2363 1246 2419 si
1290 2363 1380 2417 ille
1413 2361 1530 2433 ipse
1559 2363 1653 2433 qui
1689 2378 1753 2417 ex
1806 2361 2039 2417 muliere
2074 2376 2169 2415 na-

589 2472 681 2516 tus
711 2466 817 2523 est,
858 2456 1002 2512 Deus
1030 2464 1135 2519 est,
1185 2470 1329 2510 unus
1368 2455 1560 2524 procul
1616 2454 1785 2509 dubio
1831 2464 1997 2525 atque
2024 2452 2166 2508 idem

591 2561 695 2613 est.
732 2552 821 2621 qui
855 2565 921 2603 ex
967 2548 1080 2602 Deo
1126 2545 1291 2601 Patre
1340 2548 1563 2616 genitus
1600 2556 1706 2612 est,
1743 2547 1888 2616 quod
1927 2545 1993 2600 ad
2033 2546 2169 2600 divi-

597 2657 723 2694 nam
766 2649 819 2693 et
863 2637 1011 2691 initii
1065 2644 1346 2705 expertem
1395 2635 1759 2690 substantiam
1788 2636 2007 2699 attinet,
2043 2637 2166 2704 qui-

591 2743 698 2794 que
744 2727 1004 2781 extremis
1058 2726 1399 2795 temporibus
1445 2741 1508 2778 ea
1541 2725 1854 2779 substantia
1910 2738 2031 2792 quae
2062 2724 2162 2777 ini-

592 2817 728 2870 tium
760 2816 977 2875 habuit.
1024 2812 1370 2883 temporique
1431 2813 1682 2883 subjecta
1739 2822 1846 2876 est,
1901 2812 2005 2866 hoc
2057 2822 2161 2877 est,

593 2909 850 2972 humana,
893 2923 960 2963 ex
1008 2907 1233 2977 Virgine
1296 2915 1463 2962 natus
1495 2915 1601 2962 est.
1643 2905 1759 2961 lloc
1808 2920 1941 2961 vero
1994 2922 2159 2961 unam
2204 2908 2419 2962 Domini
2470 2910 2644 2963 nostri
2705 2908 2836 2965 Jesu
2873 2927 3186 2982 personam,

589 3010 644 3055 et
680 3000 816 3054 duas
847 3001 1230 3069 generationes
1266 2999 1565 3068 significat.

659 3091 1046 3160 Christiparam
1082 3092 1269 3147 Patres
1295 3095 1469 3146 dicere
1503 3092 1883 3148 detrectarunt.
1934 3092 2168 3148 Nestorii

2260 2086 2514 2156 ὓπαρξιν,
2550 2086 2598 2137 εἱ
2631 2085 2706 2157 μὴ
2739 2086 3027 2156 ἄνθρωπος
3057 2087 3318 2155 γέγονεν;
3358 2087 3418 2139 '0
3450 2088 3558 2158 γὰρ
3590 2086 3716 2150 Υἱὸς
3739 2091 3820 2141 ἀν-

2257 2176 2501 2248 θρώπου»
2529 2177 2816 2247 ἅνθρωπος
2840 2176 3104 2247 δηλονότι.
3136 2176 3197 2230 Et
3230 2176 3284 2230 δὲ
3315 2177 3478 2240 αὐτὸς
3498 2180 3526 2230 ὁ
3553 2178 3820 2250 γεννηθεὶς

2257 2268 2324 2321 ἐκ
2344 2267 2607 2336 γυναικὸς
2637 2268 2771 2330 Θεός
2800 2270 2971 2333 ἐστιν,
3006 2262 3086 2331 εἷς
3107 2269 3221 2320 ἐστι
3262 2268 3505 2338 δηλονότι
3531 2271 3560 2322 6
3595 2272 3657 2322 ἐκ
3698 2268 3820 2321 Θεοῦ

2257 2360 2474 2429 Πατρὺς
2497 2361 2779 2430 γεννηθεὶς
2824 2362 2968 2414 κατὰ
2997 2360 3095 2429 τὴν
3125 2359 3277 2413 θείαν
3320 2362 3419 2414 καὶ
3464 2362 3704 2431 ἄναρχον
3745 2362 3820 2414 οὓς

2259 2449 2404 2514 σίαν,
2427 2451 2519 2503 καὶ
2553 2451 2639 2503 ἐπ’
2671 2451 2919 2521 ἐσχάτων
2942 2450 3053 2504 τῶν
3080 2451 3288 2522 χρόνων
3326 2452 3391 2504 ὲκ
3421 2452 3521 2521 τῆς
3556 2452 3818 2523 Παρθένου

2259 2540 2469 2609 τεχθεὶς
2502 2527 2645 2593 κᾶτὰ
2666 2540 2767 2612 τὴν
2797 2542 3084 2612 ήργμένην
3114 2543 3207 2595 καὶ
3253 2542 3358 2595 ὑπὸ
3388 2543 3583 2613 χρόνον
3602 2544 3820 2609 οὐσίαν.

2257 2630 2376 2701 ἦτοι
2398 2630 2499 2699 τὴν
2524 2630 2894 2701 ἀνθρωπίνην.
2928 2630 3099 2684 Τοῦτο
3123 2632 3180 2685 δὲ
3213 2631 3342 2701 μίαν
3377 2629 3705 2694 ὑπόστασιν,
3743 2632 3822 2683 καὶ

2266 2722 2362 2776 δύο
2391 2723 2604 2790 φύσεις,
2643 2723 2737 2775 καὶ
2763 2722 2854 2774 δύο
2889 2721 3172 2790 γεννήσεις
3206 2723 3461 2790 σημαίνει
3497 2721 3595 2775 τοῦ
3631 2724 3823 2791 Κυρίου

2269 2814 2428 2883 ἡμῶν
2464 2812 2639 2885 Ἰησοῦ
2667 2814 2926 2883 Χριστοῦ.

3276 2911 3525 2981 duasque
3592 2919 3827 2973 naturas,

2338 3093 2710 3163 Χριστοτόκον
2744 3094 2801 3147 δὲ
2986 3097 3236 3165 οὐδαμῶς
3286 3111 3466 3165 φαμεν
3550 3096 3645 3162 τὴν
3675 3094 3832 3159 ἁγίαν

594 3196 714 3241 vox,
768 3189 825 3234 ut
864 3181 1080 3233 dicatur
1121 3179 1368 3236 Christus
1415 3181 1688 3254 Θεοφόρος
1712 3222 1727 3246 ,
1779 3194 1918 3237 recte
1946 3183 2168 3236 sentien-

2267 3185 2565 3255 Παρθένον,
2594 3185 2728 3239 διότι
2764 3188 2852 3238 ἐπ’
2882 3164 3160 3258 ἀναιρέσει
3195 3164 3305 3257 τῆς
3332 3187 3619 3251 Θεστόκος
3652 3189 3833 3254 φωνῆς

593 3274 747 3336 tium,
778 3279 837 3323 ut
867 3270 1006 3325 Deus
1050 3272 1389 3326 incarnatus.
1443 3269 1661 3325 Natura
1694 3278 1930 3326 humana
1960 3274 2015 3325 in
2050 3273 2170 3339 ipsa

591 3361 923 3427 conceptione
963 3359 1130 3415 Verbo
1168 3363 1342 3415 unita.
1369 3391 1437 3400 —
1461 3364 1529 3416 At
1562 3378 1693 3417 vero
1744 3374 2005 3417 sanctam
2043 3362 2168 3418 Vir-

592 3454 772 3521 ginem
808 3451 1129 3523 neutiquam
1169 3452 1570 3523 Christiparam
1605 3468 2010 3524 nuncupamus,
2040 3456 2169 3525 quia

593 3544 660 3597 a.l
706 3542 1033 3597 abolendum
1076 3542 1323 3608 Deipara:
1381 3545 1709 3598 vocabulum
1841 3544 2165 3610 Nestorius,

596 3638 845 3702 impurus
895 3634 984 3687 ille
1047 3646 1101 3688 ct
1162 3634 1556 3697 exsecrandus,
1601 3637 1897 3705 animoque
1924 3635 2169 3699 Judaeus,

594 3726 726 3779 iilud
774 3724 1087 3795 ignominia:
1117 3741 1234 3791 vas,
1267 3726 1320 3779 in
1366 3736 1741 3798 contemptum
1779 3728 1900 3797 ejus
1928 3743 2048 3797 qua;
2079 3744 2168 3782 su-

594 3831 689 3884 per
728 3827 1043 3871 creaturam
1075 3832 1295 3872 onmem
1350 3820 1467 3874 sola
1511 3834 1639 3874 vere
1668 3820 1895 3874 colenda
1938 3829 2045 3887 est,
2078 3821 2168 3875 Dei

591 3906 1335 3979 Genitricis(disrumpatur
1393 3910 1517 3965 licet
1554 3911 1645 3965 ille
1677 3926 1800 3964 cum
1851 3921 2007 3981 patre
2067 3928 2167 3966 suo

594 3996 843 4067 Satana),
880 4000 985 4055 hoc
1013 4001 1251 4056 nominis
1271 4003 1623 4073 excogitavit,
1652 4003 1798 4072 quod
1829 4005 2167 4059 obtruderet.

595 4089 884 4145 Enimvero
933 4105 1030 4145 rex
1087 4090 1253 4146 David
1301 4093 1547 4149 christus
1572 4110 1791 4164 quoque
1837 4094 2063 4159 dicitur,
2118 4106 2171 4151 et

593 4182 835 4251 pomifex
872 4183 1078 4249 Aaron,
1134 4184 1336 4253 quippe
1390 4198 1516 4239 cum
1565 4200 1722 4256 reges
1755 4194 1810 4241 et
1859 4186 2172 4242 sacerdotes

606 4273 731 4339 ungi
758 4273 1041 4327 solerent:
1088 4274 1336 4342 quinimo
1366 4277 1549 4344 quivis
1586 4279 1751 4332 homo
1790 4278 1937 4348 pius,
1980 4288 2030 4333 et
2085 4280 2170 4332 cui

597 4366 738 4418 heus
778 4364 1124 4432 aspiraverit,
1157 4364 1415 4438 Christus
1452 4368 1558 4421 dici
1597 4370 1791 4437 possit,
1826 4379 1879 4423 at
1911 4385 2017 4424 non
2051 4384 2173 4438 pcr-

2271 3276 2300 3328 6
2330 3276 2551 3347 μιαρὸς,
2581 3277 2672 3329 καὶ
2708 3277 2982 3348 βδελυρὸς,
3007 3280 3101 3331 καὶ
3133 3278 3514 3350 Ἰουδαιόφρων
3545 3278 3832 3347 Νεστόριος

2265 3365 2327 3419 τὸ
2360 3366 2553 3427 σκεῦος
2578 3367 2673 3437 τῆς
2703 3369 2962 3439 ἀτιμίας,
3004 3370 3098 3421 καὶ
3147 3370 3241 3421 ἐπὶ
3291 3370 3488 3438 ἀτιμίᾳ⁴
3536 3369 3633 3436 τῆς
3674 3370 3831 3437 μόνης

2269 3458 2438 3521 ὅντως
2482 3461 2858 3531 τετιμημένης
2906 3460 3046 3530 ὑπὲρ
3096 3461 3277 3513 πᾶσαν
3331 3461 3512 3513 κτίσιν
3554 3460 3827 3519 Θεοτόκου,

2270 3550 2376 3602 κάν
2406 3543 2560 3612 οὗτος
2608 3550 3005 3621 διαρρήγνυται
3029 3550 3055 3589 ἀ
3110 3552 3206 3603 σὺν
3238 3551 3314 3620 τῷ
3361 3551 3529 3622 πατρὶ
3568 3550 3725 3603 αὐτοῦ
3752 3549 3829 3617 τῷ

2273 3641 2505 3711 Σατανᾷ,
2550 3642 2757 3711 ταύτην
2785 3643 2883 3709 τὴν
2918 3642 3290 3713 προσηγορίαν
3318 3641 3606 3711 ὲξηὺρατο,
3634 3642 3703 3702 ὡς
3728 3642 3824 3691 ἐπ·

2271 3730 2652 3800 ηρεαζομένην
2685 3740 2708 3769 ο
2751 3732 2971 3801 χριστὸς
2998 3732 3109 3802 γὰρ
3142 3733 3236 3784 καὶ
3265 3734 3292 3783 ὁ
3321 3731 3489 3783 Δαὸὶδ
3517 3733 3545 3784 ὁ
3571 3730 3822 3799 βασιλεὺς,

2274 3822 2369 3874 καὶ
2391 3822 2419 3872 6
2443 3821 2655 3889 Ἀαρὼν
2682 3824 2709 3874 6
2739 3822 3033 3891 ἀρχιερεύς
3054 3839 3068 3852 ⁵
3094 3820 3270 3875 ταῦτα
3291 3821 3399 3889 γὰρ
3420 3822 3488 3875 τὰ
3514 3823 3533 3859 ί
3560 3822 3820 3891 χριόμενα,

2275 3913 2519 3981 βασιλεία
2551 3929 2608 3964 τε
2638 3915 2734 3966 καὶ
2768 3914 3057 3983 ίερωσῦνηο
3087 3915 3182 3968 καὶ
3211 3914 3319 3975 πᾶς
3350 3913 3609 3983 θεοφόρος
3630 3912 3821 3981 ἄνθρω-

2273 4022 2373 4065 πος
2410 4006 2643 4074 Χριστὸς
2685 4004 2943 4073 λέγεσθαι
2980 4006 3226 4069 δύναται,
3256 4004 3371 4058 ἀλλ’
3405 4005 3469 4057 οὐ
3499 4004 3626 4063 Θεὸς
3655 4002 3815 4071 φύσει,

2270 4097 2346 4158 ὡς
2394 4096 2490 4149 καὶ
2556 4096 2853 4167 Νεστόριος
2896 4099 2922 4149 ὁ
2969 4096 3263 4167 θεήλατος,
3309 4098 3400 4148 τὸν
3451 4096 3520 4148 ἐκ
3566 4093 3815 4164 Παρθένου

2269 4186 2530 4255 τεχθέντα
2563 4186 2825 4256 θεοφόρον
3003 4188 3181 4239 εἰπεῖν
3208 4188 3538 4256 ὲιρρυάξατο.
3584 4185 3741 4255 Ἡμεῖς

2277 4279 2349 4347 μὴ
2382 4279 2594 4346 γένοιτο
2632 4278 2892 4349 θεοφόρον
2935 4277 3098 4331 αὑτὸν
3127 4280 3151 4318 ε
3181 4279 3356 4330 εἰπεῖν
3382 4280 3414 4348 ἢ
3470 4278 3671 4347 νοῆσαι,
3700 4274 3812 4328 ἀλλὰ

2272 4370 2405 4423 Θεὸν
2438 4371 2881 4439 σεσαρκωμένον.
2921 4368 3094 4431 Αὐτὸς
3130 4370 3238 4441 γὰρ
3267 4372 3296 4422 6
3342 4371 3517 4438 Λόγος
3562 4369 3684 4438 σὰρξ
3711 4366 3808 4434 ἐγέ-

597 4457 724 4512 inde
768 4465 967 4511 natura
1028 4456 1207 4525 Deus;
1234 4461 1390 4530 juxta
1427 4476 1490 4515 ac
1515 4463 1813 4518 exitiabilis
1860 4464 1950 4518 ille
1984 4464 2168 4519 Nesto-

2273 4478 2413 4524 νετο,
2454 4461 2684 4531 κυηθεὶς
2739 4462 2835 4532 μὲν
2881 4463 2944 4515 ὲκ
2997 4465 3096 4532 τῆς
3136 4461 3439 4533 Παρθένου,
3473 4458 3731 4531 προελθὼν
3766 4457 3809 4507 δὲ

598 4546 714 4601 rius
762 4562 886 4601 eum
920 4547 1012 4617 qui
1047 4548 1113 4602 de
1154 4546 1374 4618 Virgine
1422 4557 1584 4606 natus
1615 4559 1719 4617 est,
1773 4551 2049 4607 Deiferum
2079 4569 2174 4608 ore

600 4638 956 4695 fremebundo
989 4638 1382 4709 pronuntiavit.
1417 4637 1617 4695 Verum
1653 4641 1758 4696 hoc
1900 4642 2039 4698 absit
2146 4659 2175 4697 a

601 4730 781 4795 nobis,
815 4739 873 4784 ut
902 4745 1028 4785 eum
1083 4731 1326 4787 atliatum
1380 4748 1411 4787 a
1466 4733 1595 4798 Deo,
1641 4731 1992 4802 Deiierumve
2024 4734 2174 4790 dica-

600 4837 744 4884 mus,
806 4823 884 4875 vel
928 4824 1292 4892 Cogitemus;
1415 4825 1526 4881 imo
1588 4827 1773 4896 potius
1828 4827 2173 4882 incarnalum

599 4910 794 4965 Deum.
844 4911 1141 4981 lpsummet
1182 4914 1578 4971 enimVerbum
1640 4917 1844 4972 factum
1892 4928 1977 4973 est
2024 4934 2174 4984 caro,

603 5011 664 5055 ut
712 5013 1038 5073 eunt-cptum
1090 5006 1310 5074 quidem
1376 5008 1443 5063 de
1506 5007 1733 5079 Virgine
1786 5010 1975 5074 fuerit,
2035 5011 2176 5066 Deus

607 5109 734 5147 vero
778 5095 1044 5163 prodierit
1090 5111 1217 5151 cum
1265 5108 1545 5169 assumpta
1592 5111 1785 5153 natura
1817 5116 1979 5170 quam
2021 5100 2176 5156 deiﬁ-

606 5194 761 5239 carat
789 5186 953 5239 simul
983 5195 1146 5257 atque
1175 5190 1439 5257 producta
1484 5200 1587 5244 est.
1644 5190 1853 5246 Exinde
1898 5193 1999 5245 tria
2033 5194 2179 5262 pari-

606 5285 693 5333 ter
730 5292 837 5331 una
869 5279 1243 5348 contigerunt,
1278 5280 1538 5334 nimirum
1589 5281 1732 5351 quod
1760 5296 2043 5353 assumpta
2076 5285 2175 5347 sit,

605 5369 752 5439 quod
816 5370 1114 5435 exstiterit,
1169 5369 1313 5438 quod
1378 5370 1628 5425 deiﬁcata
1681 5389 1710 5424 a
1752 5372 1930 5427 Verbo
1991 5372 2176 5428 fuerit.

608 5461 747 5517 llinc
772 5461 828 5515 ﬁt
853 5469 913 5515 ut
958 5459 1125 5530 Virgo
1165 5469 1378 5525 sancta,
1414 5461 1507 5517 Dei
1541 5462 1785 5517 Geuitrix
1829 5473 1941 5519 tum
1974 5466 2181 5520 intelli-

608 5560 791 5621 gatur,
821 5558 936 5604 tum
969 5550 1295 5619 appelletur,
1338 5566 1447 5605 non
1479 5554 1641 5606 modo
1667 5563 1892 5623 propter
1926 5566 2178 5610 naturam

614 5641 801 5705 Verbi,
830 5641 923 5695 sed
949 5642 1113 5695 etiam
1145 5643 1214 5695 ob
1246 5643 1638 5699 humanitatem
1668 5646 1871 5702 deitate
1898 5648 2180 5716 donatam,

614 5731 885 5798 slttpendo
931 5732 1199 5785 miraculo
1240 5734 1473 5801 patratis
1510 5734 1672 5787 simul
1717 5736 1909 5791 horum
1949 5747 2002 5793 et
2051 5754 2183 5795 con-

616 5817 865 5887 ceptione
892 5825 947 5871 ct
982 5820 1327 5883 exsistentia,
1367 5823 1515 5877 verbi
1546 5822 1765 5889 quidem
1799 5829 2182 5899 conceptione,

2272 4551 2403 4615 Θεὸς
2441 4552 2583 4621 μετά
2613 4554 2711 4623 τῆς
2756 4552 3133 4623 προσλήψεως,
3167 4554 3265 4623 ἤδη
3304 4554 3399 4607 καὶ
3429 4556 3599 4623 αὐτῆς
3629 4553 3710 4606 ὑπ’
3733 4549 3808 4603 αὕη

2272 4639 2365 4693 τοῦ
2402 4640 2720 4711 θεωθείσης,
2759 4643 2876 4713 ἅμα
2914 4646 2982 4713 τῇ
3035 4645 3113 4706 εἰς
3146 4644 3206 4695 τὸ
3250 4638 3392 4696 εἷναι
3436 4645 3639 4713 ταύτης
3694 4656 3806 4707 παρ·

2273 4734 2491 4802 ἀγωγῇ,
2524 4732 2598 4793 ὼς
2646 4732 2781 4801 ὁμοῦ
2814 4732 3066 4799 γενέσθαι
3116 4732 3184 4785 τὰ
3215 4733 3363 4802 τρία,
3398 4733 3498 4804 τήν
3521 4731 3803 4805 πρόσληψιν.

2274 4822 2371 4891 τὴν
2404 4821 2663 4890 ὓπαρξιν,
2694 4822 2793 4893 τὴν
2813 4822 3011 4877 θέωσιν
3049 4823 3219 4893 αὐτῆς
3248 4824 3351 4876 ὑπὸ
3387 4825 3480 4877 τοῦ
3518 4826 3707 4891 Λόγου·
3738 4820 3805 4872 κιὶ

2274 4911 2418 4963 οὕτω
2437 4913 2801 4975 νοεῖσθαι,καὶ
2823 4913 3078 4981 λέγεσθαι
3101 4914 3364 4967 Θεοτόκον
3391 4916 3493 4985 τὴν
3521 4916 3674 4983 ἁγίαν
3699 4912 3807 4977 Περ·

2277 5003 2450 5066 θένον,
2480 5004 2541 5056 οὐ
2571 5004 2731 5072 μόνον
2758 5004 2848 5057 διὰ
2889 5004 2986 5073 τὴν
3013 5004 3175 5073 φύσιν
3202 5004 3296 5057 τοῦ
3329 5006 3528 5073 Λόγου,
3574 5005 3694 5057 ἀλλὰ
3740 4998 3807 5051 καὶ

2276 5093 2365 5146 διὰ
2393 5093 2489 5164 τὴν
2520 5094 2715 5149 θέωσιν
2745 5096 2839 5147 τοῦ
2864 5095 3231 5165 ἀνθρωπίνου,
3269 5088 3344 5150 ὧν
3376 5096 3511 5164 ἅμα,
3546 5096 3680 5163 καὶὴ
3710 5089 3807 5141 σύλα

2278 5183 2478 5252 ληψις,
2535 5185 2629 5237 καὶ
2678 5186 2709 5255 ἡ
2759 5184 2995 5254 ὓπαρξις
3035 5185 3613 5259 τεθαυματούργηταιο
3654 5186 3683 5251 ἡ
3732 5178 3808 5249 μὲν

2282 5276 2567 5346 σύλληψις.
2597 5276 2691 5330 τοῦ
2727 5277 2918 5344 Λόγου,
2947 5277 3048 5346 τῆς
3075 5278 3133 5330 δὲ
3171 5277 3396 5348 σαρκὸς,
3423 5281 3454 5349 ἡ
3496 5282 3551 5330 ὲν
3583 5273 3718 5341 αὑτῷ
3749 5267 3808 5336 τῷ

2284 5367 2444 5437 Λόγῳ
2494 5367 2726 5438 ὓπαρξις
2752 5408 2765 5432 ,
2808 5367 2979 5439 αὐτῆς
3017 5368 3117 5438 τῆς
3169 5370 3511 5441 Θεομήτορος
3559 5363 3807 5438 ὑπερφυῶς

2282 5458 2627 5528 χορηγούσης
2664 5459 2724 5511 τὸ
2771 5459 3079 5529 πλασθῆναι
3121 5461 3201 5531 τῷ
3246 5463 3480 5535 πλάστῃ,
3529 5464 3611 5515 καὶ
3637 5460 3689 5512 τὸ
3728 5458 3802 5507 ἀν·

2283 5547 2660 5618 θρωπισθῆναι
2685 5550 2764 5619 ’τῷ
2787 5551 2907 5620 Θεῷ
2937 5551 3028 5604 καὶ
3056 5556 3254 5623 ποιητῇ
3286 5554 3377 5606 τοῦ
3401 5555 3605 5616 παντὸς,
3628 5547 3803 5603 θεοῦγτι

2282 5640 2342 5690 τὸ
2374 5639 2731 5711 πρόσλημμα,
2771 5641 3052 5711 σωζούσης
3086 5643 3186 5713 τῆς
3210 5644 3454 5709 ένώσεως
3488 5644 3549 5698 τὰ
3574 5640 3802 5695 ὲνωθέντε

2284 5730 2530 5796 τοιαῦτα,
2559 5729 2645 5785 οἷα
2695 5733 2790 5786 καὶ
2819 5734 3056 5803 ἧνωνται
3081 5751 3094 5763 ·
3135 5737 3195 5788 οὑ
3238 5736 3298 5789 τὸ
3337 5736 3474 5790 θεῖον
3501 5736 3625 5800 λέγω
3645 5730 3799 5799 μόνον·

2283 5820 2419 5873 ἀλλὰ
2453 5822 2544 5873 καὶ
2576 5820 2635 5874 τὸ
2658 5821 3001 5892 ἀνθρώπινον
3025 5822 3119 5878 τοῦ
3154 5826 3412 5897 Χριστοῦ,
3435 5826 3489 5879 τὸ
3518 5823 3637 5890 ὑπὲρ
3658 5815 3797 5887 liii-'3‘“
