4094 6300
344 390 490 457 1009

1307 399 1690 464 PANOPLIA
1729 400 2194 465 DOGMATICA.
2217 424 2291 441 ·-
2327 400 2476 465 ΤΙΤ.
2518 403 2638 466 XV.

3469 393 3608 461 1010

339 509 437 562 καὶ
467 508 590 563 καθ’
612 509 781 580 ἡμᾶς.
813 511 951 566 Οὔτε
976 511 1096 585 γὰρ
1134 515 1426 586 γενόμενον
1482 521 1752 590 πρότερον
1791 521 1916 575 καθ’

2027 518 2210 576 carnis
2230 534 2358 574 vero
2389 518 2715 576 exsistentia
2737 520 2788 574 itt
2815 518 2936 589 ipso
2965 515 3169 574 Verbo.
3212 515 3335 587 ipsa
3366 530 3605 582 namque

342 601 516 671 ἡμᾶς,
549 602 779 675 ὕστερον
822 605 1047 676 γέγονεν
1107 608 1250 679 ὑπὲρ
1310 611 1460 680 ἡμᾶς
1487 626 1499 640 ·
1547 613 1686 666 ά).λὰ
1728 613 1817 666 ἀεὶ
1854 615 1919 666 ὲκ

333 691 566 762 πρώτης
593 693 885 765 ὑπάρξεως
915 698 1082 768 ἄμφω
1109 699 1340 769 ὑπῆρξε,
1392 699 1482 752 διὰ
1526 701 1586 752 τὸ
1631 701 1689 766 ἐξ
1739 702 1919 772 ἄκρας

337 781 660 852 συλλήψεως
693 785 750 836 ἐν
785 786 934 858 αὐτῷ
964 786 1040 857 τῷ
1073 788 1232 856 Λόγῳ
1266 788 1364 858 τὴν
1398 785 1638 860 ὓπαρξιν
1678 791 1914 860 ἐσχηκέ-

337 890 452 926 ναι⁹
501 874 844 944 ἀνθρώπινον
914 878 1014 947 μὲν
1043 877 1137 931 οὖν
1193 881 1310 932 ἐστι
1363 881 1505 933 κατὰ
1542 881 1644 950 τὴν
1708 881 1920 936 οἰκείαν

336 967 527 1034 φύσιν,
558 967 692 1020 Θεοῦ
722 969 778 1021 δὲ
814 970 910 1024 καὶ
955 969 1121 1036 θεῖον,
1183 973 1504 1043 ὑπερφυῶς,
1555 974 1675 1027 Ἔτι
1727 974 1784 1029 δὲ
1821 976 1920 1030 καὶ

335 1058 440 1126 τῆς
476 1060 721 1131 ἐμψύχου
758 1061 966 1132 σαρκὸς
995 1064 1065 1115 τὰ
1099 1063 1370 1133 ἰδιώματα
1404 1064 1554 1136 ἔσχε·
1589 1066 1918 1132 κατεδέξατο

336 1151 454 1220 γὰρ
481 1153 621 1204 αὐτὰ
648 1154 676 1205 ὁ
708 1150 902 1220 Λόγος,
941 1153 1260 1224 οἰκονομίας
1285 1155 1449 1226 λόγῳ,
1483 1159 1724 1227 φυσικῆς
1759 1160 1918 1231 κινή-

337 1258 482 1309 σεως
503 1243 657 1308 τάξει
688 1243 832 1298 κατὰ
859 1245 1123 1314 ἀλήθειαν
1152 1247 1402 1314 φυσικῶς
1437 1250 1724 1318 γινόμενα.

2027 610 2118 666 Dei
2139 611 2389 666 Genitrix
2419 625 2588 682 supra
2628 621 2850 667 natura:
2908 614 3052 683 leges
3117 626 3303 667 rerum
3360 603 3604 663 omniain

2025 703 2202 758 lictori
2235 703 2711 771 subministrabat,
2749 705 2894 761 unde
2930 706 3046 776 ipse
3103 719 3322 776 quoque
3369 703 3606 772 ﬁngere-

2023 806 2133 861 tur,
2171 796 2667 866 universorumque
2691 797 2966 853 conditori
3005 797 3136 864 Deo,
3171 808 3230 852 ut
3269 809 3606 869 assumptam

2021 888 2418 942 humanitatem
2480 889 2687 944 deitate
2749 888 2990 953 donans,
3049 889 3214 946 homo
3278 889 3399 960 ipse
3433 890 3606 959 ﬁeret,

2022 995 2146 1036 cum
2189 980 2406 1037 interim
2441 981 2594 1046 unio,
2617 996 2739 1051 quae
2773 983 2926 1037 unita
2978 989 3128 1050 sunt,
3160 981 3290 1036 talia
3331 989 3596 1050 servaret,

2018 1073 2202 1145 qualia
2241 1074 2392 1130 unita
2427 1084 2631 1142 essent,
2690 1075 2792 1131 hoc
2829 1083 2933 1141 est,
2989 1089 3102 1130 non
3129 1074 3469 1132 divinitatem
3521 1088 3609 1130 so-

2016 1164 2152 1234 lum,
2179 1166 2276 1223 sed
2320 1167 2488 1223 etiam
2543 1167 2748 1225 Christi
2810 1167 3254 1234 humanitatem;
3311 1181 3411 1223 nec
3475 1165 3610 1222 illud

2018 1256 2195 1311 solum
2221 1258 2366 1328 quod
2419 1271 2583 1329 supra
2639 1273 2759 1326 nos,
2786 1259 2880 1315 sed
2923 1266 2979 1314 et
3031 1259 3087 1314 id
3151 1257 3297 1329 quod
3358 1266 3608 1314 nostrum

338 1343 447 1389 est.
484 1333 601 1390 Non
636 1335 782 1390 enim
811 1349 935 1390 cum
967 1345 1094 1391 ante
1136 1337 1310 1394 nostri
1366 1339 1566 1396 similis
1607 1341 1900 1412 extitisset,
1937 1355 2124 1416 postea
2185 1349 2435 1419 superior
2487 1350 2648 1406 nobis
2701 1350 2922 1405 evasit:
2965 1348 3061 1406 sed
3116 1361 3386 1419 sempera
3427 1349 3610 1417 primo

259 1496 266 1501 .
333 1433 462 1481 ortu
489 1434 777 1498 utrumque
801 1429 1011 1486 exstitit
1042 1431 1334 1500 :quoniam
1368 1443 1398 1483 a
1430 1430 1742 1500 primordiis
1773 1436 2148 1507 conceptionis
2180 1440 2236 1494 in
2269 1441 2388 1510 ipso
2415 1441 2597 1498 Verbo
2631 1442 3015 1499 exsistentiam
3051 1438 3267 1494 habuit.
3301 1437 3604 1505 Quocirca,

335 1518 484 1586 quod
511 1528 852 1590 assumptum
892 1521 993 1575 fuit
1016 1530 1204 1590 suapte
1231 1523 1450 1591 quidem
1487 1533 1688 1585 natura,
1720 1524 2022 1582 humanum
2057 1538 2170 1593 est,
2207 1529 2300 1585 Dei
2356 1539 2534 1588 autem
2563 1542 2618 1589 et
2651 1531 2897 1588 divinum
2935 1526 3342 1600 supernaturali
3369 1527 3603 1596 quodam

340 1609 526 1664 modo.
563 1611 702 1678 Quin
735 1614 988 1668 animata:
1043 1614 1264 1684 quidem
1301 1615 1483 1672 carnis
1518 1617 1883 1688 proprietates
1921 1619 2150 1678 habuit:
2189 1638 2286 1682 eas
2313 1627 2460 1682 enim
2487 1626 2914 1700 dispensationis
2962 1639 3076 1682 suae
3110 1623 3328 1680 ratione
3371 1620 3607 1678 Verbum

337 1704 606 1776 suscepit,
636 1722 756 1778 quae
785 1709 1086 1764 secundum
1123 1712 1384 1766 naturalis
1416 1721 1594 1769 motus
1619 1714 1866 1770 ordinem
1897 1730 2022 1772 vere
2057 1721 2335 1778 naturales
2368 1735 2516 1779 sunt.

675 1883 791 1941 Τοῦ
821 1887 1030 1941 αὑτοῦ.
1066 1886 1412 1957 Κεφάλαιον
1441 1905 1528 1953 πς
1554 1928 1568 1944 .

414 2037 752 2109 Προκόπτειν
770 2041 990 2109 λέγεται
1017 2041 1203 2114 σοφία,
1221 2044 1316 2098 καὶ
1340 2043 1554 2115 ἡλικίᾳ,
1581 2043 1676 2098 καὶ
1704 2043 1916 2114 χάριτι*

332 2133 406 2200 τῇ
444 2131 544 2200 μὲν
581 2131 770 2204 ἡλικίᾳ
805 2132 1008 2200 αΰξων,
1036 2135 1126 2189 διὰ
1148 2135 1207 2188 δὲ
1227 2137 1328 2207 τῆς
1358 2136 1645 2207 αὐξήσεως
1673 2136 1776 2208 τῆς
1799 2137 1919 2206 ἠλι-

344 2222 476 2285 κίας
509 2223 607 2290 τὴν
637 2224 1050 2296 ἐνυπάρχουσαν
1077 2224 1228 2298 αὑτῷ
1261 2227 1456 2297 σοφίαν
1486 2230 1568 2291 εἰς
1599 2229 1918 2298 φανέρωσιν

335 2315 522 2381 ὁὶγων⁸
554 2315 635 2370 ἔτι
685 2316 746 2370 δὲ
812 2318 912 2389 τὴν
961 2335 1074 2372 των
1123 2318 1434 2390 ἀνθρώπων
1490 2322 1549 2374 ἐν
1590 2319 1756 2390 σοφίᾳ
1820 2324 1916 2377 καὶ

332 2409 527 2476 χάριτι
552 2409 862 2480 προκοπὴν,
889 2410 985 2464 καὶ
1023 2412 1123 2481 τὴν
1143 2412 1430 2466 τελείωσιν
1454 2415 1554 2484 τῆς
1576 2413 1672 2467 τοῦ
1697 2414 1918 2484 Πατρδς

335 2498 615 2566 εὐδοκίας,
637 2501 813 2572 ἧγουν
841 2501 939 2574 τὴν
970 2501 1081 2557 τῶν
1112 2503 1423 2575 ἀνθρώπων
1475 2505 1808 2575 θεογνωσίαν
1858 2525 1918 2560 τε

343 2591 442 2642 καὶ
470 2593 770 2664 σωτηρίαν,
835 2594 1045 2649 οἰκείαν
1086 2595 1375 2667 προκοπὴν
1432 2597 1794 2668 ποιούμενος,
1824 2602 1919 2654 καὶ

339 2682 718 2754 οἰκειούμενος
759 2685 1039 2757 πανταχοῦ
1088 2687 1150 2740 τὸ
1197 2687 1496 2759 ἡμέτερον.
1538 2689 1602 2743 Οἰ
1633 2688 1688 2742 δὲ
1714 2690 1918 2761 προκὸο

344 2791 506 2828 πτειν
532 2775 698 2829 αὑτὸν
721 2777 973 2844 λέγοντες
997 2777 1185 2848 σοφία,
1222 2779 1319 2834 καὶ
1353 2780 1542 2851 χάριτι
1569 2778 1645 2844 ὡς
1673 2781 1918 2853 προσθή-

342 2886 453 2938 κην
494 2869 700 2922 τούτων
755 2870 1069 2941 δεχόμενον,
1105 2871 1388 2944 Νεστορίῳ
1430 2874 1510 2946 τῷ
1553 2875 1920 2945 ματαιόφρονι

339 2960 688 3030 πειθόμενοι,
743 2963 1005 3033 σχετικὴν
1058 2962 1256 3018 ἕνωσιν
1291 2967 1383 3018 καὶ
1412 2965 1578 3036 ψιλὴν
1641 2967 1921 3038 ἐνοίκησιν

333 3052 756 3122 τερατεύονται,
793 3054 868 3126 μὴ
891 3054 1258 3124 γινώσκοντες
1285 3059 1425 3129 μήτε
1450 3057 1486 3113 ἃ
1509 3059 1752 3129 λέγουσι,
1783 3061 1920 3130 μήτε

2565 1899 2840 1971 Ejusdem.
2864 1901 2998 1972 Cap.
3029 1900 3117 1957 86.

2091 2056 2366 2115 Proﬂcere
2413 2059 2611 2115 dicitur
2646 2059 2939 2130 sapientia,
2990 2070 3046 2115 et
3086 2065 3268 2124 aetate,
3310 2063 3365 2114 et
3392 2055 3602 2127 gratia;

2022 2152 2181 2202 aetate
2253 2148 2467 2217 quidem
2554 2161 2844 2215 crescens,
2916 2155 2972 2203 et
3051 2161 3148 2217 per
3214 2146 3606 2201 incrementum

2021 2240 2222 2305 aetatis,
2252 2238 2593 2308 sapientiam,
2653 2254 2775 2308 quae
2828 2239 2930 2310 ipsi
2985 2239 3181 2304 inerat,
3251 2237 3303 2291 in
3367 2244 3610 2304 apemtum

2023 2330 2340 2401 proferens;
2372 2341 2638 2400 przeterea
2663 2331 2943 2386 hominum
2981 2330 3034 2384 in
3067 2329 3332 2399 sapientia
3363 2337 3416 2381 et
3438 2326 3610 2397 gratia

2023 2436 2393 2493 progressum,
2426 2431 2479 2478 et
2516 2423 2672 2478 boum
2733 2419 2911 2478 Patris
2964 2419 3258 2477 voluntatis
3322 2418 3612 2487 perfectio-

2021 2529 2169 2580 nem,
2198 2527 2293 2569 seu
2331 2513 2614 2569 hominum
2670 2516 2740 2567 de
2785 2511 2946 2566 rebus
2994 2510 3194 2566 divinis
3247 2507 3610 2580 cognitionem

2023 2613 2078 2660 et
2107 2603 2357 2671 salutem,
2422 2604 2701 2674 proprium
2736 2599 3038 2673 profectum
3094 2598 3320 2664 faciens,
3356 2605 3412 2651 et
3465 2594 3611 2665 quod

2023 2703 2267 2748 nostrum
2309 2702 2412 2756 est,
2453 2708 2609 2748 suum
2643 2693 2803 2763 plane
2845 2689 3096 2745 reddens.
3133 2688 3234 2755 Qui
3265 2702 3392 2742 vero
3436 2687 3610 2754 ipstnn

2024 2786 2288 2855 sapientia
2313 2794 2366 2842 et
2408 2786 2581 2855 gratia
2617 2786 2691 2838 ita
2741 2783 2927 2838 dicunt
2955 2780 3284 2852 profecisse,
3319 2788 3378 2832 ut
3423 2791 3609 2832 earum

2026 2887 2315 2948 augmenta
2344 2877 2663 2945 susceperit,
2692 2876 2726 2930 ii
2749 2873 3060 2929 Nestorium
3083 2873 3251 2926 stulte
3280 2871 3606 2924 sentientem

2023 2972 2216 3037 secuti,
2243 2972 2496 3026 unionem
2521 2969 2816 3041 quamdam
2843 2964 3150 3022 secundum
3175 2962 3527 3018 affectionem
3554 2967 3612 3012 et

2024 3071 2338 3134 respectum
2361 3072 2415 3118 et
2433 3063 2627 3118 nudam
2648 3060 3035 3116 habitationem
3054 3053 3366 3127 prodigiose
3379 3053 3610 3121 lingunt,

339 3145 480 3213 περὶ.
505 3145 670 3198 τίνων
700 3146 1164 3207 διαϐεϐαιοῦνται.
1211 3151 1272 3202 Εἰ
1307 3150 1417 3221 γάρ
1470 3150 1693 3221 άληθῶς
1732 3150 1919 3223 moon

2028 3169 2128 3209 nec
2145 3169 2266 3223 qua:
2298 3153 2502 3219 dicant,
2525 3168 2623 3208 nec
2657 3153 2723 3207 de
2746 3151 2945 3222 quibus
2975 3147 3264 3212 aﬂlrment,
3286 3156 3612 3215 cognoscen-

338 3233 426 3303 τῷ
453 3233 570 3304 Θεῷ
595 3235 757 3304 Λόγῳ
783 3238 817 3306 ἡ
845 3237 982 3305 σὰρξ
1008 3236 1068 3302 ἐξ
1097 3238 1272 3307 ἄκρας
1300 3238 1610 3308 ὑπάρξεως,
1637 3238 1840 3309 μᾶλλον
1861 3238 1920 3291 δὲ

2030 3249 2167 3302 tcs‘.
2201 3245 2336 3300 Nam
2374 3245 2421 3301 si
2447 3259 2577 3300 caro
2600 3259 2726 3300 vere
2751 3244 3040 3314 conjuncta
3073 3249 3156 3296 est
3196 3236 3395 3301 Verbo,
3449 3231 3611 3290 simul

337 3331 406 3382 ὲν
439 3328 589 3399 αὑτῷ
623 3329 861 3400 ὑπῆρξε,
899 3330 997 3384 καὶ
1028 3330 1128 3401 τὴν
1163 3332 1538 3399 ὑποστατικὴν
1590 3331 1728 3402 πρὸς
1759 3331 1922 3384 αὐτὸν

2027 3348 2191 3408 atque
2241 3353 2363 3393 esse
2400 3337 2590 3406 coepit,
2630 3347 2684 3391 et
2717 3337 2962 3392 eamdem
2991 3350 3110 3389 cum
3143 3334 3258 3403 ipso
3292 3333 3346 3386 in
3380 3344 3610 3400 persona

335 3423 469 3491 ἔσχε
493 3421 822 3492 ταυτότητά,
851 3423 969 3486 πῶς
989 3423 1049 3476 οὐ
1067 3424 1287 3489 τελείως
1303 3425 1715 3496 κατεπλούτησε
1741 3424 1923 3480 πᾶσαν

2027 3430 2321 3485 essentiam
2357 3427 2564 3497 habuit,
2600 3428 2691 3498 qui
2729 3427 2842 3482 ﬁeri
2879 3425 3078 3496 potuit,
3116 3433 3174 3480 ut
3217 3424 3456 3496 perfecte
3483 3425 3616 3480 cun-

335 3512 537 3579 σοφίαν
554 3513 648 3566 καὶ
671 3513 831 3584 χάριν
857 3529 872 3581 ;

685 3692 795 3746 Τοῦ
833 3693 1038 3748 αὐτοῦ.
1087 3695 1426 3764 Κεφάλαιον
1475 3698 1581 3768 ιιη⁸.

429 3862 842 3934 Ἀναμάρτητος
896 3866 973 3919 ὣν
1010 3867 1038 3919 ὁ
1095 3869 1302 3939 Κύριος
1342 3871 1502 3940 ἡμῶν
1550 3873 1762 3942 Ἰησοῦς
1793 3877 1928 3950 Χρι-

341 3953 497 4021 στὸς,
561 3956 842 4024 ἁμαρτίαν
898 3960 1007 4028 γὰρ
1041 3961 1144 4013 οὐκ
1204 3962 1464 4032 ἐποίησεν
1520 3967 1548 4016 ὁ
1603 3967 1778 4036 αἴρων
1830 3968 1926 4022 τοῦ

336 4047 558 4116 κόσμου
581 4047 680 4115 τὴν
703 4049 1006 4119 ἁμαρτίαν,
1037 4052 1158 4106 οὐδὲ
1186 4054 1383 4124 εὑρέθη
1419 4055 1572 4119 δόλος
1610 4059 1669 4110 ὲν
1697 4059 1775 4129 τῷ
1803 4063 1930 4115 m-

345 4138 699 4205 ματιαὺτοῦ,
751 4140 850 4210 οὐχ
901 4142 1163 4197 ὑπέκειτο
1216 4144 1455 4214 θανάτῳ,
1511 4146 1673 4219 είπερ
1709 4149 1796 4204 διὰ
1828 4151 1930 4220 τῆς

341 4230 626 4299 ἁμαρτίας
656 4234 734 4294 εἰς
758 4233 850 4285 τὸν
891 4234 1093 4304 κόσμον
1119 4235 1370 4306 εἰσῆλθεν
1407 4240 1434 4292 ὀ
1473 4238 1726 4304 θάνατος.
1785 4243 1930 4315 Θνή-

344 4337 474 4373 σκει
511 4323 714 4389 τοίνυν,
739 4325 831 4378 τὸν
856 4327 997 4396 ὑπὲρ
1035 4329 1193 4399 ἡμῶν
1223 4330 1622 4401 ἀναδεχόμενος
1665 4334 1918 4400 θάνατον,

342 4416 445 4466 καὶ
472 4413 669 4469 ἑαυτὸν
690 4416 768 4487 τῷ
803 4420 981 4488 Πατρὶ
1005 4423 1306 4492 προσφέρει
1337 4423 1533 4479 Θυσίαν
1573 4426 1718 4498 ὑπὲρ
1747 4429 1925 4498 ἡμῶν.

343 4509 507 4577 Αὐτῷ
565 4511 674 4581 γὰρ
735 4515 1325 4587 πεπλημμελήκαμεν,
1371 4521 1468 4574 καὶ
1512 4521 1678 4575 αὐτὸν
1709 4522 1818 4577 ἔδει
1866 4524 1926 4578 τδ

342 4601 494 4670 ὑπὲρ
521 4603 682 4672 ἡμῶν
724 4603 920 4674 λύτρον
967 4607 1244 4677 δέξασθαι,
1296 4612 1391 4665 καὶ
1423 4611 1597 4676 οὕτως
1647 4616 1798 4685 ἡμᾶς
1833 4617 1926 4669 λυ-

345 4691 514 4762 θῆναι
545 4696 644 4762 τῆς
671 4698 1102 4770 ἷκατακρίσεως.
1172 4702 1315 4755 Ἀλλ’
1345 4705 1394 4757 εἰ
1430 4705 1524 4758 καὶ
1557 4706 1816 4777 τέθνηκεν
1837 4708 1928 4778 ζὼς

343 4783 662 4854 ἅνθρωπος,
708 4791 804 4842 καὶ
852 4791 886 4858 ὴ
931 4790 1063 4859 ἁγία
1126 4795 1295 4847 αὑτοῦ
1343 4797 1489 4867 ψυχὴ
1537 4796 1765 4870 διῃρέθη
1831 4801 1927 4853 τοῦ

343 4878 628 4948 ἀχράντου
661 4879 940 4951 σώματος,
975 4884 1092 4937 ἀλλ’
1120 4887 1153 4956 ἡ
1182 4885 1376 4958 θεότης
1403 4889 1708 4960 ἀχώριστος
1745 4893 1928 4963 ἀμφο-

341 4968 526 5036 τέρων
555 4969 814 5040 διέμεινε,
844 4974 942 5042 τῆς
969 4992 1030 5027 τε
1058 4975 1260 5047 ψυχῆς,
1289 4996 1362 5050 φη
1373 4979 1455 5046 μὶ,
1483 4980 1578 5033 καὶ
1608 4979 1706 5033 τοῦ
1745 4981 1931 5052 σώμα-

341 5075 466 5122 τος.
521 5061 631 5115 Καὶ
659 5062 772 5116 οὐδ’
798 5063 1031 5137 οὖτωςή
1080 5067 1182 5136 μία
1217 5069 1518 5134 ὑπόστασις
1569 5072 1649 5135 εἰς
1677 5071 1773 5126 δύο
1799 5073 1931 5127 ὑπο-

345 5149 574 5214 στάσεις
602 5153 876 5225 διῄρηται.
905 5158 978 5211 Τό
1009 5175 1068 5211 τε
1098 5162 1207 5232 γὰρ
1237 5161 1395 5230 σῶμα
1423 5164 1518 5223 καὶ
1545 5164 1578 5232 ἡ
1605 5162 1753 5235 ψυχὴ
1785 5165 1930 5218 κατὰ

344 5242 554 5294 ταυτὸν
585 5245 644 5310 ἐξ
675 5248 854 5318 ἀρχῆς
891 5251 950 5302 ἐν
978 5252 1042 5322 τῇ
1081 5252 1174 5305 τοῦ
1206 5251 1382 5319 Λόγου
1411 5253 1710 5308 ὑποστάσει
1738 5255 1932 5325 ἔχοντα

341 5333 449 5402 τὴν
481 5332 740 5404 ὓπαρξιν,
769 5341 864 5394 καὶ
896 5344 955 5397 ὲν
979 5344 1058 5412 τῷ
1078 5343 1298 5416 θανάτῳ
1318 5344 1564 5416 ἀλλήλων
1587 5346 1936 5418 διαιρεθέντα

343 5423 540 5492 ἔμεινε
575 5426 674 5496 τὴν
697 5430 828 5500 μίαν
854 5431 951 5486 τοῦ
984 5434 1159 5502 Λόγου
1203 5435 1508 5491 ὑπόστασιν
1563 5435 1786 5509 ἔχοντα,
1840 5441 1936 5495 καὶ

343 5514 682 5584 ἁδιαιρέτως
702 5521 959 5593 ἡνωμένα
991 5525 1166 5594 αὐτῷ.
1360 5542 1390 5560 ί

430 5791 446 5824 ι
475 5787 660 5848 l'l‘im.
687 5808 724 5862 I,
761 5792 813 5852 7.
890 5796 958 5852 Ἰ
998 5795 1146 5854 Petr.
1184 5813 1247 5868 tt,
1273 5797 1363 5855 22.

2026 3531 2141 3578 etas
2173 3522 2452 3592 sapientiae
2481 3531 2532 3578 et
2563 3522 2750 3593 gratia:
2776 3521 2997 3576 divitias
3030 3533 3140 3576 non
3183 3517 3481 3575 habuerit?

2531 3705 2807 3776 Ejusdem.
2845 3703 2979 3775 Cap.
3013 3705 3099 3759 98.

2100 3882 2234 3934 Cum
2279 3879 2397 3935 sine
2449 3889 2672 3948 peccato
2722 3887 2869 3933 esset
2915 3876 3172 3932 Dominus
3225 3884 3410 3932 noster
3461 3874 3618 3932 Jesus

2029 3973 2294 4035 Christus,
2344 3978 2622 4038 peccatum
2657 3969 2800 4023 enim
2860 3984 2968 4022 non
3028 3969 3176 4033 fecit,
3243 3967 3339 4038 qui
3400 3967 3617 4022 sustulit

2031 4073 2312 4134 peccatum
2353 4061 2562 4125 mundi,
2614 4076 2715 4116 nec
2777 4061 3026 4116 inventus
3071 4071 3156 4115 est
3213 4061 3365 4115 dolus
3415 4061 3468 4113 in
3522 4074 3618 4114 ore

2032 4156 2218 4226 ejus”,
2275 4153 2438 4210 morti
2501 4169 2607 4208 non
2662 4154 2762 4208 fuit
2818 4153 3104 4207 obnoxius.
3188 4151 3469 4222 Siquidem
3525 4167 3619 4220 per

2035 4255 2316 4316 peccatum
2361 4245 2414 4298 in
2469 4244 2725 4298 mundum
2769 4259 2913 4299 mors
2946 4242 3205 4299 introivit.
3259 4243 3499 4298 Mortuus
3537 4254 3620 4299 est

2034 4336 2222 4406 igitur,
2283 4344 2512 4390 mortem
2570 4349 2668 4404 pro
2725 4334 2879 4389 nobis
2929 4335 3168 4400 subiens,
3216 4345 3270 4390 et
3319 4349 3379 4390 se
3437 4335 3616 4404 ipsum

2038 4425 2180 4481 Patri
2238 4440 2334 4496 pro
2391 4425 2545 4480 nobis
2596 4425 2829 4480 hostiam
2900 4423 3118 4479 obtulit.
3197 4424 3306 4479 Nos
3349 4425 3495 4479 enim
3565 4424 3618 4478 in

2031 4533 2153 4575 eum
2187 4530 2626 4586 peccaveramus,
2660 4524 2715 4571 et
2759 4516 2935 4586 ipsum
2977 4516 3266 4585 oportebat
3318 4531 3416 4586 pro
3467 4514 3622 4570 nobis

2027 4613 2262 4682 pretium
2323 4610 2596 4679 accipere,
2649 4618 2812 4678 atque
2881 4607 2956 4661 ita
3019 4623 3118 4663 nos
3166 4607 3624 4663 condemnatione

2026 4703 2268 4760 liberari.
2323 4701 2478 4768 Quod
2539 4701 2586 4756 si
2652 4709 2896 4757 mortuus
2951 4709 3038 4756 est
3095 4700 3261 4756 etiam
3321 4708 3380 4753 ut
3428 4698 3618 4764 homo,

2029 4806 2084 4853 et
2148 4804 2334 4852 sancta
2393 4794 2567 4865 ipsius
2641 4794 2820 4847 anima
2873 4792 2942 4846 ab
2995 4790 3344 4847 immaculato
3392 4804 3622 4860 corpore

2030 4898 2282 4957 separata
2344 4896 2448 4952 est,
2487 4885 2745 4940 divinitas
2801 4893 3036 4938 tamena
3083 4891 3277 4938 neutro
3335 4882 3617 4948 discessit,

2037 4994 2138 5033 nec
2173 4980 2241 5032 ab
2279 4977 2481 5040 anima,
2533 4989 2631 5028 nec
2677 4989 2706 5027 a
2769 4987 3020 5044 corpore.
3087 4971 3270 5045 Neque
3335 4983 3621 5045 propterea

2038 5084 2266 5138 persona
2320 5081 2425 5121 una
2489 5066 2541 5120 in
2601 5068 2740 5120 duas
2809 5064 2979 5125 divisa
3037 5075 3140 5121 est.
3211 5065 3348 5121 Nam
3421 5080 3623 5136 corpus

2033 5171 2087 5216 et
2154 5160 2357 5223 anima,
2414 5173 2535 5228 qua:
2609 5156 2802 5212 eodem
2859 5166 3104 5228 tempore
3155 5174 3184 5214 a
3248 5159 3516 5229 principio
3567 5155 3623 5213 in

2034 5252 2195 5309 Verbi
2255 5265 2486 5321 persona
2567 5248 2860 5304 essentiam
2949 5251 3284 5317 habuerunt,
3368 5249 3498 5306 licet
3567 5248 3622 5302 in

2035 5353 2210 5400 morte
2267 5343 2512 5412 sejuncta
2551 5341 2773 5408 fuerint,
2831 5357 2991 5398 unam
3050 5355 3228 5398 tamen
3286 5341 3447 5399 Verbi
3496 5355 3623 5410 per-

2037 5451 2224 5492 sonam
2258 5433 2514 5490 habentia
2553 5443 2610 5491 et
2674 5434 2793 5491 sine
2831 5434 3259 5492 divisiouecum
3311 5434 3430 5505 ipso
3489 5445 3624 5488 con-

2035 5531 2223 5600 juncta
2255 5539 2700 5600 permanserunt.
