4094 6300
333 410 479 481 1013

1270 422 1652 486 PANOPLIA
1695 417 2159 484 DOGMATICA.
2199 443 2271 459 --
2305 422 2455 488 TlT.
2498 424 2650 488 XVI.

3467 418 3603 488 10M

328 530 532 588 τοῦτον
550 532 875 608 εὑρίσκεται
904 534 967 591 sb
1020 535 1302 608 διάφορον,
1345 537 1444 592 τοῦ
1476 539 1574 609 μὲν
1631 538 1713 601 είς
1770 535 1914 597 τέλος

2030 538 2122 592 ubi
2149 547 2300 595 tanta
2329 539 2630 597 differentia
2668 540 2958 612 reperitur,
2997 520 3055 597 ut
3096 554 3239 599 unus
3271 542 3489 614 quidem
3536 546 3602 598 ad

326 623 477 680 οὕτω
507 627 763 698 μένοντος
800 630 878 694 ὡς
917 631 1185 698 πεφυκὼς
1218 632 1279 699 ἐξ
1332 632 1506 687 ἀϊδίου
1564 628 1913 695 πιστεύεται,

327 718 429 771 τοῦ
458 717 516 772 δέ
545 721 610 790 τῇ
638 720 888 775 συνθέσει
924 722 1028 793 τῆς
1075 723 1279 794 σαρκὸς
1331 726 1435 794 τὴν
1462 724 1674 776 οἰκείαν
1719 720 1914 776 οὐσίαν

328 810 697 881 κεράσαντος,
734 813 768 883 ἢ
817 814 1182 885 αὐξήσαντος,
1241 815 1275 886 ἢ
1336 816 1481 870 κατὰ
1542 815 1808 885 σύγχυσιν
1833 814 1913 876 είς

330 899 466 954 ἄλλο
499 902 945 971 μεταπεσόντοςε
1000 904 1127 970 Πῶς
1161 908 1192 961 ό
1222 907 1416 961 τοῦτον
1443 907 1660 977 βλέπων
1703 907 1914 960 ἐκεῖνον

332 991 552 1061 βλέπει,
590 995 752 1066 εἴπερ
790 996 1010 1067 Πατρὶς
1048 999 1149 1068 μὲν
1179 1000 1370 1054 οὐσίαν
1420 1000 1572 1065 δηλοῖ
1603 1003 1763 1070 μόνον
1797 998 1916 1053 θεό-

328 1098 457 1150 της,
514 1084 650 1137 Υίοῦ
708 1085 767 1139 δὲ
820 1086 1014 1160 θεότης
1074 1090 1170 1145 καὶ
1227 1091 1610 1162 άνθρωπότης,
1664 1092 1723 1147 ἓν
1767 1111 1819 1147 τι
1845 1095 1911 1165 τῇ

331 1174 499 1243 φύσει
546 1177 837 1249 γενόμενα,
868 1180 960 1234 καὶ
1004 1182 1221 1253 Πατρός
1258 1184 1356 1253 μὲν
1410 1184 1566 1238 οὐσία
1598 1186 1764 1257 μέρος
1815 1187 1915 1239 οὐκ

331 1266 452 1335 ἔχει
472 1267 532 1320 sb
558 1269 792 1341 πάσχον,
821 1272 917 1326 τοῦ
940 1273 1119 1341 Λόγου
1152 1274 1210 1328 δὲ
1250 1276 1283 1346 ή
1309 1277 1473 1346 φύσις
1500 1278 1579 1348 τῷ
1609 1280 1769 1349 μέρει
1815 1280 1915 1350 τῆς

335 1361 544 1430 σαρκὸς
566 1361 837 1432 ὑπομένει
862 1365 925 1419 sb
957 1364 1163 1434 πάθοςς
1201 1368 1267 1422 Τί
1297 1369 1397 1438 τῆς
1423 1371 1747 1435 δυσσεϐείας
1783 1371 1915 1426 ταύ-

333 1470 441 1522 της
469 1456 860 1528 ἀνοσιώτερον,
897 1458 1030 1530 μίαν
1080 1462 1181 1533 μὲν
1209 1461 1391 1533 λέγειν
1433 1465 1644 1530 οὐσίαν,
1692 1467 1914 1536 τέμνειν

331 1544 395 1598 δὲ
424 1545 632 1619 ταύτην
678 1551 761 1614 είς
787 1553 1011 1606 ποικίλα
1059 1570 1123 1608 τε
1154 1555 1253 1609 καὶ
1300 1556 1562 1628 διάφορα,
1592 1559 1687 1612 καὶ
1725 1559 1916 1630 φέρειν

333 1638 526 1705 φωνὰς
584 1641 672 1710 ἐφ’
728 1642 891 1715 ὕϐρει
952 1648 1053 1715 μὲν
1096 1645 1427 1719 λεγομένας,
1467 1652 1918 1722 συναρμοσθῆναι

332 1729 397 1784 δι
418 1732 489 1802 τῇ
523 1733 783 1790 ὑποθέσει
840 1738 917 1807 μὴ
946 1736 1298 1808 δυναμίναςς
1336 1741 1399 1796 El
1450 1743 1527 1814 μὴ
1565 1744 1784 1808 τελείας
1816 1745 1918 1813 φύ-

336 1835 479 1884 σεως
508 1823 570 1876 sb
617 1824 853 1891 ἀπαθὲς,
887 1828 984 1882 καὶ
1019 1830 1237 1896 τελείας
1274 1833 1493 1902 φύσεως
1537 1834 1600 1888 sb
1642 1834 1913 1906 παθητὸν,

2026 630 2186 735 finem
2236 648 2405 704 usque
2435 635 2719 700 manserit,
2761 634 2936 706 qualis
2970 635 3041 691 ab
3101 635 3250 691 omni
3301 621 3660 735 aeternitate:

2026 723 2270 780 creditur
2295 726 2499 791 fuisse,
2532 726 2672 783 alter
2730 737 2912 786 autem
2970 730 3153 785 carnis
3203 729 3605 800 compositione
3642 723 3655 797 ξ

2024 818 2309 886 propriam
2344 822 2637 875 essentiam
2692 821 2995 885 miscuerit,
3052 830 3147 876 aut
3211 821 3446 886 auxerit,
3514 807 3657 877 ant.

2024 923 2124 978 per
2144 910 2522 968 confusionem
2544 913 2603 968 in
2630 912 2775 970 aliud
2795 913 3181 971 commutarit?
3209 904 3493 982 Quomodo
3515 916 3606 985 qui

2027 1005 2170 1061 hunc
2198 1006 2365 1070 videt.
2388 1007 2534 1063 videt
2556 1006 2727 1072 illum,
2769 1007 2814 1063 si
2836 1007 3016 1063 Patris
3045 1008 3259 1073 quidem
3314 1009 3605 1064 essentiam

2025 1095 2285 1152 divinitas
2330 1097 2595 1154 duntaxat
2625 1097 2852 1164 indicat,
2891 1095 3013 1155 Filii
3040 1110 3171 1156 vero
3243 1100 3504 1156 divinitas
3549 1110 3605 1154 et

2028 1190 2357 1255 humanitas,
2393 1206 2515 1263 qua:
2537 1207 2705 1248 unum
2763 1193 3025 1264 quiddam
3086 1204 3276 1248 natura
3311 1192 3485 1249 sunt?
3539 1192 3608 1248 Et

2024 1281 2203 1339 Patris
2232 1284 2448 1353 quidem
2477 1288 2716 1342 essentia
2745 1296 2955 1357 partem
2992 1296 3097 1341 non
3133 1287 3316 1353 habet,
3347 1302 3468 1357 qum
3510 1300 3610 1357 pa-

2025 1377 2233 1440 tiatur;
2277 1372 2441 1431 Verbi
2476 1386 2657 1432 antem
2691 1387 2889 1433 natura
2924 1380 3110 1434 carnis
3141 1388 3350 1449 partem
3413 1378 3602 1443 habet,

2024 1481 2143 1535 qtm
2176 1469 2438 1538 patiatur.
2488 1468 2628 1537 Quid
2656 1470 2756 1526 ista
2785 1471 3066 1541 impietate
3099 1470 3270 1543 magis
3304 1468 3598 1540 nefarium,

2024 1574 2189 1614 unam
2224 1560 2514 1616 essentiam
2556 1564 2760 1623 dicere.
2797 1572 2848 1619 et
2878 1563 3017 1619 hanc
3072 1564 3123 1619 in
3179 1572 3367 1635 partes
3417 1578 3607 1619 secare

2026 1653 2206 1707 varias
2234 1658 2289 1707 et
2321 1651 2652 1715 differentes.
2682 1667 2734 1710 et
2760 1670 2923 1711 voces
2961 1656 3140 1712 dicere
3162 1655 3603 1722 contumeliosas,

2026 1760 2144 1813 qua:
2168 1746 2245 1801 rel
2273 1747 2564 1816 proposita:
2592 1748 2989 1803 accommodari
3017 1756 3319 1819 nequeunt,
3350 1748 3451 1803 nisi
3484 1763 3608 1817 per-

2028 1837 2182 1891 fectae
2222 1840 2429 1892 natura
2451 1853 2579 1908 pars
2610 1838 2873 1907 patihilis,
2898 1846 2953 1895 et
2996 1854 3126 1910 pars
3151 1841 3222 1895 sit
3257 1839 3605 1907 impatihilis;

334 1912 433 1965 καὶ
462 1914 628 1985 μέρος
653 1917 873 1988 πάσχει,
893 1922 989 1976 καὶ
1004 1921 1171 1995 μέρος
1182 1924 1245 1978 οὐ
1270 1897 1493 1996 πάσχει,
1520 1926 1616 1982 καὶ
1636 1926 1698 1981 τὸ
1716 1897 1814 1998 μιν
1828 1897 1914 1999 ζῇ,

2022 1933 2075 1980 et
2104 1939 2227 1994 pars
2262 1897 2522 1997 patiatur.
2556 1942 2682 1998 pars
2711 1940 2893 1984 autem
2927 1897 3034 1986 non
3068 1930 3335 1999 patiatur;
3378 1939 3431 1985 et
3479 1944 3606 2000 pars

331 2004 399 2058 sb
428 2004 485 2059 δὲ
519 2006 809 2079 τέθνηκεν,
849 2011 1222 2086 ἐλεεινότερον
1240 2016 1355 2087 ἄρα
1374 2017 1437 2071 sb
1462 2017 1576 2082 ζῶν
1602 2018 1703 2081 τὰς
1736 2019 1799 2071 ἐκ
1820 2017 1914 2073 τοῦ

331 2098 664 2170 τεθνηκότος
691 2102 883 2169 ὀδύνας
913 2106 972 2159 ἐν
999 2106 1251 2179 αἰσθήσει
1305 2110 1718 2181 καρπούμενον,
1753 2111 1917 2181 εἴπερ

336 2191 438 2260 τῆς
494 2195 625 2260 μιᾶς
686 2195 875 2261 οὐσίας
900 2197 1019 2268 ἅμα
1059 2200 1122 2254 τὸ
1179 2200 1461 2267 τεθνάναι,
1523 2201 1726 2257 καὶτὸ
1788 2204 1913 2276 ζῇν.

348 2285 492 2338 Ἀλλ’
511 2287 694 2356 ἄπαγε
730 2290 830 2360 τῆς
870 2291 1143 2364 τοσαύτης
1191 2294 1553 2363 κενοφωνίας.
1615 2292 1758 2351 Οὔτε
1820 2296 1919 2366 pe.

335 2396 433 2448 ρος
497 2380 763 2450 ἀμεροῦς,
806 2383 900 2437 καὶ
966 2384 1149 2455 ἁπλῆς
1199 2384 1419 2455 φύσεως
1464 2388 1913 2459 παρειλήφαμεν,

331 2470 459 2522 οὐτε
511 2473 665 2543 μέρει
725 2474 826 2545 μὲν
867 2479 1121 2548 πάσχειν,
1156 2479 1318 2551 μέρει
1375 2480 1433 2534 δὲ
1461 2482 1537 2553 μὴ
1579 2485 1810 2555 πάσχειν
1857 2483 1920 2537 sb

333 2565 549 2630 ὀπαυὲς
621 2567 1006 2640 ἐδιδάχθημεν,
1086 2569 1214 2625 οὐτε
1310 2573 1443 2642 μιᾶς
1511 2572 1703 2636 οὐσίας
1786 2573 1917 2644 ὅρον

333 2657 433 2709 ἐπὶ
470 2658 590 2721 ταῖς
642 2658 738 2713 δύο
791 2658 1164 2730 γινώσκομεν,
1213 2659 1341 2715 οὔτε
1395 2661 1492 2717 τοῦ
1541 2663 1914 2733 έτεροουσίου,

332 2750 442 2803 κᾶν
490 2752 733 2822 τοῦνομα
786 2752 1151 2823 προσιέμεθα,
1201 2754 1358 2810 ἆτινα
1408 2750 1588 2811 πάντα
1649 2758 1731 2822 είς
1788 2758 1918 2829 μίαν

330 2840 525 2893 οὐσίαν
567 2844 617 2895 οί
654 2842 907 2912 λέγοντες
960 2844 1238 2899 συντελεῖν
1303 2847 1397 2901 τὸν
1449 2846 1621 2916 Λόγον
1670 2850 1768 2902 καὶ
1817 2850 1918 2919 τὴν

330 2933 519 3001 σάρκα
545 2934 961 3002 νομοθετοῦντες
990 2937 1356 3009 εὑρίσκονται.
1404 2938 1529 3002 Πῶς
1585 2934 1678 2993 οὖν
1744 2944 1835 2995 καὶ
1880 2943 1913 3012 ή

330 3027 476 3098 σὰρξ
498 3028 728 3099 ἐλήφθη,
766 3031 861 3083 καὶ
897 3031 926 3084 ό
955 3031 1134 3084 λαόὼν
1161 3032 1261 3086 οὐκ
1310 3031 1606 3103 ἠλλοιώθη,
1652 3035 1815 3100 σώζει
1856 3052 1916 3089 τε

2016 2017 2187 2083 vivat,
2217 2032 2343 2086 pars
2398 2018 2685 2075 intereat?
2712 2020 2884 2090 Magis
2921 2021 3170 2093 profecto
3229 2023 3604 2078 miserandum

2020 2109 2241 2177 animal,
2272 2110 2430 2181 cujus
2459 2112 2659 2168 mortui
2695 2112 2910 2168 dolores
2940 2129 3068 2183 pars
3106 2129 3271 2169 sensu
3319 2114 3605 2186 percipiat,

2019 2201 2286 2272 siquidem
2342 2203 2505 2259 mlius
2543 2206 2793 2260 essentia:
2823 2206 2895 2261 sit
2922 2206 3156 2261 simulet
3179 2206 3401 2263 interire
3435 2217 3490 2262 et
3524 2210 3606 2261 vi-

2017 2304 2168 2347 vere.
2208 2291 2317 2347 Sed
2349 2292 2631 2364 rejiciatur
2676 2292 2791 2349 haec
2825 2295 3006 2350 manis
3038 2295 3305 2350 doctrinm.
3341 2293 3451 2351 Nec
3485 2312 3607 2367 par-

2020 2392 2130 2439 tem
2160 2395 2367 2439 naturae
2408 2386 2693 2455 simplicis,
2717 2395 2773 2441 et
2805 2401 2927 2457 qua:
2955 2386 3120 2442 dividi
3155 2403 3260 2443 non
3288 2397 3484 2457 potest,
3517 2403 3607 2443 ac-

2020 2477 2291 2545 cepimus;
2328 2493 2427 2533 nec
2453 2479 2597 2549 quod
2620 2488 2703 2534 est
2733 2478 3032 2549 impatihile
3051 2489 3203 2550 parte
3226 2481 3443 2550 quidem
3473 2484 3604 2549 pati,

2018 2575 2173 2637 parte
2209 2577 2390 2622 autem
2418 2582 2527 2622 non
2557 2567 2667 2638 pati
2696 2568 3014 2636 didicimus;
3051 2584 3228 2640 neque
3251 2570 3408 2625 unius
3447 2580 3606 2626 natu-

2019 2674 2096 2715 rae
2141 2658 2517 2717 definitionem
2587 2661 2641 2716 in
2699 2662 2911 2719 duabus
2969 2664 3343 2735 agnoscimus,
3433 2681 3607 2736 neque

2019 2750 2289 2813 diversae,
2356 2752 2458 2808 etsi
2529 2765 2725 2808 nomen
2792 2754 3133 2809 admisimus.
3192 2756 3325 2822 Qua:
3383 2758 3603 2826 quidem

2019 2842 2204 2899 omnia
2259 2842 2597 2901 constituere
2652 2845 3159 2914 deprehenduntur,
3219 2848 3312 2918 qui
3370 2846 3602 2904 Verbum

2021 2944 2074 2990 et
2101 2950 2323 2991 carnem
2358 2937 2412 2991 in
2438 2951 2605 2992 unam
2653 2938 2952 2993 essentiam
3014 2941 3334 2996 convenisse
3395 2942 3605 2997 dicunt.

2022 3027 2307 3095 Quomodo
2340 3028 2579 3100 igituret
2622 3044 2751 3085 caro
2774 3040 2987 3100 sumpta
3048 3039 3155 3096 est,
3206 3044 3261 3088 et
3313 3033 3405 3102 qui
3460 3031 3605 3087 illam

331 3120 434 3173 καὶ
465 3122 743 3193 ἡνωμένος
775 3122 949 3195 ταύτῃ
990 3126 1130 3197 πρὸς
1168 3125 1260 3179 τὸν
1292 3125 1485 3179 ἑαυτοῦ
1542 3126 1763 3198 Πατέρα
1821 3128 1914 3199 τὴν

2021 3122 2273 3191 sumpsit,
2309 3136 2416 3177 non
2450 3129 2535 3178 est
2564 3121 2902 3189 immutatus,
2948 3128 3004 3178 et
3034 3124 3126 3193 qui
3181 3138 3304 3179 cum
3337 3122 3425 3178 illa
3471 3138 3606 3179 con-

326 3213 433 3283 τῆς
447 3213 635 3280 οὐσίας
653 3217 990 3288 ταυτότητας
1017 3218 1144 3280 Πῶς
1169 3219 1234 3272 ἐκ
1264 3218 1355 3271 τοῦ
1378 3219 1478 3292 τήν
1508 3222 1688 3291 σάρκα
1710 3222 1915 3290 λαϐεῖν,

331 3306 430 3359 καὶ
450 3308 571 3360 κατ’
590 3309 760 3378 αὐτὴν
775 3311 1133 3380 οίκονομῆσαι
1154 3311 1333 3383 σοφῶς
1360 3329 1419 3367 τε
1452 3313 1548 3367 καὶ
1570 3314 1713 3386 ὑπὲρ
1733 3316 1914 3385 λόγον,

329 3400 433 3453 οὐκ
472 3401 554 3464 είς
584 3400 835 3472 αὔξησιν,
882 3404 916 3475 ἢ
952 3406 1309 3477 μεταποίησιν
1357 3407 1457 3476 τῆς
1519 3407 1653 3473 ίδίας
1704 3410 1914 3475 οὐσίας,

331 3494 450 3546 ἀλλ’
479 3496 558 3558 είς
593 3497 878 3552 κοινωνίαν
906 3497 1006 3567 τῆς
1036 3498 1281 3568 ἐμφύτου
1314 3499 1494 3566 ἀξίας,
1523 3501 1589 3573 ῆν
1621 3504 1654 3572 ή
1686 3502 1785 3571 τῆς
1818 3503 1916 3576 ἀρε

330 3589 502 3658 ῥήτου
571 3590 864 3657 συναφείας
915 3593 1210 3663 είργάσατο
1244 3592 1443 3663 χάριςζ
1504 3593 1667 3648 Ἀλλο
1701 3596 1810 3666 γὰρ
1858 3596 1917 3649 τδ

328 3682 515 3749 λέγειν
537 3682 629 3735 δύο
656 3685 874 3753 φύσεων
896 3686 1116 3739 τελείων
1146 3685 1225 3749 είς
1259 3685 1316 3741 ἓν
1345 3688 1638 3758 πρόσωπον
1671 3688 1912 3755 σύνοδον,

328 3775 427 3827 καὶ
450 3774 579 3829 ἄλλο
612 3776 671 3828 τὸ
699 3777 931 3845 φάσκειν
953 3780 1019 3831 ὲκ
1045 3778 1138 3833 δύο
1172 3780 1357 3849 μερῶν
1386 3780 1514 3849 μίαν
1557 3781 1764 3836 οὐσίαν.
1804 3782 1915 3853 Τῆς

335 3868 439 3934 μὲν
477 3870 585 3939 γὰρ
615 3868 765 3932 θείας
797 3869 983 3932 οὐσίας
1008 3871 1037 3923 ὁ
1058 3869 1215 3938 λόγος
1240 3870 1468 3937 ἁπλοῦς,
1504 3874 1603 3941 τῆς
1631 3871 1689 3926 δὲ
1726 3872 1915 3940 φιλαν-

329 3958 561 4027 θρώπου
590 3961 899 4031 οἰκονομίας
928 3962 989 4014 τὸ
1023 3961 1208 4032 θαῦμα
1238 3960 1478 4015 διπλοῦν.
1516 3961 1653 4016 Οὐτε
1708 3962 1800 4017 οὖν
1855 3965 1916 4018 τὸ

331 4051 541 4104 ἁπλοῦν
561 4052 655 4122 τῆς
683 4052 869 4116 οὐσίας
899 4055 980 4116 είς
1031 4053 1305 4107 ποικιλίαν
1353 4054 1631 4122 τέμνεται,
1685 4055 1809 4108 οὐτε
1857 4057 1917 4108 sb

328 4144 557 4199 διπλοῦν
584 4146 681 4215 τῆς
708 4146 1020 4216 οἰκονομίας
1058 4149 1138 4210 είς
1173 4145 1303 4216 μίαν
1326 4146 1515 4200 οὐσίαν
1539 4148 1915 4218 μεταχωνεύε-

328 4257 443 4292 ται.
478 4237 603 4301 Πῶς
623 4239 731 4308 γὰρ
759 4234 870 4293 οἷόν
895 4256 956 4292 τε
983 4239 1046 4293 sb
1074 4240 1244 4293 ἀΐδιον
1286 4237 1383 4292 καὶ
1414 4240 1476 4292 τὸ
1517 4239 1830 4310 πρόσφατον
1857 4242 1915 4296 ἐν

329 4334 436 4402 μιᾷ
468 4332 790 4399 θεωρεῖσθαι
820 4331 1014 4401 φύσει;
1044 4332 1134 4403 Μὴ
1156 4328 1264 4402 ἆρα
1286 4331 1463 4386 καὶτὸ
1506 4333 1571 4386 ἐκ
1600 4334 1700 4404 τῆς
1747 4334 1912 4390 πλευ-

329 4426 437 4494 ρᾶς
464 4417 601 4493 αἷμα
630 4425 723 4477 καὶ
756 4422 897 4493 ὕδωρ
926 4423 1190 4494 Θεότητος
1215 4424 1395 4490 οὐσία,
1427 4426 1722 4498 κρουνηδὸν
1752 4429 1910 4497 ῥέου-

2016 3215 2239 3286 junctus
2257 3224 2361 3279 est.
2386 3224 2565 3272 servat
2594 3216 2839 3272 eamdem
2858 3218 3145 3273 essentiam
3161 3232 3281 3274 cum
3302 3218 3459 3274 Patre
3474 3218 3610 3275 suo?

2019 3307 2301 3375 Quomodo
2330 3324 2396 3364 ex
2431 3310 2616 3366 carnis
2647 3311 3043 3381 assumptione,
3081 3321 3136 3369 et
3163 3327 3227 3367 ex
3255 3314 3321 3368 iis
3350 3328 3471 3383 quae
3511 3327 3607 3384 per

2018 3401 2188 3469 ipsam
2208 3402 2503 3471 sapienter,
2535 3417 2698 3473 supra
2726 3419 2887 3473 quam
2917 3404 3027 3460 dici
3052 3415 3248 3475 pote-t,
3280 3417 3430 3477 gesta
3455 3415 3606 3470 sum,

2020 3508 2126 3548 non
2160 3496 2226 3550 ad
2256 3495 2674 3559 incrementum,
2699 3504 2790 3549 aut
2823 3500 3177 3551 mutationem
3202 3497 3456 3552 essentia:
3477 3511 3604 3566 pro-

2021 3586 2153 3656 pria:
2190 3586 2457 3656 pervenit,
2496 3586 2590 3641 sed
2630 3586 2695 3640 ad
2733 3585 3287 3641 communicationem
3341 3584 3605 3641 naturalis

2019 3679 2323 3750 dignitatis,
2357 3694 2520 3749 quam
2555 3693 2773 3734 arcanae
2796 3677 3202 3748 coniunctionis
3250 3680 3426 3751 gratia
3480 3694 3604 3749 per-

2020 3773 2191 3828 fecit?
2217 3774 2379 3829 Aiiud
2408 3772 2553 3828 enim
2579 3780 2664 3828 est
2704 3772 2911 3836 dicere,
2945 3772 3085 3827 duas
3110 3781 3335 3830 naturas
3392 3772 3606 3842 perfec-

2021 3876 2103 3921 tas
2130 3867 2183 3920 in
2219 3881 2379 3919 unam
2417 3879 2706 3935 personam
2733 3863 3077 3927 convenisse,
3112 3870 3168 3918 ct
3198 3863 3342 3917 aliud
3380 3877 3446 3918 ex
3476 3863 3607 3917 dua—

2019 3961 2120 4015 bus
2151 3958 2395 4027 partibus
2428 3972 2586 4011 unam
2621 3956 2925 4011 essentiam
2967 3969 3091 4011 esse
3120 3953 3433 4010 conﬂatam.
3464 3952 3599 4009 Nam

2018 4050 2216 4107 divinte
2244 4050 2462 4121 quidem
2495 4048 2751 4104 essentiae
2780 4048 2923 4104 ratio
2950 4048 3175 4116 simplex
3209 4056 3323 4115 est,
3355 4048 3605 4105 humana:

2019 4153 2199 4198 autem
2242 4140 2662 4212 dispensationis
2689 4140 3009 4196 miraculum
3037 4139 3259 4211 duplex.
3293 4143 3475 4207 Quare
3510 4155 3608 4196 nec

2017 4235 2269 4293 essentia:
2300 4232 2622 4304 simplicitas
2651 4233 2705 4288 in
2735 4232 2916 4287 varias
2938 4240 3121 4303 partes
3158 4240 3400 4295 secatur,
3434 4248 3609 4304 neque

2017 4331 2214 4399 duplex
2242 4325 2662 4399 dispensationis
2694 4325 2833 4381 ratio
2856 4326 2909 4381 in
2944 4342 3104 4381 unam
3128 4324 3396 4383 conﬂatur
3423 4340 3609 4381 esset:-

2021 4425 2173 4477 tiam.
2207 4422 2310 4489 Qui
2341 4421 2486 4476 enim
2531 4419 2647 4475 ﬁeri
2682 4431 2878 4490 potest,
2931 4428 2991 4473 ut
3035 4420 3177 4489 quod
3210 4424 3475 4476 aeternum
3518 4430 3600 4475 est

330 4493 405 4567 σα
432 4532 447 4579 ;
475 4515 536 4567 Ei
565 4514 666 4583 τῆς
692 4515 862 4585 αὐτῆς
898 4515 958 4567 sb
998 4493 1224 4586 πάσχειν
1270 4519 1367 4571 καὶ
1420 4493 1482 4571 sb
1531 4493 1630 4590 pq
1651 4493 1906 4592 πάσχειν,

2019 4527 2072 4572 et
2117 4516 2262 4588 quod
2323 4521 2405 4569 est
2443 4526 2637 4567 recens
2666 4511 2719 4566 in
2750 4526 2857 4566 una
2898 4512 3317 4567 considerantur
3354 4520 3551 4567 natura
3581 4514 3603 4567 ?

328 4605 546 4675 ἀνάγκη
571 4605 668 4659 xui.
698 4604 980 4675 θελήματα
1015 4601 1153 4660 εἶναι
1178 4606 1434 4677 διάφορα,
1480 4612 1576 4663 καὶ
1631 4610 1912 4679 ἐνεργείας

331 4698 412 4768 μὴ
450 4698 550 4759 τὰς
574 4696 763 4759 αὐτάς.
827 4696 999 4751 ’Δλλα
1051 4697 1160 4767 γὰρ
1214 4699 1484 4770 προσήκει
1518 4703 1699 4772 μορφῇ
1752 4700 1910 4768 Θεοῦ,

324 4791 427 4842 καὶ
489 4787 623 4841 ἄλλα
680 4790 863 4858 μορφῇ
910 4786 1120 4840 δούλου.
1169 4786 1375 4857 Ἕτερα
1430 4787 1564 4859 ναῷ,
1631 4790 1726 4843 καὶ
1750 4790 1914 4860 ἔτερα

324 4882 408 4952 τῷ
461 4881 759 4937 ἐνοικοῦντι
813 4883 951 4954 Θεῷ.
1022 4881 1220 4935 Στάσιν
1281 4885 1467 4936 τοίνυν
1529 4885 1915 4951 ἐπεισάγουσιν

327 4978 610 5030 ἄπαυστον
634 4977 699 5047 τῇ
731 4978 830 5045 μιᾷ
858 4976 1039 5046 οὐσίᾳ,
1070 4971 1138 5047 ἦς
1186 4976 1249 5029 τὸ
1290 4976 1389 5046 μὲν
1435 4977 1628 5047 ἑτέραν
1660 4977 1916 5051 βούλησιν

331 5069 471 5138 ἔχει,
506 5068 562 5121 sb
589 5067 648 5120 δὲ
679 5068 890 5138 ἑτέραν.
920 5068 983 5120 Εί
1018 5066 1116 5137 μία
1145 5067 1325 5130 οὐσία,
1358 5069 1487 5131 ’πῶς
1544 5070 1714 5138 λέγει,
1744 5074 1827 5125 Οὐ
1862 5072 1919 5125 τί

326 5160 446 5231 ἐγὼ
476 5159 647 5223 θέλω,
669 5159 828 5214 ἀλλὰ
860 5159 915 5212 τί
940 5160 1062 5224 σύ;
1093 5158 1215 5221 Πῶς
1244 5160 1279 5229 ἡ
1311 5159 1448 5231 αὐτή
1478 5161 1593 5215 ἐστι
1628 5164 1721 5215 καὶ¹
1759 5180 1917 5231 ποιη-

327 5260 453 5323 τὴς,
489 5256 586 5310 καὶ
612 5255 823 5326 ποίημα
847 5273 863 5322 ;
890 5255 1016 5317 Πῶς
1038 5258 1072 5326 ή
1107 5255 1247 5326 αὐτὴ
1277 5257 1370 5308 καὶ
1405 5258 1585 5311 πάντα
1633 5254 1743 5311 οἶδε
1786 5260 1918 5329 πρὶν

329 5349 625 5417 γενέσεως,
677 5349 769 5403 καὶ
841 5348 941 5419 τὴν
1010 5348 1248 5419 ἐσχάτην
1331 5350 1545 5421 ἡμέραν
1622 5350 1718 5403 καὶ
1763 5350 1915 5420 ὥραν

327 5443 552 5509 άγνοεῖ;
576 5441 697 5504 Πῶς
727 5444 761 5510 ή
787 5441 926 5513 αὐτὴ
947 5442 1042 5495 καὶ
1075 5442 1457 5512 προσεύχεται,
1479 5442 1684 5507 καὶτὰς
1701 5444 1914 5513 δεήσεις

326 5536 542 5605 δέχεται
574 5550 591 5600 ς
620 5532 744 5597 Πῶς
772 5534 944 5603 λέγει,
993 5534 1099 5588 Θεέ
1125 5552 1269 5605 μου,
1325 5533 1431 5587 Θεέ
1467 5553 1609 5603 μου,
1639 5538 1795 5589 ίνατί
1839 5554 1918 5605 με

323 5631 757 5700 ἐγκατέλειπες
784 5644 804 5694 ;
827 5626 922 5691 Τίς
962 5622 1104 5680 οἶδεν
1128 5627 1317 5681 οὐσίαν
1348 5625 1517 5698 αὐτὴν
1568 5628 1659 5694 ὑφ’
1716 5629 1914 5697 ἑαυτῆς

322 5725 976 5795 ἐγκαταλιμπανομένην,
1008 5724 1101 5777 καὶ
1144 5723 1340 5793 ἑαυτὴν
1371 5722 1446 5787 ὡς
1503 5722 1661 5777 ἄλλον
1718 5725 1911 5779 ἐπικα-

401 5890 415 5919 ¹
450 5888 637 5940 Μιιιιὶ»Δ
678 5904 820 5955 xm,
852 5886 939 5943 359.

2016 4610 2153 4665 Num
2188 4618 2243 4663 et
2276 4606 2500 4678 sanguis
2526 4615 2582 4661 et
2617 4620 2757 4676 aqua
2812 4602 2916 4659 fuit
2972 4605 3280 4662 divinitatis
3340 4608 3601 4673 essentia,

2014 4717 2134 4772 quae
2160 4700 2327 4756 fontis
2353 4700 2528 4755 instar
2555 4695 2781 4753 deﬂuxit
2813 4711 2845 4753 e
2875 4697 3088 4753 latere?
3122 4695 3180 4752 Si
3226 4697 3471 4767 ejusdem
3519 4710 3607 4756 est

2013 4806 2067 4851 et
2091 4794 2203 4866 pati
2234 4802 2288 4848 et
2316 4806 2424 4846 non
2458 4791 2592 4861 pati,
2624 4804 2851 4845 necesse
2906 4798 2991 4844 est
3045 4798 3102 4845 et
3132 4789 3439 4847 voluntates
3484 4808 3604 4848 esse

2014 4887 2280 4948 diversas,
2315 4893 2371 4938 et
2423 4898 2529 4938 non
2556 4881 2773 4936 easdem
2815 4879 3076 4935 actiones.
3130 4879 3250 4935 Alia
3299 4882 3444 4937 enim
3478 4899 3606 4939 con-

2017 4978 2162 5034 venit
2194 4977 2380 5032 formte
2404 4974 2520 5041 Dei,
2548 4983 2605 5028 et
2647 4973 2752 5026 alia
2784 4969 2972 5025 formae
3003 4971 3146 5024 servi
3174 4987 3190 5038 ;
3220 4971 3326 5027 alia
3380 4974 3604 5045 templo,

2014 5083 2066 5128 et
2096 5071 2200 5124 alia
2258 5066 2581 5123 inhabitanti
2616 5063 2743 5118 Deo.
2780 5061 3103 5132 Perpetuam
3139 5064 3306 5134 igitur
3340 5066 3392 5121 in
3435 5083 3600 5121 unam

2016 5164 2310 5219 essentiam
2366 5155 3101 5223 introducuntseditiouem,
3135 5159 3290 5226 cujus
3350 5160 3602 5215 essentia;

2017 5270 2146 5325 pars
2173 5267 2337 5307 unum
2366 5251 2502 5315 vult,
2529 5260 2657 5320 pars
2697 5248 2865 5304 aliud.
2917 5249 2973 5304 Si
3009 5264 3116 5304 una
3176 5253 3441 5314 essentia,
3504 5266 3603 5305 cur

2015 5347 2146 5402 dicit
2188 5363 2201 5400 ε
2239 5343 2361 5397 Νοη
2408 5341 2545 5413 quod
2588 5357 2681 5411 ego
2720 5341 2861 5409 colo,
2914 5342 3005 5397 sed
3040 5344 3181 5411 quod
3234 5353 3290 5397 tu
3324 5342 3392 5395 '?
3450 5342 3597 5409 Quo-

2015 5437 2177 5493 modo
2210 5436 2397 5491 eadem
2432 5442 2536 5501 est,
2575 5448 2694 5503 quae
2724 5434 2872 5500 fecit,
2907 5443 2961 5489 et
2992 5449 3112 5504 quae
3134 5434 3275 5489 facta
3308 5434 3431 5490 est?
3459 5434 3604 5501 Quo-

2016 5530 2175 5584 modo
2212 5527 2403 5583 eadem
2451 5536 2503 5582 et
2528 5526 2710 5582 omnia
2752 5527 2900 5581 novit
2937 5537 3229 5596 antequam
3278 5528 3491 5596 fierent,
3550 5538 3605 5584 et

2015 5632 2317 5679 extremum
2351 5619 2492 5674 diem
2525 5627 2580 5674 et
2607 5619 2799 5673 horam
2854 5616 3104 5688 ignorat?
3164 5617 3449 5686 Quomodo
3507 5634 3602 5676 ea-

2018 5719 2139 5775 dem
2164 5726 2218 5771 et
2244 5728 2517 5785 precatur,
2546 5721 2599 5768 et
2624 5727 2814 5783 preces
2845 5710 3107 5782 suscipit?
3128 5711 3413 5780 Quomodo
3435 5714 3599 5773 dicit:
