4094 6300
301 377 441 444 1017

1275 405 1653 474 PANOPLIA
1693 412 2152 478 DOG‘MATICA.
2178 443 2246 455 -
2272 423 2418 484 TI'I‘.
2456 427 2607 492 XVI.

3427 442 3560 509 1018

291 515 456 569 τηται
487 500 562 564 ὦς
593 506 763 573 μηδὲν
793 506 1026 580 ἔχουσαν
1051 518 1114 587 τῇ
1155 527 1466 595 κατασκευῇ
1494 526 1732 592 ἐλλιπὲς,
1783 528 1856 580 νῦε

292 590 347 616 ξι
374 592 428 616 ρλ
463 597 708 616 _.._._‘._,,!
937 604 958 616 σν
1059 608 1082 616 Α
1179 609 1236 616 -_
1350 615 1356 616 ,
1438 615 1459 616 η

1955 577 1956 581 η
1989 533 2190 588 vatoris
2219 534 2424 591 Christi
2467 555 2665 596 nomen
2702 558 2849 599 nunc
2870 545 3090 616 quidem
3146 551 3317 609 solam
3369 567 3556 614 osten-

290 590 347 641 δὲ
374 592 431 642 τὸ
461 597 890 668 συναμφότερον,
937 604 1022 657 ἵνα
1055 608 1241 681 δειχθῇ
1276 615 1370 666 καὶ
1393 615 1502 668 τῶν
1529 617 1624 671 δύο
1649 617 1866 684 φύσεων

288 680 352 730 τὸ
407 684 664 752 διάφορόν
723 707 782 742 τε
830 695 922 744 καὶ
965 680 1349 764 τέλειονξκαὶ
1395 706 1496 774 τῆς
1541 680 1700 772 esui;
1734 708 1868 763 ἐνώ-

290 786 432 834 σεως
464 777 524 826 τὸ
562 778 852 846 πρίσωπον
901 786 1162 856 ἄτμητον.
1201 792 1428 846 Ἐκεῖνοι
1483 796 1582 862 μὲν
1617 799 1697 860 είς
1744 816 1869 867 τρο-

289 863 400 932 πὴν
420 863 705 937 Θεότητος,
725 875 818 924 καὶ
849 874 1160 949 ἀνατροπὴν
1181 881 1288 934 τῶν
1315 886 1577 940 συνόντων
1608 893 1727 951 ταῖς
1768 890 1867 958 φύ-

290 959 535 1054 σεσι-καὶ
565 961 646 1054 είς
667 963 1042 1035 ἀναρμόστους
1101 974 1372 1045 φλυαρίας
1432 979 1734 1051 ἐχρήσαντο
1798 986 1864 1054 τῇ

289 1051 434 1140 κατά
461 1052 557 1104 τὸν
579 1053 863 1124 ἄνθρωπον
889 1061 1114 1131 θεωρίᾳ,
1140 1065 1302 1135 ἡμεῖς
1347 1069 1405 1121 δὲ
1459 1071 1537 1135 είς
1569 1051 1867 1140 ”ἁπὸδειξιν

286 1139 386 1191 καὶ
414 1144 719 1211 μαρτυρίαν
745 1147 839 1200 τοῦ
867 1148 1090 1206 δυνατὸν
1119 1149 1262 1210 εἶναι
1283 1159 1376 1211 καὶ
1401 1159 1493 1212 δύο
1523 1162 1683 1215 τινῶν
1708 1163 1868 1217 σύνο-

283 1228 376 1322 δον
403 1231 658 1322 νοεῖσθαι,
679 1238 773 1288 καὶ
789 1235 849 1291 ἓν
875 1241 1164 1310 πρόσωπον
1179 1245 1244 1299 δι’
1263 1249 1591 1318 ἀμφοτέρων
1612 1254 1864 1322 ὁρᾶσθαι.

288 1317 355 1416 Ei
375 1321 482 1390 γὰρ
505 1322 795 1416 ανθρώπου
829 1332 989 1397 φύσις
1016 1335 1115 1388 οὐκ
1145 1317 1390 1409 ὲκωλύθή
1429 1341 1524 1396 δύο
1569 1317 1670 1412 μὲν
1722 1345 1866 1416 ἔχειν

287 1413 431 1481 μέρη
461 1415 528 1469 τὰ
567 1416 626 1482 ἑξ
681 1413 755 1472 ὧν
789 1424 846 1474 το
870 1425 1180 1494 πρόσωπον,
1212 1429 1357 1484 ἒνρδὲ
1389 1433 1666 1488 δεικνύναι
1694 1413 1862 1506 προσ·

283 1520 436 1557 ωπον
472 1508 563 1559 τὸν
582 1508 722 1561 οὕτω
775 1515 1082 1569 συνεστῶτα
1115 1519 1424 1590 ἄνθρωπον,
1457 1525 1610 1594 πόσῳ
1662 1528 1864 1595 μᾶλλον

284 1591 319 1660 ἡ
345 1592 464 1645 θεία
490 1595 647 1666 χάρις
680 1597 835 1669 ἱκανὴ
863 1601 1032 1666 δεῖξαι
1075 1604 1294 1660 δυνατὸν
1325 1611 1419 1664 καὶ
1461 1591 1753 1666 ἀκόλουθον
1798 1617 1866 1672 ,τὸ

282 1689 378 1734 καὶ
403 1687 494 1738 δύο
527 1689 716 1755 φύσεις
740 1693 945 1755 τελείας
977 1697 1054 1756 εἰς
1083 1698 1276 1754 ’ἐνωσιν
1301 1701 1605 1774 ἁσύγχυτον
1636 1707 1863 1777 συνδρα-

287 1779 432 1842 μεῖν,
469 1778 562 1829 καὶ
595 1781 685 1834 τοῦ
718 1785 1011 1848 προσώπου
1046 1789 1105 1840 τὸ
1141 1794 1431 1859 μοναδικὸν
1452 1797 1720 1868 μηδαμῶς
1771 1803 1864 1853 ἁν-

284 1865 457 1932 ε>.εἰν;
495 1868 704 1940 Ὥσπερ
727 1873 782 1925 δὲ
807 1875 1158 1941 ἀκούσαντες,
1209 1877 1314 1948 Εἷς
1367 1886 1582 1952 Κύριος
1605 1865 1863 1957 ⁷Ἰησοῦς
1897 1866 1938 1921 Β

283 1958 351 2022 Χί
373 1959 565 2025 ιστὸς,
601 1961 675 2015 δι’
717 1960 789 2020 οὗ
836 1966 906 2019 τὰ
959 1969 1178 2036 πάντα,
1230 1977 1294 2044 τῇ
1345 1976 1560 2046 θεότῃτι
1618 1981 1757 2052 μόνῃ
1804 1983 1865 2035 τὸ

281 2047 512 2114 ποιῆσαι
532 2051 599 2101 τὰ
620 2051 798 2105 πάντα
821 2057 961 2110 κατά
980 2058 1042 2111 τὸ
1067 2061 1213 2124 sine;
1244 2065 1624 2135 ὲπιγράφομεν
1643 2085 1656 2098 ·
1689 2047 1862 2136 ούτως

280 2138 614 2204 ἀκούσαντες
646 2144 726 2208 τὸ,
763 2140 864 2212 Εἷς
880 2152 1146 2218 παθητὸς
1176 2155 1210 2207 ό
1230 2156 1504 2226 Χριστὸς,
1537 2160 1634 2230 τῆς
1653 2162 1864 2231 ήνωμέ-

279 2243 382 2295 νης
413 2232 612 2298 σαρκὸς
649 2233 712 2285 τὸ
742 2234 915 2297 πάθος
950 2241 1294 2314 γινώσκομεν
1331 2261 1347 2275 ο
1386 2247 1510 2301 ἐπεὶ
1562 2249 1680 2311 πῶς
1732 2252 1859 2322 νοή-

282 2332 454 2384 σομεν
502 2320 600 2388 τῆς
635 2322 800 2390 αὐτῆς
840 2326 1028 2392 οὐσίας
1087 2333 1507 2398 καὶεὰσθὲνειαν
1563 2339 1620 2391 ἐν
1649 2341 1858 2412 ταυτῷ,

403 2411 501 2503 τὴν
531 2410 797 2482 δύναμιν;
832 2417 905 2469 Τὸ
937 2423 1157 2490 πνεῦμα
1186 2425 1490 2497 πρόθυμον,
1525 2430 1556 2501 ὴ
1619 2431 1675 2484 δὲ
1723 2409 1859 2503 σὰρξ

278 2499 516 2569 ἀσθενής
540 2517 554 2530 ’
593 2503 654 2555 οὐ
691 2506 858 2577 μέρος
906 2512 1242 2583 πνεύματος,
1276 2518 1396 2571 οὐδὲ
1440 2499 1602 2591 μέρος
1633 2499 1854 2594 σαρκδς.

281 2592 392 2642 Καὶ
419 2594 598 2659 πάλιν,
616 2598 680 2649 Εἰ
711 2599 818 2667 γὰρ
837 2601 1183 2674 ἐσταυρώθη
1226 2608 1295 2674 ἐξ
1326 2611 1666 2680 ἀσθενείας,
1695 2592 1858 2671 ἀλλὰ

281 2683 353 2753 ζῇ
383 2687 473 2777 sic
527 2690 835 2762 δυνάμεως
895 2700 1044 2754 Θεοῦ
1072 2719 1086 2733 ’
1123 2703 1224 2772 ὅρα
1249 2706 1315 2758 τὰ
1362 2707 1622 2777 ὀνόματα,
1659 2712 1752 2764 καὶ
1786 2709 1858 2764 τὰ

281 2775 587 2846 πράγματα
608 2799 621 2811 ·
652 2784 866 2854 πνεῦμα
899 2791 993 2840 καὶ
1018 2790 1174 2862 σὰρξ,
1203 2794 1430 2864 δύναμις
1451 2799 1543 2851 καὶ
1574 2800 1854 2870 ἀσθένεια,

280 2870 518 2961 σταυρὸς
561 2875 651 2924 καὶ
675 2875 808 2944 ζωὴ,
841 2878 900 2929 τὸ
931 2880 1145 2951 ἐγεῖρον
1175 2886 1268 2940 καὶ
1301 2889 1360 2940 τὸ
1390 2891 1760 2961 ἐγειρόμενον,
1791 2897 1854 2950 τὸ

277 2958 594 3029 ὑπερνψοῦν
613 2971 704 3016 καὶ
729 2968 789 3020 τὸ
825 2970 1270 3044 ὑπερυψούμενον
1309 2996 1322 3010 ·
1357 2983 1413 3033 ἐν
1445 2983 1528 3035 ἑνὶ
1584 2986 1640 3037 δὲ
1683 3005 1854 3057 προσ-

276 3047 415 3119 ὡπῳ
468 3053 530 3102 οὐ
596 3056 734 3108 κατὰ
792 3059 1040 3114 σύνθεσιν
1075 3067 1280 3134 μερῶν,
1329 3069 1465 3124 ἀλλὰ
1516 3073 1638 3126 καθ’
1662 3075 1854 3129 ἕνωσιν

270 3141 498 3194 τελείων
524 3143 758 3212 φύσεων,
796 3150 856 3201 οὐ
906 3152 1033 3217 μίαν
1061 3155 1246 3207 οὐσίαν
1286 3159 1381 3220 τὰς
1438 3161 1531 3214 δύο
1569 3165 1829 3218 ποιοῦσαν

272 3229 415 3282 ἀλλὰ
447 3233 576 3299 μίαν
609 3236 765 3300 ἀξίαν
800 3240 892 3291 καὶ
938 3241 1095 3305 δόξαν
1148 3247 1449 3314 δηλοῦσαν
1518 3253 1694 3318 οὕτως
1748 3259 1848 3310 οὐκ

276 3324 594 3393 ἀρνούμεθα
623 3328 720 3398 τὴν
753 3329 964 3397 ἕνωσιν,
999 3337 1409 3407 παραιτούμεθα
1439 3342 1492 3394 δὲ
1525 3344 1624 3415 τὴν
1657 3350 1851 3401 σύνου-

283 3415 494 3469 σίωσιν.
531 3420 648 3470 Ὀτι
676 3421 778 3491 γὰρ
801 3423 1060 3478 ἀδύνατον
1089 3429 1186 3490 τὰς
1215 3429 1308 3483 δύο
1357 3433 1543 3496 οὐσίας
1598 3439 1848 3504 γενέσθαι

270 3506 426 3574 μίαν,
457 3508 694 3562 διδάσκει
729 3514 828 3580 μὲν
856 3517 883 3567 ὁ
910 3517 1002 3586 τῆς
1027 3519 1238 3584 φύσεως
1278 3523 1459 3592 νόμος,
1502 3527 1738 3582 διδάσκει
1791 3533 1848 3585 δὲ

267 3599 296 3649 ὁ
325 3598 421 3649 τοῦ
452 3600 806 3670 κηρύγματος
835 3605 1012 3674 λόγος,
1036 3611 1283 3664 πείθειδὲ
1312 3614 1396 3666 διὰ
1422 3618 1622 3680 παντὸς
1655 3621 1846 3685 γένους

264 3689 301 3758 ἡ
345 3692 534 3760 πεῖρα,
571 3693 814 3759 θεσπίζει
847 3697 901 3751 δὲ
936 3701 1214 3769 προδήλως
1241 3706 1509 3777 ὁΚύριος.
1539 3712 1693 3764 Μετὰ
1717 3714 1847 3780 γοῦν

265 3783 366 3850 τὴν
395 3784 690 3838 ἀνάστασιν
721 3790 1093 3845 ἀπιστούντων
1126 3794 1205 3848 ἔτι
1241 3798 1348 3850 τῶν
1382 3802 1639 3868 μαθητῶν
1690 3823 1842 3874 φησι,

271 3877 691 3944 Ψηλαφήσατέ
717 3898 816 3948 με,
866 3883 964 3936 καὶ
998 3885 1175 3952 ἴδετε,
1211 3888 1298 3942 ὅτι
1349 3893 1585 3961 πνεῦμα
1650 3895 1847 3964 σάρκα

263 3967 367 4020 καὶ
395 3970 577 4023 ὀστέα
604 3975 714 4025 οὐκ
739 3974 884 4043 ἔχει,
919 3978 1113 4045 καθὼς
1156 3982 1259 4046 ἐιιέ
1292 3987 1560 4053 θεωρεῖτε
1603 3989 1842 4057 ἔχοντα.

273 4061 687 4127 Ψηλαφήσατε
735 4068 1020 4136 πρότερον,
1083 4071 1170 4124 ἵνα
1224 4074 1406 4146 δειχθῇ
1451 4079 1511 4132 ού
1573 4084 1842 4146 φαντασία

262 4152 579 4221 πνεύματος
611 4156 871 4209 ἁπατώσα
903 4162 1027 4223 τοὺς
1067 4162 1392 4233 θεωμένους,
1450 4169 1564 4221 ἀλλ’
1624 4173 1842 4226 ἀντιτυο

262 4245 366 4294 πία
398 4243 647 4314 σώματος
701 4249 1120 4322 π).ηροφοροῦσα
1153 4257 1278 4319 τοὺς
1334 4259 1696 4331 ἁπτομένους.
1748 4267 1844 4331 Τίς

261 4331 358 4386 οὖν
380 4337 478 4405 οὐχ
505 4339 606 4407 ὁρᾷ
627 4339 694 4392 τὰ
724 4341 834 4394 τῶν
867 4345 1082 4410 φύσεων
1108 4347 1236 4413 τδια,
1277 4350 1359 4403 ὅτι
1402 4353 1494 4404 τοῦ
1535 4356 1844 4426 πνεύματος

263 4426 367 4494 μὲν
394 4430 455 4478 τὸ
486 4429 561 4499 μὴ
591 4430 733 4500 ἔχειν
770 4435 950 4504 σάρκα
988 4441 1122 4507 μήτε
1163 4441 1314 4507 ὀστᾶ,
1353 4445 1445 4497 τοῦ
1500 4447 1751 4517 σώματος
1785 4452 1840 4505 δὲ

258 4519 320 4569 τὸ
351 4519 515 4587 ἔχειν,
546 4521 636 4574 καὶ
662 4523 753 4575 τοῦ
787 4526 886 4594 μὲν
914 4527 971 4579 τὸ
1004 4529 1347 4599 θεωρεῖσθαι,
1407 4531 1498 4588 τοῦ
1549 4539 1606 4592 δὲ
1656 4541 1717 4592 τὸ
1762 4543 1836 4612 μὴ
1872 4525 1924 4584 D

258 4611 519 4679 ὁρᾶσθαι,
569 4615 755 4668 τούτου
799 4619 858 4671 τὸ
885 4621 996 4690 ἁφῇ
1055 4623 1489 4690 ὑποϐάλλεσθαι,
1535 4631 1746 4684 ἐκείνου
1789 4634 1848 4686 τὸ

259 4700 408 4772 ἁφὴν
443 4703 519 4773 μὴ
545 4709 896 4776 προσίεσθαι;
929 4712 1054 4777 Πῶς
1086 4710 1181 4767 οὖν
1208 4716 1307 4784 μία
1327 4718 1505 4787 οὐσία,
1539 4722 1632 4775 καὶ
1655 4725 1848 4778 τοσαύ-

257 4810 362 4862 της
389 4791 559 4864 οὔσης
593 4801 952 4872 παραλλαγῆς
977 4820 993 4870 ;

591 5000 700 5054 Τοῦ
736 5001 924 5055 αὑτοῦ
948 5004 1101 5056 κατὰ
1129 5002 1250 5056 τῶν
1294 5005 1515 5064 αὐτῶν.

334 5091 402 5142 Τί
422 5093 646 5158 λέγετες
682 5095 734 5144 τί
758 5096 1164 5164 ἁποφαίνεσθε;
1200 5097 1418 5166 Οἵχεται
1477 5102 1574 5171 τῆς
1628 5102 1843 5170 φύσεως

255 5185 322 5237 τὸ
347 5185 624 5253 διάφορον,
659 5186 750 5238 καὶ
778 5188 931 5239 οὐδὲν
972 5189 1198 5260 φέρεται
1257 5190 1460 5243 τούτων
1511 5195 1798 5266 γνώρισμα
1827 5216 1841 5260 ;

256 5278 327 5330 Τί
354 5275 449 5330 οὖν
479 5277 820 5347 ὀνομάσομεν
835 5281 895 5331 τὸ
912 5285 1298 5351 προκείμενονς
1326 5287 1498 5352 Λόγον
1540 5288 1734 5354 μόνον;
1771 5290 1845 5341 Οὐ

254 5371 369 5439 γὰρ
426 5369 561 5438 φαίη
605 5387 688 5432 τις
738 5371 917 5439 σάρκα
960 5373 1120 5426 τοῦτο
1169 5379 1336 5447 τιμᾷν
1378 5379 1538 5446 δῆθεν
1569 5382 1838 5449 οἰόμενος.

1971 621 2050 677 dit
2075 625 2414 684 divinitatem
2435 642 2621 699 utpote
2649 635 2953 692 absolutam
2989 649 3042 694 et
3062 642 3382 711 perfectam,
3408 665 3553 704 nunc

1973 725 2156 771 autem
2185 720 2602 788 humanitatem,
2629 729 2832 796 quippe
2861 730 3021 799 cujus
3047 732 3368 800 perfectioni
3418 738 3554 792 nihil

1971 809 2145 877 desit;
2177 829 2318 868 nunc
2341 827 2520 870 autem
2543 834 2669 873 cum;
2697 821 2812 889 ipsa
2847 838 3074 891 persona
3106 837 3393 899 utramque
3419 835 3547 886 dua-

1971 919 2092 958 rum
2121 915 2442 964 naturarum
2470 911 2831 968 diﬂ‘erentiam
2864 927 2919 970 et
2967 919 3356 986 perfectionem
3410 941 3548 980 nova

1968 997 2354 1067 conjunctione
2378 1005 2661 1072 suscipiat.
2687 1005 2764 1058 illi
2783 1008 2999 1075 quidem
3028 1012 3095 1065 ad
3119 1013 3422 1070 divinitatis
3443 1033 3553 1070 mu-

1971 1090 2227 1144 tationem
2262 1100 2318 1146 et
2348 1096 2689 1152 eversionem
2720 1098 3116 1155 humanitatem
3145 1105 3548 1174 adhibuerunt;

1970 1195 2071 1235 nos
2124 1193 2304 1238 autem
2357 1197 2413 1240 ut
2442 1188 2855 1244 ostenderemus
2899 1200 2954 1245 et
3027 1201 3375 1260 testaremur,
3435 1197 3552 1253 fieri

1969 1287 2147 1341 posse,
2183 1287 2243 1330 ut
2272 1277 2498 1331 duarum
2531 1294 2708 1333 rermn
2741 1295 3065 1352 congressus
3099 1286 3190 1351 sit,
3219 1296 3272 1340 et
3295 1303 3399 1342 una
3433 1305 3553 1358 per-

1968 1379 2122 1421 sona.
2172 1366 2308 1421 Nam
2363 1369 2406 1423 si
2448 1369 2580 1423 nihil
2645 1372 2896 1438 prohibet
2956 1376 3252 1442 quaminus
3310 1379 3546 1434 hominis

1969 1466 2165 1511 natura
2202 1457 2337 1513 duas
2369 1460 2563 1514 habeat
2598 1470 2797 1529 partes,
2825 1479 2890 1517 ex
2919 1464 3117 1531 quibus
3143 1483 3250 1522 una
3306 1483 3544 1523 consur-

1967 1547 2046 1618 git
2078 1563 2330 1617 persona,
2368 1552 2530 1607 homo
2551 1552 2831 1617 nimirum,
2863 1553 2955 1622 qui
2981 1555 3054 1609 ita
3088 1568 3326 1620 constat,
3375 1575 3548 1627 quan-

1968 1649 2023 1692 to
2053 1643 2224 1709 magis
2253 1641 2430 1695 divina
2461 1644 2634 1712 gratia
2663 1644 2802 1698 valet
2835 1633 3052 1701 eilicere
3093 1657 3153 1700 ιιι
3187 1658 3241 1702 et
3289 1650 3407 1705 duae
3454 1666 3550 1704 na-

1970 1738 2104 1783 tura:
2134 1731 2391 1800 perfectae
2430 1735 2480 1786 in
2513 1735 2958 1804 conjunctionem
2985 1739 3209 1794 minime
3259 1740 3542 1795 confusam

1967 1833 2317 1888 concurrant,
2349 1839 2447 1880 nec
2481 1835 2660 1880 tamen
2685 1843 2791 1880 una
2826 1827 3119 1898 singularis
3152 1831 3372 1887 tollatur
3421 1847 3550 1900 per-

1966 1913 2634 1979 suna?Quemadmodum
2671 1929 2850 1970 autem
2891 1933 3014 1973 cum
3067 1920 3315 1976 audimus
3351 1937 3365 1975 :
3401 1920 3548 1976 Unus

1965 2005 2226 2061 Dominus
2245 2007 2398 2062 Jesus
2422 2009 2684 2074 Christus,
2715 2027 2807 2078 per
2853 2029 3005 2082 quem
3054 2015 3233 2068 omnia
3263 2015 3301 2079 ⁸,
3363 2030 3545 2069 rerum

1964 2098 2209 2152 omnium
2239 2101 2694 2167 procreationem,
2731 2112 2790 2154 ut
2825 2117 2920 2170 par
2952 2114 3058 2168 est,
3091 2105 3190 2158 soli
3257 2105 3549 2159 tribuimus

1963 2191 2273 2256 divinitati;
2315 2193 2395 2247 sic
2436 2193 2763 2248 audientes:
2800 2194 2950 2250 Unus
2984 2197 3222 2266 patibilis
3260 2198 3543 2263 Christus,

1962 2284 2270 2354 conjunctae
2293 2282 2483 2338 carnis
2505 2282 2843 2340 aﬂectiouem
2873 2289 3239 2358 agnoscimus.
3265 2290 3368 2354 Qui
3398 2291 3542 2342 enim

1961 2376 2232 2446 possimus
2257 2377 2498 2445 ejusdem
2529 2377 2785 2432 essentiae
2811 2386 2866 2432 et
2909 2379 2958 2431 iu
3004 2379 3197 2434 eodem
3254 2380 3540 2434 imbecilli-

1965 2479 2130 2524 tatem
2184 2477 2241 2524 et
2313 2467 2570 2524 virtutem
2623 2469 2968 2540 intelligere?
3028 2469 3279 2540 Spiritus,
3343 2472 3552 2541 inquit,

1958 2570 2248 2630 promptus,
2305 2575 2432 2614 caro
2485 2569 2663 2614 autem
2713 2561 2927 2630 infirma
2953 2563 2994 2627 ',
3025 2577 3131 2616 non
3185 2571 3362 2617 autem
3414 2579 3543 2632 pars

1959 2653 2162 2716 carnis,
2185 2660 2276 2704 aut
2301 2663 2426 2720 pars
2443 2650 2683 2718 spiritus.
2735 2651 2801 2705 Et
2835 2666 3090 2706 rursum:
3134 2651 3197 2706 Si
3240 2653 3401 2714 enim,
3459 2653 3543 2706 in-

1958 2743 2094 2813 quit,
2120 2741 2406 2808 cruciﬁxus
2450 2750 2528 2795 est
2583 2757 2648 2796 ex
2702 2742 3034 2810 inﬁrmitate,
3110 2743 3323 2797 uivitex
3348 2747 3542 2799 virtute

1959 2834 2056 2888 Dei
2101 2835 2142 2886 ³.
2170 2832 2362 2888 Cernis
2413 2833 2632 2888 nomina
2681 2843 2738 2888 et
2784 2848 2870 2888 res
2930 2851 2946 2889 :
3000 2835 3226 2903 spiritus
3284 2845 3338 2889 et
3387 2851 3536 2900 caro,

1957 2925 2129 2979 virtus
2187 2934 2241 2978 et
2281 2924 2595 2989 inﬁrmitas,
2653 2939 2790 2980 crux
2837 2932 2893 2979 et
2943 2925 3102 2997 ‘vita,
3165 2927 3258 2994 qui
3309 2929 3543 2982 suscitat

1956 3023 2009 3069 et
2041 3013 2133 3080 qui
2197 3011 2540 3077 suscitatur,
2597 3011 2691 3082 qui
2740 3013 2947 3067 exaltat
2993 3022 3050 3068 et
3095 3015 3186 3083 qui
3239 3015 3530 3070 exaltatur.

1955 3103 2149 3158 Cernis
2179 3116 2362 3158 autem
2400 3104 2456 3157 in
2497 3119 2603 3157 una
2632 3118 2863 3173 persona
2915 3119 3021 3159 non
3079 3106 3320 3172 partium
3381 3121 3538 3160 com-

1837 3210 1850 3232 ι
1881 3190 1925 3248 C
1960 3193 2308 3264 positionem,
2373 3193 2468 3247 sed
2521 3193 2884 3262 perfectarum
2931 3204 3250 3248 naturarum
3306 3195 3535 3261 conjun-

1954 3285 2212 3349 ctionem,
2235 3298 2341 3353 qua
2378 3298 2485 3337 non
2508 3283 2629 3338 duae
2663 3299 2769 3338 una
2799 3284 2933 3338 fiunt
2980 3285 3244 3347 essentia,
3278 3285 3377 3339 scd
3429 3301 3532 3338 una

1952 3375 2188 3444 dignitas
2227 3383 2281 3431 et
2303 3374 2474 3443 gloria
2503 3376 2834 3431 declaratur.
2863 3375 2978 3430 Non
3014 3377 3179 3445 igitur
3206 3386 3526 3431 naturarum

1953 3482 2214 3535 negamus
2265 3467 2729 3535 conjunctioncm,
2788 3467 2880 3521 sed
2918 3467 2970 3521 in
3032 3482 3192 3521 unam
3238 3468 3530 3522 essentiam

1951 3559 2181 3612 dicimus
2210 3571 2318 3610 non
2346 3555 2696 3612 conﬂuxisse.
2721 3555 2866 3611 Fieri
2892 3572 2999 3611 non
3051 3571 3232 3627 posse,
3294 3566 3352 3611 ut
3415 3559 3534 3611 dum

1950 3666 2053 3704 una
2081 3652 2214 3704 ﬁant
2246 3650 2507 3715 essentia,
2529 3651 2689 3704 docet
2715 3658 2919 3704 natura:
2952 3649 3059 3714 lex,
3103 3648 3268 3704 docet
3295 3661 3349 3705 et
3380 3665 3530 3719 prae-

1950 3741 2236 3796 dicationis
2262 3741 2425 3804 ratio,
2454 3741 2645 3794 suadet
2672 3741 2724 3792 in
2763 3739 2913 3794 omni
2965 3755 3144 3794 rerum
3191 3756 3391 3810 genere
3438 3757 3535 3795 ex-

1951 3833 2253 3903 perientia;
2287 3842 2472 3900 aperte
2497 3832 2660 3886 etiam
2686 3832 2803 3901 ipse
2843 3831 3103 3887 Dominus
3154 3834 3388 3900 indicat,
3435 3833 3527 3902 qui

1947 3932 2071 3994 post
2095 3924 2550 3978 resurrectionem
2605 3938 2761 3975 suam
2790 3937 2895 3978 non
2961 3925 3311 3980 credentibus
3351 3927 3530 3980 adhuc

1947 4016 2268 4087 discipulis:
2305 4015 2548 4082 Palpate,
2582 4016 2778 4084 inquit,
2817 4032 2919 4083 me,
2945 4029 2991 4070 et
3023 4018 3209 4082 videte,
3253 4019 3380 4085 quia
3413 4020 3527 4085 spi-

1947 4109 2081 4162 ritus
2111 4123 2324 4160 carnem
2350 4116 2398 4160 et
2423 4121 2546 4159 ossa
2575 4122 2678 4160 non
2705 4109 2882 4174 habet,
2909 4109 3047 4161 sicut
3082 4124 3162 4162 me
3191 4109 3380 4163 videtis
3428 4111 3529 4163 Ita-

1947 4198 2065 4251 bere
2090 4196 2133 4250 ⁸.
2161 4195 2408 4262 Palpate,
2439 4195 2613 4264 inquit
2667 4195 2839 4264 prius,
2894 4206 2950 4251 ut
2980 4199 3294 4252 ostenderet
3323 4213 3382 4254 se
3417 4199 3528 4269 spi-

1949 4291 2085 4346 ritus
2107 4304 2213 4343 nou
2239 4303 2360 4343 esse
2388 4299 2662 4357 speetrmn
2695 4303 2801 4356 quo
2853 4297 3164 4357 spectantes
3209 4291 3525 4360 deciperen-

1950 4391 2058 4446 tur,
2096 4380 2190 4434 sed
2211 4380 2607 4448 curpustactui
2658 4380 2946 4435 resistens.
2996 4378 3131 4445 Quis
3168 4395 3274 4436 non
3345 4382 3529 4436 videat

1949 4482 2265 4526 naturarum
2291 4471 2672 4540 proprietates.
2697 4485 2819 4524 cum
2850 4472 3073 4538 spiritus
3137 4471 3354 4540 quidem
3409 4487 3528 4527 car-

1955 4583 2078 4622 nem
2109 4577 2164 4622 et
2185 4580 2308 4621 ossa
2337 4582 2440 4620 non
2476 4565 2697 4628 habeat,
2739 4581 2861 4634 quae
2923 4567 3144 4634 corpori
3196 4567 3431 4633 adsunt;
3474 4576 3529 4621 et

1946 4676 2143 4732 corpus
2171 4660 2388 4730 quidem
2414 4659 2680 4724 videatur,
2710 4659 2930 4730 spiritus
2954 4669 3138 4714 autem
3182 4675 3288 4714 non
3332 4674 3527 4714 cerna-

1945 4760 2075 4818 tur;
2109 4765 2304 4822 corpus
2332 4750 2496 4804 tactui
2530 4751 2601 4805 sit
2633 4750 2950 4816 obnoxium,
2983 4749 3203 4818 spiritus
3225 4758 3405 4802 autem
3427 4750 3527 4804 sub

1948 4851 2152 4896 tactum
2176 4855 2282 4894 non
2315 4840 2510 4894 cadat?
2538 4839 2822 4905 Quomodo
2872 4840 3039 4909 igitur
3095 4839 3336 4893 essentia
3394 4853 3521 4904 una,

1945 4949 2062 4986 cum
2094 4942 2243 4985 tanta
2278 4930 2350 4984 sit
2383 4929 2724 4984 differentia?

2313 5020 2566 5087 Ejusdem
2621 5019 2873 5072 adversus
2919 5017 3149 5074 eosdem.

2013 5112 2156 5179 Quid
2201 5111 2431 5166 dicitis?
2465 5111 2593 5179 quid
2637 5110 3064 5166 demonstratis?
3116 5111 3247 5168 Abit
3299 5123 3526 5170 natura-

1944 5221 2062 5261 rum
2100 5202 2433 5265 diﬂ'erentia,
2507 5211 2562 5255 et
2627 5202 2835 5255 nullum
2878 5218 3066 5258 earum
3118 5204 3379 5260 indicium
3441 5221 3526 5260 re-

1947 5294 2248 5362 linquitur?
2296 5292 2587 5360 Quomodo
2626 5293 2797 5362 igitur
2853 5294 3159 5364 subjectum
3225 5297 3521 5365 appellabi-

1943 5385 2104 5440 mus?
2138 5383 2445 5438 Verhuume
2485 5384 2706 5439 solum?
2733 5383 2920 5455 Neque
2953 5388 3098 5440 enim
3148 5384 3204 5440 id
3253 5384 3520 5454 quispiam

257 5459 372 5512 Καὶ
415 5460 529 5522 πῶς
559 5461 658 5528 οὐχ
704 5460 956 5531 ὑϐρίζετε
1001 5467 1259 5538 τοιαύτην
1289 5469 1455 5522 αὐτοῦ
1505 5471 1602 5541 τὴν
1651 5473 1842 5526 οὐσίαν

1955 5493 2156 5532 :aruem
2187 5475 2404 5540 dixerit,
2440 5477 2532 5544 qui
2564 5489 2630 5531 eo
2679 5479 2902 5532 nomine
2927 5491 2986 5532 se
3011 5476 3143 5530 illud
3170 5484 3322 5544 putet
3353 5475 3524 5530 hono—

255 5554 579 5621 νομίζοντες
600 5550 761 5621 εἶναι,
811 5556 885 5618 ὡς
924 5558 1150 5611 δυνατὸν
1203 5561 1371 5632 ἑτέρᾳ
1417 5562 1576 5631 οὐσίᾳ⁹
1642 5568 1834 5636 κτιστῇ

255 5645 398 5714 πρὸς
439 5645 612 5715 αὐτὴν
677 5649 1008 5717 μεταστῆναι
1039 5668 1054 5716 ;
1092 5653 1164 5704 Τὸ
1201 5655 1307 5724 γὰρ
1337 5656 1450 5718 τοῖς
1503 5655 1693 5726 ἥττοσι
1728 5674 1836 5726 χω-

1948 5583 2088 5623 rarc.
2123 5569 2191 5621 At
2219 5568 2492 5636 quomodo
2519 5584 2625 5624 nou
2668 5570 2842 5639 ipsum
2893 5568 3108 5622 adicitis
3165 5565 3520 5628 contumelia,

1943 5671 2063 5711 cum
2101 5656 2259 5710 talem
2295 5656 2464 5725 ipsius
2493 5659 2788 5714 essentiam
2837 5657 3044 5727 putatis
3076 5672 3218 5723 esse,
3270 5665 3333 5712 ut
3366 5654 3522 5712 alteri

334 5807 352 5837 ⁸
392 5807 564 5865 lCor.
594 5824 712 5872 vm,
741 5810 794 5864 6.
873 5818 891 5847 ²
920 5814 1115 5868 Matth.
1149 5831 1290 5881 xxvi,
1327 5818 1406 5870 ii.
1482 5817 1502 5848 ³
1529 5817 1570 5871 ll
1606 5817 1732 5872 Cor.
1769 5833 1856 5871 xm

1961 5858 1973 5871 .
2051 5818 2070 5849 '*
2100 5818 2228 5872 Luc.
2259 5834 2410 5876 XXIV.
2439 5821 2529 5876 59.
