4094 6300
542 425 683 490 1019

1777 422 2164 487 ΕΗΤΗῩΜῙΙ
2205 418 2574 485 ΖΙῦΑΒΕΝΙ

3687 414 3825 481 1030

542 535 703 590 liceat
737 537 991 592 essentia:
1026 545 1323 605 procreatae
1347 536 1401 592 in
1420 549 1543 591 eam
1567 535 1938 592 commutari?
1970 534 2126 602 Quod

2251 536 2416 604 πγιδν,
2447 531 2632 589 κοινὸν
2661 532 2773 587 τῶν
2803 530 3036 599 πολλῶν,
3063 530 3161 602 οὐχ
3192 529 3313 594 ἐνὸς
3335 528 3639 600 ἐξαίρετον.
3671 522 3748 599 Ὦ
3771 529 3823 583 δέ

540 626 687 679 enim
721 640 749 678 a
780 626 1144 681 deterioribus
1169 626 1288 694 capi
1315 635 1494 695 potest
1521 640 1812 681 commune
1836 624 2128 679 multorum

542 727 706 785 cst,et
739 733 844 772 non
875 716 1034 771 unius
1067 717 1356 772 eximium.
1395 717 1497 773 Cui
1527 726 1708 773 autem
1740 717 1795 771 id
1845 718 2129 788 preprium

543 817 651 875 est,
692 819 749 863 ut
777 810 851 864 sit
879 808 1244 875 inaccessum,
1269 810 1397 865 huic
1424 812 1700 881 quomodo
1746 809 1982 864 alterum
2035 809 2129 862 ad-

541 901 839 969 iungatur?
867 903 939 973 At
962 915 1070 956 non
1107 902 1268 956 modo
1296 902 1535 957 Verbum
1570 902 1784 957 allicitis
1834 910 2129 957 contumeo

542 991 639 1055 lia,
669 1008 860 1047 verum
895 994 1061 1049 etiam
1096 996 1279 1050 carnis
1337 1008 1628 1063 personam
1689 994 1901 1049 tollitis.
1961 992 2131 1063 Cujus

546 1085 689 1139 enim
751 1085 1014 1140 indicium
1092 1086 1328 1157 amplius
1398 1100 1506 1141 non
1560 1087 1908 1155 relinquitur,
1970 1086 2132 1156 hujus

525 1162 773 1245 gloriam
842 1178 1119 1247 quomodo
1158 1180 1587 1245 cognoscemus?
1635 1179 1693 1235 Si
1724 1179 1872 1234 enim
1901 1181 2131 1250 :eogno-

547 1270 747 1337 scitur,
783 1272 1043 1341 quoniam
1083 1280 1188 1338 est,
1233 1272 1433 1327 merito
1459 1286 1581 1327 eam
1612 1272 1913 1326 honoratis.
1941 1271 1999 1326 Si
2022 1285 2131 1325 non

546 1369 653 1425 est,
688 1361 962 1431 quomodo
996 1360 1185 1431 gloriae
1224 1361 1423 1415 fruitur
1454 1362 1851 1431 amplitudine?
1897 1358 2014 1416 Nisi
2041 1373 2133 1415 es-

549 1453 834 1509 tenderitis
868 1454 919 1506 id
952 1455 1097 1523 quod
1128 1455 1435 1519 honoratis,
1471 1468 1579 1509 non
1606 1454 1891 1524 apparebit
1944 1452 2134 1522 gloria

528 1532 887 1614 ‘tnagnitudo.
908 1543 1296 1603 Necessarium
1326 1547 1494 1619 igitur
1544 1556 1628 1603 est
1686 1544 1941 1601 conﬁteri
1993 1545 2134 1599 duo-

551 1653 671 1692 rum
702 1638 925 1693 minime
948 1637 1235 1694 confusam
1272 1638 1743 1709 coniunctionem,
1777 1651 1874 1693 nec
1904 1641 1972 1690 ad
2039 1650 2132 1691 ae-

552 1728 802 1797 cipientis
830 1730 1210 1796 mutationem,
1242 1744 1345 1786 nec
1367 1720 1433 1785 ad
1468 1726 1679 1800 accepti
1708 1730 1990 1784 interitqu
2015 1741 2136 1785 esse

2234 628 2383 698 μόνῳ
2437 629 2502 681 τὸ
2556 627 2855 695 ἀπρόσιτον
2918 624 3074 692 tam,
3126 623 3302 690 τούτῳ
3332 622 3453 686 πῶς
3500 620 3825 691 προστίθετε

2229 719 2533 789 ἀπρόσιτον
2554 717 2785 789 ἐτερονς
2818 718 2931 771 Καὶ
2957 716 3020 769 οὒ
3061 714 3222 786 μόνον
3245 715 3342 768 τὸν
3372 713 3549 782 Λόγον
3608 711 3827 781 ὑϐρίζε-

2230 829 2315 875 τε,
2337 812 2474 866 ἀλλά
2512 811 2734 879 καὶτῆς
2769 808 2975 880 σαρκὸς
3006 807 3107 877 τὴν
3139 808 3443 861 ὑπόστασιν
3501 804 3827 875 ἀφανίζετε.

2230 899 2339 968 Ἦς
2356 905 2465 975 γὰρ
2492 904 2659 974 μηδὲν
2702 902 2784 957 ἔτι
2819 901 3066 955 λείπεται
3090 898 3407 970 γνώρισμα,
3441 897 3656 966 ταύτης
3681 898 3827 968 ποίῳ

2230 998 2418 1070 τρόπῳ
2463 996 2563 1067 τὴν
2617 994 2777 1061 δόξαν
2835 992 3297 1062 κατανοήσομενς
3365 991 3428 1044 Ei
3474 991 3537 1044 ἐν
3564 990 3647 1059 τῷ
3682 984 3828 1044 εἶναι

2232 1090 2586 1160 γνωρίζεται,
2607 1086 2836 1150 εἰκότως
2860 1084 3137 1151 δοξάζετε.
3158 1084 3223 1138 El
3247 1083 3304 1137 δέ
3325 1082 3401 1154 μὴ
3426 1082 3539 1153 ἔχει
3566 1082 3628 1136 τὸ
3658 1078 3827 1147 εἶναι,

2232 1186 2350 1260 πῶς
2367 1180 2784 1252 καρποῦταιτῆς
2806 1178 2965 1247 δόξης
2990 1179 3051 1232 τὸ
3074 1178 3304 1248 μέγεθος
3330 1177 3490 1245 ςἘἀν
3517 1176 3592 1246 μὴ
3610 1177 3830 1245 δείξητε

2232 1277 2293 1331 τὸ
2330 1275 2665 1346 τιμώμενον,
2691 1273 2752 1325 ού
2782 1272 3049 1342 μηνύεται
3077 1269 3177 1340 τῆς
3198 1269 3357 1339 δόξης
3384 1268 3447 1321 τὸ
3488 1269 3828 1337 ὑπέρογκον.

2244 1369 2484 1437 ’Δνάγκη
2509 1366 2689 1420 τοίνυν
2731 1365 3017 1435 ὁμολογεῖν
3051 1363 3365 1432 ἀσύγχυτον
3422 1361 3536 1415 τῶν
3576 1360 3668 1415 δύο
3726 1359 3829 1429 τὴν

2232 1462 2453 1526 ἕνωσιν,
2470 1458 2597 1513 οὔτε
2624 1460 2709 1522 είς
2745 1457 2959 1528 τροπὴν
2988 1455 3085 1510 τοῦ
3104 1456 3387 1518 λαϐόντος,
3411 1455 3536 1506 οὕτε
3570 1454 3649 1515 είς
3674 1453 3804 1520 ἀφα

2233 1553 2431 1622 νισμὸν
2488 1552 2582 1605 τοῦ
2642 1549 2966 1621 ληφθέντος,
3023 1548 3138 1601 ἀλλ’
3177 1548 3260 1611 είς
3302 1548 3592 1600 κοινωνίαν
3638 1545 3829 1612 δίεης.

2234 1645 2321 1715 ἐφ’
2350 1643 2470 1707 ἐνὸς
2496 1641 2794 1713 προσώπου
2818 1640 3257 1711 κηρυσσομένης.
3288 1638 3407 1690 Κᾶι
3450 1639 3558 1706 γάρ
3591 1635 3808 1705 ύπομεί

2234 1752 2364 1806 νητε
2394 1736 2568 1803 Λόγον
2613 1734 2772 1803 μόνον
2801 1732 3092 1800 ὀνομάζειν
3136 1732 3197 1784 τὸ
3230 1731 3662 1799 συναμφότερον,
3732 1726 3833 1779 καί

554 1818 773 1887 factam,
797 1822 891 1877 scd
912 1822 980 1875 ad
1002 1821 1191 1890 gloria:
1219 1822 1565 1887 societatem,
1591 1836 1712 1891 qua:
1741 1822 1793 1874 in
1820 1821 1980 1875 unius
2003 1835 2136 1889 per-

2251 1844 2323 1880 τοι
2344 1828 2444 1897 τῆς
2469 1826 2687 1895 φύσεως
2718 1823 3215 1894 ἀντανισταμένης,
3237 1821 3349 1875 οὐδ’
3380 1821 3523 1875 οὕτω
3580 1820 3834 1891 κρύψετε

555 1926 689 1966 sona
736 1911 1062 1967 declaratur.
1091 1913 1356 1979 Quamvis
1381 1914 1525 1967 enim
1562 1924 1849 1983 utrumque
1899 1910 2135 1966 Verbum

2251 1917 2303 1973 τὸ
2337 1918 2617 1988 διάφορον,
2662 1917 2869 1970 ὁπόταν
2898 1915 2961 1968 τὸ
2999 1916 3097 1986 μὲν
3132 1914 3367 1984 ἀόρατον
3410 1916 3502 1967 καὶ
3536 1910 3837 1981 ἀψηλάφη-

558 2003 736 2058 solum
777 2010 973 2058 natura
1027 2005 1193 2060 etiam
1250 2016 1589 2075 repugnante
1619 2006 1801 2059 vocari
1830 2002 2137 2075 patiamini,

558 2105 873 2152 notttamen
909 2096 1205 2152 discrimen
1263 2098 1637 2152 abscondens.
1686 2096 2141 2166 Quandoquidem

560 2204 725 2243 unum
752 2199 924 2244 erata
958 2188 1249 2258 principio,
1305 2189 1541 2244 alterum
1572 2198 1758 2243 autent
1797 2191 2001 2243 factum
2034 2195 2140 2245 est.

564 2278 761 2343 Unum,
791 2279 935 2350 quod
960 2293 1064 2335 nec
1095 2279 1246 2336 cerui
1282 2295 1382 2337 nec
1413 2280 1562 2351 tangi
1599 2290 1774 2349 potest
1806 2320 1821 2345 ,
1855 2295 1923 2334 ex
1953 2278 2143 2335 inlini-

561 2380 617 2423 to
674 2370 991 2437 inﬁnitum;
1029 2371 1261 2426 alterum
1309 2382 1492 2428 autem
1534 2387 1604 2428 ex
1664 2388 1733 2426 eo
1784 2372 1930 2441 quod
1990 2370 2144 2427 cerni

566 2459 822 2533 tangique
853 2469 1033 2531 potest
1054 2463 1107 2515 in
1150 2461 1203 2517 id
1237 2462 1380 2531 quod
1411 2478 1511 2516 nec
1542 2463 1814 2525 cernitur,
1848 2476 1949 2517 nec
2023 2472 2147 2515 tan-

562 2554 731 2623 gitur,
764 2554 1003 2609 transiit.
1029 2554 1096 2609 Et
1126 2570 1295 2609 unum
1318 2554 1540 2624 quidem
1572 2554 1739 2610 semel
1781 2553 2145 2619 immutabile,

564 2645 795 2699 alterum
825 2655 1004 2700 autem
1032 2660 1101 2701 ex
1137 2646 1388 2701 mutabili
1413 2648 1480 2701 ad
1533 2646 1969 2717 praestantiorem
2026 2660 2150 2715 per-

567 2734 718 2789 venit
768 2735 1164 2791 conditionem.
1229 2733 1503 2791 Praeterea
1570 2737 1620 2791 si
1711 2736 1815 2791 hoc
1894 2745 1977 2791 est
2061 2751 2150 2791 so-

568 2826 678 2879 lum
715 2823 973 2891 Verbum,
1006 2839 1108 2881 cur
1136 2840 1242 2881 non
1278 2826 1586 2883 invenimus
1623 2844 1639 2881 :
1689 2824 1832 2883 Caro
1884 2828 2029 2896 facta
2073 2836 2151 2883 est

584 2919 825 2983 Verbum,
850 2920 943 2974 sed
976 2937 990 2973 :
1024 2917 1245 2974 Verbum
1282 2936 1410 2973 caro
1441 2920 1646 2989 factum
1671 2931 1748 2975 est
1778 2922 1840 2975 ιτ
1869 2922 2001 2987 Quis
2028 2936 2155 2990 por—

568 3030 631 3069 re
660 3015 797 3069 adeo
826 3013 1032 3067 insanit
1051 3020 1109 3068 et
1132 3023 1313 3068 mente
1334 3023 1527 3085 captus
1542 3022 1649 3081 est,
1675 3024 1731 3069 ut
1754 3015 1951 3068 audeat
1972 3012 2155 3069 dicere

2240 2026 2333 2063 τον
2356 2008 2415 2073 ἐξ
2443 2008 2672 2078 ἀπείρου
2706 2008 2788 2070 είς
2811 2008 3064 2077 ἄπειρον,
3098 2006 3160 2058 τὸ
3187 2005 3245 2058 δὲ
3284 2004 3343 2070 ἐξ
3380 2003 3572 2072 ὁρατοῦ
3598 2002 3691 2055 καὶ
3720 2001 3839 2071 ψη.

2242 2100 2488 2170 λαφητοῦ
2512 2100 2649 2170 πρὸς
2682 2100 2747 2152 τὸ
2779 2099 3014 2168 ἀόρατον
3066 2097 3159 2151 καὶ
3204 2095 3408 2164 ἀναφὲς
3455 2093 3833 2165 μεταϐέϐηκε.

2244 2193 2355 2247 Καὶ
2382 2194 2444 2247 τὸ
2476 2192 2578 2261 μέν
2606 2189 2970 2247 ἀναλλοίωτον
2993 2188 3162 2254 ἅπαξ,
3195 2188 3257 2241 τὸ
3282 2187 3338 2241 δέ
3377 2186 3446 2241 δι’
3486 2186 3838 2247 ἀλλοιώσεως

2243 2285 2339 2337 ἐπὶ
2364 2283 2465 2355 τὴν
2497 2284 2788 2354 κρείττονα
2838 2281 2995 2351 λῆξιν
3044 2279 3325 2352 ἐλήλυθεν.
3386 2275 3520 2332 Εἶτα
3560 2279 3610 2330 εί
3664 2276 3839 2346 μόνον

2244 2378 2417 2445 Λόγος
2449 2377 2510 2429 τὸ
2536 2376 2723 2443 μένον,
2757 2373 2878 2438 πῶς
2900 2376 2999 2428 οὐκ
3029 2374 3259 2447 ἐρρήθη,
3302 2374 3385 2425 ὅτι
3430 2374 3462 2440 ἡ
3497 2369 3629 2440 σὰρξ
3656 2369 3841 2437 Λόγος

2246 2471 2484 2539 ἐγένετο,
2515 2470 2630 2523 ἀλλ’
2659 2472 2687 2522 ὁ
2713 2468 2887 2537 Λόγος
2919 2466 3094 2537 σάρξ;
3154 2468 3249 2529 Τίς
3280 2466 3337 2519 δὲ
3377 2465 3520 2519 οὕτω
3570 2462 3842 2533 μεμηνὼς

2248 2564 2343 2618 καὶ
2372 2561 2707 2633 φρενόπληξ,
2743 2560 2819 2623 ὡς
2857 2560 3323 2631 τολμῆσαιείπεῖν
3354 2557 3452 2627 τὴν
3476 2556 3624 2609 θείαν
3656 2571 3842 2622 προσ-

2248 2654 2435 2709 λαϐεῖν
2498 2652 2666 2723 ἀλλην
2725 2651 2981 2722 θεότητος
3018 2648 3208 2703 οὐσίαν
3259 2649 3319 2712 ἐξ
3368 2648 3559 2717 ἐτέρας
3611 2646 3842 2713 φύσεως

2252 2743 2672 2815 ἐπιγενομένην,
2728 2744 2817 2798 ῖνα
2854 2741 3082 2814 αὖξησιν
3130 2739 3527 2810 παρασκευάσῃ
3591 2737 3844 2790 νοεῖσθαι

2251 2838 2341 2892 διὰ
2366 2837 2465 2907 τῆς
2491 2834 2757 2904 τοιαύτης
2787 2833 3107 2906 προσθήκης
3136 2831 3232 2885 τοῦ
3266 2833 3406 2885 κατά
3445 2830 3606 2900 φύσιν
3671 2828 3843 2881 ἀνεν-

2253 2929 2407 2991 δεοῦς
2428 2928 2525 2982 καὶ
2558 2927 2770 2981 τελείου
2801 2945 2815 2993 ;
2847 2926 2972 2989 Πῶς
2996 2925 3053 2979 δέ
3086 2926 3136 2979 oi
3177 2924 3314 2977 θεῖοι
3362 2922 3509 2989 λόγοι
3549 2922 3646 2974 καὶ
3694 2920 3848 2989 μετά

2254 3018 2353 3091 τὴν
2378 3019 2534 3090 ξένην
2561 3019 2747 3073 ἄνοδον
2780 3018 2862 3072 ἔτι
2905 3017 3245 3087 κηρύσσουσι
3274 3014 3343 3068 τὰ
3382 3017 3451 3085 τῇ
3503 3012 3669 3081 σαρκὶ
3715 3012 3851 3065 δια-

569 3104 805 3159 divinam
826 3104 1115 3160 essentiam
1137 3106 1497 3173 assumpsisse
1523 3104 1684 3159 aliam
1712 3104 2012 3159 divinitatis
2064 3119 2150 3159 es—

2255 3115 2514 3184 φέροντα,
2550 3113 2611 3167 τὸ
2630 3112 2793 3167 πάλιν
2818 3111 3018 3175 ἐλθεῖν,
3049 3110 3110 3163 τὸ
3134 3108 3281 3163 κατᾶ
3295 3108 3387 3161 τὸν
3413 3106 3572 3160 αὐτὸν
3596 3103 3854 3174 ὀφθῆναι

572 3197 805 3252 sentiam
835 3211 902 3250 ex
926 3195 1100 3251 altera
1136 3195 1548 3264 provenientem
1590 3202 1813 3262 natura,
1861 3205 1919 3249 ut
1942 3208 2038 3264 per
2070 3204 2151 3247 ta-

570 3288 676 3342 lem
702 3287 1067 3342 accessionem
1099 3288 1501 3343 incrementum
1537 3288 1706 3355 illius,
1761 3290 1905 3357 quod
1961 3296 2152 3341 tta-tura

574 3380 775 3434 nullius
793 3380 1016 3448 indiget,
1034 3389 1088 3434 et
1104 3381 1403 3449 perfectum
1425 3390 1531 3445 est,
1551 3380 2022 3450 compararet?Ad
2044 3381 2158 3435 ιιαο

574 3472 843 3539 quomodo
871 3471 1051 3525 divina
1075 3472 1356 3541 Scriptura
1395 3473 1558 3527 etiam
1589 3480 1711 3541 post
1740 3471 1930 3525 miram
1961 3487 2154 3526 ascen-

574 3562 781 3617 sionem
814 3562 1088 3632 praedicat,
1121 3578 1240 3632 qua:
1268 3563 1453 3617 carnis
1495 3575 1622 3619 sunt
1670 3564 1909 3632 propria,
1966 3579 2158 3633 nempe

576 3664 796 3703 rursum
834 3660 1142 3716 venturum,
1166 3652 1465 3722 eodemque
1489 3654 1648 3708 modo
1680 3654 1858 3708 visum
1881 3654 1989 3707 iri?
2018 3654 2156 3707 Num

575 3742 783 3809 angelis
814 3744 979 3797 etiam
1034 3744 1428 3814 repugnabitis,
1469 3745 1562 3815 qui
1617 3758 1804 3815 aperte
1862 3748 2155 3802 dixerunt:

581 3834 681 3889 llic
695 3834 871 3901 Iesus,
893 3838 983 3906 qui
1010 3844 1311 3905 assumptus
1331 3846 1407 3890 est
1427 3855 1456 3891 a
1474 3839 1639 3905 vobis,
1666 3840 1742 3893 sic
1773 3841 1958 3905 veniet,
1980 3856 2161 3909 quem-

578 3928 869 3983 admodum
930 3926 1139 3981 vidistis
1191 3945 1309 3982 eum
1350 3931 1716 3984 ascendentem
1771 3932 1825 3983 in
1893 3931 2162 3984 cmlnm’?

579 4018 774 4076 Omnia
806 4020 873 4073 ad
928 4034 1151 4075 carnem
1211 4023 1624 4091 signiﬁcandam
1680 4024 1837 4092 plane
1881 4030 2155 4091 spectant.

578 4112 746 4168 illud:
770 4112 871 4167 Hic
902 4114 1085 4177 veniet,
1118 4115 1261 4169 sicut
1286 4116 1337 4169 in
1359 4122 1608 4186 corpore,
1632 4130 1773 4171 nunc
1797 4116 2016 4186 quidem
2044 4118 2156 4180 hic,

581 4222 723 4261 nunc
752 4218 929 4262 autem
963 4207 1072 4261 illic
1093 4218 1398 4276 perspecto,
1426 4208 1885 4273 Quemadmodum
1932 4208 2159 4271 vidistis,

583 4299 635 4353 id
656 4308 760 4362 est,
795 4300 975 4355 carnis
1005 4301 1197 4355 oculis.
1235 4298 1359 4354 Haec
1387 4302 1478 4370 qui
1528 4302 1604 4355 ita
1664 4315 1773 4356 non
1838 4302 2055 4370 accipit,
2117 4304 2163 4357 is

590 4392 893 4446 uonsoium
927 4394 1129 4463 angelis
1163 4404 1451 4462 repugnat,
1516 4408 1702 4448 verum
1761 4394 1928 4448 etiam
1986 4396 2162 4450 sacris

2256 3205 2488 3275 τρόπον;
2533 3204 2603 3257 Ἦ
2633 3204 2864 3265 καὶτοῖς
2891 3201 3148 3269 ἀγγέλοις
3190 3198 3412 3253 ἐναντία
3442 3196 3855 3267 νομοθετήσετε

2254 3298 2366 3357 τοῖς
2418 3293 2672 3365 είρηκόσι
2728 3290 2938 3360 σαφῶς,
2972 3286 3162 3356 Οὗτος
3201 3292 3234 3342 ό
3279 3287 3565 3356 ἰησοῦςό
3610 3285 3855 3353 ἀναλη-

2256 3388 2448 3457 φθεὶς,
2476 3386 2578 3455 ἀφ’
2612 3383 2803 3453 ὑμῶν,
2873 3377 3056 3447 οὗτος
3110 3380 3429 3436 ἐλεύσεται
3489 3377 3562 3431 ὃν
3608 3378 3849 3445 τρόπον

2256 3475 2588 3530 ἐθεάσασθε
2613 3474 2802 3528 αὑτὸν
2848 3471 3255 3540 πορευόμενον
3281 3472 3368 3537 είς
3395 3470 3502 3523 τὸν
3533 3468 3804 3536 οὐραγόν
3827 3480 3849 3529 ;

2259 3570 2444 3622 Πάντα
2487 3567 2623 3639 πρὸς
2672 3565 2913 3637 ἔμφασιν
2974 3563 3075 3633 τῆς
3110 3564 3333 3633 σαρκὸς,
3392 3561 3475 3622 τὸ,
3536 3556 3741 3625 οὗτος,
3786 3562 3848 3612 τὸ

2257 3662 2591 3725 ἐλεύσεται,
2623 3658 2698 3721 ὼς
2722 3659 2781 3711 ἐν
2810 3655 3027 3727 σώματι
3052 3654 3147 3709 νῦν
3203 3654 3302 3723 μέν
3346 3646 3472 3717 ὧδε,
3507 3650 3602 3705 νῦν
3636 3651 3695 3704 δέ
3738 3643 3846 3704 ὦδε

2261 3751 2638 3821 θεωρουμένῳ.
2684 3750 2781 3803 Ὃν
2811 3748 3015 3819 τρόπον
3066 3743 3392 3811 ἐθεάσασθε,
3434 3742 3682 3796 τουτέστι
3728 3746 3846 3806 τοῖς

2258 3845 2360 3914 τῆς
2394 3843 2596 3910 σαρκὸς
2626 3838 3120 3911 ὁφθαλμοῖς,ἆπερ
3151 3840 3179 3891 ὁ
3219 3837 3294 3909 μὴ
3334 3836 3623 3906 δεχόμενος
3669 3834 3843 3897 οὕτως

2259 3941 2320 3992 οὐ
2358 3940 2517 4008 μόνον
2548 3939 2662 4001 τοῖς
2692 3935 2945 4005 ἀγγέλοις
2980 3935 3234 4006 μάχεται,
3287 3932 3425 3988 ἀλλά
3452 3932 3548 3985 καὶ
3592 3934 3703 3994 τοῖς
3743 3931 3840 3984 τοῦ

2264 4031 2422 4099 ἁγίου
2448 4030 2765 4100 Πνεύματος
2794 4029 2959 4100 ἱεροῖς
2993 4026 3173 4096 λόγοις
3210 4025 3678 4080 ἀντικαθίσταται.
3715 4027 3839 4087 Πῶς

2262 4123 2581 4193 ἐντυγχάνει
2632 4122 2771 4191 ὑπὲρ
2816 4120 3022 4174 πολλῶν
3050 4120 3079 4171 ὁ
3111 4119 3390 4188 Δεσπότης
3435 4120 3710 4188 Χριστός;
3744 4117 3835 4180 Ὡς

2265 4217 2435 4284 Λόγος
2468 4214 2663 4285 μόνος;
2697 4213 2793 4266 καὶ
2837 4211 2939 4264 ποῦ
2985 4211 3057 4263 τά
3099 4209 3200 4276 τῆς
3246 4208 3514 4278 ὁμοτίμου
3569 4208 3699 4279 πρὸς
3742 4208 3835 4260 τὸν

2267 4308 2484 4376 Πατέρα
2513 4301 2872 4372 ἀξίας,εἱ’περ
2922 4300 3267 4369 ἐντυγχάνων
3316 4299 3572 4367 καθάπερ
3621 4298 3831 4351 ὑποδεέ-

2269 4413 2357 4450 στε
2370 4413 2479 4467 ρος,
2506 4396 2600 4449 καὶ
2625 4396 2687 4448 οὐ
2717 4394 2859 4465 μετὰ
2891 4392 3179 4453 αὑθεντίας
3206 4391 3511 4461 εὐεργετεῖ,
3562 4388 3674 4442 ἶσον
3701 4388 3833 4457 ἔχων

590 4484 824 4552 Spiritus
847 4485 1022 4539 sancti
1052 4486 1295 4539 'oraculis
1327 4485 1669 4541 adversatur.
1721 4485 2008 4551 Quomodo
2056 4488 2150 4541 ein-

2263 4488 2323 4540 τὺ
2360 4484 2857 4555 παντοδύναμονςῆ
2887 4482 3045 4553 δῆλον
3074 4482 3158 4536 ὅτι
3211 4482 3312 4551 τῆς
3363 4481 3619 4551 ἀπαρχῆς
3667 4480 3723 4530 τὸ
3748 4481 3831 4530 ὲν-

592 4576 819 4631 tcrcedit
845 4590 939 4644 pro
979 4578 1162 4631 multis
1187 4577 1447 4631 Dominus
1490 4577 1781 4632 Christus?
1818 4576 1889 4632 Ut
1920 4578 2158 4633 Verbum

586 4670 803 4723 solum?
836 4680 891 4725 et
920 4669 1009 4724 ubi
1046 4678 1133 4725 est
1164 4670 1389 4739 aequalis
1413 4684 1536 4724 cum
1570 4670 1734 4726 Patre
1788 4671 2048 4741 dignitas,
2110 4672 2157 4726 si

586 4775 841 4830 tanquam
876 4761 1099 4817 inferior
1127 4761 1434 4825 intercedit,
1493 4776 1598 4815 non
1630 4770 1808 4816 autem
1854 4777 1979 4817 cum
2025 4777 2159 4816 auc-

586 4859 806 4909 turitate
832 4856 1081 4925 largitur,
1111 4870 1232 4910 cum
1250 4854 1318 4909 sit
1336 4854 1540 4923 pariter
1568 4855 1913 4921 omnipotens
1932 4854 1955 4907 ?
1973 4852 2163 4909 Nonne

587 4948 926 5016 perspicuum
957 4958 1061 5011 est,
1093 4949 1209 5015 eius
1235 4962 1357 5002 esse
1387 4948 1477 5018 qui
1508 4946 1760 5017 primitias
1794 4945 2047 5010 dicitur,-
2067 4960 2167 5014 pro

592 5053 763 5092 massa
786 5042 1002 5108 propria
1029 5043 1383 5101 intercedere,
1404 5052 1459 5094 ut
1478 5056 1629 5095 suam
1655 5055 1779 5107 erga
1806 5040 1986 5093 carnis
2007 5048 2166 5091 natu-

591 5144 706 5183 ram
727 5129 1067 5185 aliectionem
1100 5133 1579 5199 ostendatiQuem
1608 5142 1788 5187 autem
1826 5146 1928 5184 non
1958 5139 2169 5183 moveat

589 5222 887 5275 clarissima
916 5223 1301 5291 Sapientissimi
1321 5225 1469 5280 Pauli
1489 5225 1823 5296 pmdicatio,
1848 5224 1938 5294 qui
1963 5240 1975 5277 ε
2005 5222 2166 5289 Deus,

591 5316 788 5387 inquit,
824 5316 1391 5386 ignoranliwlempora
1421 5318 1715 5385 despiciens
1748 5316 2026 5370 denuntiat
2055 5331 2169 5367 om-

594 5411 746 5463 nibus
783 5410 991 5485 ubigue,
1030 5418 1086 5462 ut
1112 5410 1474 5477 paenitentiam
1527 5420 1713 5478 agant,
1742 5410 1995 5479 quoniam
2041 5424 2171 5461 con-

594 5507 763 5557 stimit
792 5504 926 5557 diem
958 5505 1011 5555 in
1036 5520 1140 5574 qua
1161 5502 1505 5572 judicaturus
1549 5512 1626 5557 est
1661 5504 1835 5557 orbem
1886 5514 2169 5567 terrarum,

598 5602 653 5648 in
676 5598 912 5665 justitiu,
941 5599 996 5650 in
1026 5600 1159 5661 viro,
1187 5613 1287 5665 quo
1313 5596 1564 5664 deﬁnivit,
1593 5597 1749 5664 [idem
1786 5596 2022 5649 omnibus
2079 5593 2168 5662 [ac

600 5690 763 5749 ciens,
820 5691 994 5755 ipsum
1025 5690 1303 5744 amormis
1350 5691 1633 5743 suscitasse
1670 5690 1710 5743 ³.
1769 5688 1958 5743 Nettne
2017 5686 2168 5740 diﬂ'c-

688 5865 701 5893 '
743 5865 899 5924 Joan.
929 5882 966 5930 t,
1000 5869 1082 5923 li.
1162 5872 1179 5901 ’
1204 5870 1324 5926 Act.
1358 5887 1395 5935 ι,
1435 5871 1515 5924 ll.
1599 5866 1617 5898 ⁹
1645 5869 1762 5923 Act.
1793 5884 1923 5937 xm,
1956 5869 2047 5937 50,
2074 5869 2163 5923 3|.

2256 4580 2543 4652 τυγχάνειν
2575 4579 2716 4650 ὑπὲρ
2769 4576 2865 4630 τοῦ
2913 4573 3503 4645 οίκείουξφυράματος,
3560 4574 3645 4626 ἴνα
3693 4570 3833 4643 δείξῃ

2258 4674 2402 4741 πόση
2442 4670 2571 4736 περὶ
2600 4671 2700 4741 τὴν
2719 4669 2818 4740 τῆς
2846 4667 3045 4738 σαρκὸς
3077 4666 3239 4736 φύσιν
3272 4666 3308 4735 ἡ
3339 4665 3526 4735 σχέσις
3550 4682 3577 4737 3
3630 4664 3752 4716 Τίνα
3774 4662 3829 4713 δὲ

2258 4769 2359 4821 οὐκ
2414 4765 2664 4836 ἐντρέπει
2690 4761 2785 4815 τοῦ
2820 4762 3101 4829 πανσόφου
3142 4758 3359 4812 Παύλου
3427 4758 3489 4810 τὸ
3515 4757 3825 4829 τρανότατον

2259 4863 2545 4931 κήρυγμα,
2576 4859 2659 4911 ὅτι
2696 4854 2844 4920 Τοὺς
2867 4855 3128 4921 χρόνους
3148 4849 3260 4919 τῆς
3278 4850 3532 4919 ἀγνοίας
3550 4848 3828 4918 ὑπεριδὼν

2267 4956 2299 5005 d
2323 4953 2489 5017 Θεὸς,
2530 4946 2935 5016 παραγγέλλει
2973 4941 3123 4998 πᾶσι
3153 4940 3472 5009 πανταχοῦ
3512 4937 3825 5009 μετανοεῖν.

2266 5044 2470 5098 καθότι
2487 5042 2757 5107 ἔστησεν
2777 5038 3029 5107 ἡμέραν,
3050 5035 3120 5088 ἐν
3133 5027 3173 5104 ᾖ
3187 5031 3402 5100 μέλλει
3418 5032 3617 5100 κρῖναι
3637 5033 3741 5098 τὴν
3755 5031 3831 5081 ol-

2265 5133 2651 5205 κουμένηνέν
2679 5128 3058 5194 δικαιοσύνῃ,
3076 5126 3146 5179 ἐν
3159 5124 3331 5192 ἀνδρὶ
3349 5118 3399 5191 ᾧ
3417 5122 3620 5193 ὥρισε,
3641 5124 3828 5175 πίστιν

2266 5225 2600 5295 παρασχὼν
2613 5221 2824 5287 πᾶσιν,
2844 5218 3201 5285 ἀναστήσας
3212 5216 3404 5271 αὑτὸν
3415 5216 3483 5269 ἐκ
3500 5213 3733 5283 νεκρῶν.
3750 5208 3830 5279 Μὴ

2273 5318 2541 5389 ἀνῄρηται
2575 5316 2609 5385 ἡ
2642 5312 2875 5383 διαφορά
2897 5326 2911 5376 ;
2936 5311 3027 5378 Μὴ
3057 5309 3158 5361 οὐκ
3187 5304 3331 5373 εἷπε,
3354 5305 3489 5359 Θεὸν
3548 5308 3605 5357 ἐν
3650 5301 3823 5370 ἀνδρὶς

2273 5411 2366 5480 Μὴ
2390 5410 2490 5461 οὐκ
2512 5406 2680 5475 ἔδειξε
2703 5410 2795 5458 τὸν
2818 5404 3108 5473 ἐγείραντα
3125 5400 3281 5467 Θεὸν,
3311 5399 3408 5451 καὶ
3431 5398 3525 5452 τὸν
3548 5394 3826 5450 ἀναστάντα

2274 5502 2477 5572 ἄνδρα;
2515 5497 2658 5552 Ἀλλ’
2687 5499 2736 5551 εί
2763 5496 2858 5549 καὶ
2884 5495 2941 5547 τὸ
2963 5494 3222 5563 διάφορον
3254 5490 3447 5557 ἔδειξε,
3476 5490 3537 5543 τὸ
3556 5486 3829 5557 ἀχώριστον

2272 5594 2331 5646 οὐ
2359 5589 2709 5661 παρέλειψεν.
2739 5588 2813 5642 Ού
2846 5585 2956 5656 γὰρ
2985 5580 3127 5649 εἷπε,
3161 5582 3295 5637 Θεδν
3319 5582 3437 5654 μετ’
3464 5580 3661 5651 ἀνδρὸς,
3685 5572 3823 5637 ἀλλὰ,

2274 5684 2407 5738 Θεὸν
2438 5686 2496 5737 ὲν
2530 5680 2703 5752 ἀνδρί.
2742 5677 2865 5742 Πῶς
2896 5677 2955 5730 δέ
3002 5676 3267 5747 νοὴσομεν
3318 5675 3413 5728 καὶ
3435 5673 3516 5739 τὺ,
3573 5673 3825 5738 Ὄψονται
