4094 6300
564 430 702 494 1023

1807 430 2193 491 EUTHYMII
2234 430 2600 490 ZIGABENI

3704 419 3838 486 ιωι

560 548 716 617 piens
764 546 997 619 Cyrillus
1025 548 1210 612 seiret,
1259 549 1544 616 perspicue
1566 549 1716 616 dicit,
1772 567 1948 622 neque
2009 554 2152 607 inter

2260 552 2462 620 άμφοίν
2499 553 2639 606 κατὰ
2670 551 2769 620 τὴν
2806 550 3107 605 ὑπόστασιν
3136 550 3214 613 ἓν,
3245 545 3515 613 σώζεσθαι
3538 545 3596 600 δὲ
3620 547 3836 616 μᾶλλον.

563 654 623 695 se
706 650 930 694 naturas
988 640 1268 706 confundi,
1338 644 1481 711 quod
1537 644 1590 695 in
1646 658 1804 697 unam
1864 660 2150 713 personam

563 735 957 797 convenerint;
988 747 1165 801 neque
1216 733 1449 787 vicissim
1486 736 1671 796 dividi,
1707 740 1953 805 quamvis
1999 749 2151 790 utra-

564 840 669 891 que
699 823 989 877 secundum
1038 823 1303 876 rationem
1340 827 1587 879 essentia:
1634 838 1754 893 post
1814 829 2153 895 conjunctio-

563 929 686 967 nem
724 924 776 966 et
820 915 910 974 sit,
949 921 1003 967 ct
1034 925 1268 981 maneat,
1302 925 1353 969 et
1388 916 1722 986 intelligatur
1748 933 1869 971 cum
1923 922 2152 976 naturali

564 1006 894 1075 proprietate
947 1017 1001 1062 et
1037 1007 1361 1075 diiTerentia,
1401 1025 1507 1078 qua
1551 1022 1605 1064 et
1669 1013 1901 1066 Verbum
1960 1024 2154 1068 natura

546 1099 706 1190 §Deus
739 1106 844 1161 est,
870 1113 976 1152 non
1008 1110 1188 1153 autem
1234 1115 1383 1164 caro,
1415 1102 1540 1156 licet
1569 1119 1662 1171 per
1693 1105 2153 1174 dispensationem

527 1192 781 1261 .5carnem
817 1189 1086 1257 propriam
1116 1189 1378 1252 elTecerit,
1407 1202 1459 1245 et
1493 1208 1621 1246 caro
1652 1203 1733 1248 est
1764 1205 1958 1247 natura
2001 1210 2151 1261 caro,

542 1266 669 1333 inou
699 1287 879 1333 autem
916 1279 1076 1345 Deus,
1109 1281 1235 1336 licet
1272 1282 1363 1336 Dei
1406 1284 1560 1337 Verbi
1604 1287 1817 1353 propria
1851 1286 1988 1339 facta
2058 1288 2149 1341 sit.

564 1370 755 1425 Nonne
785 1373 950 1439 igitur
977 1375 1369 1437 necessarium,
1393 1384 1447 1428 et
1477 1377 1643 1443 pium,
1670 1387 1726 1431 et
1746 1392 2044 1445 congruum
2072 1390 2157 1433 est

537 1450 750 1528 {dicere
811 1481 876 1518 ex
922 1466 1138 1519 Patrum
1193 1470 1457 1533 doctrinm,
1521 1479 1639 1538 post
1720 1470 2155 1537 conjunctiOnent

565 1554 926 1609 diﬂ‘erentiam
958 1558 1187 1617 servari,
1212 1569 1263 1612 et
1298 1558 1432 1612 duas
1472 1561 1521 1613 in
1587 1576 1692 1615 uno
1731 1560 1948 1616 Christo
1996 1573 2157 1616 natu-

569 1662 674 1710 ras,
704 1663 771 1700 ex
809 1649 1033 1715 quibus,
1072 1660 1158 1703 est
1204 1660 1390 1706 tenere
1424 1662 1545 1720 post
1605 1669 1792 1707 earum
1820 1656 2158 1721 conjunctio-

569 1755 711 1801 nem,
760 1756 990 1808 quarum
1039 1752 1115 1795 est
1180 1743 1530 1798 diﬂerenlia?
1590 1744 1822 1801 Necesse
1869 1748 2009 1802 enim
2047 1760 2151 1815 est,

566 1847 685 1882 rum
740 1833 984 1899 quaedam
1044 1834 1318 1898 dilTerant,
1368 1851 1488 1889 esse
1545 1836 1927 1901 dill‘erentiam,
1988 1850 2041 1894 et
2067 1841 2155 1894 ubi

2257 651 2352 703 καὶ
2387 649 2568 717 μένειν
2602 648 2739 701 καθὸ
2770 647 3035 716 ἑκάτερον
3090 642 3229 697 εἶναι
3271 646 3337 713 τῇ
3383 642 3544 712 οὐσίᾳ
3611 641 3838 708 πέφυκε.

2257 740 2435 793 Τοῦτο
2453 742 2563 808 γὰρ
2585 740 2678 790 καὶ
2709 742 2735 791 ὁ
2762 736 2925 805 σοφὸς
2972 737 3335 804 ἐπιστάμενος
3386 732 3655 802 Κύριλλος
3697 731 3842 801 διαρο

2260 834 2428 903 ρήδην
2453 834 2587 902 φησί
2624 833 2761 901 μήτε
2795 829 3166 899 συγκεχῦσθαι
3197 825 3459 895 ἀλλήλαις
3508 826 3609 886 τὰς
3659 825 3842 891 φύσεις

2257 927 2336 997 τῷ
2368 926 2501 996 πρὸς
2539 924 2670 994 μίαν
2714 922 2990 976 συντελεῖν
3022 920 3321 973 ὑπόστασιν
3355 917 3451 972 τοῦ
3505 917 3660 979 ἴτίοὗ,
3714 918 3842 985 μήτε

2258 1016 2546 1089 διῃρῆσθαι
2574 1015 2819 1085 ἀλλήλων
2858 1012 2934 1084 τῷ
2962 1014 3153 1083 ἕτερον
3197 1013 3291 1064 καὶ
3324 1010 3511 1079 ἓτερον
3571 1010 3715 1062 κατά
3759 1010 3845 1061 τὸν

2258 1109 2490 1177 οὑσιώδη
2544 1108 2702 1176 λόγον
2733 1104 2876 1160 εῖναί
2904 1124 2986 1170 τε,
3038 1108 3134 1158 καί⁵
3193 1104 3396 1175 μένειν,
3464 1104 3562 1155 καὶ
3613 1102 3845 1157 νοεῖσθαι

2262 1204 2401 1271 μετὰ
2456 1203 2554 1272 τὴν
2602 1201 2799 1254 ἓνωσιν
2856 1203 2951 1252 καὶ
2989 1200 3231 1267 ἑκάστην
3263 1196 3402 1266 μετά
3459 1195 3559 1264 τῆς
3614 1194 3847 1261 φυσικῆς

2262 1292 2524 1362 ἰδιότητος
2576 1291 2672 1343 καὶ
2702 1291 2984 1360 διαφορᾶς,
3028 1286 3155 1340 καθ’
3192 1287 3261 1359 ἢν
3308 1286 3336 1338 ὃ
3379 1302 3440 1337 τε
3494 1285 3672 1350 Λόγος
3724 1283 3851 1344 Θεός

2258 1386 2375 1438 ἐστι
2412 1382 2552 1436 κατὰ
2579 1382 2761 1451 φύσιν,
2787 1380 2881 1434 καὶ
2910 1381 2973 1433 οὑ
3008 1379 3164 1450 σάρξ,
3196 1381 3243 1431 εἰ
3289 1378 3385 1431 καὶ
3439 1375 3651 1428 οἰκείαν
3702 1376 3851 1426 ἐποιο

2260 1479 2432 1543 ἠσατο
2455 1476 2554 1546 τὴν
2585 1478 2766 1544 σάρκα
2797 1473 3176 1542 οἰκονομικῶς.
3205 1472 3313 1525 Καὶ
3340 1472 3374 1541 ὴ
3403 1469 3535 1537 σὰρξ
3571 1466 3715 1537 σάρξ
3742 1468 3851 1517 ἐστι

2260 1569 2400 1622 κατὰ
2418 1568 2598 1636 φύσιν,
2633 1564 2728 1618 καὶ
2751 1565 2812 1618 οὑ
2841 1565 2998 1629 Θεὸς,
3033 1565 3081 1616 εἰ
3105 1566 3200 1617 καὶ
3237 1562 3342 1616 ἱδία
3370 1564 3559 1630 γέγονε
3598 1560 3698 1612 τοῦ
3720 1557 3849 1611 Θεοῦ

2260 1660 2436 1726 Λόγου
2481 1658 2568 1711 διὰ
2597 1656 2698 1727 τὴν
2730 1655 2947 1711 ἕνωσιν.
2985 1654 3109 1717 Πῶς
3138 1654 3228 1707 οὖν
3259 1656 3360 1705 οὐκ
3405 1653 3731 1719 ἀναγκαῖον,
3766 1649 3847 1700 εὑ-

2261 1746 2417 1808 σεὸές
2454 1763 2535 1811 τε,
2555 1747 2649 1799 καὶ
2680 1745 2889 1815 πρέπον
2917 1746 3056 1798 κατὰ
3094 1745 3193 1813 τὴν
3222 1744 3335 1796 τῶν
3387 1742 3648 1810 ιῐατέρων
3709 1739 3853 1792 διδα-

2263 1837 2490 1890 σκαλίαν
2522 1837 2781 1904 λέγοντας
2802 1837 2901 1907 τὴν
2932 1834 3196 1905 διαφορὰν
3235 1835 3374 1905 μετὰ
3407 1834 3506 1903 τὴν
3530 1833 3733 1885 ἕνωσιν
3758 1831 3855 1884 σώο

568 1918 866 1973 diti‘erentia
892 1924 995 1987 est,
1014 1923 1083 1974 ibi
1106 1923 1288 1991 aliqua
1313 1925 1527 1979 dill‘erre
1552 1942 1567 1991 ;
1597 1928 1710 1980 haec
1733 1928 1875 1982 enim
1900 1930 2155 1999 quodam-

2266 1927 2454 1991 ζεσθαι
2477 1927 2573 1979 καὶ
2603 1927 2703 1987 τὰς
2743 1926 2836 1977 δύο
2872 1917 3063 1995 φύσεις
3094 1921 3235 1979 εἷναί
3280 1942 3341 1977 τε
3373 1924 3467 1977 καὶ
3497 1922 3778 1987 σώζεσθαι
3802 1924 3855 1973 ἐν

570 2012 728 2063 modo
783 2027 901 2065 sese
952 2012 1185 2066 vicissim
1236 2015 1613 2070 introducunt:
1649 2018 1724 2071 uti
1780 2028 1907 2073 sunt
1962 2034 2161 2081 causae,

567 2112 621 2153 et
664 2116 783 2169 qua:
809 2118 837 2155 a
886 2106 1072 2157 causis
1103 2104 1543 2172 proficiscuntur,
1576 2108 1772 2177 quippe
1802 2125 1920 2177 quae
1946 2121 2161 2165 suntex

566 2210 751 2246 eorum
809 2211 1053 2260 numero,
1088 2212 1208 2265 qua:
1243 2212 1362 2252 cum
1413 2199 1590 2268 aliquo
1652 2203 2033 2258 conferuntur.
2101 2203 2161 2267 Si

567 2286 709 2338 enim
741 2289 995 2340 essentia:
1034 2288 1320 2343 diversitas
1358 2306 1545 2343 eorum
1597 2307 1660 2346 ex
1696 2274 1891 2362 quibus
1948 2305 2160 2350 constat

566 2378 818 2431 (Ihristus
851 2386 1103 2447 tanquam
1135 2395 1295 2435 causa
1358 2384 1411 2434 in
1456 2398 1520 2437 eo
1570 2386 1849 2439 constituit
1899 2387 2161 2443 dili‘ereu-

569 2468 719 2532 tiam,
756 2477 810 2524 et
841 2468 954 2539 ipsa
991 2486 1216 2540 prorsus
1278 2472 1584 2529 diﬂ‘erentia
1640 2484 1894 2546 tanquam
1943 2480 2011 2534 ab
2072 2480 2161 2534 illa

567 2575 728 2615 causa
791 2562 1347 2629 proveniensiudicat
1420 2568 1722 2622 naturalem
1788 2585 1976 2623 eorum
2039 2586 2160 2641 quae

567 2653 855 2720 conjuncta
875 2665 1022 2719 sunt,
1055 2656 1442 2710 diversitatem.
1477 2658 1603 2713 llam
1631 2660 1798 2726 enim,
1820 2672 1877 2715 ut
1901 2663 2157 2722 diximus.

568 2760 686 2799 sese
709 2755 892 2801 mutuo
917 2748 1209 2817 respiciunt
1233 2758 1281 2803 et
1309 2760 1735 2819 consequuntur,
1768 2765 1823 2804 ut
1851 2767 1970 2806 cum
1998 2769 2162 2809 unum

568 2836 797 2900 dlCiIllll‘,
831 2854 1049 2893 necesse
1084 2842 1154 2893 sit
1186 2844 1411 2895 alterum
1443 2844 1603 2897 etiam
1650 2844 1919 2907 centiteri,
1950 2856 2004 2899 et
2056 2862 2164 2901 uno

568 2930 776 2980 sublato
804 2929 1031 2981 alterum
1062 2931 1224 2982 etiam
1269 2932 1401 2983 tolli.
1435 2932 1657 2999 Oporict
1716 2934 1900 3003 igitur,
1940 2944 1997 2989 nt
2023 2936 2159 2990 duas

567 3020 809 3074 dicamus
848 3031 1093 3079 naturas.
1121 3037 1186 3076 ne
1218 3025 1415 3076 nudam
1464 3026 1819 3078 dill'erentiam
1855 3026 2165 3080 introduca-

568 3126 708 3174 mus,
742 3120 795 3165 et
828 3112 896 3171 ,in
957 3113 1057 3165 hoc
1112 3113 1227 3167 solo
1282 3114 1635 3169 adhibeamus
1693 3132 1998 3183 numerum,
2053 3132 2163 3187 quo

566 3202 922 3257 dilierentiam
960 3220 1146 3258 eorum
1177 3223 1296 3274 qua:
1344 3208 1632 3276 c0ujuucra
1667 3219 1816 3272 sunt,
1859 3210 1927 3262 it-a
1970 3225 2158 3264 mane-

2267 2019 2346 2084 τῷ
2369 2020 2447 2071 ἑνὶ
2473 2017 2712 2087 Χριστῷ,
2755 2017 2814 2083 ἐξ
2864 2013 2939 2071 ὧν
2967 2018 3060 2071 καὶ
3094 2016 3211 2070 ἐστι
3264 2015 3509 2080 δοξάζειν
3571 2012 3716 2084 μετὰ
3762 2013 3855 2081 τὴν

2268 2109 2483 2176 ἕνωσιν,
2523 2102 2597 2160 ὧν
2627 2109 2660 2179 ή
2699 2106 2960 2177 διαφορά;
2994 2107 3149 2159 Πᾶσα
3176 2107 3285 2176 γάρ
3320 2123 3434 2168 πως
3458 2105 3675 2174 ἀνάγκη
3697 2103 3854 2156 τινῶν

2268 2202 2634 2271 διαφερόντων
2658 2196 2798 2254 εἶναι
2822 2200 3004 2253 πᾶσαν
3027 2199 3313 2269 διαφορὰν,
3362 2197 3454 2251 καὶ
3476 2197 3602 2251 ὅπου
3654 2198 3851 2249 νοεῖται

2270 2292 2410 2347 εἶναι
2436 2295 2725 2365 διαφορὰν,
2757 2293 2985 2346 δυνατὸν
3016 2293 3134 2346 ἐκεῖ
3168 2293 3438 2361 ὑπάρχειν
3476 2293 3702 2353 πάντως
3764 2292 3851 2343 καὶ

2269 2383 2713 2454 τὰδιαφέροντα.
2776 2382 3227 2450 Συνεισαγωγικὰ
3270 2382 3382 2449 γάρ
3430 2398 3554 2434 τινα
3604 2380 3851 2450 ἀλλήλων

2268 2478 2470 2546 τρόπον
2494 2475 2613 2529 τινὰ
2644 2473 2713 2527 τὰ
2757 2472 2991 2528 τοιαῦτα
3049 2472 3179 2525 ὄντα
3230 2472 3512 2542 τυγχάνει,
3548 2469 3747 2541 ὥσπερ
3790 2472 3853 2524 τά

2270 2568 2418 2621 αῐτια
2449 2568 2542 2620 καὶ
2570 2568 2639 2621 τὰ
2658 2564 2897 2627 αἰτιατά,
2927 2565 3003 2629 ὡς
3023 2565 3158 2635 πρός
3188 2581 3240 2616 τι
3277 2564 3559 2633 νοούμενα.
3617 2564 3688 2617 Εἰ
3748 2566 3849 2634 γὰρ

2270 2658 2553 2728 ποιητικόν
2575 2658 2691 2710 ἐστι
2718 2657 2815 2727 τῆς
2843 2657 2900 2709 ὲν
2923 2654 3144 2725 Χριστῷ
3181 2654 3444 2724 διαφορᾶς
3484 2655 3544 2707 τὸ
3597 2654 3851 2725 ἑτεροούο

2272 2767 2385 2802 σιον
2398 2750 2506 2801 τῶν
2532 2749 2592 2813 ἐξ
2610 2741 2687 2802 ὧν
2727 2748 3079 2817 συνέστηκεν,
3110 2746 3185 2809 ὡς
3203 2747 3399 2810 αἰτιον,
3440 2746 3660 2807 πάντως
3689 2748 3783 2798 καὶ
3814 2748 3844 2815 ἠ

2268 2842 2499 2912 διαφορὰ
2533 2840 2805 2912 δηλωτικὴ
2837 2840 3118 2909 τυγχάνει,
3162 2839 3237 2902 ὡς
3291 2840 3532 2891 αἰτιατὸν
3588 2839 3695 2907 τῆς
3751 2840 3854 2891 τῶν

2270 2932 2579 2986 ἑνωθέντων
2624 2929 2859 2999 φυσικῆς
2921 2928 3273 2999 ἑτερότητος,
3318 2928 3394 2991 ὡς
3457 2928 3592 2991 ἰδίας
3650 2928 3852 2991 αἰτίας.

2269 3023 2694 3092 Συνεισάγεσθαι
2726 3022 2853 3092 γὰρ,
2873 3022 2949 3084 ὡς
2987 3020 3228 3090 εἴρηται,
3249 3020 3500 3089 ἀλλήλοις
3525 3020 3592 3073 τὰ
3624 3020 3859 3074 τοιαῦτα

2269 3119 2502 3185 πέφυκε,
2542 3117 2637 3171 καὶ
2683 3114 2984 3184 λεγομένου
3042 3113 3297 3179 θατέρου,
3358 3113 3571 3182 ἀνάγκη
3634 3113 3863 3177 πάντως

2268 3208 2669 3279 ὁμολογεῖ-ικαὶ
2698 3207 2759 3258 τὸ
2806 3206 3013 3274 ἕτερον.
3075 3204 3185 3258 Καὶ
3239 3201 3634 3272 ἀναιρουμένου
3695 3204 3865 3256 πάλιν

564 3309 622 3349 re
653 3296 1102 3361 demonstremus,
1135 3308 1192 3351 ut
1249 3314 1311 3352 ea
1380 3308 1500 3367 post
1541 3299 1979 3364 conjunctiuuem
2034 3318 2153 3357 ser-

2260 3299 2397 3361 ένὸς,
2432 3298 2566 3368 μηδὲ
2592 3298 2651 3348 τὸ
2677 3297 2862 3364 ἓτερον
2881 3296 3062 3363 λέγειν
3093 3290 3233 3347 εἶναι
3258 3294 3578 3346 ἀκόλουθον.
3634 3295 3734 3345 Δεῖ
3766 3290 3863 3346 οὖν

564 3397 780 3452 ventur,
818 3403 922 3440 non
955 3399 1135 3442 autem
1169 3389 1498 3444 dividantur.

2264 3393 2360 3445 καὶ
2386 3392 2480 3444 δύο
2515 3390 2698 3459 λέγειν
2728 3390 2941 3457 φύσεις,
2986 3387 3074 3441 ἵνα
3115 3387 3190 3457 μὴ
3223 3386 3386 3455 ψιλὴν
3445 3387 3545 3457 τὴν
3584 3387 3857 3458 διαφορὰν

565 3484 967 3552 εἰσαγάγωμεν,
1018 3485 1113 3537 καὶ
1170 3486 1264 3537 ἐπὶ
1314 3486 1490 3557 τούτῳ
1532 3489 1677 3557 μόνῳ
1726 3489 2047 3557 κεχρῆσθαι,
2093 3489 2189 3558 τῷ
2224 3486 2445 3558 ἀριθμῴ
2505 3486 2645 3555 πρὸς
2699 3485 2930 3554 δήλωσιν
3002 3480 3092 3534 τοῦ
3147 3483 3516 3553 μεμενηκέναι
3565 3482 3676 3538 τῶν
3733 3500 3854 3535 συν-

566 3576 825 3629 ελθόντων
881 3577 980 3647 τὴν
1013 3577 1296 3648 διαφορὰν,
1343 3578 1419 3642 ὡς
1454 3581 1774 3651 σωζομένων
1826 3584 1963 3651 μετὰ
2002 3581 2099 3649 τὴν
2149 3583 2363 3647 ἕνωσιν,
2426 3578 2519 3632 καὶ
2549 3578 2609 3631 οὑ
2644 3576 3010 3648 διῃρημένων.

570 3688 843 3758 Ejusdem,
875 3705 937 3743 ea:
970 3692 1225 3747 oratione.
1249 3708 1352 3760 qua
1383 3692 1727 3755 demonstrat,
1761 3710 1874 3747 eam
1904 3711 2005 3746 non
2039 3709 2153 3745 esse

640 3761 895 3833 rationem
934 3762 1157 3833 numeri,
1191 3772 1243 3814 ιιι
1279 3764 1584 3817 divisionem
1641 3781 1821 3817 eorum
1862 3770 1925 3817 de
1963 3764 2154 3833 quibus

637 3831 858 3893 dicitur,
894 3831 1109 3899 aﬂ'erat.

638 3942 827 3998 Omnis
872 3960 1129 3999 numerus
1161 3946 1249 4014 qui
1289 3961 1393 4012 res,
1427 3963 1548 4015 qum
1606 3949 1922 4009 exsistendi.
1983 3952 2161 4003 subsi-

570 4034 815 4087 SluniliVe
850 4035 1053 4089 ratione
1080 4037 1220 4089 inter
1249 4052 1304 4089 se
1334 4036 1607 4101 dill'ernut,
1634 4052 1764 4106 quat
1818 4040 1946 4102 sint,
1980 4048 2162 4092 osten-

579 4128 656 4177 dit
693 4142 876 4179 carum
906 4126 1410 4192 differentiammou
1441 4138 1618 4181 autem
1654 4128 1897 4181 habitum
1932 4129 2156 4183 indicat.

573 4216 686 4269 lloe
721 4232 901 4271 autent
932 4232 1055 4271 vere
1083 4219 1159 4273 sic
1204 4219 1427 4283 habere,
1490 4235 1816 4290 oumemque
1877 4238 2158 4277 numcrttm

576 4308 953 4373 diﬂ'erentiam,
981 4324 1083 4363 nou
1115 4321 1294 4364 autem
1333 4311 1648 4365 divisionem
1705 4313 1963 4380 indicare,
1998 4331 2158 4370 sauc-

576 4398 821 4452 tissimus
879 4400 1005 4452 item
1060 4400 1296 4469 Cyrillns
1348 4403 1401 4455 in
1458 4404 1691 4472 epistola
1751 4405 1817 4459 ad
1872 4405 2151 4475 Eulogium

2262 3692 2374 3747 Τοῦ
2437 3690 2622 3744 αὐτοῦ
2674 3693 2742 3743 ἐκ
2792 3690 2897 3744 τοῦ
2926 3691 3115 3758 λόγου
3146 3689 3253 3743 τοῦ
3281 3688 3375 3742 ὅτι
3421 3692 3453 3742 ό
3499 3689 3852 3758 ἀριθμὸςώ

2326 3761 2629 3829 διαίρεσιν
2673 3761 2900 3830 εἰσάγει
2959 3754 3110 3814 κατὰ
3143 3762 3251 3813 τὸν
3306 3759 3464 3812 ἴδιον
3516 3754 3605 3824 οἷς
3636 3754 3853 3814 ’ἐπιλέ-

2330 3848 2524 3901 γεται.

2333 3945 2450 4003 Πᾶς
2480 3942 2715 4013 ἀριθμὸς
2746 3942 2915 3997 ποσοῦ
2942 3960 3107 3996 τινων
3156 3942 3530 4014 διαφερόντων
3570 3944 3710 4001 κατὰ
3760 3944 3850 3998 τὸν

2261 4035 2355 4087 τοῦ
2393 4033 2508 4096 πῶς
2535 4030 2677 4086 εἶναι
2709 4033 2741 4103 ἢ
2768 4032 2861 4087 τὸν
2903 4033 2997 4086 τοῦ
3053 4034 3350 4101 ὑφεστάναι
3389 4035 3545 4103 λόγον
3595 4036 3849 4107 ὑπάρχων

2261 4127 2590 4197 δηλωτικὸς,
2611 4127 2711 4196 τῆς
2735 4128 3003 4198 διαφορᾶς
3049 4126 3160 4180 τῶν
3203 4126 3610 4197 ὑποκειμένων,
3660 4135 3749 4182 καὶ
3784 4130 3846 4182 οὑ

2256 4220 2356 4287 τῆς
2385 4217 2626 4289 σχέσεώς
2662 4219 2810 4271 ἐστιν
2839 4219 3211 4287 ἐπαγωγικός.
3238 4220 3361 4272 Ὀτι
3404 4221 3462 4273 δὲ
3492 4221 3646 4275 ταῦθ’
3680 4221 3843 4283 οὕτως

2261 4311 2381 4379 ἔχει
2423 4311 2510 4362 ἐπ’
2532 4309 2706 4378 αὐτῆς
2738 4309 2839 4379 τῆς
2864 4309 3146 4380 ἀληθείας,
3181 4312 3269 4363 καὶ
3322 4313 3407 4364 ὅτι
3472 4315 3584 4376 πᾶς
3622 4314 3841 4383 amona-bc

2253 4404 2540 4473 διαφορᾶς,
2580 4403 2675 4456 καὶ
2704 4404 2763 4455 οὺ
2785 4401 3105 4472 διαιρέσεως
3124 4404 3241 4455 ἐστι
3271 4403 3595 4471 δηλωτικός,
3644 4422 3835 4474 μαρτυο

574 4490 775 4558 scripta
818 4492 895 4544 sic
922 4494 986 4545 ad
1020 4492 1239 4546 verbum
1285 4496 1527 4551 scribens
1557 4506 1785 4551 testatur
1826 4514 1891 4550 τι
1952 4499 2149 4553 Eodem

2261 4496 2345 4564 ρεῖ
2374 4495 2450 4563 τῷ
2478 4494 2623 4564 λόγῳ
2646 4493 2810 4545 πάλιν
2834 4496 2862 4547 ὁ
2885 4494 3191 4559 ἅγιὼτατος
3221 4495 3518 4564 Κύριλλος,
3554 4499 3644 4549 καὶ
3696 4499 3748 4549 ὲν
3770 4498 3833 4564 τῇ

575 4580 734 4634 modo
766 4581 1037 4649 loquimur
1064 4592 1118 4633 et
1148 4582 1213 4636 de
1256 4581 1523 4649 Nestorio,
1555 4585 1643 4654 qui
1674 4584 1799 4639 licet
1841 4586 1972 4640 duas
1993 4597 2149 4641 natu-

540 4662 543 4665 ’
576 4690 663 4729 ras
690 4673 855 4739 dicat,
886 4674 1201 4746 signiﬁcatis
1230 4673 1586 4729 differentiam
1636 4678 1819 4732 carnis
1850 4690 2014 4748 atque
2057 4677 2154 4733 Dei

572 4770 766 4833 Verbi,
823 4770 1038 4823 anobis
1097 4778 1276 4821 tamen
1315 4766 1590 4834 dissentit,
1644 4772 1770 4840 quia
1820 4772 2155 4842 conjunctio—

575 4875 698 4915 nem
740 4876 843 4935 non
881 4861 1208 4926 confitetur;
1250 4874 1349 4914 nos
1390 4861 1534 4914 enim
1566 4862 1678 4917 haec
1740 4862 2153 4933 conjungentes,

572 4968 740 5006 Unum
786 4951 1083 5016 Christum,
1115 4966 1279 5004 unum
1342 4948 1634 5005 Dominum
1691 4952 2033 5018 conﬁtemur,
2101 4962 2157 5009 et

570 5044 854 5109 deinceps,
903 5057 1066 5094 unam
1138 5039 1297 5095 Verbi
1349 5051 1599 5096 naturam
1654 5059 1874 5101 carnem
1937 5060 2149 5100 assum-

570 5133 767 5204 psisse.
814 5150 832 5182 ι
887 5130 1040 5197 Quod
1074 5132 1295 5198 perinde
1336 5142 1417 5187 est
1457 5148 1521 5187 ac
1554 5134 1598 5187 si
1632 5134 1842 5191 diceret
1873 5154 1887 5191 :
1920 5134 2031 5193 Nos
2064 5152 2154 5191 sa-

571 5222 964 5291 pientissimum
1000 5223 1237 5292 mysterii
1263 5223 1544 5277 consilium
1574 5226 1984 5281 considerantes
2031 5241 2153 5282 cum

572 5313 1013 5370 concurrentium
1050 5325 1364 5367 naturarum
1398 5313 1763 5372 diﬂerentiam
1794 5333 2014 5374 servare
2056 5334 2149 5374 vo-

572 5411 752 5463 lumus
783 5420 904 5476 p05t
933 5406 1393 5476 conjunctionem,
1433 5409 1569 5463 duas
1604 5410 1660 5463 in
1698 5411 1804 5465 hoc
1832 5419 1887 5466 et
1911 5412 2027 5467 solo
2058 5428 2154 5465 na-

574 5509 720 5553 turas
748 5498 1002 5565 dicimus,
1050 5498 1505 5567 contemplatione
1531 5501 1816 5571 duntaxat,
1872 5520 2154 5561 numerum

572 5591 888 5643 adhibentes
942 5592 1006 5643 ad
1047 5588 1415 5644 dilferentiam
1470 5590 1973 5661 demonstrandam,
2030 5609 2153 5651 cum

574 5692 755 5737 autem
798 5697 1050 5734 arcanam
1108 5683 1356 5749 mysterii
1430 5686 1829 5754 conjunctionis
1889 5688 2151 5743 rationem

576 5774 882 5826 accuratius
919 5772 1291 5839 proponimus,
1332 5789 1492 5826 unam
1526 5774 1614 5829 Dei
1681 5773 1838 5830 Verbi
1902 5786 2150 5831 naturam

579 5877 794 5917 carnem
824 5861 1054 5915 dicimus
1091 5865 1465 5931 υςειιιιῳεὶεευ.
1508 5866 1561 5919 Μ
1593 5866 1735 5920 enim
1796 5867 2029 5923 arbitror
2088 5884 2151 5924 ea

2260 4584 2399 4653 πρὸς
2432 4584 2688 4652 Εὑλόγιον
2732 4585 2990 4653 ἐπιστολῇ
3025 4585 3255 4652 γράφων
3283 4584 3460 4647 οὕτως
3495 4586 3589 4637 ἐπὶ
3616 4585 3797 4655 λέξεως
3819 4602 3830 4612 ·

2261 4675 2423 4728 Οὕτω
2445 4676 2541 4729 καὶ
2569 4676 2670 4728 ἐπὶ
2698 4677 3049 4744 Νεστορίου,
3071 4674 3190 4729 κᾶν
3225 4677 3377 4745 λέγῃ
3432 4676 3547 4731 δύο
3607 4680 3829 4747 φύσεις,

2228 4766 2575 4834 ⁴σημαίνων
2631 4765 2746 4833 τὴν
2798 4765 3092 4834 διαφορὰν
3146 4765 3256 4835 τῆς
3313 4768 3550 4835 σαρκὸς
3601 4769 3693 4821 καί
3734 4764 3826 4818 τοῦ

2262 4858 2411 4912 Θεοῦ
2442 4858 2660 4925 Λόγου,
2703 4858 2843 4913 ἀλλ’
2892 4857 3095 4912 οὐκέτι
3136 4859 3249 4924 τὴν
3293 4859 3522 4913 ἕνωσιν
3576 4856 3831 4929 ὁμολογεῖ

2252 4950 2383 5018 μεθ’
2439 4947 2630 5017 ἡμῶν.
2695 4949 2899 5019 Ἡμεῖς
2954 4950 3064 5019 γὰρ
3115 4949 3457 5015 ἑνώσαντες
3489 4953 3689 5016 ταῦτα,
3730 4950 3826 5002 ἕνα

2257 5043 2538 5109 Χριστὸν,
2570 5042 2679 5096 ἕνα
2707 5044 2933 5111 Κύριον
2981 5042 3421 5113 ὁμολογοῦμεν,
3478 5046 3577 5099 καὶ
3633 5043 3826 5097 λοιπὸν

2252 5135 2407 5203 μίαν
2442 5134 2557 5202 τὴν
2578 5136 2684 5189 τοῦ
2706 5137 2903 5204 Λόγου
2924 5136 3120 5204 φύσιν
3159 5138 3659 5207 σεσαρκωμέγην.
3722 5135 3825 5186 '06-

2257 5226 2378 5282 ανεί
2411 5227 2619 5295 ἔλεγεν,
2651 5228 2733 5280 ὅτι
2763 5229 2927 5298 ἡμεῖς
2976 5226 3075 5297 τὴν
3125 5228 3221 5282 τοῦ
3272 5231 3579 5301 μυστηρίου
3632 5233 3823 5283 Biano-

2258 5318 2492 5382 ποῦντες
2534 5319 2813 5387 πάνσοφον
2843 5319 3183 5387 οἰκονομίαν,
3242 5321 3374 5373 ὅταν
3439 5323 3538 5393 μὲν
3577 5318 3820 5384 σώζεσθαι

2255 5409 2533 5465 δεικνύναι
2565 5410 2888 5480 βουλώμεθα
2915 5410 3025 5464 τῶν
3056 5412 3422 5465 συνελθόντων
3456 5415 3555 5483 τὴν
3582 5408 3817 5479 διαφορὰν

2261 5502 2401 5574 μετὰ
2434 5502 2532 5573 τὴν
2556 5503 2773 5567 ἕνωσιν,
2807 5503 2901 5556 δύο
2932 5504 3077 5558 κατὰ
3105 5503 3267 5558 τοῦτο
3308 5507 3406 5559 καὶ
3440 5507 3595 5576 μόνον
3614 5506 3702 5565 τὰς
3721 5500 3813 5568 φύε

2258 5612 2372 5657 σεις
2402 5594 2635 5663 λέγομεν
2665 5594 2810 5647 κατὰ
2850 5594 3017 5665 μόνην
3039 5595 3139 5665 τὴν
3179 5594 3415 5663 θεωρίαν
3454 5596 3585 5666 πρὸς
3609 5594 3814 5663 δήλωσιν

2256 5687 2356 5756 τῆς
2382 5686 2647 5757 διαφορᾶς
2687 5689 2779 5740 τὸν
2837 5688 3073 5757 ἀριθμὸν
3130 5689 3643 5759 παραλαμϐάνοντες
3670 5699 3682 5713 ·
3730 5682 3810 5734 ὅτε

2255 5778 2311 5830 δὲ
2355 5782 2447 5829 τὸν
2508 5778 2747 5848 ἄρρητον
2805 5777 2897 5830 τοῦ
2959 5779 3263 5849 μυστηρίου
3310 5778 3682 5849 διακριϐοῦμεν
3722 5770 3807 5836 τῆς

2256 5870 2502 5934 euocato;
2533 5870 2754 5941 τρίπον,
2790 5871 2917 5940 μίαν
2939 5871 3032 5925 τοῦ
3062 5870 3197 5925 9εοῦ
3237 5872 3412 5938 Λόγου
3459 5871 3609 5939 φρσιν
3640 5875 3804 5926 σεσαρ-
