4094 6300
357 337 413 400 ιι.
433 339 506 401 25

1332 342 1704 403 PANOPLIA
1749 343 2206 404 DOGMATICA.
2242 369 2308 380 -·
2346 345 2495 406 ΤΙΤ.
2545 346 2708 408 ΧΠ.

3498 349 3633 437 102:;

351 448 615 518 κωμένην
642 446 846 518 φαμέν.
890 449 1064 504 Τοῦτο
1104 451 1212 519 γὰρ
1244 451 1317 513 ὡς
1340 446 1495 523 οἶμαι
1524 451 1673 524 αὐτῷ
1696 451 1943 522 βούλεται

2052 451 2230 521 Cyrilli
2279 453 2442 507 verba
2510 452 2837 523 signiﬁcare.
2901 451 3011 506 Nos
3075 462 3252 507 autem
3326 453 3440 512 hare
3498 473 3634 512 con-

350 537 552 609 δηλοῦν
602 538 683 603 τὸ,
731 537 924 609 Ἡμεῖς
947 539 1006 593 δὲ
1039 538 1338 603 ὲνώσα·.τες
1368 542 1528 604 αὐτὰ,
1561 543 1656 596 ἕνα
1687 541 1942 612 Χριστὸν,

353 630 458 682 ἕνα
489 630 694 699 Κύριον
725 629 1121 700 ὁμολογοῦμεν,
1149 631 1246 684 καὶ
1273 632 1460 684 λοιπὸν
1487 633 1616 700 μίαν
1641 631 1737 684 τοῦ
1767 633 1944 699 Λόγου

357 723 526 791 φύσιν
541 738 670 774 σεσα
679 738 794 790 ρκω
801 722 990 790 μένην.
1017 722 1330 788 Τουτέστιν,
1348 723 1538 792 Ἡμεῖς
1555 725 1945 792 ὁμολογοῦντες

359 817 463 886 τὴν
495 815 686 869 ἕνωσιν
713 816 927 868 καὶτὸν
972 816 1148 885 αὐτῆς
1201 817 1444 886 ἀκριϐῶς
1501 817 1620 887 μετ’
1661 817 1944 880 εὐσεὸείας

358 907 754 983 διαρθροῦντες
778 909 1015 979 τρόπον,
1056 909 1156 960 οὐκ
1193 907 1480 978 ὲχρήμεθα
1507 910 1572 978 τῇ
1630 912 1943 981 σημαντικῇ

359 1003 514 1070 φωνῇ
541 1001 640 1069 τῆς
667 1001 932 1070 διαφορᾶς
963 1000 1097 1070 πρὸς
1127 1001 1362 1070 δήλωσιν
1385 1001 1482 1070 τῆς
1508 1001 1772 1066 ἑνώσεως,
1811 1002 1948 1054 ἀλλὰ

356 1089 464 1158 τῆν
497 1089 593 1157 μὲν
623 1089 716 1142 ἐπὶ
736 1089 833 1156 τῆς
860 1088 1148 1158 διαφορᾶς,
1180 1090 1279 1161 τὴν
1304 1090 1361 1143 δὲ
1405 1091 1497 1143 ἐπὶ
1552 1091 1650 1162 τῆς
1701 1091 1945 1154 ἑνώσεως

360 1182 690 1252 προσφόρως
723 1181 1183 1249 ἐκλαμϐάνοντες,
1245 1171 1550 1255 ἁσῦγχυτον
1602 1184 1946 1254 φυλάττομεν

359 1275 474 1327 τῶν
505 1274 920 1343 σημαινομένων
975 1275 1066 1327 τὸν
1125 1274 1276 1329 νοῦν.
1313 1276 1418 1339 Ὠς
1473 1276 1658 1328 λοιπὸν
1697 1276 1946 1328 ἐντεῦθεν

359 1362 506 1419 εἶναι
536 1366 715 1436 δῆλον,
741 1368 822 1420 ὅτι
846 1367 1025 1420 κοινὸν
1046 1367 1196 1436 αὐτῷ
1227 1368 1321 1421 καὶ
1378 1369 1458 1439 τῷ
1513 1369 1792 1440 Νεστορίῳ
1849 1369 1945 1422 τοῦ

360 1460 547 1526 λέγειν
579 1459 672 1512 δύο
695 1463 886 1527 φύσεις
915 1459 1072 1531 μέχρι
1111 1460 1208 1514 τοῦ
1265 1461 1559 1528 γινώσκειν
1608 1463 1708 1531 τὴν
1754 1463 1946 1531 διαφο-

361 1554 489 1620 ραν,
517 1551 697 1602 οὐκέτι
722 1551 777 1604 δὲ
802 1552 980 1604 κοινὸν
1003 1547 1070 1622 ἦν
1095 1552 1154 1605 τὸ
1183 1553 1279 1605 καὶ
1303 1554 1402 1623 τὴν
1435 1554 1629 1606 ἕνωσιν
1665 1554 1946 1623 ὁμολογεῖν
1986 1545 1991 1550 ’

357 1640 446 1710 τῷ
467 1640 644 1708 λέγειν
676 1641 772 1693 ἕνα
805 1641 954 1705 Υίὸν,
989 1642 1085 1694 ἕνα
1119 1642 1344 1712 Κύριον,
1375 1646 1469 1696 καὶ
1499 1644 1627 1714 μίαν
1653 1644 1748 1697 τοῦ
1767 1646 1944 1714 Λόγου

361 1730 532 1798 φύσιν
585 1731 1045 1801 σεσαρκωμένην,
1115 1731 1256 1803 ὅπερ
1306 1734 1603 1804 Νεστόριος
1659 1737 1834 1788 εἰπεῖν
1883 1737 1944 1789 οὐ

362 1822 708 1891 κλτεδὲχετο.
739 1821 828 1891 Τῷ
851 1822 962 1892 γὰρ
994 1824 1247 1891 φάσκειν,
1285 1825 1449 1879 Οὕτω
1474 1827 1574 1879 καί
1595 1827 1698 1881 ἐπὶ
1723 1830 1946 1882 Νεστο-

354 1917 529 1980 ρί-ου,
560 1913 678 1967 κᾶν
707 1913 857 1983 λέγῃ
885 1915 996 1968 δύο
1020 1915 1240 1984 φύσεις
1267 1917 1383 1984 τὴν
1406 1918 1704 1987 διαφορὰν
1730 1922 1947 1988 σημαί-

361 2019 491 2059 nar
518 2006 626 2074 τῆς
655 2009 903 2076 σαρκὸς,
935 2009 1032 2062 καί
1062 2009 1168 2063 τοῦ
1203 2010 1351 2063 Θεοῦ
1396 2013 1614 2081 Λόγου,
1662 2014 1802 2068 ἀλλ’
1846 2019 1946 2070 οὺ-

364 2096 494 2150 κέτι
524 2098 642 2165 τὴν
671 2099 889 2152 ἕνωσιν
913 2093 1200 2169 ὁμολογεῖ
1227 2102 1356 2169 μεθ’
1389 2104 1577 2171 ἡμῶν,
1609 2107 1708 2158 οὐκ
1756 2107 1882 2159 ἄλλο
1910 2106 1945 2178 ἢ

361 2189 527 2242 τοῦτο
571 2190 820 2260 βούλεται
844 2192 1059 2259 δηλοῦν,
1085 2195 1167 2247 ὃτι
1196 2193 1490 2265 Νεστόριος
1518 2198 1620 2267 τὴν
1671 2199 1769 2268 μὲν
1831 2200 1947 2252 δια-

365 2281 546 2349 φοράν
577 2280 698 2349 μεθ’
739 2283 895 2352 ἡμῶν
931 2284 1188 2352 ὁμολογεῖ
1240 2283 1334 2337 δύο
1374 2285 1588 2352 φύσεις,
1636 2287 1736 2357 τὴν
1786 2288 1843 2339 δὲ
1888 2289 1946 2341 ἓ-

364 2390 536 2426 νωσιν
564 2375 664 2428 οὐκ
712 2374 795 2427 ἔτι
849 2376 968 2445 μεθ’
1013 2377 1169 2446 ἡμῶν
1217 2379 1487 2448 ὁμολογεῖ,
1541 2380 1616 2448 μὴ
1645 2381 1817 2444 λέγων
1850 2382 1946 2435 ἕνα

364 2464 623 2530 Χριστὸν,
652 2465 748 2517 ἕνα
785 2465 932 2526 Υίὸν,
963 2467 1060 2518 ’ἐνα
1089 2467 1312 2535 Κύριον,
1347 2469 1440 2521 καὶ
1475 2471 1606 2537 μίαν
1639 2471 1736 2522 τοῦ
1771 2471 1944 2538 Λόγου

365 2557 534 2624 φύσιν
557 2557 1005 2626 σεσαρκωμένην.
1038 2556 1148 2609 Καὶ
1199 2559 1372 2626 σαφὲς
1421 2559 1580 2612 τοῦτο
1641 2561 1946 2631 καθέστηκε

362 2649 481 2708 τοῖς
519 2647 614 2701 τοῦ
670 2647 836 2701 καλοῦ
881 2651 1163 2719 ἐρασταῖς,
1229 2652 1322 2703 καὶ
1365 2651 1427 2704 τὸ
1477 2652 1676 2723 ἀληθὲς
1728 2655 1946 2723 ἀγαπᾷν

365 2740 758 2793 ἑσπουδακόσιν
787 2743 852 2793 ὲκ
879 2741 974 2792 τοῦ
1001 2741 1248 2811 μηδαμοῦ
1275 2743 1559 2810 φαίνεσθαι
1581 2744 1673 2796 τὸν
1692 2745 1947 2800 διδάσκα-

362 2833 459 2885 λον
488 2832 522 2901 ἦ
559 2831 836 2886 κωλύοντα
866 2833 1044 2900 λέγειν
1071 2833 1164 2886 δύο
1200 2833 1390 2902 φύσεις
1419 2836 1560 2904 μετὰ
1591 2837 1690 2907 τὴν
1729 2839 1945 2905 ἕνωσιν,

362 2926 397 2996 ἦ
428 2925 732 3002 ᾁνῃρῆσθαι
758 2924 1077 2979 διδάσκοντα
1105 2925 1203 2996 τὴν
1229 2927 1498 2997 διαφορὰν
1532 2929 1643 2981 τῶν
1667 2931 1951 2986 συνελθόν-

359 3033 476 3069 των
538 3017 676 3086 μετὰ
726 3017 828 3086 τὴν
891 3017 1107 3078 ἕνωσιν,
1133 3017 1210 3080 ὡς
1254 3017 1402 3072 ἐστιν
1434 3021 1497 3070 ἐκ
1531 3021 1740 3092 μυρίων
1781 3024 1947 3076 αὐτοῦ

2047 539 2332 611 iungentes
2364 557 2530 596 unum
2563 543 2868 608 Christum,
2909 557 3074 596 unum
3119 543 3402 600 Dominum
3465 550 3639 602 contio

2049 642 2248 697 temur,
2302 635 2636 705 etdcinceps
2679 651 2838 689 uuam
2876 636 3036 691 Verbi
3101 647 3351 692 naturam
3415 654 3633 695 carnem

2049 723 2428 792 assumpsisse.
2492 723 2546 776 ld
2610 734 2712 788 est,
2749 740 2847 779 nos
2872 725 3307 792 coniunctionem
3364 729 3634 785 conﬁten-

2051 825 2149 877 tes,
2185 814 2408 886 ejusque
2453 817 2714 872 rationem
2755 817 3038 885 diligenter
3070 827 3124 872 et
3167 818 3254 886 pie
3281 821 3632 888 explicantes,

2050 906 2591 961 diﬂerentiaevocem
2640 922 2744 960 non
2791 908 3153 972 adhibuimus,
3181 919 3240 963 ut
3297 910 3638 980 conjunctio-

2049 1015 2171 1054 nem
2199 998 2631 1066 ostenderemus,
2686 1001 2779 1054 sed
2848 1000 3004 1054 aliam
3055 1001 3272 1070 quidem
3306 1004 3359 1056 in
3386 1003 3637 1058 dill‘ereu-

2051 1093 2146 1156 tia,
2178 1093 2340 1146 aliam
2380 1095 2430 1145 in
2489 1091 2871 1161 conjunctione
2909 1093 3170 1148 rationem
3212 1109 3449 1166 congrue
3513 1113 3638 1153 sns-

2049 1185 2311 1252 cipientes
2367 1182 2590 1236 minime
2625 1183 2909 1239 confusum
2965 1199 3144 1239 rerum
3205 1185 3635 1254 signiﬁcatarnm

2049 1291 2264 1331 sensum
2304 1292 2587 1332 servamus
2612 1295 2626 1342 ;
2651 1288 2711 1330 ut
2737 1276 2864 1330 inde
2899 1277 3234 1344 perspicuum
3255 1277 3362 1345 jam
3391 1279 3480 1342 sit,
3510 1279 3637 1331 illud

2049 1369 2250 1440 Cyrilln
2290 1369 2459 1424 fuisse
2509 1386 2629 1422 cum
2663 1369 2912 1423 Nestorio
2948 1383 3255 1432 commune,
3289 1381 3347 1423 ut
3382 1371 3516 1426 duas
3545 1389 3640 1422 nn-

2051 1471 2199 1515 turas
2234 1463 2460 1521 diceret.
2497 1472 2724 1515 eatenus
2769 1471 2829 1514 ut
2863 1461 3218 1514 dilfercntiam
3254 1471 3635 1530 cognosceret;

2049 1555 2327 1623 proprium
2381 1569 2559 1607 autem
2609 1555 2755 1617 illud,
2786 1565 2842 1604 ιιι
2881 1553 3317 1621 conjunctioncm
3348 1555 3636 1607 confitere-

2050 1654 2158 1710 tur,
2235 1656 2288 1698 et
2344 1647 2547 1701 dicet'et
2609 1661 2773 1698 unum
2832 1647 3128 1704 (lltt'istutn,
3191 1648 3355 1698 unum
3417 1644 3637 1709 Filium,

2051 1751 2214 1789 unum
2255 1736 2566 1798 Dominum,
2603 1747 2654 1789 ct
2707 1751 2866 1787 uuam
2904 1733 3062 1787 Verbi
3118 1744 3367 1788 naturam
3416 1750 3636 1788 carnem

2047 1829 2426 1893 assumpsisse,
2484 1829 2626 1896 quod
2676 1828 2894 1896 quidem
2925 1825 3208 1881 Nestorius
3248 1827 3431 1881 dicere
3487 1841 3638 1880 recu-

2051 1920 2224 1974 sabat.
2255 1919 2494 1973 Dicendo
2534 1917 2676 1973 enim
2709 1919 2789 1972 sic
2819 1930 2873 1970 et
2902 1920 2968 1972 de
3000 1917 3248 1971 Nestoriu
3279 1934 3293 1971 :
3326 1917 3476 1971 Licet
3508 1918 3641 1970 iluas

2047 2020 2260 2065 asserat
2285 2021 2531 2070 naturas.
2553 2010 2912 2065 differentiam
2933 2010 3244 2080 signiﬁcans
3273 2009 3455 2064 carnis
3473 2018 3529 2062 et
3547 2009 3639 2062 Dei

2049 2101 2231 2167 Verbi,
2265 2117 2368 2157 non
2403 2111 2581 2156 tamen
2609 2100 3043 2168 coniunctionem
3078 2101 3357 2156 nobiscum
3417 2101 3640 2155 coulite-

2048 2203 2153 2259 tur,
2184 2193 2321 2248 nihil
2357 2194 2501 2248 aliud
2525 2193 2638 2248 vult
2667 2194 2977 2261 signiﬁcare
3002 2193 3104 2246 nisi
3135 2210 3149 2246 :
3175 2192 3455 2247 Nestmius
3481 2191 3640 2246 dilic-

2047 2286 2281 2341 tentiam
2309 2286 2529 2355 quidem
2582 2284 2863 2339 nobiscum
2931 2285 3241 2346 conﬁtetur,
3305 2298 3428 2337 cum
3505 2284 3638 2336 duas

2055 2392 2278 2436 naturas
2328 2379 2518 2444 dicat;
2553 2389 2609 2432 at
2660 2377 3096 2446 conjuncdonetu
3170 2377 3457 2432 nobiscqu
3529 2392 3636 2429 unn

2052 2467 2360 2533 conﬁtetur,
2391 2479 2516 2519 cum
2535 2478 2703 2518 unum
2723 2462 3203 2526 Cbristum,unum
3224 2461 3444 2524 Filium,
3474 2476 3638 2514 unum

2053 2556 2336 2610 Dominum
2365 2570 2470 2609 non
2505 2555 2672 2619 dicat,
2709 2567 2808 2608 nec
2854 2567 3011 2606 unam
3045 2553 3206 2608 Verbi
3241 2562 3488 2606 naturam
3521 2567 3643 2604 car-

2049 2663 2175 2701 nem
2214 2646 2670 2714 assutupsisse,et
2736 2644 2837 2698 hoc
2865 2647 3148 2714 perspicue
3183 2653 3331 2712 patet
3388 2643 3642 2696 honesta-

2054 2740 2127 2793 tis
2183 2740 2534 2806 veritatisque
2581 2736 2838 2791 studiosis
2901 2751 2968 2790 ex
3033 2753 3098 2791 eo
3167 2737 3310 2805 quod
3375 2751 3640 2804 nusquam

2052 2840 2274 2900 apparet
2297 2831 2614 2898 magistrum
2647 2839 2740 2882 aut
2757 2828 3101 2898 prohibuisse
3125 2828 3303 2882 dicere
3329 2830 3462 2882 duas
3487 2834 3645 2882 natu-

2052 2938 2144 2976 ras
2163 2932 2286 2991 post
2312 2921 2772 2988 conjunctiouem,
2802 2930 2891 2975 aut
2933 2921 3182 2975 docuisse
3226 2920 3638 2986 conjunctarum

2051 3013 2416 3071 dilierentiam
2455 3015 2568 3069 tolli
2613 3022 2735 3081 post
2792 3013 3250 3082 conjunctionetn,
3289 3014 3432 3080 quod
3460 3028 3528 3066 ex
3554 3013 3643 3065 iu-

367 3110 819 3180 συγγραμμάτων
862 3107 1226 3178 καταμαθεῖν.
1273 3108 1334 3163 Εἰ
1385 3113 1566 3165 τοίνυν
1624 3114 1711 3168 ἀεὶ
1772 3118 1870 3184 μὲν
1915 3119 1946 3188 ἡ

2057 3105 2488 3160 ntunerabilibus
2545 3105 2713 3174 ipsius
2773 3105 2998 3172 scriptis
3019 3105 3148 3158 licet
3207 3105 3525 3173 intelligere.
3583 3102 3639 3156 Si

366 3201 563 3261 ἓνωσις
590 3201 844 3268 ἕστηκεν,
873 3201 962 3253 ἀεὶ
985 3199 1042 3252 δὲ
1068 3199 1163 3253 καὶ
1188 3199 1258 3252 τὰ
1279 3199 1552 3255 ξενωθέντα
1595 3205 1749 3273 μένει
1780 3207 1952 3274 ἀσύγ-

366 3311 530 3362 χυτα,
565 3293 655 3345 ἀεὶ
681 3291 738 3343 δὲ
761 3294 855 3345 καὶ
885 3292 918 3361 ἡ
947 3292 1055 3344 τῶν
1079 3291 1388 3346 ἑνωθέντων
1410 3292 1646 3357 σώζεται
1689 3296 1948 3368 διαφορὰ,

363 3387 435 3439 δι’
463 3387 530 3456 ἢν
553 3389 579 3438 ὁ
610 3385 842 3455 ἀριθμὸς
895 3384 1223 3455 παρελήφθη
1288 3387 1432 3440 κατὰ
1476 3388 1606 3449 τοὺς
1655 3388 1906 3459 Πατέρας
1929 3408 1946 3424 ο

368 3478 490 3540 πῶς
527 3479 627 3528 οὐκ
675 3475 912 3545 ἀνάγκη,
953 3476 1112 3546 εἰπερ
1150 3475 1258 3547 ἄρα
1307 3478 1393 3530 ἀεὶ
1439 3480 1474 3549 ἡ
1519 3480 1737 3545 ἓνωσις,
1763 3483 1950 3544 καὶτὰ

368 3569 662 3632 ὲνωθέντα,
701 3569 796 3620 καί
823 3567 855 3637 ἡ
886 3567 1090 3620 τούτων
1110 3568 1343 3640 διαφορά
1365 3569 1587 3640 ἕστηκε,
1625 3573 1720 3626 καὶ
1770 3575 1944 3642 μένει,

369 3663 464 3715 καὶ
491 3659 748 3723 σώζεται,
784 3659 878 3710 καὶ
907 3657 1000 3710 δύο
1027 3657 1217 3726 φύσεις
1247 3660 1427 3724 λέγειν
1455 3663 1549 3715 ἐπὶ
1569 3663 1799 3733 δηλώσει
1851 3668 1949 3734 τῆς

367 3754 481 3805 :o'iv
515 3750 881 3804 συνελθόντων
919 3750 1204 3820 διαφορᾶς,
1263 3756 1357 3804 καὶ
1399 3752 1561 3807 πάλιν
1621 3753 1750 3822 μίαν
1785 3755 1950 3824 φύσιν

366 3842 465 3895 τοῦ
496 3840 632 3893 Θεοῦ
661 3841 835 3908 Λόγου
865 3843 1294 3912 σεσαρκωμὲνην
1337 3843 1619 3913 ὁμολογεῖν
1657 3847 1794 3915 πρὸς
1862 3847 1950 3899 ἔν-

366 3938 534 4001 δειξιν
564 3937 666 4005 τῆς
697 3936 818 3989 καθ’
843 3936 1144 3990 ὑπόστασιν
1173 3936 1444 4000 ἑνώσεως,
1470 3937 1593 4007 μηδ’
1621 3939 1816 4008 ἑτέρας
1839 3940 1949 3994 τῶν

368 4031 566 4100 φωνῶν
596 4030 800 4082 τούτων
833 4029 1076 4098 δηλονότι
1107 4029 1194 4082 διὰ
1231 4031 1332 4098 τῆς
1375 4029 1570 4100 ἑτέρας
1616 4033 1950 4103 ἀναιρουμέ-

367 4140 492 4190 νης,
517 4123 591 4184 ὡς
615 4122 764 4175 δοκεῖ
793 4137 936 4174 τισιν
975 4120 1235 4174 ὑπόθεσιν
1261 4119 1453 4190 σοφίας
1481 4123 1832 4192 ποιουμένοις
1886 4125 1949 4179 τὸ

372 4215 581 4279 ἄσοφον
609 4227 624 4276 ;
1457 4227 1460 4232 ·

376 4387 711 4461 Τοῦ-αὑτοῦ
745 4386 1020 4461 περί-τῆς
1049 4388 1290 4454 ῥήσεως
1321 4388 1426 4461 τοῦ
1449 4390 1622 4457 ἁγίου
1645 4395 1951 4461 Κυρίλλου

445 4459 559 4524 τῆς
593 4460 740 4525 πρὸς
787 4458 1136 4512 Σούκενο-ον
1198 4456 1878 4532 κειμένηςεπιστᾰλῄς.

451 4551 565 4620 Οὐχ
596 4548 778 4610 ἁπλῶς
806 4548 1054 4616 φαίνεται
1080 4547 1178 4616 τὴν
1222 4547 1319 4602 τοῦ
1378 4549 1691 4621 ἀδιαιρέτου
1741 4557 1959 4624 ἀπαγο-

374 4642 556 4714 ρεύων
587 4645 773 4710 φωνὴν
799 4643 829 4692 ὁ
867 4641 1137 4710 μακάριος
1179 4641 1468 4711 Κύριλλος,
1519 4645 1657 4700 ἀλλὰ
1712 4649 1828 4717 καὶ,
1857 4650 1958 4721 τὴν

370 4735 672 4805 Νεστορίου
704 4734 996 4787 κακόνοιαν
1044 4735 1494 4804 προφερομένην,
1549 4739 1809 4810 σχετικὴν
1856 4743 1958 4811 φά.

375 4843 604 4889 σκοντος
654 4824 983 4894 γεγενῆσθαι
1025 4824 1125 4895 τὴν
1168 4825 1387 4891 ἕνωσιν,
1444 4829 1520 4892 ὡς
1562 4831 1725 4895 αὐτὸς
1776 4834 1958 4904 ἑαυτῷ

375 4918 644 4985 Κύριλλος
665 4920 693 4968 ὁ
721 4915 988 4984 μακάριος
1014 4916 1309 4986 μαρτυρῶν
1348 4917 1622 4972 δείκνυται
1663 4921 1756 4974 ἐπὶ
1815 4922 1958 4976 τέλει

373 5011 478 5078 τῆς
508 5005 642 5076 πρὸς
672 5004 974 5058 Σούκενσον
1012 5005 1271 5071 δευτέρας
1323 5008 1640 5076 ἐπιστολῆς,
1702 5011 1797 5063 καὶ
1845 5016 1958 5076 τοῖς

374 5099 520 5164 ἄγαν
550 5095 874 5166 φιλονείκοις
905 5096 995 5146 τὸν
1026 5094 1223 5148 ἑαυτοῦ
1255 5098 1459 5150 σκοπὸν
1485 5103 1812 5169 ποιούμενος
1857 5119 1960 5170 φα-

383 5193 566 5260 νερὰν,
598 5188 742 5241 οὕτω
772 5189 947 5254 λέγων
967 5205 982 5220 ο
1045 5206 1064 5240 ι
1094 5189 1167 5240 Τὸ
1213 5189 1269 5242 δὲ
1325 5189 1642 5260 ἀδιαιρέτως
1665 5195 1958 5262 προστεθὲν

376 5283 528 5336 δοκεῖ
589 5281 707 5344 πῶς
762 5281 892 5352 παρ’
924 5281 1056 5350 ἡμῖν
1100 5279 1264 5349 ὀρθῆς
1294 5280 1452 5348 δόξῆς
1506 5278 1645 5336 εἶναι
1697 5300 1958 5353 σημαντι-

377 5375 475 5428 κόν
516 5389 530 5404 °
577 5373 732 5426 αὐτοὶ
763 5373 820 5425 δὲ
839 5373 938 5442 οὐχ
963 5371 1104 5425 οὕτω
1138 5370 1342 5425 νοοῦσι.
1391 5372 1464 5424 Τὸ
1491 5374 1611 5445 εγὰρ
1654 5376 1960 5447 ἀδιαίρετον

375 5470 512 5536 παρ’
542 5467 726 5530 αὐτοῖς
755 5465 898 5520 κατὰ
933 5465 1033 5526 τὰς
1085 5463 1384 5534 Νεστορίου
1431 5467 1766 5535 κενοφωνίας
1833 5468 1958 5522 καθ’

373 5565 568 5634 ἕτερον
596 5562 937 5634 λαμϐάνεται
963 5561 1184 5629 τρόπον.
1221 5562 1360 5614 Φασὶ
1379 5562 1505 5632 γάρ,
1536 5563 1620 5615 ὅτι
1675 5567 1742 5633 τῇ
1796 5565 1961 5618 ἰσοτι-

379 5657 504 5728 μίᾳ,
536 5659 602 5728 τῇ
629 5655 1005 5727 ταυτοὸουλίᾳ,
1047 5657 1115 5726 τῇ
1179 5654 1439 5723 αὑθεντίξι
1491 5655 1797 5725 ἀδιαίρετός
1842 5659 1957 5710 ἐστι

376 5747 477 5804 τοῦ
537 5747 670 5804 Θεοῦ
705 5752 900 5826 ,Λόγου
977 5751 1036 5804 ἐν
1089 5743 1133 5818 ᾧ
1182 5752 1505 5822 κατῴκησεν
1549 5753 1577 5804 ὁ
1647 5751 1954 5822 ἄνθρωπος,

2055 3198 2222 3268 igitur
2255 3210 2471 3264 semper
2509 3195 2710 3250 mansit
2773 3197 3112 3266 conjunctio,
3147 3206 3196 3250 et
3252 3209 3469 3266 semper
3523 3211 3644 3264 qua:

2055 3292 2344 3361 ccujuncta
2372 3298 2520 3354 sunt,
2546 3298 2769 3342 manent
2811 3290 2930 3344 sine
2952 3288 3293 3352 confusione,
3319 3303 3637 3359 semperque

2055 3383 2466 3449 conjunctorum
2502 3380 2808 3438 dill'erentia
2865 3391 3132 3445 servatur,
3203 3391 3420 3450 prcpter
3479 3395 3642 3450 quam

2053 3489 2310 3528 numerus
2337 3487 2367 3526 a
2422 3474 2667 3542 partibus
2713 3481 3004 3540 susceptus
3062 3483 3165 3536 est,
3203 3486 3385 3526 nonne
3422 3487 3648 3526 necesse

2050 3576 2156 3632 est,
2183 3565 2227 3618 si
2263 3579 2475 3632 semper
2521 3575 2574 3618 et
2599 3564 2938 3633 conjunctio,
2961 3573 3011 3617 et
3036 3577 3158 3632 quae
3184 3563 3467 3628 conjuncta
3500 3574 3645 3630 sunt,

2050 3665 2106 3709 et
2143 3670 2332 3710 eorum
2372 3654 2672 3709 dilIerentia
2709 3653 2937 3716 mansit,
2985 3660 3040 3706 et
3083 3664 3265 3712 manet
3315 3670 3380 3710 ac
3423 3669 3646 3709 conser-

2051 3757 2231 3813 vatur,
2273 3758 2327 3800 et
2358 3746 2492 3800 duas
2525 3756 2748 3799 naturas
2807 3745 2987 3798 dicere
3011 3747 3077 3797 ad
3116 3746 3493 3798 declarandam
3551 3761 3649 3800 eo-

2054 3852 2174 3891 rum
2202 3851 2322 3905 qua:
2351 3837 2639 3906 conjuncta
2667 3844 2816 3902 sunt,
2874 3834 3259 3897 dillercntiam,
3318 3844 3372 3888 et
3435 3852 3646 3890 rursum

2054 3944 2216 3982 unam
2248 3929 2338 3982 Dei
2375 3927 2535 3982 Verbi
2569 3935 2814 3982 naturam
2851 3943 3068 3982 carnem
3109 3930 3486 3996 assumpsisse,
3543 3944 3650 3998 quo

2054 4021 2462 4076 demonstretur
2492 4020 2793 4072 secundum
2814 4034 3102 4087 personam
3147 4023 3481 4087 conjunctio,
3515 4039 3651 4076 neu-

2055 4122 2138 4167 tra
2173 4109 2428 4164 nimirum
2479 4109 2708 4166 istarum
2767 4124 2956 4166 vocum
2989 4124 3087 4180 per
3143 4110 3365 4166 alteram
3417 4115 3651 4182 sublata,

2055 4214 2114 4259 ut
2148 4200 2474 4272 quibusdam
2537 4200 2772 4268 videtur,
2811 4202 2902 4271 qui
2959 4200 3329 4272 insipientiam
3375 4204 3654 4274 sapientia:

2057 4295 2269 4351 faciunt
2295 4291 2718 4363 argumentum'?

1985 4437 2030 4493 Β
2061 4405 2340 4477 Ejusdem,
2375 4405 2438 4459 de
2467 4405 2640 4493 sancti
2657 4404 3049 4493 νςὶῃνὲίὶίίίμὶοιο,
3073 4406 3221 4493 quod
3249 4408 3474 4474 positum
3499 4415 3574 4460 eu
3599 4409 3653 4462 in

2506 4473 2726 4541 epistola
2757 4477 2828 4532 ad
2856 4473 3202 4534 Succensum.

2133 4570 2251 4624 Non
2277 4569 2602 4638 simpliciter
2625 4568 2958 4623 iudicisibilis
2981 4571 3252 4626 vocabulo
3283 4586 3414 4628 usus
3427 4587 3553 4628 esse
3571 4573 3656 4630 vi-

2060 4664 2218 4718 detur
2242 4662 2434 4716 beatus
2453 4659 2712 4730 Cyrillus,
2736 4661 2830 4714 sed
2855 4660 3117 4715 adversus
3142 4661 3434 4716 versutiam
3461 4662 3657 4719 Nesto-

2061 4755 2264 4824 rii,qui
2295 4752 2736 4822 coniunctionem
2762 4753 2950 4808 habitu
2991 4752 3206 4807 dicebat
3253 4764 3524 4809 constare.
3563 4755 3664 4812 Sic

2059 4850 2204 4902 enim
2249 4859 2347 4901 suo
2396 4847 2704 4900 testimonio
2727 4845 3017 4899 conﬁrmat
3052 4847 3238 4899 beatus
3267 4846 3380 4913 ipse
3400 4845 3650 4916 Cyrillus,

2062 4941 2114 4993 in
2144 4947 2391 4994 extrema
2425 4948 2578 5006 parte
2637 4937 2859 4991 alterius
2912 4937 2981 4991 ad
3009 4935 3347 4993 Snccensum
3377 4940 3647 5008 epistulae,

2061 5030 2505 5096 sententiamque
2538 5043 2693 5082 suam
2726 5029 2979 5096 litigiosis
3017 5029 3332 5084 hominibus
3369 5032 3651 5099 patefacit,

2068 5122 2156 5175 his
2187 5121 2408 5174 verbis:
2457 5138 2476 5171 ι
2511 5119 2645 5174 Illud
2701 5129 2902 5186 autem,
2951 5121 3288 5188 indivisiliile,
3318 5122 3651 5193 adiunctum,

2063 5213 2273 5266 videtur
2304 5211 2457 5277 apud-
2502 5227 2600 5266 nos
2652 5221 2854 5266 rectam
2909 5213 3359 5283 signiﬁcationem
3394 5212 3654 5266 retinete.

2061 5308 2130 5356 At
2159 5302 2246 5356 isti
2274 5302 2416 5356 haud
2447 5302 2518 5356 ita
2538 5303 2799 5358 sentiunt.
2822 5302 3144 5358 Iudivtsibt‘le
3172 5303 3315 5359 enim
3344 5304 3487 5372 apud
3509 5305 3654 5369 ipsos

2063 5411 2130 5451 ex
2163 5395 2310 5449 inani
2364 5396 2616 5450 doctrina
2667 5395 2902 5451 Nestorii
2939 5397 3038 5450 alia
3086 5396 3294 5448 ruliutte
3365 5393 3654 5462 accipitur.

2063 5489 2232 5543 Aiunt
2263 5487 2410 5541 enim
2475 5487 2771 5552 hominem,
2830 5488 2884 5541 iu
2921 5502 3028 5554 quo
3091 5486 3325 5539 Verbum
3366 5484 3654 5550 habitavit,

2065 5589 2180 5632 tum
2237 5577 2527 5646 dignitate,
2577 5589 2692 5632 tum
2736 5579 3033 5641 voluntate,
3069 5586 3179 5630 tum
3210 5576 3538 5630 auctoritate
3587 5576 3655 5630 ab

2065 5670 2181 5736 ipso
2205 5667 2312 5720 Deo
2344 5667 2514 5724 Verbo
2536 5683 2657 5724 esse
2687 5667 3086 5724 indivisibilem.
3125 5667 3200 5722 Ex
3231 5683 3338 5736 quo
3365 5676 3532 5736 patet,
3565 5681 3655 5720 eos

2077 5775 2180 5815 non
2252 5760 2569 5829 simpliciter
2613 5760 2776 5814 vctba
2812 5760 3077 5826 proferre,
3129 5761 3223 5816 sed
3269 5776 3391 5816 cunt
3449 5759 3568 5814 dolo
3605 5765 3658 5810 et
