4094 6300
553 399 691 465 1027

1780 387 2161 448 EUTHYMII
2203 387 2559 448 ZIGABENI

3622 386 3727 453 ιιιι

547 511 861 567 calliditate.
909 526 928 560 ι
1026 503 1319 575 Dupliciter
1366 501 1536 570 accipi
1620 500 1935 553 vocabulum
2017 499 2164 559 hoc}

2112 514 2116 549 ε
2144 499 2192 559 Α
2219 500 2383 551 ’Ὥστε
2413 500 2509 569 οὐχ
2537 499 2718 561 ἁπλῶς
2747 498 2845 561 τὰς
2867 497 3037 564 λέξεις
3061 497 3431 565 προφέρουσιν,
3473 498 3593 554 sm
3620 506 3729 571 μετᾶ

549 602 867 659 indivisibile
922 607 1106 669 aperte
1138 598 1317 661 docet,
1348 605 1407 649 ιιι
1453 594 1624 655 vides,
1657 592 1911 657 magister
1948 591 2122 642 adrui-

552 691 763 753 rabilis,
821 688 984 742 velut
1009 684 1437 752 coniunctionem
1475 682 1527 736 in
1565 696 1791 749 persona
1824 681 2122 748 signiticet,

550 799 714 854 quam
747 782 959 852 quidem
991 779 1108 848 ipse
1155 775 1604 847 signiﬁcationem
1661 774 1850 843 probat
1881 788 1897 838 ;
1931 770 2012 825 vel
2069 780 2125 823 ut

550 875 984 943 coniunctionem
1042 872 1095 925 in
1149 870 1333 923 habitu
1384 867 1639 927 declaret,
1698 864 1997 933 quamipsc
2050 863 2127 915 si-

547 968 944 1039 gniﬁcationem
978 960 1265 1029 improbat,
1324 970 1378 1011 et
1421 958 1485 1012 ab
1551 956 1806 1008 omnibus
1857 954 1961 1022 piis
2023 952 2126 1002 im-

551 1057 879 1127 probandam
914 1062 1116 1115 monet,
1152 1066 1275 1104 cum
1304 1063 1368 1103 ex
1401 1047 1642 1117 eiusdem
1685 1045 1835 1100 vocis
1883 1057 2126 1111 pronun-

553 1150 775 1204 tiatione
808 1148 946 1202 clam
972 1144 1239 1200 haereticus
1271 1140 1562 1208 impietatis
1593 1152 1863 1192 venenum
1914 1135 2127 1202 simpli-

551 1242 791 1296 cioribus
848 1247 1009 1307 queat
1076 1236 1364 1303 obrepere.
1412 1234 1592 1299 Quare
1615 1246 1674 1284 se
1726 1232 1858 1283 diras
1904 1235 2127 1282 naturas

550 1330 913 1388 indivisibiles
945 1338 1090 1383 recte
1115 1326 1319 1381 dixisse
1367 1322 1635 1387 declarat,
1712 1320 1969 1389 quoniam
2016 1320 2129 1389 ipse

551 1423 992 1494 coniunctionem
1034 1419 1087 1472 in
1121 1409 1351 1489 persona
1386 1414 1682 1478 intellexit;
1717 1424 1771 1464 at
1801 1426 1831 1466 ιι
1892 1408 2127 1465 Nestorii

551 1513 809 1570 studiosis
862 1511 935 1565 ita
993 1522 1205 1570 vocem,
1260 1503 1597 1567 indivisibile,
1651 1500 2005 1563 adltiberi,ut
2038 1514 2131 1554 su-

561 1617 745 1677 specta
778 1619 902 1660 esse
932 1602 1146 1665 debeat,
1178 1599 1374 1669 quippe
1400 1597 1495 1667 qui
1529 1594 1961 1665 coniunctionem
1984 1592 2133 1647 habi-

552 1705 609 1748 ιιι
642 1691 1008 1749 tantummodo
1036 1689 1232 1744 factam
1277 1687 1537 1742 sentiant.
1587 1685 1907 1752 Coninnctio
1969 1684 2133 1752 igitur

553 1788 607 1841 in
640 1799 869 1856 persona
893 1798 961 1838 ex
993 1781 1211 1836 Patrum
1246 1778 1516 1834 sententia
1544 1786 1627 1832 est
1663 1794 1683 1828 ι
1713 1775 1949 1830 essentia
1980 1772 2131 1827 dili'e-

2226 609 2371 655 τινος
2400 592 2554 647 δόλου
2609 595 2703 644 καὶ
2755 592 3111 661 κακουργίας.
3150 608 3169 641 ι
3208 590 3336 643 ’1δοὺ
3392 592 3563 658 σαφῶς
3592 594 3731 647 διττὴν

2228 680 2495 747 ὑπάρχειν
2526 678 2617 729 τὸν
2645 676 2737 730 τοῦ
2767 678 3075 746 ἀδιαιρέτου
3108 678 3304 747 τρόπον
3343 676 3597 732 ὑπέθετοό
3630 682 3733 735 Θαυ-

2230 771 2422 839 μάσιος
2444 764 2597 831 οὗτος
2627 768 2965 832 διδάσκαλος,
2990 771 3080 819 τον
3102 768 3199 836 μὲν
3223 766 3322 838 τὴν
3346 768 3460 821 καθ’
3489 770 3733 826 ὑπόστασιν

2228 862 2561 931 σημαίνοντα
2577 863 2789 919 ἕνωσιν.
2814 861 2874 913 ὃν
2901 862 2996 913 καὶ
3023 860 3393 930 ἀσπαζόμενος
3423 861 3574 931 ὀρθῆς
3612 865 3735 935 δόξης

2226 950 2368 1008 εἷναί
2394 972 2527 1025 φησι
2558 953 2891 1025 σημαντικόν
2926 969 2940 983 ·
2966 954 3058 1005 τὸν
3084 953 3142 1005 δὲ
3174 953 3340 1023 μόνης
3367 955 3463 1025 τῆς
3488 957 3614 1009 κατὰ
3638 959 3736 1026 σχέ-

2229 1064 2314 1100 σιν
2352 1045 2645 1114 συναφείας
2672 1044 2987 1116 δηλωτικὺν,
3021 1044 3082 1097 ὃν
3117 1046 3211 1097 καὶ
3238 1044 3632 1114 ἀποστρέφεται,
3665 1050 3738 1101 καὶ

2226 1141 2338 1201 τοῖς
2369 1139 2581 1199 πιστοῖς
2610 1137 2770 1191 τοῦτο
2794 1136 2926 1190 αὐτὸ
2956 1138 3130 1190 ποιεῖν
3160 1139 3410 1206 παραινεῖ
3437 1139 3497 1189 ἐκ
3516 1137 3605 1205 τῆς
3629 1140 3737 1191 κατὰ

2226 1230 2328 1301 τὴν
2372 1230 2517 1297 λέξιν
2548 1229 2741 1298 ὁμοίας
2774 1232 3054 1299 προφορᾶς
3082 1228 3344 1291 πολλάκις
3385 1228 3472 1281 τὸν
3498 1229 3585 1298 τῆς
3620 1230 3739 1299 αἱρε-

2226 1322 2385 1389 τικῆς
2408 1320 2726 1384 δυσσεϐείας
2760 1321 2835 1375 ἰὸν
2877 1322 2992 1384 τοῖς
3043 1320 3446 1390 ἀκεραιοτὲροις
3486 1321 3737 1389 λεληθότπ

2231 1411 2524 1481 ἐμϐάλλειν
2552 1413 2874 1481 δυνάμενον,
2898 1410 3021 1464 ὅθεν
3060 1410 3190 1479 παρ’
3237 1410 3411 1479 ἑαυτῷ
3438 1410 3530 1479 μὲν
3576 1412 3629 1463 τὸ
3668 1411 3740 1464 δύο

2230 1504 2408 1573 λέγειν
2430 1504 2768 1573 ἀδιαιρέτους
2785 1504 2970 1573 φύσεις
2996 1503 3277 1574 ὀρθόδοξον
3326 1502 3543 1567 τίθεται,
3590 1505 3739 1572 ἐπειδὴ

2231 1593 2392 1657 αὐτὸς
2424 1592 2548 1648 καθ’
2572 1593 2870 1647 ὑπόστασιν
2894 1590 3035 1647 εἶναι
3066 1593 3164 1663 τὴν
3190 1592 3386 1647 ῑνωσιν
3424 1592 3562 1659 ἔλεγε
3581 1609 3594 1623 ο
3623 1595 3741 1658 παρὰ

2230 1682 2288 1735 δὲ
2310 1683 2418 1737 τῶν
2436 1682 2576 1737 κατὰ
2602 1683 2899 1754 Νεστόριον
2929 1683 3352 1753 προφερομένην
3393 1681 3613 1736 ὕποπτον
3648 1700 3743 1734 ποι-

2234 1774 2375 1826 εῖται
2397 1773 2497 1842 τὴν
2526 1773 2712 1846 φωνὴν
2741 1772 2835 1827 τοῦ
2861 1773 3192 1845 ἀδιαιρέτου,
3223 1773 3408 1844 ἐπειδὴ
3455 1773 3583 1827 κατὰ
3611 1772 3744 1843 μόνην

553 1853 785 1930 rentium
812 1885 1115 1928 concursus
1141 1871 1194 1925 in
1227 1884 1388 1923 unam
1412 1883 1722 1937 personam,
1766 1882 1887 1920 cum
1924 1876 2133 1919 utrum-
2166 1854 2170 1908 ἶ

2129 1853 2209 1910 »Β
2233 1864 2333 1934 τὴν
2397 1866 2651 1935 σχετικὴν
2713 1866 3010 1935 συνάφειαν
3064 1865 3163 1936 τὴν
3227 1865 3420 1918 ἕνωσιν
3473 1863 3746 1934 γεγενῆσθαι

558 1983 664 2035 quc
699 1982 883 2021 corum
917 1978 1039 2032 quae
1071 1963 1357 2030 coniuncta
1392 1969 1540 2024 sunt,
1574 1958 1874 2013 naturalem
1922 1956 2136 2017 habent,

555 2070 611 2115 et
634 2072 839 2123 veram,
869 2065 925 2109 et
959 2053 1372 2116 immutabilem,
1406 2061 1461 2107 et
1486 2049 1868 2106 indivisibilem
1893 2048 2139 2118 proprie-

554 2157 750 2205 tatem.
792 2166 811 2200 ι
842 2146 1167 2216 Coniunctio
1188 2154 1392 2210 autem,
1420 2158 1541 2213 qum
1563 2142 1749 2197 habitu
1781 2142 1861 2208 tit,
1879 2149 1963 2196 est
1985 2158 2005 2193 ι
2042 2154 2139 2197 oo-

556 2256 676 2294 rum
708 2254 828 2308 qua:
863 2253 958 2308 per
973 2252 1032 2292 se
1050 2236 1266 2307 propria
1287 2235 1338 2289 in
1357 2233 1616 2306 singulari
1635 2231 1939 2288 subsistunt
1952 2246 2142 2301 perso-

555 2346 660 2394 na;
683 2346 780 2399 par
800 2330 1097 2385 voluntatis
1146 2337 1347 2391 motus,
1380 2337 1437 2382 et
1460 2325 1810 2382 immutabilis
1843 2326 2145 2379 animorum

551 2436 866 2477 consensus.
880 2419 1266 2488 sQuamobrem
1282 2417 1373 2489 qui
1391 2417 1828 2485 coniunctionem
1846 2417 1899 2469 in
1911 2429 2143 2486 persona

553 2514 861 2581 conﬁtetur,
894 2512 1014 2568 licet
1046 2514 1177 2567 duas
1202 2514 1255 2566 in
1315 2511 1534 2566 Christo
1560 2511 1706 2566 dicat
1740 2519 1962 2564 naturas
2021 2522 2144 2578 pos;

554 2603 999 2674 coniunctionem
1054 2602 1265 2657 ratione
1309 2600 1619 2655 indivisibili
1671 2600 1981 2669 copulatas,
2014 2614 2144 2653 con-

551 2694 835 2764 iunctione
887 2692 1143 2746 nimirum
1198 2690 1252 2747 in
1295 2705 1551 2760 persona,
1584 2691 1631 2744 is
1659 2689 1792 2744 nihil
1843 2691 2060 2744 aberrat
2114 2703 2143 2742 a

554 2782 803 2837 veritate.
836 2782 909 2836 Ea
938 2782 1083 2836 enim
1114 2795 1180 2833 ex
1210 2780 1409 2841 qultnts
1438 2788 1657 2834 constat
1723 2778 1997 2844 Christus,
2044 2778 2145 2831 mi-

555 2874 699 2928 nime
744 2872 968 2927 contusa
1003 2883 1227 2944 propter
1252 2870 1611 2927 diﬂereutiam
1646 2880 1918 2925 servatam
1948 2884 2015 2925 ex
2042 2866 2146 2923 Pa-

556 2976 707 3021 trum
761 2966 1029 3022 sententia
1094 2965 1404 3028 contitetur,
1445 2978 1568 3019 cum
1633 2963 1866 3018 naturali
1933 2962 2145 3019 ratione

557 3056 858 3113 diﬁcrentia
910 3071 1074 3111 unum
1104 3069 1227 3111 esse
1266 3070 1378 3110 non
1411 3056 1661 3109 desinant
1688 3053 1982 3108 scentulum
2013 3064 2145 3122 per-

564 3165 775 3206 sonam.
809 3149 911 3214 Qui
936 3162 1063 3203 vero
1092 3147 1531 3217 coniunctionem
1558 3146 1754 3201 asserit
1776 3145 1963 3200 habitu
2011 3159 2144 3199 con-

562 3248 733 3307 stare,
760 3240 884 3295 licet
907 3238 1104 3294 millies
1126 3240 1269 3293 dicat
1294 3237 1642 3300 indivisibile,
1661 3236 2141 3306 reprehensionem

560 3348 670 3389 non
706 3332 860 3387 vitat.
918 3331 1099 3386 Mutua
1138 3332 1282 3385 enim
1334 3340 1388 3385 et
1416 3330 1678 3385 benevola
1712 3331 1944 3400 quadam
1978 3329 2143 3385 οσσο-

559 3426 705 3480 tione
734 3425 1022 3491 coniuncta
1055 3430 1218 3490 atque
1246 3420 1599 3475 iudivisibilia
1637 3421 1771 3475 dicit
1791 3436 1912 3477 esse
1936 3437 1999 3477 ea
2022 3436 2144 3491 qua

560 3516 960 3587 significantur,
992 3513 1144 3568 nullo
1166 3522 1345 3566 autem
1379 3513 1538 3566 modo
1563 3521 1738 3581 potest
1769 3513 1950 3568 dicere
1980 3527 2143 3568 unam

559 3622 681 3663 esse
722 3618 1010 3676 personam
1047 3602 1217 3656 Deum
1275 3600 1508 3657 Verbum
1554 3616 1678 3656 cum
1731 3602 1902 3671 ipsius
1927 3605 2142 3673 propria

564 3715 634 3755 ex
673 3698 832 3756 nobis
870 3705 1082 3768 sumpta
1108 3709 1273 3752 carne
1304 3694 1544 3750 animata
1574 3702 1863 3765 menteque
1894 3697 2142 3767 praedita.

564 3794 640 3848 Ex
670 3791 876 3846 duabus
906 3791 1050 3844 enim
1081 3787 1317 3857 propriis
1365 3787 1638 3856 personis,
1697 3800 1817 3855 qua
1861 3788 1929 3842 ad
1981 3789 2144 3844 unius

562 3882 768 3953 speciei
797 3880 1098 3945 individua,
1133 3879 1346 3949 propria
1390 3879 1600 3934 ratione
1640 3877 1973 3946 dividantur,
2035 3896 2143 3935 una

562 3976 680 4030 ﬁeri
722 3987 948 4044 persona
975 3988 1082 4027 non
1124 3981 1324 4040 potest.
1378 3969 1741 4037 Quamobrem
1778 3985 1886 4024 non
1930 3970 2143 4040 simpli-

561 4070 701 4122 citer
734 4081 828 4122 eos
850 4064 1195 4135 reprehendit
1222 4072 1280 4118 et
1309 4062 1485 4131 reiicit
1513 4060 1704 4117 beatus
1756 4060 1918 4116 Pater
1960 4074 2146 4118 noster

558 4160 816 4231 Cyrillns,
844 4158 933 4227 qui
972 4158 1185 4212 ratione
1209 4153 1522 4209 indivisibiﬁ
1552 4153 1685 4217 duas
1734 4160 1957 4208 naturas
2011 4168 2146 4209 con—

555 4258 783 4328 junctas
817 4250 1002 4303 dicunt
1032 4256 1152 4317 post
1194 4245 1635 4315 coniunctionem
1660 4258 1678 4309 ;
1703 4244 1797 4299 sed
1841 4258 2029 4305 eorum
2051 4245 2145 4314 qui

568 4341 752 4397 verbis
788 4340 873 4393 bis
907 4337 1227 4400 abutuntur,
1261 4335 1611 4390 sententiam.
1660 4333 1719 4388 Si
1748 4334 1911 4405 igitur
1957 4348 2148 4388 nume-

564 4449 680 4500 rus,
710 4440 770 4485 ut
792 4440 903 4485 tum
945 4444 1013 4484 ex
1041 4438 1355 4484 sanctorum
1388 4428 1609 4483 Patrum
1656 4427 1893 4496 scriptis,
1925 4436 2038 4482 tum
2077 4440 2146 4481 ex

2237 1956 2477 2023 ἐδόξαζε.
2504 1957 2645 2022 Καθ’
2669 1955 2970 2010 ὑπόστασιν
2995 1956 3095 2027 μὶν
3124 1953 3220 2011 οὖν
3263 1957 3455 2019 ῑνωσίς
3494 1960 3597 2009 ἐστι
3637 1957 3748 2011 κατὰ

2237 2051 2364 2112 τοὺς
2402 2050 2646 2119 Πατέρας
2680 2049 2848 2119 ἡτῶν
2870 2048 3224 2115 ἑτεροουσίων
3259 2050 3339 2111 εἰς
3386 2047 3510 2116 μίαν
3556 2046 3751 2099 ὑπόστα-

2241 2158 2328 2195 σιν
2353 2141 2593 2205 σύνοδος,
2625 2140 2888 2211 ἑκατέρου
2909 2139 3020 2195 τῶν
3052 2140 3173 2195 κατ’
3207 2140 3379 2210 αὐτὴν
3432 2139 3751 2208 συγκειμένων

2240 2235 2377 2305 πρὸς
2410 2234 2471 2287 τι
2493 2234 2681 2303 ιτερον
2712 2234 2811 2304 τὴν
2847 2235 3084 2303 φυσικὴν
3126 2234 3370 2305 ἰδιότητα
3408 2233 3671 2288 ἀνόθευτον
3706 2248 3751 2287 τι

2241 2326 2336 2382 καὶ
2358 2327 2735 2398 ἀμετάϐλητον
2760 2326 2970 2395 ἔχοντος
3002 2330 3099 2379 καὶ
3130 2325 3455 2396 ἀδιαίρετον.
3490 2323 3690 2394 Σχετικὴ
3711 2323 3754 2375 δὲ

2240 2417 2435 2479 ἓνωσίς
2461 2419 2610 2472 ἐστιν
2635 2419 2670 2489 ἠ
2702 2418 2811 2471 τῶν
2866 2416 2990 2471 κατ’
3027 2417 3227 2481 αὐτοὺς
3285 2416 3463 2479 ίδικῶς
3511 2418 3563 2470 ὲν
3604 2413 3756 2486 μονάσι

2242 2513 2618 2581 προσωπικαίς
2648 2507 2972 2577 ὑφεστώτων
2996 2510 3084 2580 ἴση
3116 2509 3421 2579 θελήματος
3456 2508 3666 2577 κίνησις,
3684 2505 3756 2559 καὶ

2242 2604 2524 2672 γνωμικῆς
2561 2601 2885 2670 ταυτότητος
2917 2598 3324 2669 ἀπαραλλαξία.
3368 2600 3427 2652 '0
3466 2599 3628 2651 τοίνυν
3656 2600 3756 2664 ὁμο·

2242 2695 2417 2763 λογῶν
2447 2695 2546 2763 τὴν
2599 2692 2724 2751 καθ’
2771 2694 3069 2747 ὑπόστασιν
3110 2691 3334 2755 Ξνωσιν,
3381 2690 3482 2744 κᾶν
3529 2689 3613 2742 δύο
3654 2688 3756 2756 λέγῃ

2243 2786 2435 2855 φύσεις
2458 2786 2550 2838 ἐπὶ
2576 2783 2812 2854 Χριστοῦ
2834 2783 2974 2853 μετὰ
2994 2783 3093 2853 τὴν
3110 2782 3315 2836 ἕνωσιν
3333 2782 3597 2852 ήνωμένας
3622 2780 3759 2835 ἀδιαι-

2247 2880 2439 2948 ρέτως,
2505 2876 2699 2933 ἑνώσει
2755 2876 2999 2945 δηλονότι
3060 2877 3126 2945 τῇ
3184 2875 3313 2927 καθ’
3354 2874 3759 2938 ὑπόστασιν,τῆς

2242 2968 2503 3039 ἀληθείας
2530 2967 2652 3021 καθ’
2684 2967 2866 3021 ὁτιοῦν
2895 2968 2955 3021 οὐ
2983 2966 3367 3037 διαμαρτάνει.
3397 2967 3476 3020 Τὰ
3492 2966 3592 3036 γὰρ
3617 2965 3668 3030 ἑξ
3701 2958 3761 3016 ὧν

2245 3060 2528 3130 σύγκειται
2548 3062 2577 3113 ὁ
2604 3060 2840 3131 Χριστὸς
2864 3058 3147 3129 ἀαύγχυτα
3180 3059 3545 3129 μεμενηκέναι
3572 3057 3648 3111 διὰ
3682 3058 3763 3123 τὴν

2249 3153 2568 3223 σωζομένην
2598 3151 2861 3221 διαφορὰν
2893 3152 3036 3204 κατὰ
3061 3151 3188 3215 τοὺς
3235 3151 3486 3221 Πατέρας
3529 3148 3762 3216 ὁμολογεῖ,

2241 3245 2337 3299 τοῦ
2371 3244 2495 3298 καθ’
2526 3244 2821 3297 ὑπόστασιν
2877 3241 2998 3305 ἑνὸς
3047 3242 3304 3311 οὐδαμῶς
3344 3245 3415 3297 τὰ
3469 3242 3542 3313 τῷ
3586 3240 3765 3309 φυσικῷ

2242 3337 2386 3407 λόγῳ
2430 3335 2673 3405 ἀλλήλων
2731 3335 3056 3405 διαφέροντα
3117 3336 3280 3399 ἐκτὸς
3309 3334 3468 3399 εἶναι,
3497 3338 3582 3390 καὶ
3624 3336 3763 3405 χωρὶς

2242 3429 2367 3482 καθ’
2400 3427 2710 3496 οίονδήποσε
2738 3426 2937 3497 τρόπον
2977 3426 3271 3493 γινώσκειν
3295 3426 3597 3497 δυνάμενος.
3633 3427 3686 3479 '0
3721 3427 3766 3478 δὲ

2243 3520 2341 3588 τὴν
2370 3519 2510 3572 κατὰ
2541 3516 2724 3588 σχέσιν
2764 3517 3082 3587 πρεσὸεύων
3120 3518 3338 3581 ἕνωσιν,
3373 3520 3474 3572 κᾶν
3513 3521 3558 3570 εἰ
3605 3518 3768 3587 μυριά-

2242 3630 2329 3675 κις
2355 3611 2492 3683 λέγῃ
2518 3610 2581 3663 τὸ
2603 3608 2924 3679 ἀδιαίρετον,
2952 3609 3014 3661 τὸ
3039 3609 3303 3678 ἐπίψογον
3330 3611 3597 3681 κέκτηται.
3643 3609 3769 3662 Κατὰ

2244 3720 2363 3755 τινα
2394 3701 2504 3770 γὰρ
2525 3698 2873 3769 ἀγαπητικὴν
2926 3698 3267 3753 συνδιάθεσιν
3306 3701 3559 3770 ἡνῶσθαι,
3606 3702 3688 3754 καὶ
3720 3702 3768 3752 τὸ

2244 3790 2545 3860 ἀδιαίρετον
2622 3789 2767 3858 ἔχειν
2809 3788 2957 3856 λέγει
3011 3787 3080 3841 τὰ
3132 3790 3523 3859 σημαινόμενα,
3559 3790 3769 3859 οὐδαμῶς

2249 3887 2377 3956 μίαν
2409 3885 2710 3937 ὑπόστασιν
2739 3876 2878 3937 εἶναι
2903 3881 2994 3935 τὸν
3036 3880 3168 3934 Θεὸν
3197 3882 3375 3950 Λόγον
3406 3884 3537 3953 μετὰ
3590 3885 3675 3953 τῆς
3721 3882 3767 3945 ἐξ

2243 3978 2402 4049 ήμῶν
2434 3977 2570 4039 ἰδίας
2595 3974 2757 4029 αὑτοῦ
2780 3973 3023 4045 ιμψύχου
3062 3991 3123 4029 τε
3163 3978 3261 4031 καὶ
3307 3976 3455 4031 ιννου
3500 3976 3678 4047 σαρκὸς
3704 3976 3768 4027 εί-

2243 4071 2368 4123 πεῖν
2397 4063 2504 4130 οἷός
2527 4084 2586 4119 τε
2609 4066 2706 4120 ὢν.
2744 4068 2839 4121 Ἐκ
2871 4068 2964 4120 δύο
2987 4066 3094 4138 γὰρ
3125 4068 3476 4124 ὑποστάσεων
3497 4068 3661 4122 ἱδικῶν
3684 4066 3769 4119 τῶν

2246 4161 2382 4231 πρὸς
2419 4161 2488 4213 τὰ
2530 4159 2750 4229 ὁμοειδῆ
2788 4158 2967 4226 ἄτομα
3020 4159 3175 4229 ιδικῷ
3212 4160 3357 4231 λόγῳ
3403 4160 3769 4232 μεμερισμένων

2250 4250 2378 4321 μίαν
2406 4249 2659 4318 γενέσθαι
2682 4249 2975 4304 ὑπόστασιν
2996 4251 3299 4321 ἀμήχανον.
3330 4251 3492 4303 Ὥστε
3518 4251 3606 4319 οὐχ
3618 4244 3768 4310 ἁπλῶς

2244 4340 2539 4407 διαϐάλλει,
2601 4340 2696 4394 καὶ
2742 4340 3129 4408 ἀποπέμπεται
3178 4341 3210 4394 ό
3254 4341 3412 4410 ἅγιος
3430 4342 3612 4410 Πατὴρ
3645 4339 3769 4409 ἡμῶν

2248 4432 2520 4503 Κύριλλος
2543 4432 2604 4485 τδ
2627 4431 2811 4501 λέγειν
2834 4429 2931 4485 δύο
2954 4430 3145 4500 φύσεις
3166 4432 3454 4502 quem
3493 4431 3769 4501 ἀδιαιρέτως

564 4521 836 4578 communi
879 4518 1265 4587 cogitationum
1308 4527 1579 4570 consensu
1631 4514 2181 4593 demonstravimus”

2174 4539 2220 4596 ι)
2251 4525 2390 4595 μετὰ
2413 4525 2514 4595 τὴν
2537 4525 2751 4586 ἕνωσιν,
2780 4521 2921 4576 ἀλλὰ
2960 4521 3059 4592 τὴν
3124 4525 3531 4593 σημαινομένην
3566 4522 3645 4575 διὰ
3690 4519 3769 4587 τῆς

564 4616 770 4673 nullam
800 4628 899 4669 nec
926 4610 1077 4676 facit,
1111 4623 1211 4664 nec
1240 4607 1461 4677 patitur,
1514 4620 1614 4661 nee
1666 4605 1871 4659 inducit
1920 4605 2140 4659 divisio-

565 4724 710 4777 nent,
732 4706 827 4762 sed
854 4702 1176 4773 simpliciter
1194 4697 1435 4754 ostendit
1455 4706 1586 4765 quot
1612 4710 1840 4765 quaeque
1870 4696 2003 4760 sint,
2033 4709 2139 4750 non

565 4811 746 4857 autem
786 4796 1057 4869 quomodo
1077 4808 1136 4849 se
1175 4791 1361 4847 habitu
1412 4790 1668 4854 habeant,
1719 4803 1964 4856 quaenam
2024 4802 2142 4843 sec-

566 4891 750 4955 tionis,
778 4897 872 4941 aut
901 4883 1183 4941 divisionis
1239 4879 1455 4951 reliqua
1514 4886 1691 4948 potest
1739 4891 1861 4933 esse
1904 4878 2141 4946 suspicio

565 4982 709 5044 istis,
760 4979 854 5046 qui
932 4977 986 5030 in
1065 4982 1253 5030 sancta
1320 4971 1414 5027 Dei
1476 4968 1719 5026 Ecclesia
1792 4980 2138 5026 commovent

564 5076 858 5133 seditiones
892 5073 918 5126 τ

2237 4614 2494 4685 τοιαύτης
2545 4617 2728 4684 φωνῆς
2782 4612 2892 4667 τῶν
2941 4613 3129 4675 κακῶς
3174 4614 3535 4684 χρησαμένων
3576 4614 3767 4665 ἔννοιαν.

2241 4709 2306 4761 Εἰ
2340 4707 2518 4760 τοίνυν
2546 4705 2809 4759 δέδεικται
2836 4704 2902 4756 ἐκ
2943 4721 3001 4757 τε
3042 4704 3153 4757 τῶν
3178 4706 3353 4773 ἁγίων
3379 4706 3642 4776 Πατέρων.
3698 4704 3771 4754 καὶ

2239 4802 2339 4868 τῆς
2365 4797 2474 4851 τῶν
2507 4797 2701 4850 κοινῶν
2728 4795 2946 4849 ἐννοιῶν
2978 4796 3320 4863 ἀκολουθίας,
3352 4798 3428 4864 ὼς
3471 4798 3565 4869 τὴν
3593 4793 3770 4849 οἱανοιῖν

2241 4882 2507 4960 διαίρεσιν
2537 4887 2661 4939 οὕτε
2690 4888 2888 4949 ποιεῖν,
2911 4884 3034 4939 οὕτε
3070 4888 3323 4957 πάσχειν,
3352 4887 3475 4942 οὔτε
3514 4886 3770 4952 εἰσάγεινο

2244 4982 2477 5051 ἀριθμὸς
2502 4979 2745 5044 δύναται,
2779 4978 2895 5032 ἀλλ’
2915 4979 3098 5041 ἁπλῶς
3128 4980 3229 5045 μὲν
3258 4979 3414 5048 δηλοῖ
3430 4981 3497 5032 τὰ
3522 4981 3667 5041 ποσὰ,
3690 4976 3768 5041 τῆς

2237 5076 2297 5127 δὲ
2335 5073 2592 5143 σχέσεως,
2616 5069 2691 5132 ὡς
2720 5069 2786 5123 ἂν
2809 5070 3001 5140 ἔχοντα
3025 5070 3279 5141 τύχωσιν,
3304 5074 3366 5124 οὗ
3401 5071 3765 5141 προσάπτεται·

562 5172 690 5226 ποία
712 5166 897 5223 λοιπὸν
917 5164 1297 5219 ὑπολέλειπται
1316 5165 1487 5233 τομῆς
1530 5163 1753 5218 υπόνοια
1805 5164 1839 5232 ἢ
1864 5163 2180 5235 διαιρέσεως
2219 5172 2333 5233 τοῖς
2367 5170 2501 5239 πρὸς
2534 5168 2629 5237 τὴν
2661 5168 2822 5235 ἁγίαν
2871 5167 2966 5220 τοῦ
2996 5167 3131 5220 Θεοῦ
3166 5168 3540 5232 στασιάζουσιν
3575 5166 3765 5232 Ἐκκλη-

563 5266 686 5319 σίαν
713 5280 728 5329 ;

1056 5348 1140 5404 Ea:
1168 5351 1349 5404 eadem
1384 5354 1644 5405 oratione.

629 5445 762 5501 Nam
797 5445 842 5499 si
874 5445 973 5499 hoc
1001 5455 1185 5497 verum
1223 5455 1326 5496 nou
1374 5452 1479 5505 est,
1501 5453 1555 5495 et
1583 5444 1627 5495 si
1658 5441 2014 5497 ttill‘ereutiam
2041 5459 2141 5498 nu-

560 5540 685 5592 dam
721 5545 777 5591 et
807 5535 979 5590 solam
1024 5532 1485 5602 pronuntiatione,
1518 5540 1701 5599 utpote
1731 5548 1851 5601 qua:
1886 5534 2035 5587 nulla
2078 5536 2144 5587 de

563 5642 624 5683 re
654 5629 750 5689 sit,
784 5625 850 5679 ad
873 5622 1263 5692 simpliciorum
1290 5622 1503 5675 animas
1519 5622 1869 5690 decipiendas
1886 5624 2141 5680 simulate

564 5716 863 5785 proferunt,
897 5729 997 5769 cur
1027 5722 1275 5768 recusant
1306 5711 1508 5773 dicere,
1538 5726 1657 5781 qua:
1685 5720 1741 5767 et
1771 5723 1903 5781 quot
1935 5715 2043 5769 sint
2070 5730 2132 5769 ea

562 5817 685 5872 qua:
717 5803 990 5868 dilieruut,
1011 5817 1238 5871 quorum
1267 5816 1388 5859 esse
1410 5802 2141 5885 diliercntiam.conﬁtentur?

2700 5353 2784 5405 E’x
2822 5352 2927 5405 τοῦ
2950 5353 3139 5408 αὑτοῦ
3167 5356 3373 5425 λόγου.

2317 5439 2465 5492 Ἔδει
2502 5440 2609 5507 γὰρ
2653 5440 2874 5504 αὐτοὺς,
2932 5441 3092 5515 εἴπερ
3146 5446 3364 5515 ἀληθῶς
3400 5448 3554 5502 τοῦτο
3596 5447 3662 5520 μὴ
3687 5445 3763 5518 liv,

2246 5535 2384 5606 μηδὲ
2436 5534 2535 5605 τὴν
2562 5534 2827 5608 διαφορὰν
2863 5538 2991 5608 ψιλῇ
3050 5542 3143 5594 και
3174 5542 3309 5612 μόνῃ
3342 5546 3407 5614 τῃ
3429 5544 3677 5614 προφορᾷ,
3702 5542 3765 5601 ὡς

2240 5625 2384 5679 κατὰ
2417 5625 2645 5694 μηδενὸς
2703 5628 2983 5698 κειμένην,
3015 5634 3150 5697 πρὸς
3182 5632 3456 5705 ἐξαπάτην
3480 5635 3580 5688 τῶν
3599 5632 3764 5703 desit-

2244 5719 2452 5785 στιρων
2486 5716 2885 5784 εἰρωνευτικῶς
2918 5723 3274 5793 προφέρουσι,
3314 5725 3387 5795 μὴ
3424 5719 3759 5795 παραιτεῖσθαι

2247 5807 2447 5875 λέγειν,
2475 5807 2613 5872 τίνα,
2633 5809 2726 5860 καὶ
2757 5810 2898 5862 πόσα
2927 5812 2989 5865 τὰ
3014 5813 3333 5885 διαφέροντα
3367 5816 3608 5883 τυγχάνει
3631 5811 3755 5869 ὄντα,
