4094 6300
312 364 456 427 ιῦ29

1274 361 1649 422 PANOI‘LIA
1688 359 2145 421 DOGMATJCA.
2171 386 2237 395 ·-
2263 362 2417 425 TlT.
2465 365 2620 427 XVI.

3448 366 3583 431 1030

303 474 386 534 ὧν
412 474 555 533 εἶναι
575 476 673 549 τὴν
710 476 976 550 διαφορὰν
1002 476 1377 547 ὁμολογοῦσιν.
1402 478 1465 529 Εἰ
1487 475 1595 545 γὰρ
1619 476 1867 539 σώζεσθα

1998 473 2055 528 Si
2113 476 2255 529 enim
2285 490 2346 530 ca
2406 491 2473 530 ex
2531 478 2728 545 quibus
2788 478 3096 548 coniunctio
3137 477 3215 545 lit,
3278 488 3402 547 post
3452 495 3581 534 cou-

310 570 453 639 μετὰ
474 568 572 639 τὴν
599 569 793 622 ἕνωσιν
813 571 882 623 τὰ
915 568 973 631 ἐξ
1000 563 1075 622 ὧν
1111 569 1144 637 ή
1178 567 1373 629 ένωσις
1409 566 1757 627 πιστεύουσι,
1789 565 1883 618 δύο

307 661 531 722 πάντως
565 660 633 712 τὰ
652 658 938 727 σωζόμενα
960 657 1351 728 ὁμολογήσαιεν
1381 656 1467 709 ἄν.
1496 656 1750 709 Τοσαῦτα
1773 656 1882 726 γὰρ

306 751 379 804 τὰ
411 749 731 804 συνελθόντα
782 750 918 819 πρὸς
947 750 1141 802 ἕνωσιν
1195 749 1294 819 τὴν
1352 748 1746 811 ἀδιάσπαστον,
1781 748 1882 815 τὴν

306 841 524 896 οἱανοῦν
553 841 787 911 τροπήν,
824 841 857 912 ἢ
898 842 1179 911 σύγχυσιν,
1215 842 1247 910 ἢ
1279 839 1592 910 μείωσιν,ἤ
1628 839 1884 906 συναίρε-

307 950 418 997 σιν,
451 932 483 1003 ἢ
543 932 849 1002 μεταϐολὴν
886 931 986 1002 τὴν
1020 932 1099 993 είς
1143 931 1350 1000 ἄλληλα
1387 933 1452 985 ἐκ
1496 930 1597 1000 τῆς
1632 929 1882 993 ένώσεως

304 1024 368 1076 οὐ
396 1022 688 1091 δεξάμενα.
718 1020 857 1075 Νυνὶ
876 1021 933 1074 δὲ
965 1021 1123 1074 τοῦτο
1144 1020 1219 1091 μή
1244 1019 1579 1086 δοξάζοντες,
1610 1020 1684 1081 ὡς
1716 1020 1883 1089 ήρνη-

308 1113 465 1182 μένοι
506 1114 605 1174 τὰς
635 1112 829 1182 φύσεις
858 1112 1000 1182 μετὰ
1022 1111 1121 1181 τὴν
1160 1110 1357 1164 ἕνωσιν
1388 1110 1681 1177 σώζεσθαι,
1714 1111 1883 1161 ὑπευ-

305 1204 502 1268 θύνους
533 1205 760 1267 ἑαυτοὺς
810 1203 1055 1274 ἐλέγχοις
1103 1203 1454 1271 πεποίηνται,
1487 1203 1589 1255 κᾶν
1642 1202 1719 1275 μὴ
1754 1203 1880 1273 βού-

303 1296 525 1361 λωνται,
552 1298 687 1365 μόνῃ
716 1297 967 1366 ποιότητι
998 1295 1251 1363 λέγοντες
1284 1294 1385 1364 τὴν
1416 1294 1681 1363 διαφορὰν
1713 1295 1882 1360 σώζε-

305 1386 432 1440 σθαι
460 1387 568 1439 τῶν
594 1387 938 1456 πραγμάτων
966 1388 1159 1458 χωρὶς,
1190 1385 1379 1454 ὥσπερ
1416 1386 1720 1456 ἀνθρώπων
1750 1406 1879 1441 παι-

301 1476 509 1538 ζόντων
534 1477 816 1548 προδήλως
845 1479 1081 1543 tot-Lata!
1106 1478 1168 1531 τὸ
1188 1477 1265 1546 μὴ
1297 1476 1585 1544 γελᾶσθαι,
1605 1477 1682 1540 ὡς
1706 1478 1878 1544 εἰκὸς,

302 1565 463 1635 ὐδριν
497 1562 637 1621 εἶναι
687 1567 1080 1637 λογιζομένων,
1113 1568 1210 1621 καὶ
1258 1566 1438 1635 σοφῶς
1468 1568 1769 1622 κενούντων
1817 1570 1879 1622 τὸ

300 1656 656 1726 Εὐαγγέλιον,
679 1659 807 1712 ἄνευ
839 1659 1039 1713 οὐσιῶν
1069 1660 1450 1729 ὑποκειμένων
1484 1655 1629 1713 εἶναι
1662 1661 1878 1731 ποιότη-

298 1768 401 1813 τας
436 1750 695 1804 δύνασθαι
741 1751 1205 1821 νομοθετούντων,
1233 1753 1329 1805 καὶ
1357 1750 1526 1803 ποσοῦ
1557 1754 1727 1822 χωρὶς
1756 1755 1877 1806 ἐπιδ

1984 564 2318 633 iunctionem
2350 570 2555 621 servari
2587 570 2835 632 credunt,
2869 572 2976 623 duo
3009 572 3167 637 plane
3204 578 3417 624 servata
3450 585 3582 623 con-

1987 656 2296 719 ﬁtebuntur,
2327 668 2404 711 tot
2426 660 2567 712 enim
2596 662 2662 713 ad
2696 659 3127 726 coniunctionem
3197 660 3579 716 indivisﬂailem

1985 760 2338 812 concurrunt,
2363 765 2483 819 qua:
2511 766 2609 804 nec
2640 750 3030 816 inversionem,
3056 768 3155 807 nec
3180 751 3579 812 confusionem,

1986 854 2084 894 nec
2111 840 2560 905 imminutionem,
2595 857 2693 897 nec
2747 845 3097 898 mulationem
3136 844 3294 897 ullam
3325 845 3463 899 inter
3522 860 3581 899 se

1986 944 2051 985 ex
2102 931 2490 999 coniunCtione
2543 934 2867 1003 suscipiunt.
2929 933 3084 991 Nunc
3109 944 3287 989 autem
3352 934 3583 990 hocim-

1983 1023 2297 1092 probantes,
2337 1034 2394 1077 ut
2441 1024 2530 1092 qui
2564 1034 2760 1095 negent
2807 1034 3027 1080 naturas
3056 1035 3179 1096 post
3226 1028 3568 1096 coniunctio-

1985 1130 2105 1169 nem
2131 1116 2358 1180 servari,
2425 1118 2632 1186 seipsos
2718 1119 3231 1187 reprehensionibus
3305 1120 3571 1176 obnoxios

1983 1206 2410 1272 constituerunt,
2440 1209 2655 1263 etiamsi
2696 1211 2883 1272 nolint,
2915 1225 3034 1263 cum
3064 1211 3247 1265 dicant
3298 1212 3409 1265 sola
3444 1228 3578 1279 qua-

1982 1295 2134 1351 litate
2155 1297 2515 1353 dill‘erentiam
2552 1301 2775 1365 servari,
2811 1303 2928 1355 sine
2968 1302 3148 1356 rebus.
3177 1302 3326 1367 Quod
3358 1303 3575 1370 quidem

1981 1397 2065 1441 est
2099 1389 2377 1444 hominum
2420 1400 2601 1460 aperte
2652 1392 2955 1447 ludentium
3003 1407 3103 1446 nec
3158 1401 3336 1461 turpe,
3382 1406 3439 1447 ut
3481 1411 3579 1463 ρει·

1980 1483 2086 1541 est,
2118 1478 2571 1542 existimantium,
2627 1496 2687 1535 se
2741 1482 2996 1543 derideri,
3053 1492 3108 1535 et
3139 1483 3297 1551 plane
3341 1484 3577 1551 EVattgc-

1982 1568 2113 1623 lium
2146 1569 2308 1625 inane
2335 1570 2709 1636 eﬂicientium,
2741 1588 2863 1627 cum
2895 1574 3011 1628 sine
3036 1573 3297 1640 subjectis
3329 1576 3579 1627 essentits

1978 1671 2221 1716 asset-ant
2239 1678 2359 1717 esse
2379 1677 2536 1732 posse
2558 1665 2875 1735 qualitates,
2894 1673 2950 1718 et
2978 1667 3094 1719 sine
3111 1668 3414 1733 quantitate
3429 1665 3578 1719 (ηαυ-

1979 1756 2211 1807 rentiam
2236 1758 2489 1822 cognosci
2518 1761 2755 1812 tradant.
2786 1758 3047 1827 Ignorant
3075 1759 3241 1821 enim,
3268 1770 3324 1814 nt
3342 1759 3573 1820 videtur,

295 1843 610 1915 γνωσθῆναι
642 1817 909 1913 διαφορὰν
939 1842 1367 1913 ὑποτιθεμένων.
1406 1817 1714 1915 Ἥγνόησαν
1742 1846 1872 1915 γὰρ,

1984 1846 2232 1899 homines
2282 1847 2698 1915 sapientissimi,
2731 1864 2946 1903 omnem
2998 1850 3315 1917 qualitatem
3378 1849 3577 1904 habete

296 1942 373 2002 ὡς
398 1941 595 2006 ἔοικεν,
625 1944 672 1995 οί
702 1942 1029 2012 σοφώτατοι,
1067 1941 1154 1995 δτι
1206 1944 1359 1996 πᾶσα
1390 1944 1616 2013 ποιότης
1647 1944 1877 1995 ὑποκει-

300 2029 471 2103 μένης
498 2034 716 2097 πάντως
767 2034 956 2096 οὐσίας
983 2035 1124 2100 ἐστὶ,
1176 2035 1307 2105 περὶ
1334 2036 1403 2106 ἢν
1434 2036 1527 2089 καὶ
1562 2036 1876 2104 θεωρεῖται,

296 2125 392 2174 καὶ
447 2123 668 2192 λέγεται
716 2124 779 2177 τὸ
825 2126 945 2178 κατ’
973 2126 1145 2195 αὐτὴν
1175 2125 1316 2181 εἶναι
1346 2126 1600 2196 οὐδαμῶς
1645 2127 1875 2195 ἔχουσα,

296 2214 394 2267 καὶ
430 2216 579 2269 πᾶσα
617 2216 850 2285 διαφορὰ
883 2219 986 2289 τῆς
1024 2217 1205 2272 ἄλλων
1262 2217 1397 2289 πρὸς
1423 2218 1561 2273 ἄλλα
1590 2222 1733 2273 κατὰ
1784 2218 1878 2272 τὸν

293 2305 391 2357 τοῦ
418 2306 533 2369 πῶς
566 2302 708 2362 εἶναι
744 2307 905 2376 λόγον
939 2310 1330 2380 ἀνομοιότητός
1353 2326 1413 2363 τε
1437 2311 1532 2364 καὶ
1557 2311 1877 2381 ἑτερότητος

293 2395 430 2453 οὖσα
451 2400 745 2473 δηλωτική.
781 2403 843 2455 τὸ
874 2405 1040 2456 ποσὸν
1068 2407 1179 2457 τῶν
1211 2403 1580 2474 διαφερόντων
1614 2406 1877 2475 πραγμά-

291 2510 405 2545 των
452 2495 798 2562 συνεισάγειν
830 2497 1002 2567 ἑαυτῇ
1035 2497 1283 2566 πέφυκεν
1342 2499 1452 2551 εττε
1502 2498 1728 2563 οὐσιῶν,
1762 2498 1876 2551 εἴτε

293 2585 622 2655 ποιοτήτων,
669 2586 778 2638 εἴτε
811 2587 1110 2658 ίδιοτήτων,
1152 2590 1247 2642 καὶ
1267 2589 1480 2655 ἁπλῶς,
1509 2588 1600 2643 ἴνα
1636 2590 1877 2643 συνελὼν

292 2676 459 2741 εἴπω,
486 2677 684 2738 παντὸς
716 2678 904 2749 ἑτέρου
933 2680 1079 2739 τινὸς
1125 2680 1234 2734 τῶν
1262 2681 1366 2734 ὅσα
1397 2681 1682 2753 διαφέρειν
1709 2681 1877 2753 ἀλλή-

292 2767 403 2821 λων
433 2767 909 2837 ὐπολαμὸάνοντες
935 2770 1141 2825 είποιεν
1171 2768 1308 2824 εἶναι
1336 2772 1623 2842 διαφορὰν,
1651 2772 1876 2837 πάντως

284 2860 354 2910 ἐν
384 2860 540 2928 ποσῷ
565 2862 634 2912 τὰ
661 2860 987 2931 διαφέροντα
1018 2864 1401 2934 θεωρήσαντες
1431 2866 1545 2917 εἴτε
1592 2865 1872 2938 αἰσθήσει,

291 2950 407 3004 εἴτε
446 2950 637 3021 νοήσει
676 2954 774 3021 τὴν
829 2952 1098 3021 διαφορὰν
1150 2954 1476 3024 ἐγνώρισαν.
1540 2956 1709 3011 ’Δνευ
1763 2958 1873 3029 γὰρ

291 3043 465 3096 ποσοῦ
500 3043 764 3097 δύνασθαι
807 3044 1255 3100 διαὸεὸαιοῦσθαι
1285 3046 1565 3103 δεικνύναι
1602 3048 1871 3120 διαφορὰν

1979 1936 2277 2003 subiectam
2315 1938 2632 2005 essentiam,
2691 1939 2837 1994 circa
2862 1954 3022 2008 quam
3073 1940 3458 1995 consideratur
3520 1950 3577 1997 et

1978 2027 2197 2091 dicitur,
2231 2042 2351 2081 cum
2381 2044 2477 2097 per
2494 2044 2554 2083 se
2592 2032 2891 2085 consistere
2936 2042 3190 2100 nequeat.
3244 2031 3310 2084 Et
3357 2046 3574 2085 omnem

1979 2117 2362 2186 diﬂercntiam,
2413 2134 2533 2177 cum
2569 2122 3064 2176 dissimilitudinem
3097 2131 3155 2177 et
3184 2123 3573 2187 diversitate»,

1979 2227 2142 2281 quam
2186 2214 2352 2267 varia
2387 2229 2474 2269 res
2511 2214 2716 2268 habent
2747 2216 2893 2269 inter
2949 2230 3028 2277 se,
3098 2226 3366 2284 quatenus
3396 2216 3577 2282 aliquo

1979 2304 2139 2357 modo
2171 2315 2319 2369 sunt,
2347 2305 2641 2373 signiticet,
2675 2322 2855 2361 rerum
2904 2305 3268 2361 diﬂerentium
3298 2308 3576 2376 quantita-

1977 2406 2084 2452 tem
2112 2399 2464 2458 constituere,
2491 2398 2606 2450 sive
2635 2399 2911 2461 essentia,
2960 2400 3074 2452 sive
3102 2398 3411 2467 qualitates,
3461 2400 3576 2454 site

1976 2489 2342 2556 proprietates
2378 2488 2509 2552 sint,
2545 2502 2641 2542 seu
2672 2490 2885 2556 quidvis
2940 2489 3090 2542 aliud
3124 2503 3309 2543 eorum
3338 2504 3460 2558 qua:
3492 2492 3576 2542 in-

1978 2590 2061 2635 ter
2094 2595 2153 2633 sc
2187 2578 2464 2645 diﬂ'erunt,
2495 2581 2611 2635 sive
2640 2595 2807 2635 sensu
2863 2582 2980 2635 sive
3036 2582 3365 2652 cogitatione
3415 2582 3574 2637 dilic-

1978 2672 2206 2727 rentiam
2265 2668 2586 2738 intelligant.
2650 2668 2781 2723 Sine
2853 2671 3158 2738 quantitate
3203 2673 3350 2727 enim
3410 2686 3571 2741 posse

1976 2762 2348 2817 dtll'erentiam
2379 2760 2696 2817 conﬁrmari
2728 2776 2833 2816 non
2859 2773 2945 2817 est
2975 2764 3367 2820 admittendum
3395 2780 3411 2830 ;
3448 2780 3574 2819 nam

1976 2868 2095 2921 quae
2118 2854 2264 2908 inter
2280 2869 2341 2908 se
2361 2854 2552 2907 eadem
2577 2854 2736 2923 plane
2758 2869 2863 2919 non
2887 2865 3036 2921 sunt,
3060 2855 3203 2910 nullo
3228 2856 3389 2911 modo
3410 2871 3571 2910 unam

1974 2955 2031 3001 et
2053 2945 2299 3000 eamdem
2318 2946 2627 3000 .essistendi
2663 2946 2929 3002 rationem
2976 2946 3304 3017 suscipiunt,
3332 2958 3569 3007 essentia

1975 3036 2235 3091 nimirum
2275 3038 2434 3100 ,sive
2482 3049 2677 3093 natura
2729 3054 2852 3095 cum
2912 3052 3105 3093 natura
3136 3077 3152 3103 ,
3197 3049 3291 3094 aut
3339 3041 3574 3108 qualitas

289 3133 636 3197 ἁνένδεκτον,
668 3134 857 3205 ἐπειδὴ
885 3136 953 3188 τὰ
983 3135 1059 3205 μή
1082 3135 1336 3207 ἀλλήλοις
1365 3138 1543 3206 πάντη
1574 3138 1751 3193 ταυτὰ
1773 3138 1872 3191 ἕνα

1974 3141 2095 3181 cum
2161 3128 2426 3196 qualitate
2458 3167 2474 3192 ,
2538 3137 2634 3182 aut
2695 3130 2996 3198 proprietas
3053 3145 3175 3183 cum
3224 3129 3571 3198 proprietate.

290 3225 504 3278 καὶτὸν
549 3227 715 3281 αὐτὸν
751 3225 847 3280 τοῦ
874 3222 1017 3281 εἶναι
1059 3228 1311 3299 οὐδαμῶς
1340 3229 1646 3296 ἑπιδέξεται
1683 3229 1868 3300 λόγον.

288 3315 495 3379 Οὐσίας
524 3318 634 3387 γὰρ
654 3317 775 3388 ήτοι
804 3318 1042 3388 φύσεως.
1078 3319 1212 3388 φέρε
1249 3320 1445 3385 εἰπεῖν,
1482 3321 1620 3390 πρὸς
1654 3320 1870 3385 οὐσίαν,

288 3406 324 3477 ἢ
360 3408 648 3476 ποιότητος
683 3408 824 3478 πρὸς
872 3408 1161 3477 ποιότητα,
1196 3409 1229 3481 ἢ
1268 3410 1534 3479 ίδιότητος
1570 3410 1707 3481 πρὸς
1744 3412 1872 3465 ιδιό-

288 3516 449 3569 τητα,
480 3500 515 3571 ἢ
549 3502 645 3555 καὶ
688 3500 743 3554 εί
770 3518 824 3553 τι
855 3502 1046 3573 ἔτερον
1079 3502 1191 3555 τῶν
1232 3503 1336 3556 ὅσα
1371 3502 1448 3574 μὴ
1495 3503 1673 3558 πάντα
1699 3504 1875 3558 ταυτὰ

289 3592 386 3643 καὶ
413 3591 678 3663 διαφορᾶς
703 3594 1054 3658 ἁνεπίδεκτα,
1087 3593 1186 3646 ἕνα
1218 3594 1311 3646 καὶ
1330 3594 1422 3647 τὸν
1446 3594 1613 3649 αὐτὸν
1638 3593 1735 3649 τοῦ
1752 3594 1872 3659 πῶς

287 3676 430 3737 εἶναι
459 3681 619 3750 λόγον
651 3684 915 3738 οὐδέποτε
950 3684 1132 3753 λέγειν
1162 3685 1488 3755 δυναίμεθα.

754 3773 859 3828 Ἐκ
879 3773 986 3830 τοῦ
1012 3773 1203 3830 αὐτοῦ
1230 3777 1445 3846 λόγου.

367 3865 432 3921 El
482 3866 581 3939 μὲν
614 3867 975 3931 ἀναλλοίωτος
1022 3870 1054 3923 ό
1080 3870 1199 3924 κατ’
1237 3870 1429 3925 οὐσίαν
1481 3872 1712 3944 θατέρου
1757 3876 1869 3929 τῶν

289 3959 609 4013 ἑνωθέντων
632 3958 871 4029 διέμεινε
902 3959 1062 4028 λόγος
1097 3961 1237 4031 μετὰ
1265 3962 1365 4034 τὴν
1396 3963 1591 4018 ἕνωσιν
1613 3968 1752 4036 πρὸς
1774 3967 1867 4020 τὸν

288 4051 523 4122 θατέρου
556 4051 656 4120 τῆς
684 4052 876 4115 οὐσίας
901 4054 1029 4122 ὅρον
1053 4054 1131 4124 μὴ
1167 4054 1549 4124 μεταπίπτων,
1586 4057 1867 4128 προδήλως

288 4148 323 4218 ή
347 4147 444 4199 τοῦ
480 4146 718 4217 Χριστοῦ
749 4146 945 4218 θεότης
979 4148 1260 4220 μεμένηκε
1294 4149 1419 4204 κατ’
1454 4151 1648 4205 οὐσίαν
1675 4152 1869 4224 θεότης

289 4239 429 4310 πρὸς
456 4240 557 4309 τὴν
610 4239 817 4309 σαρκὸς
846 4241 1041 4294 οὐσίαν
1064 4242 1125 4295 οὐ
1165 4244 1614 4316 μεταφοιτήσασα
1638 4260 1651 4275 ·
1696 4249 1790 4301 καὶ
1834 4249 1868 4319 ή

284 4332 383 4385 τοῦ
436 4330 606 4384 αὐτοῦ
633 4330 796 4385 πάλιν
823 4331 1185 4404 ἁνθρωπότης
1219 4335 1501 4405 μεμένηκε
1527 4336 1651 4389 κατ’
1677 4336 1869 4389 οὐσίαν

284 4422 644 4492 ἀνθρωπότης
675 4423 809 4494 πρὸς
862 4425 963 4493 τὴν
996 4425 1093 4494 τῆς
1148 4423 1403 4496 θεότητος
1436 4429 1601 4495 φύσιν
1655 4428 1731 4499 μή
1757 4445 1867 4483 πα-

284 4513 457 4569 θοῦσα
476 4515 808 4585 μεταοολήν.
834 4516 897 4570 El
927 4516 983 4569 δὲ
1016 4514 1145 4569 οὔτε
1175 4518 1208 4587 ii
1242 4519 1435 4590 θεότῃς
1462 4521 1561 4571 τοῦ
1593 4520 1857 4591 Χριστοῦ,

1974 3228 2069 3273 aut
2123 3220 2166 3275 si
2219 3221 2348 3289 quid
2417 3220 2561 3273 aliud
2617 3232 2701 3273 est
2757 3235 2949 3275 eorum
3008 3237 3130 3291 qua:
3182 3237 3287 3275 non
3347 3224 3573 3277 omnino

1973 3314 2083 3366 sint
2114 3313 2329 3367 eadem.
2367 3312 2504 3375 Nam
2541 3327 2662 3382 quae
2692 3312 2849 3381 plane
2877 3327 3003 3369 sunt
3053 3315 3241 3369 eadem
3303 3326 3358 3369 et
3411 3315 3571 3371 ditia--

1974 3403 2206 3456 rentiam
2237 3418 2345 3456 non
2386 3402 2702 3466 admittunt,
2763 3419 2926 3461 unam
2967 3415 3023 3460 et
3080 3408 3331 3461 eamdem
3382 3408 3569 3477 aliquo

1974 3496 2134 3549 modo
2151 3495 2450 3550 assistendi
2515 3494 2782 3550 rationem
2830 3512 3107 3567 nunquam
3167 3500 3347 3556 dicere
3410 3509 3568 3569 pote-

1974 3600 2167 3642 ιἰηιυε.

2481 3789 2563 3845 Ea:
2602 3796 2785 3847 eadem
2810 3797 3069 3850 oratione.

2043 3881 2104 3936 Si
2136 3881 2418 3952 utriusque
2455 3884 2865 3953 coniunctorum
2924 3889 3064 3940 ratio
3116 3889 3314 3945 mansit
3361 3890 3567 3947 incom-

1973 3971 2251 4026 mutabilis
2317 3981 2439 4038 post
2470 3972 2912 4038 coniunctionem
2941 3975 2994 4028 in
3041 3976 3266 4034 alterius
3317 3995 3423 4035 non
3482 3983 3565 4035 in-

1971 4060 2161 4117 cidens
2192 4063 2445 4117 essentia:
2489 4063 2802 4128 terminum,
2861 4064 3065 4120 Christi
3131 4067 3379 4135 profecto
3428 4072 3565 4125 divio

1972 4154 2118 4207 nitas
2154 4154 2453 4206 secundum
2488 4154 2784 4208 essentiam
2820 4155 3081 4212 divinitas
3116 4160 3331 4223 mansit,
3360 4162 3417 4216 in
3446 4175 3567 4215 car-

1972 4245 2059 4299 nis
2098 4244 2391 4298 essentiam
2435 4258 2545 4298 non
2579 4255 2946 4301 commutata:
2977 4255 3033 4302 et
3082 4248 3325 4318 ejusdem
3376 4268 3565 4309 rursus

1972 4334 2280 4389 humanitas
2304 4336 2600 4389 secundum
2635 4337 2928 4393 essentiam
2970 4342 3174 4396 mansit
3253 4343 3565 4403 humanitas

1972 4428 2024 4481 in
2051 4426 2343 4481 divinitatis
2389 4436 2639 4479 naturam
2698 4442 2805 4485 non
2871 4440 3225 4486 commutata.
3303 4432 3460 4503 Quod
3517 4438 3563 4494 si

1968 4527 2192 4589 propter
2215 4517 2655 4589 coniunctionem
2698 4521 2749 4573 in
2784 4535 3012 4589 persona
3056 4537 3156 4578 nec
3212 4526 3417 4582 Christi
3477 4530 3565 4584 di-

282 4608 412 4661 οὔτε
452 4609 486 4677 ή
521 4606 884 4678 ἀνθρωπότης
941 4609 1023 4671 εἰς
1070 4608 1278 4679 ἄλληλα
1346 4614 1858 4682 μεταπεφοιτήκασι

1974 4613 2158 4667 vinitas
2192 4625 2288 4666 nec
2334 4611 2639 4666 humanitas
2670 4613 2907 4668 vicissim
2946 4617 3245 4670 immutata;
3290 4629 3437 4684 sunt,
3468 4624 3564 4676 sed

281 4697 373 4750 διὰ
399 4697 501 4766 τὴν
525 4696 648 4749 καθ’
671 4695 968 4752 ὑπόστασιν
994 4697 1212 4762 ἕνωσιν,
1250 4698 1367 4752 ἀλλ’
1392 4701 1688 4772 ἀσύγχυτοι
1718 4705 1860 4757 κατὰ

1974 4706 2080 4761 sine
2114 4702 2457 4770 confusione,
2492 4714 2548 4758 ut
2586 4705 2779 4760 scribit
2833 4722 3058 4776 magnus
3087 4709 3341 4777 Cyrinus,
3401 4723 3563 4765 natu-

280 4788 376 4840 τὸν
410 4787 587 4855 μέγαν
620 4785 890 4856 Κύριλλον
923 4790 1304 4858 μεμενήκασιν
1334 4792 1391 4845 ai
1420 4791 1635 4860 φύσεις,
1672 4793 1859 4862 σαφῶς

281 4879 319 4949 ή
363 4876 504 4947 μετὰ
541 4876 642 4947 τὴν
673 4876 873 4931 ῑνωσιν
892 4876 1130 4949 διαφορὰ
1156 4880 1265 4933 τῶν
1296 4881 1621 4952 σωζομένων
1641 4885 1700 4936 ὲν
1725 4885 1857 4955 Χρι-

284 4968 400 5039 στῷ
443 4968 751 5037 καθέστηκε
807 4969 1048 5038 φύσεων,
1084 4970 1181 5024 καὶ
1232 4973 1408 5035 οὐδεὶς
1430 4974 1652 5044 ἀντερεῖ
1677 4976 1855 5044 λόγος.

285 5060 351 5113 El.
382 5060 443 5111 δὲ
464 5060 574 5113 τῶν
606 5060 932 5129 ἁσυγχύτως
962 5063 1023 5116 ιν
1052 5062 1277 5133 Χριστῷ
1301 5065 1632 5135 σωζομένων
1656 5068 1803 5121 ἐστὶν
1824 5071 1859 5141 ή

283 5150 522 5218 διαφορὰ
548 5154 686 5217 μετὰ
701 5152 800 5221 τήν
811 5151 1029 5217 ῑνωσιν,
1047 5152 1313 5223 διαφορὰν
1336 5152 1393 5205 δὲ
1409 5154 1721 5224 γνωσθῆναι
1736 5155 1863 5227 δίχα

285 5240 461 5296 ποσοῦ
495 5241 772 5304 παντελῶς
816 5243 1232 5314 κεχωρισμένην
1266 5244 1578 5315 ἀμήχανον,
1619 5244 1864 5316 λεγέσθω

286 5335 425 5406 πρὸς
452 5332 684 5401 δήλωσιν
722 5336 821 5404 τῆς
846 5334 1112 5405 διαφορᾶς
1139 5336 1202 5387 τὸ
1240 5335 1406 5388 ποσὸν
1432 5337 1543 5392 τῶν
1575 5340 1865 5411 διαφερόνο

278 5424 519 5490 tumin
548 5423 624 5495 μὴ
649 5426 815 5495 ψιλήν
843 5443 983 5494 πως,
1015 5428 1109 5481 καὶ
1131 5428 1233 5482 οὐκ
1258 5427 1435 5498 ἀληθῆ
1467 5432 1569 5500 τὴν
1597 5432 1864 5502 διαφορὰν

284 5517 719 5588 ὐποπτευθῶμεν
748 5522 1171 5592 πρεσϐεύοντες.
1194 5521 1372 5592 Ψιλήν
1401 5522 1511 5593 γὰρ
1549 5526 1730 5579 πᾶσαν
1745 5526 1865 5580 δια-

285 5614 463 5684 φορὰν
489 5608 630 5665 cient
674 5614 704 5665 ό
737 5612 896 5681 λόγος
930 5615 1031 5684 τὴν
1060 5618 1164 5668 οὐκ
1216 5615 1450 5686 ιχουσαν
1500 5617 1865 5687 ὐπαρκτικῶς

282 5705 658 5773 ὑποκειμένην
687 5704 787 5775 τήν
812 5699 888 5761 ὧν
928 5708 1047 5759 ἐστι
1078 5707 1317 5779 διαφορὰ
1357 5710 1703 5780 πραγμάτων
1728 5709 1864 5781 tu.

281 5797 459 5852 θειαν.
500 5798 694 5871 Ἡμεῖς
726 5800 828 5871 μὲν
855 5795 949 5857 οὖν
977 5801 1174 5858 ταυτὸν
1203 5802 1503 5859 ὑπόστασιν
1534 5819 1594 5856 τε
1625 5804 1721 5857 καὶ
1760 5805 1865 5873 φύ-

1964 4813 2039 4855 rae
2078 4807 2518 4866 permanserunt,
2567 4796 2868 4851 dilferentia
2899 4800 3059 4866 plane
3103 4812 3441 4854 servatarum
3506 4805 3561 4858 in

1961 4890 2182 4945 Christo
2250 4899 2572 4943 naturarum
2634 4899 2758 4957 post
2813 4890 3248 4957 coniunctionem
3301 4885 3581 4962 perstitit.‘

1965 4981 2033 5035 Et
2073 4981 2221 5036 nulla
2261 4982 2406 5034 ratio
2458 4982 2800 5050 repugnabit.
2832 4982 2901 5034 At
2952 4985 2995 5035 si
3038 4995 3383 5055 naturarum,
3440 5005 3564 5059 qua

1963 5072 2083 5128 sine
2124 5071 2441 5128 confusione
2463 5073 2515 5126 in
2545 5071 2765 5127 Christo
2794 5086 3021 5129 servata:
3046 5086 3193 5142 sunt,
3257 5091 3380 5151 post
3433 5098 3564 5139 con-

1959 5165 2294 5235 iunctionem
2328 5175 2412 5220 est
2436 5162 2766 5229 diﬂ'erentia,
2804 5183 2902 5222 nec
2951 5170 3069 5224 sine
3104 5174 3406 5241 quantitate
3455 5176 3562 5231 dif.

1964 5258 2197 5314 ferentia
2225 5260 2472 5329 cognosci
2523 5268 2701 5329 potest
2755 5264 3003 5329 omnino,
3063 5268 3131 5321 ad
3200 5268 3563 5324 dln'erentiam

1966 5350 2346 5404 declarandam
2379 5350 2597 5406 dicatur
2633 5355 2912 5422 quantitas
2943 5355 3333 5422 diﬂ'erentium,
3368 5373 3436 5414 ne
3466 5376 3567 5413 nu-

1966 5444 2089 5498 dam
2117 5442 2514 5512 quodammodu
2542 5456 2598 5500 et
2627 5459 2733 5501 non
2774 5463 2957 5503 veram
2991 5448 3349 5506 diﬂ‘erentiam
3410 5462 3564 5506 asse-

1971 5548 2089 5588 rere
2116 5533 2605 5603 deprehendamur.
2636 5536 2789 5593 Nuda
2817 5554 2979 5609 porro
2999 5540 3175 5595 omnis
3203 5547 3289 5595 est
3309 5539 3565 5596 diﬂ'eren-

1969 5627 2043 5680 tia
2077 5640 2198 5696 qua:
2229 5640 2288 5681 re
2318 5627 2435 5696 ipsa
2469 5628 2767 5700 subiectam
2804 5646 2911 5688 non
2972 5633 3137 5688 habet
3183 5646 3372 5689 eorum
3424 5650 3566 5705 quo-

1969 5732 2087 5770 rum
2116 5726 2200 5772 est
2228 5717 2557 5787 diﬂerentia,
2600 5725 2908 5780 veritatem.
2938 5724 3049 5781 Nos
3085 5726 3273 5797 igitur,
3301 5726 3393 5797 qui
3442 5740 3566 5795 per-

1970 5824 2160 5866 sonam
2195 5820 2251 5867 et
2309 5820 2563 5869 naturam
2636 5815 2783 5872 idem
2845 5830 2965 5873 esse
3019 5820 3235 5891 proprie
3288 5830 3565 5889 nunquant
