4094 6300
358 369 503 436 1033

1310 371 1692 432 PANOPIJA
1734 365 2192 429 DOGMATICA.
2232 386 2300 400 ··-
2340 363 2488 428 ΤΙΤ.
2526 366 2681 430 XVI.

3491 358 3623 431 1031,

346 485 601 552 λωτικὸς,
636 488 744 540 πᾶν
769 486 826 539 δὲ
868 486 1037 539 ποσὸν
1070 488 1352 558 ἑτερότητι
1380 486 1589 555 φυσικῇ
1628 481 1941 552 Θεωρούμε-

2045 487 2228 535 autem
2296 482 2573 549 quantitas
2623 477 2857 535 naturali
2918 478 3233 534 diversitate
3282 482 3625 538 considerata

344 597 461 646 νον,
487 578 753 650 διαφορὰν
792 580 1013 640 πάντως
1070 578 1398 649 ἐπιδέχεται,
1434 580 1698 650 διαφορὰν
1731 578 1787 630 δὲ
1839 577 1931 628 λέ-

344 688 539 741 γουσιν
573 673 669 723 ἐπὶ
729 668 973 740 Χριστοῦ
1008 671 1248 740 φυσικὴν
1282 671 1423 741 μετᾶ
1477 671 1573 741 τὴν
1604 670 1798 723 ἕνωσιν
1834 672 1928 723 καὶ

341 763 397 816 οἱ
426 765 491 833 τῇ
525 752 759 833 ἀληθείᾳ
791 762 1117 832 μαχόμενοι,
1170 764 1264 817 καὶ
1292 762 1352 816 τὸ
1402 763 1568 816 ποσὸν
1600 763 1713 816 τῶν
1741 762 1929 829 διαιρε-

344 851 575 922 ρόντων,
610 846 672 905 οὗ
708 853 878 921 χωρὶς
910 850 1196 921 ἀμήχανον
1248 843 1390 905 εἶναι
1442 851 1729 922 διαφορὰν,
1789 851 1930 920 μετά

344 943 443 998 τοῦ
469 942 758 1015 δηλοῦντος
790 942 923 996 αὐτὸ
952 942 1216 1015 ἀριθμοῦ,
1236 937 1297 999 οὗ
1321 944 1490 1014 χωρὶς
1514 945 1680 997 ποσὸν
1703 942 1931 997 καθόλου

343 1036 662 1106 γνωσθῆναι
712 1033 997 1101 ἀδύνατον,
1063 1034 1245 1104 λέγειν
1284 1036 1481 1099 αὐτοὺς
1535 1036 1750 1103 ἀνάγκη
1795 1036 1935 1106 μετά

344 1126 448 1198 τὴν
494 1127 712 1192 ῑνωσιν,
760 1126 923 1197 εἷπερ
972 1127 1115 1181 κατά
1142 1126 1244 1198 τὴν
1295 1126 1557 1182 εὔτακτον
1607 1126 1933 1181 ἀκολουθίαν

346 1218 754 1291 εὐσυνάρτητον
806 1221 899 1272 τὸν
950 1219 1047 1273 τοῦ
1076 1220 1282 1274 οἰκείου
1336 1220 1610 1291 δόγματος
1651 1219 1935 1286 ἀποδεῖξαι

351 1310 636 1380 βούλονται
660 1311 839 1379 λόγον.
874 1311 935 1366 Ei
965 1313 1022 1367 δὲ
1047 1315 1109 1367 τὸ
1154 1313 1320 1367 ποσὸν
1354 1302 1464 1369 tibi;
1493 1310 1827 1385 σωζομένων
1877 1315 1936 1367 ἐν

350 1403 575 1472 Χριστῷ
606 1403 824 1473 φύσεων
876 1404 1171 1473 ἀρνοῦνται
1221 1405 1360 1477 μετά
1388 1406 1489 1479 τὴν
1531 1405 1750 1473 ἕνωσιν,
1802 1406 1938 1476 μηδὲ

350 1495 455 1563 τὴν
487 1496 750 1566 διαφορὰν
776 1496 961 1559 λέγειν
986 1497 1349 1569 τολμάτωσαν
1381 1498 1511 1565 τῶν,
1549 1496 1609 1564 ἐξ
1636 1495 1712 1553 ὧν
1735 1498 1763 1551 6
1802 1500 1935 1569 Χριο

352 1587 481 1650 στός
507 1589 646 1652 ἐστι,
697 1587 917 1658 φύσεων
972 1589 1111 1660 μετά
1139 1591 1239 1662 τὴν
1292 1590 1512 1655 ἕνωσιν,
1547 1592 1933 1660 γινώσκοντες,

2032 567 2392 625 diB‘erentiam
2424 570 2647 626 omnino
2670 569 2923 640 suscipit,
2972 569 3335 625 tliiferentiam
3400 586 3529 628 vero
3573 573 3626 627 in

2034 658 2261 714 Christo
2318 660 2622 715 naturalem
2680 670 2804 731 post
2858 660 3321 731 coniunctionem,
3378 659 3628 716 teritatis

2032 751 2196 806 etiam
2229 761 2635 820 oppugnatores
2667 751 2996 817 concedunt,
3023 749 3393 806 diﬂ'erentium
3415 768 3631 820 quoque

2032 841 2537 911 quantitatem,sine
2567 855 2674 912 qua
2699 841 3003 919 differentia
3024 842 3277 913 cognosci
3300 856 3407 897 non
3430 852 3630 911 potest,

2036 948 2139 988 una
2171 948 2293 987 cum
2333 949 2561 990 numero
2583 936 2944 1005 quantitatem
2987 935 3331 1001 declarante,
3371 938 3490 991 sine
3523 950 3631 1005 quo

2035 1026 2313 1090 quantitas
2342 1024 2457 1095 ipsa
2487 1026 2739 1095 cognosci
2790 1026 3001 1096 nequit,
3035 1035 3157 1097 post
3196 1028 3631 1096 coniunctionem

2035 1115 2241 1180 dicant,
2274 1131 2494 1173 necesse
2519 1127 2624 1181 est,
2650 1118 2694 1174 si
2748 1119 2907 1173 modo
2937 1126 3087 1173 recto
3145 1117 3454 1190 disputandi
3493 1120 3634 1174 ordi-

2040 1222 2109 1262 ne
2135 1216 2316 1277 aptam
2342 1208 2591 1279 (proprii)
2610 1209 2880 1280 dogmatis
2898 1210 3163 1266 rationem
3187 1210 3374 1266 volunt
3405 1212 3635 1265 demon-

2038 1305 2217 1353 strare
2255 1301 2443 1368 :qnod
2498 1302 2544 1357 si
2592 1311 2904 1357 naturarum
2935 1300 2990 1355 in
3029 1300 3249 1357 Christo
3289 1310 3631 1356 servatatum

2038 1400 2159 1458 post
2185 1392 2642 1460 coniunctionem,
2671 1396 3032 1463 quantitatem
3091 1402 3314 1462 negant,
3381 1407 3447 1447 ne
3474 1393 3632 1447 dide-

2041 1482 2266 1538 rentiam
2299 1485 2516 1553 quidem
2553 1494 2866 1541 naturarum
2911 1500 2976 1541 ex
3009 1484 3209 1555 quibus
3243 1498 3325 1541 est
3355 1484 3629 1549 Christus,

2042 1583 2161 1645 post
2187 1573 2629 1645 coniunctionem
2660 1578 2896 1631 audeant
2935 1578 3118 1632 dicere
3146 1596 3160 1632 :
3195 1577 3452 1642 scientes,
3471 1578 3632 1646 quid-

350 1679 438 1731 ὄτι
482 1680 591 1732 πᾶν
632 1678 685 1731 ετ
708 1696 761 1733 τι
815 1679 938 1734 καθ’
985 1680 1166 1735 ὁτιοῦν
1218 1681 1334 1753 ἔχει
1363 1682 1651 1753 διαφορὰν,
1703 1682 1760 1736 ἓν
1796 1684 1939 1737 κατά

2045 1664 2171 1734 quid
2198 1663 2377 1734 aliqua
2438 1666 2489 1719 in
2521 1678 2577 1718 re
2625 1665 2984 1721 diﬂ‘erentiam
3045 1668 3226 1733 habet,
3283 1683 3448 1721 unum
3485 1667 3633 1722 onmi

352 1771 536 1825 πάντα
583 1771 740 1839 λόγον
770 1790 830 1826 τε
862 1774 956 1826 καὶ
980 1774 1184 1845 τρόπον
1229 1771 1368 1829 εἶναι
1400 1776 1461 1828 οὐ
1494 1775 1740 1831 δύναται.
1773 1777 1846 1829 Τὸ
1878 1776 1934 1828 δὲ

2045 1757 2250 1810 ratione
2278 1765 2333 1810 et
2355 1757 2514 1811 modo
2559 1772 2679 1812 esse
2728 1773 2833 1811 non
2866 1772 3045 1828 posse.
3088 1758 3241 1825 Quod
3264 1769 3439 1814 autem
3467 1775 3631 1813 unum

354 1863 438 1933 μὴ
468 1823 762 1934 δυνάμενον
815 1861 956 1919 εἶναι
994 1823 1137 1922 κατά
1174 1868 1354 1922 πάντα
1390 1869 1550 1939 λόγον
1575 1887 1635 1924 τε
1682 1875 1777 1925 καὶ
1808 1872 1933 1941 τρό-

2045 1846 2184 1901 omni
2211 1848 2421 1901 ratione
2448 1858 2502 1902 et
2521 1850 2680 1903 modo
2709 1865 2827 1905 esse
2856 1823 2961 1905 non
3007 1823 3202 1920 potest,
3241 1853 3291 1907 id
3320 1853 3496 1920 aliqua
3519 1853 3633 1919 pla-

354 1971 463 2005 πον
494 1952 571 2019 ἓν,
603 1954 845 2024 δηλονότι
870 1957 1013 2013 κατά
1046 1975 1166 2011 τινα
1200 1957 1357 2028 λόγον
1384 1978 1442 2014 τε
1476 1964 1568 2015 καὶ
1588 1963 1811 2033 τρόπον,
1843 1962 1936 2016 δύο

351 2045 419 2098 τὸ
469 2046 753 2117 ἐλάχιστόν
802 2050 953 2103 ἐστιν
985 2051 1018 2122 ἢ
1053 2052 1299 2109 πλείονα.
1356 2054 1568 2109 Οὐκοῦν
1600 2056 1658 2108 ὲν
1708 2053 1934 2125 Χριστῷ

356 2140 499 2211 μετά
526 2142 625 2211 τὴν
675 2142 870 2196 ἕνωσιν
897 2144 1148 2213 λέγοντες
1202 2144 1339 2202 εἶναι
1382 2150 1672 2221 διαφορὰν,
1707 2149 1765 2203 ἓν
1795 2151 1938 2204 κατὰ

356 2232 540 2285 πάντα
574 2231 732 2301 λόγον
755 2250 814 2285 τε
853 2236 949 2287 καὶ
982 2237 1185 2306 τρόπον
1232 2240 1322 2292 τὸν
1352 2240 1592 2310 Χριστὸν
1621 2237 1762 2294 εἶναι
1799 2243 1938 2311 μετά

352 2326 458 2391 τὴν
488 2324 683 2379 ἕνωσιν
705 2326 883 2397 λέγειν
911 2330 969 2382 οὐ
1001 2330 1279 2385 δύνανται.
1314 2332 1374 2385 Εἰ
1398 2333 1454 2386 δὲ
1481 2334 1557 2403 μὴ
1586 2334 1728 2389 κατὰ
1762 2336 1937 2389 πάντα

356 2417 518 2485 λόγον
563 2435 621 2471 τε
673 2419 766 2474 καὶ
802 2423 1002 2491 τρόπον
1030 2422 1089 2475 ἓν
1120 2425 1267 2478 ἐστιν
1301 2426 1329 2479 6
1386 2424 1618 2496 Χριστὸς
1670 2428 1808 2496 μετὰ
1838 2427 1938 2499 τῂν

355 2509 575 2574 ἕνωσιν,
621 2509 799 2580 δῆλον,
833 2513 915 2566 ὅτι
966 2516 1108 2568 κατά
1139 2534 1261 2570 τινα
1293 2516 1449 2584 λόγον
1479 2533 1538 2569 τε
1586 2518 1678 2569 καὶ
1735 2518 1937 2585 τρόπον

356 2602 457 2655 δύο
482 2602 699 2668 πάντως
722 2606 872 2658 ἐστὶν
901 2608 928 2660 6
960 2607 1190 2678 Χριστὸς
1230 2610 1372 2679 μετὰ
1403 2609 1500 2678 τὴν
1530 2608 1749 2663 ἕνωσιν.
1786 2609 1847 2661 Εἰ
1880 2608 1937 2661 δὲ

359 2695 507 2748 κατά
557 2713 681 2748 τινα
705 2696 863 2764 λόγον
887 2714 946 2750 τε
972 2698 1067 2752 καὶ
1099 2699 1300 2770 τρόπον
1334 2699 1429 2753 δύο
1461 2701 1610 2752 ἐστὶν
1642 2702 1669 2753 6
1702 2698 1940 2769 Χριστὸς

362 2784 510 2855 μετὰ
546 2787 645 2856 τὴν
676 2788 894 2853 ἕνωσιν,
944 2788 1033 2843 διὰ
1079 2790 1177 2862 τὴν
1206 2793 1263 2845 ὲν
1298 2790 1468 2861 αὐτῷ,
1502 2791 1595 2843 καὶ
1628 2790 1687 2857 ὲξ
1722 2784 1817 2856 ὧν,
1844 2789 1941 2844 καὶ

359 2870 455 2938 αῖς
478 2877 593 2929 ἐστι
648 2877 885 2945 φύσεων,
912 2878 1198 2951 διαφορὰν,
1229 2881 1304 2945 ὡς
1347 2882 1545 2946 ἔδειξεν
1582 2885 1609 2936 6
1637 2882 1813 2951 λόγος,
1847 2883 1941 2952 δῆ-

360 2967 479 3033 λον,
514 2968 589 3030 ὡς
614 2968 871 3023 ἀσεϐοῦσι
899 2971 1157 3042 διακενῆς
1190 2975 1239 3026 οἰ
1271 2974 1368 3042 τὴν
1406 2975 1504 3042 μὲν
1534 2974 1801 3043 διαφορὰν
1831 2975 1940 3026 τῶν

364 3060 430 3125 ἐξ
458 3053 533 3115 ὧν
567 3060 684 3114 ἐστι
711 3061 928 3131 φύσεων
961 3065 989 3117 6
1032 3065 1267 3136 Χριστὸς
1324 3066 1462 3135 μετά
1490 3065 1589 3137 τὴν
1625 3067 1819 3119 ἕνωσιν
1852 3067 1941 3119 λέ-

2042 1953 2110 1993 ne
2140 1939 2349 1993 ratione
2378 1948 2433 1993 et
2453 1940 2613 1995 modo
2668 1943 2858 1997 saltem
2887 1953 2972 1999 est
3005 1946 3112 1999 duo
3145 1954 3240 1999 aut
3281 1948 3459 2015 plura.
3488 1945 3649 2011 ρηο-⁷

2041 2031 2187 2084 circa
2209 2030 2299 2099 qui
2324 2031 2378 2085 in
2400 2031 2630 2086 Christo
2668 2045 2789 2102 post
2819 2036 3261 2105 coniunctionem
3288 2035 3478 2091 dicunt
3510 2050 3633 2090 esse

2041 2120 2422 2186 diﬂ'erentiam,
2456 2138 2620 2176 unum
2645 2126 2789 2179 omni
2840 2128 3054 2182 ratione
3083 2136 3139 2182 et
3172 2128 3331 2184 modo
3357 2128 3629 2184 Christum

2043 2229 2163 2268 esse
2189 2229 2295 2267 non
2345 2228 2571 2282 possunt
2602 2217 2804 2271 dicere.
2840 2218 2990 2284 Quod
3027 2218 3072 2273 si
3107 2234 3211 2273 non
3237 2221 3383 2275 omni
3422 2224 3633 2275 ratione

2041 2318 2096 2359 et
2126 2308 2285 2361 modo
2321 2322 2461 2360 unus
2484 2314 2566 2361 est
2582 2308 2836 2363 Christus
2863 2324 2975 2379 post
2999 2311 3462 2379 coniunctionem,
3487 2328 3633 2379 pers-

2044 2397 2260 2466 picuum
2290 2405 2375 2452 est
2408 2397 2685 2453 Christum
2732 2400 2913 2469 aliqua
2962 2400 3175 2456 ratione
3200 2412 3251 2457 et
3310 2404 3466 2458 modo
3513 2414 3634 2471 post

2042 2490 2480 2559 coniunctionem
2507 2491 2730 2547 omnino
2758 2506 2877 2548 esse
2916 2495 3044 2551 duo.
3074 2501 3142 2549 At
3194 2496 3242 2551 si
3287 2498 3494 2552 ratione
3529 2500 3631 2550 ali-

2042 2596 2146 2651 qua
2175 2590 2229 2636 et
2255 2582 2413 2637 modo
2469 2579 2727 2638 Christus
2758 2594 2880 2651 post
2920 2584 3358 2655 coniunctionem
3395 2591 3630 2653 estdno.

2044 2680 2264 2738 pronter
2316 2680 2650 2736 naturarum,
2699 2688 2762 2728 ex
2796 2676 3013 2744 quibus,
3054 2687 3108 2732 et
3158 2679 3211 2733 in
3269 2680 3465 2749 quibus
3521 2692 3629 2746 est,

2041 2760 2422 2829 den‘crentiam,
2445 2773 2503 2819 ut
2537 2763 2749 2821 ratione
2794 2766 3225 2825 demonstratum
3273 2785 3375 2838 est,
3415 2788 3633 2832 constat.

2044 2865 2139 2906 eos
2166 2867 2390 2920 prorsus
2420 2853 2587 2923 impie
2614 2855 2839 2923 sentire,
2884 2859 2975 2929 qui
3015 2860 3379 2917 diﬂ'erentiam
3411 2865 3628 2935 quidem

2048 2953 2389 3009 naturarum,
2414 2959 2480 2999 ex
2501 2946 2698 3016 quibus
2719 2956 2802 3004 est
2836 2948 3104 3015 Christus,
3136 2963 3256 3019 post
3290 2955 3633 3025 coniunctiu-

2046 3048 2168 3087 nem
2188 3035 2393 3101 dicunt,
2417 3037 2560 3105 ipsas
2580 3047 2756 3093 autem
2783 3050 3004 3096 naturas
3020 3058 3253 3113 quarum
3275 3057 3355 3102 est
3376 3049 3630 3105 αἰσθητη-

364 3170 581 3222 γοντες,
610 3126 781 3216 αὐτάς
811 3155 867 3209 δὲ
893 3155 991 3219 τὰς
1020 3126 1210 3225 φύσεις
1235 3126 1368 3225 (Ἐν-ἡ
1394 3126 1630 3226 διαφόρὰ
1654 3158 1942 3227 προφανῶς

2052 3126 2149 3189 tia,
2185 3133 2369 3194 aperte
2395 3128 2614 3184 silentio
2642 3131 2836 3186 tollunt
2861 3142 2980 3203 post
3002 3133 3455 3204 coniunctionem.
3496 3138 3631 3196 Vere

367 3245 721 3314 ἀναιροῦντες
756 3249 821 3317 τῇ
854 3250 1031 3319 σιωπῇ
1065 3250 1205 3319 μετὰ
1238 3249 1339 3317 τὴν
1371 3248 1591 3304 ἕνωσιν.
1640 3251 1947 3320 Ἀναίρεσις

368 3338 482 3407 γάρ
537 3339 686 3391 ἐστιν
731 3339 1018 3410 ἀληθῶςὴ
1079 3342 1187 3394 τῶν
1242 3341 1412 3395 ὅντων
1467 3344 1560 3396 καὶ
1617 3343 1945 3413 σωζομένων

370 3425 683 3495 ὲξὲιρνγβις.
724 3428 785 3480 Εἰ
833 3431 940 3499 γὰρ
988 3431 1087 3484 οὐκ
1138 3431 1440 3501 ἀνῄρηνται
1492 3430 1614 3485 κατ’
1640 3432 1837 3497 αὐτοὺς
1891 3436 1947 3486 αἱ

371 3518 566 3585 φύσεις
599 3520 737 3589 μετά
761 3520 861 3591 τὴν
891 3522 1107 3585 ἕνωσιν,
1134 3524 1228 3575 καὶ
1258 3524 1384 3584 εἰσὶ,
1412 3523 1507 3577 καὶ
1541 3521 1828 3591 σώζονται,
1852 3527 1947 3578 καὶ

368 3610 581 3663 δίκαιόν
632 3614 779 3665 ἐστιν
829 3613 1000 3676 αὐτὰς
1042 3613 1356 3683 σωζομένοις
1390 3614 1775 3685 ὁμολογεῖσθαι
1810 3615 1949 3685 μετά

368 3703 474 3772 τὴν
502 3701 718 3769 ἕνωσιν,
757 3705 816 3776 ἢ,
862 3705 1020 3776 εἴπερ
1056 3707 1132 3775 μὴ
1158 3706 1368 3759 δίκαιόν
1403 3708 1551 3759 ἐστιν
1579 3708 1751 3769 αὑτὰς
1781 3710 1948 3772 σωζο-

374 3791 549 3860 μένας
576 3795 958 3862 ὁμολογεῖσθαι
992 3796 1129 3864 μετά
1186 3797 1283 3868 τὴν
1335 3797 1550 3861 ἕνωσιν,
1611 3800 1750 3869 μήτε
1779 3795 1944 3862 εἶναι,

376 3883 519 3953 μήτε
561 3884 829 3948 σώζεσθαι
853 3886 1035 3955 λέγειν
1062 3887 1230 3950 αὐτὲις
1254 3889 1312 3940 ἐν
1347 3889 1567 3959 Χριστῷ
1593 3890 1800 3944 δίκαιόν
1832 3892 1947 3943 ἐστι

373 3973 704 4039 κατάὐτὸν,
737 3975 832 4027 καὶ
885 3976 1202 4046 ἀνῄρηνται.
1244 3977 1307 4028 Ὀ
1339 3978 1445 4045 γὰρ
1481 3976 1557 4046 μὴ
1588 3976 1795 4030 δίκαιόν
1833 3979 1946 4029 ἐστι

373 4065 595 4128 πάντως
625 4067 1006 4135 ὀνομάζεσθαι,
1066 4068 1203 4138 μηδὲ
1243 4069 1305 4121 τὸ
1356 4069 1621 4138 παράπαν
1675 4069 1945 4139 ὑπάρχειν

374 4156 560 4227 πολλῷ
586 4161 832 4229 κρεῖττόν
862 4160 1030 4225 ἐστιν,
1061 4159 1134 4223 ὡς
1167 4155 1345 4230 οἶμαι,
1385 4163 1479 4213 καὶ
1506 4160 1839 4231 δικαιότερον
1862 4147 1949 4212 λέ-

374 4264 519 4317 γειν.
547 4249 759 4320 Ὥσπερ
788 4249 845 4303 δὲ
875 4251 1017 4304 κατὰ
1048 4251 1225 4305 πάντα
1253 4250 1409 4318 λόγον
1440 4268 1496 4304 τε
1529 4252 1622 4303 καὶ
1651 4251 1849 4320 τρόπον
1888 4252 1947 4304 ἓν

371 4341 477 4393 οὐκ
506 4341 653 4395 ἐστιν
681 4342 710 4393 6
740 4342 973 4413 Χριστὸς
1002 4343 1139 4410 μετὰ
1169 4345 1270 4413 τὴν
1323 4343 1430 4397 ἓνω
1444 4361 1539 4408 τιν,
1591 4343 1735 4397 οὕτω
1787 4344 1947 4397 πάλιν

374 4435 520 4485 κατὰ
555 4434 731 4488 πάντα
763 4436 921 4503 λόγον
974 4453 1030 4489 τε
1071 4437 1166 4490 καὶ
1214 4438 1417 4507 τρόπον
1450 4439 1550 4490 οὐκ
1589 4437 1738 4491 ἔστιν
1766 4439 1794 4491 6
1816 4438 1947 4504 Χρι·

375 4525 504 4586 στὺς
527 4525 620 4579 δρο
653 4526 795 4596 μετὰ
813 4529 914 4596 τὴν
942 4527 1155 4583 ἕνωσιν.
1188 4528 1251 4582 Ei
1276 4529 1334 4581 δὲ
1376 4530 1453 4600 μὴ
1486 4529 1626 4583 κατά
1658 4530 1836 4582 πάντα
1864 4528 1948 4580 λό-

373 4633 476 4684 γον
504 4633 564 4668 τε
598 4619 690 4670 καὶ
739 4619 942 4688 τρόπον
990 4622 1139 4673 ἐστὶν
1172 4620 1201 4673 6
1250 4622 1483 4689 Χριστὸς
1510 4622 1606 4674 δύο
1665 4620 1803 4688 μετὰ
1852 4618 1949 4688 τὴν

372 4708 597 4775 ἕνωσιν,
633 4708 852 4774 πάντως
899 4715 1044 4767 κατά
1072 4730 1194 4767 τινα
1225 4714 1382 4782 λόγον
1413 4731 1474 4766 τε
1520 4714 1618 4766 καὶ
1638 4713 1840 4783 τρόπον
1862 4711 1950 4765 διὰ

374 4801 479 4871 τὴν
514 4802 882 4874 ὑποστατικὴν
913 4806 1239 4876 ταυτότητα,
1291 4806 1460 4876 ἡγουν
1511 4808 1610 4875 τὴν
1652 4806 1780 4876 μίαν
1812 4804 1946 4856 ὑπό·

379 4908 596 4958 στασιν,
625 4894 748 4947 καθ’
770 4896 835 4966 ῆν
872 4897 1134 4965 διαφορὰν
1168 4896 1311 4966 ἔχειν
1342 4899 1403 4950 οὐ
1428 4897 1672 4959 δύναται,
1713 4896 1771 4948 ἓν
1799 4897 1947 4948 ἐστιν

377 4988 411 5037 6
440 4986 696 5056 Χριστός.
752 4985 907 5039 Ἐπεὶ
933 4986 1026 5039 οὖν
1061 4990 1182 5040 κατ’
1237 4987 1397 5042 ἀλλον
1449 4990 1542 5042 καὶ
1585 4988 1743 5044 ἄλλον
1799 4988 1954 5055 λόγον
1990 5002 2047 5037 τε
2089 4986 2185 5039 καὶ
2216 4987 2418 5056 τρόπον
2456 4985 2536 5052 ἓν,
2568 4986 2661 5040 καὶ
2690 4987 2784 5041 δύο
2816 4988 2963 5040 ἐστὶν
3014 4993 3041 5044 6
3072 4993 3230 5058 αὐ;δ;

2048 3218 2434 3287 enim_tollunt,
2469 3221 2558 3290 qui
2596 3236 2659 3276 ea
2690 3236 2811 3292 quae
2841 3237 2967 3280 sunt
2993 3234 3048 3281 et
3070 3239 3378 3294 servantur,
3410 3244 3626 3299 negant.

2049 3311 2182 3367 Nam
2210 3313 2255 3368 si
2291 3321 2515 3370 naturas
2569 3326 2691 3384 post
2742 3317 3173 3386 coniunctionem
3237 3324 3473 3379 ›υι›Ι.ιιαε
3521 3341 3626 3381 non

2050 3405 2401 3471 arbitrantur,
2422 3406 2515 3461 sed
2541 3421 2633 3461 eas
2656 3422 2776 3463 esse
2800 3411 3117 3481 servarique
3129 3415 3388 3481 sentiunt,
3412 3432 3625 3488 aequum

2048 3503 2133 3550 est
2161 3503 2219 3551 ut
2239 3509 2334 3551 eas
2361 3509 2479 3566 post
2509 3497 2945 3569 coniunctionem
2975 3515 3218 3561 servatas
3246 3508 3626 3564 conﬁteantur.

2050 3587 2154 3641 Aut
2181 3588 2225 3644 si
2242 3604 2452 3659 aequum
2474 3605 2581 3646 non
2602 3601 2685 3646 est
2705 3602 2763 3648 ut
2791 3607 2884 3649 eas
2914 3606 3034 3665 post
3054 3598 3489 3667 coniunctionem
3517 3620 3632 3659 ser-

2053 3691 2203 3737 tatas
2235 3680 2521 3748 fateantur,
2577 3698 2750 3755 neque
2795 3700 2916 3742 esse
2948 3703 3122 3758 neque
3183 3696 3387 3747 servari
3432 3682 3627 3753 illusin

2051 3772 2274 3826 Christo
2304 3788 2400 3841 pt-r
2429 3772 2547 3827 illos
2573 3787 2784 3841 aequum
2817 3783 2897 3829 est
2926 3774 3127 3843 dicere,
3157 3790 3211 3832 et
3239 3783 3462 3837 sublatae
3480 3798 3626 3842 sunt.

2050 3862 2199 3927 Quod
2229 3862 2371 3915 enim
2399 3864 2619 3916 omnino
2645 3865 2909 3918 nominari
2960 3882 3172 3936 equum
3205 3886 3312 3926 non
3345 3887 3449 3942 est,
3480 3876 3533 3929 id
3560 3895 3631 3934 ne

2050 3966 2171 4006 esse
2203 3950 2441 4020 quidem,
2484 3960 2547 4007 ut
2583 3967 2684 4021 ego
2735 3956 2929 4018 sentio,
2991 3959 3161 4013 satius
3221 3972 3276 4016 et
3308 3966 3515 4033 mquius
3549 3981 3633 4027 est

2050 4042 2263 4107 dicere;
2296 4058 2479 4098 verum
2508 4055 2565 4097 ut
2585 4045 2730 4098 omni
2763 4045 2970 4102 ratione
2990 4058 3045 4103 et
3072 4052 3234 4107 modo
3251 4053 3499 4116 Christus
3520 4075 3629 4118 non

2049 4146 2133 4190 est
2157 4151 2321 4189 unum
2353 4144 2470 4204 post
2484 4134 2942 4206 coniunctionem,
2966 4141 3041 4195 ita
3068 4160 3256 4202 rursus
3289 4153 3435 4205 omni
3461 4155 3627 4212 ratio-

2052 4242 2121 4283 ne
2149 4238 2201 4281 et
2232 4227 2391 4283 modo
2415 4226 2666 4284 Christus
2680 4244 2784 4285 non
2805 4240 2890 4288 est
2907 4236 3013 4289 duo
3032 4247 3151 4305 post
3168 4242 3623 4312 coniunctionem.

2050 4327 2202 4393 Quod
2236 4327 2282 4379 si
2323 4342 2428 4380 non
2457 4326 2603 4382 omni
2638 4330 2843 4385 ratione
2873 4335 3114 4392 etmodo
3144 4347 3264 4405 post
3289 4343 3629 4412 conjunctio-

2054 4435 2196 4483 nem,
2232 4420 2476 4473 Christus
2518 4428 2603 4474 est
2649 4421 2777 4491 duo,
2831 4422 3011 4495 aliqua
3066 4429 3288 4485 omnino
3341 4438 3550 4491 ratione
3574 4450 3629 4495 ct

2058 4511 2234 4570 modo.
2274 4522 2464 4578 nempe
2492 4524 2587 4579 per
2609 4527 2772 4568 unam
2817 4519 3173 4591 eamdemque
3203 4537 3509 4594 personam,
3532 4546 3628 4600 per

2048 4602 2432 4672 qttamhubere
2476 4602 2840 4661 diﬂ'erentiam
2891 4621 2998 4663 non
3048 4622 3243 4681 potest,
3268 4616 3515 4673 Christus
3542 4630 3627 4677 est

2049 4709 2239 4747 unum.
2282 4692 2642 4758 Quamobrem
2687 4710 2807 4749 cum
2841 4698 2946 4753 alia
2988 4710 3151 4770 atque
3194 4705 3296 4758 alia
3343 4709 3548 4764 ratione
3572 4723 3626 4765 et

2049 4785 2207 4837 modo
2238 4800 2401 4839 unum
2443 4793 2497 4839 et
2530 4785 2637 4838 duo
2668 4786 2806 4840 idetu
2835 4788 2924 4852 sit,
2973 4795 3341 4848 necessarium
3387 4809 3491 4867 est,
3517 4818 3622 4873 qua

2046 4874 2255 4927 ratiOne
2280 4890 2468 4940 unum,
2502 4885 2554 4928 et
2584 4891 2687 4942 qua
2722 4879 2827 4929 duo
2852 4876 2987 4930 idem
3024 4881 3115 4944 sit,
3148 4887 3513 4945 considerare.

3255 5036 3270 5063 ,
3324 5001 3622 5071 ἀναγκαῖον

381 5079 662 5147 σκοπῆσαι
710 5079 851 5131 κατὰ
898 5082 1072 5143 ποῖον,
1126 5080 1223 5133 καὶ
1257 5082 1406 5133 ποῖον
1442 5080 1601 5148 λόγον
1635 5080 1694 5132 ἓν
1727 5080 1876 5131 ἐστιν
1922 5078 1951 5130 6
1978 5076 2158 5138 αὐτὸς,
2195 5077 2287 5127 καὶ
2316 5075 2429 5128 δύο.

382 5190 497 5245 Τοῦ
546 5190 733 5246 αὐτοῦ
767 5191 836 5244 ἐκ
870 5190 979 5259 τῆς
1026 5194 1175 5259 πρὸς
1200 5193 1550 5248 Θαλάσσιον
1580 5194 1674 5259 ξβν
1699 5194 1950 5262 ἀποκρί-

1082 5279 1257 5331 σεως.

466 5352 524 5407 ’0
553 5355 756 5425 Κύριος
787 5356 946 5426 ἡμῶν
978 5356 1181 5428 Ἰησοῦς
1221 5358 1474 5428 Χριστὸς,
1506 5358 1535 5410 6
1556 5356 1650 5416 τοῦ
1674 5356 1811 5410 Θεοῦ
1845 5374 1950 5425 μου

377 5451 605 5519 νογενὴς
624 5449 751 5513 Υιὺς
781 5454 870 5511 καὶ
893 5451 1086 5520 Λόγος,
1117 5456 1144 5506 ὁ
1175 5452 1244 5506 δι’
1268 5453 1460 5506 ἑαυτὸν
1495 5450 1593 5522 μὶν
1625 5453 1766 5507 κατά
1790 5450 1952 5521 φύσιν

378 5542 589 5605 ἀτελοῦς
616 5543 709 5608 ὢν,
740 5543 833 5598 καὶ
874 5545 959 5599 ἀεὶ
988 5545 1279 5616 διαμένων,
1307 5547 1377 5599 δι’
1404 5547 1505 5615 ἐμὲ
1532 5547 1588 5600 δὲ
1619 5547 1757 5601 κατὰ
1782 5546 1952 5615 πρόσο

379 5637 545 5705 ληψιν
573 5634 769 5707 σαρκὸς
800 5637 1000 5706 νοερῶς
1028 5640 1470 5711 ἀνεψυχωμένης,
1499 5639 1575 5703 ὡς
1593 5636 1734 5693 οἶδεν
1760 5639 1945 5704 αὐτὸς,

378 5728 675 5796 γενόμενος
725 5726 848 5780 καθ’
877 5728 1175 5784 ὑπόστασιν
1233 5730 1505 5795 σύνθετος,
1539 5731 1663 5785 οὔτε
1720 5735 1785 5801 τῇ
1824 5731 1978 5807 κατ’,

380 5820 551 5892 ἄκρον
604 5818 739 5886 πρὸς
766 5819 865 5889 τὴν
895 5822 1071 5891 σάρκα
1110 5821 1231 5875 καθ’
1276 5821 1573 5879 ὑπόστασιν
1599 5822 1797 5907 ὲνώσει
1836 5824 1936 5896 τὴν

624 5913 869 5975 ΡΑτιίοι
934 5919 1049 5977 Gn.
1094 5918 1351 5983 CXXX.

2156 5187 2406 5256 Ejusdem
2419 5200 2485 5239 ex
2498 5188 2823 5312 responjsliorlte
2848 5197 3168 5274 sexagesima
3195 5206 3421 5259 secunda
3446 5212 3514 5260 ad

2737 5277 2767 5312 a
2790 5278 3010 5312 mnum-

2737 5277 3010 5322 ataastum.

2120 5349 2381 5404 Dominus
2432 5359 2616 5405 noster
2667 5350 2825 5409 Jesus
2881 5353 3130 5414 Christus
3184 5364 3496 5434 unigenitus
3528 5372 3621 5425 Dei

2048 5438 2216 5495 Filius
2242 5451 2299 5495 et
2323 5438 2579 5505 Verbum,
2602 5443 2694 5512 qui
2726 5459 2822 5514 per
2842 5462 2900 5502 se
2918 5448 3094 5516 ipsum
3144 5463 3338 5508 natura
3392 5457 3618 5527 simplex

2049 5543 2153 5595 est,
2185 5540 2237 5586 el
2267 5547 2480 5602 semper
2497 5544 2802 5603 permanet,
2834 5547 3053 5607 propter
3079 5556 3164 5595 me
3189 5552 3368 5600 autem
3395 5561 3616 5605 carueut

2055 5637 2338 5678 assumens
2356 5623 2535 5678 anima
2564 5627 2880 5698 rationeque
2896 5631 3197 5700 pra-dium,
3234 5633 3409 5695 factus
3433 5653 3498 5694 ea
3530 5657 3619 5696 ra-

2056 5714 2224 5779 tione,
2242 5731 2399 5784 quam
2429 5715 2541 5785 ipse
2567 5720 2735 5785 novit,
2754 5720 2805 5775 in
2829 5735 3059 5791 persona
3073 5731 3428 5797 catapositus,
3450 5748 3624 5804 neque

2056 5822 2266 5863 summa
2286 5823 2408 5864 cum
2430 5822 2595 5867 carne
2617 5810 2668 5865 in
2687 5827 2916 5883 persona
2941 5818 3324 5889 coniunctione
3346 5824 3623 5883 confusio-

3190 5935 3265 5996 33
