4094 6300
470 356 609 423 1-039

1722 359 2107 420 EUTHYMII
2149 356 2509 424 ZIGABE‘NI

3567 368 3677 439 1040

462 478 896 544 circumscripta,
933 478 1182 546 quamvis
1216 477 1267 531 in
1303 475 1497 531 fabulis
1523 474 1868 532 decantatam
1903 475 2026 532 voln

2157 480 2375 534 σύνολον
2408 482 2567 550 φύσις
2619 482 2700 534 ἑνὶ
2735 480 3010 552 προσώπῳ
3060 480 3550 551 περιγεγραμμένη.
3593 486 3676 538 κᾶν

462 587 610 627 orem
633 571 724 627 isti
742 572 1048 643 pltmnieem
1065 571 1131 626 ad
1144 580 1444 641 extremum
1465 581 1723 639 tanquam
1740 569 2046 638 exemplum

464 664 907 735 inexpugnabile,
931 678 1038 730 quo
1066 661 1330 718 innitatur
1363 662 1604 732 ipsorqu
1627 658 1829 728 opinio,
1851 672 2057 729 propo-

463 767 617 814 nant.
640 756 775 812 Nam
799 756 844 813 si
876 755 1111 811 Volueris
1138 764 1222 809 est
1252 754 1499 824 phoenix,
1525 762 1578 809 et
1603 752 1800 808 animal
1828 766 2050 821 prorsus

463 862 582 921 est;
615 850 660 902 si
694 848 920 912 animal,
963 847 1197 916 primum
1232 861 1339 902 non
1366 844 1515 901 omni
1568 843 1726 898 modo
1754 842 2047 911 singulare,

462 949 735 1006 quatenus
766 932 1092 1001 estanimal,
1125 949 1231 988 non
1261 933 1404 989 enim
1432 931 1606 989 solum
1638 930 1881 997 animal;
1912 945 2049 1000 prae-

465 1037 633 1091 terea,
660 1025 706 1081 si
747 1024 970 1091 animal,
1001 1033 1055 1080 et
1078 1039 1277 1095 corpus
1306 1025 1603 1082 animatum
1635 1038 1798 1080 sensu
1851 1021 2049 1092 przedic

466 1128 601 1173 tum.
638 1116 791 1184 Quod
824 1117 870 1171 si
902 1132 1100 1186 corpus
1131 1118 1427 1171 animatum
1463 1133 1527 1173 ac
1558 1130 1724 1172 sensu
1759 1115 2046 1185 praeditum

461 1220 542 1266 est
560 1211 813 1285 pplicenix.
835 1210 1040 1265 etortui
1060 1208 1299 1276 proiecto
1318 1219 1483 1277 atque
1529 1207 1775 1262 interimi
1790 1205 2045 1261 obnoxia.

461 1304 617 1370 Quod
650 1304 693 1359 si
724 1304 849 1357 talis
900 1312 1004 1367 est.
1048 1317 1357 1373 quaeramus
1408 1318 1473 1358 ex
1534 1300 1874 1373 sapientibus
1929 1298 2047 1353 istis

465 1412 645 1451 rerum
676 1394 1089 1464 spectatoribus,
1113 1409 1183 1448 an
1204 1393 1318 1449 ﬁeri
1344 1396 1513 1464 possit
1534 1392 1745 1463 utquod
1773 1407 1836 1446 ex
1858 1404 2044 1445 eorum

461 1499 545 1541 est
595 1503 846 1553 numero,
897 1503 1018 1556 qua:
1046 1497 1174 1543 sunt
1224 1487 1465 1540 animata
1497 1501 1770 1553 Senanue
1801 1482 2044 1551 pradita,

461 1586 711 1650 quodque
744 1588 920 1635 ortum
964 1591 1127 1649 atque
1178 1580 1459 1635 interitum
1516 1580 1700 1644 sentit,
1756 1575 2046 1647 singularis

463 1684 669 1729 natura:
709 1674 801 1738 sit,
838 1683 1098 1741 quantutn
1162 1674 1401 1742 pertinet
1451 1674 1517 1727 ad
1568 1685 1876 1740 permnam,
1921 1685 2042 1723 cum

464 1776 645 1821 mutua
670 1766 906 1835 ipsorum
934 1766 987 1819 in
1001 1766 1184 1835 specie
1208 1766 1485 1821 successio
1506 1764 1786 1835 perspicua
1808 1756 2044 1818 sitexsi-

460 1860 635 1915 stendi
657 1870 802 1913 nota.
828 1858 907 1913 Ad
934 1860 1051 1913 haec
1068 1860 1112 1913 si
1133 1868 1320 1911 natura
1350 1856 1640 1925 singularis
1672 1865 1754 1910 est
1769 1854 2042 1916 Christus,

462 1967 560 2008 nec
578 1952 817 2021 ejusdem
868 1965 994 2006 cum
1028 1951 1136 2006 Deo
1173 1960 1226 2004 ct
1262 1950 1445 2015 i’atre,
1476 1964 1575 2005 nec
1622 1946 1873 2017 ejusdem
1918 1961 2041 1999 cum

461 2046 775 2101 hominibus
819 2056 904 2102 est
928 2045 1199 2101 essentia.
1232 2043 1386 2110 Quod
1419 2044 1561 2096 enim
1594 2042 1815 2097 omnino
1840 2048 1923 2094 est
1952 2056 2047 2092 na-

460 2147 579 2191 tura
599 2138 894 2208 singnlare,
916 2137 1151 2191 naturali
1177 2133 1500 2201 cognatione
1528 2132 1659 2186 nulli
1690 2131 2042 2200 conjunctum

456 2238 560 2283 est.
584 2229 733 2294 Quod
763 2228 808 2283 si
850 2228 917 2282 ab
936 2227 1212 2293 omnibus,
1238 2234 1298 2280 ut
1329 2239 1424 2279 eos
1446 2224 1649 2279 sentire
1672 2221 2041 2292 probavimus,

458 2327 648 2376 natura
672 2319 918 2376 diversus
941 2329 1023 2376 est
1052 2319 1323 2382 Christus,
1346 2316 1528 2372 futiles
1552 2316 1701 2384 ipsos
1729 2316 2040 2385 epinionnm

457 2413 768 2469 inventores
795 2426 1067 2480 rogemus,
1091 2420 1146 2465 ut
1168 2410 1327 2466 nobis
1347 2408 1549 2473 dicant,
1602 2407 1816 2475 qualem
1849 2418 2040 2462 natura

448 2503 755 2567 Christum.
798 2514 851 2558 et
885 2516 992 2573 qua
1024 2504 1235 2556 ratione
1294 2511 1641 2555 venerentur.
1701 2497 1885 2567 Itaque
1917 2515 2038 2553 cum

457 2615 711 2671 maguum
744 2609 906 2669 atque
927 2599 1258 2655 horrendum
1318 2596 1628 2651 necessario
1655 2594 1951 2663 periculum
1974 2609 2037 2649 ex

456 2690 706 2755 rationis,
767 2706 885 2759 qua:
931 2690 1138 2746 reddita
1166 2700 1252 2743 est
1298 2689 1374 2754 vi,
1424 2697 1797 2757 consequatur
1831 2702 1924 2741 eos
1947 2686 2040 2756 qui

455 2786 736 2840 Christum
760 2793 957 2840 natura
981 2800 1166 2850 unum,
1200 2792 1292 2836 aut
1318 2791 1567 2835 naturam
1593 2794 1713 2836 esse
1733 2794 1895 2834 unam
1915 2793 2042 2833 con-

457 2876 705 2944 tendunt,
726 2875 843 2932 sive
876 2874 1130 2945 simplex,
1172 2873 1290 2929 sive
1334 2871 1661 2940 composita,
1709 2883 1881 2939 eaque
1922 2870 2040 2923 sive

454 2969 750 3041 generalis,
796 2979 893 3024 aut
942 2967 1267 3032 communis,
1322 2967 1438 3021 sive
1469 2965 1761 3036 singularis
1807 2966 2039 3031 dicatur,

455 3060 670 3116 animos
691 3069 911 3115 nostros
938 3057 1089 3114 omni
1124 3056 1372 3113 custodia
1392 3057 1459 3110 ab
1495 3055 1758 3128 ejusmodi
1786 3055 2040 3126 opinione

2153 576 2201 627 εἰ
2236 574 2303 628 τὰ
2337 574 2578 643 μάλιστα
2612 574 2703 627 τδν
2739 574 3112 643 μυθευόμενον
3148 571 3333 642 ὄρνιθα
3368 572 3452 626 τὸν
3500 575 3679 641 φοίνικα

2153 668 2406 736 καθάπερ
2428 685 2482 721 τι
2519 667 2614 721 καὶ
2655 668 2868 737 ἄμαχον
2900 665 3255 734 παράδειγμα
3281 665 3376 735 τῆς
3403 666 3590 718 ἑαυτῶν
3607 669 3679 720 δό-

2154 756 2250 827 ξης
2298 758 2626 812 συστατικδν
2683 759 2994 810 τελευταῖον
3048 754 3476 825 προδάλλωνται.
3516 756 3682 825 Είγάρ

2150 850 2296 921 ὄρνις
2324 850 2481 905 ἐστὶν
2510 852 2537 904 ό
2562 848 2757 918 φοῖνιξ,
2789 850 2885 902 καὶ
2912 847 3067 913 ζῶον»
3102 849 3321 911 πάντως
3352 847 3509 900 ἐστίν.
3554 848 3609 900 Εἰ
3637 848 3681 901 δὲ

2150 942 2311 1008 ζῶον,
2332 942 2546 1014 πρῶτον
2577 944 2675 1013 μὲν
2696 942 2757 995 ού
2791 943 2969 1012 πάντη
2998 939 3284 1011 μοναδικδν
3312 939 3440 994 καθὸ
3460 939 3581 1003 ζῶον
3598 956 3611 970 ⁸
3633 940 3683 993 οὔ

2149 1037 2260 1107 γὰρ
2296 1039 2455 1107 μόνον
2497 1035 2637 1100 ζῶον
2667 1053 2681 1066 ο
2708 1036 2901 1090 ἔπειτα
2947 1036 3025 1097 δὲ,
3058 1035 3216 1104 εἴπερ
3247 1032 3401 1098 ζῶον,
3436 1033 3521 1087 καὶ
3548 1033 3683 1102 σῶμα

2149 1129 2394 1201 ἔμψυχον
2423 1130 2764 1200 αἰσθητικόν.
2805 1129 2868 1181 Ei
2917 1128 2973 1181 δὲ
3004 1128 3165 1197 σῶμα
3216 1126 3450 1196 ἔμψυχον
3474 1125 3685 1195 αἰσθητι-

2149 1225 2244 1277 κόν
2275 1227 2421 1277 ἐστιν
2449 1225 2475 1276 ὁ
2507 1222 2700 1291 φοῖνιξ,
2727 1222 2821 1275 καὶ
2844 1220 2947 1273 ὑπὸ
2969 1220 3185 1288 γένεσίν
3212 1218 3328 1271 ἐστι
3360 1217 3579 1287 δηλονότι
3606 1217 3684 1271 καὶ

2150 1314 2378 1387 φθοράν.
2415 1315 2477 1369 Εἰ
2498 1315 2554 1368 δὲ
2577 1313 2682 1367 ὑπὸ
2708 1312 2923 1381 γένεσίν
2949 1315 3117 1377 ἐστιν,
3149 1311 3344 1372 αὐτοὺς
3368 1310 3685 1381 ὲρωτήσωμεν

2147 1408 2273 1470 τοὺς
2305 1408 2504 1477 σοφοὺς
2535 1406 2643 1460 τῶν
2674 1407 2843 1460 ὄντων
2874 1405 3166 1473 θεάμονας,
3193 1404 3242 1456 εί
3266 1401 3487 1456 δυνατόν
3513 1400 3684 1463 Earini

2147 1501 2257 1555 τῶν
2283 1500 2388 1554 ὑπὸ
2419 1503 2633 1568 γένεσιν
2662 1498 2760 1552 καὶ
2795 1498 3002 1568 φθορὰν
3032 1495 3297 1568 ἐμψύχων
3335 1494 3426 1547 καὶ
3470 1492 3688 1560 αἰσθητι-

2149 1594 2261 1667 κῷν
2301 1590 2572 1661 σωμάτων
2628 1588 2923 1660 μοναδικῆς
2967 1585 3235 1656 ὑπάρχειν
3269 1584 3393 1637 καθ’
3427 1581 3687 1634 ὑπόστασιν

2148 1687 2385 1755 φύσεως.
2418 1678 2493 1736 ὧν
2520 1685 2553 1753 ὴ
2582 1682 2639 1749 ἐξ
2689 1680 2938 1748 ἀλλήλων
2966 1679 3087 1732 κατ’
3119 1675 3259 1740 εἶδος
3292 1674 3504 1746 διαδοχὴ
3530 1673 3685 1743 ἀρίδη-

2148 1784 2236 1844 λος
2281 1780 2571 1851 χαρακτὴρ
2611 1777 2706 1831 τοῦ
2737 1772 2900 1828 εἶναι.
2950 1775 3123 1842 Εἴπερ
3150 1771 3207 1823 δὲ
3259 1766 3514 1838 μοναδικὴ
3555 1766 3689 1834 φύσις

2153 1873 2302 1925 ἐστὶν
2324 1874 2352 1925 ό
2382 1870 2639 1941 Χριστὸς,
2668 1868 2794 1921 οὔτε
2828 1865 2906 1937 τῷ
2944 1864 3065 1933 Θεῷ
3100 1863 3193 1916 καὶ
3220 1862 3397 1930 Πατρῖ
3440 1855 3690 1928 ὁμοούσιός

2150 1966 2322 2027 ἐστιν,
2348 1962 2471 2016 οὔτε
2500 1963 2611 2024 τοῖς
2636 1958 2963 2030 ἀνθρώποις.
3005 1956 3079 2009 Τὸ
3109 1956 3220 2024 γὰρ
3253 1954 3435 2021 πάντη
3462 1950 3591 2005 κατὰ
3612 1949 3694 2017 τὴν

2152 2056 2318 2125 φύσιν
2365 2052 2649 2121 μοναδικδν
2673 2054 2769 2120 τῆ,
2796 2048 2932 2118 πρὸς
2961 2045 3140 2100 ὁτιοῦν
3167 2045 3299 2100 ἄλλο
3325 2040 3585 2101 παντελῶς
3608 2054 3693 2106 φυ-

2152 2149 2309 2218 σικῆς
2357 2146 2717 2216 ἠλλοτρίωται
2780 2141 3124 2210 συγγενείας.
3164 2139 3228 2192 Ei
3282 2135 3343 2189 δὲ
3388 2131 3696 2192 κατάύτοὺς

2150 2244 2415 2304 ἐκείνους,
2435 2240 2509 2299 ὡς
2543 2238 2742 2303 ἔδειξεν
2788 2237 2816 2290 ὁ
2850 2236 3033 2302 λόγος,
3066 2232 3245 2301 πάντη
3278 2228 3419 2283 κατὰ
3443 2226 3534 2296 τὴν
3560 2222 3695 2293 φύσιν

2148 2337 2177 2389 ό
2205 2334 2436 2404 Χριστὸς
2470 2332 2689 2385 πάντων
2724 2326 3097 2401 ἠλλοτρίωται
3146 2322 3255 2376 τῶν
3287 2321 3479 2383 ὄντων,
3528 2314 3699 2375 αὐτοὺς

2149 2427 2324 2479 εἰπεῖν
2356 2420 2775 2492 προτρεψόμεθα
2805 2418 2932 2481 τοὺς
2970 2415 3195 2476 καινοὺς
3246 2408 3625 2481 δογματιστὰς.
3653 2405 3697 2457 τί

2147 2518 2278 2571 ὅντα
2333 2516 2476 2570 κατὰ
2523 2515 2622 2584 τὴν
2680 2512 2869 2580 φύσιν,
2906 2510 3002 2564 καὶ
3038 2508 3175 2578 ποίῳ
3204 2505 3355 2575 λόγῳ
3387 2503 3592 2557 σέϐουσι
3621 2498 3698 2551 τὸν

2147 2609 2403 2682 Χριστόν.
2442 2608 2504 2660 Ei
2548 2607 2729 2660 τοίνυν
2763 2604 2956 2673 μέγας
2988 2603 3085 2655 καὶ
3112 2597 3345 2669 φοϐερὸς
3384 2596 3439 2663 ἐξ
3475 2593 3695 2659 ἀνάγκης

2147 2705 2338 2757 ἕπεται
2372 2701 2639 2763 κίνδυνος,
2666 2697 2811 2752 κατὰ
2864 2698 2965 2766 τὴν
3015 2692 3381 2748 ἀποδοθεῖσαν
3418 2686 3510 2742 τοῦ
3558 2685 3700 2751 λόγου

2146 2798 2400 2865 δύναμιν,
2435 2794 2547 2858 τοῖς
2577 2791 2828 2859 λέγουσιν
2881 2788 2940 2841 ἓν
2969 2788 3111 2841 κατὰ
3147 2785 3245 2855 τὴν
3281 2782 3446 2851 φύσιν
3474 2772 3604 2833 εἶναι
3625 2774 3702 2827 τὸν

2146 2890 2399 2962 Χριστὸν,
2430 2886 2597 2957 ἤγουν
2629 2884 2758 2953 μίαν
2789 2881 2975 2951 φύσιν,
3022 2879 3132 2932 εἴτε
3165 2877 3359 2939 ἁπλῶς
3405 2870 3701 2942 λεγομένην,

2147 2985 2258 3036 εἴτε
2288 2980 2564 3042 σύνθετον,
2598 2977 2695 3031 καλ⁸
2743 2978 2947 3043 ταύτην
2997 2975 3107 3026 εἴτε
3141 2970 3395 3039 γενικὴν,
3424 2968 3582 3037 ήγουν
3608 2979 3705 3016 κοι-

2146 3076 2264 3145 νὴν,
2296 3073 2407 3128 εἴτε
2441 3069 2754 3142 μοναδικὴν,
2788 3069 2957 3140 ἦγουν
2984 3067 3181 3133 ίδικὴν,
3216 3065 3369 3133 πάσῃ
3396 3060 3598 3131 φυλακῇ
3619 3054 3704 3117 τὰς

456 3160 694 3209 remotos
712 3166 1013 3220 servemus,
1055 3160 1111 3207 ut
1135 3159 1189 3207 et
1220 3165 1252 3205 a
1285 3150 1446 3204 minis
1470 3151 1567 3219 ipsi
1602 3147 2037 3219 impendentibus

2148 3167 2362 3223 ἑαυτῶν
2395 3162 2619 3234 καρδίας
2653 3162 2749 3230 τῆς
2773 3158 3030 3228 τοιαύτης
3059 3157 3218 3225 δόξης
3268 3155 3593 3224 τηρήσωμεν
3620 3162 3703 3198 κα-

455 3240 609 3298 liberi
630 3241 824 3298 simus.

1128 3440 1405 3511 Ejusdem.

516 3534 882 3603 Quamobrem
928 3534 974 3592 si
1008 3533 1099 3589 Dei
1132 3535 1363 3590 Verbum
1393 3549 1497 3590 non
1527 3534 1642 3604 lege
1677 3542 1837 3603 atque
1857 3533 2046 3588 ordine

452 3637 664 3682 natura:
688 3642 867 3683 rerum
899 3629 1349 3699 rontpositarum,
1368 3630 1461 3683 sed
1481 3630 1584 3683 alia
1608 3629 1817 3683 ratione
1840 3628 2044 3691 divina,

449 3732 648 3792 etquae
673 3722 851 3777 verbis
876 3724 1130 3793 explicari
1160 3738 1263 3779 non
1297 3733 1495 3792 potest.
1526 3737 1719 3793 nempe
1743 3737 1840 3791 per
1856 3721 2044 3778 carnis

452 3813 883 3885 assumptionem
916 3816 1275 3884 compositum
1306 3824 1411 3880 est,
1448 3829 1558 3868 non
1612 3796 1791 3868 autem
1823 3828 1920 3882 per
1951 3828 2047 3882 ge-

2147 3260 2342 3331 θαρὲις,
2378 3259 2463 3313 ἵνα
2484 3255 2693 3326 καὶτῆς
2715 3253 2802 3307 ἐπ’
2825 3254 2963 3323 αὐτῇ
2996 3249 3303 3323 μελλούσης
3328 3246 3551 3314 ἀπειλῆς
3574 3241 3705 3295 ζιλευ⁹

2148 3353 2499 3424 θερωθῶμεν.

2757 3441 2869 3497 Τοῦ
2904 3438 3113 3495 αὑτοῦ.

2222 3541 2283 3593 El
2310 3538 2491 3592 τοίνυν
2518 3536 2594 3606 μὴ
2622 3541 2766 3589 κατὰ
2781 3536 2945 3602 νόμον
2970 3532 3065 3585 καὶ
3094 3527 3250 3593 τάξιν
3274 3524 3385 3595 ,τῆς
3408 3523 3513 3578 τῶν
3545 3518 3708 3574 συνόν-

2147 3650 2257 3687 των
2283 3610 2522 3701 φύσεως,
2555 3628 2670 3682 ἀλλ’
2694 3628 2867 3696 ἑτέρῳ
2896 3625 3047 3695 παρὰ
3067 3622 3166 3694 τὴν
3194 3621 3366 3690 φύσιν
3405 3634 3511 3672 των
3541 3610 3711 3668 συνθέ-

2147 3745 2257 3781 των
2291 3725 2512 3795 θεσμῷο
2542 3721 2684 3778 κατὰ
2718 3718 3027 3791 πρόσληψιν
3085 3717 3197 3786 γὰρ
3244 3714 3544 3786 ἀφράστως
3575 3711 3601 3762 ό
3624 3704 3707 3759 τοῦ

2148 3816 2283 3870 Θεοῦ
2312 3816 2448 3886 πρὸς
2481 3813 2577 3884 τὴν
2608 3814 2789 3880 σάρκα
2837 3807 3092 3877 συνετέθη
3125 3807 3326 3875 Λόγος,
3356 3804 3471 3859 ἀλλ’
3495 3802 3552 3854 ού
3585 3796 3709 3853 κατά

2149 3910 2365 3978 γένεσιν
2393 3907 2508 3974 ἅμα
2533 3909 2599 3975 τῇ
2625 3892 2792 3974 σαρκὶ
2824 3905 2961 3973 πρὸς
2996 3901 3249 3956 σύνθεσιν
3274 3899 3337 3953 τὸ
3371 3897 3510 3951 εἶναι
3543 3891 3705 3946 λαϐὼν

2149 4004 2229 4063 είς
2255 4002 2378 4054 ὅλου
2412 3998 2557 4060 τινὸς
2587 3996 2709 4051 κατ’
2731 3992 2873 4059 εἶδος
2901 3994 3320 4065 συμπλήρωσιν,
3360 3991 3541 4053 καθὼς
3575 3991 3601 4042 ὁ
3621 3987 3707 4054 τῆς

2151 4094 2411 4164 ἀληθείας
2445 4089 2789 4162 διαπρυσίως
2840 4091 3010 4143 πᾶσιν
3067 4088 3250 4159 ὲμῦοᾷ
3303 4087 3500 4155 λόγος·
3550 4083 3733 4152 μάτην-

2149 4188 2262 4250 τοῖς
2296 4186 2401 4240 ὑπὸ
2430 4183 2594 4253 φύσιν
2637 4183 2861 4250 θεσμοῖς
2883 4182 3189 4250 ὑπαγαγεῖν
3234 4181 3495 4249 ἀθέσμως
3522 4178 3711 4243 ἐπιχει-

2154 4278 2335 4347 ροῦσιν
2360 4278 2407 4329 οἱ
2432 4276 2663 4346 ἀμαθεῖς
2687 4273 2788 4344 τὴν
2823 4272 3001 4326 πάντα
3028 4271 3215 4340 φύσεω
3275 4272 3409 4340 ὅρον
3431 4286 3491 4323 τε
3526 4266 3613 4320 καὶ
3637 4263 3710 4314 λό-

451 3906 792 3962 nerationem
818 3906 980 3960 simul
1022 3921 1144 3960 cum
1199 3920 1366 3960 carne
1398 3906 1806 3974 compositionis
1834 3905 2049 3973 accepit

450 3998 762 4061 essentiam,
810 4004 1057 4051 uttoturn
1110 3995 1324 4066 aliquod
1377 3997 1556 4064 specie
1607 3997 1924 4065 compleret,
1990 4012 2053 4060 ut

451 4090 695 4145 veritatis
748 4090 923 4144 oratio
970 4090 1229 4144 omnibus
1275 4100 1460 4158 aperte
1500 4088 1790 4159 signiﬁcat,
1849 4089 2049 4144 frustra

450 4184 1049 4253 conanturinsipientes
1078 4181 1168 4237 isti
1188 4182 1655 4252 compositionem,
1676 4196 1797 4250 quae
1832 4195 2046 4236 onmem

452 4287 665 4332 natura!
698 4278 985 4332 terminum
1031 4277 1351 4345 rationeque
1382 4285 1621 4346 superat,
1662 4276 1869 4347 legibus
1895 4288 2050 4333 natu‘

451 4369 658 4424 ralibus
682 4368 843 4436 impie
863 4366 1153 4433 subjicere.
1193 4365 1561 4432 Quamobrem
1614 4369 1705 4437 qui
1736 4381 1831 4434 per
1862 4368 2046 4422 carnis

453 4459 878 4527 assumptiouem
909 4457 1144 4513 Verbum
1184 4473 1305 4514 esse
1339 4460 1538 4514 factum
1590 4460 1861 4513 hominem
1891 4458 2039 4525 dicit,

2150 4386 2245 4436 γον
2269 4368 2636 4438 ἐμϐαίνουσαν
2674 4365 2947 4419 σύνθεσιν.
2976 4364 3078 4417 Διὰ
3110 4363 3270 4417 τοῦτο
3322 4362 3469 4416 κατὰ
3496 4356 3711 4430 πρόσλη-

2148 4464 2241 4530 ψιν
2270 4461 2472 4530 σαρκὸς
2500 4461 2529 4512 ὁ
2552 4459 2724 4529 λέγων
2754 4457 3009 4527 γενέσθαι
3040 4457 3138 4527 τὴν
3161 4442 3581 4523 ὲνανθρώπησιν
3623 4450 3707 4515 τὴν

450 4552 498 4607 is
520 4559 856 4605 ctaeternam
885 4548 977 4604 Dei
1003 4556 1129 4603 ante
1169 4550 1364 4603 saecula
1412 4549 1704 4604 essentiam
1754 4558 1954 4613 servat,
1988 4559 2041 4604 et

2147 4570 2206 4606 τε
2235 4553 2327 4605 τοῦ
2358 4552 2494 4605 Θεοῦ
2522 4553 2694 4620 Λόγου
2722 4550 3047 4623 προαιώνιον
3076 4547 3315 4619 ὓπαρξιν
3337 4539 3712 4607 διασώζει,’καὶ

370 4648 371 4651 “
450 4643 812 4698 voluntariam
843 4645 929 4711 pie
957 4643 1266 4706 conﬁtetur,
1298 4652 1599 4713 sponteque
1636 4652 1942 4712 susceptam
1982 4645 2033 4698 in

450 4749 694 4807 ten-pore
729 4737 912 4793 carnis
964 4738 1318 4802 indutionem,
1376 4744 1427 4791 et
1480 4734 1838 4792 dili'erentiam
1874 4735 2034 4790 Verbi

448 4830 818 4899 suscipientis,
844 4839 1005 4899 atque
1052 4830 1232 4884 carnis
1258 4837 1520 4898 suscepta;
1559 4829 1677 4885 sine
1717 4831 2039 4886 confusione

454 4932 634 4977 tuetur
659 4924 820 4976 etiam
862 4934 981 4993 post
1004 4922 1462 4993 conjunctionem.
1498 4923 1599 4989 Qui
1630 4939 1760 4978 vero
1793 4926 1885 4980 Dei
1903 4924 2034 4980 Ver-

455 5020 579 5069 bum
605 5029 710 5069 non
771 5030 868 5085 per
908 5015 1087 5068 carnis
1138 5017 1564 5085 assumptionem
1599 5018 1918 5072 immutabili
1947 5036 2034 5072 ra-

450 5110 599 5164 tione
622 5107 824 5162 l‘aetum
850 5121 971 5162 esse
1000 5107 1273 5162 hominem
1322 5109 1475 5176 dicit,
1533 5111 1669 5165 nihil
1700 5126 1887 5166 eorum
1918 5128 2035 5182 quae

383 5205 391 5214 '
450 5200 595 5257 dicta
633 5208 783 5265 sunt,
822 5199 932 5255 ullo
968 5198 1130 5255 modo
1165 5214 1289 5255 vere
1322 5202 1522 5271 poterit
1550 5204 1818 5260 conﬁteri.

594 5293 846 5366 Ejusdem
866 5296 929 5349 de
942 5310 1057 5349 voce
1077 5293 1215 5349 hac:
1244 5312 1263 5346 ι
1297 5294 1362 5349 In
1388 5296 1594 5351 duabus
1610 5299 1836 5352 naturis.
1871 5314 1904 5350 κ

523 5386 579 5443 In
615 5387 823 5444 duabus
852 5385 1062 5441 naturis
1106 5389 1317 5444 ratione
1368 5389 1684 5444 indivisibili
1718 5390 1894 5459 ipsum
1913 5407 2036 5448 esse

451 5480 749 5547 credimus,
794 5488 852 5535 ut
878 5480 1162 5536 divinitate
1181 5491 1233 5536 et
1281 5482 1638 5536 humanitate.
1670 5483 2037 5549 Quemadmo-

430 5572 578 5627 -dum
616 5572 757 5628 enim
789 5587 915 5628 cum
936 5587 1003 5629 ex
1022 5573 1232 5629 duabus
1248 5575 1460 5630 naturis
1485 5584 1735 5631 constare
1757 5576 2034 5633 Christum

454 5662 705 5731 dicimus,
737 5678 802 5720 ex
837 5664 1123 5719 divinitate
1167 5674 1222 5721 et
1262 5654 1623 5730 humanitate,
1664 5677 1726 5725 ut
1771 5670 1977 5725 duabus
2005 5687 2036 5727 e

455 5752 698 5818 partibus
733 5763 927 5808 'totum
969 5755 1421 5825 intelligimusﬁta
1470 5772 1591 5813 eum
1619 5767 1741 5828 post
1765 5762 2032 5830 conjunc-

457 5842 653 5897 tionem
685 5855 808 5899 eum
838 5845 1116 5901 duabusin
1149 5846 1357 5905 naturis
1393 5863 1513 5908 esse
1546 5850 1864 5919 ditimus,ia
1894 5853 2034 5907 divi-

2144 4645 2241 4716 τὴν
2261 4642 2507 4697 ἑκούσιον
2530 4643 2768 4706 εὐσεϐῶς
2790 4643 3064 4713 ὁμολογεῖ,
3089 4642 3181 4695 καὶ
3209 4641 3541 4712 αὐθαίρετον
3562 4632 3708 4690 αὑτοῦ

2139 4738 2283 4791 κατὰ
2321 4736 2514 4807 χρόνον
2553 4737 2855 4805 σάρκωσιν,
2905 4737 3001 4789 καὶ
3031 4735 3129 4806 τὴν
3158 4734 3429 4803 διαφορὰν
3481 4728 3639 4788 αὺτοῦ
3660 4743 3710 4780 τε

2138 4829 2232 4882 τοῦ
2259 4827 2656 4897 προσλαϐόντος
2672 4828 2867 4895 Λόγου,
2890 4829 3102 4896 καὶτῆς
3127 4827 3570 4897 προσληφθείσης
3598 4837 3712 4890 σαρ-

2140 4921 2230 4984 κὸς
2263 4920 2572 4991 ἁσύγχυτον
2604 4920 2895 4989 φυλάττειν
2921 4920 3016 4975 καὶ
3050 4920 3188 4990 μετὰ
3217 4919 3318 4990 τὴν
3345 4917 3632 4973 ἓνωσιν.”0
3660 4912 3709 4967 δὲ

2148 5015 2224 5085 μὴ
2284 5014 2427 5069 κατὰ
2480 5014 2786 5086 πρόσληψιν
2841 5013 3042 5085 σαρκὸς
3090 5006 3375 5082 ὁμολογῶν
3445 5010 3708 5081 ἀτρέπτως

2137 5108 2561 5178 ὲνανθρωπῆσαι
2590 5108 2681 5160 τὸν
2717 5096 2810 5162 τοῦ
2839 5106 2973 5160 Θεοῦ
3021 5108 3195 5175 Λόγον
3243 5105 3403 5160 οὐδὲν
3434 5104 3539 5159 τῶν
3569 5103 3707 5170 εἰρη-

2143 5200 2323 5269 μένων
2350 5200 2470 5254 κατ’
2491 5200 2681 5255 οὐδένα
2696 5201 2899 5272 τρόπον
2926 5201 3142 5271 ἀληθῶς
3163 5202 3453 5269 ὁμολογεῖν
3478 5201 3705 5253 δύναται.

2180 5292 2292 5345 Τοῦ
2317 5293 2506 5347 αὐτοῦ
2533 5292 2665 5361 περὶ
2704 5294 2814 5362 τῆς
2848 5293 3055 5363 φωνῆς
3075 5308 3090 5323 ·
3118 5294 3252 5348 «Ἐν
3281 5292 3397 5347 δύο
3423 5292 3701 5361 gratiosam

2227 5388 2314 5442 Ἐν
2338 5386 2430 5441 δύο
2461 5388 2690 5459 φύσεσιν
2741 5388 3064 5460 ἀδιαιρέτως
3106 5387 3197 5441 τὸν
3230 5388 3397 5440 αὑτὸν
3456 5388 3581 5440 ὅντα
3622 5400 3703 5435 πι-

2139 5480 2403 5551 στεύομεν
2431 5481 2506 5544 ὡς
2527 5482 2585 5534 ὲν
2618 5482 2833 5550 θεότητι
2868 5482 2961 5536 καὶ
2985 5480 3617 5551 ἀνθρωπότητι.⁹Ωσπερ
3645 5475 3700 5527 ἐκ

2137 5576 2230 5630 δύο
2259 5575 2475 5646 φύσεων
2529 5576 2782 5645 λέγοντες
2811 5576 2903 5631 τὸν
2957 5576 3196 5648 Χριστὸν
3223 5578 3286 5629 ἐκ
3344 5575 3593 5643 θεότητος
3616 5568 3699 5621 καὶ

2137 5670 2557 5742 ἀνθρωπότητος
2586 5670 2712 5724 ὄντα
2735 5672 2962 5743 νοοῦμεν
2992 5670 3067 5737 ὡς
3097 5673 3159 5724 ἐκ
3186 5668 3372 5741 μερῶν
3405 5668 3543 5731 ὅλον,
3570 5663 3694 5716 οὕτω

2137 5764 2231 5816 καὶ
2264 5764 2321 5816 ὲν
2350 5762 2443 5816 δύο
2467 5762 2660 5832 φύσεσι
2693 5763 2947 5832 λέγοντες
2981 5764 3119 5834 μετὰ
3143 5765 3238 5835 τὴν
3270 5761 3472 5814 ἕνωσιν
3505 5762 3559 5812 ὲν
3590 5754 3695 5807 θεόν

2135 5874 2257 5927 τητι
2289 5859 2381 5913 καὶ
2415 5858 2797 5931 ἁνθρωπότητι
2844 5862 2972 5915 ὄντα
3022 5862 3359 5929 πιστεύομεν
3390 5858 3466 5923 ὡς
3499 5856 3611 5911 ὅλον
3640 5850 3689 5903 ὲν
