4094 6300
457 416 586 484 10έί

1396 428 1767 488 PANOPLIA
1820 428 2368 491 DOGMATICA.-
2405 431 2556 491 TlT.
2604 428 2759 492 XVI.

3563 420 3702 501 10133

456 534 670 603 μέρεσι.
702 538 861 608 Μέρη
886 538 939 590 δὲ
972 536 1209 616 Χριστοῦ
1250 540 1282 609 ὴ
1314 540 1504 609 θεότης
1522 540 1832 595 αὐτοῦοὲστι
1864 543 1955 596 καὶ
1983 544 2015 613 ἡ

2139 546 2288 599 litate
2321 555 2482 614 alque
2510 545 2841 601 humanitate
2863 559 2987 602 esse
3014 546 3309 609 credimus,
3362 554 3419 599 ut
3450 552 3620 600 totum
3645 549 3694 600 in

446 625 824 696 ἀνθρωπότης,
854 629 913 693 ἐξ
950 624 1024 682 ὧν
1057 631 1147 683 καὶ
1171 631 1229 682 ὲν
1263 624 1349 693 αἷς
1383 631 1676 698 ὑφέστηκε.
1714 632 1822 685 Καὶ
1858 627 2013 693 αὖθις

448 719 541 772 τοῦ
565 720 699 773 Θεοῦ
736 722 909 790 Λόγου
945 722 1108 792 φύσιν
1156 712 1584 797 σεσαρκώμένην
1627 727 1792 795 σαρκὶ
1820 727 2013 797 νοερόιν

449 827 510 861 τε
541 812 636 863 καί
670 812 895 882 λογικὴν
925 814 1118 885 ἐχούσῃ
1150 816 1327 887 ψυχὴν
1375 817 1676 882 πιστεύειν,
1704 817 1889 886 λέγειν
1929 835 2008 881 τε,

449 900 546 951 καὶ
575 900 868 970 κηρύττειν
917 901 1276 973 ἐδιδάχθημεν
1308 906 1449 959 κατὰ
1483 906 1575 958 τὸν
1613 904 1768 973 ἅγιον
1814 904 2016 973 Κύριλ-

442 991 558 1055 λον,
593 993 681 1048 διὰ
726 994 819 1048 τοῦ
850 1000 1284 1067 σεσαρκωμένην
1331 1000 1527 1064 εἰπεῖν,
1575 1001 1674 1066 τῆς
1710 996 1834 1051 καθ’
1867 998 2013 1066 ἡμᾶς

450 1083 666 1150 φύσεως
723 1087 1220 1160 εἰσκεκομισμένην
1259 1092 1497 1160 ὁρῶντες
1544 1089 1642 1160 τὴν
1683 1090 1893 1154 οὐσίαν,
1918 1088 2014 1141 καὶ

450 1175 614 1230 π’άλιν
638 1177 733 1230 τοῦ
764 1181 927 1234 αὐτοῦ
975 1183 1069 1236 καὶ
1118 1184 1236 1248 ἑνὸς
1262 1184 1497 1254 Χριστοῦ
1542 1183 1612 1237 τά
1648 1200 1705 1236 τε
1738 1182 2011 1250 θαύματα.

450 1267 545 1321 καὶ
572 1268 635 1321 τὰ
658 1269 826 1338 πάθη.
864 1272 955 1323 καὶ
985 1271 1077 1325 τοῦ
1112 1274 1273 1325 αὐτοῦ
1302 1275 1399 1336 τὰς
1447 1274 1541 1326 δύο
1570 1274 1874 1343 γεννήσεις,
1916 1272 2014 1339 τήν

448 1376 507 1410 τε
536 1359 857 1427 προαιὼνιον
908 1364 1215 1432 ἀσωμάτως
1268 1367 1330 1417 ὲκ
1372 1365 1465 1418 τοῦ
1505 1364 1741 1433 Πατρός,
1795 1364 1887 1416 καί
1915 1361 2014 1431 τὴν

448 1450 706 1520 χρονικὴν
751 1452 814 1505 ὲκ
844 1455 1067 1523 Μητρὸς
1118 1458 1211 1507 καὶ
1264 1455 1540 1525 Παρθένου
1590 1454 1917 1521 σωματικῶς
1946 1452 2015 1506 δι’

446 1542 593 1609 ἡμᾶς
624 1550 1014 1614 γεγενημένην.
1057 1545 1146 1597 Διὸ
1178 1546 1415 1614 μάλιστα
1454 1546 1543 1599 καὶ
1579 1544 1719 1599 κατὰ
1750 1543 2013 1612 ἀλήθειαν

445 1634 651 1699 κδρίως
681 1632 942 1687 Θεοτόκον
969 1636 1136 1704 αὐτὴν
1162 1635 1555 1705 ὁμολογοῦμεν,
1594 1636 1669 1699 ὡς
1693 1638 1782 1689 τὸν
1813 1638 1876 1689 ὲκ
1903 1638 2015 1688 Ila.—

443 1724 573 1791 τρὶς
589 1724 918 1794 γεννηθέντα
948 1727 1051 1796 πρὸ
1082 1729 1292 1781 πάντων
1322 1728 1430 1780 τῶν
1452 1728 1662 1781 αἰώνων
1690 1728 1822 1781 Θεὸν
1844 1727 2016 1795 Λόγον

446 1816 534 1867 ἔτ’
565 1818 807 1885 ἐσχάτων
832 1817 941 1871 τῶν
967 1820 1175 1889 χρόνων
1205 1819 1262 1883 ἐξ
1310 1819 1481 1889 αὐτῆς
1517 1821 1866 1890 σαρκωθέντα
1889 1835 2012 1886 γεν-

2123 634 2389 704 partibus.
2425 635 2610 690 Partes
2627 635 2768 688 enim
2789 634 2988 691 Christi
3016 643 3142 690 sunt
3163 635 3414 693 divinitas
3436 644 3491 690 et
3511 635 3699 690 humar
3799 692 3806 705 θ

2124 727 2283 789 tritas,
2324 744 2387 782 ex
2435 728 2647 794 quibus,
2691 736 2745 781 et
2785 727 2839 781 in
2878 728 3073 796 quibus
3112 726 3380 782 consistit.
3432 726 3696 781 Praeterea

2125 836 2282 873 uuam
2315 820 2405 874 Dei
2440 820 2597 874 Verbi
2628 830 2875 873 naturam
2920 833 3139 874 carnem
3169 818 3538 888 assumpsisse
3580 817 3699 871 aniu-

2124 922 2317 965 matam
2365 912 2547 967 anima
2578 921 2758 967 mente
2803 912 3115 980 rationeque
3164 911 3389 981 praedita
3433 910 3612 963 dicere
3641 918 3700 964 et

2122 1004 2415 1072 praedicare
2460 1004 2747 1060 didicimus
2776 1018 2840 1058 ex
2870 1003 3117 1058 doctrina
3149 1001 3322 1057 sancti
3376 1000 3585 1068 Cyrilli,
3639 1008 3709 1052 ut,

2121 1107 2185 1147 ex
2208 1106 2272 1146 eo
2306 1091 2446 1161 quod
2470 1091 2702 1145 dicimus
2738 1105 2952 1146 carnem
2989 1089 3371 1158 assumpsisse,
3406 1086 3705 1143 essentiam

2123 1194 2327 1238 natura:
2354 1194 2551 1237 nostra:
2575 1183 2774 1236 illatam
2813 1182 3194 1252 intelligamus.
3244 1179 3491 1247 [temque
3540 1177 3700 1230 unius

2121 1281 2174 1324 et
2195 1270 2431 1337 ejusdem
2451 1269 2650 1323 Christi
2672 1280 2779 1322 tam
2798 1267 3079 1332 miracula,
3100 1279 3261 1335 quam
3282 1264 3556 1320 cruciatus
3580 1276 3699 1316 esse

2122 1362 2370 1426 dicimus,
2391 1362 2635 1429 duosque
2670 1360 2912 1428 ejusdem
2940 1369 3113 1424 ortus,
3153 1372 3317 1411 unum
3351 1365 3476 1410 ante
3502 1353 3696 1409 saecula

2121 1454 2239 1507 sine
2268 1468 2494 1522 corpore
2540 1469 2607 1507 ex
2666 1452 2846 1517 Patre,
2878 1460 2932 1507 et
2958 1451 3183 1505 alterum
3232 1450 3288 1502 in
3341 1457 3583 1515 tempore
3630 1461 3698 1515 es

2122 1542 2287 1596 Matre
2309 1554 2361 1597 et
2378 1542 2601 1613 Virgine
2626 1544 2833 1598 ratione
2851 1557 3109 1610 corporea
3132 1552 3300 1610 atque
3321 1539 3557 1593 humana
3585 1554 3599 1601 ;
3630 1552 3698 1591 ex

2122 1649 2229 1702 quo
2261 1636 2489 1688 maxime
2524 1645 2577 1689 et
2608 1650 2733 1690 vere
2779 1634 2997 1703 proprie
3027 1634 3197 1703 ipsam
3251 1632 3343 1687 Dei
3372 1629 3698 1687 Genitricem

2124 1725 2463 1791 confitemur,
2522 1736 2578 1780 ut
2613 1741 2731 1795 quae
2754 1726 2993 1794 genitum
3024 1734 3149 1778 ante
3199 1723 3391 1778 saecula
3454 1736 3520 1776 ex
3543 1720 3703 1775 Patre

2128 1813 2292 1868 Deum
2316 1815 2570 1878 Verbum,
2593 1816 2644 1868 in
2675 1816 2934 1869 extremis
2962 1814 3294 1883 temporibus
3323 1821 3388 1865 ex
3429 1812 3544 1880 ipsa
3580 1825 3703 1864 car-

443 1907 709 1971 νήσασαν.
746 1909 890 1961 Μίαν
923 1910 978 1962 δὲ
1006 1912 1167 1976 φύσιν
1198 1912 1450 1964 σύνθετον
1471 1911 1562 1963 τὸν
1606 1911 1841 1981 Χριστὸν
1874 1927 2007 1963 παν-

2134 1921 2233 1958 ιοιιι
2262 1917 2626 1960 assumentem
2646 1906 2916 1975 genuerit.
2934 1908 3001 1957 At
3027 1913 3276 1957 naturam
3298 1915 3457 1956 unam
3481 1913 3703 1967 compos

442 1997 617 2060 τελῶς
632 2000 1041 2069 παραιτούμεθα
1058 2001 1236 2070 λέγειν
1256 2002 1314 2055 οὐ
1335 2004 1491 2071 μόνον
1512 2002 1598 2056 διὰ
1614 2003 1711 2063 τὰς
1730 2002 2023 2071 εἰρημένας

444 2089 647 2153 αἰτίας,
668 2090 782 2143 ἀλλ’
806 2093 884 2144 ὅτι
911 2094 1007 2144 καὶ
1027 2093 1213 2161 μηδεὶς
1241 2094 1470 2146 καθόλου
1490 2092 1596 2146 τῶν
1623 2093 1891 2164 ἐγκρίτων
1916 2093 2024 2145 Πα-

446 2181 622 2248 τέρων
647 2183 918 2250 πέφανται
951 2184 1111 2254 μέχρι
1141 2185 1231 2237 τοῦ
1265 2185 1420 2254 δεῦρο
1442 2186 1646 2253 ταύτην
1665 2185 1898 2256 εἰρηκὼς
1926 2184 2023 2255 τὴν

444 2273 765 2341 φωνὴν,κα“ι
795 2276 870 2336 ὠς
899 2277 1180 2345 προδήλως
1214 2277 1603 2346 Απολλιναρίου
1624 2278 1718 2330 τοῦ
1744 2275 2021 2347 αἱρετικοῦ

451 2362 548 2415 καὶ
593 2363 699 2416 τῶν
732 2366 895 2418 αὐτοῦ
926 2368 1199 2437 φοιτητῶν
1228 2369 1582 2438 ὑπάρχουσαν
1619 2368 1884 2438 γέννημα.

619 2456 728 2510 Τοῦ
761 2460 948 2512 αὐτοῦ
978 2461 1109 2525 περὶ
1140 2460 1433 2514 συνθέτοι,
1466 2460 1879 2526 ὑποστάσεως.

528 2545 591 2601 Εἰ
622 2546 697 2610 δὲ,
733 2551 814 2601 ότι
846 2549 993 2601 πᾶσα
1024 2549 1321 2613 ὑπόστασις
1355 2550 1605 2610 σύνθετος
1636 2552 1802 2621 ἑαυτῇ
1840 2568 1897 2603 τε
1929 2553 2023 2606 καὶ

452 2638 702 2709 ἀλλήλοις
729 2640 795 2697 τὰ.
834 2640 942 2693 [δια
989 2641 1130 2711 μέρη
1167 2642 1437 2712 ὀμόχρονα
1482 2642 1682 2717 σχοῦσα
1711 2642 2021 2706 δείκνυται,

456 2730 755 2783 ὑπόστασιν
806 2732 861 2784 δὲ
915 2732 1167 2785 σύνθετον
1221 2728 1358 2786 εἶναι
1410 2734 1592 2800 λέγειν
1643 2734 1733 2786 τὶν
1786 2733 2021 2803 Χριστὸν

456 2820 559 2872 οὐκ
587 2820 938 2891 ἀρνούμεθα,
989 2824 1195 2877 εἴποιεν
1240 2824 1337 2878 καὶ
1381 2826 1527 2893 ἡμᾶς
1562 2827 1608 2877 οί
1652 2825 2024 2892 ἀντιλέγοντες

463 2910 540 2982 μὴ
569 2910 827 2966 δύνασθαι
862 2913 960 2983 τὴν
995 2915 1084 2965 ἐπὶ
1130 2914 1302 2984 τούτῳ
1337 2913 1559 2985 μομφὴν
1601 2915 1981 2981 ὲκτινάξασθαι
2004 2954 2020 2979 ,

457 3002 538 3063 ὡς
592 3004 703 3065 τοῖς
754 3003 903 3065 ἰδίοις
944 3004 1253 3068 ἑαλωκότας
1310 3004 1520 3070 λόγοις⁶
1575 3005 1753 3074 φαμὲν
1808 3004 2021 3074 ἀληθῶς

459 3089 635 3153 οὕτως
674 3090 855 3158 ἔχειν,
909 3093 1066 3160 εἰπερ
1099 3091 1351 3144 σύνθετον
1379 3087 1538 3154 εἰναι,
1567 3090 1642 3153 ὡς
1689 3086 1826 3152 εἶδος
1857 3090 2024 3157 αὐτῆς

461 3182 879 3254 κατηγοροῦμεν
908 3182 1134 3253 ἔχουσαν
1169 3181 1559 3251 ὑποτιθέμεθα.
1609 3180 1725 3234 Νῦν
1783 3181 1841 3233 δὲ
1867 3179 2025 3232 τοῦτο

464 3276 542 3345 μὴ
569 3274 822 3342 λέγοντες
843 3315 857 3339 ,
891 3274 1144 3343 οὐδαμῶς
1175 3273 1273 3344 τὴν
1301 3271 1513 3326 οἰανοῦν
1542 3272 1736 3340 ἕξομεν
1782 3271 2024 3342 μομφὴν,

461 3366 652 3435 σαφῶς
700 3364 1057 3432 γινώσκοντες
1107 3364 1181 3435 μὴ
1231 3365 1298 3417 δι’
1337 3365 1538 3433 ἑαυτὴν
1588 3362 1838 3417 σύνθετον
1887 3358 2027 3415 εἶναι

460 3461 645 3512 πᾶσαν
699 3456 951 3509 σύνθετον
1001 3457 1301 3509 ὑπόστασιν
1346 3456 1444 3527 τὴν
1504 3455 1612 3509 ὐπό
1664 3472 1715 3507 τι
1770 3453 2028 3507 τελοῦσαν

460 3545 626 3610 εἶδος,
680 3546 818 3599 ἀλλὰ
868 3545 955 3599 διὰ
1000 3545 1099 3617 τὴν
1148 3545 1310 3613 φύσιν
1343 3546 1443 3615 τὴν
1491 3545 1872 3616 περιέχουσαν,
1903 3546 2030 3597 ὅταν

463 3638 716 3700 σύνθετος
768 3633 824 3712 ᾖ,
876 3636 973 3692 καὶ
1025 3638 1086 3690 τὸ
1137 3637 1616 3707 κατηγορούμενον
1669 3632 1828 3698 εἶδος,
1886 3635 1972 3701 ὐφ’
2003 3632 2031 3685 ὃ

461 3727 760 3797 ἀνάγεσθαι
792 3727 1055 3795 πέφυκεν,
1101 3726 1175 3788 ὡς
1220 3725 1313 3778 τοῦ
1351 3725 1577 3796 μερικοῦ
1601 3768 1615 3791 ,
1642 3725 1810 3794 ἠγουν
1839 3722 2028 3787 ἰδικοῦ,

462 3821 588 3874 ὅλον
616 3821 829 3890 ἔχοντος
862 3822 919 3872 έν
956 3817 1134 3888 ἑαυτῷ
1179 3818 1238 3870 τὸ
1269 3817 1497 3871 καθόλου
1522 3855 1537 3880 ,
1586 3818 1707 3886 ἦτοι
1740 3816 1801 3868 τὸ
1830 3814 2029 3876 κοινὸν,

466 3913 564 3964 καὶ
611 3912 828 3979 γενικδν
866 3910 1278 3980 πληρέστατον,
1321 3907 1415 3961 τοῦ
1444 3908 1501 3961 δὲ
1536 3907 1666 3961 ἰδίου
1712 3907 1771 3961 τὸ
1813 3906 2033 3959 σύνολον

465 4003 631 4067 λόγου
682 4002 760 4072 τῷ
808 4000 1012 4069 γενικῷ
1070 3999 1445 4068 μεταδιδόντος
1488 4000 1661 4055 οὐδέν.
1717 3999 1898 4067 Ὅπερ
1943 3997 2036 4050 ἐπὶ

466 4089 707 4158 Χριστοῦ
746 4088 919 4150 οὐδεὶς
947 4088 1199 4157 οὐδαμῶς
1232 4088 1341 4139 τῶν
1371 4087 1637 4140 ἀνέκαθεν
1669 4088 1860 4156 μέχρις
1876 4086 2036 4157 ἡμῶν

468 4180 775 4248 γενομένων
803 4177 896 4232 τοῦ
929 4178 1091 4248 λόγου
1134 4180 1233 4245 τῆς
1266 4177 1551 4241 εὐσεϐείας
1581 4177 1881 4247 ὑφηγητῶν
1911 4193 2037 4247 φρο-

466 4271 577 4323 νῶν
605 4270 986 4340 ἀνηγόρευται.
1042 4269 1129 4337 ἐφ’
1156 4262 1216 4323 οὗ
1255 4267 1379 4322 οὔτε
1435 4268 1592 4335 γένος
1635 4267 1757 4320 οὐτε
1788 4264 1927 4331 εῐδος
1960 4268 2035 4331 ὡς

465 4361 708 4432 Χριστοῦ
742 4361 1220 4430 κατηγορούμενον
1264 4362 1448 4430 εὑρεῖν
1500 4378 1583 4423 τις
1611 4362 1922 4427 δυνήσεται.
1958 4363 2032 4414 Οὐ

468 4454 580 4520 γὰρ
603 4451 815 4520 φύσεως
841 4451 981 4519 λόγῳ
1016 4451 1152 4520 πρὸς
1183 4451 1330 4519 ἡμᾶς
1353 4449 1440 4502 διὰ
1461 4451 1662 4519 σαρκὸς
1690 4451 1718 4503 ό
1741 4450 2031 4519 θεαρχικὸς

2124 1998 2277 2049 sitam
2292 1996 2566 2051 Christum
2598 1996 2777 2051 dicere
2808 1995 3033 2050 omnino
3055 2008 3388 2057 recusamus,
3408 2007 3510 2047 non
3530 1991 3705 2047 solum

2124 2095 2343 2153 propter
2355 2101 2572 2153 causas,
2589 2102 2724 2157 quas
2741 2087 3001 2149 diximus,
3020 2101 3203 2140 verum
3228 2085 3389 2137 etiam
3407 2082 3531 2153 quia
3549 2095 3709 2135 nemo

2123 2176 2339 2231 Patrum
2364 2179 2713 2247 probatorum
2735 2178 2962 2232 adhunc
2993 2191 3163 2245 usque
3192 2176 3332 2229 diem
3359 2188 3547 2228 vocem
3570 2174 3707 2224 hanc

2123 2272 2411 2338 protulisse
2441 2273 2885 2340 deprehenditur,
2906 2282 2960 2325 et
2988 2270 3243 2341 quoniam
3276 2267 3344 2320 ab
3371 2263 3707 2334 Apollinario

2122 2368 2177 2416 et
2227 2361 2509 2428 discipulis
2550 2360 2670 2430 ejus
2721 2361 3001 2429 perspicue
3052 2358 3263 2412 videtur
3291 2368 3411 2410 esse
3441 2352 3705 2423 profecta.

2444 2452 2693 2521 Ejusdem
2723 2454 2787 2507 de
2816 2468 3035 2520 persona
3066 2449 3381 2518 composita.

2196 2546 2467 2610 Verum,si
2486 2548 2742 2615 quoniam
2768 2544 2943 2599 omnis
2993 2555 3226 2612 persona
3259 2536 3555 2606 composita
3584 2549 3706 2601 pro:

2122 2641 2270 2708 prias
2300 2649 2504 2707 partes,
2533 2646 2587 2694 et
2619 2651 2801 2693 secum
2834 2645 2887 2690 et
2919 2636 3063 2689 inter
3092 2633 3242 2703 ipsas
3289 2630 3535 2699 ejusdem
3569 2638 3707 2684 tem-1

2124 2732 2269 2800 poris
2306 2733 2506 2786 habere
2561 2728 3005 2801 deprehenditur,
3046 2740 3144 2780 nos
3200 2731 3378 2778 autem
3431 2718 3709 2781 Christum

2123 2838 2409 2896 personam
2430 2837 2557 2879 esse
2584 2821 2942 2892 compositam
2980 2819 3167 2874 dicere
3217 2830 3324 2870 non
3367 2823 3709 2865 recusamus.

2124 2926 2402 2986 propterea
2438 2930 2536 2972 nos
2580 2912 2878 2969 adversarii
2927 2908 3161 2979 propriis
3190 2914 3377 2973 captos
3412 2900 3714 2956 rationibus

2126 3009 2600 3078 reprehensionem
2634 3007 2805 3060 vitare
2834 3017 2993 3074 posse
3018 2997 3359 3068 negaverint,
3409 2989 3710 3060 responde-

2126 3100 2322 3162 bimus,
2344 3113 2471 3153 vere
2497 3099 2575 3153 sic
2608 3112 2718 3152 rem
2757 3090 3146 3157 habituram,si
3170 3085 3551 3157 compositam,
3594 3090 3715 3134 tan-

2130 3206 2290 3259 quam
2319 3187 2576 3258 speciem,
2592 3203 2709 3259 quae
2725 3187 2794 3242 de
2815 3186 2931 3253 ipsa
2958 3184 3249 3243 diceretur,
3276 3178 3560 3231 habentem
3585 3187 3718 3227 cun-

2128 3284 2463 3337 cederemus.
2498 3280 2652 3335 Nunc
2677 3288 2854 3333 autem
2900 3275 3039 3331 haud
3076 3275 3149 3329 ita
3201 3271 3492 3340 loquimur,
3538 3268 3716 3332 itaque

2133 3373 2183 3426 in
2217 3373 2415 3428 nullam
2447 3372 2739 3427 incidimus
2792 3366 3288 3439 reprehensionem.
3323 3361 3537 3416 Scimus
3569 3357 3715 3409 enim

2131 3467 2286 3533 plane
2308 3480 2520 3520 onmem
2539 3478 2823 3533 personam
2853 3460 3204 3529 compositam
3251 3454 3352 3509 sub
3382 3449 3562 3520 specie
3587 3461 3721 3503 con-

2134 3560 2381 3617 stitutam
2437 3572 2545 3611 non
2598 3557 2684 3610 sui
2721 3555 2893 3625 ipsam
2941 3551 3154 3606 ratione
3185 3546 3544 3615 compositam
3571 3552 3719 3598 esse,

2134 3650 2228 3706 sed
2283 3657 2501 3720 propter
2559 3657 2841 3709 naturam,
2892 3656 3048 3711 quae,
3081 3655 3204 3695 cum
3264 3638 3335 3693 sit
3392 3630 3715 3720 compositao

2132 3718 2575 3809 etiam-speciem
2626 3750 2749 3805 quae
2797 3733 3124 3803 praedicatur
3162 3728 3479 3812 contineat,
3517 3731 3571 3777 et
3611 3718 3715 3775 sub

2135 3845 2298 3900 quam
2349 3830 2423 3882 illi
2460 3834 2833 3896 comparatum
2874 3828 2957 3876 est
2993 3829 3053 3874 ut
3102 3818 3430 3877 reducatur;
3456 3820 3717 3877 tanquam

2136 3920 2398 3973 nimirum
2435 3916 2795 3987 particulare,
2830 3927 2926 3967 seu
2960 3909 3262 3982 singulare,
3294 3902 3557 3975 quidquid
3592 3902 3723 3954 uni-

2137 4009 2346 4065 versale
2376 4016 2458 4063 est
2499 4022 2595 4063 seu
2623 4019 2912 4060 commune
2946 4017 3012 4057 ac
3073 4000 3388 4071 generis-um
3430 3996 3483 4048 in
3515 4009 3575 4049 se
3606 3994 3719 4063 ple-

2139 4103 2426 4159 nissimum
2471 4099 2691 4162 habeat,
2724 4110 2825 4151 nec
2873 4095 3167 4165 quidquam
3221 4104 3451 4161 prorsus
3482 4101 3596 4140 suae
3631 4100 3722 4136 ra,

2140 4195 2310 4251 tionis
2369 4190 2664 4248 universali
2722 4203 2789 4243 ac
2820 4187 3076 4258 generico
3128 4184 3331 4238 tribuat
3379 4177 3571 4249 :quod
3603 4178 3725 4243 qni-

2139 4289 2258 4343 dem
2302 4286 2370 4341 de
2413 4281 2626 4337 Christo
2678 4293 2835 4334 nemo
2863 4291 3085 4348 prorsus
3118 4289 3304 4331 eorum
3335 4271 3422 4341 qui
3476 4270 3543 4322 ad
3588 4271 3731 4323 hanc

2140 4386 2535 4448 usqueaetatem
2562 4374 2781 4445 pietatis
2808 4370 3113 4427 doctrinam
3146 4366 3482 4423 tradiderunt
3531 4360 3728 4419 mentis

2142 4486 2359 4539 compos
2398 4467 2612 4523 dixerit.
2641 4465 2715 4521 De
2743 4478 2850 4536 quo
2889 4470 2948 4517 ut
2990 4463 3055 4517 de
3079 4459 3295 4517 Christo
3346 4470 3506 4511 nemo
3561 4466 3731 4518 neque

469 4545 642 4611 Λόγος
673 4542 1029 4611 ὲνεδήμησεν,
1058 4541 1193 4594 ἀλλὰ
1243 4542 1429 4611 τρόπῳ
1461 4542 1777 4609 οἰκονομίας
1821 4540 2029 4594 ἀνελλι-

2145 4580 2311 4635 genus
2338 4577 2514 4631 neque
2542 4558 2778 4630 speciem
2813 4556 2917 4612 dici
2946 4553 3284 4623 comperiet;
3325 4563 3433 4603 non
3463 4548 3607 4601 enim
3634 4558 3731 4601 na:

469 4635 591 4697 πῶς
623 4632 800 4702 ἑαυτῷ
859 4632 980 4685 καθ’
1008 4633 1306 4685 ὑπόστασιν
1337 4632 1569 4697 ἑνώσας,
1617 4633 1717 4703 τὴν
1757 4633 2041 4702 ἡμετέραν

467 4725 782 4778 ἀνεκαίνισε
832 4722 1019 4791 φύσιν.
1068 4724 1230 4776 Ὥστε
1275 4726 1429 4777 οὐδὲν
1478 4724 1662 4778 αὐτῶν
1705 4726 1805 4794 τῆς
1835 4727 2041 4797 πολλῆς

469 4815 753 4886 περινοίας
784 4813 1090 4879 ἀπώναντο,
1129 4815 1293 4868 πάλιν
1320 4815 1402 4879 εἰς
1430 4817 1490 4868 τὸ
1539 4816 1726 4881 ποσὸν,
1764 4816 1903 4886 ὅπερ
1946 4835 2043 4870 πε-

472 4908 731 4977 φεύγασι,
767 4908 1204 4977 περιτραπέντος
1250 4908 1434 4968 αὐτοῖς
1473 4909 1567 4962 τοῦ
1624 4910 1812 4977 σοφοῦ,
1842 4911 1919 4973 ὡς
1970 4911 2047 4982 μὴ

470 4994 789 5066 δυναμένοις
815 4997 927 5050 οὐδ’
951 4996 1122 5067 αὐτὴν
1144 4997 1247 5067 τὴν
1275 4996 1335 5050 ἂν
1354 4997 1432 5068 τῷ
1463 4998 1604 5069 ποιῷ
1632 5000 1898 5070 διαφορὰν
1917 5002 2046 5057 ἄνευ

474 5089 643 5143 ποσοῦ
674 5084 814 5141 εῖναι
845 5087 1045 5156 λέγειν.
1079 5087 1321 5158 Ἀνάγκη
1341 5088 1450 5158 γὰρ
1479 5091 1630 5143 πᾶσα
1653 5091 1858 5154 πολλὰς
1886 5087 2047 5158 εἶναι,

473 5180 507 5249 ἢ
541 5179 602 5231 τὸ
629 5178 850 5248 μέτριον
877 5177 991 5244 δύο,
1018 5172 1096 5232 ὧν
1125 5178 1226 5246 τὴν
1269 5179 1534 5248 διαφορὰν
1557 5175 1697 5233 εἶναι
1726 5180 2049 5250 ὑπολαμϐά-

473 5288 651 5324 νουσι.
702 5271 891 5340 Μόνην
918 5270 1031 5340 γὰρ
1076 5270 1344 5340 ποιότητα
1383 5271 1521 5342 πρὸς
1568 5272 1737 5343 ἄλλην
1768 5272 2052 5336 παντελῶς

473 5364 691 5433 ἁμιγῶς
719 5361 953 5431 ἔχουσαν
1001 5365 1139 5432 πρὸς
1187 5362 1389 5430 ἑαυτὴν
1424 5362 1704 5431 διαφέρειν
1729 5365 1829 5417 οὐκ
1872 5364 1938 5418 ἄν
1968 5381 2052 5427 τις

474 5452 601 5507 νοῦν
619 5452 759 5521 ἔχων
785 5453 933 5506 εἴποι
970 5453 1122 5506 ποτέ.
1156 5452 1362 5506 Λοιπὸν
1387 5448 1481 5506 οῦν
1506 5452 1538 5524 ἢ
1568 5454 1663 5507 καὶ
1709 5455 1883 5524 αὐτῆς
1914 5455 2053 5509 παύ-

477 5559 663 5597 σονται
701 5542 801 5614 τῆς
845 5542 1007 5612 ψιλῆς
1039 5542 1306 5613 διαφορᾶς
1335 5581 1352 5607 ,
1383 5545 1554 5597 ποσοῦ
1613 5545 1834 5606 πάντως
1887 5545 2052 5597 τινῶν

475 5635 843 5704 διαφερόντων
894 5635 1200 5706 δηλωτικὴν
1252 5635 1422 5706 αὐτὴν
1473 5632 1637 5689 οὖσαν
1670 5636 1957 5707 μαθόντες,
2015 5635 2047 5706 ἢ

479 5724 581 5778 σὺν
613 5726 745 5795 ἡμῖν
767 5726 865 5795 τῆς
891 5727 1149 5798 ἀληθείας
1172 5731 1271 5800 τὴν
1304 5729 1595 5797 ὁμολογίαν
1633 5730 2051 5796 καταδεξάσθωο

481 5834 585 5873 σαν
624 5817 701 5889 τῷ
734 5819 878 5892 λόγῳ
917 5820 1020 5890 τῆς
1047 5823 1310 5894 διαφορᾶς
1353 5822 1445 5875 καὶ
1479 5824 1639 5894 μόνον
1667 5823 1800 5893 πρὸς
1847 5822 2049 5891 γνῶσιν

2147 4672 2275 4716 tunc
2299 4655 2529 4721 ratione,
2558 4653 2625 4707 ad
2642 4667 2739 4707 nos
2768 4650 2859 4706 Dei
2880 4648 3119 4704 Verbum
3147 4661 3242 4715 per
3271 4655 3488 4697 carnem
3511 4639 3734 4693 descent,

2142 4747 2242 4810 dit,
2275 4746 2369 4800 sed
2403 4746 2612 4800 ratione
2657 4741 3074 4813 dispensationis
3113 4736 3216 4792 sibi
3259 4735 3379 4787 sine
3407 4728 3737 4784 detrimenta

2146 4847 2395 4892 naturam
2418 4846 2653 4892 nostram
2681 4834 3033 4902 coniungens,
3059 4842 3179 4883 eam
3209 4823 3509 4880 renovavit.
3526 4820 3695 4886 Quam
3710 4845 3735 4867 -.

2145 4933 2331 4985 obrern
2367 4944 2556 4998 magna
2602 4925 2874 4980 dementia
2905 4936 2999 4976 sua
3048 4918 3181 4974 nihil
3208 4915 3580 4986 profecerunt,
3606 4926 3736 4965 cum

2149 5023 2387 5091 ipsorum
2403 5018 2662 5088 sapientia
2692 5017 2757 5071 ad
2785 5015 3167 5085 quantitatem,
3186 5027 3348 5081 quam
3375 5013 3737 5078 negaverunt,

2148 5113 2391 5174 redierit,
2429 5109 2625 5178 quippe
2652 5107 2742 5175 qui
2799 5120 2865 5160 ne
2913 5105 3081 5175 ipsam
3114 5104 3328 5172 quidem
3387 5101 3442 5154 in
3470 5098 3737 5168 qualitate

2150 5202 2528 5268 diiierentiam,
2547 5202 2663 5256 sine
2688 5199 2991 5269 quantitate
3019 5201 3209 5252 dicere
3233 5195 3464 5248 valeant.
3497 5190 3733 5247 Necesse

2150 5297 2292 5351 enim
2326 5304 2428 5361 est,
2459 5304 2512 5347 ut
2545 5293 2724 5347 multa:
2756 5292 2886 5355 sint,
2926 5299 3020 5344 aut
3048 5289 3169 5344 dum
3203 5288 3393 5341 saltem
3419 5281 3731 5351 qualitates.

2153 5398 2211 5442 ut
2253 5387 2449 5444 dictum
2487 5393 2590 5448 est,
2660 5399 2885 5454 quarum
2944 5379 3301 5436 dill'erentiam
3355 5372 3732 5437 constituant;

2151 5492 2313 5535 unam
2336 5477 2480 5532 enim
2506 5475 2841 5545 qualitatem,
2863 5489 2981 5542 quae
2999 5487 3119 5527 cum
3143 5470 3247 5524 alia
3302 5479 3523 5535 prorsus
3578 5464 3735 5517 mista

2153 5586 2257 5627 non
2286 5571 2578 5635 sit,secum
2598 5570 2764 5637 ipsam
2796 5566 3034 5628 dili‘erre,
3068 5576 3227 5617 nemo
3283 5572 3449 5614 sanus
3501 5568 3740 5625 unquam

2154 5664 2367 5719 dixerit.
2400 5661 2679 5729 Reliquum
2712 5660 2873 5727 igitur
2888 5667 2993 5720 est,
3017 5655 3167 5709 utve!
3196 5653 3261 5705 ab
3282 5652 3393 5721 ipsa
3423 5648 3564 5703 nuda
3588 5660 3742 5700 rece-

2153 5757 2284 5809 dunt
2329 5752 2656 5814 differentia,
2692 5764 2814 5804 cum
2860 5747 3180 5815 iuwliigaut,
3220 5745 3390 5815 ipsam
3420 5739 3639 5794 omnino
3665 5737 3737 5791 si-

2154 5845 2403 5909 gniﬁcare
2462 5843 2761 5910 aliquorum
2805 5838 3184 5907 diﬂ‘erentiam,
3221 5836 3594 5909 quantitatem,
3657 5821 3736 5885 rei
