4094 6300
444 372 604 464 ίιοιδ

1715 350 2107 431 EUannn
2144 361 2503 425 moneam

3548 354 3679 421 ⁴ιῡιί

455 492 705 546 veritatis
774 488 1172 544 confessionem
1204 486 1483 541 nobiscum
1522 481 1804 551 recipiant,
1829 480 1918 548 qui
1948 476 2050 532 dif-

2155 474 2249 528 τοῦ
2280 475 2564 543 ἀσύγχυτα
2611 469 2985 543 μεμενηκέναι
3008 471 3075 523 τὰ
3104 468 3420 525 συνελθόντα
3436 469 3523 521 τὸν
3550 471 3682 539 ἀριθ-

456 583 700 638 ferentim
743 582 952 634 ratione
979 590 1231 648 tanquam
1248 579 1403 632 modo
1424 591 1706 630 nttnterunt
1735 589 1798 628 ex
1821 575 2038 626 Patrum

459 679 725 728 srnlcntia
761 674 845 742 pie
876 670 1079 726 idcirco
1127 669 1486 739 suscepimus,
1526 678 1581 721 ut
1611 683 1733 737 que
1755 667 2041 734 conjuncta

460 776 609 827 sunt,
637 765 752 820 sine
776 762 1089 817 confusione
1124 764 1388 817 mansisse
1414 773 1886 832 cognosceremus.
1913 757 2042 811 Illud

461 866 642 911 autem
674 854 934 909 benevole
972 852 1128 907 nobis
1180 860 1471 922 exponant,
1505 850 1769 922 siquidem
1810 864 1911 903 una
1961 858 2044 904 est

464 946 606 1014 apud
634 945 780 1013 ipsos
812 943 1089 1013 sapientia:
1120 958 1228 997 non
1258 944 1447 1012 ignava
1480 942 1638 1006 ratio,
1666 956 1786 996 cum
1818 939 1883 993 ad
1908 954 2040 994 con-

460 1035 795 1106 jttnetiOnem
819 1034 925 1087 duo
954 1033 1295 1087 concurrisse
1339 1032 1541 1095 dicant,
1578 1044 1749 1107 eaque
1771 1039 1891 1100 post
1913 1042 2043 1083 con-

459 1126 795 1194 junctionem
824 1124 942 1179 sine
968 1124 1285 1181 confusione
1304 1124 1664 1192 permansisse
1692 1138 1795 1176 non
1832 1130 2043 1190 negent,

462 1223 485 1268 t
504 1229 717 1282 inquam
745 1223 935 1271 neutro
963 1215 1201 1283 ipsorum
1224 1227 1255 1268 a
1282 1222 1485 1268 natura;
1508 1213 1736 1268 termino
1762 1223 1816 1268 et
1840 1214 2047 1269 ratione

462 1304 774 1368 recedente,
807 1302 935 1358 licet
969 1304 1033 1357 ad
1068 1317 1228 1357 unam
1288 1314 1573 1373 utrumque
1606 1302 1729 1356 Filii
1760 1317 2043 1373 personam

469 1407 497 1444 a
529 1406 630 1458 que
650 1406 811 1446 unam
830 1394 1155 1462 itypostasitn
1180 1394 1531 1456 concurrerit,
1551 1409 1648 1448 cur
1662 1395 1767 1449 duo
1785 1409 1879 1465 per
1907 1394 2049 1465 ipsos

464 1496 492 1540 ε
513 1491 699 1547 -rvata,
724 1494 784 1538 ut
811 1484 1016 1548 dicunt,
1036 1484 1080 1539 si
1108 1495 1283 1540 tamen
1306 1500 1431 1542 vere
1454 1485 1765 1556 loquuntur,
1787 1502 1892 1542 non
1914 1500 2047 1543 cono

467 1574 723 1628 nteantur
746 1590 760 1640 ;
786 1582 840 1629 et
862 1589 978 1644 qum
1008 1575 1078 1631 sit
1100 1578 1238 1631 ratio
1276 1585 1328 1631 et
1356 1590 1542 1643 causa,
1564 1576 1913 1645 quamobrem
1944 1592 2045 1631 nu-

466 1678 671 1717 merum
707 1664 968 1727 minuant,
997 1675 1049 1720 et
1078 1665 1345 1734 quomodo
1393 1669 1509 1721 dum
1540 1676 1746 1722 naturae
1767 1665 1921 1722 factae
1939 1665 2048 1721 sint

467 1768 595 1809 una.
618 1759 722 1810 Aut
753 1756 797 1811 si
822 1755 1130 1825 coniunctio
1152 1756 1269 1811 sine
1293 1757 1396 1811 ulla
1432 1758 1630 1812 mansit
1652 1755 2048 1821 imminu:ione,

467 1857 589 1911 qua!
614 1846 750 1901 ratio
792 1847 885 1908 sit,
942 1861 1039 1901 cur
1067 1860 1127 1901 ea
1163 1861 1268 1901 non
1301 1845 1483 1902 dicant
1531 1845 1651 1903 sine
1677 1846 2053 1903 imminutione

468 1944 702 1988 servata.
752 1935 969 2001 Quodsi
1027 1936 1374 2006 perfecerint,
1406 1937 1563 1992 unius
1610 1938 1872 2005 Iacturam
1896 1951 2050 2003 aequo

468 2024 649 2074 animo
706 2024 995 2091 patiemur,
1054 2024 1551 2095 admirabimurque
1604 2026 1756 2082 bona!
1805 2026 2046 2098 ipsorum

468 2113 764 2182 disciplinas
792 2117 1178 2180 constantiam,
1206 2117 1297 2185 qui
1339 2116 1490 2170 nobis
1517 2130 1699 2172 rerum
1724 2130 2044 2179 arcanarum

467 2205 827 2271 cognitionem
861 2206 962 2261 soli
1010 2206 1287 2277 percipere
1335 2208 1643 2264 rideantur.
1674 2207 1742 2264 At
1769 2225 2042 2279 nunquam

468 2304 722 2365 poterunt
780 2299 1066 2365 rationem,
1103 2313 1206 2369 qua
1265 2299 1317 2355 id
1361 2300 1721 2369 persuadeant
1784 2302 2043 2356 invenire.

716 2388 966 2457 Ejusdem
1018 2391 1213 2444 solutio
1241 2391 1553 2461 quaestionis
1593 2390 1790 2447 Severi.

541 2480 622 2533 Ad
645 2479 772 2535 illud
805 2489 1081 2551 postremo
1104 2480 1292 2537 Severi
1323 2491 1480 2553 putre
1514 2492 1673 2553 atque
1709 2485 1871 2540 inane
1902 2500 2039 2540 con-

469 2571 1018 2642 fugiuntinventum,
1053 2575 1193 2653 quod
1222 2576 1291 2629 ab
1342 2590 1408 2631 eo
1436 2577 1639 2644 passim
1663 2577 1922 2647 iactatur,
1959 2578 2046 2633 "et

469 2664 811 2718 decantatur.
872 2663 1066 2719 Dicunt
1120 2666 1262 2720 enim
1325 2666 1609 2722 ridiculum
1640 2684 1804 2739 .esse,
1866 2671 2048 2726 dicere

470 2751 605 2809 duas
636 2765 857 2809 naturas
883 2753 1093 2810 duabus
1130 2771 1159 2811 e
1188 2758 1400 2811 naturis
1456 2759 1738 2826 constitui,
1785 2771 2043 2832 tanquam

470 2855 847 2913 argumentum
878 2849 1177 2919 captiosum
1235 2865 1265 2906 a
1299 2851 1456 2908 nobis
1506 2854 1842 2925 propositum
1900 2864 2048 2911 recte

470 2935 777 2991 confutent.
814 2936 983 3005 Quem
1034 2941 1180 2995 enim
1233 2956 1301 2997 ex
1360 2943 1426 2997 iis
1462 2944 1553 3014 qui
1620 2945 1802 3000 divina
1847 2946 2048 3002 callent

473 3026 736 3082 Ecclesia:
765 3028 1033 3094 instituta,
1061 3030 1346 3087 audierunt
1370 3032 1637 3089 dicentem
1686 3037 1916 3090 duarum
1944 3052 2045 3090 na~

2154 565 2253 635 μδν
2281 563 2521 627 εὐσεϐῶς
2574 564 2716 617 κατὰ
2742 564 2869 625 τοὺς
2897 561 3147 631 Πατέρας
3170 559 3685 630 παμλαμὸἁνουσιν.

2162 655 2318 710 Ἐπεί
2343 656 2423 709 τοί
2452 673 2513 723 γε
2547 656 2860 709 εἰπάτωσαν
2888 651 3244 721 ἀγαπητικιῖκ
3279 649 3497 724 ἐρέσθαι
3525 649 3688 718 βουλο-

2156 749 2361 818 μένοις,
2389 748 2547 820 είπερ
2572 748 2781 801 ἔνεστιν
2811 746 2992 811 αὐτοῖς
3028 746 3183 811 λόγος
3213 742 3401 813 σοφίας
3427 741 3522 797 οὑκ
3549 743 3692 808 ἀγενο

2152 839 2273 910 νὴς,
2304 839 2419 903 πῶς
2442 838 2537 895 δύο
2590 838 2689 909 μὲν
2724 838 2793 891 τὰ
2846 834 3324 906 συνδεδραμηκότα
3356 834 3492 904 πρὸς
3519 835 3693 887 ἕνωσιν

2151 930 2425 999 λέγοντες,
2454 929 2627 985 ταῦτα
2646 930 2702 984 δὲ
2724 928 2863 982 αὑτᾶ
2884 926 3249 999 μεμενηκέναι
3273 926 3550 996 ἀσύγχυτα
3574 926 3695 995 μετὰ

2153 1023 2253 1094 τὴν
2302 1023 2497 1076 ἕνωσιν
2543 1022 2644 1074 οὐκ
2689 1021 3043 1091 ἀρνούμενοι,
3085 1018 3165 1081 ώς
3220 1018 3341 1085 μηδ’
3394 1018 3578 1087 ἑτέρου
3611 1016 3695 1068 τοῦ

2154 1116 2296 1169 κατὰ
2332 1117 2494 1183 φύσιν
2538 1115 2666 1187 ὅρου
2716 1130 2776 1166 τε
2806 1113 2901 1167 καὶ
2939 1112 3098 1180 λόγου
3149 1110 3478 1174 ἐκστάντος,
3533 1109 3627 1161 κᾶν
3657 1110 3697 1160 εί

2152 1207 2290 1278 πρὸς
2345 1206 2403 1259 ἓν
2432 1207 2601 1275 ἀμφω
2633 1203 2944 1258 συντελοῦσι
2997 1202 3287 1273 πρόσωπον
3314 1201 3408 1253 τοῦ
3441 1198 3587 1261 Υίοῦ,
3614 1200 3697 1254 tui.

2159 1298 2291 1369 μίαν
2328 1296 2647 1363 ὑπόστασιν,
2674 1294 2766 1349 δύο
2803 1295 2899 1348 καὶ
2925 1295 2992 1348 τά
3022 1292 3143 1351 κατ’
3166 1293 3362 1353 αὑτοὺς
3412 1290 3692 1359 σωζόμενα,

2155 1390 2232 1454 ὣς
2263 1403 2447 1460 φασιν,
2478 1389 2634 1462 εἴπερ
2679 1386 3059 1459 ἀληθεύουσιν,
3085 1384 3182 1456 οὑχ
3217 1380 3573 1454 ὁμολογοῦσις
3603 1380 3699 1432 Καὶ

2154 1483 2239 1545 τίς
2266 1482 2448 1543 αὑτοῖς
2478 1480 2583 1549 τῆς
2631 1479 2916 1550 μειώσεως
2957 1479 3134 1547 λόγος,
3188 1477 3282 1530 καλ⁵
3309 1475 3376 1529 δι’
3403 1476 3583 1544 ἥντινα
3612 1472 3700 1539 τὴν

2157 1574 2375 1638 αίτίανς
2438 1572 2547 1625 Καὶ
2583 1572 2696 1636 πῶς
2730 1572 2895 1643 ἄμφω
2946 1572 3000 1627 ai
3030 1570 3220 1639 φύσεις
3251 1566 3351 1637 μία
3394 1565 3698 1635 γεγό·.ασιν;

2160 1664 2232 1718 Ἢ
2263 1664 2419 1732 εἴπερ
2452 1662 2729 1733 μειώσεως
2761 1661 2977 1731 καθαρὰ
3026 1661 3301 1729 διέμεινεν
3327 1659 3361 1727 ἠ
3390 1657 3599 1720 ἓνωσις,
3628 1653 3698 1717 τίς

2153 1755 2181 1806 ὁ
2218 1753 2313 1807 τοῦ
2346 1752 2421 1824 μὴ
2454 1752 2709 1820 λέγεσθαι
2762 1752 2831 1804 τὰ
2861 1749 3148 1821 ἀμειώτως
3185 1748 3475 1819 σωζόμενα
3523 1746 3699 1815 λόγως

2154 1846 2265 1902 Καὶ
2297 1845 2594 1916 στέρξομεν
2613 1845 2882 1908 εὐπειθῶς
2918 1844 3015 1915 τὴν
3038 1842 3293 1913 στέρησιν
3326 1841 3425 1910 τῆς
3457 1840 3600 1909 μιᾶς,
3621 1840 3704 1888 καὶ

2155 1935 2510 2006 θαυμάσομεν
2549 1935 2730 1991 αὐτῶν
2760 1936 2857 2007 τῆς
2903 1934 3215 1997 εὑπαιδείας
3262 1933 3326 1987 τὸ
3374 1930 3607 1995 εὔτονον,
3637 1929 3701 1991 ὡς

2155 2028 2319 2099 μόνον
2348 2029 2444 2097 τῆς
2474 2029 2582 2081 τῶν
2610 2028 2867 2100 ἁῤῥήτων
2900 2025 3154 2095 γνώσεως
3187 2024 3564 2094 ὲκφανθέντων
3586 2024 3701 2090 ἡμῖν

2154 2119 2495 2190 χωρητικῶν.
2557 2118 2698 2173 Ἀλλ’
2747 2120 2808 2172 οὑ
2848 2118 3167 2189 δυνήσονται
3199 2116 3424 2170 πώποτε
3454 2115 3541 2169 τὸν
3566 2112 3708 2167 τοῦτο

2153 2211 2412 2266 πείθοντα
2447 2210 2802 2283 παραστῆσαι
2830 2210 3011 2279 λόγον.

2295 2394 2409 2450 Τοῦ
2438 2392 2622 2448 αὑτοῦ
2642 2393 2825 2457 λύσις
2853 2389 2962 2459 τῆς
2986 2388 3238 2463 ἀπορίας
3275 2387 3569 2457 Σευήρου.

2235 2484 2357 2539 Ἐπ’
2389 2486 2565 2538 ἐκεῖνο
2622 2481 3030 2551 καταφεύγουσι
3081 2481 3399 2537 τελευταῖον
3438 2480 3499 2533 τὸ
3531 2480 3708 2549 σαθρδιν

2152 2578 2248 2634 καὶ
2299 2577 2549 2633 διάκενον
2601 2577 2697 2630 τοῦ
2753 2577 2995 2647 Σευήρου
3037 2575 3271 2649 εὕρεμα,
3330 2574 3394 2629 τὸ
3431 2575 3569 2627 πάνυ
3596 2572 3712 2641 παρ’

2153 2668 2316 2723 αὑτοῦ
2349 2668 2494 2722 ὥσπε
2505 2686 2538 2741 ρ
2564 2688 2615 2722 τι
2649 2669 2813 2739 σοφδν
2840 2667 3118 2738 πανταχοῦ
3148 2666 3460 2738 φερόμενον
3489 2665 3579 2717 καὶ
3602 2665 3708 2735 ᾀδό-

2158 2777 2340 2831 μενον,
2375 2760 2677 2830 φάσκοντες
2707 2759 2914 2827 γελοῖον
2962 2755 3101 2811 εἶναι
3154 2758 3216 2812 ἐκ
3247 2757 3347 2811 δύο
3398 2757 3607 2823 φύσεων
3633 2756 3715 2808 δύο

2156 2852 2348 2922 φύσεις
2383 2852 2545 2906 πάλιν
2578 2851 2961 2925 ἀναδειχθῆναι
2993 2850 3193 2918 λέγειν,
3251 2848 3449 2920 ὥσπερ
3483 2849 3714 2921 λήμματι

2153 2946 2226 3001 τά
2255 2946 2440 3005 εἰκότα
2484 2944 2906 3013 ἑπισυνάγοντες
2939 2944 3070 3013 παρ’
3101 2943 3256 3016 ἡμῶν
3312 2944 3544 2998 δοθέντι.
3575 2944 3713 3001 Τίνος

2154 3038 2264 3110 γὰρ
2287 3039 2526 3112 ἤκουσαν
2549 3037 2657 3091 τῶν
2685 3036 2753 3089 τὰ
2791 3037 2907 3089 θεῖα
2936 3036 3034 3106 τῆς
3064 3035 3400 3105 Ἐκκλησίας
3435 3035 3710 3091 πεπαιδευ-

471 3127 718 3173 turarurn
739 3119 1170 3189 conjunctionem
1201 3123 1334 3179 duas
1399 3133 1621 3182 naturas
1678 3127 2050 3184 constituere?

2155 3130 2337 3201 μένων
2380 3128 2625 3200 δόγματα
2652 3168 2667 3195 ,
2710 3128 2787 3192 ὡς
2828 3130 2860 3198 ὴ
2896 3126 3089 3192 ἔνωᾶις
3126 3129 3191 3181 ἐκ
3242 3127 3342 3180 δύο
3376 3128 3588 3202 φύσεων
3631 3126 3712 3179 δύο

470 3208 530 3266 ιιι
562 3210 837 3270 audivisse
863 3211 1010 3266 nullo
1036 3214 1195 3268 modo
1220 3224 1470 3273 neternnt
1502 3217 1703 3284 dicere,
1729 3219 1775 3275 si
1800 3221 2047 3277 veritatis

2155 3221 2443 3278 ἀπετέλεσε
2461 3222 2687 3292 φύσειςς
2733 3222 2872 3276 Ἀλλ’
2893 3221 3143 3292 οὖδαμῶς
3198 3222 3499 3291 ἀκηκοέναι
3556 3222 3712 3274 εἰπεῖν

470 3301 701 3355 studiosi
729 3309 876 3357 sunt.
931 3302 1147 3358 Duabus
1179 3305 1393 3373 quidem
1446 3319 1477 3360 e
1531 3308 1741 3362 naturis
1788 3310 2048 3377 conjunc-

474 3391 674 3445 tionem
710 3389 908 3446 factam
932 3392 1183 3460 dicimus,
1217 3394 1312 3449 sed
1340 3409 1501 3449 unam
1545 3410 1609 3452 ex
1665 3396 1797 3467 ipsis
1844 3398 2048 3454 Christi

475 3494 764 3549 personam
819 3492 1076 3538 constare
1128 3486 1508 3554 compositam,
1568 3501 1687 3557 quae
1746 3489 1865 3545 illas
1905 3492 2051 3558 ipSaS

474 3580 722 3637 naturas,
755 3585 821 3625 ex
854 3569 1052 3639 quibus
1071 3575 1371 3643 composita
1424 3584 1531 3642 est,
1590 3587 1648 3630 ut
1692 3586 1861 3634 totum
1920 3595 2049 3650 pro-

473 3661 624 3734 prias
649 3669 829 3731 partes
854 3666 973 3719 sine
1006 3664 1216 3719 defectu
1257 3680 1382 3720 cum
1423 3667 1846 3736 proprietatibus
1892 3678 2052 3726 natu-

474 3752 683 3808 ralibus
709 3763 763 3809 et
808 3755 929 3823 sine
953 3756 1252 3812 mutatione
1281 3765 1466 3813 tuetur
1524 3769 1687 3830 atque
1735 3766 2049 3828 conservat,

473 3853 529 3917 et
563 3845 616 3899 in
640 3846 773 3913 ipsis
810 3854 1163 3901 conservatur
1214 3856 1268 3904 et
1323 3850 1625 3905 custoditur
1672 3859 1730 3906 ut
1769 3862 1941 3908 totum
1995 3855 2050 3909 in

473 3936 743 4005 partibus.
768 3937 945 4002 Quare
963 3939 1175 3993 duabus
1202 3952 1234 3993 e
1274 3940 1507 4007 naturis,
1555 3957 1661 3998 non
1715 3944 1848 3999 duas
1902 3954 2055 3999 natu-

479 4040 590 4089 ras,
619 4028 712 4081 sed
734 4041 894 4081 unam
926 4027 1128 4084 Christi
1155 4044 1445 4099 personam
1476 4034 1832 4103 compositam
1903 4035 2009 4091 dici
2029 4068 2053 4078 ο

477 4134 621 4186 mus,
686 4135 805 4190 qua
858 4131 1078 4177 naturas
1128 4123 1229 4178 has
1278 4131 1336 4178 ut
1375 4126 1623 4195 proprias
1661 4137 1842 4196 partes
1895 4142 2048 4183 com-

477 4211 751 4282 plectitur,
791 4223 845 4269 et
871 4227 965 4267 eas
991 4223 1049 4267 ut
1075 4222 1257 4283 partes
1284 4218 1531 4285 proprias
1589 4219 1856 4282 continet,
1898 4228 1953 4274 et
2001 4221 2053 4274 in

444 4310 446 4312 '
476 4303 630 4369 ipsis,
664 4314 922 4372 tanquam
957 4304 1009 4357 in
1051 4306 1297 4372 partibus
1338 4314 1393 4359 et
1432 4317 1539 4374 est,
1572 4316 1627 4363 et
1680 4310 2053 4380 cognoscitur.

475 4391 662 4463 l'aqne
686 4408 808 4448 eum
840 4409 1004 4447 unum
1039 4404 1091 4448 et
1128 4396 1235 4450 duo
1296 4395 1435 4451 idem
1482 4397 1714 4453 dicimus
1740 4438 1755 4463 ,
1802 4413 1908 4455 non
1970 4412 2060 4454 ea-

2149 3316 2473 3387 δυνήσονται
2526 3314 2793 3385 ἀληθείας
2843 3314 3525 3383 φροντίζοντες.Λέγομεν
3575 3313 3624 3365 δὲ
3655 3313 3711 3364 ἐκ

2147 3408 2243 3464 δύο
2288 3408 2505 3480 φύσεων
2560 3408 2661 3479 μὲν
2715 3407 2815 3478 τὴν
2869 3408 3063 3464 ἕνωσιν
3102 3406 3462 3476 γεγενῆσθαι,
3516 3406 3633 3475 μίαν
3662 3404 3712 3457 δὲ

2149 3500 2251 3573 τὴν
2281 3501 2342 3566 ἑξ
2373 3499 2551 3561 αὐτῶν
2582 3498 2881 3557 ὑπόστασιν
2903 3498 3192 3554 ἀποτελεῖν
3219 3498 3314 3552 τοῦ
3336 3497 3572 3570 Χριστοῦ
3602 3498 3690 3549 σύν

2152 3593 2330 3660 θετον,
2384 3592 2599 3663 ὲκείνας
2644 3592 2814 3657 αὑτὰς
2843 3591 2943 3655 τὰς
2991 3590 3053 3661 ἐξ
3085 3584 3161 3646 ὧν
3219 3591 3485 3661 συνετέθη
3518 3589 3710 3660 φύσεις,

2151 3687 2231 3752 ώς
2290 3686 2413 3744 ὅλον
2462 3686 2571 3743 [δια
2607 3686 2750 3758 μέρη
2784 3683 3089 3746 ἀνελλιπῶς
3148 3683 3288 3753 μετὰ
3321 3684 3433 3737 τῶν
3485 3681 3713 3751 φυσικῶν

2154 3779 2485 3850 ίδιωμάτων,
2519 3779 2611 3834 καὶ
2655 3778 2940 3849 ἀτρέπτως
2974 3774 3351 3846 φυλάπουσάν
3381 3794 3439 3830 τε
3473 3776 3565 3830 καὶ
3613 3774 3715 3827 δια-

2156 3869 2456 3938 σώζουσαν,
2491 3871 2587 3931 καὶ
2614 3870 2671 3924 ὲν
2703 3870 2892 3931 αὑταῖς
2939 3867 3388 3938 φυλαττομένην,
3428 3868 3523 3921 καὶ
3551 3864 3707 3929 σωζο-

2158 3963 2327 4035 μένην
2356 3963 2429 4028 ώς
2466 3963 2589 4017 ὅλον
2639 3964 2698 4017 ιν
2735 3961 2980 4033 μέρεσιν.
3010 3960 3108 4015 Ἐκ
3152 3959 3245 4013 δύο
3291 3946 3391 4017 οὖν
3426 3958 3634 4026 φύσεων
3658 3955 3712 4009 οὐ

2153 4056 2250 4111 δύο
2280 4056 2493 4126 φύσεις,
2523 4055 2660 4112 ἀλλὰ
2704 4056 2836 4126 μίαν
2879 4054 3183 4110 ὑπόστασιν
3226 4052 3466 4123 λέγομεν
3491 4047 3712 4120 Χριστοῦ

2156 4147 2434 4212 σύνθετον,
2470 4145 2677 4202 τούτων
2722 4145 2797 4211 ώς
2828 4145 2977 4199 ίδίων
3012 4144 3197 4214 μερῶν
3229 4142 3594 4213 περιεκτικὴν
3620 4138 3714 4191 τῶν

2156 4225 2408 4311 φύσεων,
2449 4236 2544 4292 καὶ
2598 4236 2804 4300 ταύτας
2838 4236 2928 4299 ιώς
2987 4234 3095 4288 ίδια
3142 4233 3238 4287 καὶ
3295 4230 3714 4303 συμπληρωτικὰ

2160 4309 2302 4403 μέρη
2334 4327 2716 4400 περιέχουσαν,
2747 4328 2842 4381 καὶ
2896 4329 2957 4380 ὲν
2982 4327 3176 4389 αὑταῖς
3210 4324 3287 4389 ώς
3321 4325 3383 4377 ἐν
3417 4325 3608 4393 μέρεσι
3631 4322 3713 4375 καὶ

2158 4423 2325 4479 οὖσαν
2352 4424 2449 4478 καὶ
2474 4421 2905 4495 γνωριζομένην.
2934 4421 3026 4479 Arb
3051 4422 3141 4477 καὶ
3170 4421 3249 4483 ἓν,
3272 4419 3371 4473 καὶ
3398 4419 3491 4473 δύο
3517 4419 3577 4471 τὸ
3598 4415 3715 4469 αὑτό

476 4484 624 4549 dem,
666 4485 760 4538 sed
790 4484 915 4547 alia,
952 4494 1112 4554 atque
1148 4485 1252 4540 alia
1278 4486 1490 4541 ratione
1530 4490 1594 4544 de
1620 4503 1727 4544 uno
1751 4499 1808 4545 et
1859 4491 2048 4547 eodem

2155 4515 2426 4586 λέγοντες,
2466 4484 2526 4569 οὑ
2558 4484 2700 4570 κατά
2716 4484 2780 4567 τὸ
2808 4484 2939 4568 αὑτό
2974 4528 3156 4580 φαμεν
3189 4511 3284 4567 ἐπὶ
3304 4510 3405 4563 τοῦ
3440 4508 3601 4565 αὑτοῦ
3632 4506 3715 4559 καὶ

477 4585 706 4642 utraque
733 4577 1174 4645 pronuntiamus.
1208 4575 1324 4631 Duo
1364 4578 1602 4647 quidem,
1656 4592 1923 4649 quantum
1981 4582 2050 4637 ad

2157 4575 2277 4670 es.
2331 4575 2638 4677 ἀμφότερα,
2673 4575 3070 4665 mrem
3123 4602 3219 4656 και
3249 4600 3402 4659 ἀλλο.
3434 4594 3559 4657 Οἷον
3591 4597 3715 4651 κατὰ

478 4667 746 4722 rationem
780 4666 1390 4736 pertinetnaturarum,
1431 4685 1493 4725 ex
1546 4671 1746 4741 quibus
1787 4678 1872 4727 est
1927 4686 2056 4727 con-

477 4758 726 4831 iunctio;
763 4773 938 4827 neque
969 4758 1114 4813 cnim
1158 4760 1298 4815 idem
1350 4769 1549 4815 natura
1608 4759 1773 4816 Deum
1821 4759 2053 4818 Verbum

474 4864 596 4909 esse
621 4867 742 4905 cum
777 4851 992 4919 propria
1012 4865 1179 4906 carne
1204 4854 1613 4921 cognoscimus;
1664 4868 1828 4908 unum
1875 4863 2077 4909 autem'

478 4951 748 5011 quantum
782 4942 972 4994 attinet
1032 4942 1097 4996 ad
1155 4956 1466 5009 personam.
1528 4941 1675 4999 Idem
1733 4945 1879 4999 enim
1929 4958 2051 4999 cum

478 5034 700 5105 propria
765 5048 932 5086 carne
966 5033 1131 5085 Deum
1165 5035 1403 5089 Verbum
1464 5048 1562 5104 per
1608 5049 1892 5104 personam
1934 5050 2057 5091 esse

477 5127 705 5184 sciurus.
745 5124 1110 5189 Quamobrem
1150 5139 1325 5195 neque
1359 5138 1583 5182 naturas
1608 5143 1767 5182 unam
1799 5130 1851 5183 in
1893 5138 2054 5184 natu-

481 5233 596 5275 ram
622 5217 785 5273 stulte
807 5214 1212 5281 confundimue,
1240 5219 1538 5273 naturalem
1568 5220 1618 5274 in
1650 5221 1864 5276 Christo
1899 5220 2058 5275 diil'e-

485 5311 721 5366 rentiam
759 5308 1090 5371 auferentes,
1120 5323 1188 5363 ne
1215 5307 1374 5365 Verbi
1426 5320 1477 5364 et
1522 5312 1702 5365 carnis
1755 5319 2059 5366 commuta-

482 5403 685 5459 tionem
724 5401 1068 5469 inducamus,
1099 5415 1274 5470 neque
1291 5416 1480 5457 rursus
1504 5401 1558 5456 in
1613 5403 1745 5457 duas
1795 5417 2059 5473 personas

483 5493 707 5565 proprie
728 5492 1305 5547 consistentosinsane
1341 5491 1656 5553 dividimus,
1699 5492 1751 5544 in
1814 5506 2060 5559 personat

484 5586 654 5654 ipsius
687 5585 895 5639 ratione
920 5582 1280 5639 (ίίίῐυι-θηιί.ιιιι
1308 5582 1660 5653 ευΙΙοπιιιιιυε,
1703 5597 1770 5637 ne
1828 5580 2057 5638 salutem

482 5685 723 5731 nostram
767 5691 1043 5745 negemus.
1068 5676 1533 5741 Quemadmodum
1564 5692 1625 5731 ex
1653 5678 1918 5732 diametro
1974 5678 2056 5731 in-

487 5775 571 5822 ter
606 5779 661 5818 se
708 5767 762 5818 in
819 5766 1099 5836 impietate
1166 5768 1538 5840 discrepurtes
1592 5768 1956 5841 Apollinarius
2009 5777 2061 5826 et

2158 4698 2259 4767 μὶν
2298 4697 2391 4752 τὸν
2418 4696 2526 4751 τῶν
2573 4695 2793 4767 φύσεων
2819 4696 2980 4765 λόγον
3036 4696 3149 4755 τῶν
3181 4694 3240 4760 ἐξ
3275 4688 3353 4751 ὧν
3383 4696 3415 4765 η
3446 4695 3631 4754 Ξνωσις
3657 4690 3716 4745 τὰ

2153 4789 2249 4845 δύο
2272 4806 2287 4820 ·
2319 4789 2380 4845 οὑ
2430 4787 2540 4860 γὰρ
2567 4788 2765 4844 ταυτὸν
2795 4788 2938 4844 κατὰ
2982 4788 3083 4857 τὴν
3116 4786 3279 4857 φύσιν
3319 4790 3390 4858 τῇ
3429 4786 3537 4856 ίδίᾳ
3566 4782 3717 4851 σαρκὶ

2155 4882 2248 4937 τὸν
2293 4881 2426 4936 Θεὸν
2451 4880 2625 4950 Λόγον
2659 4878 3006 4949 γινώσκομεν
3027 4896 3040 4910 ο
3087 4878 3230 4935 κατὰ
3259 4878 3318 4932 δὲ
3347 4877 3445 4932 τὸν
3473 4875 3570 4943 τῆς
3598 4874 3716 4928 tino-

2158 4972 2401 5038 στάσεως
2428 4971 2584 5041 λόγον
2603 4972 2666 5033 τὸ
2689 4973 2768 5026 ἓν.
2805 4969 3019 5026 Ταυτὸν
3047 4972 3154 5043 γάρ
3185 4971 3277 5025 τὸν
3308 4968 3446 5023 Θεὸν
3469 4968 3634 5033 Λόγον
3654 4962 3711 5029 τῇ

2160 5065 2269 5135 ίδίᾳ
2308 5064 2476 5134 capaci.
2531 5065 2676 5118 κατὰ
2708 5063 2805 5132 τὴν
2838 5063 3137 5119 ὑπόστασιν
3174 5059 3542 5129 ἐπιστάμεθα.
3590 5052 3712 5110 Οὑςε

2156 5151 2252 5213 οὖν
2274 5156 2372 5217 τὰς
2402 5171 2595 5224 φυσεις
2627 5152 2879 5222 ἀφρόνως
2915 5155 2995 5215 είς
3032 5152 3162 5221 μίαν
3212 5141 3712 5218 συναλείφομενφύ·

2161 5261 2245 5297 σιν
2271 5243 2349 5316 τῷ
2381 5241 2691 5313 ἀνῃρῆσθαι
2713 5242 2899 5309 λέγειν
2950 5241 3043 5293 ἐπὶ
3089 5237 3334 5308 Χριστοῦ
3368 5238 3469 5306 τὴν
3497 5231 3712 5304 φυσικὴν

2157 5336 2444 5409 διαφοράν,
2469 5334 2560 5389 (va.
2590 5334 2667 5403 μὴ
2696 5334 2908 5405 τροπὴν
2941 5331 3036 5387 τοῦ
3060 5331 3233 5397 Λόγου
3269 5331 3363 5387 καὶ
3394 5329 3496 5399 τῆς
3524 5322 3709 5394 captis

2159 5428 2579 5499 εἰσαγάγωμεν·
2644 5424 2770 5478 οὔτε
2828 5426 2912 5486 είς
2963 5424 3059 5479 δύο
3112 5422 3274 5477 πάλιν
3331 5418 3711 5479 ίδιοσυστάτους

2161 5519 2492 5581 ὑποστάσεις
2549 5516 2794 5588 μανικῶς
2850 5514 3173 5584 διαιροῦμεν
3200 5511 3276 5581 τῷ
3316 5512 3461 5566 κατὰ
3507 5510 3596 5560 τὸν
3621 5503 3709 5569 τῆς

2160 5611 2516 5672 ὑποστάσεως
2578 5609 2734 5676 λόγον
2791 5607 3000 5661 τιθέναι
3046 5605 3329 5675 διαφοράν,
3386 5603 3473 5655 tua
3519 5599 3589 5669 μὴ
3619 5596 3708 5663 τὴν

2162 5703 2321 5772 ἡμῶν
2356 5699 2650 5773 ἀρνώμεθα
2674 5698 2969 5768 σωτηρίαν,
3017 5697 3209 5766 ὥσπερ
3260 5695 3307 5748 ot
3337 5697 3402 5745 ὲκ
3436 5687 3704 5758 διαμέτρου

2164 5793 2298 5860 προς
2353 5789 2619 5862 ἀλλήλους
2651 5790 3007 5863 μερισάμενοι
3043 5786 3139 5859 τὴν
3194 5775 3703 5840 ἀσέϐειανᾌπολλιν
