4052 6292
559 407 695 475 1047
1786 410 2158 471 EU'I‘HYMH

2258 397 2568 471 lGTtBENt
3619 425 3727 488 ωίε

632 527 872 589 Διὶίιαξιο,
922 540 1163 595 quonam
1198 536 1357 596 pacto
1422 540 1525 579 una
1586 526 1885 594 eademque
1934 534 2131 578 natura

2312 526 2434 588 Πῶς
2456 528 2513 580 δὲ
2542 529 2634 580 καὶ
2661 527 2759 598 μία
2786 525 2946 597 φύσις
2976 526 3085 580 τῶν
3114 527 3365 584 ἐναντίων
3381 531 3621 589 οὑσιωδῶν
3638 535 3725 591 θια-

562 619 1025 676 substantialium
1059 618 1487 673 diﬂereutiarum
1515 628 1706 674 mutuo
1767 619 2127 688 pugnantium

2250 617 2418 686 ρορῶν
2451 618 2677 683 δεκτικὴ
2732 619 3057 688 γενήσεται;
3121 618 3245 683 Πῶς
3295 621 3397 692 γὰρ
3431 623 3626 678 δυνατὸν
3650 628 3725 696 τὴν

558 726 729 780 capax
764 708 1027 774 erit?Qui
1060 708 1207 762 enim
1244 707 1356 762 ﬁeri
1386 715 1586 778 potest,
1621 717 1681 763 ιιι
1702 710 1894 764 eadem
1928 716 2128 763 natura

2250 709 2407 781 ιύτὴν
2445 710 2610 779 φύσιν
2639 710 2787 763 κατὰ
2812 710 3013 764 ταύτὸν
3042 710 3266 781 κτιστὴν
3315 708 3449 767 εἶναι
3492 719 3573 769 καὶ
3602 718 3723 772 ἀκτι-

560 801 746 867 simul,
784 811 837 856 et
867 808 1045 855 creata
1076 800 1165 854 sit.
1200 807 1253 854 et
1278 800 1553 865 increata;
1617 798 1888 871 mortalis,
1948 808 2002 854 et
2032 802 2133 854 im-

2250 818 2385 863 στον,
2418 802 2617 873 θνητὴν
2648 802 2744 856 καὶ
2773 802 3064 868 ἀθάνατον,
3106 806 3481 875 περιγραπτὴν
3509 807 3590 861 καὶ
3613 810 3722 863 ἁτε·

564 894 840 959 mortalis;
872 893 1304 961 circumscripta,
1332 899 1387 947 et
1411 892 1929 963 iucircumscripta?
2237 894 2542 967 ρίγραπτον
2574 913 2589 962 ;

631 984 1010 1054 Monopltysitaz
1042 984 1309 1038 Christum
1337 995 1560 1055 utraque
1610 995 1806 1041 natura
1832 986 2122 1056 perfectum

2309 989 2369 1042 Ei
2398 988 2455 1040 δὲ
2491 989 2622 1056 μιᾶς
2647 988 2900 1057 λέγοντες
2934 989 3025 1042 τὸν
3078 987 3309 1058 Χριστὸν
3341 988 3561 1057 φύσεως,
3589 991 3731 1063 ἁπλῆν

566 1077 823 1143 fatentur.
852 1102 922 1115 -
952 1075 1107 1138 Quod
1145 1075 1187 1128 si
1222 1075 1385 1128 etiam
1420 1074 1702 1130 Christum
1738 1084 1947 1131 natura:
1970 1076 2132 1133 unius

2250 1081 2439 1151 ταύτην
2467 1080 2698 1145 εἴποιεν,
2731 1083 2765 1151 ἢ
2793 1083 3002 1152 γυμνὸν
3033 1082 3199 1137 αὑτὸν
3230 1080 3360 1136 Θεὸν
3379 1082 3733 1152 ὁμολογήσουσι,

564 1182 684 1221 esse
708 1166 987 1228 dicentes,
1029 1165 1337 1234 simplicem
1368 1165 1509 1219 hanc
1534 1180 1656 1221 esse
1716 1177 1989 1230 asseram,
2040 1178 2135 1223 aut

2250 1174 2334 1225 ιιαὶ
2363 1175 2665 1241 φαντασίαν
2693 1174 3023 1241 είσάξουσιν,
3062 1174 3163 1231 οὐκ
3194 1175 3600 1248 ἑνανθρώπησιν,
3621 1177 3649 1251 ἢ
3671 1179 3738 1247 ψι-

570 1256 774 1311 imdum
813 1256 964 1310 illum
998 1257 1179 1311 Deum-
1222 1256 1654 1324 conﬁtebuntur,
1695 1273 1903 1330 proque
1955 1260 2135 1315 incar-

2250 1264 2327 1314 tbv
2362 1261 2648 1334 ἄνθρωπον
2678 1266 2821 1320 κατὰ
2853 1265 3173 1337 Νεστόριον.

568 1347 791 1401 natione
815 1362 1017 1400 meram
1045 1346 1280 1414 speciem
1306 1348 1586 1409 inducent.
1635 1360 1729 1404 aut
1776 1360 1922 1406 certe
1969 1351 2134 1408 veluti

565 1439 871 1497 Nestorius.
909 1439 1178 1494 hominem
1211 1455 1425 1506 purum.

641 1528 1135 1599 Monophyst‘tarum
1188 1545 1357 1595 error,
1424 1534 1561 1594 quod
1617 1544 1867 1588 naturam
1931 1554 1963 1589 a
2015 1553 2134 1607 per-

2326 1538 2485 1591 'Am
2520 1536 2678 1590 τοῦτό
2704 1538 2821 1589 ἐστι
2878 1538 2940 1590 τὸ
2991 1538 3182 1591 ποιοῦν
3230 1540 3342 1602 τοῖς
3376 1540 3638 1609 αίριτικοῙς
3666 1540 3740 1611 τὴν

566 1638 697 1675 sana
746 1638 846 1674 non
898 1622 1250 1692 distinguant.
1279 1621 1570 1676 —Verum
1617 1625 1722 1680 hoc
1788 1626 2004 1680 demum
2054 1638 2135 1680 est

2250 1629 2477 1697 πλάνην,
2505 1628 2564 1681 τὸ
2594 1628 2759 1682 ταύτὸ
2788 1627 2970 1696 λέγειν
2990 1629 3090 1698 τὴν
3140 1628 3330 1696 φύσιν,
3357 1631 3451 1682 καὶ
3498 1630 3588 1700 τὴν
3632 1630 3738 1683 ὁπό-

567 1714 711 1782 quod
755 1711 1023 1767 haereticis
1044 1712 1456 1770 erraudicausa
1488 1722 1596 1774 est.
1658 1717 1806 1787 quod
1876 1726 2125 1773 naturam

2250 1735 2461 1774 στασιν.
2532 1719 2752 1789 Ἐπειδὴ
2808 1718 2867 1772 δὲ
2932 1720 3063 1789 μίαν
3130 1718 3243 1774 τῶν
3288 1719 3575 1791 ἀνθρώπων
3616 1720 3742 1788 φύσιν

572 1814 629 1861 et
700 1805 1035 1875 bypostasim
1112 1820 1232 1862 esse
1288 1806 1429 1862 idem
1487 1815 1751 1863 statuant.
1834 1806 1951 1863 Etsi
2011 1823 2138 1860 vero

2250 1812 2453 1880 φαμὲν,
2483 1810 2657 1864 ἰστέον
2695 1810 2770 1876 ὡς
2800 1810 2903 1863 οὐκ
2928 1811 3251 1883 ἀφορῶντες
3278 1813 3360 1876 είς
3382 1810 3467 1867 τὸν
3496 1811 3583 1881 τῆς
3608 1811 3746 1880 ψυχῆς

569 1908 734 1948 unam
769 1892 1051 1947 hominum
1090 1908 1215 1950 esse
1243 1893 1599 1956 dictitamus,
1632 1901 1690 1948 at
1724 1910 1833 1952 non
1866 1896 2048 1950 anima
2091 1906 2146 1950 et

2250 1898 2330 1952 ιαὶ
2364 1895 2460 1951 τοῦ
2524 1895 2778 1967 σώματος
2836 1894 3015 1967 λόγον,
3068 1897 3231 1952 τοῦτο
3266 1897 3516 1968 λέγομενσ
3544 1900 3752 1954 ἀδύνατον

572 1998 804 2054 corpore
832 1984 1130 2053 spectatis;
1164 1999 1289 2038 cum
1327 1986 1441 2040 fieri
1476 2002 1578 2042 non
1614 1986 1822 2057 possit,
1852 1994 1911 2041 ut
1935 2001 2138 2055 corpus

2250 1986 2354 2055 γὰρ
2383 1989 2511 2056 μιᾶς
2538 1986 2751 2054 φύσεως
2774 1988 2955 2056 λέγειν
2981 1988 3082 2057 τὴν
3102 1988 3283 2059 ψυχὴν
3308 1989 3475 2043 καὶτὸ
3493 1990 3630 2059 σῶμα
3653 1991 3753 2060 πρὸς

573 2081 627 2127 et
651 2073 890 2126 animam
921 2073 1085 2129 simul
1111 2080 1480 2145 comparando
1508 2077 1672 2132 unius
1693 2092 1757 2132 ea
1779 2091 1907 2132 esse
1930 2086 2141 2132 natura:

2250 2078 2444 2148 ἄλληλα
2476 2080 2901 2151 συγκρινόμενα.
2962 2080 3103 2133 Ἀλλ’
3154 2081 3347 2152 ἐπειδὴ
3404 2081 3626 2134 πλεῖσται
3654 2081 3754 2132 ὐπο-

575 2161 907 2218 allirmemus
935 2181 947 2215 :
981 2163 1073 2217 sed
1107 2164 1235 2233 quia
1272 2164 1517 2234 plurimae
1556 2165 1839 2220 hominum
1872 2165 2135 2237 byposta-

2250 2170 2468 2233 στάσεις
2508 2168 2617 2222 τῶν
2674 2169 2977 2241 ἀνθρώπων
3018 2171 3144 2236 εἰσὶ,
3180 2172 3381 2234 πᾶντες
3430 2170 3484 2224 δὲ
3514 2171 3594 2223 τὸν
3632 2169 3754 2221 αὑτὸν

576 2268 667 2307 ses
716 2261 771 2307 et
817 2267 1065 2323 personze
1122 2263 1287 2322 sunt,
1335 2258 1581 2312 eamdem
1631 2271 1824 2312 omnes
1870 2257 2139 2311 rationem

2250 2260 2588 2330 ἐπιδέχονται
2614 2259 2772 2328 λόγον
2791 2260 2886 2329 τῆς
2910 2258 3127 2331 φύσεως
3146 2275 3161 2291 °
3191 2261 3393 2322 πάντες
3420 2259 3521 2329 γὰρ
3553 2260 3607 2311 ὲκ
3622 2258 3757 2328 ψυχῆς

576 2353 788 2399 natura:
824 2344 1114 2413 recipiunt.
1148 2346 1349 2402 Omnes
1378 2348 1582 2420 quippe
1614 2362 1846 2418 corpore
1878 2357 1930 2404 et
1962 2349 2142 2401 anima

575 2442 866 2502 constant,
899 2450 1235 2506 omnesque,
1280 2451 1404 2491 cum
1447 2439 1642 2494 anima:
1683 2447 1935 2493 naturam
1977 2438 2147 2510 parti-

476 2536 499 2555 ‘
576 2526 800 2595 cipant,
836 2534 948 2581 tum
981 2529 1233 2600 corporis
1282 2528 1653 2585 substantiam
1711 2529 1950 2594 habent,
1994 2544 2146 2583 com—

580 2631 915 2688 munemque
942 2618 1203 2688 speciem.
1236 2618 1357 2684 Quo
1393 2619 1451 2672 lit
1482 2628 1542 2673 ut
1572 2619 1931 2689 plurimarum
1968 2616 2151 2672 diver-

579 2721 876 2776 sarumque
928 2723 1286 2778 personarum
1348 2725 1510 2763 unam
1562 2720 1812 2765 naturam
1863 2709 2147 2772 dicamus,

580 2812 704 2851 cum
734 2798 987 2855 videlicet
1034 2800 1263 2871 singulae
1293 2815 1540 2870 personm
1570 2802 1842 2872 duplicem
1888 2809 2140 2857 naturam

2248 2352 2354 2404 εισι
2389 2350 2815 2420 συντεθειμένοι,
2859 2351 2954 2405 καὶ
3013 2349 3288 2421 σώματος,
3323 2351 3415 2403 καὶ
3463 2351 3640 2412 πάντες
3684 2349 3758 2417 τῆς

2248 2439 2463 2511 φύσεως
2490 2440 2587 2508 τῆς
2623 2438 2802 2508 ψυχῆς
2827 2437 3183 2508 μετειλήφασι
3210 2477 3227 2501 ,
3264 2440 3357 2493 καὶ
3389 2440 3482 2509 τὴν
3506 2437 3666 2491 οὐσίαν
3687 2433 3757 2488 τοῦ

2249 2530 2497 2602 σώματος
2526 2531 2859 2601 κέκτηνται,
2910 2530 3005 2585 καὶ
3028 2530 3087 2583 τὸ
3116 2530 3297 2584 κοινὸν
3326 2527 3459 2594 εἶδος
3477 2547 3492 2561 ο
3525 2529 3620 2581 τῶν
3646 2526 3760 2579 πλεί-

2252 2637 2392 2674 στων
2433 2621 2528 2673 καὶ
2561 2620 2835 2690 διαφόρων
2856 2619 3210 2673 ὑποστάσεων
3255 2619 3383 2690 μίαν
3408 2617 3559 2688 φύσιν
3586 2615 3757 2685 φαμέν·

2254 2713 2491 2783 ἑκάστης
2538 2711 2740 2783 δηλαδὴ
2788 2710 3138 2774 ὑποστάσεως
3184 2710 3280 2763 δύο
3324 2708 3507 2778 φύσεις
3551 2708 3756 2776 ἐχούσης,

2250 2803 2345 2856 καὶ
2377 2805 2434 2855 ὲν
2458 2802 2580 2854 δυσὶ
2611 2801 2874 2871 τελούσης
2899 2802 3018 2864 ταῖς
3052 2800 3273 2868 φύσεσι,
3305 2800 3475 2870 ψυχῆς
3503 2797 3650 2866 λέγω,
3692 2791 3765 2847 καὶ

583 2888 853 2954 habeant,
886 2897 939 2945 et
984 2890 1038 2947 in
1080 2889 1298 2946 duabus
1344 2893 1593 2958 naturis,
1641 2892 1890 2963 corporis
1939 2891 2149 2947 scilicet
2258 2895 2530 2965 σώματος.

582 2985 637 3031 et
665 2978 867 3034 animae
883 3020 899 3047 ,
932 2988 1151 3038 exstare
1176 2991 1527 3040 censeantur.

651 3084 717 3138 At
745 3098 876 3139 vero
906 3083 952 3115 “
985 3083 1042 3138 in
1074 3081 1307 3137 Domino
1352 3088 1543 3137 nostro
1591 3080 1722 3138 Jesu
1766 3082 1988 3137 Christo
2045 3096 2154 3138 non

2328 3077 2453 3129 Ἐπὶ
2477 3078 2533 3131 δὲ
2565 3077 2657 3130 τοῦ
2681 3077 2885 3147 Κυρίου
2918 3076 3074 3146 ἡμῶν
3108 3076 3288 3145 Ἰησοῦ
3318 3073 3543 3148 Χριστοῦ
3564 3074 3651 3127 οὐκ
3677 3070 3766 3123 ἔστι

581 3184 760 3247 potest
795 3175 970 3247 accipi
1001 3174 1313 3231 communis
1346 3173 1582 3244 species.
1614 3172 1802 3243 Neque
1833 3172 1980 3227 enim
2014 3170 2152 3236 fuit,

2250 3169 2420 3222 κοινὸν
2459 3166 2596 3235 εἶδος
2641 3171 2846 3227 λαϐεῖν.
2886 3169 3025 3223 Οῦτε
3078 3170 3186 3239 γὰρ
3218 3169 3453 3238 ἐγένετο,
3491 3167 3598 3221 οὐδέ
3625 3168 3763 3227 ἐστιν,

583 3283 682 3323 nec
711 3276 797 3322 est
822 3308 837 3332 ,
866 3281 967 3321 nec
997 3280 1240 3336 unquam
1274 3264 1380 3320 erit
1411 3264 1557 3319 alius
1586 3264 1841 3318 Christus
1867 3279 1931 3318 ex
1959 3264 2155 3319 deitate

2250 3259 2367 3315 οὔτε
2393 3260 2524 3315 ποτὲ
2570 3263 2861 3332 γενήσεται
2912 3260 3068 3323 ἄλλος
3102 3261 3340 3331 Χριστὸς
3368 3260 3430 3312 ὲκ
3460 3256 3680 3326 θεότητός
3719 3268 3765 3303 τε

579 3365 636 3411 et
670 3356 1045 3417 humanitate,
1084 3356 1249 3424 inque
1291 3354 1497 3408 deitate
1539 3360 1594 3407 et
1635 3353 1983 3407 humanitate
2012 3352 2153 3407 idem

2250 3352 2344 3405 καὶ
2386 3352 2840 3423 ἀνθρωπότητος,
2902 3354 2960 3405 ὲν
3024 3352 3243 3421 θεότητι
3292 3350 3385 3403 καὶ
3420 3345 3763 3418 ἀνθρωπότητι,

582 3446 859 3515 perfectus
893 3445 1074 3510 Deus,
1098 3451 1154 3499 et
1184 3443 1465 3513 perfectus
1501 3444 1683 3497 homo.
1718 3442 1853 3494 llinc
1886 3440 1976 3508 ﬁt,
2012 3450 2071 3495 ut
2102 3457 2153 3495 in

2250 3439 2379 3504 Θεὸς
2405 3440 2608 3505 τέλειος
2633 3443 2661 3496 ὁ
2692 3442 2875 3507 αὐτὸς,
2906 3442 3000 3495 καὶ
3022 3441 3312 3512 ἄνθρωπος
3344 3440 3556 3499 τέλειος.
3593 3431 3767 3487 Ἐντεῦ-

584 3535 814 3589 Domino
844 3542 1038 3589 nostro
1068 3532 1197 3589 Jesu
1248 3531 1467 3587 Christo
1515 3541 1711 3586 natura
1766 3545 1873 3585 una
1924 3531 2154 3585 dicenda

2251 3531 2341 3582 θεν
2392 3532 2490 3585 οὐκ
2551 3532 2698 3586 ἔστιν
2759 3533 2933 3585 εἰπεῖν
2988 3532 3117 3602 μίαν
3154 3533 3320 3600 φύσιν
3348 3531 3439 3583 ἐπὶ
3476 3527 3562 3581 τοῦ
3600 3523 3767 3592 Κυρίου

584 3642 694 3682 non
729 3627 837 3692 sit,
871 3635 926 3679 ut
960 3625 1152 3680 eodem
1187 3623 1353 3678 modo
1384 3622 1449 3677 de
1483 3622 1704 3677 Christo
1737 3622 1830 3692 qui
1866 3637 1931 3676 ex
1958 3621 2158 3677 deitate

2250 3620 2406 3689 ἡμῶν
2444 3621 2617 3692 Ἰησοῦ
2651 3621 2913 3691 Χριστοῦ,
2944 3620 3132 3693 ὥσπερ
3163 3622 3258 3674 ἐπὶ
3306 3620 3399 3674 τοῦ
3443 3618 3631 3687 ἀτόμου
3664 3613 3685 3650 ι
3722 3613 3772 3663 ὲκ

583 3727 640 3774 et
669 3716 1012 3772 humanitate
1038 3715 1377 3785 compositus
1404 3721 1488 3769 est
1509 3752 1523 3777 ,
1556 3714 1864 3783 loquamur,
1894 3712 2060 3768 veluti
2091 3711 2160 3769 de

584 3808 875 3865 individuo
905 3806 1051 3878 quod
1083 3819 1313 3874 corpore
1345 3813 1400 3859 et
1432 3805 1613 3858 anima
1649 3812 1885 3857 constat.
1934 3803 2053 3858 lllic
2084 3802 2159 3858 si-

582 3899 806 3968 quidem
842 3896 1188 3951 individuum
1232 3906 1353 3959 est;
1405 3904 1462 3949 at
1505 3893 1762 3949 Christus
1812 3906 2157 3962 nequaquam

584 4001 669 4045 est
698 3988 1041 4043 individuum
1074 4006 1087 4040 :
1122 4000 1298 4056 neque
1345 3985 1490 4040 enim
1541 3983 1922 4045 Christitatis,
1975 3990 2034 4036 ut
2087 3983 2159 4036 ita

584 4080 799 4146 dicam,
831 4079 1068 4150 speciem
1104 4077 1376 4153 ejusmodi
1417 4076 1617 4139 habet,
1649 4073 1715 4131 de
1744 4090 1851 4145 qua
1900 4074 2162 4145 praedice-

585 4182 691 4229 tur.
724 4174 803 4227 Ac
833 4171 1064 4242 proinde
1107 4186 1173 4226 ex
1215 4170 1431 4226 duabus
1476 4169 1688 4223 naturis
1720 4168 1984 4238 perlectis
2011 4211 2024 4233 ,
2058 4168 2161 4223 hoc

585 4272 671 4320 est
691 4303 707 4328 ,
738 4264 924 4318 divina
951 4271 1006 4317 et
1033 4262 1272 4315 humana
1292 4301 1308 4326 ,
1341 4261 1602 4315 unionem
1632 4275 1760 4316 esse
1790 4258 1991 4313 factam
2023 4259 2158 4312 dici-

585 4369 711 4411 mus
732 4390 747 4416 ,
779 4368 890 4409 non
925 4353 991 4405 ad
1028 4350 1249 4405 modum
1284 4348 1698 4421 conspersionis
1720 4391 1735 4416 ,
1768 4362 1870 4404 nec
1900 4362 1998 4417 per
2025 4362 2160 4402 eon-

584 4445 862 4501 fusionem
887 4482 903 4507 ,
933 4441 1016 4495 vel
1047 4440 1482 4495 eommistionem
1504 4480 1520 4506 ,
1551 4450 1647 4495 aut
1674 4439 2123 4510 temperationem
2143 4477 2161 4504 ,

586 4530 1054 4605 quemadmodum
1086 4529 1179 4585 ille
1214 4529 1472 4584 Numinis
1500 4535 1581 4585 ira
1623 4530 1908 4585 immissus
1938 4529 2162 4585 Diosco-

586 4641 717 4691 rus,
764 4621 1040 4694 Eutyches
1086 4621 1251 4685 item,
1301 4629 1355 4675 et
1401 4619 1678 4686 Severus,
1724 4620 1931 4690 quique
1986 4620 2165 4689 impia

584 4730 778 4773 eorum
803 4713 1006 4770 classis
1030 4720 1199 4780 sunt,
1227 4719 1588 4769 ssseruerunt
1612 4730 1626 4766 :
1654 4724 1757 4768 nec
1782 4712 2124 4782 personalem
2145 4750 2161 4777 ,

584 4817 681 4863 aut
710 4804 1017 4864 secundum
1048 4804 1375 4860 relationem
1397 4840 1413 4867 ,
1447 4811 1541 4857 aut
1571 4803 1627 4857 in
1671 4802 1888 4858 ratione
1926 4802 2165 4874 dignita-

584 4900 694 4963 tis,
725 4905 824 4953 aut
854 4898 912 4954 in
948 4911 1057 4951 una
1085 4894 1392 4951 voluntatis
1429 4894 1872 4966 conspiratione,
1920 4903 2018 4950 aut
2061 4894 2157 4950 ho-

584 4989 741 5047 noris
768 4987 1067 5060 qualitate,
1096 4994 1194 5041 aut
1222 4986 1411 5042 eadem
1444 5000 1510 5040 ac
1540 4986 1851 5057 promiscua
1877 5001 2165 5057 nuncupa-

582 5083 768 5146 tione,
801 5088 899 5136 aut
923 5078 1307 5135 benevolentia
1356 5078 1635 5151 positam,
1681 5086 1742 5133 ut
1792 5076 1903 5134 Deo
1950 5078 2166 5134 invisus

583 5171 874 5228 Nestor-ius
894 5208 910 5236 ,
943 5168 1328 5237 Diodorusque
1350 5204 1366 5232 ,
1396 5176 1454 5223 et
1489 5166 1952 5239 Mopsuestiensis
1982 5166 2169 5222 Theo-

586 5264 789 5327 dorus,
822 5275 949 5317 cum
976 5258 1249 5315 diabolica
1282 5273 1382 5313 sua
1410 5265 1630 5314 caterva
1661 5268 2034 5315 censuerunt:
2071 5256 2166 5315 sed

584 5368 685 5426 per
705 5351 1162 5424 compositionem
1183 5389 1199 5416 ,
1222 5347 1329 5404 hoc
1347 5356 1432 5405 est
1455 5348 1762 5405 secundum
1786 5348 2131 5421 bypostasim
2149 5387 2164 5412 ,

588 5448 711 5504 sine
744 5444 856 5501 ulla
885 5441 1251 5499 conversione
1271 5480 1286 5504 ,
1320 5453 1423 5494 nec
1453 5438 1779 5496 confusione
1799 5480 1815 5507 ,
1850 5453 1954 5496 nec
1986 5446 2167 5494 muta-

588 5539 742 5593 tione
761 5576 777 5602 ,
808 5546 912 5589 ueo
944 5529 1218 5586 divisione
1240 5566 1256 5591 ,
1287 5541 1391 5582 nec
1414 5525 1681 5582 distantia
1700 5566 1717 5594 ,
1750 5528 1920 5599 inque
1952 5525 2167 5581 duabus

589 5625 855 5696 perfectis
882 5621 1100 5679 naturis
1129 5633 1296 5675 unum
1325 5617 1449 5673 Filii
1481 5617 1576 5674 Dei
1623 5626 1681 5674 et
1731 5619 2003 5675 incarnati
2038 5632 2167 5688 per-

593 5729 787 5773 sonam
822 5713 1152 5769 conﬁtemur
1199 5726 1216 5775 ;
1339 5723 1505 5764 unam
1563 5708 1813 5765 dicentes
1860 5707 2167 5763 divinitatis

596 5805 772 5872 iusius
803 5812 855 5859 et
887 5801 1253 5857 humanitatis
1288 5799 1670 5874 hypostasim,
1901 5800 2034 5855 duas
2067 5812 2167 5853 au.

2249 3709 2429 3780 ψυχῆς
2470 3713 2563 3766 καὶ
2588 3713 2838 3783 σώματος
2876 3712 3266 3783 συγκειμένου,
3306 3712 3447 3764 οὕτω
3483 3710 3570 3763 καὶ
3592 3707 3671 3760 ἐπὶ
3697 3701 3770 3757 τοῦ

2252 3805 2489 3875 Χριστοῦ
2522 3807 2585 3857 ἐκ
2606 3804 2856 3876 θεότητος
2912 3804 3006 3858 καὶ
3056 3803 3494 3875 ἀνθρωπότητος.
3539 3799 3670 3852 Ἐκεῖ
3696 3795 3773 3866 μὲν

2253 3902 2361 3971 γὰρ
2388 3900 2607 3968 ἄτομον,
2636 3897 2664 3948 ὁ
2688 3895 2743 3948 δὲ
2772 3894 3008 3961 Χριστὸς
3037 3892 3137 3947 οὐκ
3167 3892 3372 3963 ἄτομον
3392 3907 3406 3921 ·
3430 3889 3545 3944 οὐδὲ
3564 3888 3657 3956 γὰρ
3686 3884 3771 3971 ἔχει

2254 3970 2731 4059 κατηγορούμενον
2795 3979 2931 4045 εἶδος
2982 3982 3355 4053 Χριστότητος
3406 3980 3495 4032 Διὸ
3518 3978 3575 4047 δὴ
3609 3977 3663 4028 ὲκ
3705 3970 3775 4025 δύο

2256 4079 2471 4148 φύσεων
2528 4074 2772 4138 τελείων,
2805 4073 2955 4135 θείας
3009 4088 3065 4124 τε
3102 4072 3197 4125 καὶ
3244 4069 3604 4141 ἀνθρωπίνης,
3633 4062 3775 4132 φαμὲν

2257 4167 2580 4240 γεγενῆσθαι
2602 4164 2699 4236 τὴν
2721 4164 2945 4218 ἕνωσιν·
2983 4162 3044 4215 οὗ
3093 4160 3238 4215 κατὰ
3283 4159 3521 4230 φυρμὸν,
3550 4157 3582 4228 ἢ
3617 4153 3775 4222 σύγχυ·

2259 4277 2362 4323 σιν,
2404 4258 2437 4328 ἢ
2469 4257 2773 4327 σύγκρασιν
2798 4253 2843 4318 ι,
2869 4253 2904 4324 ἢ
2937 4252 3265 4323 ἀνάκρασιν,
3301 4251 3375 4311 ὡς
3396 4250 3425 4302 ό
3450 4248 3681 4318 θεήλατος
3697 4240 3774 4307 ἔφη

2257 4351 2570 4421 Διόσκορος,
2611 4347 2858 4416 Εὐτυχής
2879 4354 2919 4382 ω
2958 4360 3041 4406 τε,
3078 4343 3174 4397 καὶ
3212 4341 3475 4413 Σευῆρος,
3500 4336 3589 4393 καὶ
3623 4336 3654 4405 ἡ
3682 4328 3778 4385 ratio

2257 4458 2367 4494 των
2389 4439 2587 4507 ἐναγὴς
2612 4436 2894 4507 συμμορία
2920 4452 2933 4465 ·
2966 4432 3089 4487 οὐδὲ
3141 4431 3526 4505 προσωπικὴν,
3555 4427 3585 4497 ἢ
3637 4438 3779 4507 exest:

2258 4528 2382 4599 κήν,
2413 4504 2861 4598 ἣδιαίΐάξία-νίῆ
2911 4504 3326 4585 ταυτοσουλίαν,
3377 4520 3410 4590 ἢ
3457 4504 3779 4599 ὁμοτιμίαν,ᾗ

2188 4586 2228 4640 D
2257 4586 2600 4688 ὁμωνυμίαν,
2627 4586 2674 4687 ἢν
2692 4586 2964 4678 εὐδοκίαν,
2999 4612 3075 4676 ὡς
3106 4612 3136 4664 ὁ
3168 4586 3469 4678 θεοστυγὴς
3494 4586 3593 4674 ἔφη
3622 4596 3783 4655 Nund-

2264 4726 2400 4781 ριος,
2465 4707 2728 4776 Διόδωρός
2778 4722 2861 4769 τε,
2914 4705 3010 4759 καὶ
3054 4704 3084 4756 ό
3114 4699 3495 4781 Μοψουεστίας
3535 4692 3779 4781 Θεόδωρςις,

2261 4778 2354 4869 παὶ
2382 4801 2415 4870 ὴ
2446 4798 2652 4853 τούτων
2678 4795 3036 4867 δαιμονιώδης
3053 4778 3346 4865 ὁμήγυρις,
3370 4789 3508 4845 ἀλλά
3533 4784 3659 4841 κατὰ
3687 4779 3782 4831 σύν-

2263 4890 2434 4951 θεσιν,
2461 4890 2628 4960 ἤγουν
2650 4888 2774 4941 καθ’
2804 4886 3125 4948 ὑπόστασιν,
3164 4883 3473 4953 ἀτρέπτως,
3520 4877 3608 4931 καὶ
3651 4873 3782 4960 ἀσυγ-

2263 4980 2461 5050 χύτως,
2484 4958 2593 5032 aut
2623 4977 3018 5042 ἀναλλοιὼτως,
3050 4975 3144 5029 και
3167 4970 3517 5043 ἀδιαιρέτως,
3548 4964 3632 5019 και
3662 4958 3782 5015 ἀδια-

2266 5079 2501 5140 στάτως,
2550 5076 2648 5131 καὶ
2678 5077 2737 5129 ὲν
2764 5074 2885 5128 δυσὶ
2918 5072 3111 5143 φύσεσι
3141 5070 3364 5131 τελείως
3405 5063 3656 5135 ἐχούσαις,
3683 5054 3783 5125 μίαν

2265 5170 2564 5224 ὑπόστασιν
2589 5165 2961 5237 ὁμολογοῦμεν
2987 5162 3083 5217 τοῦ
3123 5161 3256 5215 Υῐοῦ
3289 5158 3385 5213 τοῦ
3421 5153 3572 5218 Θεοῦ,
3600 5149 3782 5237 καὶ-αξ·

2266 5230 2641 5331 σαρκωμένου,
2674 5230 2778 5328 τὴν
2798 5230 2967 5325 αὐτὴν
2987 5253 3283 5306 ὑπόστασιν
3308 5248 3549 5318 λέγοντες
3582 5240 3666 5331 τῆς

2264 5320 2427 5421 meo;
2461 5320 2573 5403 ’καὶ
2621 5320 2742 5418 τῆς.
2767 5320 3182 5419 ἀνθρωπότητος
3231 5339 3423 5405 αὑτοῦ,
3476 5337 3562 5390 καὶ
3599 5329 3684 5421 τὰς
3709 5320 3781 5421 δύο

2264 5409 2458 5513 φύσεις
2508 5409 2895 5510 ὁμολογοῦντες
2954 5409 3221 5501 σώζεσθαι
3267 5433 3329 5485 ὲν
3379 5425 3525 5497 αὐτῷ
3565 5416 3683 5513 μεςά
3705 5409 3781 5479 τὴν

2265 5510 2496 5587 ένωσινο
2533 5533 2633 5585 οὐκ
2691 5529 2798 5601 ίδίᾳ
2839 5528 2935 5582 καὶ
2992 5524 3262 5597 ἀναμέρος
3309 5520 3545 5579 τιθέντες
3569 5510 3777 5601 tardant.

2266 5624 2380 5678 ἀλλ’
2420 5620 2707 5693 ἠνωμένας
2736 5590 2993 5689 ἀλλήλαις
3018 5618 3078 5671 ὲν
3209 5614 3307 5685 μιᾷ
3330 5608 3558 5675 συνθέτῳ
3586 5590 3777 5693 ύπςξά·

2267 5734 2371 5771 σει.
2400 5685 2645 5783 Ούσιιῦδη
2680 5712 2788 5783 γάρ
2816 5685 2999 5781 φαμεν
3030 5709 3128 5780 τὴν
3147 5685 3373 5771 -ένωσιν,
3405 5696 3655 5785 τουτέστιν
3673 5685 3769 5785 at};-

2270 5808 2358 5877 θῆ,
2388 5808 2479 5863 καὶ
2513 5806 2570 5867 οὗ
2605 5805 2745 5859 κατὰ
2777 5803 3095 5873 φαντασίαν.
3131 5797 3373 5867 υύσιώδη
3405 5792 3480 5854 δὲ,
3504 5787 3586 5851 οὐχ
3610 5784 3672 5842 ὡς
3692 5784 3766 5829 τω*
