4054 6286
454 378 591 444 1Ο49
628 447 635 453 ,

1397 386 1766 461 PANOPLIA
1808 386 2262 451 DOGMATICA.
2294 416 2363 424 —
2400 391 2567 450 TlT-
2588 392 2736 454 λνι.

3553 401 3689 466 Ῑοῦἷ

439 525 536 579 δύο
566 526 782 593 φύσεων
854 529 1271 583 ἀποτελεσασῶν
1326 530 1455 601 μίαν
1514 531 1771 585 σύνθετον
1831 533 2019 603 φύσιν,

2120 537 2229 584 tem
2260 540 2386 600 post
2415 531 2723 586 unitionem
2755 539 2982 585 naturas
3013 532 3067 586 in
3098 534 3219 601 ipso
3247 534 3550 594 incolumes
3574 555 3689 594 ser-

440 617 563 670 ἀλλ’
588 618 893 672 ὲνωθεισῶν
922 620 1180 691 ἀλλήλαις
1204 623 1324 675 κατ’
1349 622 1605 692 ἀλήθειαν
1631 628 1710 687 εἰς
1736 626 1864 696 μίαν
1890 626 2021 678 ὑπό-

445 725 635 761 στασιν
690 710 945 765 σύνθετον
991 714 1087 765 τοῦ
1142 713 1271 767 Υίοῦ
1312 713 1405 767 τοῦ
1436 714 1595 779 Θεοῦ,
1628 721 1720 769 καὶ
1750 716 2020 779 σώζεσθαι

379 818 383 821 λ
442 800 625 852 αὑτῶν
676 804 768 871 τὴν
804 803 1033 874 ούσιὼδη
1081 805 1347 873 διαφορὰν
1402 806 1726 876 ὀριζόμεθα.
1783 808 1855 860 Τὸ
1912 810 2020 879 γὰρ

443 892 680 955 κτιστδν,
720 894 997 965 μεμένηκε
1037 897 1277 958 κτιστὺν,
1319 898 1417 951 καὶ
1450 899 1510 950 τὸ
1551 900 1826 961 ἄκτιστον,
1861 900 2018 952 ἄκτι-

442 997 589 1036 στον.
634 982 707 1033 Τὸ
756 982 948 1053 θνητὸν
997 986 1178 1054 ἔμεινε
1211 986 1426 1057 θνητὸν,
1481 989 1574 1040 καὶ
1624 989 1685 1041 τὸ
1714 989 2014 1049 ἀθάνατον,

439 1069 709 1124 ἀθάνατον
732 1087 745 1100 ·
781 1072 839 1125 τὸ
863 1075 1258 1145 περιγραπτὸν,
1293 1074 1700 1144 περιγραπτόν·
1727 1075 1788 1127 τὸ
1818 1076 2016 1144 ἀπερί-

440 1175 707 1228 γραπτον,
736 1162 1146 1234 ἁπερίγραπτον
1164 1180 1178 1194 ·
1203 1164 1265 1216 τό
1293 1164 1487 1234 ὁρατὸν
1509 1201 1523 1223 ,
1560 1165 1776 1234 ὁρατὸν,
1827 1164 1921 1217 καὶ
1954 1164 2014 1217 τὸ

439 1251 691 1319 ἀόρατον,
721 1253 982 1321 ἀόρατονο
1013 1272 1032 1304 ι
1055 1254 1129 1306 Τὸ
1164 1254 1263 1322 μὲν
1287 1254 1583 1324 διαλάμπει
1610 1256 1719 1317 τοῖς
1750 1254 2013 1325 θαύμασι,

447 1340 507 1391 τὸ
529 1341 587 1393 δὲ
610 1346 731 1405 ταῖς
759 1342 980 1412 ὕϐρεσιν
1013 1343 1427 1397 ὑποπέπτωκεν.
1468 1361 1487 1394 ι
1968 1347 1976 1355 ’

2120 622 2236 676 vari
2271 623 2637 677 conﬁtentes:
2677 637 2786 676 non
2820 622 2894 675 ita
2936 631 3117 677 tamen
3161 633 3225 676 ιιι
3266 634 3554 697 utramque
3595 629 3687 682 ha-

2120 727 2239 765 rum
2274 713 2505 766 searsim
2542 726 2844 781 ponamus,
2897 727 3086 768 verum
3136 715 3190 768 in
3249 732 3355 768 uua
3386 719 3692 786 composita

2120 817 2355 870 persona
2406 804 2551 857 inter
2607 817 2666 857 se
2715 803 3024 871 copulatas.
3070 804 3496 861 Substantialem
3547 811 3690 862 enim

2117 908 2242 949 esse
2280 893 2421 947 hanc
2450 893 2709 948 unionem
2747 894 3022 961 dicimus,
3077 896 3181 949 hoc
3232 906 3359 960 est,
3409 914 3591 953 veram
3640 910 3693 954 et

2118 997 2224 1034 non
2277 980 2681 1050 imaginariam.
2733 981 3166 1037 Substantialem
3224 996 3406 1041 autem
3446 1025 3461 1051 ,
3586 1004 3690 1043 non

2115 1070 2259 1139 quod
2288 1068 2409 1124 dua)
2438 1079 2649 1123 natura:
2678 1085 2842 1124 unam
2878 1074 3239 1141 compositam
3276 1086 3527 1130 naturam
3559 1078 3688 1131 επιξ-

2118 1160 2328 1226 cerint;
2361 1160 2457 1215 sed
2485 1163 2629 1230 quod
2665 1161 2717 1213 in
2744 1176 2911 1215 unam
2936 1163 3056 1216 Filii
3087 1163 3177 1217 Dei
3211 1167 3571 1235 compositam
3597 1169 3690 1236 hy.

2124 1252 2392 1319 postasim
2423 1251 2567 1305 inter
2597 1266 2657 1306 se
2684 1252 2850 1306 unitas
2876 1253 3007 1307 sint.
3053 1256 3313 1318 Quinimo
3351 1259 3692 1311 substantia-

2120 1341 2222 1395 Iem
2247 1357 2435 1396 earum
2463 1341 2828 1396 differentiam
2853 1343 3121 1413 integram
3146 1356 3199 1399 et
3223 1347 3553 1402 incolumem
3585 1365 3694 1402 εισι.

448 1436 563 1487 vari
586 1434 901 1488 statuimus.
937 1432 1074 1487 Nam
1099 1442 1346 1487 creatum
1383 1431 1589 1487 mansit
1611 1432 1755 1501 quod
1783 1438 2028 1487 creatum
2069 1438 2189 1494 est,
2228 1438 2283 1484 et
2311 1431 2615 1484 increatum
2638 1469 2652 1494 ,
2690 1432 2839 1500 quod
2878 1432 3182 1487 incrcatum
3213 1453 3228 1500 ;
3279 1438 3425 1505 quod
3466 1442 3691 1497 mortale

443 1530 567 1588 est,
617 1522 904 1576 mortalem
942 1521 1285 1591 permansit,
1341 1530 1391 1575 et
1432 1522 1745 1576 immortale
1796 1520 1941 1589 quod
1984 1519 2334 1584 immortale;
2398 1521 2915 1589 circumscriptum,
2976 1524 3121 1591 quod
3173 1524 3689 1596 circumscriptum,

444 1612 981 1682 incircumscriptum
1006 1652 1021 1675 ,
1063 1612 1207 1681 quod
1242 1613 1822 1680 incircumscriptum;
1878 1611 2128 1677 visibile,
2185 1612 2329 1681 quod
2367 1612 2580 1667 visibile
2607 1630 2622 1678 ;
2654 1619 2706 1666 et
2778 1612 3053 1667 invisibile

3092 1653 3108 1677 ν
3165 1614 3308 1683 quod
3376 1616 3687 1672 invisibile:

449 1723 468 1756 ι
501 1703 678 1758 Unum
713 1704 929 1772 quidem
967 1706 1158 1758 horum
1188 1715 1442 1760 coruscat
1491 1709 1770 1762 miraculis
1798 1749 1812 1773 ,
1865 1707 2013 1762 aliud
2054 1708 2363 1763 succumbit
2392 1708 2631 1774 injuriis.
2672 1729 2690 1762 ι

508 1796 820 1850 υίκειοῦται
845 1797 900 1850 δὲ
927 1800 995 1848 τὰ
1028 1797 1345 1867 ἀνθρώπινα
1381 1801 1410 1853 6
1451 1800 1649 1866 Λόγος·
1692 1801 1858 1854 αὑτοῦ
1898 1803 2007 1869 γάρ

2178 1800 2602 1855 Communicatio
2632 1798 2967 1855 idiomatum.
2991 1829 3060 1838 —
3083 1798 3315 1853 Verbum
3344 1817 3530 1869 porro,
3562 1806 3687 1870 quia

442 1888 559 1939 ἐστι
588 1886 655 1937 τὰ
680 1888 778 1956 τῆς
807 1886 966 1953 ἁγίας
1012 1886 1178 1940 αὑτοῦ
1232 1890 1436 1958 σαρκὸς
1464 1889 1593 1945 ὄντα
1615 1905 1628 1919 ·
1674 1890 1763 1942 καὶ
1796 1889 2013 1958 μεταδί-

2120 1893 2290 1963 ipsius
2319 1900 2483 1955 sunt,
2511 1906 2629 1957 quae
2662 1897 2871 1969 sancta:
2904 1890 3027 1955 ejus
3061 1892 3245 1943 carnis
3279 1900 3440 1955 sunt,
3471 1907 3535 1946 ea
3569 1910 3689 1959 qua:

441 1978 573 2029 δωσι
602 1985 630 2013 ιι
653 1979 718 2045 τῇ
744 1977 907 2046 σαρκὶ
927 1976 1034 2027 τῶν
1059 1977 1223 2040 ἰδίων,
1243 1979 1385 2031 κατὰ
1417 1980 1507 2031 τὸν
1534 1980 1855 2042 ἀντιδόσεως
1877 1980 2014 2050 τρό-

442 2083 564 2131 πον,
598 2066 684 2119 διὰ
713 2066 813 2137 τὴν
852 2069 931 2128 εἰς
962 2066 1167 2137 ἄλληλα
1194 2069 1306 2140 (12)
1344 2068 1454 2121 τῶν
1492 2070 1676 2138 μερῶν
1710 2068 2027 2140 περιχὼρη-

449 2173 555 2217 σιν,
588 2158 681 2209 καὶ
702 2158 801 2229 τὴν
833 2158 954 2211 καθ’
994 2158 1288 2211 ὑπόστασιν
1310 2159 1530 2225 ἕνωσιν,
1569 2156 1663 2207 καὶ
1711 2162 1793 2213 ὅτι
1827 2158 1906 2225 εἷς
1934 2162 2023 2235 ἦν,

442 2251 540 2306 καὶ
564 2252 594 2305 6
621 2251 806 2316 αὑτὸς,
826 2255 856 2307 6
885 2253 978 2307 καὶ
1005 2253 1073 2308 τὰ
1102 2251 1222 2304 θεῖα
1248 2253 1338 2305 καὶ
1372 2252 1438 2304 τὰ
1471 2251 1789 2322 ἀνθρώπινα
1819 2274 1837 2305 ι
1867 2255 2023 2326 avsp—

442 2343 556 2407 γῶν
577 2342 635 2393 ὲν
657 2344 897 2413 ἑκατέρᾳ
922 2345 1102 2413 μορφῇ
1129 2341 1268 2408 μετὰ
1292 2342 1388 2410 τῆς
1422 2343 1648 2410 θατέρου
1681 2344 1964 2408 κοινωνίας
1996 2362 2019 2397 s

445 2429 538 2481 Διὸ
561 2430 625 2499 δὴ
660 2432 752 2482 καὶ
784 2433 811 2484 6
834 2430 1034 2499 Κύριος
1059 2431 1158 2499 τῆς
1189 2430 1346 2499 δόξης
1378 2429 1756 2499 ἐσταυρῶσθαι
1782 2432 2021 2500 λέγεται,

446 2521 626 2572 καίτοι
644 2522 741 2589 τῆς
782 2521 929 2583 θείας
968 2520 1136 2575 αὑτοῦ
1171 2521 1246 2589 μὴ
1297 2520 1573 2591 παθούσης
1604 2522 1842 2591 φύσεως,
1872 2526 1965 2578 καὶ
1996 2528 2025 2579 ὁ

449 2612 577 2674 Tib;
611 2612 703 2664 τοῦ
764 2612 1078 2682 ἀνθρώπου,
1115 2613 1221 2683 πρὸ
1249 2612 1343 2664 τοῦ
1377 2613 1585 2675 πάθους
1623 2615 1683 2666 ὲν
1710 2613 1787 2684 τῷ
1811 2615 2025 2686 ούρανῷ

445 2699 585 2755 εἶναι
620 2703 987 2775 ὡμολόγηται,
1035 2705 1113 2769 ὡς
1156 2703 1318 2766 αὐτὸς
1357 2706 1385 2757 6
1417 2704 1625 2774 Κύριος
1668 2705 1888 2775 ἔφησεν.
1930 2702 2023 2769 Εἷς

447 2795 559 2863 γὰρ
579 2790 671 2863 ἦν,
707 2797 800 2848 καὶ
830 2796 858 2847 6
891 2796 1054 2859 αὐτὸς
1078 2798 1106 2849 6
1131 2796 1332 2865 Κύριος
1352 2795 1453 2865 τῆς
1478 2794 1658 2865 δόξης,
1687 2797 1716 2848 6
1748 2797 1907 2865 φύσει
1931 2798 2025 2851 καὶ

447 2884 677 2954 ἀληθείᾳ
710 2885 833 2948 Υἱὸς
862 2885 1182 2956 ἀνθρώπου,
1216 2887 1335 2956 ἦτοι
1368 2885 1654 2957 ἄνθρωπος
1690 2887 2019 2957 γενόμενος,

448 2977 544 3027 καὶ
565 2975 729 3027 αὑτοῦ
754 2976 822 3028 τά
851 2993 910 3029 τε
950 2978 1206 3044 θαύματα
1240 2976 1333 3030 καὶ
1386 2976 1454 3030 τὰ
1485 2976 1630 3047 πάθη
1662 2976 2022 3049 γινώσκομεν,

447 3068 497 3118 εἰ
518 3067 611 3118 καὶ
636 3067 753 3118 κατ’
777 3067 902 3120 ἄλλο
924 3067 1235 3137 ἐθαυματού
1246 3084 1385 3136 ργει,
1410 3068 1503 3119 καὶ
1524 3069 1645 3119 κατ’
1676 3067 1803 3123 ἄλλο
1825 3069 1892 3122 τὰ
1919 3069 2028 3124 πά-

449 3157 517 3226 θη
547 3159 575 3208 6
596 3157 757 3219 αὐτὸς
780 3158 1047 3227 ὑπέμενεν
1066 3159 1197 3225 (l5).
1221 3159 1407 3226 Ἵσμεν
1433 3156 1539 3227 γὰρ
1555 3155 1743 3228 ὥσπερ
1768 3158 1897 3228 μίαν
1924 3159 2021 3213 αὑ-

2120 1982 2447 2037 ltumanitati
2483 1981 2853 2040 conveniunt,
2885 1978 2991 2033 sibi
3047 1980 3324 2045 vindicat,
3358 1990 3412 2035 et
3444 1984 3685 2036 vicissim

2122 2069 2275 2125 carni
2299 2107 2314 2132 ,
2348 2084 2471 2140 quae
2509 2084 2607 2124 sua
2641 2074 2808 2130 sunt,
2841 2065 3121 2135 impertit;
3156 2068 3253 2121 illo
3300 2071 3559 2124 nimirum
3606 2072 3686 2123 al-

2100 2168 2271 2213 ternae
2301 2158 2822 2212 continunicationis
2852 2157 3013 2211 modo
3034 2199 3050 2224 ,
3083 2161 3154 2213 ob
3180 2168 3422 2214 mutuam
3455 2162 3598 2214 inter
3624 2177 3679 2213 se

2099 2254 2337 2323 partium
2396 2251 2895 2315 commeationem,
2952 2253 3297 2317 unionemve,
3365 2250 3679 2322 liypostati-

2099 2359 2217 2395 eam
2238 2359 2252 2401 :
2276 2353 2330 2397 et
2353 2356 2460 2411 qua
2487 2356 2629 2395 unus
2654 2340 2907 2411 idemque
2933 2350 3054 2395 erat
3073 2383 3089 2407 ,
3108 2343 3201 2410 qui
3225 2343 3478 2398 etdivina
3504 2352 3559 2399 et
3576 2345 3678 2397 hu-

2107 2448 2289 2495 mana,
2314 2449 2334 2483 ι
2361 2430 2418 2484 in
2436 2439 2669 2499 utraque
2692 2431 2868 2484 forma
2894 2447 3017 2485 cmn
3042 2434 3272 2486 alterius
3294 2436 3681 2490 communione

2107 2532 2311 2591 ageret.
2350 2542 2370 2576 ι
2472 2522 2550 2576 Eo
2582 2536 2749 2590 porro
2776 2524 2999 2576 nomine
3044 2523 3307 2579 Dominus
3341 2524 3458 2592 ipse
3491 2526 3682 2595 gloria:

2102 2611 2406 2668 cruciﬁxus
2434 2611 2642 2665 dicitur
2701 2612 2741 2676 ¹,
2769 2613 3025 2681 quamvis
3053 2615 3255 2682 alioqui
3288 2615 3474 2667 divina
3503 2616 3682 2683 ipsius

2105 2709 2305 2755 natura
2334 2700 2562 2754 minime
2593 2715 2755 2770 passa
2790 2703 2860 2755 sit
2888 2717 2901 2751 :
2930 2713 2984 2755 et
3013 2717 3233 2756 rursmn
3257 2743 3271 2767 ,
3302 2702 3478 2755 Filius
3510 2705 3685 2755 homi-

2103 2792 2189 2845 nis
2216 2801 2345 2845 ante
2376 2791 2689 2860 passionem
2724 2791 2776 2844 in
2812 2792 2955 2845 coelo
2991 2807 3115 2847 esse
3145 2794 3332 2846 divtus
3362 2802 3480 2855 est,
3512 2794 3680 2845 veluti

2102 2881 2370 2937 Dominus
2404 2882 2521 2951 ipse
2555 2882 2796 2935 asseruit
2857 2882 2903 2936 ².
2940 2884 3070 2936 Erat
3100 2885 3244 2935 enim
3281 2884 3370 2936 ille
3408 2883 3547 2935 idem
3580 2882 3684 2935 Do-

2106 2972 2292 3026 minus
2320 2970 2543 3040 gloriaa,
2578 2971 2675 3039 qui
2710 2970 2877 3025 etiam
2913 2981 3111 3024 natura
3146 2981 3201 3024 et
3230 2986 3356 3026 vere
3382 2969 3556 3025 Filius
3586 2971 3684 3023 lio-

2105 3062 2271 3116 minis
2294 3101 2308 3125 ,
2338 3062 2444 3115 hoc
2471 3056 2584 3124 est,
2617 3061 2782 3115 homo
2808 3062 3133 3115 exsistebat.
3169 3063 3333 3130 Atqui
3369 3062 3543 3130 ipsius
3567 3072 3683 3114 tum

2105 3152 2373 3207 miracula
2398 3190 2415 3216 ,
2448 3158 2564 3205 tum
2596 3151 2870 3220 supplicia
2905 3166 3029 3205 esse
3057 3153 3431 3221 agnoscimus,
3464 3152 3569 3206 etsi
3600 3166 3688 3204 ra-

445 3246 543 3299 τοῦ
575 3247 672 3317 τὴν
703 3248 1021 3312 ὑπόστασιν,
1051 3246 1192 3300 οὑτω
1243 3248 1343 3317 τὴν
1382 3246 1491 3299 τῶν
1525 3246 1740 3316 φύσεων
1791 3249 2023 3320 οὑσιώδη

2114 3242 2256 3297 tione
2295 3242 2525 3296 alterius
2555 3247 2767 3294 naturae
2803 3240 3073 3294 miracula
3100 3242 3329 3304 edebat,
3362 3252 3415 3295 et
3451 3242 3715 3298 alterius-

447 3335 714 3405 διαφοράν
744 3334 1034 3399 σώζεσθαι.
1058 3337 1184 3400 Πῶς
1222 3337 1279 3389 δὲ
1309 3338 1506 3409 σωθείη
1537 3338 1790 3411 διαφορὰ,
1820 3340 1894 3409 μὴ
1922 3356 2027 3393 σω-

451 3425 697 3497 ζομένων
748 3427 858 3480 τῶν
910 3428 1007 3499 τὴν
1038 3429 1305 3499 διαφορὰν
1332 3430 1563 3499 ἐχόντων
1592 3431 1727 3501 πρὸς
1782 3430 2024 3501 ἄλληλα;

449 3520 693 3589 Διαφορὰ
722 3517 830 3588 γὰρ
855 3517 962 3571 τῶν
987 3519 1352 3589 διαφερόντων
1381 3522 1499 3573 ἐστὶ
1515 3521 1752 3592 διαφορά
1770 3536 1785 3551 ⁸
1820 3522 1895 3591 τῷ
1928 3522 2028 3591 μὲν

448 3606 542 3663 οὖν
564 3609 729 3679 λόγῳ,
756 3602 800 3676 ᾧ
833 3608 1181 3678 διαφέρουσιν
1207 3610 1450 3677 ἀλλήλων
1482 3612 1537 3664 αί
1560 3611 1750 3680 φύσεις
1776 3611 1869 3665 τοῦ
1893 3614 2028 3684 Χρι-

454 3701 603 3767 στοῦ,
633 3701 879 3754 τουτέστι
916 3700 995 3770 τῷ
1018 3700 1162 3770 λόγῳ
1190 3703 1289 3771 τῆς
1311 3702 1521 3766 οὑσίας,
1553 3703 1733 3773 φαμὲν
1764 3704 2029 3757 συνάπτε-

457 3791 580 3843 σθαι
601 3791 764 3843 αὑτὸν
785 3794 897 3853 τοῖς
925 3790 1117 3860 ἄκροις
1138 3806 1152 3820 ·
1186 3791 1327 3845 κατὰ
1355 3793 1452 3861 μὲν
1477 3792 1575 3862 τὴν
1602 3793 1851 3860 θεότητα,
1874 3793 1950 3863 τῷ
1971 3812 2029 3847 τε

457 3883 632 3952 Πατρὶ
666 3882 762 3935 καὶ
785 3882 863 3952 τῷ
894 3882 1195 3952 Πνεύματι,
1228 3884 1369 3937 κατὰ
1395 3883 1451 3936 δὲ
1485 3884 1583 3954 τὴν
1612 3885 2027 3954 ἀνθρωπότητα,

455 3978 525 4045 τῇ
545 3991 605 4026 τε
630 3974 835 4044 Μητρὶ,
887 3975 980 4027 καὶ
1011 3976 1145 4028 πᾶσι
1165 3976 1277 4037 τοῖς
1319 3973 1650 4043 ἀνθρώποις.
1680 3969 1750 4046 Ὦ
1784 3976 1840 4029 δὲ
1886 3975 2030 4046 λόγῳ

462 4064 825 4117 συνάπτονται
850 4065 907 4116 αί
939 4063 1128 4132 φύσεις
1152 4062 1338 4129 αὑτοῦ,
1363 4064 1642 4134 διαφέρειν
1667 4064 1829 4118 αὑτὸν
1851 4065 2033 4136 φαμὲν

457 4153 555 4207 τοῦ
586 4171 647 4205 τε
676 4152 891 4225 Πατρδς
924 4154 1019 4206 καὶ
1060 4152 1153 4205 τοῦ
1194 4153 1537 4223 Πνεύματος,
1562 4153 1664 4224 τῆς
1707 4170 1767 4206 τε
1811 4153 2035 4224 Μητρὸς

462 4243 685 4298 καὶτῶν
726 4243 928 4297 λοιπῶν
960 4243 1291 4314 ἀνθρώπων·
1326 4246 1689 4297 συνάπτονται
1717 4245 1825 4316 γὰρ
1854 4246 1911 4297 αἱ
1934 4243 2035 4311 φύ-

467 4351 581 4396 σεις
605 4333 770 4387 αὑτοῦ
801 4337 868 4403 τῇ
908 4333 1226 4396 ὑποστάσει,
1268 4333 1396 4403 μίαν
1439 4334 1734 4388 ὑπόστασιν
1785 4332 2035 4386 σύνθετον

465 4424 711 4494 ἔχουσαι,
765 4425 885 4479 καθ’
915 4424 981 4496 ἢν
1027 4425 1274 4494 διαφέρει
1318 4425 1413 4477 τοὺ
1452 4442 1513 4477 τε
1570 4425 1782 4496 Πατρὸς
1816 4423 2033 4480 καὶτοῦ

463 4513 803 4582 Πνεύματος,
829 4514 928 4583 τῆς
956 4530 1013 4566 τε
1043 4513 1264 4584 Μητρὸς
1290 4514 1384 4566 καὶ
1414 4514 1447 4581 ἡ
1457 4512 1593 4582 μῶν.

2108 3331 2322 3388 ratione
2375 3331 2517 3387 idem
2571 3331 2689 3400 ipse
2740 3330 3014 3400 supplicia
3074 3330 3414 3400 perferebat.
3464 3333 3685 3388 Scimus

2105 3428 2254 3481 enim
2292 3461 2309 3489 ,
2332 3432 2393 3479 ut
2418 3439 2586 3478 unam
2627 3424 2802 3493 ipsius
2834 3423 3175 3494 liypostasim
3199 3463 3214 3488 ,
3248 3423 3321 3475 ita
3355 3423 3688 3479 substantia-

2109 3516 2212 3572 lem
2246 3516 2441 3570 harum
2476 3514 2847 3570 diﬂ‘erentiam
2897 3516 3227 3569 incolumem
3274 3516 3511 3569 servari.
3562 3516 3683 3580 Quo

2106 3618 2292 3661 autem
2321 3614 2486 3676 pacto
2521 3607 2672 3661 salva
2703 3606 2807 3659 erit
2837 3604 3178 3670 diﬂ‘erentia,
3214 3621 3319 3659 non
3354 3607 3585 3661 servatis
3622 3608 3684 3659 il—

2110 3697 2177 3752 lis
2198 3711 2321 3765 quae
2349 3704 2540 3750 mutuo
2570 3696 2913 3765 discrepant.
2946 3694 3264 3749 ltill‘erentia
3293 3695 3566 3763 siquidem
3603 3705 3683 3751 est

2110 3803 2299 3844 earmn
2333 3802 2516 3843 rerum
2540 3802 2661 3858 qua'
2684 3786 2918 3841 diversw
2946 3795 3097 3840 sunt.
3129 3785 3245 3850 Qua
3280 3787 3443 3855 igitur
3478 3787 3688 3842 ratione

2112 3876 2321 3932 Christi
2355 3886 2562 3932 naturae
2600 3879 2743 3931 inter
2771 3893 2828 3931 se
2857 3876 3121 3930 diﬂ'ernnt
3143 3914 3156 3938 ,
3192 3881 3295 3929 hoc
3325 3886 3410 3930 est
3436 3879 3690 3931 essentne

2114 3968 2361 4034 ratione,
2386 3970 2488 4022 hac
2517 3984 2641 4021 cum
2674 3967 2934 4022 extremis
2962 3966 3222 4037 conjungi
3254 3967 3493 4020 dicimus
3515 4006 3528 4027 ,
3559 3976 3688 4035 puta

2114 4067 2384 4128 quantum
2416 4057 2485 4112 ad
2540 4058 2799 4113 deitatem
2831 4057 3051 4127 quidem
3081 4057 3309 4119 attinet,
3360 4072 3483 4110 cum
3530 4056 3693 4110 Patre

2118 4163 2175 4210 et
2203 4152 2420 4226 Spiritu
2451 4163 2671 4214 sancto,
2702 4161 2972 4223 quantum
3007 4166 3135 4206 vero
3167 4150 3233 4204 ad
3263 4150 3654 4203 humanitatem
3677 4188 3692 4210 ,

2117 4260 2242 4301 cum
2280 4252 2457 4299 matre
2479 4283 2495 4310 ,
2530 4253 2586 4298 et
2616 4243 2797 4298 nobis.
2824 4242 2969 4297 Idem
2993 4245 3196 4311 quippe
3225 4240 3407 4310 quoad
3440 4240 3694 4294 divinita-

2118 4343 2229 4390 tem
2261 4333 2411 4389 Patri
2436 4342 2490 4390 et
2537 4334 2770 4404 Spiritui
2800 4340 2997 4388 sancto
3042 4331 3533 4387 consubstantialis
3575 4336 3699 4395 est;

2123 4425 2308 4498 quoad
2341 4442 2473 4483 vero
2504 4426 2929 4491 humanitatem,
2960 4432 3072 4477 tum
3116 4422 3301 4487 matri,
3346 4429 3460 4475 tmn
3485 4418 3702 4474 carteris

2054 4507 2095 4561 D
2121 4519 2462 4575 hominibus.
2512 4520 2632 4586 Qua
2677 4519 2899 4575 ratione
2944 4531 3076 4573 vero
3114 4516 3236 4583 ejus
3272 4525 3481 4569 naturae
3509 4522 3699 4567 mutuo

457 4614 809 4683 copulantur,
833 4625 987 4674 eum,
1014 4616 1129 4663 tum
1165 4622 1195 4662 a
1223 4607 1381 4663 Patre
1417 4614 1473 4664 et
1528 4605 1737 4676 Spiritu
1806 4616 2024 4670 sancto,
2082 4614 2199 4660 tum
2230 4623 2259 4661 a
2300 4614 2473 4661 matre
2501 4616 2554 4662 et
2592 4606 2818 4677 reliquis
2849 4606 3161 4661 hominibus
3190 4604 3410 4659 diﬂ‘erre
3445 4603 3698 4657 dicimus.

460 4711 635 4777 lpslus
659 4706 801 4760 enim
847 4711 1055 4758 natura:
1088 4716 1184 4771 per
1236 4700 1574 4771 liypostasim
1630 4697 1977 4768 copulantur,
2005 4709 2062 4754 ut
2100 4716 2221 4771 qua:
2256 4715 2417 4755 unam
2448 4700 2692 4771 composi
2720 4714 2808 4754 am
2863 4698 3200 4768 bypostasim
3240 4696 3497 4760 habeant,
3544 4695 3702 4763 cujus

464 4802 673 4857 ratione
708 4808 818 4852 tum
854 4814 882 4850 a
916 4795 1077 4850 Patre
1102 4803 1156 4847 et
1189 4790 1393 4861 Spiritu
1425 4799 1634 4847 sancto.
1666 4799 1778 4843 tum
1811 4804 1843 4843 a
1872 4799 2045 4845 matre
2062 4799 2116 4847 et
2138 4791 2294 4847 nobis
2324 4790 2526 4847 diﬂ‘ert.

816 4929 934 4987 Τοῦ
952 4929 1167 4987 αὐτοῦ.
1207 4926 1549 4997 Κεφάλαιον
1568 4926 1679 4989 ξθ’.

540 5074 754 5141 Ὠσπερ
776 5069 833 5123 δὲ
858 5070 950 5123 ἐπὶ
981 5069 1084 5137 τῆς
1114 5066 1392 5138 θεότητος,
1437 5065 1569 5136 μίαν
1602 5063 1700 5133 μὲν
1723 5064 1887 5133 φύσιν
1911 5064 2040 5135 δμο-

467 5163 761 5234 λογοῦμεν,
791 5163 944 5231 τρεῖς
964 5160 1019 5214 δὲ
1049 5159 1378 5220 ὑποστάσεις
1399 5156 1520 5211 κατ’
1556 5154 1824 5227 ἀλήθειαν
1871 5155 2040 5218 οὖσας

473 5256 674 5324 φαμὲν,
712 5254 807 5306 καὶ
836 5252 1015 5305 πάντα
1045 5250 1144 5320 μὲν
1164 5253 1233 5303 τὰ
1253 5248 1461 5318 φυσικὰ
1487 5248 1583 5300 καὶ
1611 5245 1867 5316 οὑσιὼδτι,
1888 5244 2041 5301 ἁπλᾶ

474 5364 681 5416 φαμεν,
707 5345 807 5414 τὴν
834 5345 889 5398 δὲ
919 5343 1186 5414 διαφορὰν
1218 5342 1326 5395 τῶν
1370 5339 1727 5393 ὑποστάσεων
1769 5341 1827 5390 ἐν
1847 5339 2040 5406 μόναις

471 5440 593 5501 ταῖς
621 5437 800 5508 τρισὶν
838 5434 1089 5505 ἰδιότησι,
1117 5436 1184 5503 τῇ
1217 5429 1443 5500 ἀναιτίῳ
1473 5430 1569 5482 καὶ
1596 5431 1839 5499 πατρικῇ
1858 5430 1953 5481 καὶ
1973 5432 2039 5501 τῇ

474 5530 694 5597 αἰτιατῇ
722 5525 816 5579 καὶ
837 5526 1012 5596 υίῖκῇ,
1041 5525 1138 5577 καὶ
1193 5525 1260 5593 τῇ
1318 5521 1541 5588 αἰτιατῇ
1586 5520 1682 5572 καὶ
1731 5519 2037 5588 ὲκπορευτῇ

478 5616 926 5685 ἐπιγινώσκομιν
946 5631 960 5644 ·
997 5614 1419 5683 ὰνεκφοιτήτους
1454 5610 1510 5663 δὲ
1542 5608 1731 5672 αὐτὸς.
1768 5610 1862 5664 καὶ
1887 5607 2038 5661 ἀδια-

551 5804 606 5862 ¹1
637 5805 768 5860 Cor.
803 5819 863 5870 ιι,
890 5804 941 5857 8.
965 5803 985 5833 ’
1027 5800 1184 5855 J-‘tan.
1213 5815 1295 5866 ιιι,
1321 5799 1407 5855 15.

2648 4929 2914 4998 Ejusdem.
2946 4926 3076 4996 Cap.
3111 4926 3201 4982 69.

2205 5062 2567 5118 Personarum
2604 5062 2658 5115 in
2692 5059 2823 5127 Deo,
2862 5069 3176 5114 naturarum
3202 5061 3256 5114 in
3284 5058 3492 5116 Christo
3524 5076 3706 5115 nume-

2136 5169 2250 5208 rus.
2284 5151 2421 5207 Unio
2453 5168 2728 5206 numerum
2759 5166 2861 5205 non
2892 5151 3050 5207 tollit.
3098 5182 3164 5195 -—
3211 5152 3476 5206 Caeterum
3537 5149 3705 5204 veluti

2141 5246 2395 5303 unamsin
2438 5243 2733 5299 Divinitate
2764 5253 3009 5299 naturam
3037 5245 3382 5305 conﬁtemur,
3426 5250 3539 5297 tres
3599 5256 3706 5293 au-

2142 5346 2249 5393 tem
2278 5349 2541 5407 personas
2573 5348 2701 5406 vere
2726 5335 3053 5390 exsistentes
3095 5333 3368 5397 dicimus;
3435 5341 3597 5400 atque
3636 5345 3697 5384 ea

2143 5428 2363 5497 quidem
2389 5427 2572 5482 omnia
2605 5441 2726 5496 quae
2764 5425 3033 5481 naturalia
3088 5422 3517 5489 essentialiaqne
3546 5428 3701 5486 sunt,

2139 5532 2262 5572 esse
2301 5516 2571 5586 simplicia
2629 5516 3074 5586 pronuntiamus,
3135 5525 3496 5583 porsonarum
3574 5524 3706 5565 vero

2138 5608 2435 5664 discrimen
2467 5607 2521 5664 in
2551 5608 2683 5666 solis
2751 5608 2928 5663 tribus
2976 5604 3422 5678 proprietatibus,
3485 5602 3696 5661 scilicet
