4052 6292
291 321 430 386 1053

1219 328 1599 387 PANOPLIA
1639 325 2101 391 DOGMATICA.
2130 354 2201 366 —
2231 329 2378 391 TlT.
2423 331 2570 399 XVI.

3403 333 3542 398 ιτδι

286 438 336 490 ιι
394 436 500 491 ὑπὸ
547 435 610 491 τδ
649 438 876 508 συνεχὲς
929 443 1097 495 ποσὸν
1143 442 1485 511 ἀνάγονται,
1545 444 1580 516 ἢ
1637 445 1742 500 ὑπὸ
1803 464 1833 499 τ

1936 446 2030 513 λάε
2082 446 2294 506 Domini
2353 452 2563 505 naturis
2606 459 2968 521 pertentetur,
3027 455 3095 510 ad
3149 456 3542 513 continuatnne

280 522 681 592 διωρισμένον,
728 523 969 595 ἀροῦμεν
995 563 1011 590 ,
1061 524 1146 578 ὅτι
1190 528 1246 580 αἱ
1274 526 1370 580 τοῦ
1406 529 1613 599 Κυρίου
1645 532 1861 601 φῦσεις,

282 609 408 668 οὔτε
439 611 499 667 ἐν
521 612 686 683 σῶμά
729 615 871 667 εἰσιν
893 653 910 679 ,
942 613 1067 669 οὗτε
1102 616 1201 688 μία
1233 619 1558 687 ἐπιφάνεια,
1584 620 1712 675 οὔτε
1762 623 1835 693 μίι

1962 629 2360 696 spondebimus
2386 648 2398 685 :
2434 629 2654 686 Domini

1964 539 2356 606 quantitatem,
2406 556 2476 593 an
2526 540 2593 595 ad
2629 541 2928 596 discretam
2957 542 3287 609 referantur,
3321 544 3401 598 sic
3457 561 3541 600 re-

2883 641 3013 686 natu
3025 648 3112 688 ras
3141 650 3317 703 neque
3336 651 3540 705 corpus

281 703 521 773 γραμμὴ
541 744 556 767 ,
587 705 649 757 οὐ
680 708 905 775 χρόνος,
928 708 993 760 οὑ
1036 707 1236 773 τόπος,
1277 711 1367 765 ἴνα
1403 712 1509 764 ὑπὸ
1541 712 1602 766 τὸ
1635 715 1835 785 συνεχὲη

1963 731 2132 772 unum
2187 734 2337 785 esse,
2387 736 2565 791 neque
2605 721 2806 775 lineam
2848 738 3038 789 unam,
3092 739 3271 793 neque
3297 731 3537 795 tempus,

280 791 561 882 ἀναχθῶσι
600 795 809 849 ποσόν⁸
856 795 1037 852 ταῦτα
1077 799 1189 870 γάρ
1217 801 1325 854 είσι
1350 802 1419 855 τὰ
1460 802 1699 874 συνεχῶς
1734 805 1835 877 ἀριι

1961 822 2144 878 neque
2176 808 2385 877 locum,
2417 819 2478 866 ut
2531 812 2596 866 ad
2627 813 2946 867 continuam
2979 791 3342 882 quantitatem
3372 791 3534 870 redu-

277 881 590 955 θμούμενα.

200 1140 223 1147 λ
365 1065 561 1120 ’ἰστέον
586 1068 647 1121 δὲ
675 1068 752 1132 ὼς
791 1070 821 1123 ό
860 1070 1120 1141 ἀριθμὸς,
1156 1073 1265 1126 τῶν
1301 1072 1671 1147 διαφερόντων
1699 1080 1851 1134 ἐστί’

209 1142 233 1237 ξ
273 1159 376 1215 καὶ
402 1159 669 1213 ἀδὺνατον
710 1160 1100 1231 ἀριθμεῖσθαι,
1144 1165 1216 1217 τὰ
1263 1142 1416 1220 κατάή
1456 1142 1626 1239 μηδὲν
1669 1171 1852 1241 διαφέ-

275 1266 473 1317 ροντα·
510 1251 633 1304 καθ’
673 1250 703 1304 ὃ
735 1252 794 1304 δὲ
825 1252 1145 1325 διαφέρουσι
1169 1295 1184 1321 ,
1218 1257 1361 1311 κατὰ
1403 1259 1564 1313 τοῦτο
1603 1263 1701 1315 καὶ
1734 1265 1849 1334 ἀρι-

1957 908 2173 951 cantur.
2193 898 2318 954 Haec
2351 901 2500 956 enim
2544 911 2694 968 sunt,
2730 920 2849 973 quae
2867 905 3134 959 continue
3160 913 3365 975 quanta
3406 920 3537 959 cen-

1956 996 2114 1042 seutu
2123 1003 2169 1042 Γ.

2026 1095 2322 1153 Sciendum
2344 1117 2509 1173 porro
2544 1115 2628 1159 est
2675 1121 2737 1159 ea
2768 1106 2821 1158 in
2851 1121 3147 1159 numerum
3199 1103 3396 1165 cadere
3414 1120 3536 1172 quae

1957 1186 2101 1242 inter
2130 1204 2188 1244 se
2210 1191 2621 1264 distinguuntur
2647 1238 2662 1263 ,
2697 1212 2800 1251 nec
2837 1195 3117 1250 numerari
3172 1211 3238 1270 ea.
3264 1209 3426 1266 posse
3451 1196 3535 1249 iu~

1954 1286 2037 1332 ter
2060 1294 2181 1348 quae
2208 1282 2361 1337 nulla
2394 1284 2682 1341 distinctio
2722 1294 2808 1341 est
2842 1304 2855 1339 :
2886 1285 2981 1340 sed
3018 1293 3295 1356 quatenus
3334 1285 3533 1337 distin-

274 1340 547 1411 θμοῦνται
571 1359 588 1376 ο
626 1339 741 1396 οἷον
783 1347 812 1398 ὁ
848 1346 1055 1417 Πέτρος
1081 1348 1175 1401 καὶ
1203 1351 1230 1402 ὁ
1272 1337 1506 1415 Παῦλος,
1538 1354 1660 1407 καθ’
1692 1356 1719 1409 ὃ
1755 1360 1835 1427 μὲι

1950 1384 2214 1441 guuntur,
2238 1383 2469 1431 eatenus
2492 1378 2801 1444 numerari;
2830 1394 2915 1433 ex.
2943 1394 3050 1449 ετ..
3082 1376 3275 1432 Petrus
3308 1384 3361 1431 et
3387 1375 3531 1427 Pau-

269 1434 533 1503 ῆνωνται.
563 1435 664 1488 οὑκ
703 1436 1085 1507 ἀριθμοῦνται.

271 1523 584 1594 ἑνούμενοι,
634 1526 728 1579 δύο
764 1527 955 1597 φύσεις
1000 1530 1064 1583 οὐ
1112 1530 1368 1586 δύνανται
1413 1535 1700 1603 λέγεσθαιο
1730 1538 1851 1591 καθ’

269 1615 575 1669 ὑπόστασιν
593 1617 651 1671 δὲ
679 1618 1029 1688 διαφέροντες
1046 1660 1061 1686 ,
1088 1620 1183 1674 δύο
1216 1623 1545 1687 ὑποστάσεις
1577 1626 1847 1695 λέγονται.

270 1703 441 1757 Ὥστε
469 1706 497 1757 ό
527 1706 760 1777 ἀριθμὸς
789 1707 899 1761 τῶν
922 1708 1289 1784 διαφερόντων
1313 1715 1451 1777 ἐστὶ,
1484 1717 1577 1769 καὶ
1599 1712 1643 1786 ᾧ
1664 1718 1849 1788 τρόπῳ

264 1794 588 1866 διαφέρουσι
637 1798 706 1851 τά
754 1798 1124 1871 διαφέροντα,
1172 1804 1345 1876 τούτῳ
1386 1806 1465 1877 τῷ
1512 1808 1701 1879 τρόπῳ
1752 1810 1847 1863 καὶ

262 1886 652 1957 ἀριθμοῦνται.

344 1978 621 2035 Ἦνωνται
658 1982 759 2051 μὲν
790 1977 884 2036 οῦν
912 1986 969 2037 at
1003 1983 1098 2037 τοῦ
1129 1985 1337 2057 Κυρίου
1367 1989 1560 2058 φύσεις
1607 1992 1849 2063 ἀσυγχύ-

257 2088 377 2132 τως
413 2072 538 2124 καθ’
580 2073 906 2137 ὑπόστασιν,
936 2076 1224 2147 διῄρηνται
1251 2078 1310 2131 δὲ
1340 2081 1665 2151 ἀδιαιρέτως
1703 2085 1847 2157 λόγῳ

260 2164 361 2214 καὶ
386 2163 575 2233 τρόπῳ
596 2164 699 2233 τῆς
723 2164 1009 2236 διαφορᾶς.
1038 2169 1149 2221 Kal
1168 2162 1213 2236 ᾧ
1243 2172 1343 2240 μὲν
1373 2172 1560 2243 τρόπῳ
1583 2175 1844 2243 ἦνωνται,

254 2254 366 2306 οὑκ
404 2254 802 2325 ἀριθμοῦνται·
841 2259 901 2311 οὐ
938 2259 1050 2331 γὰρ
1084 2263 1212 2315 καθ’
1241 2263 1543 2319 ὑπόστασιν
1575 2267 1669 2321 δύο
1705 2266 1844 2323 εἷναί

255 2362 449 2414 φαμεν
474 2348 575 2412 τὰς
602 2348 791 2418 φύσεις
825 2352 918 2404 τοῦ
943 2353 1180 2423 Χριστοῦ
1208 2368 1223 2383 ·
1248 2349 1292 2423 ᾧ
1312 2356 1368 2409 δὲ
1392 2358 1579 2429 τρόπῳ
1605 2360 1844 2432 ἀδιαιρέ-

251 2453 374 2500 τως
400 2437 708 2509 διῄρηνται,
730 2444 1092 2513 ἀριθμοῦνται
1112 2462 1126 2476 ⁸
1158 2446 1251 2499 δύο
1276 2448 1384 2516 γὰρ
1414 2451 1550 2503 εἰσὶν
1573 2453 1627 2503 αἱ
1654 2452 1845 2519 φύσεις

251 2528 357 2581 τοῦ
389 2531 649 2600 Χριστοῦ,
683 2530 829 2602 λόγῳ
869 2537 959 2587 καὶ
990 2536 1177 2607 τρόπῳ
1213 2538 1313 2606 τῆς
1348 2539 1631 2610 διαφορᾶς.
1672 2541 1845 2597 Ἰινω-

252 2620 428 2690 μέναι
460 2621 572 2692 γὰρ
616 2623 740 2677 καθ’
788 2625 1090 2680 ὑπόστασιν
1115 2667 1129 2688 ,
1185 2630 1283 2682 καὶ
1323 2631 1426 2701 τὴν
1483 2633 1542 2686 ἐν
1584 2633 1843 2704 ἀλλήλαις

252 2713 643 2783 περιχώρησιν
682 2715 925 2787 ἔχουσαι,
960 2719 1286 2788 ἀσυγχύτως
1336 2722 1591 2792 ἥνωνται.
1630 2726 1727 2796 τὴν
1760 2729 1842 2780 ol-

249 2800 418 2853 κείαν
466 2802 670 2874 ἑκάστη
732 2806 971 2877 φυσικὴν
1020 2808 1285 2880 διαφορὰν
1333 2813 1696 2878 διασώζουσα.
1749 2817 1841 2889 Τῷ

245 2890 449 2961 τρόπῳ
498 2894 790 2965 τοιγαροῦν
840 2898 941 2967 τῆς
1000 2901 1306 2972 διαφορᾶς,
1370 2905 1466 2958 καὶ
1518 2907 1663 2977 μόνῳ
1719 2910 1841 2977 ἀρι-

245 2979 609 3051 θμούμεναι,
669 2986 776 3039 ὑπὸ
824 2988 890 3041 τὸ
942 2989 1309 3063 διωρισμένον
1373 2996 1541 3050 ποσὸν
1595 2999 1838 3073 ἀναχθή-

246 3088 466 3127 σονται.

324 3344 429 3414 Εἷς
458 3350 639 3407 τοίνυν
678 3353 827 3408 ἐστὶν
858 3356 886 3407 ὁ
916 3353 1173 3426 Χριστὸς,
1204 3357 1335 3423 Θεὸς
1371 3360 1581 3426 τέλειος
1606 3363 1701 3418 καὶ
1739 3365 1835 3419 ἀν-

244 3446 474 3517 θρωπος
515 3448 757 3513 τέλειοςο
802 3450 864 3503 ὃν
917 3453 1333 3524 προσκυνοῦμεν
1382 3456 1481 3510 σὺν
1518 3459 1694 3530 Πατρὶ
1738 3463 1837 3515 καὶ

241 3540 577 3611 Πνεῦματι,
634 3547 735 3617 μιᾷ
790 3549 1161 3619 προσκυνήσει
1216 3551 1357 3619 μετά
1404 3552 1505 3623 τῆς
1557 3555 1832 3626 ἀχράντου

243 3634 463 3703 σαρκὸς
498 3635 702 3702 αὑτοῦ,
750 3638 852 3691 οὑκ
898 3640 1315 3712 ἀπροσκύνητον
1370 3644 1470 3717 τὴν
1508 3646 1689 3716 σάρκα
1745 3648 1837 3702 λέ-

244 3743 445 3791 γοντες
476 3742 490 3754 ’
533 3732 923 3797 προσκυνεῖται
976 3732 1086 3802 γὰρ
1121 3734 1180 3784 ὲν
1224 3737 1287 3806 τῇ
1347 3737 1445 3807 μιᾷ
1500 3737 1595 3791 τοῦ
1654 3740 1832 3809 Λόγου

244 3818 582 3883 ὑποστάσει,
636 3823 759 3891 ἥτις
806 3824 944 3893 αὐτῇ
1008 3825 1308 3890 ὑπόστασις
1375 3829 1632 3896 γέγονεν·
1675 3833 1737 3885 οὑ
1767 3836 1834 3904 τῇ

240 3911 431 3963 κτίσει
458 3912 836 3984 λατρεύοντες.
871 3918 945 3970 Οὑ
978 3918 1089 3988 γὰρ
1120 3919 1194 3983 ὡς
1222 3920 1384 3991 ψιλὴν
1417 3923 1595 3994 σάρκα
1621 3923 1636 3961 ί
1675 3944 1835 3996 προσ·

244 4000 564 4071 κυνοῦμεν,
613 4004 729 4057 ἀλλ’
760 4006 835 4068 ὡς
877 4008 1167 4079 ἡνωμένην
1210 4009 1457 4079 θεότητι,
1512 4013 1607 4066 καὶ
1651 4017 1730 4078 είς
1774 4016 1834 4068 ἓν

245 4092 549 4161 πρόσωπον
577 4096 671 4148 καὶ
700 4096 833 4167 μίαν
867 4099 1173 4155 ὑπόστασιν
1200 4102 1294 4154 τοῦ
1324 4102 1460 4156 Θεοῦ
1494 4105 1692 4173 Λόγου,
1726 4107 1834 4162 τῶν

245 4183 347 4237 δύο
372 4185 540 4239 αὑτοῦ
565 4188 919 4257 ἀναγομένων
965 4193 1201 4260 φύσεων.
1249 4194 1476 4249 Δέδοικα
1504 4197 1597 4251 τοῦ
1629 4199 1833 4270 ᾶνθρω

242 4292 346 4340 aco;
374 4278 619 4348 ἅψασθαι
643 4281 732 4335 διὰ
751 4282 811 4335 τὸ
837 4282 913 4353 τῷ
945 4284 1083 4353 ξύλῳ
1107 4287 1452 4355 συνημμένον
1482 4289 1613 4360 πῦρ.
1652 4293 1829 4363 Προσο

244 4366 400 4421 κυνῶ
450 4368 546 4422 τοῦ
595 4372 835 4442 Χριστοῦ
889 4375 951 4426 τὸ
991 4375 1444 4447 συναμφότερον,
1488 4379 1575 4430 διὰ
1617 4381 1714 4453 τὴν
1764 4385 1827 4452 τῇ

1121 1439 1211 1509 Τῷ
1240 1440 1383 1512 λόγῳ
1414 1443 1522 1515 γὰρ
1544 1446 1641 1514 τῆς
1665 1447 1835 1501 eiiciat

1951 1461 2061 1528 lus,
2086 1478 2193 1535 qua
2227 1467 2443 1521 ratione
2479 1468 2615 1521 uniti
2638 1477 2789 1533 sunt,
2816 1484 2924 1522 non
2956 1478 3357 1533 numerantur;
3381 1482 3529 1530 nam,

1950 1570 2073 1608 cum
2140 1558 2442 1613 secundum
2513 1549 2809 1616 essentiam
2866 1562 3220 1630 copulentur,
3266 1559 3373 1612 dici
3419 1574 3528 1611 non

1951 1657 2184 1715 possunt
2212 1649 2333 1704 duae
2356 1660 2566 1706 natum
2591 1673 2603 1707 :
2639 1665 2692 1708 at
2717 1668 2867 1717 vero,
2894 1668 3017 1708 cum
3047 1654 3259 1707 ratione
3283 1664 3531 1720 persona:

1948 1737 2352 1822 diﬂ'erunt,dqae
2372 1745 2594 1813 proinde
2615 1762 2856 1815 persona:
2878 1746 3155 1800 dicuntur.
3170 1743 3244 1799 Ex
3261 1758 3368 1814 quo
3386 1750 3531 1812 patet

1952 1845 2237 1885 numerum
2293 1834 2361 1889 iis
2389 1839 2703 1900 convenire,
2749 1853 2870 1907 qua:
2904 1837 3046 1892 inter
3074 1852 3133 1891 se
3154 1834 3447 1901 dill'erunt;
3477 1844 3531 1888 et

1949 1930 2219 1990 quatenus
2249 1924 2531 1992 diﬂ'erunt,
2578 1930 2844 1984 hactenus
2875 1944 3096 1999 quoque
3126 1943 3189 1983 ea
3222 1925 3525 1980 numerari.

2024 2007 2156 2068 Duce
2181 2015 2376 2072 Christi
2395 2028 2602 2073 naturn'
2628 2019 2895 2075 discretw.
2923 2052 2990 2061 —
3014 2020 3285 2085 Quocirca
3312 2016 3525 2073 Domini

1950 2115 2184 2171 naturae,
2261 2120 2527 2178 quantum
2565 2110 2632 2165 ad
2703 2129 2996 2182 personam
3046 2115 3266 2172 attinet,
3318 2111 3526 2178 absque

1947 2197 2276 2255 confusione
2329 2202 2496 2256 unitze
2548 2212 2720 2270 sunt;
2755 2212 3019 2272 quantum
3056 2211 3237 2257 autem
3273 2201 3338 2255 ad
3372 2201 3527 2254 tlill‘c-

1948 2289 2138 2342 rentize
2188 2290 2485 2355 rationem,
2515 2293 2725 2360 absque
2777 2293 3051 2347 divisione
3082 2293 3523 2363 distinguuntur.

1948 2379 2023 2432 Ac
2048 2380 2269 2449 quidem
2300 2398 2406 2450 qua
2438 2385 2651 2438 ratione
2683 2385 2848 2439 unita:
2880 2394 3032 2450 sunt,
3070 2385 3294 2437 minime
3325 2396 3523 2437 nume-

1946 2481 2142 2525 rantur
2198 2471 2410 2543 (neque
2460 2476 2608 2528 enim
2639 2476 2777 2529 duas
2826 2485 3088 2544 quantum
3122 2476 3185 2528 ad
3231 2489 3519 2543 persmiam

1946 2560 2187 2617 dicimus
2247 2580 2373 2618 esse
2408 2563 2615 2622 Christi
2672 2566 2967 2635 naturas),
3008 2582 3115 2637 qua
3150 2576 3329 2621 autem
3383 2564 3520 2616 citra

1945 2650 2271 2707 divisionem
2356 2654 2634 2710 distincta}
2698 2665 2830 2711 sunt
2868 2694 2884 2718 ,
2945 2664 3324 2731 numerantur.
3394 2652 3521 2705 llu:e

1942 2744 2088 2797 enim
2118 2743 2326 2800 Christi
2384 2760 2594 2801 natura?
2625 2758 2779 2813 sunt,
2812 2748 3190 2803 distinctionis
3227 2748 3436 2799 ratione
3467 2754 3521 2799 ct

1944 2835 2107 2887 modo
2149 2854 2164 2887 :
2198 2850 2323 2888 nam
2355 2837 2480 2906 quia
2536 2840 2751 2893 ratione
2796 2854 3044 2908 persoiia:
3079 2837 3248 2890 unita:
3283 2845 3434 2900 sunt,
3466 2846 3521 2888 et

1943 2924 2174 2980 invicem
2207 2942 2267 2981 se
2300 2928 2625 2997 pervadunt,
2653 2929 2789 2982 citra
2819 2928 3195 2983 confusionem
3228 2927 3518 2984 uniuntur.

1944 3031 2099 3070 suam
2162 3018 2472 3073 naturalem
2546 3018 2914 3073 diﬂ'erentiam
2976 3019 3149 3071 amba:
3194 3017 3517 3071 retinentes.

1867 3113 1911 3171 C
1945 3107 2149 3176 Quare,
2196 3124 2321 3163 eum
2356 3109 2734 3165 distinctionis
2786 3110 2971 3176 modo,
3005 3111 3242 3180 ejusque
3276 3110 3393 3162 sola
3430 3124 3519 3159 ra-

1938 3197 2086 3253 tione
2115 3210 2501 3265 numerentur,
2542 3202 2611 3255 ad
2663 3202 2958 3256 discretam
3008 3201 3375 3272 quantitatem
3428 3215 3519 3253 re-

1938 3287 2217 3357 digentur.

2013 3379 2287 3446 Quomodo
2310 3381 2510 3437 Christi
2542 3399 2666 3436 caro
2690 3380 2962 3437 adoretur.
2991 3406 3063 3421 --
3185 3380 3522 3449 Quapropter

1932 3492 2074 3532 unus
2130 3483 2217 3532 est
2240 3473 2517 3541 Christus,
2573 3473 2718 3533 Deus
2758 3472 3058 3543 perfectus,
3107 3478 3161 3526 et
3192 3469 3356 3523 homo
3398 3483 3518 3539 per-

1930 3567 2128 3632 fectus,
2190 3566 2279 3620 cui
2333 3581 2496 3621 unam
2554 3565 2911 3634 eamdemque
2965 3562 3338 3617 adorationem
3392 3574 3516 3613 cum

1934 3659 2095 3715 Patre
2132 3666 2186 3712 et
2216 3658 2444 3728 Spiritu,
2474 3671 2583 3710 non
2610 3656 2835 3710 exclusa
2856 3655 3207 3710 immaculata
3244 3654 3363 3721 ejus
3393 3668 3519 3706 car-

1934 3768 2024 3816 ne,
2060 3750 2407 3806 adhibemus.
2438 3747 2627 3819 Neque
2647 3748 2795 3803 enim
2850 3744 3185 3800 adorandam
3237 3759 3361 3798 esse
3390 3758 3514 3795 car-

1937 3860 2062 3898 nem
2093 3843 2213 3912 ejus
2241 3856 2510 3909 negamus
2547 3860 2560 3895 :
2592 3838 2798 3911 quippe
2858 3853 2978 3908 quae
3018 3835 3284 3890 adorator
3314 3834 3368 3886 in
3405 3850 3514 3887 una

1936 3932 2103 3988 Verbi
2134 3946 2393 4001 persona,
2422 3947 2544 3999 quae
2570 3930 2793 4002 quidem
2828 3929 2932 4000 ipsi
2992 3941 3227 3999 persona
3258 3936 3311 3979 et
3341 3929 3513 3995 hypo—

1935 4027 2100 4084 stasis
2134 4025 2277 4079 facta
2300 4034 2403 4081 est.
2436 4025 2552 4090 Qua
2580 4027 2635 4079 in
2666 4040 2725 4079 re
2746 4039 2856 4079 non
2891 4032 3160 4078 creaturae
3199 4022 3513 4089 servimus;

1936 4131 2045 4170 non
2094 4116 2241 4170 enim
2300 4116 2470 4179 illam,
2524 4132 2626 4168 ceu
2667 4115 2868 4167 nudam
2930 4128 3153 4165 carnem
3187 4112 3510 4171 adoramus,

1934 4208 2029 4265 sed
2067 4213 2212 4262 velut
2259 4206 2537 4263 divinitati
2601 4206 2812 4259 unitam
2842 4221 2856 4259 :
2890 4212 2944 4259 et
2981 4203 3109 4274 quia
3159 4202 3280 4258 dua:
3338 4202 3514 4270 ipsius

1930 4309 2137 4354 natura:
2167 4297 2234 4351 ad
2268 4313 2428 4350 unam
2462 4296 2555 4350 Dei
2589 4294 2753 4351 Verbi
2794 4308 3085 4365 personam
3146 4292 3510 4353 reducuntur,

1929 4403 2204 4460 unamque
2278 4386 2717 4443 subsistentiam.
2800 4385 3112 4440 Carbonem
3166 4393 3390 4452 tangere
3444 4383 3514 4435 ob

242 4455 417 4524 σαρκὶ
460 4458 749 4531 ἡνωμένην
804 4460 1058 4529 θεότητα.
1090 4460 1166 4513 Οὐ
1222 4461 1335 4531 γὰρ
1372 4463 1640 4531 τέταρτον
1681 4478 1823 4531 παρ-

1937 4455 2268 4545 ἱθιιθιιίουηι
2316 4473 2466 4543 ligno
2495 4474 2850 4543 conjunctum
2881 4489 3094 4529 vereor.
3129 4473 3328 4526 Amhas
3358 4470 3516 4525 Chri—

239 4549 503 4617 εντίθημι
538 4551 836 4621 πρόσωπον
866 4553 922 4605 ὲν
948 4554 1012 4623 τῇ
1045 4553 1259 4624 Τριάδιο
1306 4554 1380 4624 μὴ
1408 4555 1621 4623 γένοιτο
1650 4572 1664 4620 ;
1702 4552 1818 4606 ἀλλ’

237 4639 317 4692 ἓν.
356 4641 652 4710 πρόσωπον
700 4643 950 4713 ὁμολογῶ
1011 4644 1107 4699 τοῦ
1160 4646 1297 4699 Θεοῦ
1352 4647 1531 4715 Λόγου
1587 4646 1820 4716 καὶτῆς

240 4732 452 4801 σαρκὸς
477 4732 668 4788 αὑτοῦ.
728 4734 900 4803 Τριάς
935 4737 1045 4805 γὰρ
1086 4736 1313 4803 ἔμεινεν
1370 4737 1402 4807 ἡ
1465 4738 1661 4808 Τριάς,
1727 4736 1823 4790 καὶ

240 4825 391 4895 μετὰ
422 4826 524 4897 τὴν
550 4826 648 4880 τοῦ
678 4827 855 4896 Λόγου
890 4829 1198 4899 σάρκωσιν.

606 5050 715 5105 Τοῦ
747 5050 955 5105 αὐτοῦ.
992 5051 1339 5121 Κεφάλαιον
1370 5057 1489 5120 ιιςῇ

309 5191 419 5245 τὸν
442 5190 575 5243 Υίὸν
610 5190 704 5242 τοῦ
759 5189 897 5242 Θεοῦ
932 5190 1030 5242 σὺν
1087 5189 1163 5261 τῷ
1210 5190 1386 5259 Πατρὶ
1419 5193 1513 5244 καὶ
1568 5190 1647 5262 τῷ
1673 5191 1817 5263 ἀγίῳ

241 5283 529 5352 Πνεὰματι
593 5281 1035 5353 προσκυνοῦμενο
1096 5280 1393 5349 ἀσώματον
1438 5283 1539 5355 μὲν
1567 5285 1673 5354 πρὸ
1702 5284 1803 5354 τῆς

239 5374 678 5444 ἁνθρωπήσεως,
704 5376 797 5427 καὶ
825 5373 919 5428 νῦν
942 5374 1035 5426 τὸν
1061 5373 1226 5427 αὑτὸν
1258 5377 1681 5444 σεσαρκωμένον
1721 5377 1816 5429 καὶ

236 5467 543 5534 γενόμενον
578 5465 885 5533 ἄνθρωπον,
923 5464 1063 5535 μετὰ
1094 5466 1191 5517 τοῦ
1229 5462 1370 5519 εἶναι
1405 5467 1561 5521 Θεόν.
1604 5466 1670 5520 Ἦ
1701 5469 1814 5521 τοί-

236 5574 338 5609 νυν
373 5557 509 5623 σὰρξ
547 5557 737 5621 αὑτοῦ,
763 5559 907 5610 κατά
944 5559 1044 5626 μὲν
1094 5557 1196 5628 τὴν
1245 5557 1447 5626 ἑαυτῆς
1505 5557 1696 5626 φύσιν,
1746 5560 1815 5612 ἂν

236 5648 421 5719 διέλῃς
452 5649 660 5717 ἰσχναῖς
677 5649 941 5712 ἐπινοίαις
957 5648 1019 5702 τὸ
1051 5650 1332 5719 ὁρώμενον
1366 5652 1429 5703 ὲκ
1468 5650 1562 5703 τοῦ
1590 5653 1817 5721 νοίυμέ‹

238 5757 359 5807 νου,
396 5741 809 5814 ἁπροσκὺνητός
844 5744 1017 5807 ἐστιν,
1061 5741 1136 5807 ὡς
1172 5744 1397 5814 κτιστήυ
1463 5744 1727 5797 ἐειωοεῖσα
1757 5747 1812 5797 δὲ

1929 4562 1998 4616 sti
2055 4571 2282 4619 naturas
2326 4561 2416 4617 'ob
2464 4561 2680 4616 unitam
2727 4562 2877 4617 carni
2931 4564 3273 4623 divinitatem
3311 4569 3503 4626 adoro.

1925 4650 2043 4707 Non
2077 4660 2329 4723 quartam
2364 4652 2619 4708 Triuitati
2667 4669 2958 4725 pers0nam
3025 4656 3198 4711 infero
3231 4677 3244 4712 :
3306 4664 3449 4716 absit
3486 4668 3499 4719 Ι

1924 4745 2019 4799 sed
2055 4762 2212 4800 unam
2255 4744 2347 4799 Dei
2394 4744 2578 4809 Verbi,
2640 4750 2930 4818 carnisque
2973 4748 3145 4815 ipsius
3208 4766 3498 4818 personam

1924 4837 2210 4890 contiteor.
2237 4838 2478 4891 Trinitas
2506 4838 2708 4906 quippe
2726 4839 2893 4891 etiam
2925 4848 3050 4908 post
3077 4837 3239 4895 Verbi
3308 4844 3493 4897 incar-
3576 4904 3578 4908 _

1922 4928 2202 4984 nationem
2228 4928 2468 4983 Trinitas
2500 4928 2723 4983 mansit.

2448 5058 2721 5128 Ejusdem.
2751 5076 2872 5130 cap.
2906 5061 2997 5119 96.

1996 5200 2192 5255 Christi
2219 5215 2367 5263 caro,
2403 5208 2459 5251 ut
2479 5197 2624 5252 Verbi
2655 5215 2781 5253 caro
2815 5202 3121 5266 adoranda,
3149 5224 3252 5259 non
3286 5209 3493 5261 ratione

1918 5293 2025 5347 sui.
2044 5321 2112 5332 —
2133 5291 2223 5345 Dei
2246 5290 2443 5344 Filium
2470 5290 2629 5346 siniul
2654 5306 2774 5346 cum
2805 5292 2961 5349 Patre
2975 5306 3026 5348 et
3060 5295 3265 5365 Spiritu
3305 5313 3493 5353 sanc:o

1918 5383 2239 5448 adoramus,
2292 5396 2523 5452 corpOre
2572 5383 2791 5455 quidem
2826 5385 3027 5439 nudum
3075 5400 3360 5457 antequam
3396 5391 3495 5442 lin-

1920 5472 2234 5527 inanitatem
2271 5474 2697 5542 assumpsisset,
2736 5491 2876 5529 nunc
2912 5487 3089 5530 autem
3126 5479 3377 5533 eumdem
3405 5482 3492 5535 iu-

1919 5574 2203 5620 carnatum
2235 5565 2616 5635 hominemque
2645 5564 2875 5630 factum,
2903 5585 3024 5620 cum
3067 5585 3131 5622 eo
3166 5573 3308 5639 quod
3348 5574 3492 5632 Deus

1918 5668 2022 5711 est.
2051 5659 2125 5711 Ae
2162 5657 2387 5725 proinde
2419 5657 2590 5727 ipsius
2625 5673 2756 5712 caro
2784 5672 2973 5729 suapte
3017 5662 3234 5730 quidem
3275 5678 3493 5746 natura’

1922 5750 1969 5802 si
2038 5748 2221 5804 subtili
2274 5748 2507 5820 quadam
2562 5748 2997 5805 consideratione
3025 5750 3077 5806 id
3139 5752 3285 5825 quod
3357 5760 3492 5815 visi.
