4052 6292
547 350 685 420 1055
922 354 931 362 ’
1766 360 2145 423 EUTIIYMII
2183 362 2538 425 ZIGABENI
2842 361 2846 365 ’
3666 382 3780 445 105,6

547 504 657 560 bile
694 514 801 571 est,
839 506 910 561 ab
962 523 1026 562 eo
1070 508 1214 578 quod
1265 508 1477 562 ratione
1502 515 1714 561 tantum
1776 507 2138 579 intelligitur,

2227 513 2295 584 τῷ
2327 512 2447 582 Θεῴ
2474 484 2655 583 Λόγίρ,
2695 513 2762 566 δι’
2790 513 2953 566 αὑτὸν
2983 516 3076 567 καὶ
3112 517 3171 568 ὲν
3199 514 3352 585 αὑτῷ
3384 521 3775 587 προσκυνεῖται.

548 598 874 653 distinxeris
891 642 905 665 ,
932 616 1277 670 nequaquam
1299 600 1578 654 adoranda
1605 607 1716 663 est,
1735 607 1922 670 utpote
1941 610 2142 667 creata,

2227 603 2429 673 Ὀνπερ
2474 602 2583 673 γάρ
2629 603 2831 672 τρόπον
2876 606 2905 657 ό
2938 603 3195 673 βασιλεὺς
3241 607 3339 659 καὶ
3389 606 3594 677 γυμνὸς
3627 624 3779 677 προσ.

550 701 604 746 et
665 709 789 747 eum
841 692 953 747 Deo
1007 693 1185 747 Verbo
1228 695 1383 747 unita
1449 694 1541 758 sit,
1590 701 1817 764 propter
1848 692 2027 763 ipsum
2095 704 2148 746 et

551 785 605 837 itt
638 788 759 856 ipso
788 786 1100 868 adoratur.‘
1120 786 1599 853 Quemadmodum
1639 787 1785 843 enim
1821 802 1938 848 rex,
1966 797 2016 839 et
2046 801 2147 838 nuo

558 875 686 941 dus,
733 886 788 930 et
841 878 1090 933 vestibus
1149 878 1378 933 indutus
1436 878 1731 944 adorator;
1790 892 1856 932 ac
1906 892 2147 947 purpura

555 966 780 1033 quidem
813 968 961 1020 velut
986 970 1219 1038 simplex
1260 986 1503 1040 purpura
1542 969 1790 1024 calcatur
1822 978 1875 1023 et
1916 967 2148 1039 projici-

553 1063 674 1117 tur;
708 1062 1007 1125 postquam
1043 1068 1226 1113 autem
1254 1062 1307 1113 in
1341 1061 1549 1131 regium
1581 1061 1960 1116 indumentum
1998 1060 2151 1115 adbi-

552 1144 668 1198 bita
700 1157 803 1210 est,
834 1157 947 1200 tum
976 1148 1185 1205 honore
1211 1162 1259 1204 et
1295 1153 1470 1221 gloria
1505 1152 1757 1217 allicitur,
1804 1169 1980 1224 eaque
2011 1168 2149 1207 con-

551 1235 763 1291 ditione
799 1248 911 1304 cst,
963 1249 1022 1292 ut
1061 1242 1153 1309 qtti
1193 1258 1311 1295 eam
1368 1242 1629 1298 indecore
1666 1247 1937 1307 tractarit,
1975 1250 2151 1299 morte

552 1330 877 1399 plerumque
910 1334 1203 1387 multetur:
1232 1337 1377 1390 velut
1401 1340 1564 1391 etiam
1586 1339 1817 1409 simplex
1843 1341 2054 1411 lignum
2132 1381 2146 1405 ,

552 1436 663 1474 non
713 1422 794 1477 sie
868 1436 1244 1493 comparatum
1312 1436 1395 1481 est
1443 1437 1501 1481 ιιι
1550 1432 1696 1499 tangi
1756 1447 1866 1484 non
1924 1431 2147 1501 possit,

554 1518 819 1564 cmterum
851 1512 941 1565 tibi
970 1514 1192 1567 admoto
1222 1516 1345 1585 igne
1372 1519 1542 1571 carbo
1568 1519 1762 1585 evasit,
1790 1535 1899 1573 non
1927 1519 2148 1589 quidem

554 1611 750 1671 suapte
781 1604 851 1666 vi,
905 1605 1001 1658 sed
1041 1607 1109 1660 ob
1147 1607 1470 1672 adjunctutn
1501 1611 1678 1680 ignem
1714 1652 1728 1672 ,
1783 1626 1882 1663 nec
1920 1611 2151 1680 propius

556 1694 848 1757 adiri,nee
896 1698 1292 1767 luttgioutnittn
1347 1710 1694 1769 potestnton
1746 1702 1892 1770 quod
1937 1717 1999 1756 ea
2024 1700 2155 1770 ligni

2218 694 2465 746 κυνεῖται
2501 694 2595 747 καὶ
2637 692 3017 763 ἐνδεδυμένος,
3063 695 3155 747 καὶ
3203 697 3235 766 ή
3267 696 3527 767 ἁλουργὶς
3548 736 3563 759 ,
3593 698 3666 760 ὼς
3696 700 3781 769 μὲν

2217 785 2347 854 ψιλὴ
2384 784 2663 854 ἁλουργὶς,
2696 786 2951 837 πατεῖται
2990 785 3085 837 καὶ
3115 787 3562 857 περιρῤἰπτεται,
3595 788 3783 857 βασιλι-

2222 876 2316 929 κὸν
2342 877 2399 928 δὲ
2424 876 2695 945 γενομένη
2720 876 2950 943 ἔνδυμα,
2979 879 3214 947 τιμᾷται
3243 879 3336 931 καὶ
3362 879 3675 947 δοξάζεται,
3703 885 3786 936 καὶ

2221 967 2273 1020 εἴ
2301 985 2386 1031 τις
2413 966 2585 1037 αὐτὴν
2612 966 3069 1038 παροικτρὼσειε,
3115 968 3366 1034 θάνατον,
3391 971 3467 1036 ὡς
3509 972 3580 1027 τὰ
3613 976 3786 1038 πολλὰ,

2222 1058 2616 1128 κατακρίνεται
2643 1074 2656 1086 '
2709 1058 2785 1123 ὡς
2817 1059 2874 1112 δὲ
2914 1060 3009 1113 καὶ
3049 1059 3205 1124 ξύλον
3246 1061 3403 1130 ψιλὸν
3443 1064 3548 1118 οὑκ
3582 1067 3697 1119 ἐστι
3731 1072 3786 1138 τῇ

2222 1151 2333 1221 ἁφῇ
2370 1151 2694 1220 ἀπρόσιτον,
2746 1150 2880 1218 πυρὶ
2919 1151 2976 1203 δὲ
3025 1153 3437 1224 προσομιλῆσαν
3473 1158 3571 1210 καὶ
3602 1159 3789 1229 ἄνθραξ

2222 1242 2535 1310 γενὸμενον,
2592 1243 2653 1294 ού
2698 1242 2762 1295 δι’
2792 1241 2973 1303 ἑαυτὸ,
3014 1242 3104 1295 διὰ
3130 1242 3187 1296 δὲ
3210 1244 3268 1296 τὸ
3298 1249 3646 1317 συνημμένον
3670 1250 3789 1321 πῦρ,

2223 1330 2520 1399 ἀπρόσιτον
2547 1330 2799 1398 γίνεται,
2838 1331 2931 1382 καὶ
2978 1332 3076 1400 οὑχ
3108 1333 3140 1401 ἡ
3174 1332 3269 1385 τοῦ
3300 1333 3455 1397 ξύλου
3495 1336 3663 1404 φύσις
3699 1341 3789 1392 ὑπο

2226 1424 2382 1492 άρχει
2406 1422 2724 1492 ἀπρόσιτος,
2751 1423 2866 1475 ἀλλ’
2897 1425 2924 1476 ὁ
2946 1424 3173 1494 ἄνθραξ,
3198 1426 3318 1496 ἦτοι
3342 1428 3403 1480 τὸ
3434 1446 3789 1499 πεπυρακτω-

2229 1513 2394 1580 μένον
2453 1511 2653 1578 ξύλον,
2704 1512 2850 1566 ούτω
2906 1512 3000 1564 καὶ
3052 1515 3084 1583 ὴ
3137 1513 3318 1584 σὰρξ,
3365 1519 3510 1571 κατά
3553 1520 3657 1588 μὲν
3704 1522 3791 1591 τὴν

2226 1604 2426 1672 ἑαυτῆς
2452 1603 2615 1671 φύσιν
2638 1644 2654 1670 ,
2699 1604 2799 1657 οὑκ
2839 1602 2957 1656 ἔστι
2987 1608 3339 1679 προσκυνητὴ
3363 1649 3380 1673 ,
3420 1616 3792 1679 προσκυνεῖται

2224 1694 2283 1749 δὲ
2315 1696 2372 1747 ὲν
2416 1694 2495 1763 τῷ
2532 1696 2942 1767 σεσαρκωμένῳ
2974 1697 3095 1768 Θεῷ
3129 1699 3325 1769 Λόγῳ,
3374 1702 3436 1753 οὑ
3478 1703 3547 1755 δι’
3586 1706 3793 1777 ἑαυτὴν,

558 1795 749 1840 natura
785 1789 877 1854 sit,
910 1798 960 1841 ιιι
998 1792 1304 1859 propiorem
1336 1794 1403 1847 ad
1443 1810 1501 1849 se
1532 1810 1817 1849 accessum
1846 1809 1958 1848 non
1993 1793 2142 1849 ferat.

2229 1779 2362 1833 ἀλλὰ
2435 1779 2523 1832 διὰ
2600 1781 2689 1835 τὸν
2745 1783 3023 1852 ἡνωμένον
3090 1784 3229 1855 αὐτῇ
3311 1787 3433 1840 καθ’
3510 1791 3796 1849 ὑπόστασιν

556 1878 649 1931 sed
676 1879 818 1945 quod
844 1881 954 1948 jam
988 1884 1154 1938 carbo
1180 1884 1270 1947 sit,
1325 1901 1420 1939 seu
1478 1886 1683 1953 lignum
1710 1901 2045 1940 accensum:
2087 1883 2142 1939 ad

2229 1872 2362 1924 Θεὸν
2423 1872 2633 1941 Λόγονο
2696 1875 2792 1925 καὶ
2841 1874 2901 1926 οὗ
2943 1892 3159 1945 φαμεν,
3200 1878 3283 1930 ὃτι
3337 1880 3517 1949 σάρκα
3574 1903 3798 1956 προσχυ.

558 1969 807 2022 eumdem
854 1987 1073 2040 quoque
1119 1976 1337 2028 modum
1388 1992 1515 2029 caro
1569 1988 1764 2046 suapte
1808 1978 2026 2047 quidem
2061 1991 2142 2029 na-

2230 1962 2322 2014 νοῦ
2333 1980 2432 2033 μεν
2462 1963 2647 2033 ψιλὴν,
2679 1964 2818 2019 άλλά
2844 1966 3022 2036 σάρκα
3042 1967 3202 2035 Θεοῦ,
3237 1970 3357 2039 ἦτοι
3390 1980 3799 2047 σεσαρκωμένον

562 2069 684 2112 tura
721 2076 1065 2131 nequaquam
1099 2074 1183 2117 est
1220 2067 1532 2119 adoranda:
1576 2070 1667 2120 sed
1702 2084 1825 2120 eum
1870 2067 2158 2120 incarnato
2230 2055 2386 2108 934"-

565 2144 742 2198 Verbo
773 2145 1056 2208 adoratur,
1100 2158 1207 2195 non
1242 2141 1461 2210 quidem
1500 2153 1726 2209 propter
1752 2142 2014 2210 seipsam,
2051 2143 2145 2193 sed
2186 2152 2409 2210 propter
2451 2143 2619 2196 Deum
2652 2144 2915 2213 Verbum,
2949 2144 3095 2215 quod
3146 2148 3448 2205 secundum
3477 2149 3800 2221 hypostasim

564 2242 665 2309 ipsi
704 2241 1023 2308 copulatum
1052 2247 1156 2292 est.
1195 2238 1379 2307 Neque
1424 2239 1573 2291 enim
1606 2237 1838 2291 fatemur
1878 2237 2082 2288 nudam
2143 2236 2452 2305 simplicem
2504 2254 2727 2294 carnem
2764 2242 3006 2306 adorari,
3040 2258 3227 2298 verum
3255 2244 3348 2298 Del
3403 2260 3662 2308 carnem,
3699 2250 3801 2302 sire

482 2386 489 2395 ,
564 2336 737 2387 Deum
775 2333 1141 2385 incarnatttm.

1087 2469 1361 2537 Ejusdem.
1404 2467 1539 2538 Cap.
1574 2469 1660 2523 75.

630 2610 894 2678 Quamvis
928 2608 1073 2665 enim
1113 2606 1259 2661 nulla
1304 2605 1375 2658 sit
1417 2614 1611 2659 natura
1675 2619 1796 2672 qua:
1834 2602 2140 2658 subsisten-

562 2705 634 2758 tia
659 2712 868 2763 careat,
906 2714 1007 2753 uec
1036 2698 1146 2751 ulla
1175 2695 1476 2751 substantia
1528 2710 1647 2763 qua:
1673 2708 1916 2762 personae
1943 2707 2141 2762 expers

560 2798 791 2849 exsistat
846 2794 1069 2861 (quippe
1113 2805 1239 2844 cum
1278 2798 1333 2840 et
1367 2786 1671 2840 subsutntia
1724 2795 1778 2838 et
1830 2798 2024 2837 natura
2086 2783 2139 2837 in

562 2888 937 2942 subsistentiis
969 2884 1391 2938 considerentur
1444 2890 1499 2934 et
1552 2880 1800 2950 personis
1830 2883 1848 2943 )
1877 2919 1891 2938 .
1940 2889 1997 2932 at
2029 2894 2141 2932 non

562 2980 771 3034 idcirco
813 2992 1032 3032 necesse
1093 2986 1153 3028 ιιι
1192 2984 1399 3028 natura:
1458 2973 1601 3035 illae,
1657 2988 1777 3041 qua:
1838 2971 2140 3026 secundum

562 3070 896 3141 ltypostasim
966 3069 1109 3122 inter
1178 3082 1236 3121 se
1306 3068 1470 3119 unita:
1532 3073 1709 3130 sunt,
1780 3080 1936 3118 suam
2025 3064 2138 3118 sin-

569 3280 733 3317 unant
772 3276 1062 3330 personam
1093 3259 1509 3320 convenientes,
1545 3272 1644 3309 nec.
1692 3253 1999 3310 substantia
2045 3267 2137 3305 ca-

567 3366 748 3415 reant,
789 3370 887 3407 nee
920 3368 1116 3406 rursus
1162 3356 1475 3420 separatam
1522 3362 1584 3400 ac
1617 3345 1895 3416 propriam
1947 3341 2133 3395 subsi-

567 3446 827 3499 stentiam
860 3444 1120 3502 habeant,
1156 3441 1249 3493 sed
1283 3440 1454 3493 amba:
1497 3452 1662 3491 unam
1694 3444 1749 3488 et
1919 3434 2130 3487 eadem.

566 3537 725 3598 Nam,
765 3550 889 3588 cunt
920 3548 1027 3587 una
1052 3540 1105 3586 et
1138 3531 1328 3587 eadem
1364 3530 1528 3583 Verbi
1571 3540 1804 3597 persona
1850 3524 2131 3601 ambarum

568 3636 890 3679 naturarum
930 3637 1164 3691 persona
1193 3620 1489 3684 exstiterit,
1525 3633 1623 3673 nec
1652 3616 1917 3669 utramvis
1941 3613 2132 3665 barum

567 3713 929 3771 subsistentia
957 3728 1150 3766 carere
1183 3712 1336 3774 sinit,
1378 3726 1475 3765 nec
1503 3724 1701 3764 rursus
1728 3722 1822 3762 eas
1857 3705 2132 3759 diversam

568 3810 711 3863 inter
734 3821 794 3860 se
835 3804 1256 3859 subsistentiant
1315 3802 1519 3856 habere
1566 3798 1837 3861 concedit,
1879 3811 1981 3850 nec
2038 3796 2134 3849 de-

568 3915 715 3953 munt
750 3907 808 3951 ttt
848 3911 995 3949 nunc
1038 3894 1227 3962 ltnjus,
1272 3909 1417 3947 nunc
1450 3894 1620 3971 illius,
1657 3905 1891 3961 persona
1922 3888 2016 3950 sit,
2040 3885 2134 3940 sed

568 3991 860 4058 utriusque
890 4003 1105 4056 semper
1143 3987 1281 4039 citra
1304 3985 1628 4039 divisionem
1660 3991 1713 4037 et
1731 3980 2133 4052 separationem

570 4079 889 4153 bypostasis
919 4079 1177 4132 exsistit:
1217 4078 1299 4132 sic
1334 4077 1592 4131 nimirum
1626 4086 1683 4129 ut
1724 4090 1832 4129 non
1869 4075 1921 4126 in
1951 4080 2137 4141 partes

569 4180 787 4227 secetur
817 4185 881 4223 ac
912 4168 1212 4230 dividatur,
1242 4168 1441 4237 suique
1471 4177 1679 4237 partem
1713 4166 1864 4229 huic,
1897 4171 2138 4233 partem-

569 4282 674 4335 que
705 4264 783 4317 illi
818 4261 1046 4323 tribuat,
1082 4260 1177 4313 sed
1212 4267 1327 4312 tota
1362 4260 1549 4326 hujus,
1579 4274 1644 4312 ae
1675 4265 1789 4310 tota
1822 4255 1971 4308 illius
2000 4252 2138 4307 indi-

2592 2486 2704 2542 Τοῦ
2753 2490 2960 2543 αὑτοῦ.
2994 2490 3339 2559 Κεφάλαιον
3375 2492 3484 2562 ογ’.

2310 2618 2372 2671 El
2414 2619 2526 2689 γὰρ
2611 2621 2708 2675 καὶ
2785 2622 2859 2690 μή
2901 2626 3019 2675 ἐστι
3089 2624 3249 2691 φύσις
3318 2626 3721 2692 ἀνυπόστατος,
3778 2631 3806 2694 ἢ

2224 2712 2386 2764 οὗσῑα
2412 2710 2747 2781 ἀπρόσωπος
2766 2727 2781 2743 ο
2800 2712 2858 2760 ἐν
2887 2712 3219 2764 ὑποστάσεσι
3244 2710 3355 2781 γὰρ
3374 2714 3470 2765 καὶ
3493 2718 3802 2787 προσώποις

2225 2802 2263 2871 1,-
2290 2819 2348 2855 τε
2370 2802 2529 2855 οὑσὶα
2556 2803 2649 2855 καὶ
2678 2804 2712 2872 ἡ
2744 2802 2909 2870 φύσις
2939 2802 3226 2871 θεωρεῖται
3263 2817 3276 2830 ·
3307 2801 3425 2854 ἀλλ’
3456 2804 3561 2856 οὑκ
3594 2806 3799 2874 ἀνάγκη

2223 2894 2323 2955 τὰς
2375 2892 2633 2963 ἀλλήλαις
2686 2894 2982 2955 ένωθείσας
3036 2893 3233 2960 φύσεις
3296 2892 3419 2945 καθ’
3470 2894 3799 2959 ὑπόστασιν,

2222 2987 2460 3055 ἑκάστην
2487 2986 2622 3037 ἰδίαν
2645 2984 2944 3054 κεκτῆσθαι
2973 2985 3285 3037 ὑπόστασιν
3310 2984 3567 3038 δύνανται
3592 2986 3701 3057 γὰρ
3731 2990 3801 3050 εἰς

2184 3136 2197 3153 ‘
2227 3077 2357 3145 μίαν
2408 3076 2817 3147 συνδραμοῦσαι
2867 3076 3167 3129 ὑπόστασιν
3198 3115 3212 3139 ,
3252 3077 3389 3146 μήτε
3439 3077 3803 3131 ἀνυπόστατοι

567 3175 706 3243 gula:
742 3172 1079 3242 ltypostasitn
1115 3169 1374 3223 habeant.
1404 3165 1547 3219 Fieri
1591 3165 1735 3219 enim
1769 3171 1966 3233 potest,
2001 3164 2133 3216 utin
2160 3164 2198 3186 “

2225 3162 2387 3234 εῖναι,
2410 3170 2546 3237 μήτε
2578 3167 2890 3231 ἰδιάζουσαν
2914 3167 3122 3238 ἑκάστῃ
3148 3167 3293 3236 ἔχειν
3325 3168 3657 3231 ὑπόστασιν,
3674 3170 3803 3222 ἀλλά

2230 3277 2358 3329 μιαν
2387 3260 2483 3313 καὶ
2537 3260 2637 3329 τὴν
2689 3260 2863 3330 αὐτὴν
2917 3260 3224 3329 ἀμφότεραι
3287 3260 3355 3313 Ἥ
3384 3261 3526 3331 αὑτὴ
3572 3262 3686 3331 γὰρ
3713 3260 3801 3315 τοῦ

2226 3351 2401 3418 Λόγου
2437 3350 3101 3423 ὑπόστασις,ἀμφοτέρων
3122 3352 3231 3404 τῶν
3258 3352 3475 3419 φύσεων
3509 3355 3802 3416 ὑπόστασις

2228 3443 2637 3511 χρηματίσασα,
2666 3442 2791 3495 οὔτε
2835 3443 3207 3496 ἀνυπόστατον
3254 3444 3435 3496 αὐτῶν
3494 3445 3627 3513 μίαν
3670 3443 3800 3499 εἶναι

2227 3535 2519 3603 συγχωρεῖ,
2550 3533 2673 3587 οῦιε
2710 3533 2815 3603 μὴν
2859 3535 3360 3604 ἐτεροῦποστάτους
3390 3536 3640 3605 ἀλλήλων
3665 3533 3799 3591 εἶναι

2226 3624 2582 3695 παραχωρεῖ,
2618 3624 2741 3677 οὐδὲ
2775 3621 2939 3695 [εἶναί
2989 3623 3009 3695 ]
3042 3641 3171 3677 ποτε
3229 3625 3328 3695 μὲν
3372 3627 3559 3691 τῆσδε,
3593 3629 3725 3681 ποτὲ
3748 3628 3800 3681 δὲ

2224 3714 2461 3785 ἐκείνης,
2487 3713 2603 3766 ἀλλ’
2633 3716 2720 3770 ἀεὶ
2773 3715 3103 3786 ἀμφοτέρων
3144 3717 3491 3786 ἀδιαιρέτως,
3522 3721 3619 3771 καὶ
3660 3721 3798 3789 ἀχω-

2228 3801 2426 3870 ρίστως
2492 3805 2729 3875 ὑπάρχει
2790 3806 3124 3868 ὑπόστασις·
3179 3806 3239 3859 οὑ
3314 3807 3651 3879 μεριζομένη
3708 3808 3798 3860 καὶ

2226 3890 2604 3960 διαιρουμένη,
2650 3892 2743 3946 καὶ
2803 3893 2970 3963 μέρος
3023 3893 3121 3962 μὲν
3168 3894 3370 3963 ἑαυτῆς
3400 3906 3403 3908 ‘
3431 3894 3560 3964 τῇδε
3587 3932 3602 3957 ,
3640 3894 3797 3964 μέρος

2225 3980 2276 4033 δὲ
2306 3982 2429 4051 τῇδε
2478 3982 2829 4053 διανέμουσα,
2863 3983 2999 4036 ἀλλά
3044 3985 3193 4036 πάσα
3245 3983 3450 4052 ταύτης
3502 3984 3597 4037 καὶ
3651 3986 3795 4036 πᾶσα

2222 4071 2454 4140 ἐκείνης.
2488 4073 2712 4142 ἀμερῶς
2755 4073 2849 4126 καὶ
2871 4072 3172 4142 ὁλοσχερῶς
3200 4074 3540 4143 ὑπάρχουσα.
3570 4075 3642 4126 Οὑ
3691 4074 3795 4142 γάρ

2225 4162 2606 4227 ἰδιοσυστάτως
2657 4165 2862 4235 ὑπέστη
2888 4169 2921 4235 ἡ
2954 4166 3047 4219 τοῦ
3075 4165 3209 4219 Θεοῦ
3246 4166 3419 4231 Λόγου
3468 4166 3605 4237 σὰρξ
3628 4206 3645 4228 ,
3677 4166 3790 4219 οὑδὲ

2223 4255 2387 4324 ἑτέρα
2430 4255 2728 4320 ὑπόστασις
2774 4258 2968 4325 γέγονε
3021 4259 3167 4325 παρά
3222 4258 3319 4328 τὴν
3368 4258 3464 4310 τοῦ
3516 4258 3653 4311 Θεοῦ
3689 4258 3788 4311 Δό-

569 4355 706 4418 vise,
738 4360 903 4421 atque
941 4351 997 4403 in
1033 4357 1208 4403 totum
1237 4350 1331 4404 sit.
1364 4348 1553 4417 Neque
1604 4348 1751 4402 enim
1791 4354 1850 4400 ttt
1904 4343 2136 4399 seorsim

2227 4360 2319 4413 γου
2367 4345 2688 4410 ὑπόστασιν,
2730 4347 2847 4399 ἀλλ’
2880 4349 2937 4400 ὲν
2991 4348 3127 4419 αὑτῇ
3175 4348 3481 4413 ὑποστάσα,
3514 4349 3789 4401 ἑνυπόστα·

571 4441 918 4500 subsisteret,
950 4437 1041 4490 Dei
1079 4436 1243 4489 Verbi
1268 4453 1395 4490 caro
1418 4436 1638 4490 condita
1677 4441 1781 4499 cst,
1824 4440 1918 4486 aut
1946 4440 2139 4502 praeter

574 4530 668 4583 Dei
705 4527 867 4582 Verbi
923 4539 1214 4594 personam
1247 4526 1353 4578 alia
1397 4524 1539 4579 facta
1579 4524 1682 4579 fuit
1713 4536 1983 4593 persona:
2041 4518 2136 4574 sed

582 4637 707 4674 eum
751 4620 804 4672 in
838 4636 899 4672 ea
932 4618 1286 4680 subsisteret,
1316 4618 1459 4672 facta
1490 4628 1569 4671 est
1617 4616 1802 4685 potius
1849 4616 2143 4668 ὲνυπόστα-

2221 4454 2314 4497 τος
2360 4433 2581 4507 μᾶλλον,
2616 4440 2710 4491 καὶ
2755 4440 2818 4492 οὑ
2874 4440 2996 4492 καθ’
3030 4439 3225 4509 ἑαυτὴν
3272 4438 3636 4502 ἰδιοσύστατος
3666 4438 3787 4489 ὑπό-

2226 4542 2413 4587 στασις
2467 4528 2679 4599 γέγονε.
2717 4529 2809 4587 Διὸ
2861 4528 2984 4581 οὑδὲ
3042 4528 3416 4591 ἀνυπόστατός
3461 4530 3650 4591 ἐστιν,
3678 4526 3788 4579 οὐδὲ

2225 4616 2420 4684 ἑτέραν
2456 4620 2515 4669 ὲν
2540 4621 2604 4689 τῇ
2635 4619 2825 4687 Τριάδι
2856 4619 3214 4688 παρεισφέρει
3245 4618 3567 4672 ὑπόστασιν.

562 4736 677 4789 τος,
715 4717 767 4771 id
789 4726 895 4781 est,
940 4715 994 4769 iu
1033 4715 1142 4769 alio
1162 4713 1442 4772 Substans.
1491 4726 1653 4779 quant
1681 4709 1910 4763 scorsint
1946 4711 1999 4762 in
2030 4709 2208 4779 scipsa
2230 4710 2491 4766 snbstans
2526 4708 2852 4780 bypostasis.
2885 4710 3249 4777 Quamobrem
3285 4701 3387 4766 nec
3440 4721 3594 4767 caret
3630 4710 3796 4767 subsi-

562 4807 785 4870 stentia,
830 4820 927 4858 nec
968 4803 1196 4857 alteram
1227 4800 1280 4853 itt
1316 4798 1583 4852 Trinitate
1611 4811 1897 4867 persmtatn
1933 4796 2162 4849 inducit.

1093 4941 1363 5011 Ejusdem.
1394 4938 1524 5004 Cap.
1557 4936 1645 4989 τι.

641 5077 825 5131 Divina
846 5079 1059 5129 nomina
1080 5076 1403 5128 communia.
1430 5102 1499 5112 —
1526 5072 1659 5137 Quae
1716 5086 1841 5125 cum
1892 5072 1965 5123 ita
2004 5072 2138 5135 sint,

565 5170 919 5240 appendicem
969 5167 1141 5230 illam,
1197 5181 1359 5226 quant
1416 5165 1609 5222 Petrus
1663 5164 1975 5234 Cnapbeus,
2041 5178 2137 5218 seu

566 5262 741 5325 Fullo,
774 5256 1023 5326 Trisagio
1053 5256 1256 5326 hymno
1276 5257 1498 5325 adjecit,
1533 5257 1751 5324 impiam
1780 5271 1903 5310 esse
1935 5252 2139 5309 statui-

565 5372 708 5415 mus,
744 5366 801 5407 ut
831 5369 951 5422 qua:
983 5362 1233 5421 quartam
1265 5351 1490 5405 inducat
1556 5365 1873 5419 personam,
1930 5364 1993 5403 ac
2049 5347 2141 5404 Dei

566 5444 787 5510 Filium,
821 5447 927 5497 vim
954 5443 1099 5496 illam
1130 5439 1387 5495 nimirum
1426 5440 1602 5495 Patris
1652 5455 1777 5496 vere
1836 5441 2141 5495 subsisten-

566 5549 696 5601 tem,
723 5537 955 5592 seorsim
979 5535 1233 5599 collocet,
1270 5543 1323 5589 et
1355 5534 1584 5588 seorsim
1642 5548 1835 5588 rursus
1863 5549 2008 5595 eum,
2046 5534 2138 5603 qui

565 5630 718 5683 cruci
747 5628 939 5682 affixus
991 5636 1096 5691 est,
1122 5642 1186 5681 ac
1216 5626 1259 5680 si
1293 5624 1361 5679 ab
1387 5624 1478 5678 illo
1530 5626 1659 5693 {orti
1692 5624 1945 5680 diversus
1969 5632 2137 5688 esset,

564 5722 651 5774 vel
682 5719 1001 5774 Trinitatem
1044 5727 1289 5774 sanctam
1330 5719 1570 5786 passioni
1599 5717 1894 5773 obnoxiam
1949 5717 2139 5786 Opine-

566 5820 681 5877 tur,
716 5810 1042 5881 Patremque
1070 5827 1130 5865 ac
1188 5810 1453 5881 Spiritum
1518 5821 1766 5866 sanctum
1810 5810 1860 5864 in
1926 5825 2141 5866 crucem

2596 4936 2707 4994 Τοῦ
2728 4939 2938 4993 αὑτοῦ.
2970 4938 3333 5008 Κεφάλαιον.
3358 4939 3465 4996 06'.

2328 5072 2612 5125 Ἐντεῦθεν
2657 5072 2753 5124 καὶ
2779 5072 2880 5141 τὴν
2912 5072 2973 5123 ἐν
3027 5070 3107 5141 τῷ
3160 5071 3446 5143 Τρισαγὶῳ
3496 5076 3796 5147 προσθήκην

2247 5167 2352 5219 ὑπὸ
2375 5164 2469 5219 τοῦ
2501 5165 2898 5235 ματαιόφρονος
2928 5167 3134 5235 Πέτρου
3160 5166 3254 5219 τοῦ
3286 5169 3556 5237 Κηφέως
3589 5182 3790 5238 γεγενη-

2249 5261 2442 5331 μένην,
2480 5258 2805 5329 βλάσφημον
2829 5258 3151 5328 όριζὸμεθα,
3181 5258 3256 5321 ὡς
3286 5260 3551 5328 τέταρτον
3589 5274 3789 5330 παρεισο

2246 5355 2489 5423 ἀγουσαν
2537 5350 2856 5422 πρόσωπον,
2882 5352 2977 5404 καὶ
3007 5352 3286 5420 άναμέρος
3315 5355 3559 5406 τιθεῖσαν
3596 5332 3685 5405 τὸν¹
3705 5347 3789 5401 τοῦ

2245 5442 2381 5497 Θεοῦ
2417 5442 2568 5509 Υἰδν,
2605 5441 2707 5511 τὴν
2757 5439 2854 5493 τοῦ
2888 5439 3102 5508 [ἰατρὸς
3152 5443 3519 5496 ὲνυπόστατον
3563 5442 3787 5508 δύναμιν,

2246 5538 2341 5590 καὶ
2362 5536 2635 5605 ἀναμέρος
2658 5534 2750 5589 τὸν
2769 5534 3188 5603 ἐσταυρωμένον
3210 5535 3282 5594 ὡς
3312 5534 3477 5588 ἄλλον
3521 5536 3640 5587 ὄντα
3655 5530 3788 5599 παρὰ

2246 5630 2338 5683 τὸν
2378 5627 2651 5697 ἰσχυρὸν,
2675 5627 2706 5696 ἢ
2733 5624 2986 5695 παθητὴν
3009 5627 3109 5697 τὴν
3133 5628 3297 5693 ἁγίαν
3332 5628 3537 5698 Τριὰδα
3565 5625 3789 5690 δοξάζου-

2254 5736 2375 5782 σαν,
2417 5722 2514 5771 καὶ
2551 5716 2971 5786 συσταυροῦσαν
3002 5717 3078 5784 τῷ
3114 5717 3224 5786 1⁸ἱῴ
3258 5719 3351 5771 τὸν
3383 5721 3591 5788 Πατέρα
3613 5722 3691 5767 καὶ
3730 5709 3785 5762 τὸ

2266 5811 2492 5883 Πνεῦμα
2538 5812 2593 5865 τὸ
2628 5810 2806 5880 ἅγιον.
2851 5810 3065 5880 Ἀπαγε
3098 5811 3304 5883 ταύτην
3368 5815 3464 5883 τὴν
3496 5811 3783 5882 βλάσςημον
