4054 6286
274 366 416 431 1057

1266 373 1639 435 PANOPLIA
1680 371 2139 434 DOGMA'l‘ICA.
2170 398 2237 409 —
2263 375 2408 438 ΤΙΤ.
2444 376 2590 438 XVI.

3390 386 3530 466 ωδε

269 507 360 559 καὶ
381 508 805 575 παρέγγραπτον
839 501 1130 572 φλυαρίαν.
1178 500 1370 572 Ἦμεῖς
1401 502 1508 572 γάρ
1549 501 1647 564 τὸ,
1686 502 1852 572 ἅγιος

1964 515 2095 575 igat.
2125 504 2319 560 Procul
2361 507 2432 560 sit
2459 507 2780 578 blaspheme
2827 510 2939 564 lucc
2970 519 3024 566 et
3061 507 3372 567 adulterina
3417 531 3522 569 nu-

270 597 300 646 ό
337 592 503 656 Θεὸς,
537 591 630 644 ἐπὶ
660 589 753 644 τοῦ
801 590 1015 661 Πατρδς
1073 588 1491 661 ὲκλαμϐάνομεν
1516 633 1533 659 ,
1561 590 1661 645 οὐκ
1702 591 1853 662 αὐτῷ

269 683 417 754 μόνῳ
439 682 501 736 τὸ
542 681 640 752 τῆς
695 681 951 752 Θεότητος
984 681 1334 752 ἀφορίζοντες
1365 682 1560 752 δνομα,
1585 681 1725 736 ἀλλὰ
1758 683 1853 737 καὶ

268 776 358 831 τὸν
394 777 525 830 Υίδν
553 773 684 828 Θεδν
704 774 907 837 εἰδότες
925 814 941 841 ,
970 773 1067 828 καὶ
1097 773 1158 827 τὺ
1192 772 1421 845 Πνεῦμα
1447 774 1508 828 τὸ
1529 775 1685 846 ἆγιον
1707 791 1723 809 ο
1755 775 1853 830 καί⁹

267 868 352 935 τδ,
382 869 548 938 ἅγιος
583 865 854 936 ἰσχυρὸς,
883 865 978 918 ἐπὶ
1023 865 1118 918 τοῦ
1153 865 1285 919 Υίοῦ
1320 865 1546 936 τίθεμεν
1569 907 1584 932 ,
1608 867 1708 920 οὐκ
1750 866 1854 922 άπ-

267 959 665 1030 αμφιεννὺντες
690 959 791 1028 τῆς
826 955 1010 1026 ἰσχύος
1038 955 1129 1010 τὸν
1157 955 1380 1028 Πατέρα
1413 957 1511 1012 καὶ
1535 958 1596 1011 τὸ
1628 956 1854 1033 Πνεῦμα

267 1053 334 1105 τὸ
356 1051 511 1120 ἅγιον
533 1067 547 1081 ·
580 1050 674 1103 καὶ
721 1048 802 1114 τὸ,
832 1046 1000 1117 ἅγιος
1038 1047 1358 1115 ἀθάνατος,
1400 1049 1493 1102 ἐπὶ
1552 1047 1645 1102 τοῦ
1695 1048 1852 1118 ἁγίου

267 1142 592 1212 Πνεύματος
613 1142 903 1211 τάττομεν,
929 1141 1028 1194 οὐκ
1059 1141 1166 1206 ἔξω
1196 1141 1296 1210 τῆς
1337 1141 1640 1205 ἀθανασίας
1670 1141 1856 1195 τιθέν-

265 1254 361 1298 τες
390 1235 482 1288 τὸν
523 1234 743 1304 Πατέρα
777 1234 871 1286 καὶ
901 1232 992 1286 τδν
1039 1232 1192 1297 Υἱὸν,
1226 1233 1342 1287 ἀλλ’
1365 1235 1451 1301 ἐφ’
1482 1235 1722 1305 ἑκάστης
1745 1233 1855 1287 τῶν

265 1323 622 1378 ὑποστάσεων
650 1322 830 1385 πάσας
881 1321 979 1384 τὰς
1027 1321 1334 1392 Θεωνυμίας
1360 1323 1551 1385 ἁπλῶς
1591 1325 1688 1377 καὶ
1719 1325 1856 1376 ἀπο-

266 1414 446 1478 λύτως
469 1411 930 1483 ἐκλαμϐάνοντες,
967 1414 1064 1465 καὶ
1111 1413 1204 1465 τὸν
1233 1414 1378 1466 θεῖον
1414 1413 1741 1466 Ἀπόστολον
1765 1413 1858 1466 ὲκ-

272 1488 608 1577 μιμοὺμένοι
637 1545 654 1572 ,
689 1503 970 1574 φάσκοντα
998 1520 1014 1536 ’
1066 1503 1241 1573 Ἡμῖν
1273 1499 1341 1559 δὲ
1383 1500 1472 1571 εἷς
1504 1507 1645 1570 Θεὸς
1675 1509 1706 1559 ὁ
1741 1503 1860 1558 Πά-

267 1597 406 1665 τὴρ,
433 1596 503 1660 ἐξ
535 1590 607 1651 οὗ
642 1595 715 1649 τὰ
735 1594 952 1659 πάντα,
977 1592 1077 1647 καί
1098 1594 1273 1663 ἡμεῖς
1302 1595 1373 1660 ἐξ
1407 1595 1625 1649 αὐτοῦ·
1649 1593 1747 1648 καί
1772 1587 1862 1659 εἷς

271 1690 491 1758 Κύριος
539 1684 778 1754 Ἰησοῦς
826 1685 1103 1753 Χριστὸς,
1153 1685 1228 1739 δι’
1259 1681 1331 1742 οὗ
1381 1686 1454 1739 τὰ
1494 1686 1857 1749 narramus!

277 1777 453 1848 ἡμεῖς
479 1777 556 1830 δι’
575 1775 764 1830 αὐτοῦ
801 1791 816 1806 °
849 1775 948 1829 καί
996 1775 1068 1829 ἓν
1098 1777 1342 1844 Πνεῦμα
1385 1776 1586 1846 ἅγιον.
1615 1778 1684 1830 ἐν
1712 1771 1760 1844 ᾧ
1788 1777 1860 1830 τὰ

1964 1775 2158 1839 omnia,
2198 1785 2247 1828 et
2288 1792 2382 1828 nos
2422 1791 2516 1844 per
2559 1777 2777 1844 ipsum:
2898 1787 2947 1832 et

276 1871 477 1925 πάντα
503 1867 604 1922 καὶ
636 1866 806 1938 ἡμεῖς
832 1866 903 1920 ἐν
929 1864 1088 1931 αὐτῷ
1104 1875 1167 1920 ιιι.
1201 1867 1276 1922 Οὐ
1327 1868 1434 1938 μὴν
1476 1867 1611 1920 ἀλλὰ
1639 1867 1732 1920 καὶ
1768 1867 1861 1920 τὸν

275 1961 540 2029 Θεολόγον
571 1957 892 2029 Γρηγόριον,
912 1955 1015 2012 ὧδὲ
1065 1975 1140 2026 πη
1171 1957 1400 2024 λέγοντα
1421 1975 1434 1989 ο
1475 1957 1650 2027 Ἡμῖν
1679 1957 1747 2010 δὲ
1775 1953 1861 2024 εἷς

280 2051 430 2116 Θεὸς
460 2052 493 2104 δ
542 2048 764 2115 Πατὴρ,
797 2047 866 2111 ἐξ
895 2043 968 2104 οὗ
1024 2047 1114 2102 τὰ.
1135 2046 1332 2101 πάντα
1353 2086 1370 2111 ,
1399 2049 1497 2102 καὶ
1530 2042 1618 2113 εἷς
1648 2048 1861 2114 Κύριος

293 2142 535 2210 Ἰησοῦς
557 2137 918 2208 Χριστὸςβι*
950 2133 1024 2193 οὗ
1054 2136 1128 2190 τὰ
1163 2137 1379 2204 πάντα,
1400 2137 1495 2191 καὶ
1523 2136 1594 2191 ἐν
1620 2136 1862 2204 Πνεῦμα

281 2233 476 2302 ἅγιον,
507 2232 576 2284 ἐν
595 2225 644 2298 ᾧ
674 2228 748 2283 τὰ
769 2229 996 2292 πάντα,
1017 2227 1135 2294 τοῦ,
1164 2229 1233 2292 ἐξ
1258 2223 1352 2292 οὗ,
1385 2228 1499 2293 καὶ,
1524 2227 1596 2281 δι’
1617 2222 1712 2287 οὗ,
1745 2227 1859 2290 καὶ,

281 2317 446 2390 ἐνῷ,
489 2321 562 2392 μὴ
612 2320 804 2388 φύσεις
847 2318 1185 2387 τεμνόντων*
1220 2317 1343 2370 οὐδὲ
1373 2317 1482 2387 γὰρ
1529 2318 1596 2371 ἂν
1641 2317 1864 2386 μετέπι-

287 2431 422 2466 πτον
452 2413 507 2464 αἱ
535 2410 844 2481 προθέσεις,
877 2409 910 2480 ἢ
936 2409 990 2462 αἱ
1035 2408 1218 2474 τάξεις
1248 2407 1358 2460 τῶν
1394 2407 1703 2476 ὀνομάτων·
1728 2406 1865 2461 ἀλλὰ

284 2500 806 2574 χαρακτηριζόντων
833 2501 960 2571 μιᾶς
983 2499 1076 2553 καὶ
1097 2497 1409 2568 ἀσυγχύτου
1427 2497 1641 2566 φύσεως
1672 2497 1863 2568 ἰδιότη-

282 2613 386 2657 τας
408 2611 420 2625 ·
452 2593 546 2647 καὶ
571 2591 730 2660 τοῦτο
751 2591 910 2661 δῆλον
930 2578 991 2655 ἐξ
1023 2583 1097 2644 ὧν
1127 2591 1206 2653 είς
1233 2589 1292 2642 ἓν
1323 2589 1646 2657 συνάγονται
1679 2589 1862 2655 πάλιν,

285 2687 336 2738 εί
377 2684 452 2754 τῷ
485 2684 560 2754 μὴ
587 2683 879 2754 παρέργως
905 2684 1080 2735 ἐκεῖνο
1118 2681 1554 2749 ἀναγινώσκεται
1593 2681 1746 2752 παρὰ
1787 2681 1866 2753 τῷ

285 2776 441 2845 αὐτῷ
478 2775 805 2844 ’Λποστόλῳ,
839 2773 902 2847 τὺ
930 2816 945 2838 ,
969 2774 1038 2839 ἐξ
1087 2773 1274 2827 αὑτοῦ
1295 2813 1309 2835 ,
1338 2773 1432 2826 καὶ
1457 2772 1532 2825 δι’
1553 2773 1741 2827 αὑτοῦ
1774 2771 1866 2825 καὶ

287 2868 360 2920 ὲν
395 2863 555 2932 αὐτῷ
595 2864 667 2919 τὰ
704 2864 930 2918 πάνταο
965 2864 1123 2930 αὐτῷ
1169 2864 1318 2928 δόξα
1350 2867 1438 2930 είς
1472 2864 1614 2931 τοὺς
1645 2864 1867 2930 ultimae

288 2955 414 3012 τῶν
446 2957 696 3012 αἰώνων.
727 2956 786 3008 ’Δ
795 2956 923 3028 μὴν.

367 3138 488 3192 Ὀτι
517 3137 626 3207 γὰρ
658 3137 757 3191 οὐκ
791 3137 869 3200 είς
899 3135 990 3188 τὸν
1013 3134 1141 3186 Υἱὸν
1173 3135 1330 3205 μόνον
1357 3135 1607 3187 λέλεκται
1641 3135 1700 3185 τὸ
1717 3151 1864 3204 τρισ-
1895 3184 1933 3207 μ

1951 596 2182 665 gacitas.
2214 592 2327 650 Nos
2373 595 2576 664 quippe
2611 595 2770 662 illud,
2804 609 3019 653 sanctus
3063 599 3204 654 Deus
3250 601 3318 656 de
3363 603 3524 658 Patre

1951 687 2290 756 accipimus:
2325 701 2432 742 non
2464 687 2610 756 quod
2647 688 2752 758 ipsi
2786 689 2888 744 soli
2925 690 3235 748 divinitatis
3270 695 3524 764 assigne-

1951 791 2074 831 mus
2101 791 2324 832 nomen.
2357 775 2492 831 Nam
2525 787 2578 831 et
2608 778 2832 845 Filium,
2863 786 2918 834 et
2960 779 3226 851 Spiritum
3266 795 3521 840 sanctmn

1957 866 2122 922 Deum
2156 869 2526 938 agnoscimus.
2561 868 2747 924 Itidem
2780 870 2940 938 illud,
2972 883 3188 927 sanctus
3219 875 3398 942 fortis,
3429 874 3522 929 Fi-

1953 958 2028 1012 lio
2053 959 2348 1016 tribuimus
2377 978 2390 1014 :
2421 976 2530 1015 non
2562 961 2707 1032 quod
2739 961 2952 1018 Patrem
2989 971 3043 1018 et
3085 962 3351 1034 Spiritum
3396 983 3526 1022 sane

1954 1053 2101 1099 ctum
2135 1047 2338 1102 virtute
2362 1047 2686 1116 spoliemus.
2716 1048 2795 1102 Ac
2831 1048 3069 1120 denique
3105 1053 3236 1106 illud
3259 1093 3274 1117 ,
3305 1065 3523 1109 sanctus

1954 1139 2312 1204 immortalis,
2367 1139 2595 1210 Spiritui
2640 1149 2834 1198 sancto
2881 1144 3251 1202 ascribimus:
3312 1162 3420 1202 non
3467 1158 3526 1201 ut

1958 1227 2171 1283 Patrem
2208 1237 2263 1284 et
2301 1227 2498 1284 Filium
2549 1231 2619 1286 ab
2676 1233 3093 1289 immortalitate
3143 1237 3522 1302 exeludamus,

1957 1321 2049 1375 sed
2081 1323 2218 1375 utin
2247 1337 2577 1392 unaquaque
2608 1339 2840 1393 persona
2869 1325 3052 1379 omnia
3081 1326 3262 1380 divina
3301 1330 3524 1384 nomina

1958 1412 2286 1480 simpliciter
2321 1421 2374 1467 et
2407 1415 2659 1469 absolute
2685 1431 2996 1483 sumamus,
3021 1417 3269 1473 divinum
3312 1421 3527 1475 scilicet

1957 1499 2278 1567 Apostolum
2316 1501 2618 1567 imitantes,
2639 1503 2801 1570 cujus
2833 1503 2945 1558 ha-c
2973 1505 3135 1559 verba
3159 1517 3322 1561 sunt:
3358 1505 3526 1561 Nobis

1958 1598 2133 1643 autent
2181 1607 2317 1644 unus
2351 1589 2486 1645 Deus
2533 1591 2713 1658 Pater,
2742 1608 2806 1646 ex
2852 1609 2953 1663 quo
2987 1597 3188 1660 omnia,
3246 1605 3294 1650 et
3335 1613 3427 1650 nos
3464 1611 3528 1650 ea:

1959 1683 2072 1751 ipso
2099 1700 2115 1749 ;
2146 1694 2194 1737 et
2227 1699 2362 1737 unus
2426 1683 2686 1739 Dominus
2720 1685 2880 1741 Jesus
2931 1685 3196 1756 Christus,
3239 1705 3328 1758 per
3377 1707 3526 1759 quem

3122 1797 3255 1834 unus
3297 1780 3528 1848 Spiritus

1961 1873 2198 1925 sanctus,
2232 1865 2409 1933 inquo
2447 1867 2644 1928 omnia,
2690 1877 2741 1921 et
2792 1884 2888 1923 nos
2935 1869 2989 1922 in
3052 1871 3165 1933 ipso
3218 1876 3252 1924 ³.
3288 1871 3531 1940 Itemque

1959 1953 2283 2022 Gregorium
2332 1959 2352 1987 '
2407 1957 2560 2011 illum
2618 1952 2954 2029 Theologum
2989 1960 3056 2014 ad
3099 1961 3248 2015 hunc
3308 1963 3532 2017 modum

1962 2045 2310 2115 loquentem:
2339 2046 2506 2103 Nobis
2543 2062 2716 2104 autent
2748 2069 2883 2106 unus
2924 2053 3062 2108 Deus
3103 2055 3287 2117 Pater,
3336 2073 3399 2109 ea:
3432 2075 3534 2126 quo

1962 2140 2174 2204 omnia;
2211 2148 2260 2194 et
2288 2155 2424 2194 unus
2457 2141 2708 2195 Dominus
2743 2142 2904 2197 Jesus
2941 2143 3204 2209 Christus,
3251 2165 3344 2216 per
3383 2166 3535 2218 quem

1963 2231 2252 2295 omnia;et
2280 2248 2417 2286 unus
2459 2231 2696 2302 Spiritus
2739 2244 2997 2302 sanctus,
3046 2237 3099 2289 in
3144 2254 3247 2308 quo
3315 2241 3533 2294 omnia:

1965 2319 2052 2374 his
2084 2323 2318 2385 vnculis,
2349 2339 2414 2375 ex
2435 2339 2557 2392 quo,
2577 2340 2668 2390 per
2701 2341 2876 2394 quem,
2909 2327 3045 2380 etin
3082 2345 3204 2397 quo,
3241 2344 3349 2382 non
3383 2331 3535 2384 scin-

1964 2411 2223 2467 dentibus
2249 2421 2473 2468 naturas
2497 2413 2698 2484 (neque
2721 2415 2868 2469 enim
2889 2416 3094 2485 alioqui
3118 2419 3536 2487 pra-positiones

1966 2500 2092 2567 illae,
2129 2511 2224 2555 aut
2251 2504 2532 2558 nominum
2572 2505 2800 2561 ordines
2856 2522 3100 2576 unquam
3147 2510 3534 2579 mutarentur),

1965 2609 2152 2648 verum
2211 2595 2376 2650 unius
2423 2611 2486 2650 ac
2536 2596 2841 2651 inconfusae
2899 2605 3107 2652 natura)
3169 2601 3536 2667 proprietates

1964 2685 2420 2754 exprimentibus.
2445 2685 2614 2756 quue
2650 2688 2824 2758 liquet
2849 2705 2913 2741 ex
2943 2703 3008 2743 eo
3065 2693 3212 2759 quod
3247 2706 3440 2745 rursus
3481 2691 3534 2744 in

1965 2791 2134 2829 unum
2186 2776 2549 2847 colliguntur,
2599 2778 2644 2832 si
2692 2779 2853 2832 modo
2894 2780 3167 2848 quispiam
3195 2780 3347 2832 illud
3393 2783 3536 2850 apud

1965 2866 2286 2935 Apostolum
2346 2868 2491 2921 haud
2547 2869 2888 2939 negligenter
2947 2870 3126 2938 legat:
3165 2863 3246 2921 Ea:
3298 2871 3435 2934 ipso,
3487 2881 3537 2925 et

1965 2973 2056 3026 per
2083 2958 2277 3025 ipsum,
2317 2968 2366 3012 et
2400 2960 2451 3012 in
2479 2961 2590 3026 ipso
2623 2969 2743 3013 sunt
2775 2959 3101 3026 omnia,ipsi
3129 2958 3305 3028 gloria
3349 2961 3404 3014 in
3434 2978 3536 3014 sa:-

1966 3045 2087 3098 cula
2111 3047 2448 3100 saeculorum.
2470 3049 2635 3101 Amen
2673 3045 2720 3099 ⁸.

2038 3133 2172 3188 Nam
2201 3137 2344 3205 quod
2379 3151 2487 3190 non
2515 3137 2582 3190 de
2619 3136 2761 3191 Filio
2787 3135 3056 3190 duntaxat
3077 3172 3093 3196 ,
3184 3135 3277 3190 sed
3310 3135 3375 3190 de
3417 3151 3542 3190 san-

296 3229 474 3300 άγιον,
501 3229 615 3284 ἀλλ’
639 3230 719 3292 είς
743 3228 842 3298 τὴν
869 3227 1031 3294 ἁγίαν
1053 3227 1281 3298 Τριὰδα,
1307 3227 1517 3296 μάρτυς
1543 3228 1571 3279 ὁ
1610 3224 1751 3286 θεῖος
1776 3225 1865 3277 καὶ

1970 3233 2059 3282 cta
2103 3225 2378 3281 Trinitate
2415 3227 2597 3281 dictus
2630 3227 2702 3282 sit
2748 3235 2832 3282 ter
2875 3235 3101 3282 sanctus
3147 3227 3408 3298 hymnus,
3463 3234 3544 3281 te-

297 3319 442 3391 ίερὺς
475 3318 814 3382 Ἀθανάσιος,
848 3316 1128 3379 Βασίλειός
1161 3332 1221 3368 τε
1247 3354 1262 3379 ,
1287 3315 1380 3368 καὶ
1426 3315 1748 3385 Γρηγόριος,
1775 3314 1865 3367 καὶ

1969 3327 2186 3372 stantur
2212 3317 2435 3372 divinus
2473 3332 2744 3388 sacerque
2778 3317 3119 3373 Athanasius
3145 3360 3158 3382 ,
3191 3317 3456 3382 Basilius,
3489 3324 3544 3372 et

296 3410 405 3473 πᾶς
431 3411 458 3462 ὁ
479 3409 586 3462 τῶν
619 3407 895 3479 θεοφόρων
929 3408 1190 3479 Πατέρων
1219 3407 1406 3478 χορός⁶
1435 3407 1626 3479 ὅτιπερ
1655 3405 1742 3468 διὰ
1771 3408 1865 3474 τῆς

1971 3407 2288 3478 Gregorius,
2329 3422 2391 3463 ae
2419 3417 2568 3465 totus
2607 3409 2832 3463 Patrum
2862 3425 2890 3463 a
2919 3410 3030 3466 Deo
3068 3410 3374 3464 aﬂlatorum
3406 3412 3544 3466 cho-

289 3503 524 3573 τρισσῆς
545 3499 852 3570 ἁγιότητος,
874 3498 976 3561 τὰς
1003 3501 1152 3570 τρεῖς
1189 3498 1288 3568 τῆς
1315 3497 1644 3568 ὑπερουσίου
1677 3483 1865 3562 026m-

1973 3517 2067 3557 rus
2098 3519 2112 3565 ;
2149 3516 2345 3570 nempe
2371 3501 2514 3572 quod
2543 3511 2733 3557 sancta
2757 3502 2848 3554 illa
2883 3500 3174 3572 Seraphim
3205 3519 3304 3572 per
3341 3503 3540 3557 trinam

291 3605 385 3651 τος
439 3585 789 3649 ὑποστάσεις,
823 3585 895 3637 τὰ
933 3585 1068 3654 am
1098 3585 1348 3656 Σεραφὶμ
1407 3587 1541 3656 ἡμῖν
1593 3587 1874 3659 ὑπεμφαί-

291 3691 464 3727 νουσι.
501 3673 601 3726 Διὰ
647 3673 705 3728 δὲ
758 3674 859 3744 τῆς
897 3677 1028 3744 μιᾶς
1076 3677 1418 3749 κυριότητος,
1467 3677 1567 3750 τὴν
1613 3681 1742 3750 μίαν
1773 3680 1896 3750 τῆς

293 3764 592 3834 θεαρχικῆς
636 3765 867 3836 Τριάδος
903 3766 1093 3820 οὐσίαν
1122 3784 1181 3820 τε
1229 3769 1322 3822 καὶ
1365 3769 1642 3839 βασιλείαν
1669 3771 1876 3841 γνωρί-

293 3856 468 3921 ζουσι.
503 3859 642 3928 Φησὶ
665 3856 796 3927 γοῦν
827 3861 855 3911 ὁ
884 3858 1146 3928 Θεολόγος
1168 3860 1466 3932 Γρηγόριος
1507 3869 1522 3885 ⁹
1591 3860 1747 3914 Οὖτω
1777 3861 1874 3931 μὲν

292 3946 386 4002 οὖν
413 3949 482 4000 τὰ
514 3949 681 4016 ’Ἀγια
729 3949 837 4002 τῶν
883 3950 1076 4018 ἁγίων,
1106 3949 1142 4004 ἃ
1176 3951 1271 4006 καὶ
1302 3954 1414 4014 τοῖς
1455 3951 1708 4021 Σεραφὶμ
1739 3967 1872 4020 συγ-

293 4039 666 4104 )ιαλὺπτεται,
705 4043 799 4094 καὶ
850 4041 1134 4108 δοξάζεται
1194 4044 1372 4112 τρισὶν
1425 4044 1718 4112 ἀγιασμοῖς
1748 4081 1763 4105 ,
1794 4045 1874 4108 είς

297 4132 430 4201 μίαν
467 4131 707 4185 συνιοῦσι
747 4133 1047 4203 κυριότητα
1081 4135 1176 4187 καὶ
1222 4134 1471 4205 θεότητα.
1513 4135 1578 4188 '0
1610 4134 1704 4187 xui.
1727 4134 1873 4206 ἄλλῳ

292 4223 401 4274 τινὶ
431 4222 540 4274 τῶν
568 4223 675 4294 πρὸ
706 4224 862 4295 ἡμῶν
894 4223 1332 4296 πεφιλοσόφηται
1365 4225 1634 4282 κάλλιστά
1675 4243 1736 4280 τε
1777 4226 1874 4280 καὶ

293 4309 631 4380 ὑψηλότατα.

373 4485 508 4538 Φασὶ
561 4487 618 4538 δὲ
673 4491 768 4541 καὶ
821 4491 870 4543 oi
945 4496 1045 4560 τὴν
1104 4491 1563 4563 ὲκκλησιαστ;κὴν
1626 4489 1870 4562 ἱστορίαν

1977 3593 2350 3654 sanctitatem,
2386 3600 2496 3646 tres
2539 3592 3025 3660 superessentialis
3079 3589 3384 3645 divinitatis
3417 3603 3544 3658 per-

1976 3696 2143 3735 sonas
2174 3681 2335 3735 nobis
2375 3680 2659 3745 indicent;
2712 3695 2810 3748 per
2855 3696 3017 3733 unam
3067 3691 3248 3734 autem
3288 3680 3543 3733 domina-

1976 3772 2204 3832 tionem,
2243 3785 2405 3825 uuam
2435 3769 2636 3824 divinae
2665 3769 2955 3823 Trinitatis
3011 3769 3378 3824 substantiam
3401 3809 3415 3831 ,
3450 3768 3545 3820 im-

1977 3863 2294 3932 periumque
2321 3861 2620 3916 declarent.
2669 3862 2760 3914 Ait
2790 3862 2991 3930 quippe
3035 3859 3333 3930 Gregorius
3366 3858 3543 3911 Theo-

1976 3950 2130 4018 logus
2229 3967 2243 4003 :
2284 3947 2375 4002 Sic
2402 3963 2569 4018 porro
2599 3947 2796 4001 Sancta
2831 3955 3168 4010 sanctorum,
3222 3961 3343 4015 quze
3377 3947 3541 3999 etiam

1974 4054 2002 4092 a
2025 4038 2310 4108 Seraphim
2334 4039 2694 4108 obteguntnr.
2719 4054 2782 4092 ac
2809 4038 2986 4091 tribus
3008 4035 3545 4091 sanctiﬁcationihus

1973 4129 2342 4194 celebrantur,
2383 4127 2448 4180 in‘
2465 4143 2630 4181 unam
2664 4127 3093 4181 dominationem
3132 4127 3540 4180 etdivinitatem

1972 4219 2343 4282 conveniunt;
2387 4217 2440 4270 id
2482 4217 2626 4285 quod
2671 4223 2724 4269 et
2753 4217 2897 4271 alius
2935 4216 3208 4284 quispiam
3271 4215 3538 4282 majorum

1972 4321 2288 4366 nostrorum
2339 4307 2714 4378 pulcherrime
2768 4323 2831 4361 ac
2878 4305 3275 4360 sublimissimo
3324 4304 3540 4359 edisse-

1972 4401 2104 4457 ruit.

2044 4491 2276 4562 Trisagii
2296 4492 2539 4556 traditio,
2558 4490 2654 4544 sub
2683 4488 2872 4542 Proclo
2899 4488 3162 4557 pontiﬁce.
3189 4516 3241 4528 -ι
3260 4486 3380 4542 Jam
3411 4500 3541 4540 vero

293 4579 688 4646 συντάξαντες,
735 4583 816 4635 ὅτι
873 4583 1251 4648 λιτανεύοντος
1311 4584 1408 4638 τοῦ
1457 4585 1513 4636 ὲν
1561 4585 1858 4638 Κωνσταν-

1973 4591 2200 4636 narrant
2261 4580 2651 4636 ecclesiasticae
2703 4578 2947 4633 historiae
2997 4579 3294 4646 scriptores
3331 4614 3344 4636 ,
3415 4591 3538 4628 rum

297 4670 605 4724 τινουπόλει
644 4673 802 4737 λαοῦ,
849 4675 937 4730 διὰ
970 4694 1092 4730 τινα
1133 4675 1404 4746 θεήλατον
1455 4675 1710 4746 ἀπειλὴν,
1770 4673 1860 4727 ἐπὶ

287 4757 538 4824 Πρόκλου
576 4759 671 4812 τοῦ
723 4761 1160 4830 ἀρχιεπισκόπου
1215 4765 1591 4835 γεγενημένην
1619 4807 1635 4832 ,
1670 4767 1868 4840 συνέϐη

287 4843 602 4914 άρπαγῆναι
647 4845 858 4899 παιδίον
887 4848 952 4901 ὲκ
980 4850 1075 4901 τοῦ
1105 4849 1257 4913 λαοῦ,
1292 4853 1386 4905 καὶ
1422 4852 1565 4907 οὕτω
1593 4856 1868 4926 μυηθῆναι

286 4934 689 5006 ὑπ’ἀγγελικῆς
711 4933 854 5002 τινος
880 4937 1230 5003 διδασκαλίας
1247 4943 1338 4996 τὸν
1355 4944 1650 5014 Τρισάγιον
1675 4945 1863 5017 ὕμνον,

290 5025 546 5092 "Ay-ioco
587 5026 752 5092 Θεὸς,
789 5027 994 5097 Ἀγιος
1041 5032 1313 5099 ισχυρὸς,
1354 5038 1552 5103 Ἄγιος
1569 5035 1867 5104 ἀθάνατος

281 5116 552 5185 ἐλέησον
576 5119 754 5187 ἡμᾶς·
775 5121 867 5174 καὶ
887 5117 1038 5185 αὖθις
1062 5123 1486 5192 ἐπιστραφέντος
1511 5127 1605 5181 τοῦ
1625 5129 1860 5194 παιδίου,

284 5208 381 5259 καὶ
403 5207 464 5260 τὸ
483 5208 688 5279 μυηθὲν
704 5211 1158 5279 ἀπαγγείλαντος,
1183 5208 1311 5284 ᾄσαι
1335 5216 1425 5268 τὸν
1448 5215 1615 5286 ὕμνον
1632 5219 1777 5274 ἅπαν
1805 5223 1866 5277 τὸ

282 5295 510 5365 πλῆθος,
559 5300 656 5353 καὶ
688 5299 833 5353 οὓτω
869 5303 1108 5357 κοπάσαι
1138 5302 1237 5374 τὴν
1281 5305 1533 5378 ἀπειλήν.
1565 5309 1676 5362 Καὶ
1701 5310 1759 5365 ἐν
1798 5313 1862 5381 τῇ

279 5385 419 5456 ἁγίᾳ
440 5387 520 5450 δὲ,
550 5392 644 5442 καὶ
678 5391 910 5463 μεγάλῃ.
939 5395 1035 5446 καὶ
1084 5397 1437 5467 οίκουμενικῇ
1467 5399 1704 5474 τετάρτῃ
1736 5419 1861 5453 συν-

279 5477 410 5545 όδῳ,
434 5478 594 5562 τῇῌὲν
615 5478 918 5550 Χαλκηδόνι
949 5485 1112 5553 φημὶ,
1140 5485 1312 5548 οὕτως
1337 5486 1646 5559 ὑμνηθῆναι
1665 5495 1693 5545 ὁ
1713 5509 1865 5562 spio-

282 5566 443 5633 άγιος
476 5559 630 5631 οὗτος
662 5568 831 5639 ὖμνος
868 5575 1261 5642 παραδέδοταιο
1295 5578 1436 5632 οὕτω
1470 5581 1580 5652 γὰρ
1624 5559 1864 5646 τοῖς-πε-

285 5654 621 5724 πραγμένοις
654 5665 682 5695 ι·
720 5657 820 5728 τῆς
857 5660 1027 5732 αὐτῆς
1053 5663 1218 5730 ἁγίας
1260 5667 1478 5721 συνόδου
1508 5671 1812 5743 ἐμφέρεται
1845 5691 1863 5708 ο

371 5796 386 5829 ³
433 5792 450 5848 Ι
482 5795 606 5853 Cor.
637 5813 750 5866 vm,
785 5798 838 5853 5.
917 5800 937 5831 ¹
981 5797 1130 5857 Orat.
1163 5799 1251 5858 59.
1301 5801 1322 5834 ⁸
1356 5801 1513 5858 [ὶοιιι.
1541 5819 1617 5873 ιι,
1649 5802 1738 5861 56.

1973 4666 2128 4738 plebs
2159 4667 2798 4736 Constantinoliolitana,
2827 4665 3021 4719 Proelo
3057 4663 3538 4731 archiepiscopum

1970 4767 2183 4826 agente,
2211 4756 2412 4810 minaci
2447 4755 2684 4826 quadam
2716 4755 2964 4807 immissa
3000 4752 3268 4804 divinitus
3318 4757 3542 4818 tempe—-

1971 4855 2112 4901 state
2151 4849 2477 4910 conterrita,
2524 4846 2756 4916 supplex
2820 4844 2928 4896 Deo
2977 4857 3168 4912 preces
3215 4842 3534 4904 adhiberet,

1969 4951 2197 5006 puerum
2227 4936 2521 5006 quemdam
2552 4951 2582 4990 e
2617 4936 2774 5005 plebe
2803 4937 2854 4986 in
2891 4933 3128 4986 sublime
3162 4939 3401 5001 raptum,
3437 4947 3538 4985 an-

1967 5035 2103 5105 gelis
2120 5034 2452 5104 quibusdam
2474 5033 2754 5104 magistris
2772 5031 3084 5102 'I‘risagium
3108 5031 3257 5086 hunc
3279 5035 3537 5104 hymnum

1967 5128 2270 5183 didicisse:
2319 5127 2553 5182 Sanctus
2590 5126 2754 5192 Deus,
2800 5125 3030 5182 Sanctus
3073 5128 3228 5197 fortis
3255 5169 3270 5193 ,
3306 5128 3536 5183 Sanctus

1965 5219 2310 5283 immortalis,
2341 5218 2590 5272 miserere
2610 5217 2784 5273 nobis.
2822 5217 3071 5290 Cumque
3105 5219 3230 5273 loco
3271 5232 3372 5273 suo
3403 5234 3538 5286 puer

1964 5312 2214 5369 redditus
2247 5312 2298 5367 id
2329 5311 2474 5381 quod
2502 5311 2808 5376 didicerat,
2867 5313 3172 5372 retulisset,
3234 5311 3536 5364 multitudio

1967 5421 2088 5460 nem
2121 5406 2437 5461 universam
2465 5405 2724 5476 hymnum
2748 5405 2894 5459 hunc
2922 5405 3212 5465 cecinisse,
3235 5413 3398 5472 atque.
3433 5403 3535 5457 hoc

1965 5511 2126 5571 pacto
2156 5499 2532 5556 imminentem
2564 5500 2931 5555 calamitatem
2965 5501 3262 5570 quievisse.
3297 5498 3440 5565 Quin
3481 5499 3533 5554 in

1966 5601 2162 5647 sancto
2193 5606 2528 5662 magnoque,
2557 5599 2612 5647 et
2640 5591 2938 5646 universali
2976 5599 3174 5661 quarto
3204 5591 3299 5644 illo
3347 5591 3535 5644 conci-

1965 5685 2058 5751 lio,
2109 5685 2256 5756 quod
2302 5684 2652 5742 Chalcedone
2697 5692 2949 5740 coactum
2998 5690 3104 5749 est,
3151 5683 3226 5738 ita
3278 5691 3534 5739 cantatus
