4054 6286
564 348 698 411 1003

1781 345 2167 406 EUTHYMII
2206 348 2572 411 ZIGADENI

3595 367 3689 430 1054

550 487 619 542 Et
638 483 935 540 cruciﬁxus
959 490 1043 536 est
1062 495 1247 544 carne,
1275 488 1332 534 et
1361 487 1612 533 mortuus
1647 487 1732 535 est
1762 494 1950 548 carne,
1977 479 2117 536 divi-
2146 509 2151 521 ι

2086 484 2117 535 ι,
2146 465 2190 522 Α
2217 463 2316 519 καὶ
2344 466 2666 538 ἐσταυρώθη
2714 471 2898 536 σαρκὶ,
2926 470 3021 524 καὶ
3046 472 3279 527 ἀπέθανε
3308 477 3473 545 σιρκῖ,
3513 480 3687 550 ἀπαθοῦς

550 580 723 633 nitate
753 575 924 644 ipsius
956 572 1244 640 impatibili
1279 579 1655 641 permanente.

1036 662 1287 734 Ejusdem
1321 679 1385 716 ea:
1419 679 1536 732 cap.
1574 662 1663 717 75.

622 757 986 824 Quamobrem
1020 755 1114 809 Dei
1150 754 1307 808 Verbi
1358 764 1607 809 naturam
1652 770 1873 811 carnem
1913 771 2124 812 assum-

550 853 743 922 psisse,
774 848 1041 903 autcarni
1092 850 1438 917 coniunctam
1488 864 1610 905 esse
1659 850 1915 907 dicimus.
1949 853 2115 908 Verbi

551 952 732 996 autem
765 951 1012 992 naturam
1048 953 1213 992 carne
1254 955 1465 1009 passam
1501 940 1743 994 nondum
1779 943 2118 999 audivimus.

551 1035 654 1088 Sed
722 1033 1001 1087 Christum
1048 1048 1212 1087 carne
1274 1047 1494 1100 passum
1547 1033 1865 1090 didicimus.
1933 1034 2122 1092 Restat

550 1127 734 1196 igitur,
767 1136 825 1179 ut
848 1126 1116 1185 dicamus,
1146 1139 1365 1178 carnem
1395 1125 1776 1194 assumpsisse,
1815 1126 1947 1181 nihil
1970 1129 2119 1183 aliud

548 1233 692 1282 esse,
720 1218 825 1271 nisi
868 1218 1014 1272 carni
1043 1232 1165 1270 esse
1192 1216 1587 1285 coniunctum.
1613 1216 1845 1273 Carnem
1877 1235 2011 1276 vero
2043 1222 2123 1275 fa-

548 1321 695 1365 ctum
759 1309 1019 1375 Verbum,
1052 1309 1222 1380 ipsam
1272 1306 1435 1362 Verbi
1467 1324 1752 1378 personam
1791 1311 1911 1367 sine
1945 1322 2122 1367 muta-

549 1405 697 1457 tione
735 1388 945 1455 factam~
961 1416 1081 1454 esse
1107 1400 1288 1454 carnis
1322 1414 1631 1469 personam.
1671 1400 1734 1454 Et
1761 1401 1906 1457 Deus
1946 1402 2113 1456 homo

548 1496 748 1559 factus,
787 1503 844 1547 et
870 1493 1034 1546 homo
1071 1493 1214 1546 Deus
1250 1490 1762 1547 dicitur.Divinitas
1801 1509 1931 1547 vero
1957 1494 2121 1548 homo

546 1588 712 1648 facta,
741 1596 834 1640 aut
874 1584 1149 1638 hominem
1191 1583 1378 1638 induta
1410 1583 1560 1636 nullo
1599 1584 1761 1637 modo
1790 1585 2012 1639 dicitur.
2047 1590 2119 1640 At

547 1678 890 1732 divinitatem
948 1673 1267 1729 humanitati
1303 1674 1648 1743 coniunctam
1692 1674 1746 1728 in
1779 1690 1886 1729 una
1942 1677 2121 1745 ipsius

547 1785 903 1840 personarum
957 1767 1273 1822 didicimus.
1327 1765 1494 1819 Deum
1553 1767 1681 1820 item
1731 1766 1985 1832 formam,
2026 1781 2119 1821 aut

548 1862 841 1919 essentiam
889 1861 1133 1926 accipere
1172 1858 1434 1923 alienum,
1482 1868 1578 1913 aut
1624 1868 1869 1911 nostrum
1901 1869 2007 1913 est.
2044 1862 2119 1913 Ac

549 1955 780 2024 singulis
838 1954 1061 2023 quidem
1120 1951 1368 2020 personis
1434 1950 1696 2003 convenit
1761 1964 1960 2002 nomen
2018 1950 2121 2005 hoc

551 2050 715 2100 Deus.
750 2046 1093 2098 Divinitatem
1128 2056 1260 2097 vero
1295 2055 1584 2109 personam
1614 2040 1799 2095 dicere
1844 2055 1951 2094 non
1994 2056 2121 2111 pos-

548 2155 758 2193 sumus.
796 2138 1139 2192 Divinitatem
1169 2135 1318 2190 enim
1347 2134 1560 2187 Patrem
1596 2134 1796 2196 solum,
1817 2142 1910 2186 aut
1936 2135 2112 2188 solum

550 2233 770 2294 Filium,
803 2240 897 2284 aut
927 2229 1188 2298 Spiritum
1221 2234 1471 2280 sanctum
1506 2226 1612 2279 dici
1649 2241 1754 2279 non
1780 2229 2112 2294 accepimus.

550 2322 860 2376 Divinitatis
908 2321 1054 2371 enim
1110 2325 1362 2369 naturam
1424 2314 1734 2384 signiﬁcat,
1792 2315 1935 2369 Deus
1986 2330 2116 2368 vero

545 2416 709 2470 etiam
742 2411 1190 2467 communitatem
1237 2417 1446 2461 natura
1474 2408 1736 2470 declarat,
1775 2415 1830 2460 et
1886 2405 2116 2475 singulis

546 2505 794 2575 perSonis
824 2502 1230 2557 denominative
1259 2500 1537 2562 tribuitur,
1566 2496 2027 2566 quemadmodum
2060 2506 2116 2550 et

547 2597 731 2647 homo.
771 2594 910 2647 Deus
950 2590 1093 2644 enim
1119 2597 1203 2643 est
1238 2588 1331 2657 qui
1368 2586 1606 2639 divinam
1643 2585 1807 2637 habet
1839 2591 2112 2643 naturam,

543 2696 601 2740 et
632 2687 813 2747 homo,
851 2684 942 2752 qui
977 2683 1289 2735 humanam.
1346 2678 1480 2732 Illud
1520 2686 1779 2745 pla-terea
1830 2673 2114 2727 sciendum

543 2783 647 2839 est,
703 2776 916 2827 Patrem
965 2782 1020 2825 et
1080 2770 1342 2839 Spiritum
1403 2775 1651 2821 sanctum
1698 2764 1844 2817 nulla
1904 2766 2115 2816 ratione

543 2869 725 2922 carnis
750 2874 1041 2934 assumpta!
1078 2880 1107 2917 a
1141 2863 1321 2916 Verbo
1353 2860 1519 2915 fuisse
1548 2857 1865 2926 participes,
1898 2854 2003 2908 nisi
2032 2853 2115 2908 di-

544 2962 671 3014 vino
710 2958 990 3021 vaticinia,
1024 2966 1080 3010 et
1112 2953 1539 3025 approbatione,
1574 2960 1630 3003 et
1666 2949 1968 3000 voluntate.

2226 556 2491 627 μεινάσης
2526 560 2694 614 αὑτοῦ
2723 562 2823 625 τῆς
2859 562 3133 635 θεότητος.

2510 651 2623 707 Τοῦ
2651 654 2840 710 αὐτοῦ
2886 656 3002 711 ἀπὸ
3033 662 3357 729 κεφαλαίου
3382 670 3462 719 οεθ.

2295 739 2417 831 "Det
2454 743 2554 810 μὲν
2586 744 2679 798 οὖν
2724 747 2755 817 ή
2790 748 2952 815 φύσις
3003 750 3098 804 τοῦ
3134 753 3304 822 Λόγου
3345 757 3589 829 ὲσαρκὼθη
3611 763 3691 831 ἦτοι

2223 828 2405 899 ήνώθη
2437 833 2622 903 σαρκὶ,
2653 835 2867 906 εἴρηται
2894 853 2908 869 ·
2943 838 3107 908 φύσιν
3136 840 3191 894 δὲ
3224 844 3311 896 τοῦ
3355 846 3510 914 Λόγου
3546 828 3693 904 ποθ-οὗν

2225 937 2324 974 σαν
2358 926 2521 993 σαρκὶ
2562 926 2772 981 οὐδέπω
2801 930 2895 983 καὶ
2946 931 3043 986 νῦν
3082 934 3387 1007 ἀκηκόαμεν
3412 954 3424 968 ·
3452 940 3693 1009 Χριστὸνᾶ

2224 1013 2462 1067 παθόντα
2507 1020 2675 1088 σαρκὶ
2719 1021 3102 1093 ἐδιδάχθημεν.
3160 1029 3411 1083 Λεῑπεται
3456 1034 3603 1086 τοίνυν
3645 1040 3697 1088 sl-

2223 1106 2363 1169 πεῖν,
2397 1108 2477 1160 ὅτι
2510 1110 2569 1163 τὸ
2596 1116 2979 1177 σεσαρκῶσοαι
3026 1119 3128 1189 μὲν
3173 1124 3406 1192 ἡνῶσθαι
3438 1129 3534 1180 ἐστι
3561 1133 3693 1198 σαρκὶ,

2221 1200 2282 1250 τὸ
2308 1199 2364 1252 δὲ
2397 1202 2574 1271 σάρκα
2607 1206 2859 1274 γενέσθαι
2895 1210 2988 1265 τὸν
3014 1213 3185 1282 Λόγον
3214 1215 3377 1288 αὐτὴν
3402 1220 3490 1290 τὴν
3523 1220 3599 1277 τοῦ
3628 1224 3699 1277 Δό-

2223 1306 2320 1357 γου
2360 1292 2660 1350 ὑπόστασιν
2712 1299 3003 1369 ἀτρέπτως
3052 1306 3307 1374 γενέσθαι
3338 1313 3400 1380 τῇ
3435 1316 3570 1383 σαρκὶ
3606 1315 3695 1367 ὑπό-

2225 1401 2436 1440 στασιν.
2471 1388 2581 1442 Καὶ
2611 1390 2694 1443 ὅτι
2735 1397 2835 1462 μὲν
2859 1396 2887 1447 ὁ
2911 1395 3039 1460 Θεδς
3080 1400 3360 1471 ἄνθρωπος
3389 1406 3572 1474 γέγονε,
3596 1412 3704 1465 κιὶὸ

2222 1476 2508 1547 ἄνθρωπος
2534 1481 2687 1549 Θεὸς,
2720 1486 2964 1556 εἴρηται⁸
3001 1489 3079 1544 ὅτι
3112 1491 3169 1545 δὲ
3207 1495 3238 1563 ἡ
3276 1493 3452 1565 θεότης
3489 1500 3703 1569 ἄνθρωπος

2222 1570 2486 1638 γέγονεν,
2536 1573 2569 1643 ἢ
2621 1574 2989 1651 ἐσαρκὼθη,ῆ
3044 1581 3473 1656 ἔνη-ιθρώπησεν,
3515 1590 3703 1657 omne,

2223 1658 2560 1728 ἀκηκόαμεν.
2595 1660 2718 1717 Ὀτι
2745 1665 2801 1717 δὲ
2845 1668 2876 1738 ή
2924 1668 3126 1741 Θεότης
3173 1675 3351 1746 ἡνὼθη
3396 1680 3453 1748 τῇ
3495 1681 3705 1749 ἀνθρωπί-

2223 1752 2434 1845 τητιγὲν
2463 1754 2561 1824 μιᾷ
2594 1756 2701 1809 τῶν
2728 1758 2928 1829 ἑαυτῆς
2956 1763 3331 1830 ὑποστάσεων,
3363 1772 3713 1845 μεμαθήκαμεν,

2227 1843 2318 1894 καὶ
2354 1844 2433 1896 ὅτι
2466 1846 2495 1897 ό
2539 1846 2671 1909 Θεὸς
2717 1854 3043 1923 μορφοῦται,
3079 1858 3195 1928 ἦτοι
3231 1862 3494 1917 admorint
3532 1866 3580 1916 τὸ
3600 1843 3708 1918 me;

2221 1952 2393 2006 τριον,
2423 1937 2591 2008 ἤγουν
2638 1942 2700 1993 τὸ
2743 1943 2866 1996 καθ’
2918 1948 3083 2016 ἡμᾶς,
3115 1953 3355 2021 εἴρηται.
3398 1954 3500 2024 Ἐφ’
3532 1957 3710 2026 ἑκάστης

2226 2029 2326 2096 μὲν
2354 2030 2462 2098 γὰρ
2493 2030 2599 2104 τῶν
2628 2032 2980 2091 ὑποστάσεων
3025 2042 3083 2095 τὸ
3117 2043 3253 2106 Θεὸς
3294 2046 3454 2115 δνομα
3484 2049 3708 2102 τάττεται·

2222 2121 2464 2190 Θεότητα
2492 2122 2549 2175 δὲ
2576 2125 2675 2192 τὴν
2707 2128 3001 2186 ὑπόστασιν
3031 2136 3202 2188 εἰπεῖν
3238 2138 3298 2190 οὐ
3334 2138 3595 2208 δυνάμεθα.
3619 2141 3712 2196 Θεό-

2223 2228 2361 2280 τητα
2412 2215 2519 2284 γὰρ
2567 2218 2657 2272 τὸν
2693 2222 2912 2292 Πατέρα
2952 2226 3133 2294 μόνον,
3172 2231 3202 2300 ἢ
3260 2232 3346 2283 τδν
3377 2233 3492 2286 Υξὺν
3518 2236 3709 2306 μόνον,ῆ

2228 2306 2387 2397 μόνον
2427 2307 2484 2358 τὸ
2513 2307 2734 2378 Πνεῦμα
2764 2315 2824 2365 τὸ
2871 2314 3026 2382 ἅγιον
3080 2319 3180 2373 οὑκ
3211 2322 3536 2395 ἀκηκόαμεν.
3564 2329 3714 2397 Bson]:

2228 2395 2326 2462 μὲν
2359 2397 2465 2467 γὰρ
2492 2400 2588 2469 τὴν
2616 2402 2779 2469 φύσιν
2808 2405 2977 2472 δηλοῖ,
3012 2409 3072 2461 τὸ
3098 2411 3152 2463 δὲ
3201 2414 3390 2485 Πατὴρ
3414 2421 3503 2485 τὴν
3531 2395 3713 2471 ὑπόστε-

2227 2503 2331 2581 σιν,
2365 2491 2552 2560 ὥσπερ
2582 2496 2675 2547 καὶ
2726 2496 3087 2568 ἀνθρωπότης
3133 2504 3238 2574 τὴν
3270 2507 3446 2576 φύσιν,
3482 2512 3650 2581 Πέτρος
3677 2513 3717 2565 δὲ

2223 2580 2320 2649 τὴν
2347 2582 2662 2639 ὑπόστασιν.
2701 2587 2830 2650 Θεὸς
2860 2592 2917 2644 δὲ
2971 2596 3065 2646 καὶ
3114 2596 3175 2648 τὸ
3221 2601 3393 2652 κοινὸν
3441 2602 3528 2668 τῆς
3555 2580 3717 2669 graium;

2226 2673 2502 2740 σημαίνει,
2537 2678 2631 2730 καὶ
2666 2680 2753 2749 ἐφ’
2784 2684 3026 2755 ἑκάστης
3073 2688 3182 2740 τῶν
3218 2692 3551 2746 ὑποστάσεων
3575 2696 3715 2746 τάττι-

2222 2947 2590 3019 ἁνθρωπίνην.
2635 2954 2758 3007 Ἐπὶ
2792 2960 2925 3011 πᾶσι
2954 2962 3009 3013 δὲ
3041 2966 3255 3030 τούτοις
3285 2969 3472 3032 ἰστέον,
3502 2971 3565 3032 ὡς
3591 2971 3614 3021 ὀ
3639 2971 3719 3021 ll:-

542 3057 683 3124 τὴρ,
737 3053 830 3104 καὶ
875 3053 934 3105 τὸ
996 3048 1219 3117 Πνεῦμα
1250 3048 1309 3098 τὸ
1357 3045 1513 3112 ἆγιον
1568 3040 1688 3095 κατ’
1743 3039 1936 3093 οὐδένα
1977 3037 2181 3106 τρόπον
2227 3041 2293 3109 τῇ
2340 3041 2614 3111 σαρκώσει
2668 3051 2763 3103 τοῦ
2816 3051 2991 3120 Λόγου
3047 3062 3532 3130 κεκοινωνήκασιν,
3578 3065 3617 3116 εἰ
3664 3062 3720 3132 pr,

547 3150 685 3202 κατὰ
730 3150 829 3210 τὰς
870 3142 1233 3213 θεοσημείας,
1293 3140 1387 3193 κα)⁵
1428 3136 1547 3190 κατ’
1596 3136 1844 3189 εὐδοκίαν
1874 3132 1967 3225 και
1998 3131 2269 3201 βούλησιν.

1022 3258 1295 3329 Ejusdem.
1345 3253 1479 3321 Cap.
1510 3253 1603 3308 90.

610 3371 791 3437 Ipsum
826 3367 919 3420 Dei
945 3367 1184 3420 Verbum
1211 3363 1393 3417 omnia
1427 3373 1592 3414 carne
1620 3356 1898 3416 sustinuit,
1929 3353 2113 3407 divina

541 3469 597 3514 et
632 3460 742 3512 sola
779 3457 950 3525 ipsius
982 3463 1171 3507 natura
1221 3451 1509 3519 impatibili
1563 3458 1934 3529 permanente.
1977 3443 2110 3498 Nam

543 3551 725 3603 anima
755 3549 996 3618 quidem,
1042 3555 1229 3614 utpote
1269 3544 1525 3612 patibilis,
1570 3557 1694 3594 cum
1733 3554 1932 3608 corpus
1969 3540 2114 3592 lace-

546 3650 780 3703 raretur,
815 3640 924 3707 ipsa
978 3651 1195 3706 quoque
1237 3635 1400 3688 simul
1439 3649 1561 3687 cum
1595 3633 1835 3686 lacerato
1879 3644 2112 3697 corpore

543 3730 843 3800 angebatur
873 3738 929 3780 et
980 3729 1306 3797 patiebatur.
1347 3724 1615 3779 Divinitas
1666 3731 1872 3781 autem,
1920 3731 2111 3786 utpote

542 3822 885 3891 impatibilis,
911 3838 1015 3874 una
1040 3837 1162 3874 cum
1199 3822 1290 3874 illo
1331 3816 1941 3888 nonpatiebatur.ll|ud
1978 3816 2105 3868 item

541 3915 824 3968 sciendum
857 3923 959 3976 est,
987 3928 1085 3967 nos
1118 3912 1302 3967 dicere
1356 3913 1522 3965 Deum
1548 3923 1714 3962 carne
1746 3922 1986 3976 passmn,
2023 3906 2111 3959 di-

538 4007 821 4062 vinitatem
863 4022 991 4060 vero
1021 4021 1183 4060 carne
1215 4021 1454 4075 passam,
1499 4014 1594 4057 aut
1653 4003 1820 4057 Deum
1864 4017 1963 4070 per
1996 4015 2112 4054 car-

539 4116 661 4154 nem
709 4115 926 4170 passum
965 4099 1115 4153 nullo
1166 4099 1348 4151 modo.
1390 4097 1522 4151 Nam
1579 4098 1645 4161 si,
1685 4110 1806 4150 cum
1855 4096 2104 4148 arborem

538 4195 746 4248 securis
780 4202 949 4257 secet,
982 4192 1110 4245 dum
1156 4191 1457 4244 illustratur
1499 4205 1527 4242 a
1560 4189 1705 4254 sole,
1748 4202 1855 4240 non
1888 4196 2107 4240 seratur

538 4289 653 4357 ipse
702 4288 805 4348 sol,
857 4301 1034 4353 neque
1069 4286 1532 4353 patitur,quanto
1573 4283 1742 4351 magis
1783 4280 2105 4349 impatibilis

541 4379 703 4432 Verbi
726 4378 981 4430 divinitas
1007 4391 1100 4445 per
1128 4391 1412 4444 personam
1444 4376 1594 4428 carni
1615 4375 2105 4443 conjuncta,carne

538 4472 800 4541 patiente,
851 4470 1048 4522 mansit
1099 4468 1453 4536 impatibilis?
1499 4466 1616 4519 Non
1644 4477 1726 4519 est
1765 4477 1946 4519 autem
2005 4481 2104 4519 ne-

2580 3255 2685 3308 Τοῡ
2729 3260 2937 3316 αὐτοῦ.
2969 3265 3314 3333 Κεφάλαιον
3347 3278 3412 3340 Lf.

2283 3364 2449 3425 Αὺτδς
2480 3368 2624 3422 ότοῦ
2673 3371 2809 3423 Θεοῦ
2840 3374 3009 3439 Λόγος
3057 3382 3237 3433 πέντα
3287 3384 3531 3452 ὑπέμεινε
3578 3390 3716 3452 sapx‘.

2214 3452 2315 3548 τῆς
2345 3453 2495 3517 θείας
2532 3459 2627 3548 καὶ
2685 3463 2855 3531 μόνης
2909 3465 3074 3519 αὑτοῦ
3130 3472 3348 3535 φύσεως
3392 3441 3722 3548 ατιιιθοῦςιμέζ

2216 3544 2308 3648 νοῦ
2369 3562 2490 3612 ρης.
2548 3547 2609 3600 'll
2657 3551 2757 3648 μὲν
2813 3554 2921 3624 γὰρ
2973 3557 3117 3628 ψυχὴ
3180 3564 3396 3636 παθητή
3444 3564 3589 3633 οὖσαι,
3651 3544 3719 3619 τοῦ

2217 3645 2464 3729 σωματος
2510 3645 2866 3710 τεμνομένου,
2921 3649 3018 3701 καὶ
3066 3654 3203 3723 αὐτὴ
3252 3660 3552 3729 τεμνομένῳ
3600 3662 3721 3728 συνή-

2213 3724 2373 3790 λγει,
2439 3730 2532 3781 καὶ
2588 3734 2890 3807 συνέπασχε
2948 3741 3025 3810 τῷ
3077 3724 3339 3812 σώματιτ

2211 3912 2363 4005 Θεὸς
2405 3918 2569 3983 σαρκὶ
2634 3918 2734 3987 μὲν
2795 3897 3037 3979 παθόντα
3119 3897 3346 3999 φαμεν,
3416 3897 3631 4005 Θεὸτηταν
3678 3938 3717 3989 δὲ

2214 4004 2377 4097 σαρκὶ
2410 4010 2725 4097 παθοῦσαν,
2774 4014 2806 4083 ἢ
2850 4016 2981 4069 Θεὸν
3018 4018 3105 4072 διὰ
3148 4024 3246 4093 τῆς
3296 4028 3491 4097 σαρκὸς
3528 4004 3717 4083 παθόντι

2209 4093 2480 4185 οῦδαμῶς.
2536 4101 2595 4151 El
2647 4102 2757 4170 γὰρ
2802 4105 2957 4172 ἡλίου
3007 4109 3212 4183 δένδρῳ
3246 4093 3645 4185 ἑπιλ-άμποντος,
3681 4121 3714 4170 ει

2209 4183 2365 4280 eiEi/r1-
2414 4188 2596 4255 τέμνοι
2650 4194 2712 4244 τὸ
2759 4195 2974 4267 δένδρον
3001 4238 3019 4264 ,
3090 4202 3339 4273 ἄτμητος
3405 4183 3492 4264 καὶ
3551 4212 3717 4280 ἀπαθὴς

2208 4273 2525 4375 διαμένει-ό
2564 4283 2753 4351 ἥλιος,
2824 4291 3007 4360 πολλῷ
3064 4297 3272 4363 μᾶλλον
3324 4304 3356 4371 ἠ
3416 4304 3607 4375 ἀπαθὴς

2208 4368 2386 4468 Λόγου
2440 4373 2643 4468 Θεότης
2709 4380 2835 4432 καθ’
2886 4383 3187 4441 ὑπόστασιν
3266 4368 3509 4468 meum
3569 4368 3713 4465 σαρκὶ.

2208 4463 2307 4531 τῆς
2362 4464 2565 4533 σαρκὸς
2617 4473 2957 4545 πασχούσης,
3035 4480 3259 4553 ἀπαθὴς
3312 4463 3583 4555 διέμεινεν.
3630 4463 3714 4540 Οὐκ

534 4577 707 4620 cesse.
744 4570 802 4614 ut
836 4558 1080 4627 exempla
1112 4559 1191 4612 sic
1219 4559 1441 4611 omnino
1472 4558 1670 4611 similia
1702 4559 1829 4618 sint,
1870 4565 1928 4610 ut
1961 4558 2094 4611 nihil
2126 4548 2135 4608 J

2126 4548 2176 4609 D
2207 4555 2418 4625 ἀνάγκη
2473 4559 2527 4611 δὲ
2581 4564 2881 4630 παντελῶ·,
2912 4572 3003 4621 καὶ
3053 4548 3362 4640 ἀνελλιπῶς
3397 4548 3623 4634 ’ἐοικέναι
3667 4578 3714 4630 τὰ

534 4652 695 4705 desit.
728 4650 833 4706 Sed
870 4651 922 4703 in
973 4649 1236 4717 exemplis
1262 4657 1317 4703 et
1349 4648 1652 4701 similitudo
1710 4658 1765 4702 et
1812 4649 2098 4705 diversitas

534 4745 932 4799 consideratur.
984 4741 1139 4809 Quod
1189 4742 1331 4795 enim
1372 4741 1425 4792 in
1479 4742 1738 4796 omnibus
1774 4743 1953 4797 simile
1992 4753 2095 4811 est,

533 4855 638 4891 non
665 4836 990 4905 exemplum.
1024 4837 1117 4890 sed
1162 4836 1304 4887 idem
1330 4842 1433 4887 est.

612 5039 739 5095 Item
771 5040 1018 5091 adrerum
1037 5057 1143 5098 eos,
1174 5044 1262 5109 qui
1303 5060 1456 5094 mmm
1515 5045 1567 5095 in
1599 5045 1803 5097 Christo
1855 5056 2096 5098 naturam

736 5121 999 5162 asserunt.
1034 5109 1364 5164 Diversarum
1394 5116 1620 5167 aliorum
1656 5115 1893 5170 l'utrum.

599 5222 655 5277 lu
684 5223 1068 5292 qna-stionihus
1094 5223 1206 5277 suis
1246 5223 1667 5295 Eutychianista:
1716 5229 1989 5298 disputant
2027 5235 2093 5286 ad

533 5315 679 5369 hunc
713 5315 927 5368 modum
959 5331 972 5367 :
1008 5312 1064 5368 Si
1095 5315 1212 5368 dum
1239 5326 1361 5368 sunt
1397 5317 1446 5368 in
1478 5318 1695 5373 Christo
1720 5329 1947 5387 naturae,
1979 5326 2094 5378 dum

533 5416 691 5459 erunt
715 5414 768 5459 et
801 5406 1136 5476 hyposlases.
1173 5404 1359 5475 Neque
1392 5406 1536 5461 enim
1581 5422 1775 5466 natura
1830 5414 1933 5468 ulla
1977 5417 2093 5471 sine

531 5507 779 5561 persona.
812 5491 988 5561 Atque
1015 5494 1084 5545 ita
1114 5492 1217 5545 duo
1238 5507 1463 5561 prorsus
1491 5506 1647 5548 erunt
1674 5496 1818 5552 Filii.
1852 5498 2091 5570 Respon-

531 5587 741 5650 demus,
805 5586 1136 5658 bypostasim
1177 5597 1271 5641 aut
1332 5603 1616 5657 personam
1686 5592 1769 5661 (ut
1822 5595 1873 5648 in
1904 5610 2089 5651 sancta

531 5675 821 5741 Trinitate,
854 5679 1131 5749 etangelis
1164 5690 1218 5733 et
1269 5681 1597 5753 hominibus)
1628 5685 1950 5756 signiﬁcare,
2004 5703 2094 5745 aut

529 5765 924 5836 exsistentiam,
943 5779 1005 5829 ut
1021 5770 1071 5823 in
1095 5771 1274 5837 rebus,
1294 5788 1411 5843 quae
1434 5789 1651 5845 quoquo
1683 5782 1838 5834 modo
1858 5794 2004 5849 sunt,
2026 5785 2091 5839 ad

2205 4650 2645 4742 παραδείγματα,
2696 4656 2813 4709 ἀλλ’
2855 4663 2914 4712 ὲν
2960 4668 3073 4727 τοῖς
3124 4674 3532 4742 παραδείγμασι
3572 4674 3646 4724 καὶ
3672 4669 3715 4719 τὸ

2202 4738 2386 4832 ὅμοιον
2431 4742 2773 4815 θεωρεῖσθαι,
2800 4753 2892 4803 καὶ
2943 4756 3003 4807 τὸ
3053 4738 3523 4832 παρηλῖαγμένον.
3549 4765 3611 4816 Τὸ
3635 4765 3714 4831 γὰρ

2202 4831 2259 4881 ἐν
2314 4833 2518 4889 ἅπασιν
2577 4842 2761 4908 ὅμοιον
2804 4849 3001 4903 ταυτὸν
3063 4853 3129 4906 ἂν
3183 4857 3297 4926 εἴη,
3332 4858 3424 4911 καὶ
3468 4862 3524 4912 οὑ
3578 4856 3713 4925 παρά-

2201 4931 2421 5001 δειγμα.

2207 5047 2332 5101 Ἔτι
2365 5058 2513 5105 κατὰ
2536 5057 2995 5125 Μονοφυσιτῶν
3027 5066 3241 5136 ἐτέρων
3270 5074 3532 5141 Πατέρων
3549 5069 3707 5137 διαφό-

2922 5150 3067 5198 ρων.

2281 5235 2606 5309 Ἀπορουσιν
2627 5241 3043 5315 Εὑτυχιανισταὶ
3066 5252 3339 5318 λέγοντες·
3380 5256 3442 5311 Et
3460 5256 3540 5309 δύο
3561 5254 3703 5321 φύσειε

2201 5325 2258 5376 ὲν
2277 5327 2519 5399 Χριστῷ,
2551 5330 2644 5383 δύο
2678 5333 2771 5385 καὶ
2795 5336 3118 5402 ὑποστάσεις
3140 5343 3352 5399 ἔσονται
3375 5363 3390 5379 ·
3427 5348 3482 5399 οὗ
3509 5347 3600 5413 γάρ
3618 5346 3703 5394 ἐστι

2201 5418 2361 5485 φύσις
2385 5419 2754 5487 ἀνυπόστατος
2774 5439 2789 5454 ⁸
2820 5427 2913 5479 καὶ
2936 5427 3079 5483 οὕτω
3105 5432 3194 5484 δὶο
3222 5439 3437 5499 πάντως
3462 5437 3581 5489 Υἱοῐ.
3598 5431 3700 5498 Πρὸς

2199 5510 2293 5573 οὓς
2324 5514 2696 5586 ἀντιλέγομεν,
2748 5518 2829 5571 ὅτι
2879 5518 2988 5573 τῶν
3036 5524 3385 5582 ὑποστάσεων
3410 5530 3461 5583 αἱ
3501 5528 3584 5598 μὲν
3623 5527 3699 5577 εἰσὶ

2201 5606 2571 5673 προσωπικαὶ,
2626 5610 2872 5665 τουτέστι
2914 5617 3222 5684 προσώπων
3277 5622 3612 5689 σημαντικαὶ,
3643 5615 3697 5672 ὡς

2198 5694 2293 5746 ἐπὶ
2324 5694 2419 5762 τῆς
2461 5697 2619 5765 ἁγίας
2671 5701 2896 5770 Τριάδος
2926 5706 3022 5760 καὶ
3078 5710 3181 5761 τῶν
3219 5711 3482 5779 ἀγγέλων,
3512 5710 3590 5763 καὶ
3618 5706 3695 5758 τῶν

2198 5787 2523 5858 ἀνθρώπων·
2551 5793 2607 5844 αἱ
2638 5790 2693 5844 δὲ
2723 5794 3079 5865 ὑπαρκτικαὶ,
3124 5802 3192 5866 ὡς
3234 5805 3331 5858 ἐπὶ
3359 5806 3455 5858 τῶν
3502 5798 3695 5863 omni“?
