4054 6286
342 332 487 395 Π)δῦ

1266 334 1651 394 PANOPLIA
1688 331 2157 397 DOGMATICA.
2197 358 2259 368 ε·
2298 335 2449 394 ΤΙΤ.
2498 333 2657 393 XVI.

3453 334 3587 399 1066

330 467 461 502 ποτε
514 450 682 501 ὄντων
718 451 1057 518 πραγμάτιον
1082 449 1213 518 προς
1258 450 1662 518 ἀντιδιαστολὴν
1693 448 1799 500 τῶν
1821 448 1892 498 ἀν

2014 461 2200 500 carum
2254 462 2371 513 qua:
2423 463 2528 501 non
2583 458 2732 511 sunt,
2781 446 3162 501 tlill'crentiam.
3225 447 3587 514 Quamobrem

325 543 647 612 υπάρκτων.
678 542 842 594 Ὅθεν
874 543 966 595 ἐπὶ
997 542 1089 595 τοῦ
1134 545 1371 611 Χριστοῦ
1416 541 1772 612 πρυσωπικὴν
1803 540 1900 607 μὲν

329 636 462 705 μίαν
490 635 789 687 ὑπόστασίν
830 651 1031 704 φαμεν,
1097 633 1441 705 ὑπαρκτικάς
1469 634 1524 686 δὲ
1555 634 1647 687 καὶ
1676 632 1770 685 δύο
1812 630 1901 683 λέ-

325 743 445 793 γειν
478 728 580 780 οὑκ
611 727 910 791 ἀκίνδυνον,
958 725 1052 778 ’ἵνα
1107 724 1181 796 μή
1243 725 1481 793 θατέρανη
1526 726 1636 778 τῶν
1662 726 1718 778 ὲν
1751 721 1899 792 αὑτῷ

320 821 543 889 φύσεων
568 821 916 891 ἀνύπαρκτον
938 822 1206 892 εἴπωμεν.
1255 822 1632 893 ’Υπαρκτικὴν
1662 822 1760 893 μὲν
1791 821 1900 897 γὰρ

324 916 623 968 ὑπόστασιν
668 914 758 967 ἐπὶ
783 916 964 983 πάσης
996 915 1211 984 φύσεως
1242 916 1572 986 εὑρήσομεν,
1615 933 1900 985 προσωπι-

324 1012 430 1080 χὴν
482 1010 537 1062 δὲ
570 1012 668 1063 οὑκ
722 1013 811 1063 ἐπὶ
845 1014 1045 1080 πάσης.
1100 1010 1309 1072 Ἄλλως
1361 1028 1421 1064 τε
1459 1015 1492 1081 ἠ
1531 1012 1625 1064 τοῦ
1660 1010 1899 1081 Χριστοῦ

324 1102 649 1173 προσωπικὴ
685 1104 980 1165 ὑπόστασις
1012 1103 1335 1171 ἀμφοτέρων
1366 1102 1529 1155 αὑτοῦ
1549 1102 1659 1154 τῶν
1686 1102 1899 1171 φύσεών

320 1194 473 1247 ἐστιν
511 1195 831 1254 ὑπόστασις.
872 1193 1045 1262 Ἀπλῆ
1078 1192 1187 1261 γὰρ
1216 1191 1349 1246 οὖσα
1386 1194 1577 1261 γέγονε
1624 1192 1895 1252 σύνθετος.

315 1286 431 1337 Καὶ
462 1287 496 1353 ἡ
530 1285 628 1353 μὲν
659 1286 778 1338 θεῖα
800 1284 965 1337 αὑτοῦ
993 1284 1155 1353 φύσις
1188 1283 1611 1348 ἱδιοῦπόστατος,
1638 1284 1672 1354 ή
1711 1282 1768 1335 δὲ
1808 1284 1900 1336 ἁν-

314 1377 570 1447 θρωπίνη
604 1377 727 1430 οὔτε
759 1377 1149 1445 ἀνυπόστατος,
1180 1382 1303 1430 οὔτε
1336 1376 1755 1439 ίδιοῦπόστατος,
1782 1373 1898 1428 ἀλλ’

314 1470 703 1535 ἑνυπόστατος,
730 1469 805 1531 ὼς
837 1472 894 1522 έν
928 1472 994 1541 τῇ
1022 1469 1155 1540 θείᾳ,
1176 1469 1491 1521 ὑποστάσει.

384 1731 752 1785 Διαϐάλλουσι
782 1731 879 1801 τὴν
912 1730 1094 1793 δυάδα,
1149 1731 1223 1794 ὡς
1249 1732 1472 1801 πρώτην
1494 1729 1666 1786 οὖσαν
1695 1733 1899 1803 διαίρεε

318 1843 428 1891 σιν,
457 1824 614 1886 εὐθὺς
650 1824 788 1891 μετὰ
826 1822 923 1894 τὴν
955 1823 1153 1891 μονάδα
1187 1825 1679 1893 προσαπαντῶσαν,
1719 1826 1897 1877 καίτοι

319 1918 619 1985 συνάφειαν
644 1913 809 1967 οὖσαν
844 1914 1043 1983 μᾶλλον
1088 1913 1179 1966 δύο
1214 1914 1477 1982 μονάδων,
1510 1916 1603 1968 καὶ
1641 1914 1739 1985 τὴν
1771 1914 1899 1967 συλ-

310 2011 592 2079 ληπτικὴν
624 2009 825 2078 ἑαυτῆς
843 2007 1069 2075 δύναμιν
1094 2008 1259 2070 εὐθὺς
1286 2010 1663 2077 παριστῶσαν.
1692 2009 1763 2062 Οὑ
1788 2010 1897 2077 γὰρ

312 2101 581 2170 διαίρεσιν
609 2101 853 2170 μονάδων
885 2100 975 2152 τὸν
996 2099 1250 2169 ἀριθμὸν,
1282 2100 1416 2152 ἀλλά
1447 2102 1758 2154 τούναντίον
1795 2118 1899 2155 σω-

319 2196 474 2263 ρείαν
519 2193 762 2261 μονάδων
805 2194 854 2244 οἱ
885 2195 1014 2261 περὶ
1043 2193 1112 2245 τὰ
1143 2192 1370 2245 τοιαῦτα
1399 2194 1564 2245 δεινοὶ
1599 2194 1893 2263 ὡρίσαντο.

315 2286 382 2338 Εἰ
411 2285 506 2355 μὲν
528 2285 635 2353 γὰρ
665 2287 910 2349 εἴπωσιν,
940 2285 1021 2336 ὅτι
1052 2286 1083 2353 ἠ
1110 2284 1218 2335 τῶν
1245 2284 1338 2336 δύο
1368 2285 1443 2345 el;
1464 2286 1533 2336 τὰ
1555 2286 1612 2351 ἐξ
1643 2280 1717 2340 ὧν
1742 2303 1898 2339 συνε-

312 2375 447 2444 τέθη
474 2374 730 2435 ἀνάλυσις
756 2374 957 2446 διαιρεῖ
981 2376 1079 2442 τὴν
1109 2375 1322 2439 ἕνωσιν,
1370 2376 1480 2427 εἴτε
1509 2378 1630 2428 κατ’
1651 2377 1895 2432 ἐπίνοιαν

313 2470 427 2522 εἴτε
460 2467 583 2521 κατ’
618 2468 900 2536 ἐνέργειαν
943 2468 1191 2535 γένηται,
1242 2454 1442 2522 ἐἰκότα
1495 2469 1625 2531 ἴσως
1675 2471 1891 2540 ἐροῦσι·

316 2560 557 2628 μένουσα
584 2559 639 2611 δὲ
675 2557 760 2627 ἐφ’
791 2559 993 2623 ἑαυτῆς
1027 2561 1058 2628 ὴ
1111 2560 1243 2622 δυὰς
1273 2560 1372 2612 οὐκ
1407 2562 1519 2615 ἔστι
1568 2565 1730 2633 τομὴ,
1772 2565 1893 2618 οὐδὲ

315 2650 565 2718 μονάδων
588 2652 875 2721 διαίρεσις,
911 2653 959 2703 εί
989 2651 1063 2721 μὴ
1113 2653 1207 2704 καὶ
1241 2653 1441 2721 μᾶλλον
1490 2654 1682 2717 ἕνωσις
1714 2656 1893 2709 αὐτῶν

311 2745 411 2798 καὶ
442 2744 725 2812 συνάφεια.
774 2744 839 2796 Ἦ
879 2746 989 2814 γάρ
1020 2761 1097 2796 τοι
1154 2744 1315 2813 φύσις
1359 2745 1453 2798 τοῦ
1484 2747 1717 2817 ἀριθμοῦ
1768 2749 1892 2802 καθ’

307 2836 514 2905 ἑαυτὴν
532 2836 656 2888 οὔτε
683 2836 912 2902 διαιρεῖν
945 2838 1208 2903 πέφυκεν,
1255 2836 1379 2889 οὔτε
1432 2842 1743 2901 συνάπτειν.
1775 2841 1890 2894 ἀλλ’

304 2928 638 2997 ἀμφοτέρων
674 2929 791 2980 ἐστὶ
817 2928 1037 2996 δεκτικὴ
1069 2929 1212 2980 κατὰ
1251 2929 1340 2980 τὸν
1390 2929 1549 2997 λόγον
1605 2931 1700 2983 τοῦ
1745 2950 1889 3001 χρω-

310 3022 500 3089 μένου.
536 3018 674 3072 Οὑτε
708 3024 817 3089 γὰρ
855 3021 916 3070 τὸ
947 3020 1147 3088 δίπηχυ
1187 3020 1343 3086 ξύλον
1383 3021 1577 3075 διεῖλεν
1602 3026 1629 3077 ό
1656 3026 1890 3094 ἀριθμὸς

301 3114 419 3167 τῶν
449 3114 541 3167 δύο
571 3115 812 3184 πήχεων,
851 3113 968 3166 ἀλλ’
996 3115 1145 3167 οὐδὲν
1167 3109 1329 3186 ἦττον
1357 3118 1449 3167 καὶ
1484 3099 1752 3187 μετρηοὲν
1775 3118 1888 3188 ἔχει
1916 3134 1959 3190 c

302 3207 374 3259 τὸ
414 3206 634 3275 συνεχές
655 3221 668 3235 ο
705 3206 829 3257 οὗτε
870 3206 917 3257 oi
944 3207 1075 3258 δέκα
1109 3208 1281 3273 μόδιοι
1310 3207 1407 3259 τοῦ
1434 3209 1600 3260 μσίτου
1630 3210 1888 3280 διῃρέθη-

308 3315 440 3361 σαν,
472 3301 556 3351 ὅτι
604 3298 1014 3368 ὲμετρήθησσν.
1063 3300 1221 3353 Ἀλλὰ
1257 3302 1350 3353 καὶ
1377 3303 1404 3354 ό
1436 3303 1641 3374 Κύριος
1678 3305 1887 3360 δώδεκα.

308 3391 464 3459 ὥρας
507 3390 606 3458 τῆς
652 3391 867 3459 ἡμέρας
917 3390 1087 3445 εἰπὼν
1136 3394 1196 3444 οὑ
1230 3394 1505 3462 διεμέρισε
1538 3396 1635 3467 τὴν
1683 3397 1886 3467 ταύτης

310 3484 621 3553 συνέχειαν.
676 3484 785 3535 Καὶ
828 3486 856 3536 ό
895 3483 1215 3547 ’Λπόστολος
1266 3487 1323 3539 δὲ
1384 3488 1646 3558 εἰρηκὼς,
1678 3492 1887 3544 Πολλὰ

301 3575 486 3645 μέλη,
512 3574 582 3628 ἐν
606 3573 674 3627 δὲ
712 3574 903 3643 σῶμα,
942 3578 1001 3627 οὑ
1038 3579 1247 3645 διέτεμε
1286 3581 1355 3633 τὰ
1380 3582 1536 3651 μέλη.
1573 3582 1681 3636 Καὶ
1720 3585 1749 3635 ό
1779 3586 1887 3653 φή-

306 3686 433 3736 σας,
465 3668 667 3722 Πάντα
686 3668 756 3720 τὰ
789 3669 940 3725 ὀστᾶ,
959 3687 1079 3736 μου
1107 3671 1335 3737 ἐροῦσι,
1362 3674 1556 3742 Κύριε,
1588 3678 1783 3745 Κύριε,
1801 3681 1890 3747 τίς

306 3760 515 3828 ὅμοιός
570 3775 669 3812 σοι
690 3777 711 3825 ;
737 3761 795 3813 ού
829 3760 989 3812 διεῖλε
1022 3761 1090 3813 τὰ
1129 3763 1263 3815 ὀστᾶ
1291 3766 1475 3819 αὑτοῦ.
1516 3767 1581 3820 El
1608 3768 1664 3821 δὲ
1692 3771 1749 3823 τὸ
1782 3771 1888 3825 δὼ-

306 3855 464 3916 δεκα,
497 3852 668 3905 καὶτὸ
702 3852 893 3915 πολλὰ,
928 3853 1022 3906 καὶ
1059 3853 1121 3905 τὸ
1150 3855 1343 3920 πάντα,
1380 3858 1467 3909 ἵνα
1490 3858 1658 3912 rma
1700 3864 1889 3931 παρῶ-

310 3959 436 4011 μεν,
478 3942 717 4012 ἀριθμοῦ
762 3943 1042 4014 προδήλως
1073 3944 1202 3997 ὄντα
1254 3950 1584 4016 σημαντικὰ,
1629 3952 1885 4022 οὐδεμίαν

306 4036 640 4103 πεποίηνται
671 4035 974 4100 διαίρεσιν,
1014 4039 1097 4099 τίς
1128 4038 1158 4106 ἡ
1186 4038 1568 4108 ἀποκλήρωσις
1599 4043 1694 4094 τοῦ
1726 4046 1886 4112 μόνον

306 4126 403 4179 τὸν
422 4128 514 4179 δύο
540 4129 768 4198 ἀριθμὸν
806 4129 881 4191 ὡς
923 4131 1252 4199 διαιρετικὸν
1293 4131 1696 4195 διαϐάλλεσθαι.
1730 4138 1887 4207 ἡμῶν

311 4219 551 4290 μάλιστα
593 4221 664 4283 ὠς
707 4221 808 4272 οὐκ
855 4222 945 4272 ἐπὶ
991 4221 1253 4292 διαιρέσει
1288 4224 1401 4278 τῶν
1443 4228 1500 4280 ὲν
1530 4227 1750 4298 Χριστῷ
1783 4228 1885 4297 φύο

310 4327 453 4364 σεων
499 4309 689 4365 τοῦτον
720 4311 1126 4380 λαμϐανόντων,
1169 4313 1304 4367 ἀλλὰ
1338 4316 1476 4385 πρὸς
1504 4318 1673 4389 μόνην
1712 4322 1886 4389 δήλω-

311 4420 399 4455 σιν
419 4403 517 4472 τῆς
548 4404 752 4457 τούτων
778 4406 1058 4474 διαφορᾶς,
1095 4406 1190 4459 καὶ
1224 4409 1444 4475 ἔνδειξιν
1490 4416 1636 4484 σαφῆ
1662 4414 1757 4467 τοῦ
1794 4415 1886 4484 μέ-

309 4512 439 4571 νειν¹
480 4496 650 4560 αὑτὰς
702 4499 1008 4566 ἀτρέπτους
1054 4503 1148 4554 καὶ
1208 4502 1548 4573 ἀσυγχύτους
1601 4506 1739 4575 μετά
1784 4507 1885 4579 τὴν

307 4591 591 4660 ἀκραιφνῆ
647 4592 739 4644 καὶ
781 4592 1083 4665 ἀδιαίρετον
1139 4596 1373 4663 ἕνωσινς
1419 4600 1551 4652 ὅπου
1582 4616 1644 4668 γε
1676 4605 1768 4654 καὶ
1792 4604 1885 4656 ἐπὶ

306 4683 406 4736 τοῦ
445 4684 699 4751 σώματος
740 4687 889 4754 τρεῖς
939 4686 1184 4754 λέγοντες
1212 4689 1521 4757 διαστάσεις
1555 4694 1616 4744 οὑ
1646 4694 1886 4747 διασπῶ-

310 4791 414 4844 μεν
441 4774 501 4826 τὸ
530 4776 689 4845 σῶμα
722 4775 802 4838 είς
834 4777 960 4845 τρία
997 4781 1279 4851 τμήματα.
1312 4783 1523 4854 Ὠσπερ
1544 4782 1638 4839 οὖν
1664 4788 1759 4840 ἐπὶ
1784 4791 1882 4860 τῆς

312 4867 447 4935 μιᾶς
470 4868 734 4936 θεότητος
769 4869 802 4938 ἠ
841 4869 999 4937 τριὰς
1025 4871 1133 4923 τῶν
1162 4872 1515 4928 ὑποστάσεων
1539 4877 1600 4929 οὐ
1617 4878 1885 4947 διαίρεσιν

307 4958 701 5026 ἀλλοτριοῦσαν
748 4961 844 5011 ἀπ’
889 4961 1135 5030 ἀλλήλων
1194 4965 1499 5034 είσὴγαγεο
1548 4970 1886 5039 διαιροῦνται

312 5053 412 5120 μὲν
460 5056 592 5123 γὰρ,
636 5054 751 5107 ἀλλ’
807 5055 1167 5120 ἀδιαστάτως,
1203 5057 1297 5110 καὶ
1328 5061 1563 5128 ἥνωνται
1615 5066 1736 5133 μὲν,
1769 5067 1884 5118 ἀλλ’

307 5143 631 5210 ἀσυγχύτως
653 5159 668 5175 ο
702 5146 758 5195 ὲν
786 5143 1044 5214 ἀλλήλαις
1080 5146 1187 5214 γὰρ
1210 5147 1462 5215 ἁφύρτω;
1487 5152 1880 5221 περιχωροῦσι,

308 5235 634 5303 σωζομένων
664 5236 771 5288 τῶν
804 5236 1077 5304 ιδιοτήτων
1107 5237 1343 5307 ἑκάστης
1372 5254 1384 5267 ·
1425 5239 1596 5302 οὕτως
1643 5243 1752 5312 ἄρα
1790 5246 1881 5297 καὶ

306 5329 402 5378 ἐπὶ
430 5327 518 5379 τοῦ
545 5330 657 5391 ἑνὸς
690 5329 925 5397 Χριστοῦ
950 5332 980 5399 ή
1004 5330 1132 5393 δυάς
1149 5331 1257 5383 τῶν
1281 5331 1493 5400 φύσεων
1520 5336 1581 5387 οὑ
1600 5337 1881 5393 διάστασιν

308 5418 492 5470 αὐτῶν
521 5423 625 5472 άπε
642 5422 865 5477 τέλεσεν,

383 5512 447 5561 Δί
479 5512 571 5563 δύο
601 5513 788 5582 φύσεις
820 5510 896 5579 εἷς
923 5518 1027 5569 alat
1059 5518 1312 5586 Χριστὸξ,
1345 5520 1438 5571 καὶ
1479 5524 1506 5574 ό
1542 5519 1618 5585 εἷς
1649 5525 1880 5593 Χριστὸς

381 5725 396 5755 ¹
430 5724 584 5779 Joan.
621 5739 695 5787 XI,
725 5724 775 5777 9.
855 5725 873 5754 '
915 5726 932 5779 l
961 5725 1084 5780 Cor.
1117 5741 1215 5790 xu,
1242 5730 1330 5781 9.0.
1410 5732 1429 5763 ⁸
1462 5731 1577 5787 Psal
1622 5752 1803 5801 xxxiv,
1832 5741 1915 5796 10.

547 5817 817 5881 Paeon.
863 5821 976 5884 Gn.
1018 5820 1258 5884 CXXX.

2006 542 2342 607 hypostasim
2402 556 2521 609 qua:
2573 554 2859 608 personam
2916 532 3207 606 signiticet,
3262 558 3420 595 unam
3464 560 3589 600 esse

2001 630 2420 683 dicimus:duas
2448 647 2593 693 vero,
2652 646 2772 699 quae
2813 631 3123 699 signiﬁcent
3181 632 3585 699 exsistentiam,

2001 718 2160 770 etiam
2194 722 2511 782 concedere,
2542 735 2650 774 non
2712 735 2898 773 carere
2936 721 3180 787 periculo
3235 721 3586 795 aiiirmamus,

1999 825 2106 877 quo
2142 820 2384 864 neutram
2419 812 2471 864 in
2502 813 2618 879 ipso
2647 822 2894 865 naturam
2950 827 3072 867 esse
3118 815 3237 885 sine
3266 816 3587 869 exsistentia

2001 902 2457 958 demonstremus.
2493 903 2837 959 Exsistentite
2860 905 3003 959 enim
3028 906 3385 974 hyposlasim,
3412 912 3587 962 omnio

2001 991 2101 1046 bas
2127 993 2176 1045 in
2215 994 2374 1047 rebus
2408 995 2766 1063 reperiemus,
2836 1010 3082 1063 personae
3127 1011 3254 1052 vero
3326 1000 3586 1068 ityposltt-

2000 1082 2098 1134 sim
2142 1084 2319 1137 nonin
2350 1084 2623 1138 omnibus.
2648 1085 3014 1149 Quamobrem
3041 1086 3349 1155 bypostasis
3375 1090 3586 1144 Citriin

1998 1187 2284 1241 personam
2312 1175 2649 1245 signiﬁcans,
2677 1178 2963 1247 utriusque
2998 1189 3215 1234 natnrze
3282 1182 3453 1250 ipsius
3491 1194 3585 1237 est

1999 1265 2303 1334 hypostasis
2335 1282 2349 1330 ;
2385 1282 2507 1319 nam
2546 1282 2668 1321 cum
2706 1268 2935 1337 simplex
2966 1282 3131 1334 esset,
3156 1283 3240 1327 est
3272 1272 3411 1327 facta
3435 1290 3586 1330 com-

2000 1360 2195 1426 posita.
2230 1357 2307 1412 Ac
2334 1358 2513 1412 divina
2537 1361 2759 1426 quidem
2788 1362 2907 1429 ejus
2940 1373 3130 1417 natura
3184 1368 3458 1434 propriam
3481 1368 3580 1421 ha—

2000 1450 2089 1502 bet
2116 1449 2468 1520 hypos-tasim,
2490 1452 2722 1506 humana
2757 1471 2885 1509 vero
2921 1471 3091 1526 neque
3123 1457 3241 1511 sine
3302 1459 3583 1528 hyposlasi

2000 1551 2100 1605 εει,
2128 1556 2300 1611 neque
2326 1543 2595 1610 propriam
2632 1544 2789 1599 habet
2812 1547 3166 1616 hypostasim,
3229 1552 3319 1603 sed
3364 1550 3418 1603 in
3484 1552 3585 1621 hy-

1998 1635 2204 1700 βοειοεὶ
2239 1635 2422 1689 divina
2459 1636 2715 1691 nimirum
2748 1638 3015 1693 subsistit.

2068 1724 2225 1779 Falso
2246 1727 2556 1781 dnalitatem
2584 1739 2860 1794 accusant,
2890 1741 3145 1800 tanquam
3174 1734 3348 1802 prima
3387 1734 3581 1789 divisio

1932 1800 1972 1854 Β
2002 1816 2090 1877 sit.
2129 1833 2248 1885 qua:
2278 1818 2458 1872 statim
2485 1831 2606 1889 post
2638 1823 2896 1875 unitatem
2938 1836 3211 1889 occurrat,
3242 1841 3363 1881 cum
3403 1828 3581 1896 potius

2002 1907 2225 1961 duarum
2255 1909 2325 1963 sit
2356 1912 2621 1964 unitatum
2659 1914 2989 1982 conjunctio,
3017 1925 3071 1967 et
3114 1932 3269 1970 suam
3328 1932 3581 1985 compre-

2003 1999 2270 2052 hendendi
2305 2001 2410 2054 vim
2441 2003 2620 2055 statim
2651 2005 2970 2061 constituat.
3002 2005 3271 2062 Numerus
3302 2008 3443 2062 enim
3471 2026 3576 2063 non

1999 2100 2081 2140 θοι
2109 2088 2371 2142 unitatunt
2405 2089 2625 2157 divisio,
2661 2095 2753 2147 sed
2791 2096 2969 2163 potius
3009 2092 3277 2157 cumulus,
3311 2110 3367 2153 ut
3397 2099 3485 2168 qui
3525 2100 3576 2152 itt

1998 2191 2059 2228 ea
2092 2176 2347 2231 facuitale
2376 2192 2655 2248 praestant,
2693 2185 3074 2244 deiiniveruut.
3104 2187 3257 2253 Quod
3303 2190 3346 2243 si
3400 2191 3578 2242 duali-

1998 2279 2050 2322 ta
2079 2270 2124 2322 is
2151 2271 2204 2324 in
2236 2274 2317 2335 ea,
2350 2288 2413 2326 ex
2440 2275 2633 2343 quibus
2654 2287 2887 2339 constat,
2922 2281 3305 2345 resolutionem
3339 2283 3577 2335 dividere

1996 2376 2061 2415 co
2087 2362 2430 2431 .jnnctionem
2458 2366 2717 2431 dixerint,
2750 2369 2864 2422 sive
2894 2369 3242 2438 cogitatione,
3261 2374 3373 2425 sive
3396 2374 3574 2441 reipsa

1998 2451 2047 2504 id
2084 2451 2198 2516 ﬁat,
2232 2468 2357 2507 vere
2384 2453 2616 2510 fortasse
2641 2456 2948 2524 loquentur.
2985 2458 3383 2515 Dualitassvcro
3417 2464 3466 2515 in
3514 2479 3575 2517 se

1998 2542 2108 2611 ipsa
2145 2558 2366 2598 manens
2396 2561 2505 2599 non
2540 2536 2623 2601 est
2650 2549 2837 2607 sectio.
2864 2564 3037 2618 neque
3063 2551 3325 2605 unitatum
3354 2551 3574 2619 divisio,

1995 2634 2087 2684 sed
2118 2634 2294 2700 potius
2325 2633 2566 2701 ipsarum
2598 2635 2909 2704 conjunclio
2932 2650 2985 2691 et
3047 2640 3337 2706 copulatio.
3394 2642 3577 2704 Quan-

1995 2739 2156 2791 qnam
2187 2735 2379 2777 natura
2408 2726 2613 2778 numeri
2652 2744 2745 2794 per
2777 2743 2834 2781 se
2903 2744 3077 2798 neque
3139 2732 3346 2795 dividit,
3397 2748 3573 2797 neque

1992 2815 2287 2883 coniungit,
2320 2816 2409 2870 sed
2440 2824 2726 2885 utrumque
2757 2818 2984 2887 susripit
3009 2834 3107 2889 pro
3139 2823 3350 2876 ratione
3406 2822 3570 2887 illius,

1992 2906 2163 2973 quieo
2198 2909 2383 2959 utitur.
2411 2905 2594 2975 Neque
2624 2910 2767 2963 enim
2807 2910 3093 2966 bicnbitale
3151 2913 3352 2982 lignum
3424 2925 3575 2968 secat

1991 3008 2253 3045 numerus
2284 2996 2510 3048 duormn
2554 2997 2878 3061 cubitorum,
2930 3000 3025 3054 sed
3071 3004 3317 3070 quamvis
3366 3004 3575 3057 dimen-

1994 3097 2112 3133 sum
2140 3080 2232 3144 sit,
2258 3083 2568 3137 cenlinuam
2604 3094 2782 3140 tamen
2827 3103 2982 3142 suam
3047 3090 3244 3143 retinet
3296 3096 3574 3161 quantin-

1996 3182 2123 3226 tem.
2152 3170 2261 3225 Nec
2288 3172 2471 3227 decem
2507 3176 2667 3228 modii
2701 3172 2863 3230 tritici
2898 3179 3051 3234 divisi
3092 3192 3235 3243 sunt,
3289 3193 3571 3251 prOpterea

1992 3264 2136 3329 quod
2167 3264 2392 3317 dimensi
2422 3266 2545 3319 sint.
2580 3265 2683 3320 Sed
2711 3277 2759 3319 el
2796 3269 3052 3325 Dominus
3108 3287 3229 3326 cum
3284 3273 3569 3328 duodecim

1993 3368 2115 3406 esse
2148 3356 2351 3409 diceret
2383 3356 2543 3410 horas
2572 3358 2675 3411 diei
2711 3361 2727 3390 ί
2758 3401 2772 3422 ,
2821 3377 2925 3413 non
2978 3362 3097 3430 ejus
3164 3365 3345 3418 divisit
3398 3370 3570 3420 couti-

1993 3461 2155 3499 nuam
2182 3448 2561 3514 quantitatem.
2595 3449 2805 3504 Etcum
2837 3456 3122 3520 Apostolus
3162 3458 3386 3522 diceret,
3438 3459 3571 3512 Mul-

1990 3548 2045 3591 ta
2074 3539 2302 3591 membra
2326 3581 2341 3605 ,
2373 3557 2535 3594 unum
2568 3542 2739 3595 autem
2765 3561 2951 3613 corpus
2973 3548 3015 3611 ',
3046 3548 3284 3601 membra
3323 3566 3425 3602 non
3460 3552 3570 3604 divo

1992 3629 2183 3680 secuit.
2247 3626 2353 3681 Nec
2405 3629 2493 3697 qui
2547 3630 2682 3684 dixit
2726 3632 2969 3687 :Ontnia
3018 3652 3141 3688 ossa
3186 3654 3298 3691 mea
3361 3641 3569 3707 dicem,

1993 3717 2237 3781 Domine,
2278 3718 2519 3784 Domine,
2563 3724 2679 3790 quis
2704 3726 2897 3777 similis
2930 3727 3022 3778 (ibi
3050 3728 3070 3758 ³
3101 3728 3124 3780 ⁸1
3174 3730 3359 3785 divisit
3398 3748 3569 3787 tuem-

1995 3811 2088 3862 bra
2123 3825 2240 3863 sua.
2285 3812 2438 3875 Quod
2488 3815 2530 3867 si
2584 3814 2731 3879 illud,
2773 3818 3069 3881 duodecim,
3127 3828 3182 3873 et
3241 3822 3388 3885 illud,
3434 3824 3572 3876 mul-

1995 3908 2070 3959 ta,
2116 3910 2171 3953 et
2203 3900 2353 3964 illud,
2408 3904 2607 3967 omnia,
2641 3916 2700 3958 ut
2741 3907 2941 3975 reliqua
2992 3921 3393 3978 pratcreamns,
3443 3929 3567 3967 cum

1993 3990 2293 4059 significent
2371 4009 2676 4061 numerum,
2742 4000 2940 4051 nullam
3002 4012 3179 4055 tamen
3249 4003 3566 4060 divisionem

1992 4081 2249 4145 edit-inut,
2274 4083 2395 4152 quis
2429 4085 2658 4140 duorum
2684 4104 2907 4143 numero
2942 4093 3041 4147 soi
3068 4094 3339 4163 singulare
3368 4112 3566 4153 munus

1993 4176 2093 4228 hoc
2126 4175 2344 4241 tribuat,
2380 4184 2437 4229 ut
2460 4178 2742 4258 dividendi
2778 4182 2878 4232 vim
2915 4183 3129 4247 habeat,
3162 4200 3281 4239 cum
3342 4203 3568 4253 pramer-

1990 4264 2087 4319 tim
2122 4281 2242 4319 eum
2273 4283 2370 4323 nos
2421 4284 2527 4324 non
2560 4272 2611 4325 in
2672 4272 2938 4329 divisione
2984 4275 3188 4333 Christi
3248 4290 3565 4337 naturarum

1990 4358 2367 4422 adhibeamus,
2436 4362 2530 4416 sed
2588 4374 2648 4417 ut
2702 4366 2870 4420 solam
2920 4369 3161 4438 ipsarum
3201 4372 3564 4430 diﬂ'ercntiam

1916 4448 1958 4503 Β
1991 4446 2189 4501 ειμι-ειη]
2220 4449 2601 4518 signiﬁcemus,
2634 4464 2687 4509 et
2714 4459 3180 4525 ostendamus,eas
3205 4462 3325 4517 sine
3381 4475 3566 4521 mutt-

1989 4541 2132 4593 tione
2161 4538 2541 4596 etcont‘usione
2572 4554 2690 4612 post
2714 4562 2894 4602 veram
2923 4559 2976 4603 et
2998 4552 3378 4609 indivisibilem
3429 4572 3564 4613 con-

1981 4630 2317 4698 jnnctionem
2349 4638 2700 4701 permanere?
2724 4639 2855 4693 Nam
2877 4651 2931 4695 et
2966 4644 3020 4697 in
3049 4658 3275 4713 corpore
3306 4648 3428 4701 licet
3453 4659 3563 4703 tres

1990 4722 2354 4777 dimensiones
2385 4725 2648 4793 dicamus,
2680 4746 2784 4784 non
2824 4738 3001 4787 tamen
3036 4734 3210 4803 ipsum
3261 4752 3457 4808 corpus
3507 4742 3561 4796 in

1993 4820 2103 4862 tres
2171 4816 2442 4870 scctiones
2514 4817 2828 4876 dividimus.
2882 4824 3339 4887 Quemadmodum
3400 4831 3562 4900 igitur

1987 4916 2336 4969 personarum
2398 4907 2613 4962 trinitas
2653 4924 2758 4962 non
2790 4912 3028 4979 ipsarum
3098 4916 3420 4973 divisionem
3466 4937 3560 4977 eas

1986 4995 2376 5050 distrahentem
2447 4999 2498 5053 in
2551 5000 2844 5057 Divinitate
2909 5007 3089 5074 parit;
3155 5010 3560 5080 distinguuntur

1985 5085 2150 5148 cnim,
2182 5087 2275 5139 sed
2308 5087 2426 5139 sine
2471 5088 2826 5148 distractione
2852 5134 2866 5159 ,
2904 5106 2959 5151 et.
3009 5098 3406 5173 coniunguntur
3437 5106 3557 5159 sine

1984 5177 2321 5239 confusione,
2362 5178 2500 5232 inter
2527 5196 2585 5235 se
2641 5183 2781 5237 enim
2809 5200 3112 5245 commeant
3153 5195 3271 5247 sine
3329 5197 3558 5249 commi-

1980 5265 2177 5329 Stione,
2202 5271 2433 5323 servatis
2454 5273 2789 5340 singularum
2827 5282 3251 5349 prOprietatihns
3273 5304 3285 5336 :
3305 5287 3385 5337 sic
3407 5295 3459 5337 et
3499 5287 3553 5339 in

1979 5355 2199 5411 Christo
2224 5370 2533 5415 naturarum
2567 5366 2799 5423 dualitas
2834 5387 2937 5425 non
2962 5375 3124 5426 ellicit
3152 5375 3389 5441 ipsarum
3438 5368 3555 5427 dis.

1981 5452 2317 5507 tractiuneut.

2054 5537 2179 5596 Dua:
2207 5554 2412 5600 natura:
2429 5560 2552 5604 sunt
2585 5568 2721 5607 unus
2743 5553 3013 5618 Christus,
3050 5566 3102 5609 ct
3133 5572 3271 5610 unus
3302 5558 3551 5615 Christus

3158 5850 3239 5918 3L
