4052 6292
549 371 690 438 1075
1784 398 2098 462 EUTHYM

2212 407 2570 472 ZlGABENI
2614 409 2616 411 ’
3641 422 3753 489 1076

547 501 657 553 cat,
696 492 840 546 nullo
859 507 1078 563 prorsus
1111 496 1267 552 modo
1299 501 1412 557 ﬁcri
1445 520 1602 574 posse
1631 518 1686 562 ttt
1715 523 1845 565 caro
1900 515 1953 572 in
1995 513 2107 569 Ver.

547 583 597 609 LI
625 596 871 609 -.-ι....---
912 599 1179 609 --ᾼ---.ν.κ.
1314 593 1359 609 n.
1391 595 1402 608 ι
1467 597 1478 609 ι
1673 599 1730 609 ι.-
1826 603 1838 609 -
2035 606 2044 609 -

2234 521 2502 590 λέγοντος,
2537 525 2617 578 ότι
2668 526 2952 598 ἀμήχανον
2983 525 3078 580 καὶ
3119 527 3390 593 παντελῶς
3417 529 3655 586 ἀδύνατον
3671 539 3750 609 τὴν

541 583 597 638 lii
625 596 875 640 naturam
905 599 1272 646 convertatur.
1313 593 1514 652 Deinde
1551 613 1614 653 ex
1640 599 1761 656 aliis
1791 603 1907 673 ejus
1940 606 2115 675 scrip-

541 678 611 729 tis
669 679 810 748 piam
863 682 1029 750 ipsius
1082 687 1405 741 sententiam
1469 703 1841 761 agnoscentes,
1905 706 1955 750 et
2005 697 2119 753 bzrc

539 770 822 825 Athanasii
847 785 967 827 esse
1020 778 1180 828 verba
1244 781 1624 839 concedemus.
1674 784 1912 841 Verbum
1966 791 2114 844 enim

541 865 751 934 accepit
780 879 878 934 pro
911 865 1039 932 Deo,
1071 872 1505 939 quandoquidem
1540 885 1593 930 et
1645 875 1786 932 Deus
1843 887 1927 934 est
1987 878 2118 935 Ver-

540 957 687 1010 itum.
722 955 836 1012 Non
869 961 1026 1014 aliter
1093 981 1158 1016 ac
1186 967 1228 1018 si
1262 966 1506 1034 dixisset,
1545 969 1710 1025 Deum
1765 973 1965 1028 {aetum
1996 990 2117 1032 esse

537 1064 779 1115 carnem,
817 1064 874 1107 ut
909 1070 1038 1111 caro
1063 1057 1213 1114 ﬁeret
1239 1062 1397 1127 Deus,
1439 1078 1542 1118 non
1593 1077 1804 1130 natura,
1828 1070 1922 1124 sed
1985 1085 2118 1126 con-

531 1141 812 1208 junctione
836 1144 888 1199 in
925 1163 1178 1216 persona,
1212 1163 1260 1205 et
1290 1149 1649 1221 deiﬁcatione,
1683 1166 1740 1213 ut
1773 1159 1848 1215 ita
1910 1161 2112 1217 dicam.

539 1238 701 1292 Aiunt
735 1237 1144 1313 etTlteologum
1186 1245 1505 1317 Gregorium
1566 1251 1631 1307 de
1673 1268 1841 1311 carne
1893 1255 2111 1311 Domini

535 1331 781 1387 deiﬁcata
815 1335 1060 1392 dixisse:
1101 1359 1116 1390 ι
1151 1327 1310 1394 Facta
1341 1353 1421 1398 est
1457 1345 1529 1408 id,
1583 1346 1725 1415 quod
1777 1364 1894 1403 eam
1938 1351 2112 1415 unxit,

532 1430 589 1476 ct
619 1425 879 1481 audacter
914 1439 971 1483 ut
1001 1430 1212 1499 loquar,
1272 1435 1432 1489 simul
1503 1435 1663 1492 Deus.
1699 1458 1717 1490 ι
1784 1420 1899 1496 Non
1953 1444 2109 1509 dixit,

535 1513 698 1569 Far-ta
732 1525 815 1570 est
842 1519 1122 1589 divinitas,
1161 1525 1252 1577 sed
1281 1525 1440 1590 Deus.
1462 1525 1622 1595 idque
1655 1545 1756 1582 non
1785 1533 2113 1599 natura,sed

531 1608 1064 1667 deiﬁcationeJdem
1093 1616 1234 1668 enim
1289 1633 1527 1683 rursum,
1572 1641 1590 1673 ι
1627 1619 1690 1676 Et
1729 1623 1848 1688 ltoc,
1917 1625 2110 1694 inquit,

531 1699 877 1758 deiﬁcatione
914 1705 1075 1761 Deus.
1113 1726 1135 1758 1
1164 1706 1402 1778 itemque
1428 1712 1482 1766 in
1515 1712 1617 1767 alia
1660 1717 1927 1781 oratione,
1979 1737 1997 1770 ι
2025 1715 2114 1773 Li-

531 1803 617 1846 cet
645 1794 839 1862 inquit,
878 1805 1169 1868 utrumque
1221 1801 1292 1856 sit
1321 1817 1509 1865 unum,
1545 1820 1650 1860 non
1694 1814 1872 1862 tamen
1897 1818 2111 1874 natura,

531 1885 626 1937 sed
662 1887 1064 1949 conjunctione.
1107 1909 1125 1942 ›
1165 1890 1296 1945 Nam
1353 1903 1407 1947 et
1451 1893 1654 1949 ferrum
1717 1898 1822 1966 igni
1886 1901 2112 1969 conjun-
2147 1877 2190 1932 Β

531 1990 673 2030 ctum
710 1994 851 2049 serpe
883 1982 1021 2050 ignis
1053 1984 1270 2050 dicitur,
1297 2002 1404 2042 non
1441 1998 1620 2043 tamen
1660 2001 1874 2060 natura,
1905 1995 1997 2048 sed
2028 1996 2112 2048 iu-

527 2067 929 2135 tlammatione;
967 2088 1075 2127 non
1100 2075 1241 2128 enim
1284 2076 1488 2132 ferrum
1521 2095 1641 2136 esse
1668 2083 1889 2139 destitit.
1948 2083 2114 2138 Aiunt

525 2158 914 2230 ctGregorium
946 2163 1133 2235 Nyssae
1161 2169 1468 2237 pontiﬁcem
1501 2173 1704 2228 dixisse
1736 2189 1750 2226 :
1783 2192 1801 2225 ι
1842 2173 2111 2240 Quemad-

524 2255 745 2308 modum
774 2256 967 2312 siaceti
1003 2269 1150 2326 gutta
1184 2263 1506 2329 conjiciatur
1529 2267 1582 2320 in
1608 2282 1777 2334 mare,
1835 2283 1942 2323 non
1997 2284 2112 2322 am-

524 2344 666 2412 plius
694 2348 832 2402 aceti
868 2351 1223 2420 proprietates
1274 2355 1546 2423 retinebit,
1583 2359 1677 2412 sed
1717 2359 2114 2423 immolabitur,

525 2447 578 2492 et
607 2439 658 2492 in
690 2455 950 2509 aquarum
983 2447 1148 2500 maris
1175 2449 1593 2517 proprietatibus
1649 2453 2108 2518 commiscebitur,

525 2527 609 2582 sic
642 2540 695 2583 et
725 2532 1128 2587 sanctissimum
1193 2537 1318 2592 illud
1349 2553 1544 2609 corpus
1575 2541 1844 2596 divinitati
1878 2545 2109 2599 commi-

523 2629 666 2674 s:um
699 2638 800 2674 non
836 2633 920 2678 est.
951 2627 1180 2696 amplius
1209 2629 1266 2683 in
1292 2633 1470 2687 carnis
1501 2635 1936 2703 proprietatibus.
1957 2655 1975 2688 ι
2014 2636 2109 2692 Di-

522 2723 737 2770 scanta
792 2719 950 2772 nobis
1000 2735 1247 2775 sanctum
1285 2721 1428 2778 hunc
1484 2741 1588 2781 non
1632 2728 2004 2786 confusionem
2055 2741 2109 2784 et

522 2811 954 2865 connnistinnem
1011 2814 1236 2866 duarum
1305 2824 1621 2871 naturarum
1683 2823 1949 2886 docuisse,
2010 2825 2105 2878 sed

521 2901 648 2954 illud
675 2888 886 2958 Domini
917 2921 1110 2975 corpus
1162 2920 1276 2976 post
1326 2912 1777 2967 resurrectionem
1839 2930 1943 2968 non
1987 2932 2103 2969 am-

520 2995 664 3061 plius
697 3000 989 3066 corrumpi,
1023 3015 1118 3053 nec
1148 2998 1332 3068 ﬂuere,
1371 3015 1470 3056 nec
1499 3003 1807 3075 defetigari,
1838 3021 1937 3062 nec
1965 3007 2104 3062 iudi-

519 3098 665 3153 gere,
700 3100 797 3139 nec
820 3088 977 3152 mori,
1001 3089 1091 3141 sed
1125 3090 1190 3144 ab
1217 3105 1282 3145 eo
1321 3093 1468 3161 quod
1492 3107 1559 3147 ex
1585 3097 1808 3149 materia
1866 3106 2100 3163 constat,

519 3175 660 3242 quod
687 3176 910 3246 patibile
965 3187 1019 3232 et
1045 3190 1286 3235 crassum
1321 3191 1426 3247 est,
1459 3194 1621 3252 atque
1657 3187 1907 3250 mortale,
1937 3189 1988 3240 in
2026 3188 2098 3254 id,

518 3270 657 3333 quod
695 3281 725 3322 a
763 3271 984 3323 materia
1013 3282 1302 3337 remotum,
1338 3273 1481 3340 quod
1509 3273 1806 3344 impatibile
1858 3288 1909 3331 et
1939 3279 2102 3334 subti-

517 3361 570 3412 le
631 3369 728 3422 3st,
764 3370 925 3428 atque
995 3363 1319 3429 immortale,
1359 3365 1526 3422 fuisse
1591 3382 1935 3423 conversum.
1983 3371 2098 3426 Non

522 3466 700 3503 tamen
721 3453 771 3504 in
811 3453 885 3514 id,
902 3459 1045 3520 quod
1072 3457 1576 3526 circumscriptione
1607 3461 1880 3530 ﬁguraque
1892 3474 2102 3536 careat,

519 3547 778 3613 autquod
808 3545 909 3598 sub
970 3553 1168 3600 tactum
1219 3558 1736 3618 aspectumquenon
1767 3554 1946 3618 cadat,
2003 3565 2100 3610 aut

521 3645 762 3691 creatum
796 3653 904 3693 non
968 3639 1081 3704 sit,
1129 3649 1185 3694 et
1231 3656 1567 3713 quacunque
1626 3644 1924 3702 divinitatis
1976 3657 2103 3703 sunt

519 3731 759 3798 propria.
787 3729 999 3798 Alioqui
1030 3732 1304 3798 quomodo
1333 3746 1362 3786 a
1393 3733 1671 3804 discipulis
1735 3747 1859 3805 post
1913 3752 2097 3792 resur-

520 3824 816 3877 rectionem
851 3831 1192 3893 perspectum
1227 3823 1451 3880 luisset?
1485 3827 1593 3880 Aut
1631 3830 1901 3896 quomodo
1931 3830 2098 3885 dixis-

518 3924 599 3967 set
624 3915 736 3984 ipse
765 3930 778 3966 :
814 3913 1122 3982 Palpate,et
1145 3917 1334 3981 videte,
1366 3919 1489 3988 quia
1512 3919 1729 3987 spiritus
1771 3937 1988 3976 carnem
2046 3931 2096 3976 et

518 4020 638 4057 o;sa
672 4021 770 4058 non
793 4006 963 4072 habet,
1000 4007 1136 4059 sicut
1167 4023 1245 4061 me
1264 4010 1443 4063 videtis
1472 4009 1663 4065 habere
1693 4013 1708 4042 ¹
1737 4013 1759 4065 2
1815 4013 2100 4079 Quomodo

521 4094 739 4151 Thuma:
773 4098 1046 4153 clavorum
1086 4101 1308 4169 vestigia
1376 4105 1848 4159 demonstrasset?
1903 4114 1956 4160 et
1992 4107 2094 4159 alia

519 4186 782 4255 ejusmodi
814 4186 1054 4253 fecisset,
1086 4205 1190 4259 quo
1220 4203 1280 4244 se
1309 4205 1491 4245 veram
1519 4207 1737 4247 carnem
1771 4204 1822 4248 et
1851 4197 2098 4248 lnnnani-

523 4288 709 4342 tatem,
734 4295 838 4333 non
875 4289 1052 4334 autem
1090 4282 1268 4334 ﬁctam
1300 4282 1951 4353 carnishumanitatisque
1976 4301 2100 4356 spe-

520 4369 654 4422 ciem
685 4370 1051 4436 assumpsisse
1085 4369 1454 4437 signiﬁcaret?
1488 4371 1654 4427 Porro
1687 4384 1847 4442 guttae
1878 4375 2016 4430 aceti
2042 4385 2097 4430 et

522 4459 690 4513 maris
727 4459 1034 4526 exemplum
1067 4460 1309 4514 adhibuit
1339 4461 1494 4515 divus
1527 4462 1614 4516 hic
1637 4461 1948 4532 Gregorius,
1986 4481 2094 4533 quo

2228 615 2408 686 σάρκα
2438 617 2515 680 είς
2544 618 2643 687 τὴν
2687 618 2781 672 τοῦ
2813 619 2988 688 Λόγου
3011 622 3348 690 μεταστῆναι
3373 622 3528 690 φύσιν
3553 640 3566 656 ο
3595 625 3752 685 ἔπειτα

2226 706 2283 759 δὲ
2315 708 2420 761 ἀπὸ
2455 709 2563 761 τῶν
2595 708 2771 762 ἄλλων
2799 709 2966 763 αὐτοῦ
2993 712 3442 781 συγγραμμάτων
3468 715 3553 766 τὸν
3583 717 3749 790 εὐσεϐῆ

2226 803 2428 852 σκοπὸν
2485 801 2649 853 αὐτοῦ
2699 800 3178 870 διαγινώσκοντες,
3238 803 3631 876 συμϐιὸἀζομεν
3675 814 3750 863 καὶ

2221 890 2428 962 ταύτην
2480 893 2575 964 τὴν
2603 895 2811 963 φωνήν.
2859 896 2963 949 Τὸν
2996 897 3172 962 Λόγον
3224 897 3332 966 γὰρ
3363 899 3484 950 ἀντὶ
3528 900 3610 951 τοῦ
3633 899 3745 956 Θεοῦ

2222 984 2438 1049 ἔλαϐεν,
2500 987 2620 1038 ἐπεὶ
2670 988 2764 1040 καὶ
2819 988 2952 1050 Θεὸς
2998 987 3026 1038 ὁ
3073 988 3246 1056 Λόγος
3275 1006 3291 1021 ·
3342 989 3538 1044 ὡσανεὶ
3583 992 3750 1061 λέγων,

2223 1079 2305 1130 ὅτι
2333 1079 2361 1130 ό
2395 1077 2527 1141 Θεὸς
2576 1078 2711 1147 σὰρξ
2743 1080 2988 1147 γέγονεν,
3048 1081 3138 1134 ἵνα
3169 1083 3261 1132 καὶ
3293 1082 3326 1152 ἡ
3385 1081 3517 1152 σὰρξ
3560 1083 3750 1154 γένηται

2221 1160 2375 1234 Θεὸς,
2407 1171 2465 1222 οὺ
2511 1173 2576 1240 τῇ
2620 1171 2804 1240 φύσει,
2844 1172 2983 1225 ἀλλὰ
3016 1174 3082 1242 τῇ
3118 1173 3238 1225 καθ’
3275 1173 3564 1228 ὑπόστασιν
3589 1174 3749 1228 ἑνὼσει

2221 1264 2316 1316 καὶ
2339 1255 2404 1332 τῇ
2434 1261 2650 1318 θεώσει.
2687 1264 2923 1332 Λέγουσι
2959 1265 3016 1316 δὲ
3054 1267 3147 1318 καὶ
3181 1266 3271 1319 τὸν
3303 1265 3556 1334 Θεολόγον
3577 1267 3750 1338 Γρηγό-

2225 1371 2340 1424 ριον
2377 1357 2552 1410 εἰπεῖν
2584 1357 2710 1428 περὶ
2738 1347 2838 1426 τῆς
2862 1358 3162 1427 θεωθείσης
3188 1357 3285 1411 τοῦ
3318 1357 3521 1429 Κυρίου
3554 1360 3748 1429 σαρκὸς,

2221 1445 2303 1498 ὅτι
2331 1447 2449 1497 καὶ(
2463 1446 2762 1515 γενομένην
2784 1447 2920 1517 ὅπερ
2947 1449 3008 1499 τὸ
3033 1451 3253 1517 χρῖσαν,
3282 1448 3379 1501 καὶ
3396 1449 3574 1519 θαρρῶ
3602 1450 3750 1516 λέγειν

2221 1536 2466 1606 όμόθεον.
2501 1557 2518 1588 ι
2554 1539 2667 1591 Οὐκ
2704 1535 2878 1604 εἶπεν,
2905 1540 2986 1592 ὅτι
3027 1539 3218 1608 θεότης
3255 1539 3498 1608 γέγονεν,
3548 1539 3653 1592 ἀλλ’
3684 1541 3750 1594 ὅτι

2221 1628 2374 1693 Θεὸς,
2403 1631 2464 1684 οὐ
2493 1630 2678 1698 φύσει,
2704 1631 2839 1683 ἀλλὰ
2877 1630 3092 1684 θεὼσει.
3125 1632 3266 1700 Φησὶ
3292 1633 3401 1701 γὰρ
3435 1631 3464 1682 ό
3496 1629 3640 1692 αὐτὸς
3669 1631 3752 1682 πά-

2222 1720 2326 1787 λιν,
2357 1723 2436 1774 ὅτι
2469 1742 2486 1772 ι
2515 1724 2622 1775 Καὶ
2650 1725 2808 1776 τοῦτο
2836 1725 2900 1793 τῇ
2945 1723 3140 1777 θεώσει
3169 1724 3361 1788 Θεός.»
3404 1724 3512 1777 Καὶ
3545 1719 3680 1785 αὖθις
3705 1723 3752 1774 ἐν

2220 1813 2394 1884 ἑτέρῳ
2425 1813 2571 1882 λόγῳ
2593 1829 2608 1842 ·
2655 1815 2747 1866 «Εἰ
2789 1818 2899 1884 γὰρ
2930 1814 3023 1866 καὶ
3059 1814 3120 1866 τὸ
3148 1813 3549 1882 συναμφότερον
3564 1811 3633 1872 ἒν,
3661 1810 3756 1864 ἀλλ’

2220 1907 2279 1958 ού
2308 1908 2374 1975 τῇ
2412 1905 2593 1975 φύσει,
2625 1909 2690 1976 τῇ
2724 1905 2780 1958 δὲ
2813 1906 3072 1975 συνόδῳ.»
3113 1905 3226 1958 Καὶ
3255 1903 3364 1973 γὰρ
3399 1904 3492 1956 καὶ
3520 1903 3547 1956 ὁ
3573 1902 3755 1972 σίδηρος

2219 2001 2285 2069 τῇ
2321 2001 2457 2069 πρὸς
2490 1999 2550 2051 τὸ
2603 2000 2713 2070 πῦρ
2747 1999 2938 2052 ἑνώσει
2989 1997 3102 2069 πῦρ
3150 1999 3376 2065 λέγεται
3423 1995 3680 2058 πολλάκις,
3706 1994 3754 2046 οὐ

2219 2091 2286 2160 τῇ
2323 2088 2483 2157 φύσει
2505 2088 2561 2141 δὲ
2585 2090 2826 2153 πάντως,
2861 2089 2997 2142 ἀλλὶι
3023 2091 3087 2160 τῇ
3118 2087 3389 2158 πυρώσει.
3425 2086 3497 2139 Ού
3527 2084 3624 2156 γὰρ
3643 2083 3758 2138 ἀπέ-

2221 2197 2322 2250 στη
2373 2179 2465 2234 τοῦ
2495 2177 2634 2234 εἶναι
2691 2181 2931 2251 σίδηρος.
2964 2181 3199 2248 Λέγουσι
3259 2179 3356 2234 καὶ
3382 2179 3664 2250 Γρηγόριον
3683 2176 3758 2230 τὸν

2218 2271 2440 2342 Νύσσης
2472 2275 2667 2338 εἰπεῖν,
2705 2273 2786 2326 ὃτι
2806 2291 2825 2324 ‹
2854 2273 3123 2342 Καθάπερ
3147 2273 3369 2340 σταγὼν
3401 2271 3547 2336 ὄξους
3590 2268 3760 2340 ἐμϐλη-

2219 2364 2372 2418 θεῖσα
2406 2363 2486 2435 τῷ
2519 2365 2743 2434 πελάγει
2795 2365 2894 2434 τῆς
2943 2365 3214 2434 θαλάσσης
3267 2363 3371 2416 οὐκ
3419 2363 3497 2415 ἔτι
3548 2361 3679 2415 ἐστὶν
3709 2362 3756 2412 ὲν

2216 2460 2329 2521 τοῖς
2383 2457 2475 2510 τοῦ
2516 2457 2670 2521 ὄξους
2723 2456 3046 2525 ίδιώμασιν,
3098 2443 3236 2508 suis
3299 2453 3644 2526 μετεποιήθη,
3681 2451 3756 2504 καὶ

2219 2549 2600 2620 συνανεκράθη
2633 2551 2712 2613 εἰς
2749 2550 2809 2602 τὸ
2833 2549 2930 2602 τοῦ
2958 2549 3235 2617 πελάγους
3264 2548 3376 2601 τῶν
3403 2548 3604 2601 ὑδάτων
3633 2545 3756 2598 ἰδίω-

2219 2661 2296 2715 μα
2323 2660 2337 2675 ο
2377 2643 2519 2697 οὕτω
2547 2643 2612 2713 δὴ
2642 2644 2736 2696 καὶ
2773 2646 2834 2696 τὸ
2867 2644 3132 2710 πανάγιον
3179 2645 3363 2696 ἐκεῖνο
3421 2642 3572 2712 σῶμα
3621 2654 3760 2692 συνα-

2215 2734 2489 2804 νακραθὲν
2510 2737 2576 2805 τῇ
2613 2735 2830 2805 Θεότητι
2858 2736 2959 2788 οὐκ
2992 2736 3073 2788 ἔτι
3100 2736 3251 2786 ἐστὶν
3285 2737 3342 2787 ὲν
3380 2735 3490 2795 τοῖς
3516 2733 3609 2800 τῆς
3644 2747 3756 2799 σαρ-

2215 2827 2309 2890 κὸς
2337 2823 3090 2896 ἰδιώμασι.ιΜανθανέτωσαν
3117 2822 3211 2877 οὖν
3243 2821 3376 2890 παρ’
3409 2820 3580 2888 ἡμῶν,
3608 2819 3678 2872 ὅτι
3704 2815 3754 2869 οὐ

2217 2918 2479 2988 σύγχυσιν
2525 2918 2634 2968 τῶν
2696 2916 2788 2967 δύο
2850 2915 3067 2984 φύσεων
3118 2917 3214 2967 καὶ
3271 2913 3491 2984 φυρμὸν
3549 2913 3575 2964 ό
3625 2910 3755 2976 ἅγιος

2213 3007 2368 3074 οὗτος
2403 3009 2660 3073 ἐδίδαξεν,
2688 3009 2804 3062 ἀλλ’
2833 3010 2916 3062 ὅτι
2946 3007 3047 3061 οὐκ
3073 3005 3154 3059 ἔτι
3179 3007 3336 3058 ἐστὶν
3367 3006 3542 3058 ἐκεῖνο
3589 3001 3644 3055 τὸ
3673 3005 3754 3051 Δε-

2213 3101 2472 3154 σποτικὸν
2505 3100 2663 3168 σῶμα
2694 3099 2832 3168 μετὰ
2856 3098 2952 3169 τὴν
3005 3097 3311 3152 ἀνάστασιν
3377 3093 3624 3164 φθαρτὸν,
3651 3089 3756 3143 οὐδὲ

2214 3194 2462 3262 ρευστὸν,
2516 3193 2638 3246 οὐδὲ
2671 3191 2925 3259 ἐγκοπον,
2981 3189 3104 3242 οὐδὲ
3154 3189 3363 3254 ἐνδεὲς,
3397 3186 3516 3240 οὐδὲ
3566 3181 3756 3254 θνητὸν,

2204 3284 2344 3339 ἀλλὰ
2379 3281 2712 3353 μετεποιήθη
2745 3282 2928 3334 λοιπὸν
2963 3278 3070 3334 ἀπὸ
3102 3278 3295 3332 ύὶικοῦ
3334 3278 3416 3340 είς
3466 3275 3634 3335 ἀῦῖον,
3664 3268 3755 3324 ἀπὸ

2205 3373 2452 3441 παθητοῦ
2472 3376 2552 3436 είς
2569 3373 2800 3437 ἀπαθὲς,
2820 3371 2928 3425 ἀπὸ
2949 3369 3313 3440 παχυμεροῦς
3328 3369 3408 3430 είς
3429 3361 3757 3433 λεπτομερὲςτ

2205 3466 2315 3520 ἀπὸ
2334 3465 2531 3534 θνητοῦ
2555 3467 2633 3526 εἰς
2654 3464 2942 3527 ἀθάνατον,
2972 3463 3032 3515 οὐ
3065 3462 3252 3531 μέντοι
3282 3461 3465 3522 ualet;
3487 3455 3757 3526 ἀπερίγρα-

2204 3573 2360 3623 πτον,
2392 3557 2425 3626 ἢ
2459 3555 2891 3626 ἀσχημάτιστον,
2923 3555 2956 3625 ἢ
2989 3553 3371 3623 ἀψηλάφητον,
3407 3542 3753 3621 ἢάόρατον,ἢ

2201 3652 2478 3716 ᾶκτιστον,
2516 3650 2610 3705 καὶ
2641 3651 2739 3702 ὅσα
2771 3648 2870 3717 τῆς
2890 3647 3143 3717 θεότητος
3185 3645 3460 3715 ἰδιώματα
3483 3659 3496 3674 ⁸
3532 3641 3644 3695 ἐπεὶ
3657 3636 3753 3699 πῶς

2203 3744 2420 3814 ἑωράθη
2445 3745 2557 3806 τοϊς
2583 3743 2856 3813 μαθηταῖς
2883 3740 3020 3811 μετὰ
3041 3739 3140 3810 τὴν
3161 3739 3497 3804 ἀνάστασιν,
3520 3735 3632 3796 [ιὼς
3649 3732 3750 3784 ἐλι-

2203 3854 2290 3905 γε,
2327 3835 2745 3904 Ψηλαερήσατέ
2762 3851 2862 3904 με,
2885 3833 2983 3887 καὶ
3007 3833 3183 3898 ἴδετε,
3213 3831 3305 3886 ὅτι
3329 3831 3561 3900 πνεῦμα
3585 3825 3756 3893 σάρκα

2199 3930 2300 3982 καὶ
2325 3928 2509 3982 ὀστέα
2532 3929 2645 3980 οὐκ
2669 3927 2819 3995 ἔχει,
2859 3925 3052 3992 καθὼς
3087 3923 3193 3993 ἐμὲ
3225 3923 3494 3992 θεωρεῖτε
3523 3921 3752 3989 ἔχονταὲ

2203 4021 2326 4083 Πῶς
2365 4021 2491 4082 τοὺς
2545 4019 2747 4080 τύπους
2782 4017 2892 4070 τῶν
2925 4019 3070 4088 ἥλων
3103 4015 3428 4068 ὑπεδείκνυε
3482 4012 3555 4080 τῷ
3584 4007 3750 4077 Θωμᾷ,

2203 4113 2297 4165 καὶ
2327 4109 2465 4163 ἄλλα
2493 4110 2723 4162 τοιαῦτα
2753 4109 2891 4179 πρὸς
2945 4108 3216 4162 πίστωσιν
3240 4108 3344 4174 τῆς
3390 4103 3652 4173 ἀληθείας,
3673 4096 3749 4149 καὶ

2203 4200 2548 4267 ἀφαντόιστου
2583 4196 2915 4268 σαρκώσεως
2941 4195 3130 4261 αὑτοῦ,
3155 4197 3253 4248 καὶ
3269 4191 3709 4265 ὲνανθρωπήσεως
3733 4201 3751 4249 ',

2203 4291 2733 4364 Παραδειγματικῶς
2789 4290 2902 4343 δὲό
2933 4290 3075 4352 θεῖος
3124 4281 3283 4351 οὗτος
3353 4285 3642 4358 Γρηγόριος
3690 4278 3744 4345 τῇ

2203 4387 2420 4454 στλγόνι
2473 4385 2566 4438 τοῦ
2607 4383 2764 4449 ὄξους
2810 4385 2903 4436 καὶ
2951 4382 3029 4450 τῷ
3064 4383 3292 4448 πελάγει
3340 4381 3445 4448 τῆς
3495 4374 3741 4438 θαλάσσης

2197 4475 2492 4544 ἐχρήσατο,
2519 4473 2842 4544 βουλόμενος
2869 4469 3209 4536 ἐνδείξασθαι
3232 4470 3296 4523 τὸ
3314 4468 3531 4529 εὐτελὲς
3551 4466 3640 4534 τῆς
3664 4465 3746 4515 ἀν-

520 4552 782 4619 abjectam
809 4552 1056 4606 humana:
1083 4561 1288 4606 naturae
1311 4555 1697 4621 conditionem,
1724 4565 1777 4608 et
1835 4557 2100 4612 inﬁnitam

2212 4564 2486 4636 θρωπίνης
2531 4564 2769 4632 φύσεως,
2799 4563 2894 4617 καὶ
2927 4564 2988 4616 τὸ
3028 4560 3467 4630 ὰπειρομέγεθες
3515 4557 3608 4624 τῆς
3649 4550 3750 4605 lie-6'

519 4642 821 4706 divinitatis
881 4644 1308 4712 magnitudinem
1385 4646 1671 4710 indicaret,
1753 4647 2098 4721 divinumque

519 4749 639 4788 esse
665 4735 929 4788 redditam
958 4743 1177 4802 propter
1212 4749 1456 4802 persona:
1507 4736 1975 4807 conjunctionem,
2044 4753 2099 4796 et

519 4836 776 4893 quantum
801 4841 994 4894 capere
1028 4840 1256 4896 paterat.
1297 4828 1352 4880 id
1376 4836 1454 4882 est
1489 4843 1734 4897 personae
1788 4828 1945 4885 Verbi
1967 4847 2101 4885 con-

514 4914 795 4982 junctione
818 4915 1144 4985 percepisse,
1182 4925 1239 4969 ut
1269 4916 1480 4969 unicam
1502 4916 1730 4971 duarum
1785 4929 2100 4974 naturarum

520 5019 812 5075 personam
841 5008 1302 5077 intelligeremus,
1359 5019 1622 5079 quautttm
1675 5019 1858 5080 autem
1911 5027 2105 5082 capere

523 5114 628 5153 non
663 5107 896 5168 poterat,
923 5103 1041 5170 ejus
1091 5115 1373 5171 expertem
1432 5104 1814 5173 permansisse,
1850 5117 1906 5159 ut
1974 5107 2108 5163 dua-

523 5205 640 5243 rum
666 5201 982 5247 naturarum
1023 5196 1322 5250 diﬁc-rentia
1346 5209 1676 5255 servaretur.
1707 5198 1841 5254 Nam
1869 5201 1914 5256 si
1973 5203 2105 5258 duas

520 5283 726 5340 Christi
763 5295 988 5343 naturas
1014 5303 1116 5345 uou
1158 5295 1518 5361 cognovisset,
1547 5292 1821 5362 quomodo
1847 5295 2105 5350 adversus

523 5375 847 5431 Eunomium
877 5381 1124 5435 scribens
1151 5383 1394 5448 dixisset,
1421 5384 1645 5441 alteram
1679 5387 1879 5442 Christi
1947 5398 2105 5443 natu-

523 5472 638 5522 ram
683 5471 959 5526 cruciatus
1011 5482 1064 5526 et
1101 5477 1326 5529 ver'nera
1370 5478 1679 5545 pertulisse,
1755 5481 1978 5536 alteram
2035 5483 2103 5536 ab

521 5571 723 5616 aeterno
759 5562 925 5618 fuisse
949 5566 1242 5634 gloriuSan
1266 5567 1289 5620 ἲ

1185 5659 1457 5731 Ejusdem.
1484 5683 1488 5693 -

594 5751 648 5807 Si
678 5751 927 5806 Christus
951 5753 1062 5806 sola
1093 5754 1348 5812 divinitas
1377 5764 1481 5820 est,
1522 5757 1669 5826 quod
1703 5759 1934 5812 humana
2001 5773 2093 5812 ua-

602 5882 621 5914 ’
656 5881 788 5937 Luc.
835 5902 981 5949 xxiv,
1013 5891 1102 5943 59.

2197 4673 2378 4728 τητος,
2415 4658 2510 4710 καὶ
2548 4657 2630 4710 ὅτι
2668 4655 2877 4724 ἐθεώθη
2925 4657 2994 4725 τῇ
3053 4654 3174 4707 καθ’
3206 4653 3509 4706 ὑπόστασιν
3558 4647 3748 4703 ὲνώσει,

2201 4751 2296 4802 καὶ
2340 4750 2460 4802 καθ’
2510 4749 2635 4802 ὅσον
2681 4748 2780 4818 μὲν
2829 4745 2897 4820 ἦν
2947 4748 3197 4801 δεκτικὸν
3256 4745 3420 4800 τοῦτο
3481 4738 3750 4813 μετέλαὸεν

2204 4846 2270 4897 ἐκ
2314 4844 2414 4913 τῆς
2472 4841 2595 4896 καθ’
2650 4843 2953 4896 ὑπόστασιν
2995 4840 3246 4904 ἑνὼσεως
3298 4839 3396 4894 τοῦ
3444 4838 3632 4904 Λόγου,
3675 4832 3745 4884 ἵνα

2203 4936 2264 4988 τὸ
2317 4933 2606 5005 μοναδικὸν
2669 4933 2767 5000 τῆς
2829 4933 3188 4994 ὑποστάσεως
3241 4930 3355 4983 τῶν
3411 4929 3504 4981 δύο
3548 4924 3742 5020 φύσεων

2203 5022 2592 5093 ἀδακθῶμενο
2670 5023 2794 5074 καθ’
2847 5023 2972 5075 ὅσον
3020 5021 3076 5074 δὲ
3134 5017 3203 5092 ἦν
3261 5020 3544 5080 ἀδύνατον,
3603 5017 3745 5064 τινῶν

2204 5116 2472 5184 ἀμέτοχον
2518 5114 2754 5183 ἔμεινεν,
2792 5114 2876 5168 ἵνα
2902 5115 2960 5165 τὸ
2987 5114 3246 5183 διάφορον
3277 5113 3386 5164 τῶν
3417 5112 3508 5164 δύο
3555 5106 3742 5177 φύσεων

2207 5207 2526 5278 φυλαχθείη.
2566 5205 2625 5259 Ei
2659 5206 2770 5275 γὰρ
2813 5205 2886 5276 μὴ
2919 5204 3014 5258 δύο
3060 5206 3159 5267 τὰς
3192 5207 3281 5255 τοῦ
3313 5200 3550 5272 Χριστοῦ
3577 5195 3738 5264 φύσεις

2203 5299 2489 5366 ἐγίνωσκε’
2529 5300 2644 5362 πῶἷ
2699 5299 2853 5367 ἔλεγε
2881 5299 3021 5368 πρὸς
3059 5297 3346 5366 Εὐνόμιον,
3388 5297 3469 5346 ὅτι
3515 5291 3636 5343 ποία
3661 5285 3735 5338 ἐπὶ

2203 5391 2441 5463 Χριστοῦ
2473 5391 2635 5460 φύσις
2664 5392 2756 5443 ἐπὶ
2789 5391 2885 5443 τοῦ
2916 5390 3125 5453 πάθους
3171 5387 3489 5458 ραπίζεται,
3521 5385 3606 5437 καὶ
3629 5377 3738 5432 ποία

2202 5484 2264 5548 ἐξ
2291 5482 2463 5536 ἀϊδίου
2486 5482 2773 5550 δοξάζεται
2807 5501 2824 5552 ;

2796 5657 2910 5730 Τῆς
2965 5659 3177 5728 αὐτῆς.

2269 5757 2332 5812 ΕΞ
2366 5755 2503 5826 μόνη
2538 5754 2732 5824 θεέῖηί
2759 5754 2906 5808 ἐστὶν
2939 5757 2965 5808 ὁ
3001 5754 3254 5823 Χριστὸς,
3294 5746 3407 5804 οἷον
3435 5737 3728 5804 “11:00:!-
