4052 6292
319 434 459 501 ιοτι

1235 440 1608 502 ΡΑΝΟΞἾΛΔ
1661 442 2119 507 DOGN‘L—‘tTlCA.
2159 475 2217 483 -
2269 453 2418 513 TiT.
2465 450 2617 514 XVI.

3426 455 3561 520 1078

318 566 418 620 σης
447 549 544 618 τῆς
575 545 923 618 ἀνθρωπίνης
964 549 1180 616 φύτεωξ
1211 552 1316 605 ὑπὸ
1348 555 1445 621 τῆς
1473 554 1644 618 θείας,
1687 554 1802 617 πῶς
1828 557 1885 608 ὲν

1998 568 2111 613 tura
2139 578 2163 615 ιι
2192 564 2368 620 divina
2401 567 2559 623 fuerit
2587 570 2866 642 absorpta,
2901 591 2996 630 cur
3023 574 3078 629 in
3104 587 3267 628 cruce
3324 575 3566 644 pendens

313 644 417 711 μὲν
451 641 526 712 τῷ
559 639 782 708 σταυρῷ
811 642 1160 711 κρεμάμενος
1208 645 1308 698 οὐκ
1355 641 1502 716 εἶχεν
1555 643 1713 710 εἶδος,
1767 647 1887 700 οὐδὲ

314 734 533 796 κάλλος,
581 735 638 785 ὲν
660 733 714 786 δὲ
750 733 827 802 τῷ
867 736 1023 806 τάφῳ
1071 738 1330 806 κείμενος
1375 741 1477 793 οὐκ
1527 736 1642 810 εἶχε
1684 741 1885 814 ψυχὴν,

313 829 391 888 εἰς
421 826 511 878 τὸν
545 825 680 896 ᾇδην
734 827 790 879 δὲ
823 830 1096 881 κατελθὼν
1163 833 1264 885 οὐκ
1319 829 1433 901 εἶχε
1480 835 1678 902 ocima;
1716 836 1808 888 xui.
1859 837 1888 888 6

318 920 416 987 μὲν
439 922 608 987 τάφος
643 919 808 971 αὐτοῦ
855 921 1013 989 σῶμα
1047 923 1207 990 μόνον
1267 924 1584 988 ὑπεδέξατο,
1621 925 1802 996 ψυχὴν
1831 927 1888 979 δὲ

319 1010 487 1078 μόνην
515 1012 541 1062 6
584 1009 740 1081 ᾅδης,
781 1011 903 1063 οὔτε
961 997 1054 1065 τοῦ
1119 1015 1368 1084 σώματος
1413 1017 1472 1068 τὸ
1504 1017 1713 1080 ὑλικὸν,
1783 996 1881 1070 και

313 1101 530 1168 ὁρατὸν,
584 1105 672 1153 καὶ
723 1105 896 1180 απτὸν
939 1104 1359 1172 ἀποϐάλλοντος,
1412 1107 1535 1161 οὔτε
1562 1109 1664 1177 τῆς
1705 1109 1887 1178 ψυχῆς

312 1188 383 1240 τὰ
439 1189 724 1261 ἰδιώματα,
784 1195 830 1246 εἰ
888 1195 982 1249 καὶ
1035 1197 1368 1270 ἀμφοτέροις
1428 1201 1462 1252 ᾗ
1526 1199 1719 1272 θεότης
1763 1217 1890 1254 συν-

318 1295 413 1346 ην.

912 1374 1024 1443 Τῆς
1083 1375 1294 1445 αὐτῆς.

393 1459 568 1533 Εἴπερ
597 1465 628 1534 ἡ
661 1465 821 1532 φύσις
869 1468 960 1520 τοῦ
1017 1470 1256 1540 Χριστοῦ
1310 1469 1446 1541 μόνη
1483 1467 1674 1542 θεότης
1717 1475 1886 1538 ἐστὶν,

318 1552 395 1614 ὡς
428 1555 584 1621 ὑμεῖς
615 1569 770 1623 φατε,
797 1558 916 1620 πῶς
939 1560 966 1611 6
988 1557 1242 1629 Χριστὸς,
1276 1562 1304 1613 6
1340 1565 1618 1633 πανταχοῦ
1645 1553 1722 1617 ὧν
1746 1565 1888 1618 κατὰ

315 1644 419 1713 τὴν
449 1647 547 1712 τῆς
588 1645 840 1717 θεᾶτητος
871 1651 1039 1704 αὐτοῦ
1082 1651 1264 1720 φύσιν,
1290 1649 1412 1706 εἶπε
1451 1657 1586 1722 προς
1637 1656 1760 1718 τοὺς
1788 1674 1891 1726 μα-

319 1734 507 1805 θητὰς,
526 1735 786 1806 Λὰᾇιρος
806 1743 1086 1806 ἀπέθανε,
1112 1746 1208 1798 καὶ
1241 1745 1448 1814 χαίρω.
1481 1747 1570 1800 ὅτι
1596 1749 1706 1800 οὐκ
1728 1747 1891 1815 ἢμην

315 1826 488 1891 ἐκεῐ;
535 1831 655 1892 Πῶς
687 1831 744 1882 δὲ
787 1836 880 1886 καὶ
903 1837 930 1886 6
959 1835 1191 1902 ἄγγελος
1232 1836 1385 1904 ἔλεγε
1414 1837 1664 1905 περὶτοῦ
1701 1839 1887 1909 σώμα-

315 1932 410 1980 τος
439 1917 628 1982 αὑτοῦ,
664 1922 746 1974 ὅτι
784 1921 1030 1991 Ἠγέρθη
1068 1939 1081 1953 ·
1112 1925 1225 1977 οὐκ
1261 1925 1434 1979 ἐστιν
1458 1920 1574 1978 ὧδε
1625 1942 1644 1989 ;

921 2013 1032 2082 Τῆς
1087 2014 1296 2081 αὐτῆς.

401 2105 503 2157 Διὰ
561 2105 738 2168 τοῦτο,
793 2107 997 2174 φασὶν,
1045 2107 1105 2159 ού
1159 2107 1393 2176 λέγομεν
1445 2108 1538 2161 δύο
1595 2108 1789 2176 φύσεις
1836 2111 1896 2161 ὲν

319 2200 568 2269 Χριστῷ,
600 2198 732 2255 διότι
796 2199 996 2263 πάππα,
1032 2201 1131 2252 ὅσα
1174 2200 1240 2254 ἂν
1271 2201 1330 2252 ὲν
1378 2201 1599 2271 Χριστῷ
1625 2201 1894 2273 ὁμολογή-

321 2309 526 2361 σωμεν,
559 2291 738 2346 ταῦτα
761 2293 855 2345 ἐπὶ
888 2295 1075 2362 πάσης
1105 2296 1204 2364 τῆς
1255 2293 1418 2361 ἁγίας
1453 2295 1686 2362 Τριάδος
1723 2297 1893 2364 ἀναγο

323 2387 478 2438 καῖον
504 2386 637 2453 ἡμῖν
665 2384 966 2454 ὁμολογεῖν.
998 2385 1062 2438 Τί
1101 2385 1178 2450 δέ;
1210 2387 1307 2456 οὐχ
1330 2387 1643 2455 ὁμολογεῖτε
1674 2389 1731 2441 ὲν
1757 2389 1801 2442 Χ
1811 2405 1897 2459 ρι-

324 2476 440 2544 στῷ
491 2477 788 2546 σάρκωσιν,
817 2478 914 2531 καὶ
943 2479 1221 2548 γέννησιν,
1256 2481 1350 2533 καὶ
1373 2481 1472 2532 ὅσα
1494 2481 1593 2548 τῆς
1631 2481 1781 2544 θείας
1806 2483 1896 2534 ὲν-

321 2569 730 2637 ανορωπήσεως
761 2585 776 2631 ;
811 2568 1013 2622 Λοιπὸν
1053 2571 1147 2624 ἐπὶ
1179 2570 1360 2642 πάσης
1403 2573 1500 2641 τῆς
1532 2571 1695 2640 ἁγίας
1725 2573 1897 2644 Τριά-

322 2658 415 2720 ξος
441 2660 534 2711 καὶ
556 2657 728 2711 ταῦτα
752 2660 1083 2728 ὁμολογεῖτε.

935 2863 1050 2931 Τῆς
1093 2865 1304 2934 αὐτῆς.

365 2990 368 2994 -
412 2954 936 3028 Ἐὰνιρωτήσωμεν
984 2957 1204 3021 αὐτοὺς,
1259 2955 1403 3010 κατὰ
1462 2957 1626 3012 ποίαν
1679 2959 1841 3028 φύσιν
1872 2963 1902 3014 6

327 3047 568 3116 Χριστὸς
640 3048 708 3100 τὰ
769 3048 1215 3118 ἀνθρωποπρεπῆ
1293 3050 1516 3119 ῥήματα
1576 3052 1900 3122 ἐφθέγγετο,

1993 657 2297 709 nonhabuit
2334 661 2588 725 speciem,
2627 678 2727 717 nec
2757 663 3052 720 decorem?
3085 666 3262 719 Curin
3314 665 3564 731 sepulcro

1985 746 2172 816 jaevns
2204 765 2306 804 non
2327 753 2510 805 habuit
2542 755 2824 810 animam?
2854 757 2961 812 Cur
2983 757 3050 812 ad
3081 757 3284 812 inferos
3325 758 3563 811 descen-

1988 841 2120 895 dens
2152 860 2254 896 non
2309 844 2494 898 habuit
2561 849 2806 914 corpus?
2865 851 2941 903 Ac
2987 850 3296 916 sepulcrum
3351 850 3567 918 quidem

1989 933 2156 1002 ipsius
2186 935 2357 988 solum
2383 940 2869 1006 corpussnscepit,
2939 939 3096 993 inferi
3162 951 3340 993 autem
3396 940 3566 994 solam

1990 1026 2222 1077 animam
2245 1065 2260 1090 ,
2301 1041 2426 1080 cum
2454 1042 2551 1081 nec
2579 1041 2774 1097 corpus
2810 1029 3088 1083 materiam
3124 1029 3403 1098 ahjecerit,
3469 1043 3570 1082 nec

1991 1118 2470 1188 qualitatem.quie
2499 1120 2646 1174 cerni
2686 1121 2938 1188 longique
2965 1129 3166 1189 posset,
3230 1137 3328 1174 nec
3389 1121 3568 1173 anima

1990 1209 2346 1277 proprietates
2369 1211 2558 1266 animre
2578 1211 3049 1281 deposuerit,licet
3077 1215 3465 1283 cnm,’utrisque
3491 1217 3573 1267 di-

1989 1300 2187 1355 vinitas
2219 1312 2384 1356 esset.

2639 1392 2912 1456 Eiusdem.

2062 1480 2116 1536 Si
2149 1482 2348 1537 ChriSti
2380 1493 2564 1538 natura
2598 1487 2732 1548 Sola,
2793 1498 2851 1539 ut
2910 1486 3106 1550 dicitis,
3166 1488 3422 1543 divinitas
3467 1500 3572 1552 est,

1991 1576 2257 1641 quomodo
2286 1575 2554 1642 Christus,
2581 1578 2669 1642 qui
2705 1578 3006 1633 divinitatis
3043 1595 3152 1633 sitm
3210 1590 3398 1635 natura
3452 1583 3575 1634 nhi-

1993 1677 2097 1730 que
2121 1673 2223 1724 cst.
2257 1664 2394 1717 dixit
2444 1667 2509 1718 ad
2555 1667 2844 1735 discipulos
2892 1684 3064 1721 suos:
3131 1667 3372 1724 Lazarus
3431 1688 3576 1724 mor-

1995 1763 2114 1807 tuus
2143 1764 2241 1816 est,
2271 1764 2317 1808 et
2337 1757 2560 1826 gaudeo,
2586 1760 2723 1828 quod
2763 1776 2867 1812 non
2900 1775 3045 1813 eram
3087 1762 3158 1813 ibi
3184 1762 3198 1791 ¹
3231 1760 3252 1813 ?
3298 1761 3578 1826 Quomodo

1993 1845 2291 1913 etangelus
2318 1847 2383 1900 de
2412 1862 2635 1917 corpore
2691 1851 2895 1925 ipsius,
2936 1849 3204 1914 Surrexit,
3239 1851 3433 1916 inquit,
3473 1869 3578 1907 non

1994 1945 2069 1990 εει
2092 1937 2176 1990 hic
2201 1939 2219 1968 ³
2247 1937 2271 1991 ?

2645 2028 2921 2097 Ejusdem.

2066 2125 2356 2196 Propterea
2380 2123 2516 2178 duas
2544 2139 2647 2177 non
2673 2124 2921 2188 dicimus,
2951 2125 3219 2195 inquiunt,
3255 2126 3305 2179 in
3363 2126 3580 2182 Christo

1995 2225 2240 2280 naturas,
2269 2215 2522 2286 quoniam
2585 2229 2704 2284 quae
2734 2217 3058 2271 conﬁtemur
3115 2218 3169 2272 in
3221 2217 3457 2279 Christo,
3516 2233 3580 2270 ea

1998 2311 2152 2365 nobis
2201 2312 2378 2364 omnia
2437 2308 2814 2366 necessarium
2881 2317 2962 2362 εει
3037 2297 3090 2363 iit
3144 2317 3251 2363 tota
3317 2309 3582 2362 Trinitate

1994 2409 2179 2458 sancta
2200 2399 2799 2466 coniiteri.Quid?non
2854 2399 3184 2453 confitemini
3247 2400 3299 2453 in
3362 2398 3581 2454 Christo

1999 2492 2177 2546 carnis
2206 2492 2599 2560 susceptionem
2628 2497 2681 2544 et
2697 2499 2872 2544 ortum
2899 2529 2915 2556 ,
2949 2499 3000 2544 et
3023 2490 3279 2561 quidquid
3307 2492 3372 2544 de
3401 2491 3579 2545 divina

1999 2584 2172 2653 ipsius
2219 2583 2569 2639 humanitatis
2618 2584 2964 2652 susceptione
3011 2581 3245 2637 dicitur?
3291 2582 3578 2651 Reliquum

1999 2674 2167 2744 igitur
2195 2683 2300 2740 est,
2333 2681 2390 2729 ut
2421 2673 2534 2729 hac
2579 2674 2637 2728 in
2687 2681 2798 2727 tota
2850 2681 3036 2728 saneta
3083 2670 3350 2726 Trinitate
3408 2670 3582 2725 conli-

2003 2766 2247 2822 teamini.
2835 2819 2856 2824 _

2637 2855 2918 2926 Ejusdem.

2073 2953 2130 3008 Si
2163 2966 2471 3023 qmeramus
2523 2965 2589 3004 ex
2629 2949 2784 3019 ipsis,
2825 2959 2930 3018 qua
2959 2956 3152 3003 natura
3181 2947 3437 3004 Christus
3460 2963 3583 3002 ver-

2001 3051 2068 3100 ba
2108 3042 2312 3100 homini
2343 3042 2695 3111 congruentia
2731 3041 2950 3106 dixerit,
3007 3054 3073 3094 ne
3120 3048 3371 3093 naturam
3403 3044 3581 3092 nonr-

328 3139 626 3206 φεύγοντες
669 3141 847 3193 εἰπεῖν
898 3139 1060 3209 φύσιν
1112 3140 1173 3193 τὸ
1218 3141 1561 3211 ἀνθρώπινον
1601 3145 1697 3198 τοῦ
1757 3146 1898 3216 Χρι-

2002 3146 2130 3192 nent
2166 3137 2241 3199 id.
2271 3134 2414 3205 quod
2449 3142 2529 3190 est
2566 3133 2858 3188 humanum
2898 3132 2952 3187 in
3008 3131 3248 3195 Christo,
3279 3147 3343 3187 eo
3395 3132 3582 3185 confu-

332 3230 486 3296 στοῦ,
525 3232 795 3299 λέγουσιν,
832 3232 914 3286 ὅτι
953 3232 1095 3287 κατὰ
1149 3235 1246 3302 τὴν
1272 3234 1686 3307 ἀνθρωπὸτητα,
1760 3239 1898 3292 κατὰ

2006 3229 2179 3299 giunt,
2214 3237 2271 3280 nt
2299 3228 2502 3292 dicant,
2539 3224 2898 3287 humanitate,
2932 3224 3321 3293 assumptione,
3343 3238 3406 3278 eo
3438 3225 3582 3292 qnot

329 3324 396 3374 τδ
421 3323 772 3393 πρόσλημμα,
816 3325 955 3378 κατὰ
1003 3325 1061 3377 τὸ
1089 3326 1390 3395 ὁρώμενον,
1439 3330 1582 3382 κατὰ
1621 3329 1680 3382 τὸ
1711 3329 1894 3401 σῶμα,

330 3414 481 3467 κατὰ
495 3416 594 3486 τὴν
623 3415 828 3487 σάρκα,
859 3418 953 3470 καὶ
991 3417 1045 3469 εῐ
1072 3434 1123 3469 τι
1152 3417 1413 3473 τοιοῦτον.
1454 3421 1518 3473 Εἰ
1544 3421 1600 3473 δὲ
1618 3439 1906 3492 προσερωο

326 3510 570 3576 στήσομεν
589 3523 604 3538 ο
618 3510 771 3562 Διατί
795 3510 1022 3579 φεύγετε
1040 3511 1099 3564 τὸ
1115 3511 1296 3581 λέγειν
1319 3512 1482 3581 φύσιν
1510 3516 1602 3569 ἐπὶ
1620 3514 1713 3568 τοῦ
1733 3531 1904 3587 προσ-

326 3599 640 3668 λήμματος,
689 3601 1097 3670 ἀποκρίνονται,
1144 3603 1228 3656 ὅτι
1265 3604 1381 3657 Ἵνα
1413 3606 1488 3674 μὴ
1543 3604 1639 3658 δύο
1706 3605 1902 3674 φύσεις

328 3691 431 3742 ἐπὶ
481 3689 573 3742 τοῦ
617 3691 853 3761 Χριστοῦ
917 3691 1424 3761 συνομολογοῦντες,
1492 3695 1586 3750 δύο
1629 3698 1902 3766 πρόσωπα

328 3779 586 3846 λέγοντες
635 3783 969 3851 εὑρεθῶμεν.
1003 3785 1078 3838 Οὐ
1138 3787 1244 3856 γάρ
1282 3788 1394 3840 ἐστι
1435 3790 1596 3856 φύσις
1645 3791 1904 3858 διπρόσω-

334 3887 464 3932 πος,
513 3872 709 3935 πάντες
743 3873 799 3926 δὲ
831 3875 878 3926 οἱ
914 3875 1163 3942 λέγοντες
1208 3877 1302 3930 δύο
1347 3878 1538 3946 φύσεις
1589 3883 1647 3932 ὲν
1680 3882 1904 3954 Χριστῷ

330 3960 694 4032 Νεστοριανοί
752 3968 912 4029 εἰσιν,
975 3967 1049 4028 ὡς
1095 3970 1176 4031 εἰς
1226 3969 1320 4022 δύο
1361 3971 1628 4040 πρόσωπα
1672 3974 1763 4026 τὸν
1806 3975 1903 4028 ἕνα

335 4042 576 4116 Χριστὸν
607 4055 965 4124 διαιροῦντες.
1008 4053 1142 4112 Εἶτα
1187 4060 1557 4130 προφέρωμεν
1593 4063 1779 4124 αὐτοῖς
1806 4065 1902 4128 τὰς

329 4146 567 4213 χρήσεις
599 4147 706 4198 τῶν
755 4137 924 4216 ἁγίων
979 4149 1261 4220 Ῐίκτέρων,
1306 4153 1431 4203 ὅσαι
1480 4151 1782 4225 διαρρήδην
1812 4155 1908 4208 δύο

333 4236 533 4304 φύσεις
562 4239 620 4290 ὲν
652 4238 873 4310 Χριστῷ
914 4242 1358 4313 συνομολογοῦσι.
1395 4252 1400 4260 ’

444 4354 698 4425 Χρήσεις
713 4357 842 4426 περὶ
866 4355 972 4411 τῶν
990 4359 1098 4413 δύο
1129 4359 1234 4412 τοῦ
1259 4360 1516 4428 Χριστοῦ
1534 4361 1802 4430 φύσεων.

2003 3320 2341 3378 cernebatur,
2380 3332 2628 3388 corpore,
2692 3331 2875 3382 carne,
2919 3316 3040 3371 etsi
3104 3317 3230 3386 quid
3304 3324 3386 3370 est
3435 3316 3581 3369 aliud

2001 3413 2289 3485 ejusmodi.
2313 3411 2447 3467 Tum
2511 3410 2558 3465 si
2589 3424 2802 3464 rursum
2845 3422 3158 3478 quaeramus
3187 3426 3200 3463 :
3233 3407 3343 3464 Cur
3377 3410 3450 3463 ita
3483 3422 3580 3464 ca-

2000 3508 2139 3562 vetis
2169 3506 2348 3561 dicere
2397 3513 2642 3558 naturam
2675 3499 2742 3555 de
2797 3509 2863 3556 eo
2909 3501 3052 3570 quod
3082 3510 3417 3570 assumptum
3445 3510 3531 3555 εει
3558 3498 3583 3551 τ

2002 3599 2334 3668 respondent
2365 3594 2482 3652 :Ne
2517 3597 2650 3651 duas
2681 3593 2735 3647 in
2765 3591 2984 3649 Christo
3009 3601 3230 3647 naturas
3261 3593 3583 3648 conﬁtentes

2003 3694 2137 3748 duas
2169 3695 2426 3762 personas
2458 3690 2640 3745 dicere
2713 3689 3200 3755 deprchendemur;
3239 3684 3384 3738 nulla
3437 3685 3580 3739 enim

2003 3793 2108 3849 est,
2145 3783 2413 3852 inquiunt,
2447 3793 2640 3835 natura
2667 3780 2784 3834 sine
2823 3791 3078 3847 persona.
3120 3776 3185 3828 At
3225 3775 3301 3828 illi
3335 3775 3424 3844 qui
3449 3777 3583 3829 duas

2003 3880 2061 3934 in
2118 3876 2335 3935 Christo
2375 3887 2594 3931 naturas
2651 3874 2857 3936 dicunt,
2906 3868 3210 3926 Nestor-iani
3269 3875 3416 3932 sunt,
3458 3883 3581 3921 cum

2005 3973 2278 4030 Christum
2331 3983 2498 4022 unum
2549 3967 2603 4022 in
2659 3969 2794 4021 duas
2846 3973 3109 4032 personas
3143 3961 3404 4014 dividant.
3460 3957 3582 4014 Jum

2004 4067 2172 4137 igitur
2215 4063 2323 4118 illis
2363 4066 2667 4116 Sanctorum
2723 4057 2942 4112 Patrum
3003 4061 3309 4123 premamus
3363 4064 3586 4106 semen.

2008 4157 2136 4222 tias,
2184 4169 2305 4227 quae
2357 4151 2496 4207 duas
2545 4151 2599 4204 in
2645 4147 2862 4204 Clu-imo
2897 4153 3122 4200 naturas
3179 4155 3362 4213 aperte
3414 4143 3585 4198 conﬁ-

2009 4260 2096 4307 ιοιι
2105 4259 2208 4304 ιιιιι.

2080 4364 2393 4422 Sanctorum
2422 4360 2646 4416 Patrum
2672 4359 2736 4442 de
2758 4357 2966 4440 dua-bus
2987 4357 3041 4408 in
3067 4354 3278 4410 Christo
3308 4353 3512 4405 naturis

2613 4442 2704 4484 ιεει
2714 4445 2913 4484 amoma
2922 4467 2935 4480 .

415 4513 522 4565 Τοῦ
545 4515 784 4584 μεγάλου
803 4515 1110 4585 Γρηγορίου
1139 4515 1233 4568 τοῦ
1258 4516 1688 4612 Θαυματουργοῦ
1718 4521 1782 4574 ἑκ
1805 4521 1898 4591 τῆς

2085 4527 2257 4598 Magni
2307 4523 2553 4594 Gregorii
2599 4537 2777 4576 rerum
2829 4519 3152 4574 inirahilium
3205 4516 3477 4572 el'fectoris
3531 4516 3582 4569 in

337 4606 488 4658 κατὰ
544 4606 709 4678 μέρος
736 4606 974 4668 πίστεως
1005 4623 1021 4638 ο
1065 4608 1206 4660 «Καὶ
1255 4608 1368 4661 ἔστι
1399 4606 1538 4672 ’Θεὸς
1571 4611 1824 4680 ἀληθινὸς
1878 4616 1898 4666 6

2008 4621 2258 4676 oratione
2284 4619 2348 4671 de
2379 4614 2636 4686 singulari
2661 4613 2766 4668 ﬁde
2795 4630 2810 4666 :
2852 4629 2870 4663 ι
2911 4609 2970 4662 Ει
3001 4622 3084 4665 est
3124 4609 3264 4664 Deus
3287 4621 3467 4672 verus,
3493 4607 3581 4674 qui

329 4695 580 4764 ἄσαρκος
626 4696 683 4748 ὲν
727 4697 890 4768 σαρκὶ
933 4696 1289 4767 φανερωθεὶς,
1347 4699 1408 4750 οὐ
1454 4698 1549 4752 δύο
1611 4700 1906 4770 πρόσωπα,

334 4787 481 4838 ἀλλὰ
512 4786 604 4839 δύο
627 4786 836 4854 φύσεις,
865 4805 884 4838 ι

411 4876 521 4944 Τῆς
569 4876 792 4946 πρώτης
863 4877 1246 4948 οῐκουμενικῆς
1320 4879 1538 4933 συνόδου
1617 4881 1725 4934 ἀπὸ
1807 4884 1909 4953 τῆς

332 4967 609 5030 ἐκθέσεως
635 4971 734 5038 τῆς
763 4970 904 5021 κατὰ
940 4969 1152 5022 Παύλου
1174 4969 1265 5022 τοῦ
1282 4972 1647 5040 Σαμοσατὲως
1669 4975 1910 5029 ἰΤαῦτα

334 5056 673 5126 διώρθωται,
710 5059 804 5110 καὶ
835 5061 1230 5128 σεσαφήνισται
1282 5061 1382 5112 οὐκ
1413 5063 1490 5124 εἰς
1521 5063 1784 5133 διαίρεσιν
1814 5066 1908 5118 τοῦ

335 5151 461 5211 ἑνὸς
493 5149 786 5220 προσώπου
815 5150 910 5203 τοῦ
939 5151 1264 5220 ἀδιαιρέτου,
1301 5151 1417 5204 ἀλλ’
1441 5156 1518 5215 εἰς
1558 5155 1790 5223 δήλωσιν
1816 5157 1908 5210 τοῦ

334 5242 648 5311 ἁσυγχύτου
675 5241 785 5294 τῶν
816 5242 1186 5314 διορισθεισῶν
1217 5242 1433 5312 φύσεων
1457 5243 1556 5314 τῆς
1588 5244 1789 5315 σαρκὸς
1815 5247 1909 5300 καὶ

333 5332 439 5385 τοῦ
474 5333 668 5400 Λόγου.
711 5351 730 5384 ι
830 5360 832 5362 τ

427 5425 745 5481 Ἀθανασίου
813 5427 1224 5498 Ἀλεξανδρείας
1260 5429 1325 5482 ὲκ
1368 5434 1463 5482 τοῦ
1510 5431 1635 5500 περὶ
1677 5431 1914 5495 πίστεως

333 5519 524 5587 λόγου.
555 5538 573 5569 ι
595 5519 718 5574 Τῶν
744 5521 854 5589 γὰρ
887 5520 1083 5573 οὐσιῶν
1115 5519 1274 5574 αὑτοῦ
1299 5523 1331 5592 ἡ
1369 5523 1470 5591 μέν
1489 5524 1633 5574 ἐστιν
1659 5524 1912 5594 ἄναρχος,

334 5599 436 5664 καὶ
462 5609 650 5676 ἀΐδιος,
684 5613 778 5665 καὶ
812 5612 1210 5684 ἀπεριδρακτος
1244 5611 1322 5681 τῷ
1354 5611 1445 5683 νῷ’
1498 5615 1532 5684 ἡ
1565 5613 1620 5666 δὲ
1648 5614 1706 5666 ἐν
1741 5614 1916 5685 χρόνῳ

332 5705 557 5776 γέγονε,
597 5724 616 5759 ι
644 5709 738 5760 καὶ
773 5707 842 5760 τὰ
874 5707 1024 5776 ἑξῆς.

418 5909 438 5942 ⁸
471 5907 702 5964 Joan.xt
923 5911 1096 5965 'Luc.
1129 5925 1252 5965 μιν
1307 5910 1359 5965 6.

2005 4731 2128 4768 cum
2159 4719 2301 4767 esset
2329 4709 2514 4764 carnis
2573 4721 2786 4776 expers,
2833 4706 2885 4758 in
2911 4717 3078 4757 carne
3139 4701 3408 4769 apparuit.
3476 4713 3581 4751 non

2006 4814 2190 4861 tamen
2218 4805 2351 4858 duas
2382 4800 2541 4856 habet
2573 4812 2852 4868 personas,
2877 4795 2971 4850 sed
3001 4789 3409 4848 naturas'duas.
3448 4807 3467 4840 ι

2074 4895 2241 4949 Primi
2303 4890 2642 4947 '(Bcumenici
2699 4885 2938 4946 concilii,
2963 4899 3026 4938 ex
3086 4881 3437 4950 Expositione
3485 4880 3581 4933 nil—

2008 5001 2198 5040 versus
2232 4984 2454 5038 Paulum
2484 4984 2915 5033 Sainosatensem
2941 4990 2956 5027 :
2984 4991 3000 5023 ι
3025 4971 3146 5026 llazc
3170 4970 3432 5039 explicata
3456 4978 3582 5023 sunt

2008 5086 2060 5130 et
2094 5075 2387 5136 declarata,
2420 5085 2529 5123 non
2556 5078 2612 5119 ut
2645 5081 2767 5128 una,
2803 5078 2920 5130 illius
2950 5061 3292 5116 indivisihilis
3324 5072 3425 5122 est,
3462 5076 3581 5128 pcr-

2006 5182 2138 5221 sona
2194 5164 2484 5223 dividatur,
2521 5159 2613 5211 scd
2646 5168 2701 5207 ut
2754 5154 2988 5208 delinitzc
3029 5164 3237 5209 naturae
3294 5156 3477 5209 carnis
3527 5160 3581 5205 et

2007 5257 2164 5312 Verbi
2191 5257 2305 5311 sine
2347 5250 2659 5307 confusione
2717 5249 3173 5302 dcmonstrentur.
3206 5265 3223 5298 ι

2078 5431 2356 5485 Athanasii
2397 5408 2788 5498 archiepiscopi
2841 5424 3185 5481 A‘lexamlrini
3217 5423 3282 5475 cx‘
3337 5422 3580 5478 oratione

2010 5527 2075 5580 de
2100 5525 2203 5580 (ide
2235 5540 2250 5577 :
2291 5541 2310 5576 ι
2348 5521 2424 5576 Ex
2477 5523 2644 5593 ipsius
2700 5521 2947 5575 essentiis
2986 5534 3088 5572 una
3120 5527 3203 5572 est
3256 5515 3373 5570 sine
3428 5516 3580 5584 prin-

2008 5618 2155 5686 cipio
2179 5617 2607 5686 etaempiterna,
2667 5627 2784 5682 quae
2815 5623 2994 5665 urente
3047 5608 3428 5679 comprehendi
3471 5622 3584 5662 non

2013 5718 2209 5784 potest,
2242 5709 2408 5764 altera
2442 5708 2492 5762 in
2528 5717 2768 5777 tempore
2796 5705 2931 5758 facta
2966 5715 3066 5757 est.
3093 5718 3114 5754 ι
