4052 6292
360 363 499 431 $081

1290 314 1668 423 timorm
1710 362 2179 427 DOGMATICA.
2222 388 2288 403 -—
2324 366 2478 431 rrr.
2530 363 2689 429 xw.

3477 364 3619 432 1082

333 476 584 534 ε’πόντες
606 471 698 525 τοῦ
721 470 894 539 Λόγου
922 472 1019 541 τὴν
1053 469 1217 539 φύσιν
1243 473 1636 542 σεσιγήκαμεν,
1669 473 1769 526 οὐκ
1801 474 1921 525 ἑπε-

2034 490 2053 524 ι
2091 474 2145 526 Si
2180 475 2322 527 enim
2346 514 2360 537 ,
2401 473 2573 541 inquit
2596 514 2613 535 .
2648 473 2893 528 dicentes
2947 486 3109 528 unam
3169 472 3328 528 Verbi
3364 485 3611 532 naturam

335 564 629 632 νεγκόντες
660 562 721 614 τὸ
754 561 1201 631 σεσαρκωμένην,
1249 562 1364 613 ἀλλ’
1396 557 1508 615 οἷον
1539 563 1643 629 ἔξω
1680 563 1926 626 τιθέντες

334 664 442 722 τὴν
508 654 853 723 οἰκονομίαν,
904 648 972 722 ἦν
997 652 1176 715 αὐτοῖς
1199 652 1339 722 τάχα
1379 671 1482 707 που
1519 655 1611 708 καὶ
1641 654 1741 709 ούκ
1795 654 1927 709 ἀπί-

341 747 505 808 θανος
541 747 569 797 ὀ
595 744 772 810 λόγος,
805 745 1013 814 ἐρωτᾷν
1044 743 1146 795 ποῦ
1179 743 1240 795 τὸ
1283 744 1494 797 τέλειον
1544 746 1603 797 ἐν
1641 746 1929 816 ἀνθρωπό-

336 851 492 899 τὴτι,
524 832 556 903 ἢ
608 832 725 894 πῶς
762 832 1070 900 ὑφέστηκεν
1098 832 1129 901 ἡ
1162 831 1285 884 καθ’
1338 834 1484 903 ἡμᾶς
1518 834 1700 886 ούσίαο
1737 833 1928 904 ἐπειδὴ

338 925 399 975 δὲ
445 924 537 975 καὶ
567 924 599 991 ὴ
632 925 690 974 ὲν
724 923 1101 992 ἀνθρωπὸτητι
1153 922 1448 992 τελειότης,
1486 925 1582 977 καὶ
1611 925 1713 992 τῆς
1743 924 1928 994 καθ’ὴ-

342 1017 454 1083 pi;
494 1012 682 1074 οὐσίας
728 1013 760 1081 ὴ
803 1011 1033 1080 δήλωσις
1067 1012 1485 1082 είσκεκόμισται
1551 1014 1638 1066 διὰ
1695 1013 1789 1065 τοῦ
1841 1013 1929 1065 λέ-

338 1120 465 1166 γειν
516 1102 965 1174 σεσαρκωμένην,
1028 1102 1432 1155 παυσάσθωσαν
1478 1102 1785 1172 καλαμίνην
1832 1103 1931 1174 ῥά·

342 1193 469 1246 διον
493 1196 702 1257 ἑαυτοῖς
735 1194 1163 1265 ὑποστήσαντες.
1195 1212 1216 1246 ι

438 1373 534 1426 Ἐκ
563 1375 661 1444 τῆς
695 1374 866 1443 αὐτῆς
918 1372 1212 1443 ἐπιστολῆς
1259 1389 1275 1404 ⁸
1331 1391 1348 1425 ι
1394 1370 1693 1443 Ὅρθότατα
1731 1372 1785 1424 δὲ
1837 1371 1930 1425 καὶ

338 1465 489 1519 πάνυ
525 1464 868 1518 συνετώτατα
914 1467 938 1532 ἢ
975 1466 1041 1535 σὴ
1091 1465 1360 1533 τελειότης
1411 1465 1502 1516 τὸν
1543 1466 1669 1533 περὶ
1702 1462 1797 1515 τοῦ
1827 1479 1930 1514 σω-

335 1555 539 1625 τηρίου
575 1555 785 1619 πάθους
827 1556 1109 1608 ἐκτίθεται
1138 1555 1317 1615 λόγον.
1353 1554 1452 1606 οὐκ
1484 1554 1646 1606 αὑτὸν
1706 1553 1799 1605 τὸν
1831 1568 1929 1621 μο-

336 1649 541 1716 νογενῆ
582 1647 710 1700 Υίὸν
741 1647 834 1699 τοῦ
868 1645 1029 1713 Θεοῦ,
1067 1646 1202 1699 καθὸ
1233 1649 1439 1699 νοεῖται
1502 1646 1594 1698 καὶ
1626 1645 1742 1697 ἔστι
1798 1642 1928 1704 Θεὸς

338 1739 541 1792 παθεῖν
570 1738 650 1801 είς
678 1736 777 1809 τὴν
818 1739 954 1791 ἰδίαν
997 1739 1161 1808 φύσιν
1210 1739 1304 1791 τοῦ
1343 1737 1595 1807 σώματος
1649 1735 1925 1807 ἰσχυριζο-

342 1834 507 1904 μένη,
541 1831 735 1886 παθεῖν
776 1832 833 1884 δὲ
874 1832 1077 1900 μᾶλλον
1102 1833 1175 1902 τῇ
1199 1833 1357 1900 χοῖκῇ
1393 1830 1577 1899 φύσει.
1620 1847 1638 1880 ι

412 2012 520 2066 Τοῦ
559 2012 725 2066 αὑτοῦ
772 2014 833 2065 ὲκ
870 2010 967 2065 τοῦ
999 2010 1137 2081 πρὸς
1184 2012 1562 2082 Ἀλεξανδρεῖς
1609 2024 1931 2079 προσφωνῆ-

334 2103 498 2157 τικοῦ
531 2104 733 2172 λόγου*
766 2122 785 2155 ι
842 2103 905 2157 'H
962 2104 1059 2174 μὲν
1108 2105 1411 2171 σύγκρασις
1466 2102 1773 2171 ἀφανισμὸν
1817 2101 1928 2152 τῶν

334 2198 558 2265 φύσεων
584 2198 899 2268 ἐργάζεται,
944 2200 975 2267 ὴ
1021 2198 1075 2250 δὲ
1106 2198 1347 2269 ἄρῤητος
1381 2197 1577 2259 ἕνωσις
1619 2194 1772 2262 παρὰ
1817 2193 1927 2246 τῶν

334 2288 518 2360 ὀρθῶς
550 2290 895 2360 φρονούντων
939 2288 1355 2358 ὁμολογουμένη
1389 2285 1710 2358 ἀμφοτέρας
1763 2284 1928 2352 ἀσυγ-

334 2382 536 2451 χύτους
583 2380 746 2445 σώζει
784 2381 883 2443 τὰς
924 2381 1142 2448 φύσεις.
1187 2399 1206 2431 ι

425 2474 520 2525 Ἐκ
586 2474 678 2525 τοῦ
751 2472 918 2524 αὑτοῦ
955 2472 1116 2538 λόγου
1163 2488 1177 2502 ο
1217 2489 1235 2522 ι
1274 2471 1397 2524 Τῶν
1443 2469 1535 2524 δύο
1569 2469 1784 2540 φύσεων
1817 2471 1926 2524 τῶν

332 2564 697 2631 ιτεροουσίων
770 2562 971 2615 ἐν’ἑνὶ
1015 2563 1239 2633 Χριστῷ
1301 2564 1416 2632 Υίῷ
1472 2563 1587 2616 ὄντι
1638 2563 1923 2630 τοῦΘεοῦ

333 2654 682 2724 σωζομένων,
716 2658 810 2707 καὶ
858 2656 995 2724 μήτε
1036 2655 1484 2726 συγκεχυμένων,
1507 2656 1647 2726 μήτε
1691 2654 1924 2708 ἀπολλυ-

332 2750 539 2820 μένων,
572 2748 1015 2820 ἥδιαιρεθεισῶν.
1048 2767 1067 2801 ι

410 2927 518 2983 Τοῦ
584 2929 753 2983 αὐτοῦ
831 2931 895 2983 ἐκ
939 2929 1038 2999 τῆς
1076 2930 1377 3002 ἑρμηνείας
1431 2931 1569 3001 πρὸς
1632 2929 1922 3003 Ἑϐραίους

344 3021 671 3090 Ἐπιστολῆς
712 3037 728 3052 ·
776 3038 796 3073 ι
830 3021 940 3074 Καὶ
970 3022 1031 3075 ού
1071 3024 1243 3092 δήπου
1277 3022 1460 3091 φαμὲν
1494 3021 1759 3091 ἀνάχυσιν
1812 3022 1921 3074 ὦσ-

2032 575 2352 627 taccrentus,
2385 580 2486 618 nec
2514 564 2906 631 subjiceretnus
2955 565 3083 617 illud
3146 580 3364 619 carnem
3406 582 3613 621 assum-

2029 659 2222 726 psisse,
2267 660 2359 713 sed
2421 656 2876 726 dispensationem
2933 658 3330 727 quodammodo
3360 661 3616 715 exclude-

2030 766 2233 814 rcmus,
2265 750 2456 804 merito
2486 749 2714 803 fortasse
2751 758 3078 817 qua'rerent,
3107 750 3326 804 ubinam
3384 762 3527 806 esset
3562 754 3614 807 in

2030 841 2363 896 humanitate
2396 839 2672 908 perfectio,
2703 852 2795 893 aut
2823 841 3093 906 quomodo
3121 843 3352 895 humana
3381 845 3614 897 essentia

2030 934 2374 989 subsisteret.
2416 933 2486 986 At
2540 932 2796 1001 quoniam
2833 941 2886 985 et
2940 931 3295 985 humanitatis
3327 930 3611 1002 perfectio,

2024 1036 2082 1079 ‘et
2109 1025 2360 1079 essentia
2385 1034 2583 1078 nostrae
2617 1022 2909 1076 declaratio
2933 1036 2997 1074 ex
3019 1019 3195 1073 verbis
3233 1019 3359 1084 illis.
3393 1035 3613 1075 carnem

2029 1114 2408 1182 assumpsisse,
2463 1114 2826 1175 demonstrata
2861 1117 2965 1176 est,
2992 1118 3205 1165 cessent
3237 1111 3447 1181 sibique
3483 1110 3617 1181 ipsis

2031 1206 2384 1259 arondineam
2412 1206 2618 1274 virgam
2651 1202 2970 1273 ohjiciant.»

2098 1382 2176 1437 Ex
2215 1381 2402 1434 eadem
2455 1380 2681 1450 epiStola
2710 1398 2726 1432 ι
2760 1398 2777 1430 ι
2811 1377 3138 1434 Rectissime
3188 1382 3244 1432 et
3291 1376 3615 1446 prudentis-

2030 1479 2167 1528 sime
2203 1474 2460 1541 perfectio
2494 1484 2581 1526 tua
2624 1475 2689 1527 de
2751 1472 2976 1526 salutari
3029 1470 3275 1525 cruciatu
3333 1479 3386 1522 et
3442 1478 3617 1523 morte

2031 1569 2291 1621 ratioitetn
2320 1565 2693 1635 exponit,dum
2719 1565 2891 1633 ipsum
2915 1561 3254 1632 unigenitum
3281 1558 3475 1612 Filium
3498 1558 3614 1619 Dei.

2030 1670 2291 1728 quatenus
2324 1656 2642 1726 intelligitur
2673 1666 2727 1710 et
2756 1667 2836 1709 est
2872 1654 3031 1718 Deus,
3089 1654 3142 1706 in
3172 1663 3363 1719 natura
3398 1652 3615 1720 propria

2028 1767 2249 1820 passum
2266 1765 2386 1803 esse
2415 1750 2529 1814 illa,
2558 1763 2676 1817 quae
2696 1747 2942 1815 corporis
2983 1755 3136 1806 sunt.
3199 1754 3379 1813 negat,
3412 1745 3505 1798 sed
3549 1755 3619 1798 ea

1960 1821 2001 1877 Β
2031 1844 2209 1910 potius
2261 1842 2500 1913 terrestri
2539 1850 2727 1893 natura
2760 1839 3044 1907 pertulisse
3076 1836 3384 1890 confirmat.
3418 1852 3437 1885 ι

2099 2016 2177 2070 Ex
2238 2017 2506 2076 oratione,
2565 2030 2724 2085 quam
2783 2015 2850 2069 ad
2915 2014 3315 2069 Alexandrinos
3368 2013 3612 2070 habuit:

2036 2125 2056 2159 ι
2091 2107 2415 2162 Commistio
2445 2110 2666 2162 adducit
2700 2108 2974 2161 interitum
3043 2117 3382 2172 naturarum,
3415 2122 3612 2161 arcana

2026 2213 2156 2251 vero
2199 2198 2530 2267 conjunctio,
2564 2212 2723 2264 quam
2758 2206 2903 2251 recte
2933 2198 3230 2251 sentientes
3264 2198 3613 2261 confitentur,

2028 2302 2287 2359 utrasque
2308 2291 2427 2344 sine
2459 2289 2775 2345 confusione
2829 2301 3054 2345 naturas
3096 2298 3300 2346 tuetur.
3342 2307 3362 2341 ι

2096 2475 2171 2529 Ex
2208 2475 2395 2530 eadem
2434 2474 2676 2528 oratione
2710 2491 2725 2527 :
2754 2493 2771 2524 (
2822 2473 2947 2529 Dum
2973 2482 3179 2527 natura:
3225 2472 3480 2526 diversas
3515 2470 3612 2523 ha-

2024 2567 2215 2623 bentes
2246 2567 2511 2621 essentias
2544 2566 2596 2618 in
2639 2581 2744 2617 uno
2772 2564 2987 2618 Christo
3018 2564 3156 2617 Filio
3220 2562 3311 2616 Dei
3381 2577 3611 2615 servan-

2027 2663 2137 2719 tur,
2159 2665 2339 2709 etnon
2368 2655 2794 2719 confunduntur,
2822 2669 2919 2709 nec
2956 2656 3273 2723 perduntur,
3292 2658 3386 2704 aut
3411 2651 3616 2703 distra-

2026 2744 2254 2799 huntur.
2283 2764 2301 2796 ι

2093 2928 2347 2999 Ejusdem
2390 2944 2454 2983 ex
2496 2927 2919 2983 Commentariis
2970 2927 3022 2980 iu
3081 2924 3380 2987 Epistolam
3407 2924 3471 2978 ad
3501 2922 3613 2978 He-

2023 3020 2198 3074 brwos
2229 3039 2241 3073 :
2278 3040 2295 3072 ι
2337 3022 2399 3075 Ει
2429 3036 2531 3074 non
2574 3022 2806 3075 dicimus
2838 3021 3125 3087 quamdam
3148 3017 3311 3071 veluti
3336 3016 3612 3071 confusio-

327 3127 445 3179 ⁸περ
497 3110 620 3164 τινὰ
653 3110 929 3180 συμϐῆναι
966 3112 1095 3181 περὶ
1128 3111 1226 3174 τὰς
1272 3110 1486 3180 φύσεις,
1528 3111 1602 3173 ὡς
1641 3112 1920 3179 μεταστῆ-

2024 3128 2149 3166 nem
2178 3114 2229 3166 in
2255 3115 2461 3166 naturis
2480 3114 2764 3176 accidisse,
2796 3123 2849 3164 ut
2878 3111 3036 3165 Verbi
3066 3119 3261 3161 natura
3293 3108 3343 3159 in
3372 3105 3609 3161 hominis

331 3219 428 3256 ναι
466 3203 565 3272 μὲν
607 3201 705 3272 τὴν
725 3202 818 3255 τοῦ
874 3202 1048 3270 Λόγου
1083 3203 1246 3271 φύσιν
1281 3204 1360 3265 είς
1389 3203 1488 3275 τὴν
1512 3202 1603 3255 τοῦ
1627 3202 1918 3271 ἀνθρώπου

2027 3216 2272 3257 naturam
2295 3214 2623 3259 commutata
2648 3207 2797 3269 sit,et
2817 3203 3052 3258 hominis
3070 3214 3261 3254 natura
3286 3200 3609 3253 inmaturam

328 3310 369 3345 τ
387 3296 522 3363 χόν,
559 3293 988 3364 μεταποιηθῆναι
1014 3294 1072 3346 δὲ
1111 3295 1206 3365 τὴν
1230 3294 1583 3366 ἀνθρωπίνην
1606 3295 1687 3357 είς
1705 3292 1806 3363 τὴν
1826 3293 1918 3345 τοῦ

330 3387 534 3453 Λόγου.
573 3404 591 3437 ι

420 3481 517 3533 Ἐκ
541 3482 638 3549 τῆς
668 3481 835 3551 αὐτῆς
859 3480 1154 3549 ἐπιστολῆς
1195 3496 1211 3513 ·
1256 3496 1277 3531 ι
1309 3482 1615 3543 Φάσκοντες
1660 3476 1799 3533 εἶναι
1832 3498 1921 3534 σο-

335 3570 433 3636 φοὶ
464 3568 885 3640 ἐμωράνθησαν,
929 3569 1351 3632 ἀποδιιστῶντες
1383 3568 1629 3639 ἀλλήλων
1658 3570 1756 3631 τὰς
1815 3570 1917 3637 φύ-

333 3680 476 3725 σοις.
510 3685 531 3717 ι

409 3754 692 3809 Τοσούτων
731 3752 832 3823 μὲν
858 3747 951 3806 οὖν
973 3751 1147 3821 ἁγίων
1191 3754 1417 3824 χρήσεις
1455 3747 1617 3808 αὗται
1648 3754 1777 3828 περὶ
1808 3754 1917 3811 τῶν

334 3848 433 3901 δύο
468 3848 560 3901 τοῦ
587 3846 828 3919 Χριστοῦ
857 3844 1093 3915 φύσεων,
1126 3845 1213 3899 ἴνα
1237 3846 1335 3908 τὰς
1367 3845 1477 3899 τῶν
1527 3845 1704 3900 ἄλλων
1732 3847 1917 3917 παρῶ-

338 3958 443 4010 μεν
481 3940 679 4004 πολλὰς
711 3939 874 4000 ούσας
910 3951 926 3967 ⁶
960 3940 987 3990 ὁ
1020 3938 1077 3991 δὲ
1134 3937 1400 4008 θεήλατος
1461 3937 1701 4007 Σευῆρος
1753 3938 1811 3988 ὲν
1846 3940 1913 4008 τῇ

336 4032 551 4085 ἐκθέσει
609 4033 711 4102 τῆς
764 4031 1005 4093 πίστεως
1042 4028 1209 4083 αὑτοῦ
1268 4013 1442 4082 τοιᾶδε
1500 4031 1683 4099 φησί’
1723 4030 1826 4082 (Τὸ
1856 4030 1914 4082 δὲ

335 4125 518 4192 λέγειν
553 4124 645 4177 δύο
673 4125 865 4191 φύσεις
900 4122 995 4175 ἐπὶ
1044 4120 1283 4191 Χριστοῦ
1337 4120 1519 4190 πάσης
1576 4121 1914 4191 κατηγορίας

338 4217 458 4268 ἐστὶ
498 4215 718 4284 μεστὸν,
766 4216 815 4266 εί
851 4213 945 4267 καὶ
973 4212 1077 4265 ὑπὸ
1126 4211 1392 4264 πλειόνων
1435 4210 1608 4279 ἁγίων
1652 4210 1915 4280 Πατὲρων

335 4308 643 4377 ἀμέμπτως
665 4300 903 4378 εἴρηται.
935 4323 955 4359 ι
980 4304 1091 4358 Καὶ
1116 4304 1234 4375 μετ’
1260 4302 1419 4373 ὀλίγα
1445 4319 1459 4333 ·
1486 4302 1627 4356 «Καὶ
1651 4302 1726 4373 μὴ
1750 4304 1914 4357 πάλιν

336 4405 529 4471 εῖπῃς,
554 4402 630 4464 ὡς
658 4402 726 4470 τῇ
751 4399 897 4464 λέξει
924 4398 1032 4450 τῶν
1058 4396 1153 4450 δύο
1192 4395 1408 4465 φύσεών
1436 4411 1582 4459 τινες
1605 4397 1713 4450 τῶν
1742 4397 1915 4452 Πατέ-

2025 3297 2205 3352 Vcrbi.
2251 3314 2269 3347 ι

2092 3475 2167 3528 Ex
2196 3473 2382 3526 eadem
2422 3469 2657 3539 Epistola
2691 3489 2706 3526 :
2754 3490 2772 3523 ι
2815 3470 3058 3525 Dicente:
3089 3486 3144 3526 se
3190 3486 3309 3526 esse
3338 3472 3608 3542 sapientes

2018 3560 2170 3613 stulti
2206 3560 2334 3614 facti
2360 3568 2507 3622 sunt,
2550 3568 2772 3613 naturas
2794 3560 3180 3615 distrahentes.
3228 3578 3248 3612 ›

2089 3738 2214 3794 Haec
2247 3746 2372 3792 sunt
2402 3738 2466 3792 de
2499 3739 2707 3793 duabus
2760 3738 2960 3794 Christi
3026 3740 3238 3792 naturis
3278 3748 3606 3793 sanctorum

2015 3829 2236 3884 Patrum
2282 3829 2609 3895 testimonia,
2643 3842 2702 3884 ut
2734 3830 2859 3893 alia,
2898 3844 3016 3897 quae
3059 3830 3225 3883 multa
3255 3838 3404 3895 sunt,
3443 3831 3609 3883 omit-

2018 3930 2219 3975 tamus.
2280 3921 2348 3974 At
2389 3936 2419 3973 a
2482 3921 2593 3974 Deo
2662 3919 2893 3987 reiectus
2969 3921 3226 3986 Severus,
3290 3920 3377 3973 ubi
3446 3921 3605 3974 fidem

2015 4026 2169 4066 suam
2197 4008 2449 4078 explicat,
2472 4009 2704 4079 loquitur
2730 4010 2795 4063 ad
2828 4009 2969 4063 hunc
2996 4012 3212 4064 modum
3243 4030 3256 4064 :
3282 4028 3299 4061 ι
3331 4008 3435 4063 Sed
3470 4009 3606 4061 duas

2015 4101 2067 4156 in
2099 4101 2314 4155 Christo
2346 4108 2566 4155 naturas
2616 4100 2796 4154 dicere
2838 4099 2981 4153 omni
3042 4100 3251 4153 ratione
3309 4098 3606 4153 cavendum

2015 4198 2118 4255 est,
2153 4190 2279 4244 licet
2334 4206 2362 4243 a
2410 4189 2777 4257 compluribus
2833 4189 3037 4243 sanctis
3078 4188 3331 4243 Patribus
3365 4188 3480 4241 sine
3511 4201 3599 4239 re-

2014 4285 2379 4356 prehensione
2408 4285 2609 4336 dictmn
2663 4284 2752 4336 sit.
2795 4300 2814 4334 »
2855 4281 2919 4335 Ει
2966 4281 3125 4351 paulo
3180 4288 3350 4351 post:
3386 4298 3404 4332 ι
3452 4279 3516 4332 Et
3538 4293 3610 4332 tte

2016 4376 2236 4441 dixeris,
2262 4374 2521 4444 quosdam
2556 4391 2584 4429 e
2637 4375 2843 4432 sanctis
2904 4373 3156 4429 Patrihus
3188 4376 3411 4428 duarum
3442 4381 3605 4425 natu-

336 4467 472 4561 pmwn
511 4467 837 4562 ἐχρήσαντο.
883 4490 1217 4560 Ἐχρήσαντο
1246 4488 1355 4560 γὰρ
1406 4488 1771 4559 ἀδιαόλήτως,
1835 4490 1912 4552 ὡς

2023 4483 2201 4521 rarum
2235 4468 2468 4522 dictione
2518 4469 2684 4523 fuisse
2750 4484 2897 4523 usos.
2950 4467 3006 4523 id
3056 4469 3200 4524 enim
3264 4469 3383 4521 sine
3427 4482 3610 4536 repre-

336 4585 699 4654 προείπομεν,
729 4584 869 4637 κατὰ
897 4581 954 4635 δὲ
984 4582 1074 4633 τὸν
1105 4582 1294 4651 χρόνον
1335 4580 1429 4633 τοῦ
1462 4581 1617 4649 ἁγίου
1647 4582 1912 4651 Κυρίλλου

334 4679 439 4746 τῆς
469 4678 624 4729 νόσου
650 4676 757 4727 τῶν
796 4672 1084 4741 Νεστορίου
1120 4671 1463 4739 κενοφωνιῶν
1485 4671 1583 4734 τὰς
1613 4672 1915 4741 ἐκκλησίας

337 4767 761 4838 ἐπινεμομένης,
783 4768 817 4835 ἡ
844 4766 988 4829 λέξις
1011 4763 1445 4835 ἀπεδοκιμάσθη.
1476 4763 1669 4831 »Εὖγε,
1685 4758 1729 4817 ὦ
1749 4764 1916 4818 κατά-

339 4877 496 4932 ρατε,
526 4861 607 4913 ὅτι
640 4860 777 4921 τέως
808 4859 1118 4928 χρήσασθαι
1147 4860 1212 4928 τῇ
1248 4858 1388 4921 λέξει
1414 4858 1524 4911 τῶν
1574 4857 1669 4911 δύο
1699 4857 1916 4928 φύσεων

339 4952 656 5020 ἀμέμπτως
695 4950 924 5011 πολλοὺς
955 4948 1064 5002 τῶν
1118 4948 1287 5017 ἁγίων
1324 4949 1599 5019 ’Πατέρων
1634 4951 1727 5003 καὶ
1767 4950 1917 5005 ἄκων

338 5044 730 5114 ὡμολόγησας,
760 5042 1185 5111 εὐλαϐούμενος,
1216 5041 1289 5102 ὡς
1323 5040 1489 5106 ἔοικε,
1524 5042 1624 5110 τὴν
1649 5042 1916 5113 πρόδηλον

336 5137 598 5206 ἀλήθειαν
625 5176 638 5199 ,
671 5137 842 5200 δεῖξον
876 5135 933 5188 δὲ
964 5135 1173 5199 λοιπὸν,
1208 5134 1338 5186 πότε
1387 5133 1481 5186 καὶ
1535 5134 1691 5203 παρὰ
1742 5134 1916 5188 ποίων

338 5229 512 5295 ἁγίων
532 5228 786 5299 Πατέρων
812 5230 846 5298 ἡ
878 5226 1022 5291 λέξις
1065 5225 1498 5295 ἀπεδοκιμάσθη,
1534 5226 1653 5290 πῶς
1708 5228 1764 5281 δὲ
1808 5227 1917 5300 πρὸ

339 5322 445 5387 μὲν
470 5319 562 5371 τοῦ
595 5317 888 5390 Νεστορίου
914 5317 1008 5371 δύο
1033 5317 1224 5387 φύσεις
1252 5312 1398 5387 εἶχεν
1429 5319 1457 5371 ὁ
1479 5318 1742 5389 Χριστὸς,
1772 5320 1914 5389 μετὰ

334 5412 396 5465 εἰ
430 5411 521 5464 τὸν
544 5412 840 5483 Νεπόριον
868 5413 925 5465 αι
958 5411 1051 5465 δύο
1081 5410 1181 5482 μία
1226 5411 1535 5480 γεγόνασιν,
1599 5411 1913 5466 ἀτοπώτατε

334 5504 438 5556 καὶ
463 5503 745 5559 ἀλλόκοτε.

2017 4561 2277 4615 hensione
2310 4570 2363 4613 et
2398 4559 2550 4629 culpa
2598 4561 2865 4625 fecerunt,
2925 4570 2982 4614 ut
3041 4575 3166 4614 ante
3225 4560 3482 4613 diximus.
3542 4547 3606 4609 A'

2017 4651 2193 4704 sancti
2244 4648 2435 4718 Cyrilli
2481 4660 2718 4719 tempore
2772 4667 2893 4705 cum
2950 4650 3188 4704 inanium
3223 4649 3457 4703 Nestorii
3490 4662 3608 4701 ver-

2004 4742 2205 4797 borum
2274 4746 2440 4813 pestis
2485 4743 2759 4799 Ecclesias
2824 4745 3229 4811 depasceretur,
3277 4741 3391 4795 haec
3440 4739 3607 4795 dictio

2016 4834 2118 4889 fuit
2171 4837 2527 4904 improbata.»
2559 4837 2740 4905 Euge,
2780 4837 2940 4890 homo
2986 4832 3339 4897 cxsecrande,
3394 4833 3606 4902 quando

2016 4926 2213 4980 multos
2246 4936 2556 4980 sanctorum
2611 4925 2828 4979 Patrum
2895 4926 3121 4979 duarum
3161 4936 3473 4979 naturarum
3528 4924 3604 4977 di-

2018 5020 2199 5071 ctione
2234 5033 2358 5071 usos
2379 5019 2459 5070 vel
2490 5019 2687 5071 invitus
2721 5016 3002 5072 coltfessus
3036 5034 3115 5083 es,
3149 5021 3509 5088 perspicuam,
3547 5025 3605 5070 ut

2018 5119 2262 5178 apparet,
2287 5110 2487 5163 veritus
2522 5111 2827 5172 veritatem,
2866 5111 3219 5182 ostendejam
3241 5128 3348 5181 quo
3367 5122 3605 5179 tempore

2016 5209 2071 5252 et
2097 5214 2124 5252 a
2158 5200 2355 5267 quibus
2398 5201 2599 5255 sanctis
2634 5201 2887 5258 Patribns
2920 5207 3033 5259 haec
3104 5206 3267 5259 dictio
3310 5205 3471 5258 fuerit
3502 5204 3601 5256 imo

2016 5290 2262 5361 probata,
2290 5299 2344 5343 et
2377 5294 2647 5360 quomodo
2678 5296 2809 5349 duas
2841 5307 2966 5350 ante
3023 5294 3331 5349 Nestorium
3378 5303 3600 5349 naturas

2017 5384 2269 5439 Christus
2356 5385 2625 5451 habuerit,
2690 5397 2813 5458 post
2870 5388 3175 5442 Nestorium
3237 5393 3415 5438 autem
3481 5385 3598 5439 dum

2019 5491 2123 5531 una
2156 5476 2309 5533 facta:
2358 5479 2466 5535 sint
2490 5517 2506 5545 ,
2541 5480 2701 5535 homo
2740 5482 3072 5549 ineptissime
3122 5486 3176 5532 et
3210 5478 3573 5532 inconstantis

2020 5584 2177 5627 ειιιιε.
