4052 6292
612 344 754 412 1087.

1862 346 2250 411 EUTIIYMII
2290 347 2414 409 Z‘iG
2434 347 2673 411 ABEN!"

3687 359 3787 431 i088

686 458 819 527 «Qui
849 459 1064 515 duabus
1090 458 1157 514 in
1176 458 1389 515 naturis
1421 459 1537 515 sine
1560 458 1897 523 confusione,
1926 458 2041 512 sine
2072 472 2192 509 mu-
2221 505 2224 514 η

2373 473 2393 507 ι
2418 456 2505 509 Ἐν
2537 456 2633 511 δύο
2669 453 2901 524 φύσεσιν
2928 456 3272 527 ἀσυγχΰτως,
3304 457 3587 525 ἀτρέπτως,
3607 462 3789 533 ὰδιαιρὲ·

610 553 845 615 tatione,
874 550 993 604 sine
1018 549 1281 604 divisione
1324 550 1690 620 cognoscitur,
1724 549 1873 604 nullo
1903 551 2061 602 modo
2105 561 2203 600 na-

614 653 858 696 turarum
893 641 1197 695 differentia
1227 642 1436 696 sublata
1468 652 1688 711 propter
1717 658 1938 696 carnem
1994 654 2205 694 assum-

612 741 784 799 pta-tn,
803 732 895 784 sed
922 732 1208 799 utriusque
1230 740 1437 785 natura:
1465 743 1677 785 servata
1709 732 2126 801 proprietate,.et
2150 730 2202 783 in

615 836 776 874 unam
809 835 1102 890 personam
1161 832 1324 889 atque
1394 806 1566 876 unam'
1610 824 1937 893 Itypostasim
1975 837 2208 876 concur-

615 920 799 966 rente.
827 929 845 960 ι
874 910 1100 979 Propter
1135 913 1403 965 Asterium
1439 922 1493 966 et
1538 913 1929 980 Apollinarium
1961 921 2015 966 et
2044 914 2209 975 Euty-

2304 565 2416 612 τως
2457 548 2884 619 γνωριζόμενον,
2942 549 3185 618 οὐδαμοῦ
3214 550 3312 619 τῆς
3368 552 3469 604 τῶν
3506 552 3689 619 φύσεων
3708 556 3793 610 δισ-

2308 644 2482 711 φορᾶς
2531 642 2887 712 ἀνῃρημένης
2929 642 3019 696 διὰ
3058 642 3159 712 τὴν
3208 641 3419 704 ἕνωσιν,
3468 642 3794 714 σωζομένηςδέ

2311 732 2526 798 μᾶλλον
2550 733 2647 799 τῆς
2684 733 2952 804 ἰδιότητος
2980 732 3248 804 ἑκατέρας
3304 734 3528 803 φύσεως,
3560 738 3641 789 καὶ
3672 740 3732 800 εἰς
3754 739 3798 792 ἓν

2308 822 2624 891 πρόσωπον,
2666 822 2760 874 καὶ
2797 821 2925 891 μίαν
2957 821 3256 875 ὑπόστασιν
3296 822 3677 891 συντρεχούσης.
3706 826 3796 877 »Δι’

2321 911 2625 980 Ἀστέριον,
2661 913 2757 964 καὶ
2798 910 3239 980 ’Δπολλινάριον,
3271 912 3365 966 καὶ
3420 912 3632 982 Εὐτυχῆ,
3668 914 3798 978 uisa;

616 1001 797 1065 ehem,
819 1001 909 1071 qui
939 998 1160 1057 naturas
1187 1004 1522 1068 diﬂ‘erentes,
1550 1020 1740 1074 nempe
1768 1003 1926 1059 Verbi
1950 1015 2002 1057 et
2025 1004 2208 1060 carnis

2344 1006 2601 1075 ιαφόρους
2631 1004 2847 1074 φύσεις,
2878 1003 2973 1058 τοῦ
3002 1006 3176 1073 Λόγου
3216 1004 3361 1072 λέγω
3403 1005 3492 1058 καὶ
3532 1005 3618 1074 τῆς
3648 1007 3796 1075 σαρκὸς

613 1091 788 1160 ipsius
817 1109 845 1147 a
874 1108 971 1149 sua
1030 1096 1356 1164 proprietate
1407 1097 1724 1159 recessisse,
1778 1106 2006 1151 etunam
2035 1095 2207 1153 factas

617 1197 740 1238 esse
767 1191 1014 1239 naturam
1047 1186 1250 1241 dicunt.
1286 1188 1363 1240 Ex
1394 1202 1621 1255 quorum
1657 1187 1912 1257 opinione
1939 1187 2115 1257 seqttit
2146 1202 2209 1241 ur

617 1284 680 1328 ut
705 1277 756 1329 in
788 1275 1007 1332 Christo
1041 1294 1140 1334 nec
1167 1288 1415 1334 servetur
1458 1280 1600 1347 quod
1668 1281 1887 1349 patibile
1919 1293 2023 1342 est.
2085 1295 2209 1345 pro-

624 1376 746 1435 pter
802 1368 1155 1438 impatibilem
1210 1374 1327 1440 ejus
1381 1371 1745 1436 divinitatem,
1806 1388 1906 1427 nec
1951 1373 2093 1442 quod
2127 1380 2213 1426 est

620 1457 939 1529 impatibil'e,
983 1471 1202 1530 propter
1268 1464 1540 1532 patibilem
1596 1464 1766 1534 ipsius
1794 1464 2207 1521 humanitatem.

1197 1593 1503 1651 TITULUS
1552 1595 1716 1654 XVII.

622 1682 938 1765 Adversus__A
949 1689 1515 1765 phthartodocitas,qui
1542 1698 1699 1753 duces
1722 1699 2211 1757 habuermttlulia-

694 1767 820 1835 num
871 1755 1344 1817 Halicarnasseum
1386 1755 1701 1823 e't'Gainum
1760 1755 2204 1838 Alexandrinum,
2242 1807 2286 1865 Β

696 1839 762 1865 ea:
787 1827 1000 1865 schnliie
1040 1829 1245 1865 Ῑοηκοέἒ
1282 1834 1564 1865 ι)..-,...ο;..;

696 1832 762 1876 ex
787 1827 1000 1882 scltoliis
1031 1829 1245 1885 Leontii
1276 1834 1585 1905 Byzantini.

694 1934 795 2000 Qui
834 1935 1048 1992 .Ittliano
1096 1940 1416 2014 Gaianoque
1443 1949 1757 2005 auctoribus
1796 1951 2207 2021 Aphthartodo-

625 2024 747 2077 citae
778 2027 1027 2095 appellati
1081 2040 1229 2096 sunt,
1254 2049 1375 2089 cum
1410 2035 1531 2092 aliis
1579 2039 1631 2092 in
1671 2040 2017 2109 Opinionibus
2086 2060 2209 2098 cum

627 2115 815 2170 Severi
872 2120 1153 2199 discipulis
1186 2128 1538 2194 conveniant,
1583 2129 1686 2186 hoc
1747 2141 1955 2186 tantttm
1993 2134 2062 2190 ab
2104 2134 2214 2190 illis

625 2205 981 2283 dissentiunt,
1009 2213 1151 2282 quod
1187 2229 1311 2269 cum
1372 2217 1658 2275 Severiani
1739 2221 2100 2278 differentiam
2161 2226 2213 2278 in

626 2296 846 2353 Christo
869 2303 1202 2357 constituant
1230 2316 1350 2376 post
1399 2309 1871 2379 conjunctionem,
1915 2315 2216 2372 Julianistas

624 2398 681 2443 et
714 2390 1005 2447 Gaianistaa
1061 2411 1167 2449 non
1210 2399 1383 2453 solum
1442 2403 1673 2457 duarum
1715 2405 1768 2459 in
1816 2406 2038 2463 Christo
2099 2425 2204 2462 na-

627 2490 871 2537 turarum
917 2484 1277 2545 differentiam
1316 2502 1536 2562 negant,
1563 2511 1748 2550 verum
1779 2499 1943 2554 etiam
1999 2501 2216 2556 Domini

628 2588 829 2664 corpus
856 2578 966 2646 jam
1006 2580 1157 2636 inde”
1186 2583 1256 2635 ab
1295 2586 1412 2654 ipsa
1447 2586 1773 2643 formatione
1802 2591 2218 2664 incorruptibile

629 2661 800 2719 fuisse
821 2666 1135 2735 opinantur,
1162 2687 1228 2726 ex
1254 2687 1371 2741 quo
1391 2684 1520 2728 sunt
1561 2691 1860 2745 cognomen
1919 2661 2218 2737 consecuti.

630 2754 710 2807 Ae
744 2751 1026 2809 Dominum
1062 2758 1278 2826 quidem
1312 2764 1588 2820 molestias
1609 2776 1661 2820 et
1715 2768 1988 2823 cruciatus
2038 2780 2222 2838 pertu-

630 2841 759 2897 lisse
789 2845 994 2912 dicunt,
1028 2861 1086 2903 ut
1114 2850 1343 2919 famem,
1372 2863 1427 2908 et
1452 2855 1625 2922 sitim,
1649 2868 1705 2912 et
1732 2858 2129 2926 lassitudinem,
2162 2871 2218 2916 et

633 2937 865 3006 reliqua,
898 2954 1000 2994 non
1037 2951 1214 2997 tamen
1252 2947 1453 3000 eodem
1485 2964 1594 3017 quo
1631 2965 1729 3006 nos
1795 2952 1954 3007 modo
1982 2968 2045 3007 ea
2076 2968 2205 3022 ρει-ο

2309 1096 2497 1160 αὐτοῦ,
2538 1098 2667 1166 μίαν
2708 1099 2875 1166 φύσιν
2904 1096 3355 1150 ἀποτετελεκέναι
3382 1096 3554 1165 φασὶν,
3587 1098 3799 1168 ὲκστάαης

2309 1187 2555 1256 δηλονότι
2587 1188 2685 1256 τῆς
2712 1187 2925 1240 ἑαυτῶν
2961 1188 3247 1257 ἰδιότητος,
3271 1187 3347 1251 ὡς
3368 1188 3502 1240 κατὰ
3527 1190 3608 1240 τὸν
3634 1188 3801 1241 ἐκείνων

2310 1278 2470 1346 λόγον
2494 1280 2693 1350 μηκέτι
2712 1278 2978 1333 δύνασθαι
3004 1277 3273 1343 σώζεσθαι
3288 1278 3380 1332 τοῦ
3404 1277 3620 1348 Χριστοῦ
3640 1276 3803 1348 μήτετδ

2313 1371 2559 1439 παθητὸν
2588 1370 2677 1423 διὰ
2704 1370 2764 1422 τὸ
2802 1368 3014 1432 ἀπαθὲς
3042 1367 3207 1422 αὐτοῦ
3230 1367 3331 1438 τῆς
3353 1367 3607 1437 θεότητος,
3638 1367 3801 1436 μήτετὸ

2311 1461 2521 1525 ἀπαθὲς
2537 1461 2624 1516 διὰ
2636 1460 2694 1515 τὸ
2710 1460 2953 1531 παθητὸν
2970 1460 3134 1515 αὐτοῦ
3155 1459 3321 1513 πάλιν
3337 1458 3432 1526 τῆς
3445 1458 3802 1529 ἁνθρωπότητος.

2898 1598 3057 1653 ΤῘΤΛ
3067 1597 3151 1652 ΟΣ
3198 1597 3303 1652 ΙΖ¹.

2313 1689 2473 1743 Κατὰ
2523 1686 3069 1757 Ἀςρθαρτοόοκιτῶν
3101 1686 3222 1740 τῶν
3260 1685 3379 1757 ἀπὸ
3427 1684 3711 1757 ’1ουλιιινοῦ
3732 1686 3808 1740 τοῦ

2395 1756 2934 1828 Ἁλικαρνασσέως,
2961 1758 3059 1811 καὶ
3114 1756 3385 1811 Γαῖάνοῦ
3412 1758 3539 1828 ,τοῦ
3591 1756 3809 1828 ’ᾼλεξσν-

2384 1825 2694 1898 δρέωςξέκ
2742 1826 2863 1880 τῶν
2897 1828 3167 1897 σκολίων
3206 1827 3489 1882 Λεοντίου
3532 1825 3808 1885 Βυζαντίου.

2390 1937 2455 1998 Ui
2487 1945 2595 1998 ἀπὸ
2635 1942 2942 1997 Ἰουλιανοῦ
2969 1943 3065 1996 καὶ
3111 1939 3351 1995 Γαῖανοῦ
3406 1941 3812 2012 Ἀφθαρτοδοκῖται

2316 2038 2604 2106 λεγόμενοι
2630 2038 2688 2089 ἐν
2734 2035 2833 2105 μὲν
2865 2038 2977 2096 τοῖς
3012 2034 3197 2096 ἄλλοις
3235 2034 3470 2103 δόγμασι
3516 2031 3814 2104 συμφέρονται

2317 2130 2429 2191 τοῖς
2470 2116 2740 2197 Σευήροιὶ,
2768 2128 2827 2180 ὲν
2855 2125 3033 2196 τούτῳ
3072 2127 3129 2179 δὲ
3183 2126 3352 2196 μόνον
3380 2126 3695 2194 διαφέρονται
3718 2125 3816 2193 πρὸς

2319 2221 2539 2282 αὐτοὺς,
2582 2223 2638 2271 ὲν
2684 2218 2763 2288 τῷ
2803 2216 2987 2285 λέγειν
3035 2218 3287 2279 ἐκείνους
3326 2218 3423 2289 μὲν
3463 2216 3696 2287 διαφορὰν
3718 2214 3816 2286 μετά

2317 2312 2417 2382 τὴν
2442 2311 2638 2364 ἕνωσιν
2666 2309 2759 2362 ἐπὶ
2805 2308 3072 2379 Χριστοῦ,
3097 2310 3225 2372 τοὺς
3280 2308 3341 2361 δὲ
3387 2305 3814 2368 ’Ῑουλιανιστὰςκαὶ

2319 2404 2612 2466 Γαῖανίτας
2638 2403 2713 2474 μὴ
2749 2403 2911 2473 μόνον
2935 2402 3221 2475 ἀρνεῖσθαι
3254 2402 3357 2473 τὴν
3377 2401 3625 2472 διαφορὰν
3650 2399 3738 2453 τῶν
3753 2398 3821 2451 δύο

2319 2496 2416 2549 τοῦ
2447 2497 2689 2567 Χριστοῦ
2747 2496 2986 2565 φύσεων,
3029 2494 3165 2549 ἀλλὰ
3188 2493 3287 2548 καὶ
3320 2494 3585 2565 ἄφθαρτον
3619 2490 3821 2561 domari-

2322 2589 2448 2655 ζειν
2474 2588 2537 2642 τδ
2590 2588 2753 2658 σῶμα
2805 2585 2900 2640 τοῦ
2941 2585 3183 2656 Χριστοῦ
3232 2587 3298 2653 ἐξ
3329 2585 3498 2656 αὐτῆς
3526 2584 3819 2645 διαπλάσεως.

2323 2682 2436 2735 Καὶ
2454 2681 2523 2735 τὰ
2549 2679 2651 2750 μὲν
2682 2677 2832 2748 πάθη
2871 2677 3130 2743 λέγουσιν
3191 2678 3485 2748 ὑπομεῖναι
3521 2678 3607 2731 τὸν
3650 2678 3820 2744 Κύριον,

2324 2770 2519 2825 πεῖνάν
2550 2786 2716 2840 φημι,
2739 2770 2833 2821 καὶ
2859 2767 3043 2837 δίψαν,
3074 2766 3169 2821 καὶ
3208 2767 3405 2828 κόπον,
3436 2766 3527 2820 καὶ
3549 2765 3609 2818 τὰ
3637 2762 3759 2831 ἑξῆς,
3781 2762 3822 2813 οὐ

2320 2862 2413 2915 τὸν
2442 2859 2604 2913 αὐτὸν
2637 2858 2694 2911 δὲ
2719 2858 2919 2929 τρόπον
2944 2861 3078 2927 ἡμῖν
3105 2856 3286 2909 ταῦτα
3315 2855 3649 2909 πεπονθέναι.
3683 2852 3826 2921 Ἡμεῖς

2327 2952 2428 3022 μὲν
2440 2949 2762 3021 γὰρ,φασὶν,
2785 2949 2843 3013 ἐξ
2864 2949 3109 3017 ἀνάγκης
3135 2947 3375 3016 φυσικῆς
3401 2945 3566 2999 ταῦτα
3585 2943 3827 3013 πάσχομεν,

632 3021 846 3085 tulisse.
878 3029 985 3087 Nos
1006 3037 1171 3101 enim,
1194 3037 1475 3109 inquiunt,
1496 3044 1722 3098 naturali
1755 3021 2085 3101 necessitate
2099 3062 2223 3115 pet-

2340 3045 2429 3097 Βδὲ
2462 3042 2703 3115 Χριστὸς
2750 3041 3014 3103 ἑκουσίως
3073 3040 3255 3093 πάντα
3298 3039 3603 3110 ὑπέμεινεν.
3658 3037 3721 3092 Οὐ
3752 3036 3831 3103 γὰρ

631 3118 882 3185 ierimus,
915 3122 1165 3183 Christus
1220 3141 1404 3186 autem
1454 3144 1646 3203 sponte
1686 3145 1878 3191 cuncta
1943 3109 2224 3197 sustinuit.

2340 3109 2578 3190 ἐδούλευε
2609 3137 2723 3198 τοῖς
2759 3135 2946 3205 νόμοις
2982 3132 3082 3203 τῆς
3121 3131 3366 3202 φύσεως.
3395 3109 3532 3203 Πρὸς
3557 3130 3641 3193 οὕς
3671 3144 3829 3197 φαμεν,

632 3215 749 3267 [\‘on
789 3217 933 3270 enim
965 3230 1171 3274 natura:
1204 3220 1415 3291 legibus
1440 3235 1558 3278 erat
1608 3227 1899 3283 obnoxius.
1958 3228 2208 3299 Respon-

2340 3230 2409 3281 ὃτι
2438 3226 2576 3280 Οὐδὲ
2611 3225 2764 3280 αὐτοὶ
2798 3224 3034 3293 λέγομεν
3072 3223 3312 3277 ἀκούσια
3346 3223 3416 3276 τὰ
3445 3222 3583 3293 πάθη
3630 3220 3707 3276 τοῦ
3734 3221 3834 3289 Χρι-

637 3305 829 3360 demus
856 3323 920 3361 ne
967 3325 1069 3364 nos
1131 3313 1350 3380 quidem
1408 3315 1588 3371 dicere
1650 3318 1930 3374 Christum
1992 3322 2220 3377 invitum

2340 3318 2485 3383 ατοῦ,
2538 3318 2654 3371 ἀλλ’
2691 3318 2775 3371 ὅτι
2825 3318 3094 3379 ἑκουσίως
3125 3315 3389 3370 ἐδούλευε
3426 3317 3537 3389 τοῖς
3576 3314 3736 3383 νόμοις
3760 3311 3834 3379 τῆς

635 3398 914 3454 molestias
937 3410 989 3454 et
1011 3403 1281 3458 cruciatus
1306 3406 1612 3474 pertulisse,
1643 3412 1737 3464 sed
1755 3420 1944 3480 sponte
1964 3424 2018 3468 et
2036 3414 2224 3468 volun-

2340 3413 2549 3482 μύσεως
2590 3411 2789 3479 ἐπίσης
2809 3411 2966 3479 ἡμῖν.
3012 3410 3071 3463 '0
3098 3409 3196 3479 μὲν
3230 3409 3345 3479 γὰρ
3376 3410 3635 3480 μακάριος
3654 3403 3834 3458 ’Δθανάο

637 3494 747 3538 tate
778 3499 981 3542 natura:
1011 3490 1218 3559 legibus
1272 3493 1581 3563 inservisse,
1642 3502 2105 3567 quemadmodum
2166 3514 2224 3560 et

2340 3522 2447 3567 σιος
2487 3502 2811 3575 ἑρμηνεύων
2847 3503 2930 3563 τὸ,
2956 3502 3088 3556 Νῦν
3116 3501 3154 3565 ἡ
3185 3501 3366 3570 ψυχή
3393 3518 3510 3570 μου
3533 3498 3831 3566 τετάρακται.

641 3593 763 3633 nos.
791 3578 921 3632 Nam
954 3582 1143 3638 beatus
1165 3585 1383 3653 quidem
1410 3588 1741 3645 Athanasius
1772 3608 2047 3660 exponens
2074 3596 2224 3652 illud:

649 3666 808 3723 Num:
865 3684 1043 3725 autem
1093 3676 1270 3729 anima
1331 3695 1446 3732 mea
1513 3679 1730 3735 turbata
1766 3693 1841 3737 est
1899 3700 1920 3737 :
1979 3702 1997 3736 ι
2049 3684 2233 3751 Nunc,

642 3761 851 3830 inquit,
916 3763 968 3817 id
1024 3774 1107 3820 est
1161 3769 1380 3837 quando
1444 3771 1631 3825 voluit.
1697 3772 1811 3828 Non
1872 3777 2014 3830 enim
2081 3778 2226 3846 quod

643 3868 748 3906 non
784 3863 925 3909 esset
977 3864 1230 3927 tanquam
1277 3871 1424 3916 esset
1449 3862 1608 3929 dixit,
1639 3865 1795 3933 quasi
1861 3868 2120 3937 Opinione
2172 3880 2227 3925 et

641 3944 844 4009 specie,
881 3962 985 4000 non
1022 3957 1200 4002 autem
1230 3952 1404 4021 reipsa
1432 3962 1486 4007 et
1516 3968 1640 4010 vere
1685 3956 1897 4022 ﬁerent,
1931 3975 2053 4029 qua:
2083 3961 2232 4017 dice-

643 4036 859 4092 bantur.
889 4036 1088 4094 Natura
1120 4042 1263 4096 enim
1296 4053 1349 4098 et
1381 4045 1609 4101 veritate
1658 4049 1839 4102 omnia
1872 4050 2012 4106 facta
2037 4064 2221 4108 sunt.)

643 4124 945 4197 Theologus
1006 4130 1133 4186 item
1186 4132 1480 4203 Gregorius
1542 4154 1610 4189 :t
1669 4136 1960 4205 Quoniam,
2031 4142 2227 4212 inquit,

647 4230 855 4273 naturas
896 4230 1107 4291 tempus
1158 4224 1345 4280 tribuit
1370 4229 1585 4297 quando
1616 4231 1809 4296 voluit,
1854 4241 1911 4286 ut
1951 4250 2068 4303 qua:
2100 4252 2231 4305 pro-

646 4309 761 4375 pria
810 4320 938 4366 sunt
989 4324 1285 4382 appeteret.
1344 4336 1363 4370 ι
1440 4318 1542 4375 Sed
1594 4323 1946 4380 admirandus
1994 4325 2231 4398 Cyrillus

2334 3597 2524 3666 φησὶν,
2572 3597 2654 3649 ὅτι
2691 3614 2709 3647 ι
2739 3596 2799 3647 τὸ
2831 3595 2949 3648 νῦν
2994 3593 3155 3648 τοῦτό
3182 3597 3356 3657 ἐστιν,
3400 3595 3484 3646 ὅτε
3512 3592 3767 3662 ἠθέλησεν·
3792 3585 3834 3639 οὗ

2333 3686 2538 3757 γὰρτὸ
2571 3685 2649 3756 μὴ
2689 3684 2750 3737 ὃν
2786 3685 2864 3747 ὡς
2900 3685 3078 3755 παρὸν
3113 3683 3424 3753 ὠνόμαζεν,
3451 3683 3523 3744 ὼς
3563 3682 3751 3748 δοκήσει
3772 3691 3835 3743 γε·

2334 3777 2577 3845 νομένων
2601 3773 2712 3827 τῶν
2740 3774 3092 3842 λεγομένων⁹
3151 3775 3321 3843 φύσει
3368 3775 3475 3845 γὰρ
3538 3775 3624 3825 καὶ
3664 3766 3835 3835 ἀληθείᾳ

2332 3868 2402 3922 τὰ
2422 3867 2604 3920 πάντα
2641 3866 2904 3933 ἐγίνετο.»
2928 3864 2984 3918 '0
3001 3865 3057 3919 δὲ
3089 3865 3357 3933 Θεολόγος
3390 3864 3551 3917 πάλιν
3579 3858 3834 3932 Γρηγόριθς.

2335 3947 2419 4027 ὅτι
2450 3957 2625 4010 ἐδίδου
2653 3958 2720 4027 τῇ
2757 3957 2920 4025 φύσει
2960 3956 3185 4026 καιρὸν,
3213 3958 3305 4010 ὅτε
3337 3956 3604 4019 ἐϐούλετο,
3646 3947 3836 4019 ἐνεργεῖν

2330 4052 2399 4105 τὰ
2438 4051 2571 4105 ἴδια.
2617 4049 2888 4120 Κύριλλος
2920 4048 2976 4101 δὲ
3011 4052 3039 4102 ὁ
3081 4049 3396 4119 θαυμάσιος
3429 4050 3640 4118 εἴρηκεν
3669 4039 3838 4110 ἀφιέναι

2339 4142 2504 4196 αὐτὸν
2533 4143 2600 4211 τῇ
2634 4141 2804 4211 σαρκὶ
2835 4140 2925 4193 διὰ
2973 4141 3080 4193 τῶν
3110 4141 3212 4210 τῆς
3268 4141 3487 4210 φύσεως
3540 4135 3837 4203 ῐὲναινόμων.
3950 4130 3951 4173 ἶ

2341 4236 2453 4290 Καὶ
2486 4230 2641 4297 αὖθις
2674 4233 2905 4307 ἑτέρωθι
2930 4232 3140 4301 ἔλεγεν,
3178 4233 3256 4297 ὡς
3275 4230 3649 4302 ἑπιτρέπειτῷ
3675 4228 3837 4317 σώμασι
3950 4314 3951 4317 Ἴ

2340 4330 2436 4383 καὶ
2463 4330 2530 4400 τῇ
2586 4325 2970 4397 ἁνθρωπότητι
3020 4325 3091 4378 τὰ
3153 4328 3221 4396 τῇ
3256 4326 3420 4393 φύσει
3452 4323 3699 4396 προσόντα
3729 4313 3836 4382 πάθη

652 4417 672 4450 ι
709 4400 881 4468 ipsum
915 4406 1065 4459 carni
1099 4408 1230 4461 dicit
1256 4412 1623 4473 concessisse.
1655 4423 1715 4469 ut
1740 4430 1832 4485 per
1859 4428 2064 4473 natura:
2084 4421 2224 4490 leges

2340 4423 2413 4486 εἰς
2445 4417 2718 4484 ἀπόδειξιν
2756 4415 2850 4470 τοῦ
2905 4414 3049 4469 κατὰ
3090 4415 3355 4487 ἀλήθειαν
3413 4416 3639 4485 φορῆσαι
3679 4410 3831 4497 σάρκα.

648 4496 1024 4560 pet-transiret.
1069 4514 1087 4549 ι
1131 4498 1195 4551 Ει
1222 4502 1345 4555 alibi
1378 4520 1392 4557 :
1431 4524 1448 4555 ι
1482 4505 1772 4566 Permittit.
1804 4508 1982 4578 inquit
2025 4517 2241 4581 corpori

647 4593 703 4640 et
732 4585 1072 4655 humanitati,
1106 4601 1163 4646 ut
1194 4594 1445 4661 patiatur,
1481 4611 1603 4665 quae
1641 4607 1846 4652 natura:
1888 4605 2242 4670 conveniunt,

648 4694 758 4749 quo
788 4692 913 4735 vere
950 4696 1010 4736 se
1042 4697 1259 4739 carnem
1301 4697 1567 4755 gestasse,
1599 4696 1649 4741 et
1705 4688 1981 4743 hominem
2040 4691 2243 4748 factum

648 4790 769 4833 esse
818 4778 1165 4847 demonstret,
1202 4790 1258 4834 ttt
1308 4780 1601 4849 Scriptura;
1644 4790 1935 4839 testantur.
1983 4804 2001 4838 ι
2040 4788 2245 4852 Quam-

650 4871 838 4926 obrem
891 4873 936 4927 si
985 4887 1053 4927 ex
1102 4873 1407 4928 divinorum
1440 4876 1663 4927 Patrum
1718 4878 1992 4930 sententia
2046 4879 2238 4933 eodem

654 4962 813 5015 modo
837 4978 944 5030 quo
967 4979 1065 5019 nos
1094 4980 1310 5031 passum
1337 4965 1929 5036 dicitnus,licetspoute
1951 4979 2004 5023 et
2026 4971 2243 5038 quando

653 5053 841 5119 voluit,
872 5058 1140 5125 quomodo
1168 5070 1454 5125 possumus
1481 5072 1699 5126 corpus,
1735 5061 1877 5127 quod
1919 5073 2137 5127 passum
2164 5070 2248 5116 est

655 5152 835 5206 d.cere
854 5148 1019 5201 fuisse
1043 5150 1528 5215 incorruptibile.et
1547 5168 1650 5207 non
1676 5154 1848 5220 potius
1872 5167 1952 5207 col
1971 5156 2247 5224 ruptibile,

654 5236 1106 5310 quemadmodum
1167 5245 1223 5291 et
1253 5249 1435 5293 nostra
1489 5239 1753 5294 suntiAt
1805 5239 1879 5294 illi
1954 5258 2169 5296 rursum
2215 5260 2227 5298 :

658 5333 831 5389 δίοιιιο
865 5327 1141 5397 inquiunt.
1169 5334 1311 5392 post
1338 5332 1783 5384 resurrectionem
1841 5332 2249 5402 incorruptibile

655 5424 837 5480 dicitis
871 5437 1068 5490 corpus
1121 5420 1346 5487 Christi,
1373 5429 1426 5472 et
1466 5431 1645 5475 tamen
1705 5421 1946 5489 ejusdem
1998 5422 2248 5476 essentiae

2342 4516 2439 4568 καὶ
2467 4510 2758 4583 ἄνθρωπον
2790 4508 3047 4577 γενέσθαι
3095 4509 3239 4562 κατὰ
3279 4509 3383 4571 τὰς
3409 4506 3644 4578 Γραφάς.
3679 4501 3730 4555 Ei
3762 4493 3838 4549 τοί·

2334 4623 2436 4665 ,νυν
2468 4604 2613 4659 κατὰ
2644 4602 2737 4655 τὸν
2788 4601 2994 4655 σκοπὸν
3031 4600 3143 4654 τῶν
3188 4600 3475 4671 θεοφόρων
3534 4595 3757 4664 Πατάρων
3777 4586 3838 4639 τὸν

2342 4697 2506 4752 αὑτὸν
2530 4698 2664 4767 ἡμῖν
2686 4700 2895 4767 τρόπον
2937 4694 3205 4763 ἔπασχεν,
3245 4694 3296 4746 εἰ
3349 4692 3445 4746 καὶ
3481 4688 3736 4746 ἑκουσίως.
3774 4674 3838 4731 καὶ

2342 4793 2431 4845 ὅτε
2455 4790 2639 4863 ἤθελε·
2671 4789 2789 4851 πῶς
2816 4787 3095 4857 δυνάμεθα
3119 4787 3178 4839 τὸ
3202 4786 3417 4855 πάσχον
3449 4783 3603 4851 σῶμα
3627 4777 3838 4863 ἄφθαρτοξ

2344 4857 2543 4949 εἰπεέν,
2581 4884 2678 4935 καὶ
2732 4880 2808 4952 μὴ
2841 4880 3083 4950 φθαρτὸν
3132 4880 3197 4948 τῇ
3240 4875 3431 4945 φύσει,
3483 4874 3661 4942 ὥσπερ
3707 4857 3838 4922 mhi

2341 4974 2648 5044 ήμὲτερον;
2680 4971 3198 5039 Ἀνταποκρινονται
3216 4969 3274 5021 δὲ
3291 4967 3478 5029 πάλιν,
3498 4966 3574 5017 ὅτι
3596 4953 3841 5054 Ὃνμτρόπον

2350 5066 2488 5137 μετὰ
2520 5065 2620 5136 τὴν
2665 5063 2966 5117 ἀνάστασιν
3022 5060 3307 5129 ἄφθαρτον
3369 5059 3611 5124 λέγοντες
3645 5050 3696 5102 τδ
3725 5050 3843 5137 σῶξξί

2347 5130 2437 5208 τοῦ
2472 5130 2707 5224 Χριστοῦ
2731 5151 3018 5222 ὁμοούσιον
3049 5151 3180 5203 αὐτὸ
3209 5149 3404 5216 λέγετε
3452 5142 3588 5198 εἶναι
3628 5139 3756 5209 ἡμῖν.
3779 5130 3844 5183 τὸν

2348 5248 2510 5301 αὐτὸν
2540 5247 2743 5315 τρόπον
2775 5244 2869 5296 καὶ
2899 5244 3059 5311 ἡμεῖς
3079 5240 3183 5311 πρὸ
3210 5240 3306 5309 τῆς
3328 5235 3660 5293 ἀναστάσεως
3679 5224 3843 5315 Mihi"

2355 5356 2446 5391 τον
2484 5338 2757 5405 λέγοντες,
2820 5332 3108 5404 ὁμοούσιον
3162 5332 3293 5386 αὐτὸ
3328 5325 3677 5400 ὁμολογοῦμεν
3708 5313 3852 5407 εἷναι,

2367 5428 2561 5495 Ἡμεῖς
2588 5427 2644 5479 δὲ
2684 5425 2940 5494 λέγομεν,
2976 5424 3057 5475 ὅτι
3092 5423 3155 5475 Εἰ
3183 5423 3276 5475 καὶ
3305 5419 3579 5488 ἄφθαρτον
3617 5406 3851 5495 ὁμολογονσ

656 5532 762 5585 qua
815 5531 915 5571 nos
964 5530 1183 5580 sumus,
1245 5513 1324 5568 sic
1371 5522 1425 5567 et
1478 5528 1576 5567 nos
1621 5521 1744 5566 ante
1796 5514 2224 5569 resurrectiouen

2358 5537 2457 5587 μεν
2492 5519 2626 5571 αὐτὸ
2669 5516 2810 5586 μετὰ
2837 5515 2936 5586 τὴν
2972 5515 3297 5575 ἀνάστασιν,
3346 5513 3410 5564 ού
3457 5511 3522 5578 τῇ
3556 5506 3693 5574 φύσει
3728 5506 3845 5587 *εἶθ’

660 5583 835 5680 ipsum
883 5607 1291 5677 incorruptibile
1327 5615 1382 5661 ct
1434 5615 1609 5661 tamen
1652 5605 1900 5677 ejusdem
1958 5604 2224 5662 nobiscun

2355 5583 2459 5680 μεν
2486 5610 2619 5664 αὐτὸ
2654 5583 2959 5678 ἄφθαρτον,
2990 5608 3056 5677 τῇ
3084 5605 3267 5678 χάριτι
3296 5602 3379 5661 δέ.
3406 5601 3466 5655 Εἰ
3491 5600 3544 5653 δὲ
3575 5583 3842 5651 εἷποιεν,ὂτι

736 5745 926 5800 'Joan.
965 5760 1065 5811 xu,
1106 5743 1175 5797 ‘27
