4052 6292
364 450 501 514 1097

354 743 496 798 Θεοῦ
535 762 660 798 μου.

576 763 660 798 ου.

533 763 674 889 μΤοῦ
701 836 873 905 ἁγίου
915 840 1245 907 Γρηγορίου
1278 838 1381 895 τοῦ
1420 841 1741 910 Θεολόγου.

437 922 648 991 Ὀλίγαι
728 926 941 997 ῥανίδες
1015 928 1248 998 αἵματος
1316 927 1451 983 Θεοῦ
1538 930 1743 999 κόσμον
1818 929 1937 982 ὅλον

351 1013 603 1082 ὕγίασαν.

858 1109 1121 1165 Ἰουλίου
1186 1110 1435 1180 Ῥώμης.

434 1194 676 1251 Ἰουδαῐοι
736 1200 799 1254 τὸ
857 1202 1019 1272 σῶμα
1080 1202 1543 1275 σταυρώσαντες,
1608 1200 1721 1257 τὸν
1756 1204 1931 1272 Λόγον

346 1287 703 1345 ἀπέκτειναν.

530 1383 642 1437 Τοῦ
672 1384 845 1454 ἁγίου
876 1386 1180 1454 Κυρίλλου
1211 1389 1359 1443 κατὰ
1391 1389 1746 1458 Νεστορίου.

424 1473 561 1528 Θεοῦ
602 1477 662 1529 τὸ
694 1477 901 1543 πάθος,
933 1480 1069 1532 Θεοῦ
1103 1482 1131 1532 ό
1156 1481 1409 1552 σταυρὸς,
1450 1480 1586 1536 Θεοῦ
1618 1482 1920 1546 όθάνατος.

342 1568 484 1622 Θεοῦ
515 1568 548 1637 ἡ
575 1568 894 1633 ἀνάστασις.

794 1661 1140 1728 Μελίτωνος
1171 1664 1469 1731 Σάρδεων.

428 1752 490 1805 Ὀ
529 1752 656 1812 Θεὸς
686 1753 959 1805 πέπονθεν
988 1754 1090 1806 ὑπὸ
1122 1754 1303 1820 δεξιᾶς
1346 1755 1752 1827 Ίσραηλίτιδος.

416 1843 822 1914 Προδάλλονται
835 1842 888 1897 δὲ
912 1845 1003 1897 καὶ
1021 1844 1157 1899 ἀλλα
1172 1847 1343 1900 πολλά
1360 1849 1608 1902 τοιαῦτα·
1630 1851 1766 1923 πρὸς
1786 1854 1919 1905 πάν-

340 1958 412 1993 τα
430 1941 487 1993 δὲ
507 1942 643 2011 ἡμῖν
677 1942 776 2010 μία
796 1941 953 2005 λύσις
983 1941 1230 2011 ἀρκέσει,
1256 1944 1424 2015 φησὶν
1448 1947 1474 1999 ὁ
1491 1946 1754 2015 Θεολόγος
1773 1947 1918 2018 Γρη-

341 2036 549 2104 γόριος.
599 2036 798 2105 Μήπου
855 2035 948 2089 τὸν
1002 2022 1264 2106 λογισμὸν
1308 2038 1547 2109 όκλάσῃς
1599 2030 1741 2110 αἷμα
1783 2037 1919 2093 Θεοῦ

341 2128 437 2179 καὶ
472 2125 643 2188 πάθος
671 2126 909 2191 ἀκούων,
940 2129 1034 2180 καὶ
1057 2129 1307 2185 θάνατον.
1331 2129 1530 2201 Μήπου
1560 2130 1921 2202 περιενεχθῇς

340 2218 521 2278 ἀθέως
565 2217 638 2280 ὡς
664 2219 726 2270 οῦ
770 2218 1089 2289 συνήγορος.
1133 2220 1288 2272 Ἐπεὶ
1322 2221 1433 2290 γὰρ
1464 2222 1497 2292 ὴ
1526 2220 1626 2274 τοῦ
1657 2221 1789 2274 Υἱοῦ
1826 2222 1921 2277 καὶ

339 2310 478 2363 Θεοῦ
514 2310 846 2376 ὑπόστασις,
880 2313 1020 2383 αὐτὴ
1056 2313 1147 2365 καὶ
1183 2312 1280 2366 τοῦ
1316 2314 1756 2384 προσλήμματος
1788 2314 1922 2367 ύπό-

342 2418 533 2465 στασις
574 2402 820 2470 γέγονεν,
863 2402 1024 2466 αὐτὸς
1069 2403 1290 2471 λέγεται
1336 2405 1518 2460 πάντα
1559 2408 1652 2461 καὶ
1693 2408 1916 2473 δρᾶσαι,

339 2493 438 2547 καὶ
466 2492 662 2547 παθεῖν
680 2510 694 2523 θ
727 2495 823 2547 καὶ
846 2494 911 2547 τὰ
939 2494 1039 2564 μὲν
1064 2495 1183 2548 θεῖα
1206 2480 1454 2565 ἐνεργεῖν
1478 2498 1620 2551 κατὰ
1643 2501 1742 2570 τὴν
1765 2499 1919 2555 θείαν

338 2586 525 2654 φύσιν,
550 2587 617 2640 τὰ
636 2585 691 2639 δὲ
722 2586 1039 2657 ἀνθρώπινα
1068 2588 1161 2639 καὶ
1183 2590 1380 2653 ποιεῖν,
1407 2589 1500 2641 καὶ
1519 2589 1754 2660 πάσχειν
1777 2593 1920 2647 κατὰ

336 2680 439 2749 τὴν
483 2678 833 2750 ἀνθρωπίνην
873 2680 1059 2748 φύσιν.
1103 2679 1213 2733 Καὶ
1264 2680 1468 2749 ἑτέρως
1504 2682 1561 2734 δέ
1588 2699 1603 2714 ·
1652 2686 1776 2738 ἐπεὶ
1820 2685 1919 2756 μία

337 2775 448 2827 τῶν
478 2773 569 2827 δύο
592 2774 686 2827 τοῦ
706 2772 944 2845 Χριστοῦ
970 2772 1188 2840 φύσεων
1217 2772 1537 2841 ὑπόστασις,
1560 2774 1918 2834 ἀντιδιδόασιν

334 2866 596 2935 ἀλλήλαις
636 2858 798 2920 αὗται
831 2865 1079 2935 πολλαχῆ
1118 2863 1228 2917 τῶν
1266 2865 1485 2919 οἰκείων
1525 2868 1916 2938 προσηγοριῶν

333 2958 425 3011 διὰ
470 2959 569 3030 τὴν
606 2957 727 3012 καθ’
771 2959 1074 3011 ὑπόστασιν
1111 2956 1329 3023 ἕνωσιν,
1378 2957 1475 3011 καὶ
1519 2959 1618 3029 τὴν
1663 2960 1917 3015 ἐντεῦθεν

331 3051 512 3121 ἄκραν
547 3049 842 3105 οίκείωσιν.
879 3049 1036 3103 Οῦτω
1070 3049 1170 3119 μὲν
1205 3044 1298 3104 οὖν
1332 3050 1776 3122 ὲρμηνευομένου
1819 3053 1916 3107 καὶ

331 3144 597 3215 λυομένου
642 3143 734 3197 τοῦ
775 3141 1182 3214 προϐλήματος,
1227 3142 1383 3196 οὐδὲν
1426 3143 1626 3198 ἄτοπον
1674 3146 1912 3218 ἀπαντᾷ.

331 3237 494 3289 Κατὰ
522 3235 578 3289 δὲ
612 3235 711 3307 τὴν
740 3234 849 3288 τῶν
878 3233 1268 3305 Θεοπασχιτῶν
1300 3235 1596 3306 ὑπόληψιν,
1634 3238 1684 3291 εί
1721 3239 1749 3291 ό
1784 3238 1908 3304 Υἱὸς
1935 3243 1984 3304 3

332 3328 537 3393 ἔπαθε,
579 3327 674 3381 καὶ
705 3327 945 3381 ἀπέθανε
981 3328 1124 3380 κατά
1162 3327 1261 3397 τὴν
1300 3325 1450 3382 θείαν
1478 3329 1675 3383 ἑαυτοῦ
1710 3330 1914 3403 φύσιν,

332 3422 465 3481 δυὰς
492 3421 708 3489 γέγονεν
729 3420 761 3491 ἡ
787 3421 919 3488 ἁγία
934 3420 1127 3488 Τριάς,
1144 3419 1237 3471 τοῦ
1259 3419 1390 3472 Υίοῦ
1404 3422 1787 3490 ἀποθανόντος,
1819 3427 1915 3480 καὶ

329 3509 401 3583 ἦν
437 3514 545 3581 ἀρα
571 3512 703 3576 δυὰς
740 3512 901 3581 μέχρι
937 3511 1036 3580 τῆς
1070 3513 1134 3564 ὲκ
1168 3509 1382 3581 νεκρῶν
1413 3514 1767 3578 ἀναστάσεως
1800 3518 1912 3571 αύ-

328 3609 450 3660 τοῦ.
478 3607 584 3658 Καὶ
606 3605 687 3667 τίς
708 3600 907 3667 αὐτοὺς
935 3606 1035 3657 οῦκ
1057 3604 1269 3673 ἐλεήσει
1298 3603 1395 3674 τῆς
1416 3605 1677 3673 ἀμαθίας,
1710 3609 1803 3660 καὶ
1826 3625 1913 3661 το-

332 3696 540 3768 σαύτης
558 3698 845 3766 ἀγροικίας
864 3697 958 3748 καὶ
974 3694 1223 3763 ἀλογίας;
1242 3690 1371 3748 Εἶτα
1390 3695 1487 3766 τὴν
1507 3697 1606 3766 μὲν
1621 3698 1798 3769 ψυχὴν
1814 3698 1910 3753 τοῦ

327 3791 763 3860 προσλήμματος
780 3789 1047 3841 ἀθάνατον
1070 3787 1310 3855 λέγουσι,
1332 3788 1424 3840 τὸν
1449 3787 1504 3840 δὲ
1532 3790 1912 3858 προσλαϐόντα

326 3883 489 3935 τοῦτο
505 3885 637 3935 Θεὸν
656 3883 871 3953 θνητὸν,
896 3883 1136 3945 καὶτοὺς
1172 3882 1270 3950 μὲν
1290 3881 1556 3949 ἀγγέλους
1583 3882 1907 3952 ἀθανάτους,

326 3981 422 4029 τὸν
457 3977 800 4047 Δημιουργὸν
834 3977 891 4029 δὲ
924 3977 1020 4029 καὶ
1055 3976 1334 4044 Δεσπότην
1366 3973 1764 4047 αύτῶνθνητόν.
1818 3962 1821 3965 ἦ

312 4082 452 4159 ’Χρὴ
485 4091 833 4160 παραθεῖναι
862 4091 1097 4149 τούτοις
1120 4090 1271 4143 κατὰ
1300 4089 1417 4160 τοῦ,
1433 4089 1706 4158 μεγάλου
1743 4092 1907 4146 Ἀθα-

402 4158 620 4217 νιισίου
659 4164 811 4229 πρὸς
847 4161 987 4227 τοὺς
1016 4160 1313 4231 ,λέγοντας
1333 4200 1348 4225 ,
1384 4158 1473 4212 ὅτι
1504 4160 1728 4214 ἔπαθεν
1755 4163 1909 4216 ἁπα-

400 4235 511 4301 θώς
537 4238 569 4288 ό
598 4236 810 4300 Λόγος.

399 4332 534 4400 Πρὶν
592 4327 811 4382 ἀκούσω
870 4326 931 4380 τὸ
989 4326 1203 4391 ἔπαθε,
1263 4327 1455 4395 φεύγει
1510 4326 1610 4395 τῆς
1667 4325 1905 4391 διανοίας

321 4425 385 4475 τὸ
427 4424 672 4476 ἔπαθεν.
736 4419 1108 4488 Ἐπαγόμενον
1151 4416 1263 4488 γὰρ
1312 4418 1373 4471 τὸ
1411 4416 1654 4483 ἀπαθῶς
1692 4418 1792 4471 οὐκ
1842 4417 1905 4486 ἐᾷ

1279 426 2156 517 PANOPLIADOGMATICA.
2205 479 2255 487 —
2311 453 2455 516 TIT.
2506 454 2721 517 XVIII.

420 563 532 617 Τοῦ
562 565 734 632 ἁγίου
780 567 1074 635 Ἰγνατίυυ
1104 568 1443 623 ἐπισκόπου
1493 568 1887 636 Ἀντιοχείας.
1972 567 2022 625 A

444 648 672 709 Ἐἀσατέ
723 674 791 726 με
847 659 1093 731 μιμητὴν
1135 660 1395 727 γενέσθαι
1440 662 1534 716 τοῦ
1586 660 1794 723 πάθους
1845 657 1938 710 τοῦ

3491 458 3626 527 1098

2320 564 2505 621 Sancti
2548 564 2746 637 Ignotii
2791 566 3079 621 Antiochia'
3109 570 3357 636 epismpi.
3398 640 3401 643 ν

2121 653 2297 710 Sinite
2363 672 2445 709 me
2504 660 2711 711 lloinini
2768 659 2871 713 mei
2928 663 3231 715 cruciatum
3287 672 3343 715 et
3400 673 3625 719 mortem

2048 747 2266 801 imitari.

2431 840 2613 894 Sancti
2650 840 2893 912 Gregorii
2948 841 3216 913 Tlteologi.

2111 934 2302 990 Pauca:
2340 945 2507 1005 guttae
2553 934 2836 1001 sanguinis
2888 934 2983 989 Dei
3020 940 3280 993 mundum
3314 943 3625 999 sanctiﬁca-

2040 1036 2163 1079 rnnt
2199 1026 2537 1080 universum.

2494 1115 2631 1170 Julii
2673 1115 2854 1172 Roma'
2884 1118 3175 1187 ponti/icit.

2102 1205 2275 1265 Judaci
2308 1226 2504 1278 corpus
2539 1210 2943 1283 cruciﬁgentes,
2982 1210 3219 1269 Verbum
3254 1216 3589 1271 occiderunt.

2281 1391 2464 1446 Sancti
2512 1393 2701 1465 Cyrilli
2724 1394 2974 1446 adversus
3007 1391 3335 1450 Nestorium.

2101 1490 2193 1544 1)ιεί
2233 1494 2526 1558 cruciatus,
2573 1492 2663 1545 Dei
2718 1507 2873 1559 crux,
2930 1492 3019 1546 Dei
3078 1508 3246 1556 mors,
3304 1490 3393 1544 Dei
3438 1505 3619 1545 resur-

2026 1583 2214 1637 ret-tio.

2344 1676 2615 1733 .llelilattis
2647 1677 2945 1734 Sardorum
2989 1680 3248 1750 episcopi.

2094 1766 2241 1823 Deus
2271 1783 2468 1838 passus
2500 1778 2586 1826 est
2620 1786 2649 1825 a
2681 1769 2903 1827 dextera
2940 1771 3257 1828 Israelitica.

2094 1857 2373 1930 Objiciunt
2396 1871 2449 1917 et
2472 1862 2577 1916 alia
2608 1862 2773 1917 multa
2799 1862 2883 1917 his
2911 1863 3132 1927 similia,
3160 1866 3226 1919 ad
3251 1881 3371 1935 qua:
3397 1868 3613 1935 quidem

2025 1952 2204 2006 omnia
2247 1953 2573 2009 conlutanda
2610 1956 2768 2010 unica
2803 1956 2940 2011 satis
2963 1956 3074 2010 erit
3100 1959 3420 2025 responsio:
3456 1960 3614 2025 Vide,

2024 2044 2519 2118 inquitGregorins
2560 2046 2649 2102 ille
2676 2045 3005 2119 Tlteoiogus,
3045 2063 3113 2105 ne
3142 2050 3469 2120 sanguinem
3520 2053 3613 2109 Dei

2023 2149 2077 2194 et
2107 2137 2385 2194 cruciatus
2412 2139 2661 2203 audiens,
2689 2139 2798 2195 ullo
2832 2137 2993 2195 modo
3045 2143 3308 2201 rationem
3346 2144 3613 2210 inﬂectas,

2022 2244 2157 2285 neve
2216 2240 2274 2286 ut
2305 2230 2398 2284 Dei
2451 2238 2712 2300 patronus
2758 2231 2921 2301 impie
2978 2236 3272 2302 superaris.
3311 2234 3443 2291 Nam
3486 2241 3615 2307 quia

2020 2321 2143 2379 Filii
2197 2332 2253 2378 et
2311 2322 2404 2377 Dei
2455 2338 2691 2394 persona
2746 2323 2892 2381 facta
2942 2333 3031 2381 est
3088 2329 3253 2381 etiam
3320 2342 3616 2401 assumpta:

2020 2410 2204 2465 carnis
2232 2424 2485 2479 persona,
2520 2410 2638 2482 ipse
2692 2410 2889 2467 dicitur
2921 2415 3101 2468 omnia
3158 2413 3338 2472 lacere
3382 2429 3437 2471 et
3469 2420 3612 2487 pati,

2019 2508 2183 2568 atque
2239 2499 2328 2553 illa
2391 2499 2631 2570 quidem,
2682 2514 2803 2571 qua
2848 2502 3033 2559 divina
3088 2515 3241 2574 sunt,
3297 2518 3491 2564 natura
3526 2509 3614 2564 di-

2011 2591 2141 2646 vina
2209 2592 2512 2662 perlicere,
2575 2607 2637 2647 ea
2697 2608 2827 2663 vero
2880 2610 3000 2664 (pta:
3054 2605 3183 2651 sunt
3236 2598 3508 2665 humana,
3560 2615 3616 2656 et

2019 2695 2179 2750 agere
2212 2690 2266 2736 ct
2298 2681 2404 2752 pati
2461 2692 2652 2736 natura
2688 2683 2947 2739 humana.
3002 2684 3067 2739 Et
3122 2686 3282 2743 aliter
3304 2704 3325 2743 ι
3354 2690 3610 2759 quoniam

2021 2784 2125 2823 una
2156 2779 2239 2825 est
2274 2770 2499 2825 duarum
2541 2771 2742 2827 Christi
2791 2782 3113 2830 naturarum
3162 2791 3414 2847 persona,
3480 2781 3611 2852 ipsa:

2018 2864 2119 2919 sibi
2151 2865 2391 2921 vicissim
2430 2881 2558 2921 suas
2594 2881 2736 2940 saepe
2776 2871 3182 2926 communicant
3214 2876 3605 2943 appellationes

2019 2963 2241 3024 propter
2290 2971 2539 3026 personae
2592 2959 3030 3028 coniunctionem
3091 2972 3145 3018 et
3216 2980 3489 3031 summam
3539 2986 3606 3025 ex

2018 3045 2108 3099 illa
2172 3048 2655 3107 necessitudinem.
2711 3050 3074 3117 Quamobrem
3126 3056 3172 3114 si
3223 3060 3455 3128 quaestio
3526 3064 3609 3117 sic

2016 3152 2339 3211 expoliatur,
2397 3141 2599 3196 nullum
2663 3144 3066 3201 inconunollum
3119 3161 3504 3222 consequetur.
3538 3158 3608 3209 At

2018 3233 2085 3300 si,
2139 3243 2196 3288 ut
2249 3232 2665 3305 Tbeopascliitae
2715 3237 3027 3306 opinantur,
3076 3239 3246 3305 Filius
3288 3258 3384 3298 sua
3437 3246 3607 3315 ipsius

2018 3337 2216 3384 natura
2246 3326 2426 3382 divina
2478 3343 2671 3396 passus
2728 3340 2783 3385 et
2820 3342 3064 3388 mortuus
3110 3344 3215 3398 est,
3273 3335 3409 3392 Filio
3460 3354 3605 3397 mor-

2018 3429 2111 3476 tuo
2136 3414 2378 3474 Trinitas
2408 3419 2474 3473 ad
2503 3420 2822 3476 dualitatem
2857 3426 3076 3479 redacta
3106 3436 3210 3481 est.
3249 3426 3316 3483 Et
3365 3430 3601 3489 dualitas

2015 3511 2119 3567 fuit
2147 3526 2428 3582 quousque
2458 3514 2763 3570 resurrexit
2786 3530 2815 3568 a
2856 3518 3103 3573 mortuis.
3135 3519 3267 3587 Quis
3305 3522 3597 3580 absurdam

2013 3613 2070 3659 et
2132 3618 2403 3676 agrestem
2470 3606 2694 3665 istorum
2755 3608 3040 3664 stultitiam
3100 3628 3208 3668 nou
3248 3614 3596 3682 misereatur,

2016 3695 2107 3765 qui
2156 3697 2393 3753 animam
2424 3697 2642 3768 quidem
2677 3710 3013 3768 assumptam
3055 3700 3441 3770 immortalem,
3475 3722 3599 3762 eum

2016 3803 2142 3843 vero
2186 3790 2277 3859 qui
2313 3789 2454 3843 illam
2494 3791 2811 3859 assumpsit,
2870 3793 3196 3857 mortalem;
3231 3797 3451 3866 angelos
3486 3802 3594 3853 im-

2016 3880 2292 3945 mortales,
2321 3880 2634 3950 angelorum
2666 3895 2847 3938 autem
2908 3896 3312 3954 procreatorem
3375 3899 3430 3945 et
3489 3890 3601 3948 Do-

2014 3972 2217 4025 minum
2245 3972 2525 4029 mortalem
2550 3977 2840 4031 asseram?

2014 4084 2116 4159 [iis
2160 4086 2467 4159 adjicienda
2515 4098 2639 4159 sunt
2708 4105 2770 4142 ea
2826 4107 2941 4159 «μιν
2994 4092 3225 4159 linguas
3274 4098 3596 4156 Athanasius

2081 4157 2133 4209 in
2165 4173 2250 4210 eos
2289 4157 2433 4219 dicit,
2465 4160 2555 4228 qui
2601 4157 2822 4217 Verbum
2837 4157 3052 4218 ratione
3077 4157 3359 4233 impatibili
3413 4171 3599 4229 dicunt

2080 4242 2191 4281 esse
2233 4243 2467 4295 passum.

2078 4317 2383 4388 Antequam
2412 4318 2627 4372 audiam
2654 4319 2802 4387 illud,
2841 4320 3041 4378 Passus
3076 4334 3172 4391 est,
3205 4326 3592 4397 cogitationem

2006 4410 2214 4481 elfugit.
2277 4410 2410 4465 Cum
2468 4412 2611 4465 enim
2660 4411 2965 4483 adiiciant,
3030 4416 3233 4473 ratione
3289 4419 3592 4491 impatibili,

325 4518 512 4585 μένειν
565 4516 625 4568 τὸ
660 4511 851 4567 ἔπαθε.
894 4510 1092 4564 Στάσιν
1136 4512 1166 4563 ό
1204 4509 1361 4577 λόγος
1398 4509 1634 4564 ἄστατον
1658 4508 1794 4578 ἔχει.
1839 4509 1902 4561 Ei

2013 4518 2112 4557 non
2144 4504 2274 4560 sinit
2299 4505 2623 4573 consistere,
2649 4521 2851 4575 passus
2875 4518 2977 4565 est.
3007 4508 3191 4567 Oratio
3214 4522 3412 4569 statum
3435 4518 3595 4573 habet

320 4603 520 4668 ἔπαθε,
566 4602 684 4664 πῶς
714 4599 979 4665 ἀπαθῶς;
1006 4599 1066 4651 Ei
1096 4597 1325 4660 ἀπαθῶς
1344 4638 1358 4661 ,
1396 4598 1514 4669 πῶς
1549 4598 1753 4663 ἔπαθες
1783 4599 1895 4651 Λα-

2013 4595 2336 4651 instabilem.
2371 4594 2429 4651 Si
2469 4611 2662 4666 passus
2692 4609 2795 4664 est,
2856 4603 3129 4670 quomodo
3163 4605 3371 4661 ratione
3423 4607 3590 4678 impa-

319 4696 577 4766 λήσωμεν
610 4694 918 4764 ἀλαλήτως,
973 4692 1061 4747 ἵνα
1118 4690 1284 4760 νοηθῇ
1345 4691 1607 4760 ἀνοήτως
1653 4689 1761 4755 Τίς⁸
1793 4686 1900 4743 είδε

320 4791 595 4843 πίπτοντα
642 4788 949 4852 ἀπτῶτως;
1000 4785 1355 4853 ιγειρόμενον
1405 4782 1755 4852 ἀνεγέρτωςς
1804 4799 1903 4835 πο-

318 4883 523 4937 νοῦντα
553 4882 768 4943 ἀπόνως
795 4898 809 4947 ;
840 4879 1147 4951 φρονοῦντα
1179 4877 1431 4949 ἀφρόνως
1458 4894 1475 4943 ;
1517 4877 1901 4949 ὠφελούμενον

319 4973 652 5043 ἀνωφελῶς;
684 4973 949 5041 λυόμενον
977 4967 1210 5031 ἀλύτωςο
1235 4968 1324 5020 ἵνα
1346 4966 1591 5037 δέξωμαι
1614 4966 1673 5022 τὸ
1696 4965 1901 5021 ἔπαθεν

318 5065 582 5129 ἁπαθῶςς
624 5064 719 5125 Τίς
756 5064 790 5133 ἡ
834 5063 936 5132 τῆς
995 5060 1311 5132 ἀφροσύνης
1358 5059 1682 5125 ἐπίστασις,
1734 5060 1819 5121 τίς
1865 5060 1902 5124 ἡ

318 5159 418 5227 τῆς
451 5157 640 5218 ἀνοίας
679 5154 1070 5225 παραπληξία,
1111 5154 1241 5223 περὶ
1286 5150 1589 5222 μυστηρίου
1626 5151 1901 5221 φρικωδε-

319 5255 517 5306 στάτου
578 5250 764 5319 φέρειν
796 5249 863 5320 ρή
872 5263 1017 5317 ματα
1040 5247 1253 5315 γέλωτα
1279 5245 1489 5298 πλατὺν
1517 5244 1897 5315 ὲργαζόμενα;

317 5346 478 5413 λόγον
516 5342 993 5411 ἐπαγγέλλεσθαι,
1036 5342 1133 5393 και⁵
1182 5339 1407 5407 ἀλογίαν
1445 5338 1896 5408 προϐάλλεσθαι;

318 5437 615 5505 ἀπόκρισιν
642 5434 843 5487 διδόναι
865 5432 959 5485 τοῦ
989 5430 1064 5501 μὴ
1085 5430 1292 5494 δοῦναι;
1320 5429 1704 5498 ἀσαφεστέραν
1726 5428 1901 5498 ἑρμη-

316 5527 471 5579 νείαν
504 5526 768 5596 παρέχειν
802 5524 1046 5596 μείζονος
1083 5526 1318 5596 ἀπορίας
1352 5524 1568 5595 μητέρα
1596 5540 1612 5590 ;
1655 5521 1780 5587 Πῶς
1810 5523 1899 5576 ού-

315 5621 423 5682 δεὶς
462 5618 573 5671 τῶν
611 5620 785 5686 ἁγίων
812 5619 890 5687 είς
932 5616 1189 5670 τοσοῦτον
1221 5614 1355 5686 ὕψος
1398 5615 1633 5687 θεωρίας
1658 5615 1899 5687 ἀναδρα-

314 5712 462 5780 μεῖν,
482 5710 517 5781 ἢ
538 5682 712 5764 είπείν
732 5682 964 5780 ἔειῖνήθη
983 5709 1045 5762 τὸ
1066 5682 1705 5780 πολυθρτύλλητοννὲκεῖνο
1722 5682 1894 5778 ῥῆμα,

320 5793 583 5856 Ἐπαθεν”
599 5802 855 5869 ἀπαθῶς;
893 5800 1107 5861 Παῦλος
1126 5804 1154 5854 ό
1177 5802 1258 5863 είς
1286 5801 1472 5870 τρίτον
1492 5799 1720 5869 οὐρανὸν
1742 5802 1898 5856 ἀνελ-

316 5892 448 5960 θὼν,
472 5893 565 5946 καὶ
597 5891 704 5945 τῶν
729 5892 986 5962 ἀρρήτων
1011 5893 1070 5945 εν
1097 5889 1415 5962 παραδείσῳ
1440 5890 1701 5962 ῥημάτων
1726 5891 1894 5947 ἀκού-

610 5986 872 6046 Ρλτιιοι..
904 5986 1018 6045 Gn.
1065 5983 1326 6046 CXXX.

2006 4688 2143 4743 tibili
2165 4690 2189 4743 ’ί
2215 4689 2272 4744 Si
2316 4690 2524 4746 ratione
2554 4689 2856 4761 impatibili,
2886 4695 3158 4763 quomodo
3211 4711 3403 4765 passus
3460 4712 3541 4754 est
3570 4700 3594 4754 τ

2003 4781 2195 4852 Magno
2220 4783 2500 4852 loquemur
2517 4784 2775 4848 clamore,
2802 4795 2861 4838 ut
2894 4785 3208 4855 insipienter
3226 4789 3593 4860 intelligatur?

2002 4874 2134 4940 Quis
2178 4876 2308 4929 vidit
2334 4875 2567 4945 aliquem
2600 4891 2707 4931 non
2737 4877 3003 4930 labentem
3037 4877 3166 4943 labi,
3197 4894 3304 4934 non
3358 4896 3586 4953 surgen-

2004 4975 2109 5020 tem
2134 4978 2378 5036 surgere,
2413 4980 2518 5019 non
2545 4965 2886 5020 laborantem
2920 4965 3193 5034 laborare,
3234 4969 3584 5041 insipientem

2002 5072 2214 5128 sapere,
2248 5071 2351 5112 non
2391 5056 2730 5125 adjuvautem
2756 5058 2967 5127 juvare,
3005 5076 3113 5116 non
3148 5062 3448 5121 solventem
3476 5066 3592 5121 sol-

2002 5164 2148 5215 vere,
2178 5157 2236 5204 ut
2264 5149 2390 5203 illud
2419 5149 2580 5205 etiam
2605 5149 2951 5208 admittamus
2984 5168 3000 5207 :
3055 5152 3341 5225 lmpatibili
3379 5160 3590 5215 ratione

2002 5257 2194 5313 passus
2245 5242 2381 5297 est?
2442 5240 2571 5308 Quae
2625 5243 2866 5300 stultitiae
2924 5248 3235 5320 magnitudo
3293 5260 3422 5316 est,
3495 5246 3591 5321 qui

2003 5336 2196 5390 mentis
2274 5343 2506 5404 stupor,
2565 5335 2631 5391 de
2694 5340 2952 5409 mysterio
2996 5342 3230 5415 maxime
3284 5346 3592 5399 venerando

2000 5427 2389 5492 disserentem,
2423 5426 2582 5483 verba
2610 5443 2729 5498 quae
2789 5425 3059 5507 magnuui‘.
3097 5442 3350 5485 moveant
3397 5436 3589 5500 risum,

1999 5521 2400 5587 pronuntiare?
2472 5521 2738 5576 rationem
2800 5520 3018 5586 aﬂ‘erre,
3070 5536 3191 5592 qua:
3249 5531 3301 5575 te
3355 5523 3588 5580 rationis

1999 5619 2272 5682 expertem
2308 5611 2549 5667 indicet?
2609 5614 2681 5669 ita
2722 5613 3074 5683 reSpondere,
3127 5620 3187 5667 ut
3235 5611 3588 5684 insipientius

1999 5722 2150 5778 agas,
2190 5721 2351 5777 quam
2408 5705 2453 5761 si
2490 5706 2622 5761 nihil
2652 5706 2878 5761 omnino
2914 5704 3291 5775 respondeas?
3322 5706 3590 5778 interpre-

1997 5798 2260 5853 tationem
2278 5793 2497 5863 aﬂ‘erre,
2522 5810 2642 5866 quae
2667 5796 2927 5866 majorem
2960 5796 3133 5865 pariat
3153 5796 3577 5855 dubitationem!

1996 5889 2108 5947 Cur
2149 5904 2307 5947 nemo
2352 5899 2662 5947 sanctorum
2721 5889 2787 5946 ad
2838 5896 3043 5946 tantam
3110 5890 3588 5961 contemplationis

3194 5982 3268 6046 35
