4054 6286
355 468 488 536 1101

1282 473 1657 536 PANOPLIA
1704 473 2167 535 DOGMATICA.
2205 499 2274 508 —
2312 475 2460 534 TlT.
2507 474 2725 539 XVIII.

3482 473 3614 537 1102

347 584 538 656 ἕτερον
567 583 851 653 σπεύδειν,
883 588 1019 642 ἀλλά
1051 589 1233 659 μένειν
1276 589 1376 660 μὲν
1411 590 1509 659 τὴν
1537 586 1697 656 φύσιν
1729 587 1788 639 ἐν
1817 587 1930 648 τοῖς
1959 642 1960 645 η

2065 586 2286 651 nelinet,
2324 586 2440 641 hac
2491 597 2674 641 autem
2737 586 2899 641 aliam
2937 588 2991 642 in
3033 593 3247 657 partem
3297 587 3614 649 contendat,

352 673 508 737 ἰδίοις
546 676 695 740 ὅροις
720 717 734 742 ,
771 675 946 731 θέλειν
996 677 1053 730 δὲ
1096 679 1196 746 τὴν
1249 677 1506 748 βούλησιν
1551 675 1580 730 ὃ
1627 677 1828 747 πρέπει
1864 676 1932 744 τῇ

351 766 516 828 φύσει
583 768 680 820 καὶ
736 769 1019 834 σύνεστιν;
1064 766 1154 834 Ὣς
1200 769 1252 822 et
1276 787 1360 832 τις
1400 767 1528 822 ἀλλο
1583 766 1684 838 μὲν
1731 764 1935 834 ταύτην

352 857 502 926 ῑχειν
525 856 698 926 λέγοι,
725 857 854 911 ἄλλο
872 858 928 911 δὲ
951 858 1127 912 θέλειν
1158 861 1397 931 ἐκείνην,
1422 860 1606 930 μάχην
1653 856 1935 924 ἐπεισάγει

353 951 454 1001 ’καὶ¹
484 949 739 1019 πόλεμον,
769 951 871 1019 τῆς
904 950 1005 1020 μὲν
1037 951 1392 1022 ὲγχειρούσης
1426 953 1506 1014 είς
1541 952 1574 1004 ἃ
1602 949 1677 1020 μὴ
1706 950 1805 1010 δεῖ.
1839 949 1936 1017 τῆς

354 1041 411 1092 δὲ
441 1040 737 1110 δεχομένης
772 1042 874 1095 ὅσα
907 1043 984 1112 μὴ
1023 1044 1259 1113 πέφυκε.
1280 1044 1354 1094 Τὸ
1392 1043 1623 1112 πάσχειν
1671 1039 1935 1108 πεφυκὸς,

357 1131 452 1182 καὶ
471 1129 646 1191 θέλον,
673 1133 770 1184 καὶ
800 1134 877 1202 μὴ
898 1132 1050 1185 θέλον
1074 1133 1152 1200 τῷ
1181 1135 1410 1203 πάσχειν
1442 1133 1751 1194 ὑπόκειται.
1778 1131 1853 1182 Τὸ
1883 1129 1939 1182 δὲ

355 1221 452 1274 τοῦ
485 1222 717 1292 πάσχειν
746 1223 888 1277 κατά
919 1223 1080 1292 φύσιν
1115 1224 1295 1290 ἐκτὸς,
1340 1224 1443 1278 κάν
1483 1242 1568 1286 τις
1608 1226 1940 1294 συγχωρήσῃ

357 1313 420 1362 τὴ
457 1312 666 1378 θέλειν,
716 1315 855 1384 ὅπερ
901 1317 999 1386 οὐχ
1031 1311 1141 1368 οἷόν
1173 1333 1268 1379 τε,
1310 1316 1393 1379 τίς
1438 1316 1616 1368 πείσει
1661 1314 1940 1380 δέξασθαι,

359 1404 501 1474 ὅπερ
529 1406 590 1458 οὐ
640 1406 921 1474 πέφυκεν;
969 1408 1087 1460 Πᾶν
1140 1408 1295 1476 γένος
1339 1405 1493 1472 ζώων
1536 1406 1799 1476 φυλάσσει
1849 1404 1943 1457 τὸν

360 1496 461 1566 τῆς
489 1497 698 1561 οἰκείας
739 1498 927 1561 οὐσίας
957 1499 1120 1569 νόμον
1149 1499 1462 1561 ἀσάλευτον,
1503 1498 1597 1551 καὶ
1617 1497 1694 1560 ὼς
1721 1497 1945 1564 γέγονεν

364 1586 461 1639 ἀπ’
492 1587 687 1657 ἀρχῆς,
718 1587 860 1640 οὕτω
889 1588 1156 1641 διαιτᾶται
1180 1589 1266 1642 διά
1303 1587 1536 1651 παντὸς,
1581 1588 1675 1640 καὶ
1707 1583 1945 1655 οὐδαμοῦ

359 1678 424 1731 τὸ
451 1678 624 1731 θέλειν
647 1680 942 1749 ἀνατρέπει
972 1680 1071 1751 τὴν
1096 1681 1270 1744 τάξιν.
1295 1679 1415 1733 Κάν
1451 1679 1708 1749 μυριάκις
1739 1679 1948 1749 ἀνθρω-

365 1787 466 1831 πος
500 1770 630 1840 θέλῃ
665 1771 916 1838 γενέσθαι
949 1773 1174 1841 πτηνὸν,
1208 1772 1371 1842 ἀργετ
1396 1772 1466 1826 τά
1494 1771 1594 1840 τῆς
1619 1769 1946 1842 βουλήσεως,

367 1861 558 1930 ἐπειδὴ
606 1863 730 1932 νικᾷ
779 1863 846 1914 τά
902 1863 1000 1932 τῆς
1053 1863 1267 1931 φύσεως
1296 1877 1322 1896 ο

367 1952 596 2022 λογικὴν
629 1952 772 2022 ἔχειν
797 1953 857 2007 ἓν
889 1971 941 2007 τι
975 1955 1083 2008 τῶν
1122 1955 1358 2024 ἀλόγων,
1400 1955 1628 2024 γελᾶται
1662 1956 1722 2009 τὺ
1757 1955 1948 2020 θέλειν,

366 2039 430 2090 οὐ
464 2038 766 2108 πληροῦται
814 2042 874 2093 τὸ
914 2042 1092 2110 ἔργον.
1139 2039 1273 2096 Εἶτα
1318 2045 1465 2097 πάσα
1497 2045 1598 2114 μὲν
1639 2044 1804 2113 φύσις
1839 2041 1951 2112 ἔχει

369 2127 432 2179 τὸ
460 2127 832 2197 ἀτυράννητον
856 2169 870 2193 ,
908 2133 1000 2183 καὶ
1039 2132 1303 2201 κρείττων
1339 2133 1458 2186 ἐστὶ
1489 2135 1669 2202 πάσης
1710 2132 1956 2195 ἐναντίας

375 2217 705 2287 βουλήσεως,
740 2220 878 2290 μόνη
909 2220 964 2274 δὲ
997 2225 1032 2289 ἡ
1083 2223 1354 2293 ἄτρεπτος
1381 2224 1473 2277 τοῦ
1506 2223 1640 2278 Θεοῦ
1687 2224 1782 2277 καὶ
1825 2223 1958 2278 ἀθά·

373 2325 534 2371 νατος
564 2311 721 2364 οὐσία
749 2313 962 2382 δέχεται
991 2314 1246 2386 βούλησιν
1280 2317 1556 2383 ἐναντίαν,
1598 2318 1694 2372 καὶΙ
1726 2319 1958 2388 ἡττᾶται

374 2403 442 2470 τῇ
475 2403 576 2470 τῆς
615 2402 884 2476 θελήσεως
915 2407 1162 2478 ἀνάγκης
1201 2408 1265 2460 Ὢ
1295 2408 1386 2461 τοῦ
1419 2408 1732 2478 θαύματοςί
1776 2411 1807 2478 ή
1851 2411 1958 2463 πᾶ-

378 2508 482 2545 σαν
517 2493 709 2546 οὐσίαν
751 2497 809 2547 ὲν
842 2498 953 2559 τοῖς
988 2497 1211 2560 οἰκείοις
1243 2498 1388 2570 ὅροις
1423 2498 1783 2568 φυλάττουσα,
1819 2497 1959 2569 αὐτὴ

377 2581 488 2634 τῶν
515 2583 614 2652 τῆς
641 2585 912 2648 ἀπαθείας
944 2587 1086 2658 ὅρων
1118 2587 1260 2641 οὕτω
1288 2589 1487 2658 ῥαδίως
1519 2589 1817 2653 ἐξίσταται.
1851 2590 1960 2643 Καὶ

378 2673 533 2726 οὐδὲν
581 2675 831 2728 τοσοῦτον
872 2677 900 2728 ό
951 2678 1143 2741 κτίσας
1197 2677 1416 2732 ἅπαντα
1472 2679 1617 2750 ἔχει,
1671 2680 1795 2734 ὅσον
1846 2681 1960 2744 τοῖς

381 2764 642 2834 κτίσμασι
674 2768 925 2822 δέδωκεν.
977 2769 1115 2823 Οὔτε
1148 2771 1210 2823 τδ
1232 2771 1458 2826 ἔπαθεν
1494 2773 1522 2824 ό
1564 2770 1694 2834 Θεὸς
1719 2771 1957 2842 εἴρηται,

378 2856 506 2909 οὔτε
569 2859 628 2910 τὸ
672 2858 753 2924 ὡς
808 2860 1072 2930 ἠθέλησε
1116 2863 1445 2934 γέγραπται.
1507 2865 1632 2919 Ὀτι
1706 2867 1961 2936 ἐποίησεν

379 2949 485 3001 ὅσα
530 2949 792 3020 ἠθέλησεν
836 2953 1176 3024 ἀκηκόαμεν,
1215 2955 1296 3006 ὅτι
1347 2955 1406 3007 δὲ
1451 2955 1688 3021 ἔπαθεν,
1732 2956 1806 3018 ὼς
1834 2956 1963 3026 ἠθέ-

380 3040 565 3110 λησεν,
611 3042 848 3112 οὐδαμοῦ
903 3046 1328 3117 μεμαθήκαμεν.
1377 3047 1442 3100 Τί
1491 3046 1583 3100 οὖν
1634 3047 1832 3116 ἀδήλου
1873 3047 1963 3117 βε-

379 3131 613 3186 ϐαίωσιν
656 3135 717 3188 τὸ
765 3135 960 3206 ἄδηλον
997 3138 1256 3207 φέρουσις
1299 3139 1484 3192 Ταῦτα
1536 3139 1824 3210 προσθήκη
1864 3140 1963 3210 τῆς

2037 678 2131 734 sed
2169 679 2348 748 potius
2381 688 2439 731 ut
2474 688 2667 732 natura
2699 679 2936 748 propriis
2971 679 3024 733 in
3064 675 3315 732 terminis
3371 688 3610 736 maneat,

2037 770 2288 825 voluntas
2351 778 2530 824 autem
2575 770 2703 824 velit
2752 771 2897 839 quod
2958 783 3169 825 natura
3249 767 3508 824 convenit
3563 777 3618 820 et

2036 877 2342 932 congruens
2369 861 2495 916 est?
2521 859 2673 926 Quod
2731 861 2776 916 si
2831 863 2956 932 quis
2999 863 3143 918 aliud
3196 861 3344 916 illam
3388 858 3616 920 habere,

2036 955 2182 1009 aliud
2205 955 2346 1010 hanc
2375 955 2515 1011 velle
2545 954 2766 1018 dixerit,
2801 971 3035 1025 pugnam
3064 965 3121 1009 et
3181 955 3386 1009 bellum
3446 953 3619 1006 intro-

2040 1047 2224 1110 ducet,
2251 1061 2374 1101 cum
2398 1059 2454 1102 et
2478 1047 2734 1102 voluntas
2754 1060 2815 1099 ea
2847 1047 3056 1116 capiat,
3117 1062 3241 1114 quae
3294 1061 3403 1098 non
3455 1058 3620 1109 opor-

2041 1150 2137 1205 tet,
2165 1149 2219 1194 et
2253 1147 2444 1194 natura
2473 1137 2752 1204 suscipiat,
2786 1151 2909 1205 qua:
2935 1150 3040 1190 non
3093 1135 3273 1190 debet.
3325 1133 3480 1198 Quod
3530 1147 3622 1198 pa-

2041 1231 2207 1286 tiendi
2239 1240 2484 1284 naturam
2519 1229 2697 1293 liabet,
2717 1243 2812 1283 seu
2841 1228 2990 1290 velit,
3024 1241 3118 1281 seu
3154 1225 3311 1286 nolit,
3377 1223 3616 1292 patiendi

2042 1319 2337 1375 conditioni
2369 1317 2662 1374 obnoxium
2705 1327 2808 1372 est.
2871 1316 3023 1382 Quod
3049 1325 3228 1369 autem
3291 1329 3319 1366 a
3377 1312 3622 1381 patiendi

2043 1412 2354 1468 conditione
2377 1421 2572 1464 natura
2610 1419 2873 1465 remotum
2921 1420 3027 1472 est,
3052 1407 3181 1461 licet
3247 1407 3445 1474 aliquis
3495 1418 3628 1458 con-

2045 1505 2206 1560 cedat
2273 1503 2451 1566 velle,
2534 1502 2680 1570 quod
2746 1511 2924 1554 tamen
3011 1498 3126 1552 ﬁeri
3202 1497 3433 1566 nequit,
3505 1494 3630 1563 quis

2049 1596 2225 1667 ipsum
2257 1595 2506 1658 adducet,
2541 1605 2597 1648 ut
2625 1593 2887 1658 suscipiat
2916 1592 2964 1644 id
3015 1606 3045 1645 a
3097 1606 3208 1660 quo
3253 1599 3446 1643 natura
3498 1587 3632 1640 alie-

2050 1704 2177 1745 num
2200 1689 2324 1745 est?
2352 1687 2524 1745 Omne
2553 1686 2912 1740 animantium
2959 1698 3128 1753 genus
3189 1681 3443 1735 essentia
3507 1691 3633 1746 pro-

2051 1781 2183 1852 pria:
2199 1780 2370 1849 legem
2403 1787 2585 1835 servat
2635 1775 3032 1837 inviolabilem;
3070 1783 3127 1828 et
3174 1771 3628 1840 quemadmodum

1368 1863 1474 1916 κᾶν
1530 1863 1738 1934 θελήσῃ
1771 1860 1948 1933 ψυχὴν

2065 1870 2118 1926 ιι)
2147 1869 2302 1923 initio
2351 1879 2536 1922 natum
2587 1877 2696 1930 est,
2726 1867 2799 1918 ita
2852 1874 3122 1934 perpetuo
3171 1862 3342 1925 vivit,
3373 1869 3428 1914 et
3485 1858 3633 1912 nullo

2055 1969 2216 2030 pacto
2243 1957 2496 2012 voluntas
2523 1955 2772 2010 ordinem
2803 1961 2997 2010 mutat.
3039 1951 3192 2006 Licet
3219 1951 3413 2006 millies
3465 1948 3633 2001 homo

2055 2049 2187 2104 velit
2223 2049 2423 2102 habere
2449 2046 2586 2108 alas,
2627 2031 2880 2099 voluntas
2920 2052 3101 2097 tamen
3163 2040 3312 2094 illius
3349 2041 3456 2093 erit
3514 2039 3630 2091 iua-

2059 2139 2163 2194 nis.
2199 2136 2398 2192 Natura
2432 2135 2578 2189 enim
2619 2132 2866 2202 superior
2898 2140 3004 2186 est.
3046 2131 3178 2184 Item
3214 2131 3260 2185 si
3311 2128 3454 2197 quod
3522 2127 3639 2180 ani-

2058 2227 2286 2282 malium
2333 2226 2546 2280 ratione
2601 2222 2908 2286 carentium
2967 2220 3096 2274 velit
3147 2220 3386 2274 animam
3435 2218 3642 2272 habere

2063 2318 2270 2374 ratione
2321 2313 2926 2384 pmditam,voluntas
2981 2312 3104 2379 ejus
3163 2309 3478 2373 irrideatur,
3535 2325 3639 2363 non

2061 2428 2120 2467 re
2141 2410 2442 2480 expleatur.
2475 2409 2742 2463 Praterea
2772 2422 2896 2461 cum
2924 2404 3105 2460 omnis
3130 2413 3323 2458 natura
3359 2403 3525 2458 libera
3543 2403 3641 2464 sit,

2061 2503 2513 2574 praestantiorque
2541 2500 2686 2562 omni
2715 2497 2989 2556 contraria
3051 2498 3352 2559 voluntate,
3393 2494 3484 2549 Dei
3545 2509 3643 2547 na-

2063 2607 2206 2660 tura,
2233 2611 2352 2665 qute
2378 2593 2492 2650 sola
2525 2603 2609 2656 est
2639 2590 3000 2654 immutabilis
3049 2598 3106 2645 et
3157 2585 3506 2650 immortalis,
3546 2599 3643 2636 vo-

2061 2685 2329 2739 luntatetn
2356 2682 2686 2740 contrariam
2727 2679 2968 2742 habebit,
3001 2686 3056 2732 et
3082 2677 3405 2734 succumbet
3445 2673 3637 2727 volun-

2064 2777 2192 2831 tatis
2222 2773 2587 2830 necessitati?
2635 2773 2677 2826 Ο
2711 2786 2824 2828 rem
2863 2767 3278 2834 admirandam!
3319 2765 3393 2822 Ea
3431 2774 3645 2828 natura,

2062 2883 2185 2940 qua
2213 2876 2436 2922 naturas
2463 2880 2652 2922 omnes
2685 2863 2922 2935 propriis
2945 2861 3001 2918 in
3033 2860 3284 2916 terminis
3328 2867 3644 2916 conservat,

2065 2963 2178 3033 ipsa
2210 2957 2726 3028 eximpatibilitatis
2758 2953 3006 3011 terminis
3071 2952 3143 3007 ita
3197 2949 3359 3004 facile
3418 2947 3645 3009 decidit;

2072 3061 2127 3107 et
2165 3053 2259 3122 qui
2315 3066 2404 3106 res
2424 3065 2616 3106 omnes
2660 3044 2991 3117 procreavit,
3039 3058 3106 3098 ne
3168 3051 3377 3097 tantum
3428 3038 3650 3106 quidem

2069 3143 2252 3207 habet,
2283 3149 2546 3210 quantum
2584 3136 2690 3191 illis
2729 3144 2814 3190 est
2865 3132 3147 3202 elargitus.
3187 3127 3372 3198 Neque
3433 3125 3644 3179 dictum

380 3223 676 3289 ἀπονοίας,
717 3225 818 3278 οὐκ
855 3201 1138 3295 ’ἀπόδειέις
1176 3201 1454 3300 ἀληθείας.
1512 3201 1652 3282 Ἀλλ’
1686 3201 1885 3282 ἔπαθεν

2068 3245 2151 3290 est
2185 3251 2200 3288 :
2234 3201 2432 3288 Pa-ssus
2463 3239 2545 3285 est
2579 3229 2737 3283 Deus.
2769 3226 2958 3295 Neque
2991 3201 3261 3292 scriptum
3291 3228 3374 3274 est
3407 3235 3421 3270 :
3461 3215 3531 3272 Ut
3559 3231 3653 3270 ιθ·

379 3315 662 3384 Δεσπότης
695 3317 928 3386 Χριστὸς
959 3320 1101 3373 κατά
1133 3320 1230 3391 τὴν
1259 3321 1461 3392 θνητὴν
1508 3321 1707 3392 σάρκα,
1734 3319 1794 3373 οὐ
1821 3317 1962 3372 κατά

381 3406 476 3459 τὺν
504 3406 637 3462 Θεὸν
672 3410 865 3479 Λόγον.

2074 3329 2195 3382 luit.
2261 3324 2582 3380 Audivimus
2615 3336 2738 3379 eum
2793 3319 3012 3380 fecisse,
3060 3326 3400 3384 quaecunque
3457 3309 3649 3365 voluit.

2072 3414 2297 3471 Passum
2337 3422 2518 3468 autem
2547 3427 2690 3473 esse,
2717 3418 2776 3463 ut
2807 3407 2996 3472 voluit,
3032 3417 3296 3474 nusquam
3329 3399 3649 3456 didicimus.

381 3504 497 3559 Cur
525 3507 667 3572 quod
704 3507 969 3561 incertum
1009 3518 1112 3570 est,
1149 3509 1214 3563 ad
1250 3524 1360 3564 rem
1408 3508 1669 3564 incertam
1696 3508 2028 3579 probandam
2058 3507 2327 3566 aderunt?
2353 3508 2481 3561 Haec
2511 3503 2800 3559 dementiae
2828 3511 2954 3556 sunt
2980 3505 3319 3568 argumenta,
3359 3509 3469 3550 non
3502 3493 3651 3549 veri-

383 3601 517 3655 talis
557 3601 884 3655 testimonia.
919 3601 1117 3656 Passus
1148 3615 1230 3658 est
1255 3602 1506 3658 Christus
1546 3602 1831 3671 Dominus,
1863 3619 1972 3660 non
2008 3603 2290 3660 divinitate
2320 3597 2506 3669 Verbi,
2536 3598 2628 3654 sed
2658 3608 2826 3650 carne
2855 3591 3094 3650 mortali.

391 3714 503 3770 Τοῦ
530 3715 715 3769 αὑτοῦ
747 3714 898 3782 πρὸς
927 3716 1069 3781 τοὺς
1105 3715 1420 3784 λέγοντας,
1457 3717 1729 3774 Ἐπαθεν
1753 3720 1787 3774 ὁ
1819 3718 1968 3785 Θεὸς

954 3788 1144 3854 Λόγος
1185 3787 1392 3854 σαρκί.

463 3875 630 3929 Πάλιν
689 3874 921 3928 ἐνταῦθα
986 3875 1122 3927 πολύ
1181 3877 1279 3946 μὲν
1333 3877 1393 3930 τὸ
1431 3877 1667 3944 άλογον,
1723 3877 1858 3930 πολῦ
1916 3877 1974 3930 δὲ

390 3967 554 4019 πλέον
588 3966 648 4018 τὸ
687 3967 907 4022 ἄτοπον.
970 3966 1219 4034 Ἀλογίας
1257 3967 1355 4035 μὲν
1406 3968 1513 4039 γάρ
1564 3968 1742 4036 λέγειν
1792 3967 1976 4038 ἕτερον

391 4059 567 4130 ἑτέρῳ
601 4060 850 4129 πάσχειν,
869 4059 1094 4121 ἀτοπίας
1112 4059 1166 4112 δὲ
1198 4059 1256 4110 τὸ
1286 4058 1486 4112 ἔπαθεν
1514 4061 1541 4112 ό
1574 4060 1770 4128 Λόγος.
1794 4059 1972 4130 Ὅπερ

392 4152 606 4222 γυμνὸν
647 4150 1116 4222 προκαλύμματος
1153 4152 1328 4204 εἰπεῖν
1364 4150 1424 4204 οὐ
1455 4150 1797 4221 τολμῶντες,
1838 4151 1975 4219 ἐπή-

393 4259 566 4312 γαγον
622 4242 684 4295 τὸ
735 4242 955 4310 σαρκί,
1002 4243 1258 4312 καθάπερ
1293 4242 1584 4312 πρόσωπον
1638 4243 1862 4312 αἰσχρὸν
1914 4243 1975 4294 τὸ

396 4337 645 4406 ἀπρεπὲς
679 4334 772 4388 τοῦ
823 4337 1172 4406 φρονήματος
1211 4335 1416 4406 δολερῷ
1455 4335 1782 4407 προσωπείῳ
1816 4352 1977 4405 περι-

397 4429 785 4490 καλύπτοντες.
839 4428 899 4479 Εί
931 4427 958 4479 ό
1000 4427 1169 4495 Λόγος
1229 4426 1471 4490 ἔπαθεν,
1522 4424 1698 4496 ἐαυτῷ
1752 4427 1974 4480 ἔπαθεν.

2073 3718 2326 3790 Ejusdem
2356 3715 2610 3790 adversus
2623 3727 2734 3790 eos,
2776 3709 2864 3777 qui
2893 3707 3077 3758 dicunt
3105 3719 3126 3757 :
3166 3701 3367 3756 Passus
3397 3710 3472 3754 est
3517 3698 3654 3752 Deus

2598 3781 2816 3835 Verbum
2849 3792 3026 3834 carne.

2145 3880 2270 3934 Haec
2303 3891 2518 3931 rursum
2547 3873 2901 3928 vehementer
2955 3884 2984 3920 a
3035 3867 3249 3921 ratione
3306 3859 3655 3916 abhorrentia

2078 3979 2239 4038 atque
2269 3967 2528 4024 absurda.
2559 3964 2831 4023 Abhorret
2885 3959 3027 4016 enim
3084 3971 3116 4012 a
3175 3954 3390 4010 ratione
3448 3952 3653 4013 dicere,

2081 4076 2243 4118 unum
2279 4059 2386 4114 alio
2411 4057 2545 4129 pati.
2577 4052 2879 4109 Absurdum
2927 4059 3011 4105 est
3037 4056 3219 4103 autem
3274 4047 3456 4100 dicere
3522 4043 3656 4097 Ver-

2083 4156 2208 4207 bum
2255 4165 2375 4206 esse
2405 4165 2646 4220 passum.
2681 4144 2833 4210 Quod
2897 4153 3076 4199 tamen
3141 4139 3347 4194 nudum
3380 4153 3482 4190 non
3533 4144 3660 4188 sunt

2083 4243 2200 4298 ausi
2227 4241 2577 4312 pronuntiare
2613 4255 2628 4294 :
2665 4238 2846 4305 itaque
2870 4234 3198 4288 addiderunt
3226 4245 3404 4291 carne,
3437 4237 3661 4282 senten-

2085 4338 2212 4390 tiam
2243 4335 2478 4403 ineptam
2507 4342 2762 4398 tanquam
2796 4337 3003 4394 turpem
3063 4324 3254 4378 faciem
3297 4321 3474 4375 fallaci
3539 4334 3660 4387 per-

2087 4444 2220 4482 sona
2261 4435 2632 4494 contegentcs.
2659 4423 2714 4478 Si
2751 4419 2980 4476 Verbum
3038 4427 3121 4473 est
3174 4431 3418 4486 passum,
3477 4413 3660 4480 scipso

400 4521 465 4572 El
495 4519 550 4571 δὲ
579 4519 765 4588 ἕτερον
804 4518 862 4570 τὸ
895 4518 1088 4580 παθὸν,
1126 4519 1277 4570 οὐδὲν
1309 4517 1446 4588 πρὸς
1476 4522 1568 4571 τὸν
1599 4519 1791 4584 Λόγον.
1816 4519 1888 4571 Τὸ
1922 4518 1960 4570 δὲ

2087 4533 2306 4588 passum
2335 4527 2441 4580 est;
2479 4515 2562 4568 sin
2587 4514 2734 4567 aliud
2774 4525 2998 4581 passum
3051 4518 3158 4574 est,
3209 4507 3345 4562 nillil
3401 4505 3469 4558 ad
3532 4502 3666 4558 Ver-

399 4611 602 4677 λέγειν,
647 4608 708 4662 '0
743 4609 914 4675 Λόγος
947 4607 1114 4662 ἔπαθε
1154 4609 1358 4679 σαρκὶ,
1388 4609 1654 4679 ἄγραφον,
1686 4608 1976 4673 ἀνοίκειον,

399 4702 744 4766 ἀσύστατον,
781 4700 1167 4754 ἀνακόλουθον.
1221 4698 1359 4753 Οὐτε
1401 4703 1462 4753 τὸ
1517 4701 1757 4770 παθητὸν
1810 4700 1979 4770 ἑτέρῳ

400 4794 627 4860 πάσχει,
662 4790 790 4844 οὐτε
824 4793 886 4842 τδ
921 4792 1127 4855 ἀπαθὲς
1161 4791 1228 4844 δι’
1261 4791 1449 4862 ἑτέρου
1498 4791 1721 4862 πάσχει.
1764 4789 1904 4843 Οὐτε
1953 4791 1982 4844 ὁ

400 4883 578 4950 Λόγος
607 4883 850 4952 παθητὸς
896 4884 964 4953 τῇ
1012 4883 1195 4951 σαρκὶ,
1228 4882 1352 4935 οὐτε
1396 4884 1430 4953 ή
1473 4881 1609 4952 σάρξ
1642 4881 1859 4949 ἀπαθὴς
1904 4880 1982 4951 τῷ

403 4975 564 5044 Λόγῳ
586 5015 599 5038 ,
633 4974 770 5027 ἀλλά
807 4974 902 5026 καὶ
935 4973 1136 5044 η’σάρξ
1166 4974 1308 5026 κατά
1350 4973 1450 5045 τὴν
1485 4975 1692 5026 οἰκείαν
1732 4973 1894 5041 φύσιν
1924 4974 1984 5024 τὸ

405 5068 582 5130 πάθος
611 5067 918 5137 προσίεται,
947 5068 1040 5119 καὶ
1067 5066 1096 5118 ό
1126 5065 1297 5132 Λόγος
1318 5065 1622 5135 ἀχώριστον
1650 5069 1747 5138 τῆς
1779 5067 1984 5130 οἰκείας

404 5159 598 5222 οὐσίας
628 5158 742 5228 ἔχει
763 5158 824 5210 τὸ
845 5157 1074 5218 ἀπαθές.
1101 5157 1163 5210 Ei
1188 5153 1281 5209 οὖν
1302 5151 1456 5220 οὗτος
1477 5160 1546 5228 τῇ
1571 5160 1732 5228 σαρκὶ
1763 5158 1983 5227 πάσχει,

405 5255 538 5322 περὶ
557 5253 653 5320 τῆς
679 5251 877 5321 σαρκὸς
892 5251 942 5302 τί
967 5251 1032 5303 ἂν
1053 5250 1324 5318 είποιμεν;
1347 5250 1544 5320 πάσχει
1570 5250 1648 5321 τῷ
1667 5252 1848 5321 Λόγῳ,
1869 5249 1902 5320 ἦ
1922 5249 1984 5303 οὐ

406 5343 633 5412 πάσχεις
662 5343 720 5394 Εἰ
744 5343 841 5410 μὲν
863 5342 924 5392 οὐ
948 5341 1166 5410 πάσχει,
1188 5339 1360 5412 ταύτῃ
1378 5341 1438 5393 τὸ
1455 5340 1665 5404 ἀπαθὲς
1694 5340 1984 5412 ἐχαρίσθη·

408 5439 462 5491 si
485 5438 540 5489 δὲ
573 5437 796 5503 πάσχει,
817 5437 926 5488 τῶν
949 5434 1041 5488 δύο
1071 5435 1130 5488 τὸ
1148 5433 1320 5496 πάθος
1353 5435 1785 5505 κατεψηφίσατο,
1806 5433 1987 5504 εἴπερ,

2083 4615 2232 4667 bum.
2261 4610 2447 4664 Dicere
2480 4614 2660 4664 autem
2686 4604 2921 4660 Verbum
2953 4615 3078 4658 esse
3106 4613 3326 4669 passum
3348 4609 3542 4656 carne,
3562 4608 3666 4648 uec

2081 4705 2342 4771 scriptum
2375 4707 2481 4762 est,
2513 4712 2614 4752 nec
2648 4696 2947 4767 proprium,
2980 4707 3080 4746 nec
3114 4692 3352 4750 ﬁrmum,
3387 4701 3486 4740 nec
3533 4700 3668 4740 con-

2084 4804 2427 4850 sentaneum.
2462 4789 2572 4843 Nec
2631 4787 2777 4857 quod
2840 4783 3068 4855 patibile
3115 4788 3221 4844 est,
3283 4777 3392 4832 alio
3439 4776 3666 4844 patitur.

2083 4885 2197 4942 Nec
2230 4885 2374 4955 quod
2401 4881 2725 4952 impatibile,
2758 4893 2855 4947 per
2909 4873 3054 4928 aliud
3109 4873 3335 4940 patitur.
3376 4866 3486 4923 Nec
3537 4866 3671 4920 Ver-

2087 4981 2210 5036 bum
2228 4987 2314 5033 est
2345 4989 2514 5030 carne
2545 4971 2799 5042 patibile;
2822 4982 2923 5023 nec
2951 4980 3082 5021 caro
3113 4961 3432 5032 impatibilis
3465 4957 3668 5014 Verbo.

2087 5071 2194 5126 Sed
2222 5080 2276 5124 et
2304 5081 2432 5122 caro
2453 5074 2646 5120 natura
2669 5061 2885 5132 propria
2917 5058 3143 5127 patitur,
3166 5067 3223 5111 et
3256 5065 3462 5110 naturae
3490 5049 3671 5121 .Verbi

2088 5164 2374 5235 proprium
2405 5168 2512 5224 est,
2565 5168 2752 5212 utnon
2818 5156 3076 5223 patiatur.
3119 5149 3254 5204 Nam
3313 5149 3356 5204 si
3421 5144 3668 5200 Verbum

2089 5270 2254 5312 carne
2284 5253 2510 5322 patitur,
2539 5248 2666 5319 quid
2715 5245 2782 5301 de
2832 5246 2947 5314 ipsa
2987 5257 3152 5297 carne
3189 5238 3487 5296 dicemus?
3547 5250 3673 5290 eam

2092 5347 2202 5412 pati
2242 5344 2446 5406 Verbo,
2489 5357 2556 5396 an
2587 5355 2693 5395 non
2721 5335 2947 5407 pati?Si
2979 5349 3082 5389 non
3119 5333 3347 5403 patitur,
3400 5330 3449 5383 ei
3503 5329 3676 5382 dona-

2095 5453 2206 5495 tum
2235 5447 2318 5493 est
2340 5446 2398 5489 ut
2431 5449 2534 5489 non
2569 5432 2825 5502 patiatur.
2856 5427 2950 5483 Sin
2980 5427 3206 5496 patitur,
3232 5423 3340 5478 duo
3367 5421 3674 5491 patiuntur;

409 5526 596 5588 καθώς
629 5544 826 5595 φασιν,
864 5528 891 5580 ό
933 5529 1030 5596 μὲν
1073 5527 1244 5594 Λόγος
1283 5527 1482 5597 πάσχει
1516 5529 1581 5597 τῇ
1619 5528 1804 5596 σαρκὶ,
1846 5527 1880 5597 ή
1931 5526 1960 5579 δ

2093 5533 2138 5586 si
2167 5530 2406 5600 quidem,
2437 5534 2495 5580 ut
2528 5525 2628 5592 ipsi
2681 5523 2854 5585 aiunt,
2893 5518 3132 5573 Verbum
3167 5529 3331 5571 car-ne
3371 5514 3594 5583 patitur,
3623 5519 3679 5564 et

416 5618 556 5687 σάρξ
600 5620 798 5690 πάσχει
827 5619 903 5690 τῷ
934 5620 1118 5689 Λόγῳ.
1158 5618 1297 5672 Ἀλλ’
1328 5619 1456 5682 ίσως
1481 5621 1688 5689 ἐροῦσι,
1727 5618 1847 5680 Πῶς
1898 5614 1956 5670 οὐ

2094 5635 2222 5674 caro
2256 5616 2455 5687 patitur
2494 5613 2693 5668 Verbo.
2731 5613 2800 5664 At
2825 5607 3122 5677 quomodo,
3153 5605 3398 5673 inquient
3425 5602 3676 5665 lortasse,

413 5713 654 5780 είρηται,
700 5711 799 5776 Ἐξ
837 5689 925 5766 ὧν
969 5715 1001 5766 ό
1029 5711 1286 5780 Χριστὸς
1315 5712 1380 5765 τὸ
1412 5711 1562 5766 κατὰ
1591 5710 1823 5779 σάρκας
1853 5711 1960 5777 Λέγ

2098 5707 2301 5760 dictum
2332 5711 2447 5756 est:
2476 5699 2559 5754 Es:
2589 5699 2780 5769 quibus
2805 5694 3048 5748 Christus
3082 5693 3366 5749 secundum
3393 5705 3605 5744 carnem
3625 5689 3680 5743 ‘.’

417 5805 654 5875 Χριστὸν
687 5807 924 5859 παθόντα
943 5846 955 5863 .
990 5806 1086 5858 καὶ
1116 5805 1415 5878 σύνδρομον
1438 5804 1694 5874 εὑρήσεις
1731 5801 1792 5856 τὺ
1820 5801 1960 5872 δνομι

2108 5796 2203 5851 Dic
2227 5794 2507 5849 Christum
2535 5806 2656 5848 esse
2699 5797 2940 5858 passum,
2967 5795 3021 5837 et
3076 5784 3251 5839 oratio
3299 5783 3403 5836 erit
3445 5795 3679 5836 consen-

497 5931 506 5955 ‘
549 5925 702 5976 ltum.
729 5940 804 5985 ιι,
832 5924 884 5978 5.
