4052 6292
522 371 657 432 1103

1754 378 2141 443 EUTHYMII
2191 382 2549 448 ZIGABENI

3592 398 3710 463 1104

517 495 695 537 tanca.
726 482 857 538 Nam
888 484 977 553 qui
1017 484 1183 541 Deum
1220 483 1456 540 Verbum
1487 484 1639 552 dicit,
1672 489 1968 559 simplicem
1994 506 2089 545 na-

2196 491 2293 563 τῆς
2346 499 2566 567 σαρκός,
2636 497 2695 551 '0
2730 499 2828 568 μὲν
2877 496 2986 570 γὰρ
3030 500 3202 555 εἰπὼν
3255 502 3344 556 τὸν
3396 504 3517 560 Θεὸν
3552 509 3708 579 Λόγον,

518 587 693 631 turam
730 576 1013 647 signiﬁcat.
1064 576 1168 643 Qui
1203 592 1333 632 vero
1356 577 1636 632 Christum
1664 582 1927 647 nominat,
1959 583 2090 637 dua-

506 685 634 735 rum
663 669 864 725 indicat
902 678 1215 724 naturarum
1261 668 1717 736 coniunctionem.
1778 672 1955 741 Atque
2016 674 2090 728 ita

514 775 756 830 congrue
790 769 967 831 potest
994 762 1173 816 dicere
1210 778 1225 816 :
1266 761 1467 819 Passus
1504 772 1592 819 est
1659 763 1931 829 Christus,
1961 770 2090 834 quo-

516 852 661 907 niam
685 852 788 908 hoc
847 866 1041 908 nomen
1099 854 1214 909 duo
1249 854 1542 926 signiﬁcat,
1604 868 1800 925 nempe
1855 854 2086 911 Verbum

518 942 837 1012 impatibile,
901 952 957 998 et
1000 958 1221 998 carnem
1287 945 1602 1012 patibilem,
1657 960 1777 1015 quas
1861 958 2087 1000 mortem

514 1034 770 1100 gustavit.
803 1033 1030 1097 Quando
1070 1048 1168 1093 nec
1199 1035 1395 1089 Paulus
1417 1037 1553 1091 dixit
1589 1054 1603 1092 :
1636 1037 1710 1091 Ex
1743 1038 1939 1106 quibus
1994 1052 2092 1090 nu-

430 1116 433 1117 ⁷
517 1124 616 1178 dus
656 1123 829 1187 Deus,
863 1129 981 1191 sed,
1016 1142 1080 1178 ex
1117 1128 1301 1195 quibus
1354 1127 1596 1184 Christus
1630 1132 1920 1182 secundum
1972 1144 2090 1182 oar-

516 1235 652 1286 nsm,
690 1230 748 1272 ut
806 1220 1105 1276 declararet
1167 1222 1218 1275 id
1266 1224 1408 1291 quod
1474 1226 1935 1285 memoravimus,
2004 1239 2092 1279 se-

515 1313 751 1365 cundum
808 1327 1027 1366 carnem
1089 1314 1304 1381 quidem
1351 1328 1417 1368 ex
1453 1316 1734 1380 lsraelitis,
1788 1319 2087 1370 secundum

517 1402 850 1457 divinitatem
880 1417 1008 1456 vero
1034 1419 1100 1457 ex
1135 1403 1299 1459 Patre
1347 1407 1703 1475 sempiterno.
1761 1407 1877 1460 Non
1903 1407 2040 1461 dixit
2073 1414 2087 1463 ξ

518 1493 598 1547 Ex
652 1495 853 1561 quibus
908 1495 1050 1550 Dens
1113 1499 1412 1551 secundum
1464 1513 1706 1553 carnem.
1792 1500 1942 1552 Idem
2004 1500 2091 1554 dic

517 1584 701 1647 etiam,
732 1594 789 1639 et
810 1589 1169 1642 assentiemur
1226 1590 1498 1644 Christum
1535 1594 1671 1654 fesse
1734 1604 1950 1659 passum
2008 1603 2093 1644 se-

516 1676 750 1731 cundum
778 1693 1020 1735 carnem.
1078 1682 1146 1733 At
1178 1682 1223 1735 si
1276 1682 1498 1736 dixeris°
1564 1683 1763 1738 Passus
1821 1685 1918 1751 est]
1953 1683 2092 1738 Deus

515 1783 704 1833 carne,
760 1782 944 1838 aperte
1002 1774 1198 1829 doceas
1236 1787 1329 1827 me
1366 1783 1546 1827 utrum
1602 1775 1743 1829 idem
1791 1777 1860 1830 sit
1916 1775 2085 1840 Deus,

2197 586 2375 658 ἁπλῆν
2404 589 2595 642 οὐσίαν
2636 590 2908 661 ἐσήμανεν
2931 609 2947 624 ’
2982 593 3011 645 6
3055 593 3111 646 δὲ
3156 598 3713 671 προσαγορεύσαςΧρι-

2196 678 2342 742 στὸν,
2375 678 2473 751 τὴν
2494 681 2790 750 συνάφειαν
2823 683 2933 737 τῶν
2950 682 3044 738 δύο
3067 686 3279 754 φύσεων
3302 689 3606 760 ἑφανὲρωσε.
3628 696 3715 749 Καὶ

2194 770 2367 833 οῦτως
2412 771 2672 840 ἁρμόζειν
2700 773 2928 829 δύναται
2964 775 3025 829 τὸ
3061 775 3261 846 λέγειν,
3300 779 3527 849 Ἐπαθεν
3557 784 3714 852 ὀκριο-

2196 864 2340 926 στὸς,
2371 863 2459 916 διὰ
2485 862 2545 916 τὸ
2570 862 2666 935 τὴν
2692 867 3071 937 προσηγορίαν
3102 867 3305 939 ταύτην
3330 870 3395 922 τὰ
3435 870 3522 924 δύο
3550 877 3715 941 σημαί-

2194 974 2306 1009 νειν
2335 957 2473 1025 ἅμα,
2510 957 2607 1010 καὶ
2639 955 2730 1010 τὸν
2762 957 2954 1027 ἀπαθῆ
2999 958 3196 1027 Λόγον,
3245 961 3337 1013 καὶ
3374 978 3468 1032 την
3509 964 3717 1034 παθητὴν

2192 1048 2370 1117 σάρκα
2419 1049 2519 1118 τὴν
2570 1049 2872 1118 γενομένην
2927 1049 3180 1104 θανάτου.
3228 1052 3375 1103 Ἐπεὶ
3419 1053 3507 1105 καὶ
3543 1055 3716 1119 Παῦλος

2194 1138 2295 1191 οὐκ
2322 1136 2497 1203 εἶπεν,
2518 1138 2608 1205 Ἐξ
2639 1134 2712 1193 ὧν
2731 1139 2936 1209 γυμνὸς
2955 1144 2981 1193 ὁ
3007 1140 3161 1205 Θεὸς,
3186 1142 3322 1204 ἀλλ’,
3347 1143 3443 1206 Ἐξ
3459 1138 3537 1197 ὧν
3555 1148 3583 1197 ό
3608 1148 3716 1213 Χρι-

2190 1232 2342 1296 στὸς
2370 1232 2437 1284 τὸ
2474 1234 2626 1287 κατὰ
2654 1238 2872 1300 σάρκα,
2907 1237 2939 1287 ό
2967 1232 3053 1286 ὢν
3083 1234 3185 1286 ἐπὶ
3218 1233 3621 1305 πάντων-Θεὸς,
3648 1239 3717 1292 ἵνα

2191 1323 2341 1396 δείξῃ
2384 1324 2477 1377 τὸν
2515 1325 2992 1394 μνημονευόμενον
3034 1325 3173 1380 κατὰ
3212 1327 3311 1403 μὲν
3350 1326 3444 1396 τὴν
3484 1329 3641 1397 σάρκα
3669 1332 3718 1382 ἐκ

2190 1415 2298 1468 τῶν
2342 1413 2718 1483 Ἰσραηλιτῶν,
2759 1418 2899 1468 κατὰ
2931 1415 2987 1466 δὲ
3018 1415 3116 1486 τὴν
3152 1415 3383 1489 θεότητα
3412 1418 3471 1469 ὲκ
3498 1417 3583 1470 τοῦ
3619 1421 3719 1472 αἰω-

2191 1505 2305 1561 νίου
2331 1506 2565 1576 Πατρός.
2597 1506 2689 1574 Μὴ
2713 1501 2888 1571 εἶπεν,
2908 1508 2998 1571 Ἐξ
3015 1500 3089 1561 ὧν
3117 1508 3145 1560 6
3168 1507 3299 1570 Θεὸς
3322 1508 3381 1561 τὸ
3398 1509 3531 1561 κατὰ
3554 1512 3718 1577 σάρκα.

2192 1597 2266 1650 Τὸ
2324 1598 2457 1650 αὐτὸ
2501 1598 2593 1649 καὶ
2645 1598 2709 1651 σὺ
2764 1597 2910 1664 λέγε,
2976 1598 3069 1651 κα)⁵
3114 1598 3374 1668 πείθομαι
3401 1613 3416 1627 ⁶
3445 1600 3659 1652 Ἐπαθεν
3698 1603 3721 1653 6

2191 1690 2427 1761 Χριστὸς
2455 1691 2598 1744 κατὰ
2639 1692 2838 1761 σάρκα.
2871 1692 2932 1744 Ei
2963 1692 3017 1745 δὲ
3047 1691 3257 1760 λέγεις,
3289 1693 3522 1746 Ἐπαθεν
3565 1696 3591 1747 ὀ
3615 1693 3722 1756 Θεὸς

2192 1785 2258 1854 τῇ
2299 1782 2485 1851 σαρκὶ,
2522 1781 2731 1849 δίδαξον
2768 1800 2839 1852 με
2878 1783 3089 1851 σαφῶς,
3122 1787 3351 1853 πότερον
3387 1784 3567 1838 ταυτὸν
3606 1786 3722 1838 κατᾶ

515 1870 571 1916 et
594 1876 746 1924 caro,
779 1878 847 1916 an
883 1863 1025 1919 aliud
1057 1873 1219 1934 atque
1240 1866 1408 1919 aliud.
1435 1864 1570 1919 Nam
1610 1868 1657 1921 si
1690 1867 1853 1931 idem,
1892 1882 2084 1935 passus

2196 1844 2356 1945 φύσιν
2373 1844 2534 1940 Θεὸς,
2558 1844 2838 1945 καὶ-σὰρξ,
2860 1876 2893 1945 ἢ
2927 1844 3084 1943 ἄλλο,
3106 1874 3202 1930 καὶ
3226 1844 3391 1941 ἄλλος
3419 1875 3478 1928 Εἰ
3500 1876 3591 1945 μὲν
3615 1894 3722 1928 ταυ-

516 1962 595 2006 est
630 1953 769 2006 Deus
794 1953 996 2021 seipso.
1023 1954 1167 2008 idem
1192 1956 1336 2031 enim
1365 1969 1487 2010 esse
1552 1955 1714 2009 Deum
1762 1967 1817 2009 et
1863 1971 2082 2011 carnem

517 2044 737 2097 asseris.
767 2042 861 2097 Sin
896 2044 1040 2098 aliud
1069 2054 1229 2116 atque
1256 2048 1419 2113 aliud,
1456 2050 1726 2116 quomodo
1750 2048 1850 2102 hoc
1873 2049 1963 2102 illo
1997 2063 2086 2116 pa-

520 2135 670 2199 titur,
704 2149 829 2188 cum
861 2137 1045 2192 omnis
1075 2147 1270 2192 natura
1302 2139 1503 2208 seipsa,
1530 2154 1635 2194 non
1695 2140 1801 2194 alia
1848 2142 2084 2195 essentia

517 2227 787 2295 patiatur?
815 2227 985 2283 Ποιηο
1012 2243 1116 2283 non
1147 2230 1350 2300 patitur
1379 2246 1543 2301 equo,
1584 2246 1683 2287 nec
1721 2233 1899 2287 anima
1968 2249 2087 2287 mo-

517 2320 656 2373 ritur
679 2333 863 2379 carnc.
892 2319 983 2375 sed
1017 2335 1144 2377 caro
1196 2323 1412 2391 quidem
1463 2323 1711 2391 solvitur,
1733 2324 1910 2379 anima
1962 2340 2089 2380 vero

516 2411 1024 2479 separaturaliomo
1055 2420 1231 2468 autem
1262 2424 1511 2470 mortuus
1548 2430 1675 2472 esse
1701 2416 1918 2482 dicitur,
1946 2416 2087 2483 quod

517 2500 623 2555 duo
654 2502 1211 2572 signiﬁcat,-animam
1247 2505 1505 2561 nimirum
1533 2515 1589 2562 et
1611 2522 1852 2563 carnem.
1894 2508 1959 2563 Et
1999 2510 2089 2564 in-

519 2595 780 2663 telligitur
808 2606 1059 2651 mortuus
1074 2610 1136 2650 ea
1163 2607 1339 2665 parte,
1369 2612 1491 2668 qum
1554 2609 1783 2654 mortem
1841 2602 2088 2671 suscipit,

519 2684 571 2736 id
594 2695 679 2738 est
728 2700 912 2750 carne,
948 2700 1058 2740 non
1092 2697 1268 2741 autem
1308 2689 1652 2757 anima,qua:
1679 2698 1763 2744 est
1812 2690 2091 2747 immorta-

519 2772 604 2827 lis.
625 2774 735 2827 Cur
766 2774 934 2843 igitur
968 2789 1130 2831 nemo
1166 2775 1298 2831 dicit
1324 2794 1336 2829 :
1360 2775 1533 2845 Hujus
1586 2787 1679 2833 aut
1707 2778 1850 2835 illius
1910 2783 2091 2838 anima

523 2874 736 2921 mortua
763 2876 846 2922 est
868 2882 1056 2934 carne,
1094 2870 1212 2934 sed,
1238 2868 1336 2925 Hic
1396 2881 1489 2927 aut
1541 2872 1632 2926 ille
1678 2881 1928 2928 mortuus
1986 2882 2091 2941 est,

521 2958 608 3025 qui
641 2973 704 3013 ex
729 2960 907 3014 anima
933 2973 987 3014 et
1021 2975 1251 3032 corpore
1279 2964 1566 3018 constabat
1585 2964 1609 3017 ἲ
1627 2964 1894 3031 Quoniam
1925 2967 2089 3022 etiam

519 3061 642 3119 post
670 3058 896 3105 mortem
927 3053 1161 3107 animam
1180 3053 1382 3109 iudicat
1405 3055 1788 3110 immortalem.
1812 3054 2089 3127 Nusquam

523 3158 707 3197 vocem
736 3146 874 3198 hanc
906 3144 1139 3199 admittit
1170 3144 1473 3214 Scriptura,
1538 3157 1594 3202 at
1644 3147 1929 3204 Christum
1973 3164 2095 3205 esse

523 3250 739 3299 passum
792 3237 990 3307 ultique
1034 3238 1292 3305 praedicat
1322 3239 1669 3308 apertissime
1701 3259 1714 3295 :
1749 3239 1960 3295 Pascha
1999 3256 2096 3295 uo-

523 3335 693 3379 strum
727 3343 822 3393 pro
852 3330 1002 3383 nobis
1035 3330 1343 3384 immolatus
1378 3340 1455 3385 est
1494 3331 1736 3387 Christus
1762 3334 1805 3387 ί.
1849 3331 1908 3387 Si
1959 3332 2100 3401 pati—

525 3416 642 3469 bilis
698 3417 998 3485 Christus',
1061 3420 1303 3476 Christus
1332 3437 1522 3484 passus
1579 3432 1656 3479 est
1712 3440 1808 3494 pro
1869 3427 2097 3495 peccatis

525 3508 723 3560 nostris
757 3510 1049 3563 secundm
1081 3510 1385 3579 Scriptura:
1402 3515 1444 3568 ³.
1469 3514 1615 3571 Crux
1653 3516 1876 3580 Christi,
1899 3530 2096 3583 corpus

523 3595 764 3665 Christi,
800 3601 1020 3671 sanguis
1049 3602 1276 3659 Christi.
1310 3604 1591 3695 Quomodo
1617 3616 1821 3662 tantam
1879 3607 2094 3663 testium

526 3691 721 3745 nubem
770 3704 1139 3762 praetereunt,
1196 3709 1294 3752 nec
1358 3691 1830 3765 animadvertunt,
1864 3713 2095 3755 sacrum

526 3779 674 3832 illum
700 3792 1005 3837 sant-torum
1031 3783 1248 3840 Patrum
1281 3794 1481 3842 coetum
1507 3789 1560 3841 in
1633 3788 1863 3843 concilio
1882 3787 2098 3845 Nicaeno

525 3874 707 3926 statim
741 3886 861 3942 past
887 3877 977 3928 Dei
1008 3886 1061 3930 et
1091 3877 1268 3932 Putris
1296 3880 1695 3935 confessionem
1749 3881 2051 3951 subiecisse
2077 3898 2093 3937 :

528 3963 595 4017 Et
635 3966 686 4018 in
717 3982 880 4019 unum
913 3967 1193 4022 Dominum
1256 3969 1440 4025 Iesum
1487 3970 1782 4039 Christum,
1816 3974 2099 4043 deinceps-

526 4074 631 4127 que
674 4062 1055 4129 pronuntiasse
1095 4078 1216 4133 quas
1272 4064 1340 4120 ad
1380 4066 1584 4121 nudam
1634 4067 1905 4137 pertinent
1956 4069 2097 4123 divi-

527 4150 770 4215 nitatem,
823 4167 1053 4223 quaaque
1108 4155 1174 4209 ad
1234 4155 1588 4214 humanitatis
1641 4167 1933 4228 assumptus
1988 4161 2098 4216 dis-

528 4246 920 4312 pensationem,
952 4256 1202 4316 tanquam
1265 4263 1461 4304 nomen
1496 4249 1601 4304 hoc
1660 4251 1836 4306 solum
1883 4253 2099 4323 proprie

526 4335 912 4390 convenienter
949 4338 1163 4393 diversa
1197 4340 1608 4407 complectatur,
1632 4350 1689 4396 ut
1735 4344 1930 4399 beatus
1983 4346 2098 4415 ipse

525 4424 722 4480 Paulus
785 4437 1059 4482 testatur:
1117 4429 1308 4497 Nemo,
1370 4432 1644 4500 ln‘quiens,
1692 4434 2096 4501 fundamentum

2190 1969 2323 2031 τὸν,
2377 1966 2578 2020 ἔπαθεν
2629 1968 2656 2020 ὁ
2706 1966 2839 2031 Θεὸς
2877 1965 3081 2036 ὲαυτῷ’
3128 1968 3327 2020 ταυτὸν
3378 1967 3482 2036 γὰρ
3527 1966 3595 2032 τῷ
3627 1966 3726 2034 Θεῷ

2192 2060 2371 2128 λέγεις
2419 2059 2517 2130 τὴν
2560 2059 2773 2127 σάρκα’
2810 2059 2858 2112 εί
2918 2058 2974 2112 δὲ
3007 2057 3194 2129 ἕτερον
3258 2060 3354 2112 καὶ
3388 2058 3595 2129 ἕτερον,
3633 2059 3725 2120 πῶς

2191 2151 2349 2204 τοῦτο
2377 2150 2568 2219 ἐκείνῳ
2582 2149 2797 2219 πάσχει,
2820 2149 3002 2218 πάσης
3024 2147 3238 2216 φύσεως
3262 2148 3425 2217 ἑαυτῇ
3454 2146 3726 2214 πασχούσης

2194 2236 2294 2312 οὐχ
2320 2242 2482 2313 ἑτέρᾳ
2514 2240 2706 2311 οὐσίας
2733 2238 2809 2293 Οὐ
2858 2238 3057 2309 πάσχει
3094 2236 3383 2305 ἄνθρωπος
3429 2236 3590 2305 ἵππῳ.
3633 2234 3726 2288 Οὐκ

2193 2333 2527 2403 ἀποθνήσκει
2551 2330 2699 2402 ψυχὴ
2722 2329 2909 2401 σαρκὶ,
2927 2328 3063 2383 ἀλλὰ
3081 2327 3274 2382 λύεται
3300 2328 3398 2399 μὲν
3422 2327 3570 2398 σὰρξ.
3593 2324 3725 2395 χωρία

2196 2420 2347 2488 ζεται
2379 2422 2435 2473 δὲ
2467 2421 2633 2491 ψυχή.
2658 2419 2891 2488 Λέγεται
2927 2410 3007 2483 δὲ,
3038 2418 3318 2488 Τέθνηκεν
3348 2416 3644 2486 ἄνθρωπος,
3679 2412 3729 2467 τὸ

2194 2514 2305 2567 τῶν
2337 2513 2430 2566 δύο
2459 2512 2757 2582 δηλωτικὸν
2791 2513 2967 2584 ψυχῆς
3007 2511 3103 2565 καὶ
3147 2510 3355 2579 σαρκὸς
3375 2547 3391 2570 ,
3438 2510 3527 2561 καὶ
3557 2510 3727 2560 νοεῖται

2197 2605 2339 2660 κατὰ
2390 2603 2450 2657 τὸ
2498 2602 2846 2675 ἐνδεχόμενον
2899 2601 3268 2674 τεθνηκέναι,
3326 2600 3561 2653 τουτέστι
3610 2596 3729 2649 κατὰ

2196 2697 2295 2769 τὴν
2328 2696 2507 2767 σάρκα
2526 2694 2551 2761 ,⁷
2568 2697 2629 2750 οὗ
2656 2695 2797 2748 κατὰ
2822 2694 2921 2764 τὴν
2950 2694 3218 2751 ἀθάνατον
3240 2693 3441 2767 ψυχήν.
3467 2687 3730 2759 Τοιγαροῦν

2198 2788 2372 2850 οὐδεὶς
2425 2785 2580 2839 εἶπεν
2636 2785 2718 2838 ὅτι
2752 2784 2859 2838 Τοῦ
2898 2785 3067 2847 δεῖνος
3127 2785 3161 2854 ἡ
3217 2783 3370 2854 ψυχὴ
3420 2781 3629 2849 τέθνηκε
3676 2780 3729 2847 τῇ

2202 2879 2387 2951 σαρκὶ,
2428 2878 2569 2942 ἀλλ’,
2607 2876 2669 2932 Ὀ
2694 2876 2840 2930 δεῖνα
2861 2876 3145 2947 τέθνηκεν,
3168 2877 3196 2932 6
3226 2878 3295 2930 ὲκ
3323 2874 3497 2945 ψυχῆς
3532 2873 3618 2927 καὶ
3649 2870 3734 2931 σώ-

2203 2988 2372 3041 ματος
2409 2967 2721 3036 συνεστώς;
2771 2970 2883 3037 Τὴν
2922 2970 2980 3022 δὲ
3026 2968 3205 3039 ψυχὴν
3230 2969 3331 3023 καὶ
3368 2967 3504 3039 μετὰ
3539 2966 3734 3019 θάνατον

2204 3062 2428 3135 μηνύων
2470 3061 2764 3127 ἀθάνατον,
2794 3058 3034 3128 οὐδαμοῦ
3079 3060 3179 3130 τῆς
3208 3058 3439 3131 Γραφῆς
3472 3060 3504 3129 ἡ
3541 3055 3734 3122 τοιαύτη

2123 3196 2167 3255 c
2203 3159 2380 3226 φωνή.
2412 3150 2484 3208 Τὸ
2525 3153 2605 3221 δὲ,
2646 3152 2880 3221 Χριστὸς
2912 3151 3124 3253 ἐπαθεί
3164 3151 3448 3255 πανταχοῦ

2200 3248 2541 3318 κεκήρυκται
2574 3263 2588 3278 ο
2617 3245 2700 3309 τὸ,
2751 3244 2968 3314 Πάσχα
3001 3242 3172 3313 ἡμῶν
3206 3244 3368 3313 ὑπὲρ
3404 3241 3565 3312 ἡμῶν
3584 3240 3736 3305 ἐτύθη

2199 3339 2477 3409 Χριστός.
2513 3338 2585 3393 Ei
2614 3330 2883 3405 παθητὸς
2930 3341 2962 3391 ό
3013 3338 3297 3408 Χριστὸς,
3351 3333 3591 3405 Χριστὸς
3614 3328 3737 3384 ἀπέ-
3768 3402 3773 3406 ἢ

2200 3438 2384 3488 darer
2427 3429 2582 3499 ὑπὲρ
2620 3427 2741 3484 τῶν
2776 3427 3075 3499 ἁμαρτιῶν
3101 3428 3277 3498 ἡμῶν
3307 3426 3459 3484 κατὰ
3489 3429 3590 3490 τὰς
3612 3424 3653 3477 Γ
3648 3437 3738 3490 pa-

2199 3525 2338 3593 φὰς.
2390 3524 2449 3576 '0
2531 3522 2767 3592 σταυρὸς
2839 3521 2934 3575 τοῦ
2994 3520 3238 3590 Χριστοῦ
3271 3561 3288 3586 ,
3366 3522 3426 3574 τὸ
3473 3516 3604 3585 αἷμα
3659 3512 3735 3568 τοῦ

2199 3614 2461 3687 Χριστοῦ.
2522 3615 2648 3677 Πῶς
2718 3614 2974 3667 τοσοῦτον
3048 3613 3212 3682 νέφος
3287 3613 3577 3684 μαρτύρων
3652 3625 3741 3659 πα-

2203 3704 2527 3775 ρατρέχουσι
2583 3703 2659 3772 μὴ
2720 3702 3118 3772 προσέχοντες,
3187 3701 3275 3755 ὅτι
3344 3702 3440 3755 καὶ
3483 3699 3583 3753 τῶν
3622 3696 3739 3751 κατὰ

2198 3798 2435 3851 Νίκαιαν
2480 3794 2650 3863 ἁγίων
2696 3794 2955 3863 Πατὲρων
3004 3796 3032 3848 ὁ
3074 3794 3220 3863 ἱερὸς
3274 3793 3373 3847 καὶ
3407 3793 3574 3861 μέγας
3607 3790 3741 3862 χορὸς

2203 3888 2338 3958 μετὰ
2383 3888 2482 3955 τὴν
2533 3883 2627 3939 τοῦ
2680 3882 2818 3937 Θεοῦ
2851 3884 2943 3938 καὶ
3004 3885 3214 3954 Πατρὸς
3258 3883 3547 3953 ὁμολογίαν
3601 3880 3740 3940 εὐθὺς

2198 3977 2354 4044 ἔταξε
2384 3978 2444 4030 τὸ
2476 3976 2645 4043 ὄνομα
2674 3975 2768 4028 τοῦ
2798 3975 3072 4028 Δεσπότου
3106 3974 3386 4045 Χριστοῦ,
3415 3972 3510 4027 καὶ
3533 3974 3615 4037 είς
3651 3970 3739 4024 ἕνα

2199 4073 2420 4139 Κύριον
2439 4070 2670 4138 Ἰησοῦν
2689 4067 2969 4136 Χριστὸν,
3000 4063 3102 4119 εἷθ’
3119 4067 3298 4131 οὕτως
3326 4069 3595 4136 ἐπήγαγον
3619 4065 3738 4116 τάτι

2200 4163 2379 4235 ὑψηλὰ
2432 4163 2528 4232 τῆς
2575 4161 2863 4229 θεότητος,
2915 4158 2985 4211 τά
3018 4174 3075 4210 τε
3106 4158 3433 4226 οἰκονομικὰ
3478 4156 3571 4226 τῆς
3600 4149 3737 4206 αὑτοῦ

2200 4255 2622 4328 ἀνθρωπότητος
2646 4292 2661 4318 ,
2708 4253 2783 4313 ὠς
2828 4250 3019 4303 τούτου
3070 4242 3249 4317 μόνον
3281 4247 3379 4301 τοῦ
3411 4248 3653 4315 ὀνόματος
3681 4244 3741 4295 σί-

2199 4346 2363 4410 κείως
2403 4346 2497 4399 καὶ
2547 4345 2874 4413 προσφόρως
2915 4340 2984 4393 τὰ
3024 4338 3258 4408 διάφορα
3305 4337 3590 4407 δεχομένου
3623 4330 3741 4387 κατὰ

2200 4438 2299 4509 τὴν
2338 4436 2431 4490 τοῦ
2483 4435 2754 4505 μακαρίου
2793 4431 3008 4484 Παύλου
3046 4430 3252 4499 φωνήν.
3276 4430 3561 4500 Θεμέλιον
3578 4427 3742 4480 ἄλλον

525 4519 674 4570 aliud
701 4529 867 4585 potest
923 4535 1130 4587 ponere,
1186 4529 1382 4583 prater
1427 4518 1505 4587 id,
1543 4531 1682 4592 quod
1732 4526 1957 4594 positum
1997 4536 2093 4592 est,

2206 4528 2407 4593 οὐδεὶς
2427 4526 2674 4580 δύναται
2696 4524 2881 4580 θεῖναι
2898 4522 3061 4592 παρὰ
3077 4521 3182 4575 τὸν
3200 4522 3499 4591 κείμενον,
3518 4520 3579 4584 ὅς
3599 4518 3742 4571 ἐστιν

525 4610 664 4672 quod
684 4619 760 4664 est
786 4609 1028 4675 Christus
1050 4612 1207 4667 Iesus
1235 4611 1364 4668 ‘.Ne
1385 4614 1756 4683 relinquamus
1780 4615 2101 4673 fundamen-

530 4706 819 4773 tum,quod
852 4705 1032 4759 omnia
1062 4718 1190 4760 vere
1212 4706 1439 4773 suscipit
1474 4713 1700 4774 utraque
1727 4716 1938 4773 natura,
1987 4719 2098 4762 tum

526 4797 779 4864 gloriam,
807 4806 916 4849 tum
952 4799 1253 4851 cruciatum
1307 4809 1365 4852 et
1408 4807 1660 4853 mortem.
1695 4798 1751 4853 Si
1792 4798 1960 4854 Deum
2008 4814 2100 4855 so-

528 4890 898 4955 ium‘dixeris,
928 4889 1019 4943 ubi
1057 4891 1401 4946 cruciatuum
1455 4891 1755 4946 constitues
1798 4892 2099 4947 necessita-

530 4983 674 5037 tem?
695 4980 751 5036 Si
780 4982 1053 5037 hominem
1084 4984 1259 5038 solum
1294 4984 1519 5047 dixeris,
1544 4983 1635 5038 ubi
1681 4986 2098 5054 incomprehen-

525 5090 613 5129 sas
639 5073 825 5141 gloriae
853 5073 1070 5128 divitias
1092 5076 1425 5130 collocabis?
1456 5077 1526 5130 At
1575 5077 1849 5131 Christum
1919 5076 2101 5130 dicere

473 5150 479 5161 ’
529 5170 802 5233 convenit,
840 5170 931 5238 qui
969 5169 1250 5224 divinitate
1290 5171 1505 5237 quidem
1539 5172 1711 5241 gloria
1763 5169 2096 5241 perfruatur,

532 5263 873 5317 humanitate
908 5276 1039 5316 vero
1089 5262 1374 5331 conjuncta
1429 5264 1703 5320 cruciatus
1756 5272 2097 5335 mortemque

529 5355 813 5415 sustineat,
846 5364 899 5408 et
926 5352 1274 5422 inseparabili
1306 5354 1691 5420 coniunctione
1749 5371 1908 5410 omne
1942 5357 2106 5408 inira-

530 5449 708 5501 culum
745 5446 1009 5517 perﬁciat,
1041 5458 1203 5498 omne
1252 5445 1452 5499 donum
1512 5446 1759 5502 ﬁdelibus
1815 5449 2102 5518 largiatur.

536 5536 648 5591 Hoc
706 5539 864 5592 modo
896 5536 1277 5592 'et°divinitas
1309 5536 1616 5591 ostenditur
1671 5539 2005 5607 impatibilis,
2052 5548 2107 5594 et

533 5630 650 5684 veri
708 5632 983 5687 cruciatus
1029 5643 1192 5704 atque
1230 5647 1399 5698 mors,
1426 5640 1479 5688 et
1515 5647 1799 5688 commune
1828 5634 2104 5688 hominum

536 5721 745 5773 lucrum
774 5729 827 5775 ct
857 5726 1141 5792 perspicua
1205 5724 1455 5779 veritatis
1496 5725 1654 5779 ratio.

2209 4621 2447 4690 Ἰησοῦς
2476 4619 2755 4686 Χριστός.
2786 4614 2877 4686 Μὴ
2908 4614 3333 4684 καταλείψωμεν
3372 4612 3743 4697 τὸνθεμὲλιον,

2198 4714 2257 4778 ὃς
2292 4715 2511 4767 πάντων
2556 4712 2674 4765 ἐστὶ
2718 4710 2965 4773 δεκτικὸς
3027 4706 3149 4762 καθ’
3194 4705 3393 4777 ἑτέραν
3448 4707 3540 4759 καὶ
3580 4703 3743 4771 ἑτέραν

2198 4802 2395 4873 φύσιν,
2437 4800 2539 4870 τήν
2569 4817 2630 4853 τε
2650 4800 2821 4865 δόξαν
2850 4799 2911 4850 τό
2950 4815 3009 4851 τε
3042 4797 3214 4858 πάθος
3249 4796 3523 4866 ἀληθινῶς
3554 4793 3746 4863 προσιέ-

2201 4910 2385 4964 μενος.
2446 4890 2573 4945 Ἐὰν
2625 4889 2787 4960 εἴπῃς
2837 4888 2971 4942 Θεὸν
3024 4890 3223 4958 μόνον,
3272 4887 3379 4940 ποῦ
3425 4887 3533 4939 τῶν
3585 4882 3745 4936 παθῶν

2206 4984 2654 5055 ἐποικοδομήσεις
2697 4982 2797 5054 τὴν
2828 4987 3058 5053 χρείαν;
3122 4982 3246 5035 Ἐὰν
3287 4980 3452 5051 εἴπῃς
3492 4977 3744 5046 ἄνθρωπον

2210 5077 2404 5146 μόνον,
2434 5074 2537 5129 ποῦ
2590 5074 2690 5144 τῆς
2738 5073 3121 5142 ἀκαταλήπτου
3164 5072 3321 5141 δόξης
3362 5072 3631 5140 ἐπιθήσεις
3667 5068 3743 5118 τὸν

2208 5169 2472 5234 πλοῦτον;
2520 5166 2682 5218 Ἀλλὰ
2715 5166 2947 5237 Χριστὸν
2992 5165 3171 5234 λέγειν
3198 5164 3384 5229 καλὸν,
3424 5167 3490 5233 τῇ
3520 5162 3613 5229 μὲν
3648 5158 3743 5209 θεέ-

2204 5278 2329 5331 τητι
2372 5261 2471 5329 τὴν
2517 5259 2674 5328 δόξαν
2723 5259 3161 5330 καρπούμενον,’
3190 5259 3255 5327 τῇ
3294 5256 3543 5327 ἡνωμένη
3577 5253 3627 5306 δὲ
3661 5248 3740 5301 ἁν-

2205 5354 2517 5426 θρωπὸτητι
2572 5354 2632 5407 τὸ
2690 5353 2860 5416 πάθος
2909 5353 3239 5421 δεχόμενον,
3287 5350 3445 5417 τῇδὲ
3487 5344 3737 5415 ἀχωρίστῳ

2203 5450 2395 5501 ὲνῶσει
2431 5450 2539 5502 πᾶν
2572 5447 2756 5517 θαῦμα
2786 5445 3257 5517 κατεργαζόμενον
3279 5483 3293 5508 ,
3327 5444 3435 5494 πᾶν
3460 5438 3619 5506 δῶρον
3646 5433 3738 5491 τοῖς

2203 5542 2415 5603 πιστοῖς
2464 5540 2845 5612 χαριζόμενον.
2894 5538 3052 5593 Οὕτω
3097 5537 3376 5590 δείκνυται
3414 5534 3503 5585 καὶ
3539 5530 3592 5583 τὸ
3620 5525 3736 5576 Θεῖον

2203 5633 2443 5696 ἀπαθὲς,
2486 5631 2581 5686 καὶ
2604 5632 2665 5683 τὸ
2690 5628 2859 5693 πάθος
2889 5629 3167 5701 ἀληθινὸν,
3209 5626 3303 5679 καὶ
3341 5624 3449 5678 τῶν
3474 5619 3734 5691 ἀνθρώπων

2210 5724 2269 5777 τὸ
2301 5724 2488 5790 κέρδος
2525 5725 2736 5790 κοινὸν,
2784 5726 2881 5779 καὶ
2910 5727 2937 5779 6
2967 5722 3124 5792 λόγος
3150 5720 3247 5792 τῆς
3279 5718 3532 5790 ἀληθεέας
3564 5708 3732 5777 cavi};-

610 5832 628 5862 ί
656 5830 675 5884 ι
705 5832 828 5887 Cor.
857 5850 908 5901 ν,
946 5838 996 5887 7.
1075 5836 1093 5865 '
1117 5820 1238 5889 Act.
1277 5853 1427 5906 xxx-1,
1466 5836 1555 5891 ‘25.
1638 5837 1655 5867 ³
1688 5835 1707 5888 l
1736 5834 1863 5892 Cor.
1896 5855 1985 5907 xv,
2014 5840 2068 5894 ὅ.

2198 5839 2369 5895 lCor.
2414 5855 2496 5905 ιιι,
2527 5839 2610 5894 il.
