4054 6286
390 377 533 444 1109

971 487 1218 543 ΤΙΤΔΟΣ
1262 488 1394 543 KA'.

382 580 548 636 Κατὰ
577 581 1022 661 Heredum/dir
1066 583 1321 661 {spﬂgv
1341 624 1355 646 ,
1398 584 1640 652 Πύῤῥου
1659 627 1673 649 ,
1725 584 1973 661 Ilade

451 652 792 721 γεγονότων
817 652 1202 721 πατριαρχῶν
1229 657 1937 717 Κωνσταντινουπόλεως
1954 694 1970 717 ,

451 724 553 795 rat
580 723 702 795 τῶν
736 721 1170 795 (fugiendam
1194 723 1317 795 ,τῆς
1355 724 1549 793 αὐτῆς
1595 728 1974 795 συμμορίας’

452 794 552 866 καὶ
593 794 818 866 ταύτης
848 793 918 846 δὲ
942 791 1052 866 τῆς
1075 793 1361 866 αἱρέσεως
1395 798 1427 849 ό
1453 791 1973 866 (ΙέοστυῨῆξΣδυ-

452 861 897 937 ἦρος-παρέσχε
922 862 1113 937 ard/tat
1147 867 1254 930 τὰς
1291 864 1570 937 ἀφορμάς
1590 883 1605 898 ο
1653 861 1779 937 rei)“
1800 862 1975 937 ἁγίου

451 934 729 1001 Μαξίμου
765 934 838 988 ἐκ
878 933 986 988 τοῦ
1030 936 1220 1001 λόγου
1263 936 1392 999 τοῦ,
1416 936 1549 990 Ὀτι
1574 938 1687 990 οἵλκ
1717 933 1893 991 εἷποώ⁴
1920 939 1977 991 οἱ

451 1003 711 1076 Πατέρες
739 1003 837 1076 sui
869 1003 1130 1076 Χριστοῦ
1175 1006 1488 1076 ⁸ποσότητα
1522 1007 1835 1076 γνωμικῶν
1879 1012 1975 1064 θε·

453 1074 762 1142 λημὰτων,
797 1074 964 1128 ἀλλὰ
993 1074 1298 1142 φυσικῶν.

450 1163 678 1233 Θέλημά
701 1164 817 1217 ἐστι
841 1163 1071 1225 φυσικὸν
1096 1163 1332 1235 δύναμις
1354 1163 1450 1218 τοῦ
1472 1164 1616 1219 κατὰ
1634 1165 1798 1235 φύσιν
1821 1166 1975 1230 ὕντος

376 1253 682 1324 ὀρεκτικὴ,
734 1254 975 1308 καὶτῶν
1026 1255 1304 1319 οὑσιωδῶς
1346 1259 1413 1327 τῇ
1461 1257 1623 1327 φύσει
1665 1258 1975 1329 προσόντων

380 1344 684 1412 συνεκτικὴ
715 1346 937 1398 πάντων
970 1345 1300 1416 ἰδιωμάτων,
1341 1346 1463 1400 καθ’
1491 1348 1558 1419 ἢν
1588 1347 1674 1401 ἀεὶ
1703 1347 1783 1415 τῷ
1813 1348 1974 1415 φύσει

375 1433 655 1506 θελητικῷ
695 1434 756 1489 τδ
786 1436 1095 1505 πεφυκέναι
1128 1435 1306 1490 θέλειν
1347 1439 1692 1507 ἐμπέφυκεν,
1748 1438 1809 1491 οὑ
1840 1454 1973 1491 ταυ-

378 1530 477 1582 τὸν
513 1528 571 1582 δὲ
613 1528 673 1582 τὸ
718 1528 1021 1597 πεφυκέναι
1065 1527 1284 1595 θέλειν,
1326 1531 1419 1583 καὶ
1450 1530 1625 1583 θέλειν
1678 1530 1844 1594 ἐστὶν,
1898 1529 1975 1593 ὡς

375 1616 506 1673 οὑδὲ
531 1619 593 1672 τὺ
625 1620 934 1689 πεφυκέναι
972 1618 1157 1671 λαλεῖν
1184 1658 1200 1684 ,
1246 1621 1341 1671 καὶ
1369 1619 1572 1674 λαλεῖν.
1622 1621 1842 1688 ΙΙέφυκε
1874 1620 1973 1690 μὲν

379 1708 495 1783 γὰρ
519 1711 607 1766 ἀεὶ
633 1712 693 1765 τὸ
719 1711 1013 1782 λαλητικὸν
1038 1712 1244 1778 λαλεῖν,
1263 1712 1413 1765 λαλεῖ
1438 1713 1495 1766 δὲ
1516 1713 1618 1765 οὑκ
1643 1714 1751 1777 ἀεὶ,
1780 1714 1972 1783 ἐπειδὴ

376 1803 441 1856 τὸ
479 1804 582 1874 μὲν
612 1804 802 1867 οὐσίας
838 1804 956 1856 ἐστὶ
988 1804 1135 1874 λόγῳ
1170 1803 1386 1873 φύσεως
1415 1805 1795 1875 συνεχόμενον,
1826 1806 1886 1857 τὸ
1910 1805 1969 1857 δὲ

376 1893 581 1965 βουλῆς
612 1899 679 1966 τῇ
711 1894 808 1948 τοῦ
850 1894 1141 1960 λαλοῦντος
1175 1896 1399 1967 γλώσσῃ
1433 1897 1791 1968 τυπούμενον·
1827 1895 1968 1950 ὥστε

377 1987 601 2055 φύσεως
632 1988 732 2058 μὲν
753 1987 842 2041 ἀεὶ
862 1988 923 2040 τὸ
955 1988 1265 2057 πεφυκέναι
1290 1988 1495 2054 λαλεῖν,
1540 1988 1889 2051 ὑποστάσεως
1911 1986 1969 2040 δὲ

366 2077 440 2130 τὸ
467 2076 584 2139 πῶς
612 2076 812 2142 λαλεῖν,
844 2074 1034 2148 ὥσπερ
1065 2078 1161 2131 καὶ
1204 2078 1265 2130 τὸ
1298 2078 1604 2147 πεφυκέναι
1650 2078 1849 2143 θέλειν,
1877 2077 1972 2132 καὶ

375 2162 580 2223 θέλειν.
599 2167 660 2220 Et
679 2167 735 2221 δὲ
763 2167 823 2221 τὸ
848 2170 1155 2237 πεφυκέναι
1194 2168 1371 2222 θέλειν
1401 2171 1496 2223 καὶ
1520 2169 1702 2223 θέλειν
1730 2170 1829 2225 οὑκ
1853 2168 1971 2224 ἐστι

371 2260 601 2313 ταυτόνο
639 2259 702 2312 τὸ
736 2260 840 2331 μὲν
863 2262 998 2331 γὰρ,
1033 2261 1108 2324 ὡς
1139 2260 1298 2332 ἔφην,
1337 2261 1548 2327 οὑσίας,
1580 2263 1641 2316 τὸ
1671 2262 1726 2317 δὲ
1757 2245 1854 2334 τῆξ
1871 2261 1971 2317 ’τοῦ

374 2350 627 2411 θέλοντος
665 2349 909 2419 ὑπάρχει
955 2349 1150 2421 βουλῆς
1173 2367 1190 2384 ο
1239 2345 1387 2420 εἶχεν
1429 2351 1539 2423 ἄρα
1570 2351 1632 2404 τὸ
1668 2352 1973 2421 πεφυκέναι

372 2442 554 2494 θέλειν
600 2443 628 2494 ὁ
677 2441 986 2511 σαρκωθεὶς
1018 2442 1191 2511 Λόγος
1228 2442 1307 2507 ὡς
1354 2442 1646 2514 ἄνθρωπος
1685 2444 1763 2515 τῷ
1804 2440 1973 2500 αὐτοῦ

368 2534 546 2603 θεῐκῷ
602 2534 872 2604 θελήματι
920 2534 1243 2605 κινούμενόν
1319 2551 1381 2589 τε
1455 2536 1554 2590 καὶ
1609 2537 1970 2608 τυπούμενον.

372 2627 451 2679 Τὸ
482 2626 591 2696 γὰρ
622 2610 832 2680 ἐκείνου
863 2626 1041 2681 θέλειν
1070 2668 1086 2691 ,
1130 2627 1298 2698 φησὶν
1346 2629 1377 2681 δ
1428 2629 1603 2699 μέγας
1649 2629 1970 2703 Γρηγόρίοῦ

366 2719 498 2770 οὐδὲ
529 2719 851 2773 ὑπεναντίον
872 2720 950 2790 τῷ
982 2719 1124 2790 Θεῷ,
1187 2720 1390 2775 θεωθὲν
1422 2721 1564 2776 ὅλον.
1594 2723 1657 2776 Et
1691 2723 1748 2776 δὲ
1775 2722 1974 2778 τεθέω-

369 2828 459 2874 το,
501 2812 567 2881 τῇ
605 2810 701 2863 τοῦ
742 2810 994 2875 θεοῦντος
1034 2811 1281 2880 δηλονότι
1326 2814 1580 2884 συμφυΐᾳ
1614 2812 1865 2873 τεθέωτοη.
1901 2815 1975 2870 Τὸ

365 2903 432 2955 δὲ
486 2901 643 2957 θεοῦν
693 2906 789 2957 καὶ
832 2904 1126 2975 θεούμενον
1169 2905 1263 2959 δύο
1298 2908 1551 2974 πάντως,
1589 2907 1708 2962 ἀλλ’
1746 2909 1846 2981 οὐχ
1892 2908 1973 2976 ἓν,

369 2996 471 3048 καὶ
504 2997 668 3065 φύσει
721 2996 919 3050 ταυτὸν
940 3037 953 3061 ,
994 2997 1154 3068 εἴπερ
1199 2997 1309 3053 τῶν
1343 3000 1483 3070 πρός
1514 3016 1572 3054 τι
1613 3001 1674 3055 τό
1700 3018 1759 3054 τε
1793 3001 1973 3069 θεοῡν,

369 3088 470 3139 καὶ
513 3088 572 3139 τὸ
612 3087 929 3155 θεούμενον.
965 3089 1047 3142 Τὰ
1081 3088 1138 3142 δὲ
1189 3090 1326 3162 πρός
1357 3108 1410 3144 τι
1461 3094 1680 3157 πάντως
1721 3092 1975 3164 ἀλλήλοις

1343 379 1725 442 PANOPLIA
1780 379 2245 444 DOGMATICA.
2276 409 2347 418 --
2385 385 2538 448 'l‘l'l‘.
2582 388 2721 448 XXI
2744 442 2747 443 ν

2006 503 2053 551 Α

2616 392 2747 448 ἱΧΙν
3470 474 3479 483 ,
3535 392 3668 458 1110

2616 493 2915 552 TITULUS
2970 495 3092 552 XXI

2080 581 2348 663 Aduersus
2382 580 3078 663 Dionatlteletas,_8ergittnt.
3101 590 3390 663 Pyrrhum,
3416 594 3664 662 Paulum,

2154 653 2646 735 Constantinopolis
2665 653 3022 735 patriarchas,
3053 653 3287 735 aliosque
3316 653 3551 733 ejusdem
3576 653 3667 735 ge:

2152 727 2314 778 neris.
2351 726 2519 790 Atque
2554 729 2708 780 istius
2738 731 2861 782 item
2881 730 3097 785 haeresis
3132 726 3241 786 Dee
3280 726 3477 788 inuisus
3511 726 3669 790 Sevoc-

2154 810 2243 870 rtts
2266 795 2875 870 prwbuit‘occasionept.
2931 798 3115 854 Sancti
3149 803 3394 870 Maximi,
3450 821 3515 858 ea:
3544 825 3669 863 ora-

2153 865 2313 927 tione,
2333 882 2437 934 qua
2484 864 2747 932 declarat,
2784 868 2971 924 Patres
2997 889 3097 925 non
3138 874 3336 928 dixisse
3362 864 3425 929 de
3464 875 3669 931 Christo

2148 935 2484 991 voluntatum
2501 953 2658 993 sensa
2695 940 3112 1011 discrepantium
3158 946 3530 1016 quantitatem.

2155 1158 2417 1217 Voluntas
2448 1162 2713 1220 naturalis
2741 1175 2826 1222 est
2851 1167 2954 1234 vis,
2980 1181 3243 1238 appetens
3289 1172 3343 1227 id
3370 1175 3517 1243 quod
3570 1192 3669 1229 na-

2079 1263 2217 1310 tura:
2246 1257 2531 1323 convenit,
2570 1267 2766 1329 etquae
2789 1261 3035 1318 continet
3064 1277 3258 1320 omnes
3284 1268 3668 1335 proprietates,

2076 1363 2197 1417 qua:
2221 1364 2317 1418 per
2339 1350 2632 1405 essentiam
2662 1353 2865 1408 adsunt
2894 1364 3132 1418 naturae,
3159 1370 3258 1426 per
3286 1372 3449 1427 quam
3514 1374 3662 1415 sem-

2076 1455 2176 1510 per
2209 1442 2644 1497 naturat'volenti
2685 1443 2908 1500 insitum
2945 1453 3050 1511 est,
3081 1456 3140 1502 ut
3190 1450 3352 1511 velit.
3413 1450 3529 1505 Non
3580 1459 3666 1507 est

2078 1542 2259 1589 autem
2292 1533 2435 1588 idem
2465 1534 2671 1591 habere
2706 1536 2921 1593 volendi
2961 1539 3092 1602 vim,
3119 1550 3175 1593 et
3210 1540 3366 1595 velle.
3399 1540 3671 1614 Quemad-

2078 1623 2297 1679 modum
2322 1638 2426 1679 nec
2471 1623 2614 1679 idem
2654 1634 2737 1680 est
2764 1626 2963 1681 habere
2986 1626 3239 1695 loquendi
3262 1629 3393 1694 vim,
3419 1639 3471 1682 et
3505 1627 3673 1693 loqui.

2076 1713 2302 1783 Semper
2329 1713 2470 1767 enim
2502 1713 2654 1768 adest
2672 1712 2928 1782 loquendi
2961 1714 3040 1767 vis
3067 1713 3350 1777 naturalis,
3406 1716 3501 1769 sed
3564 1730 3671 1767 non

2076 1820 2295 1876 semper
2318 1803 2579 1876 loquitur.
2619 1801 2757 1857 Nam
2792 1803 2921 1858 illud
2957 1805 3208 1858 essentia:
3246 1813 3351 1869 est,
3375 1816 3429 1859 et
3449 1813 3674 1860 estcnm

2076 1897 2286 1952 ratione
2324 1903 2532 1950 natura:
2553 1894 2920 1965 coniunctum.
2959 1895 3073 1952 Hoc
3107 1909 3287 1952 autem
3313 1909 3394 1953 est
3418 1899 3673 1952 volunta-

2074 1987 2167 2057 tis,
2197 1997 2254 2043 et
2288 1997 2372 2042 est
2405 1985 2599 2056 lingua:
2628 1986 2898 2054 loquentis
2933 1988 3287 2057 impressum.
3310 1990 3673 2054 Quamobrem

2074 2076 2283 2135 naturae
2306 2078 2525 2148 quidem
2543 2086 2649 2145 est,
2686 2080 2889 2134 habere
2929 2095 3143 2148 semper
3168 2082 3386 2135 insitam
3422 2082 3675 2149 loquendi

2074 2170 2418 2236 facultatem;
2448 2183 2696 2240 personae
2726 2178 2935 2240 autem,
2965 2172 3067 2226 hoc
3094 2172 3295 2225 antillo
3319 2176 3481 2233 modo
3506 2172 3676 2240 loqui,

2073 2261 2535 2332 quemadmodum
2568 2269 2624 2315 et
2655 2260 2877 2317 insitam
2939 2264 3143 2318 habere
3189 2265 3404 2320 volendi
3436 2266 3568 2330 vim,
3622 2274 3679 2318 et

2077 2355 2179 2410 boc
2213 2363 2309 2409 aut
2360 2352 2497 2410 illud
2527 2352 2687 2409 velle.
2726 2352 2882 2420 Quod
2906 2355 2949 2409 si
2983 2371 3087 2408 non
3119 2356 3260 2411 idem
3296 2368 3399 2420 est,
3450 2368 3670 2409 natura-

2074 2443 2181 2500 lem
2211 2443 2417 2501 habere
2445 2443 2659 2499 volendi
2690 2454 3037 2514 potestatem,
3073 2455 3125 2500 et
3150 2445 3285 2500 velle
3313 2464 3326 2500 :
3357 2446 3487 2501 illud
3510 2448 3675 2511 υιιίιει,

2074 2547 2136 2593 ut
2168 2536 2423 2603 diximus,
2455 2542 2542 2593 est
2575 2536 2850 2602 essentite,
2881 2534 2982 2590 hoc
3015 2548 3199 2590 autem
3234 2548 3319 2592 est
3343 2538 3512 2609 ipsius
3581 2553 3675 2593 vo-

2076 2628 2239 2686 lentis
2268 2628 2482 2688 consilii
2512 2645 2527 2683 :
2564 2628 2755 2684 habuit
2784 2628 2970 2697 utique
2997 2629 3302 2683 naturalem
3329 2630 3542 2689 voleudi
3568 2632 3678 2687 vim

2075 2720 2320 2778 Verbum
2366 2734 2534 2776 carne
2592 2721 2862 2784 indutum,
2916 2732 2973 2774 ut
3005 2722 3190 2785 homo,
3244 2721 3443 2776 divinae
3504 2723 3679 2792 ipsius

2074 2813 2342 2870 voluntati
2398 2813 2839 2870 consentientem
2895 2823 2951 2866 et
3011 2815 3358 2883 impressam.
3418 2812 3678 2868 Voluntas

2075 2906 2221 2962 enim
2252 2905 2393 2975 eius,
2424 2912 2487 2961 ut
2517 2919 2746 2976 magnus
2786 2905 2863 2960 ait
2908 2902 3228 2973 Gregorius,
3286 2920 3392 2959 non
3436 2915 3520 2959 est
3570 2905 3679 2959 Deo

2076 3000 2522 3065 contraria,cum
2560 3007 2670 3054 tota
2699 2999 2769 3053 sit
2817 2997 3002 3053 divina
3039 2998 3271 3053 reddita.
3308 2997 3459 3053 Talis
3489 3008 3677 3053 autem

2077 3090 2271 3148 effecta
2288 3098 2373 3146 est
2399 3103 2623 3161 propter
2649 3090 3090 3160 conjunctionem
3122 3090 3289 3157 illius,
3345 3090 3440 3160 qui
3499 3090 3671 3159 ipsam

370 3179 797 3247 συνεισάγεσθαι
843 3180 1094 3249 πέφυκε,
1142 3180 1238 3235 καὶ
1287 3181 1504 3255 θατέρῳ
1540 3185 1974 3240 ουνεπινοεῖσθαι

2081 3180 2319 3235 divinam
2355 3179 2560 3235 eﬂ‘eeit.
2597 3177 2754 3244 Quod
2783 3188 2964 3233 autem
3002 3178 3250 3233 divinum
3306 3178 3391 3246 fit,
3425 3189 3480 3233 et
3533 3180 3678 3247 quod

367 3270 626 3340 θάτερον.
666 3271 777 3325 Καὶ
819 3274 945 3340 μετ’
980 3271 1162 3341 ὀλίγα·
1198 3269 1358 3345 Εῐχεν
1379 3271 1474 3329 οὖν
1502 3274 1714 3347 θέλημα
1743 3277 1972 3347 φυσικὸν

369 3362 450 3424 ὡς
484 3362 770 3431 ἄνθρωπος
809 3365 838 3416 ὁ
868 3363 1099 3433 Σωτὴρ,
1145 3364 1224 3436 τῷ
1270 3366 1435 3420 αὑτοῦ
1484 3367 1653 3439 θεῖκῷ
1698 3368 1973 3442 θελήματι

369 3455 739 3525 τυπούμενον,
765 3457 867 3509 οὑκ
894 3459 1337 3526 ἐναντιούμενον.
1382 3458 1553 3513 Οὐδὲν
1578 3462 1686 3531 γὰρ
1710 3461 1974 3534 ἠναντίω-

369 3561 467 3598 catt
498 3548 820 3600 παντάπασι
849 3546 969 3617 Θεῷ
999 3551 1252 3618 φυσικὸν,
1276 3549 1480 3603 ὁπόταν
1510 3550 1638 3603 οὗτε
1670 3551 1970 3623 γνωμικὸν,

371 3638 506 3689 ενθα
561 3641 657 3692 καὶ
706 3641 1036 3710 προσωπικὴ
1079 3640 1367 3712 θεωρεῖται
1415 3642 1718 3714 διαίρεσις,
1790 3643 1972 3716 ἄνπερ

378 3725 419 3805 ᾖ
452 3732 594 3783 κατὰ
629 3732 794 3800 φύσιν
818 3774 832 3797 ,
870 3734 993 3784 ἐπεὶ
1022 3732 1114 3785 τὸν
1147 3736 1382 3807 ποιητὴν
1418 3738 1691 3791 αἰτιατέον
1731 3755 1972 3811 πεποιη-

374 3825 516 3876 κότα
542 3825 605 3876 τὸ
637 3824 800 3892 φύσει
837 3824 1170 3895 μαχόμενον.
1207 3827 1331 3889 Πῶς
1366 3829 1423 3881 δὲ
1455 3830 1654 3897 γέγονε
1691 3830 1814 3885 κατ’
1843 3832 1974 3903 ἀλή-

374 3914 533 3967 θειαν
568 3916 858 3986 ἄνθρωπος
907 3917 1215 3989 σαρκωθεὶς
1266 3920 1295 3972 ὁ
1346 3918 1561 3988 Λόγος,
1606 3920 1701 3973 τοῦ
1740 3922 1974 3992 μάλιστα

376 4006 482 4077 τὴν
514 4007 678 4076 φύσιν
703 4009 779 4071 ὼς
812 4008 1041 4080 λογικὴν
1078 4012 1581 4083 χαρακτηριζοντος
1620 4013 1828 4084 ἔρημος
1859 4012 1971 4079 ὦνς

374 4098 453 4152 Τὸ
476 4100 586 4169 γὰρ
608 4099 707 4168 τῆς
732 4102 851 4153 κατ’
876 4099 1064 4170 ἔφεσιν
1094 4100 1386 4173 ὁρεκτικῆς
1413 4103 1785 4176 ἐστερημένον
1817 4106 1976 4177 κινή-

378 4209 556 4254 σεως,
607 4194 704 4245 καὶ
762 4194 944 4264 πάσης
991 4194 1231 4266 ζωτικῆς
1284 4194 1569 4268 δυνάμεως
1617 4198 1975 4269 ἀμοιρήσειεν

379 4284 469 4339 ἄν.
506 4283 580 4335 Τὸ
626 4284 683 4337 δὲ
739 4283 979 4354 ζωτικὴν
1032 4284 1134 4338 οὑκ
1194 4284 1317 4357 έχον
1368 4288 1433 4339 έκ
1479 4287 1696 4357 φύσεως
1746 4288 1976 4360 δύναμιν

376 4376 502 4428 οὑδὲ
553 4374 654 4446 τὴν
720 4375 939 4429 οιανοῦν
991 4374 1236 4446 δηλονότι
1305 4376 1508 4449 ψυχήν.
1577 4377 1789 4432 Οὐκοῦν
1843 4380 1973 4452 ψιλῇ

381 4464 671 4536 μορφώσει
715 4466 916 4535 σαρκὸς
952 4464 1052 4536 τὴν
1092 4466 1411 4536 οἰκονομίαν
1460 4467 1808 4536 έφάντασεν,
1858 4468 1975 4522 ἀλλ’

2081 3272 2325 3327 divinum
2362 3268 2514 3334 facit,
2548 3270 2654 3325 duo
2679 3270 2839 3338 plane
2872 3276 3024 3335 sunt,
3060 3280 3115 3341 et
3162 3285 3269 3322 non
3304 3284 3473 3324 unum
3514 3280 3680 3337 atque

2083 3362 2223 3418 idem
2260 3372 2474 3417 natura.
2507 3358 2787 3430 Siquidem
2820 3360 2873 3416 id
2922 3361 3066 3431 quod
3100 3360 3343 3417 divinum
3407 3360 3562 3427 facit,
3625 3371 3681 3415 et

2082 3452 2227 3522 quod
2258 3454 2499 3508 divinum
2524 3452 2779 3519 elIicitur,
2807 3462 2935 3509 sunt
2965 3468 3033 3508 ex
3056 3469 3246 3508 eorum
3281 3470 3529 3516 numero.
3553 3472 3674 3524 qua:

2083 3544 2153 3598 ad
2186 3543 2389 3614 aliquid
2423 3544 2757 3599 referuntur.
2794 3543 2929 3612 Qum
2960 3554 3142 3600 autem
3198 3555 3329 3601 sunt
3377 3548 3671 3617 ejusmodi,

2087 3650 2215 3691 sese
2240 3638 2739 3704 mutuoinducunt,
2780 3644 2836 3691 et
2856 3651 2921 3692 ex
2952 3651 3058 3692 uno
3111 3638 3344 3693 alterum
3387 3640 3675 3709 cogitatur.

2080 3726 2149 3782 Et
2188 3730 2344 3798 paulo
2375 3737 2497 3799 post
2528 3727 2813 3786 :Habebat
2859 3728 3026 3802 igitur
3060 3730 3392 3786 voluntatem
3456 3744 3679 3787 natura-

2082 3819 2184 3872 leur
2210 3818 2489 3885 Servator,
2518 3830 2577 3875 ut
2600 3820 2786 3887 homo,
2815 3835 2936 3891 qua:
2959 3827 3139 3875 tamen
3164 3819 3356 3875 divinas
3372 3820 3542 3890 ipsius
3571 3838 3678 3875 vo-

2082 3910 2277 3964 luntati
2300 3912 2380 3965 sic
2406 3923 2524 3966 erat
2542 3913 2829 3982 impressa,
2860 3921 2918 3966 ut
2944 3912 2994 3967 ei
3021 3927 3128 3967 non
3159 3924 3506 3983 repugnaret.
3530 3913 3679 3969 Nihil

2081 4001 2227 4055 enim
2257 4002 2504 4058 naturale
2529 4003 2849 4058 adversatur
2871 4002 3007 4070 Deo,
3036 4006 3254 4064 cum-ab
3285 4004 3376 4060 illo
3427 4019 3495 4061 ne
3549 4021 3677 4062 sea-

2084 4091 2258 4146 tentia
2282 4092 2497 4162 quidem
2526 4094 2820 4162 discrepet.
2864 4095 2958 4150 ubi
2984 4106 3038 4150 et
3090 4110 3337 4165 persona:
3398 4098 3679 4152 distinctio

2083 4187 2489 4253 consideratur,
2523 4189 2793 4257 siquidem
2812 4189 2887 4245 sit
2903 4192 3199 4246 secundum
3229 4201 3508 4247 naturam.
3528 4193 3680 4249 Alio-

2085 4277 2390 4349 qui0pil‘ex
2439 4281 2556 4351 ipse
2625 4282 2966 4338 accusandus
2998 4290 3168 4349 esset,
3191 4282 3235 4339 si
3294 4281 3518 4351 fecisset
3573 4289 3675 4338 ali-

2084 4368 2241 4442 quid,
2273 4373 2415 4441 quod
2456 4381 2653 4427 natura
2691 4387 2879 4430 secum
2913 4384 3206 4446 pugnaret.
3237 4376 3528 4443 Quomodo
3580 4396 3681 4433 au-

2088 4473 2194 4517 tem
2235 4463 2470 4519 Verbum
2530 4481 2698 4522 carne
2761 4477 3041 4537 assumpta
3096 4483 3224 4529 vero
3271 4469 3480 4525 factum
3532 4481 3682 4527 esset

377 4556 443 4609 οὑ
480 4558 642 4624 φύσιν
681 4558 882 4626 σαρκὸς
930 4557 1135 4628 νοερῶς
1192 4573 1255 4610 τε
1293 4560 1390 4610 καὶ
1428 4558 1661 4627 λογικῶς
1702 4561 1974 4630 ὲνεψυχωε-

2086 4555 2269 4623 homo,
2306 4559 2349 4614 si
2379 4575 2445 4614 eo
2476 4561 2619 4631 quod
2644 4568 2893 4616 naturam
2929 4568 2989 4617 ut
3016 4563 3230 4622 ratione
3288 4565 3578 4634 praeditam
3625 4565 3678 4618 in

384 4650 558 4721 μένην
604 4649 729 4703 καθ’
766 4649 1072 4704 ὑπόστασιν
1122 4650 1435 4721 σαρκωθεὶς
1474 4653 1504 4705 ό
1546 4651 1723 4720 Λόγος
1765 4654 1978 4725 πεπλή-

386 4758 568 4812 ρωκε,
617 4741 833 4810 θέλημα
868 4741 1101 4809 φυσικὸν
1137 4743 1279 4796 κατὰ
1305 4741 1543 4813 Σευῆρον
1583 4742 1685 4796 οὑκ
1724 4742 1863 4814 ἔχων
1904 4745 1978 4810 ὡς

383 4836 694 4906 ἄνθρωπος.
742 4835 805 4886 Ei
843 4834 951 4905 γὰρ
988 4832 1207 4904 φυσικῷ
1248 4834 1517 4906 θελήματι
1564 4834 1687 4889 κατ’
1718 4835 1981 4907 ἀλήθειαν

384 4930 463 4990 ὼς
492 4928 779 4998 ἄνθρωπος
820 4922 888 4999 ἦν
930 4926 1178 4995 ἐλλιπὴς,
1220 4926 1425 4989 τέλειος
1467 4927 1592 4981 κατ’
1623 4927 1879 4999 ἀλήθειαν
1916 4930 1978 4983 οὑ

385 5024 612 5089 γέγονεν
642 5021 927 5090 ἄνθρωπος
948 5060 964 5084 ,
1005 5019 1117 5074 οὐδ’
1147 5019 1285 5082 ὅλως
1317 5019 1606 5091 ἄνθρωπος
1635 5025 1851 5091 γέγονε.
1883 5024 1981 5089 Τίς

385 5115 498 5183 γὰρ
529 5111 753 5174 ἀτελοῦς
801 5110 1019 5181 φύσεως
1060 5110 1329 5181 ὓπαρξις,
1359 5106 1421 5181 ἧς
1477 5112 1600 5165 οὑδὲ
1637 5113 1793 5182 λόγος
1821 5115 1978 5185 sati;

385 5206 595 5268 Σκοπὸς
622 5204 715 5257 οὖν
756 5204 894 5273 Σευή
905 5220 986 5274 ρῳ
1006 5244 1023 5269 ,
1065 5202 1160 5255 καὶ
1200 5205 1319 5267 τοῖς
1349 5203 1489 5275 ἀμφ’
1519 5205 1684 5260 αὑτὸν
1716 5206 1807 5261 διά
1837 5225 1979 5273 τινος

385 5299 606 5360 πάντως
635 5296 927 5366 ἐλλείψεως
969 5297 1206 5365 φυσικῆς
1233 5297 1335 5365 τὴν
1373 5298 1823 5370 προσληφθεῖσαν
1856 5301 1979 5355 καθ’

385 5390 583 5445 ἕνωσιν
630 5388 871 5459 ἄρρητον
912 5386 1221 5452 έξώσασθαι
1254 5389 1443 5459 φύσιν,
1467 5392 1567 5463 τῆς
1609 5409 1670 5447 τε
1704 5396 1981 5459 Μάνεντος

386 5477 690 5548 φαντασίας
712 5516 728 5541 ,
772 5476 864 5530 καὶ
899 5477 997 5545 τῆς
1034 5476 1449 5550 Ἀπολλιναρίου
1483 5482 1802 5554 συγχύσεως
1824 5523 1839 5547 ,
1888 5486 1982 5538 καὶ

384 5569 489 5638 τῆς
519 5567 795 5639 Εὑτυχοῦς
839 5574 1252 5635 συνουσιωσεως
1300 5574 1644 5643 ἐπικυρῶσαι
1690 5576 1752 5629 τὸ
1798 5578 1979 5646 μῖσος.

391 5660 704 5731 Μέμνημαι
742 5661 851 5731 γὰρ
889 5661 1030 5715 κατὰ
1058 5661 1155 5733 τὴν
1185 5663 1296 5715 τῶν
1326 5663 1554 5737 Κρητῶν
1586 5667 1751 5736 νῆσον
1775 5669 1981 5739 διάγων

385 5751 552 5807 τινῶν
602 5751 1055 5821 ψευδεπισκόπων
1111 5755 1251 5824 πρὸς
1310 5755 1411 5825 ἐμὲ
1472 5756 1854 5827 διενεχθέντων
1913 5761 1979 5813 ἐκ

388 5846 487 5919 τῆς
526 5845 766 5919 Σευήρου
817 5845 1032 5918 μερίδος
1082 5846 1367 5915 ἀκούσας,
1419 5849 1493 5914 ὼς
1529 5849 1617 5905 διὰ
1669 5851 1827 5904 τοῦτο
1885 5852 1977 5906 δύο

2086 4651 2278 4721 primis
2303 4652 2550 4724 insignit,
2577 4656 2832 4711 careret?
2862 4654 3019 4723 Quod
3054 4656 3205 4715 enim
3233 4657 3487 4727 cupiendi
3515 4671 3683 4727 appe-

2090 4747 2347 4818 tendique
2379 4758 2526 4803 motu
2563 4758 2738 4813 caret,
2770 4748 2824 4803 id
2879 4749 3035 4802 vitali
3092 4749 3263 4804 etiam
3324 4750 3477 4803 omni
3530 4759 3683 4804 caret

2087 4835 2370 4893 facultate.
2402 4837 2558 4905 Quod
2589 4850 2772 4893 autem
2808 4836 3029 4892 vitalem
3071 4856 3099 4890 a
3139 4845 3334 4891 natura
3356 4837 3680 4897 facultatem

2089 4943 2194 4983 non
2216 4929 2395 4993 habet,
2427 4931 2479 4984 id
2506 4944 2572 4984 ne
2591 4932 2831 4984 animam
2856 4929 3076 4999 quidem
3100 4929 3268 4986 habet
3295 4931 3488 4986 ullam?
3516 4931 3680 4987 Nuda

2090 5021 2257 5090 igitur
2296 5022 2479 5076 carnis
2507 5032 2788 5087 assumpta
2820 5022 3029 5093 specie,
3093 5038 3202 5077 non
3230 5034 3412 5079 autem
3489 5033 3683 5079 natura

2089 5114 2273 5168 carnis
2296 5121 2481 5167 mente
2504 5112 2831 5185 rationeque
2864 5111 3110 5182 praedita:
3137 5127 3233 5183 per
3262 5130 3548 5185 personam
3567 5130 3683 5171 sus-

2090 5218 2269 5275 cepta,
2306 5203 2541 5259 Verbum
2573 5204 2826 5259 humana:
2859 5203 3055 5261 salutis
3079 5205 3367 5283 consilium
3417 5208 3681 5277 explevit,

2089 5298 2158 5362 si,
2204 5295 2458 5351 ntscntit
2492 5293 2754 5361 Severus,
2791 5296 3127 5353 voluntatem
3172 5299 3498 5362 naturalem,
3544 5315 3683 5367 qua-

2092 5399 2247 5443 tenus
2273 5396 2360 5446 est
2391 5391 2577 5454 homo,
2613 5405 2719 5443 non
2756 5389 2942 5444 habet.
2982 5388 3118 5443 Nam
3142 5391 3187 5443 si
3224 5399 3280 5441 ttt
3314 5391 3477 5444 homo
3524 5400 3682 5445 natu-

2091 5478 2189 5533 rali
2247 5494 2375 5534 vere
2428 5480 2602 5533 caruit
2666 5480 2969 5544 voluntate,
3000 5494 3129 5534 vere
3173 5479 3451 5549 perfectus
3515 5482 3682 5537 homo

2090 5586 2198 5623 non
2236 5579 2320 5623 est
2347 5570 2567 5625 factum.
2598 5569 2756 5637 Quod
2790 5571 2835 5627 si
2873 5587 3001 5625 vere
3059 5569 3336 5641 perfectus
3386 5572 3547 5625 homo
3597 5572 3682 5627 fa-

2091 5673 2238 5717 ctum
2270 5678 2375 5718 non
2406 5671 2511 5727 est,
2554 5679 2619 5716 ne
2649 5663 2809 5717 homo
2852 5661 3091 5731 quidem.
3124 5661 3253 5728 Quae
3285 5664 3432 5719 enim
3483 5666 3686 5735 imper-

2096 5756 2248 5810 fectae
2283 5767 2495 5809 natura:
2529 5754 2770 5808 essentia
2820 5756 2911 5817 sit,
2942 5754 3098 5821 cujus
3148 5770 3215 5809 nc
3272 5756 3415 5810 ratio
3462 5760 3679 5826 quidem

2090 5851 2351 5904 exsistat?
2379 5850 2510 5904 Illud
2537 5849 2741 5902 Severo
2771 5858 2825 5901 et
2857 5847 3142 5915 discipulis
3168 5847 3287 5919 ejus
3342 5850 3678 5919 propositum
