4052 6292
498 296 630 362 1111

1735 292 2124 354 EUTHYMII
2161 293 2521 355 ZIGABENI

3577 306 3685 374 iii?

494 415 620 477 fuit,
648 424 706 467 nt
738 427 836 483 per
865 411 1134 468 defectum
1170 411 1461 482 quemdam
1513 412 1817 466 naturalem
1878 427 2075 465 arcana

2204 416 2327 467 ιατὰ
2372 415 2465 467 τὸν
2513 414 2745 478 Λέοντος
2777 413 2945 486 τόμον
2985 415 3258 486 ἐνεργείας
3301 420 3358 473 οὐ
3382 421 3579 495 λέγομεν
3614 432 3686 485 ἐπὶ

492 505 888 577 conjunctione
943 513 1250 573 susceptam
1302 512 1553 558 naturam
1604 504 1977 569 excluderent,
2010 506 2075 557 ll-

492 609 745 669 ctamque
773 596 1005 651 Manetis
1039 595 1298 666 speciem,
1332 605 1389 651 et
1437 597 1759 667 Apollinarii
1794 597 2077 652 confusio-

494 705 641 754 nem,
692 699 750 744 et
789 688 1110 757 Eutychetis
1157 689 1513 744 mutationem
1537 690 1762 743 duarum
1803 689 1853 742 in
1915 704 2076 743 unam

492 780 789 835 essentiam
817 778 1223 833 confirmarem.
1259 776 1478 833 Memini
1531 780 1699 843 enim,
1725 794 1848 834 eum
1902 794 2076 835 essem

493 875 547 928 in
578 871 926 928 Cretensium.
992 872 1191 937 insula,
1246 873 1414 929 falsos
1467 873 1729 942 quosdam
1789 874 2078 946 episcopos

496 964 680 1020 Severi
706 966 1014 1033 opinionem
1033 964 1385 1019 defendentes
1406 967 1480 1019 ita
1512 981 1722 1021 meeum
1750 967 2078 1038 disputasse,

495 1068 554 1111 ut
583 1059 845 1121 dicerent,
879 1072 978 1110 nos
1001 1057 1123 1111 ideo
1150 1057 1286 1112 duas
1320 1059 1374 1111 in
1408 1058 1628 1113 Christo
1663 1058 2080 1130 actionesjuxta

496 1148 692 1204 Leonis
751 1157 959 1203 tomum
1009 1162 1246 1217 negare,
1306 1149 1559 1217 quoniam
1593 1150 1903 1204 voluntates
1957 1151 2083 1206 inde

496 1248 925 1309 consequuntur,
959 1256 1023 1295 ex
1051 1239 1248 1309 quibus
1279 1240 1495 1308 gemina
1524 1255 1754 1309 persona
1778 1239 2075 1311 colligitur.

497 1332 554 1387 Si
595 1332 779 1403 igitur,
813 1342 867 1383 ut
900 1331 1139 1386 Severus
1166 1332 1442 1402 opinatur,
1464 1347 1529 1387 ex
1561 1331 1868 1386 actionibus
1893 1332 2084 1385 volun-

498 1435 659 1491 tates,
691 1434 745 1480 et
773 1440 839 1480 ex
873 1425 1250 1480 voluntatibus
1289 1440 1532 1495 persona:
1563 1433 1820 1495 tanquam
1858 1440 1944 1479 res
1970 1425 2083 1480 suis

498 1531 563 1570 ex
587 1515 770 1571 causis
800 1517 1184 1586 provenientes
1224 1516 1578 1586 colliguntur,
1624 1526 1678 1570 et
1731 1531 1797 1570 ex
1853 1530 2081 1585 persona

499 1607 763 1662 nimirum
788 1606 1064 1672 voluntas,
1100 1616 1264 1679 atque
1285 1622 1349 1662 ex
1386 1610 1693 1676 voluntate,
1721 1607 2084 1679 quemadmo-

2179 504 2453 575 Χριστοῦ,
2513 504 2602 558 διὰ
2635 505 2705 559 τὰ
2748 505 2993 565 ἑπόμενα
3031 507 3251 572 ταύταις
3314 510 3593 583 θελήματα,
3625 517 3687 585 οἷς

2180 595 2239 662 ἐξ
2276 595 2526 668 ἀνάγκης
2582 596 2894 667 προσώπων
2926 598 3299 667 συνεισάγεται
3345 602 3481 665 δυάς.
3530 607 3581 660 Ei
3619 610 3690 664 οὖν

2182 688 2324 740 κατὰ
2352 686 2446 741 τὸν
2480 686 2726 757 Σεόῆρον
2760 688 2882 749 ταῖς
2915 689 3217 757 ἐνεργείαις
3241 687 3456 744 ἔπεσθαι
3482 696 3539 747 τὰ
3568 696 3692 768 Beli,

2182 794 2331 848 ματα
2360 778 2596 846 πέφυκε,
2622 780 2736 841 τοῖς
2761 778 2819 831 δὲ
2846 778 3120 849 θελήμασι
3149 783 3540 849 συνεισάγεσθαι
3560 791 3692 857 πρέσ-

2180 886 2309 923 ωπα
2326 907 2343 932 ,
2380 869 2637 939 καθάπερ
2662 870 2863 932 αἰτίοις
2888 871 3130 936 αἰτιατὰ,
3173 872 3267 925 καὶ
3288 877 3441 927 παντὶ
3468 879 3695 950 προσώπῳ

2181 964 2424 1033 δηλονότι
2473 962 2598 1016 κατ’
2649 963 2811 1016 αὑτὸν
2866 963 3114 1036 θέλημα,
3175 967 3266 1021 καὶ
3319 967 3479 1039 τούτῳ
3525 969 3697 1038 πάντας

2183 1056 2431 1127 ινέργεια
2484 1054 2983 1126 σννεισαχθήσεται
3032 1056 3355 1129 πρόσφορος.
3402 1059 3455 1113 '0
3488 1062 3581 1132 γὰρ
3617 1064 3699 1118 τῶν

2184 1150 2322 1220 πρός
2363 1167 2417 1202 τι
2447 1147 2601 1216 λόγος
2636 1147 2834 1202 ἄλυτον
2868 1147 3011 1219 ἔχων
3036 1150 3136 1219 τὴν
3169 1149 3347 1220 σχέσιν
3375 1151 3485 1220 ἴσην
3513 1156 3701 1208 ποιεῖται

2183 1242 2289 1311 τὴν
2315 1242 2424 1294 τῶν
2456 1240 2661 1310 σχετῶν
2693 1240 3007 1305 ἀκολούθως
3057 1242 3435 1313 ἅντιστροφήν.
3466 1244 3640 1299 Οὐκοῦν
3665 1248 3702 1299 εἰ

2188 1333 2288 1403 μὲν
2337 1331 2549 1402 φυσικὰ
2597 1332 2666 1383 τὰ
2717 1330 2860 1386 κατὰ
2915 1333 3284 1405 ἀντιστροφὴν
3335 1339 3702 1407 σννεισαγόμενα

2184 1426 2297 1488 τοῖς
2339 1423 2657 1492 προσώποις
2697 1417 2809 1477 εἷεν
2862 1422 3185 1495 θελήματα,
3226 1426 3259 1498 ή
3303 1427 3529 1498 μακαρία
3563 1429 3703 1494 Μονὰς

2186 1518 2327 1570 κατὰ
2369 1518 2609 1587 Σευῆρον
2648 1517 2746 1569 καὶ
2788 1514 3005 1584 φύσεων
3043 1514 3199 1570 ἔσται
3229 1517 3394 1588 Τριάς
3421 1534 3436 1549 ·
3464 1520 3507 1572 εξ
3529 1520 3577 1573 δὲ
3604 1538 3703 1588 γνω-

2189 1609 2346 1681 μικὰ,
2372 1609 2657 1664 στασιάσει
2682 1609 2900 1671 πάντως
2926 1610 3063 1679 πρὸς
3087 1610 3286 1678 ἑαυτὴν
3314 1612 3384 1682 μή
3401 1612 3709 1681 συμόαινουστ

499 1701 627 1753 dum
664 1701 778 1771 ipse
808 1709 1249 1770 argumentatur,
1272 1701 1416 1757 actio
1444 1700 1525 1757 illi
1563 1714 1876 1772 congruens
1930 1699 2085 1755 colli-

2204 1700 2298 1762 τοῖς
2344 1697 2685 1769 θελήμασιν,
2736 1696 2811 1761 ὡς
2861 1692 3175 1769 προσώπων
3216 1700 3405 1771 Τριάς.
3439 1704 3504 1755 Ἢ
3543 1705 3711 1766 πάντδς

498 1801 675 1861 getur.
718 1792 919 1848 Eorum
943 1795 1089 1849 enim
1119 1808 1240 1861 qua:
1266 1794 1412 1848 inter
1434 1808 1495 1849 se
1530 1792 1771 1848 vicissim
1830 1789 2079 1847 referun-

499 1891 608 1950 tur,
660 1895 843 1939 mutua
894 1892 983 1941 est
1047 1885 1355 1944 conversio.
1386 1884 1751 1952 Quamobrem
1797 1884 1841 1938 si
1886 1893 2080 1937 natura

2190 1790 2349 1860 εῐπερ
2410 1788 2469 1841 ἓν
2525 1786 2743 1859 θέλημα
2799 1788 2903 1858 τῆς
2968 1790 3299 1861 ὑπερουσίου
3347 1793 3556 1865 Τριάδος
3594 1795 3712 1858 ἐστὶ.

2196 1878 2626 1950 μονοπρόσωπος
2668 1876 2823 1932 ἔσται
2867 1878 3072 1950 Θεότης
3116 1881 3435 1953 τριώνυμος.

498 1988 717 2032 mutnus
765 1987 911 2033 esset
965 1978 1110 2032 inter
1170 1993 1431 2048 personas
1471 1978 1893 2045 voluntatesque
1956 1981 2247 2043 respectus
2319 1984 2483 2043 atque
2520 1972 2828 2037 conversio,
2870 1972 3025 2027 beata
3070 1974 3159 2029 illa
3209 1976 3501 2033 Divinitatis
3553 1981 3713 2045 unitas,

497 2083 559 2126 ut
612 2072 850 2126 Severus
906 2071 1085 2137 docet,
1120 2081 1232 2126 tres
1292 2070 1419 2125 item
1474 2070 1781 2128 voluntates
1843 2070 2089 2126 haberet.
2130 2066 2226 2125 Sin
2262 2076 2442 2122 autem
2470 2065 2738 2122 sententia
2799 2078 3097 2133 constaret,
3164 2084 3347 2124 secum
3399 2069 3500 2139 ipsa
3547 2071 3717 2126 dissen-

501 2166 650 2226 tiret.
717 2163 1096 2219 voluntatibus
1158 2177 1265 2218 non
1332 2164 1695 2233 conveniens,
1761 2174 1821 2219 ut
1875 2164 2116 2219 Trinitas
2159 2174 2542 2233 personarum.
2583 2159 2693 2215 Aut
2752 2160 3002 2227 omnino,
3067 2161 3339 2229 siquidem
3396 2163 3718 2220 uua’sumlta

498 2255 782 2313 Trinitatis
805 2256 1055 2311 voluntas
1085 2264 1190 2312 est.
1223 2255 1491 2313 Divinitas
1514 2274 1677 2313 unam
1712 2266 1922 2314 tantum
1986 2258 2150 2314 habet
2174 2269 2483 2327 personam,
2515 2263 2571 2311 et
2614 2253 2814 2325 triplici
2846 2254 3065 2311 nomine
3089 2255 3410 2326 appellatur.

980 2347 1065 2404 Ea:
1114 2349 1294 2405 eadem
1340 2351 1598 2407 oratione.

571 2442 652 2497 Tu
678 2441 771 2513 qui
814 2454 980 2497 unam
1010 2440 1215 2498 Christi
1240 2441 1575 2499 voluntatem
1609 2442 1830 2509 asseris,
1864 2442 1947 2496 vir
1994 2456 2094 2513 op-

502 2536 657 2602 time,
690 2535 985 2606 quomodo,
1010 2541 1064 2588 et
1097 2534 1314 2604 qualem
1363 2548 1486 2589 eam
1539 2533 1678 2590 dicis
1727 2533 1885 2589 esse?
1937 2530 1994 2587 Si
2037 2543 2098 2587 ut

2637 2346 2740 2401 Ἐκ
2769 2346 2879 2401 τοῦ
2913 2346 3108 2402 αὐτοῦ
3142 2350 3355 2418 λόγου.

2275 2439 2371 2493 ’Ἑν
2402 2438 2458 2491 δὲ
2493 2438 2739 2509 Χριστοῦ
2771 2438 2990 2511 θέλημα
3014 2440 3218 2509 λέγων,
3244 2434 3288 2495 ὦ
3328 2441 3577 2513 βέλτιστε,
3603 2442 3718 2510 πῶς,

2198 2530 2295 2584 καὶ
2333 2533 2486 2583 ποῖον
2520 2529 2682 2584 τοῦτο
2724 2530 2864 2603 φῄς;
2890 2531 2951 2584 El
2986 2534 3087 2602 μὲν
3120 2534 3203 2596 ὡς
3254 2534 3483 2604 Χριστοῦ
3511 2535 3720 2603 φυσικὸν,

502 2628 708 2683 Christi
767 2625 1103 2691 naturalem,
1136 2640 1259 2680 eum
1294 2641 1322 2679 a
1350 2623 1516 2681 Patre
1547 2636 1650 2682 eta
1679 2624 1852 2681 Matre
1899 2634 2092 2680 natura

2204 2628 2412 2700 Πατρὸς
2441 2627 2603 2697 φύσει
2653 2628 2750 2681 καὶ
2799 2629 3010 2701 μητρὸς
3031 2629 3201 2684 αὑτὸν
3229 2630 3597 2702 ήλλοτρίωσας,
3634 2631 3722 2685 οὐδ’

502 2721 764 2790 sejungis,
797 2717 999 2789 quippe
1030 2717 1121 2789 qui
1152 2715 1335 2773 neutri
1363 2716 1607 2788 ipsorum
1643 2730 1742 2787 per
1793 2715 2092 2772 essentiam

2204 2720 2286 2773 ἑτέ
2299 2737 2379 2791 ρῳ
2414 2719 2538 2773 κατ’
2566 2718 2759 2773 οὐσίαν
2796 2719 3112 2791 ἑνούμενον
3144 2722 3260 2777 οὐδ’
3309 2724 3488 2793 ἕτερον
3510 2725 3607 2796 γὰρ
3644 2725 3722 2777 αὐ·

502 2811 831 2883 eonjuuctus
861 2811 952 2866 sit.
981 2808 1183 2865 Neuter
1211 2809 1358 2865 enim
1429 2808 1672 2879 ipsorum
1706 2818 1900 2862 natura
1932 2807 2092 2862 Chri-

2204 2812 2311 2864 τοῖν
2342 2809 2511 2880 φύσει
2539 2808 2777 2880 Χριστός
2803 2829 2815 2842 ο
2846 2812 2942 2865 καὶ
2976 2812 3094 2876 πῶς
3122 2813 3368 2888 ἐκφεύξῃ
3413 2814 3558 2870 τοῦτο
3584 2815 3725 2884 λόγων

503 2918 639 2963 stus.
665 2906 719 2961 id
751 2915 933 2961 autem
962 2904 1007 2959 si
1057 2903 1289 2970 dixeris,
1322 2916 1506 2957 nonne
1534 2901 1843 2974 periculum
1876 2900 1999 2964 erit,
2032 2914 2092 2956 ne

2204 2904 2299 2974 τῆς
2326 2903 2634 2969 πολυθετας
2662 2904 2755 2958 τὸν
2800 2904 3090 2972 κίνδυνον;
3141 2908 3207 2961 ei“
3239 2908 3296 2962 δὲ
3336 2909 3613 2978 γνωμικὸν,
3645 2909 3727 2978 μό.

502 3000 687 3071 plures
716 2997 849 3052 deos
896 2995 1244 3052 constituas?
1281 2994 1436 3062 Quod
1480 2993 1527 3049 si
1585 2993 1860 3049 sententia
1919 2992 2092 3049 solius

2204 3014 2297 3067 νης
2329 2995 2484 3051 ἐσται
2512 2999 2613 3068 τῆς
2658 2993 2824 3049 αὐτοῦ
2856 2999 3364 3070 χαρακτηριστικδν
3404 3000 3727 3060 ὑποστάσεως.

507 3092 618 3148 erit
647 3090 908 3146 indicium
943 3103 1191 3159 persona:
1226 3106 1241 3143 :
1272 3086 1571 3142 voluntatis
1616 3087 1760 3141 enim
1823 3084 2092 3141 sententia

2204 3087 2512 3157 Προσώπον
2553 3089 2662 3160 γὰρ
2695 3089 3054 3158 ἀφοριστικδν
3103 3091 3347 3163 ὑπάρχει
3382 3094 3443 3147 τὸ
3467 3091 3725 3161 γνωμικὸν,

508 3199 740 3258 persona
772 3182 1102 3238 describitur
1123 3189 1178 3236 et
1206 3179 1466 3236 deﬁnitur
1491 3195 1506 3234 :
1533 3178 1941 3236 demonstrabis
1969 3194 2091 3234 eum

508 3294 539 3333 a
571 3276 734 3332 Patre
766 3284 821 3332 et
848 3273 1052 3345 Spiritu
1074 3273 1354 3329 voluntate
1391 3272 1660 3329 dissidere
1680 3282 1736 3327 et
1758 3272 2092 3342 discrepare.

515 3371 612 3427 Sin
650 3369 820 3426 solius
851 3368 1156 3422 divinitatis
1194 3366 1386 3436 ipsius,
1420 3365 1659 3437 patibilis
1689 3364 2094 3428 eritdivinitas,

510 3472 566 3518 et
599 3470 801 3531 praeter
824 3468 1077 3513 naturam
1108 3467 1299 3527 potum
1329 3463 1385 3511 et
1409 3456 1592 3510 cibum
1649 3463 1892 3526 appetet.
1918 3454 1990 3508 At
2050 3453 2095 3509 si

516 3549 876 3609 humanitatis
895 3549 1012 3615 eius
1037 3546 1358 3618 solius,[non
1381 3547 1487 3605 erit
1508 3544 1695 3602 efﬁcax
1718 3552 1940 3611 natura,
1974 3558 2096 3599 cum

513 3643 588 3695 sit
613 3640 848 3693 humana
877 3650 891 3701 ;
934 3643 993 3690 et
1019 3643 1262 3689 monstra
1285 3633 1445 3705 plane
1468 3631 1798 3688 videbuntur
1830 3645 1952 3687 esse
1982 3629 2099 3683 mi-

517 3728 725 3786 racula.
753 3724 907 3794 Quod
939 3724 983 3780 si
1016 3732 1224 3779 natura:
1257 3722 1547 3792 utriusque
1572 3733 1917 3777 communem
1946 3716 2100 3773 dixe-

514 3820 613 3888 ris,
641 3814 915 3889 quomodo
944 3815 1197 3869 voluntas
1218 3827 1408 3869 eorum
1437 3820 1627 3866 natura
1658 3807 1964 3866 communis
1993 3804 2101 3862 erit

515 3925 744 3980 quorum
772 3916 857 3963 est
883 3916 1079 3961 natura
1110 3903 1365 3961 diversa?
1390 3900 1487 3958 Sin
1514 3910 1576 3957 ut
1607 3902 1774 3959 totius
1824 3912 2101 3971 composu-

517 4010 719 4069 tum,ut
748 3999 1046 4055 novitatem
1075 4007 1131 4054 et
1151 3995 1550 4054 absurditatem
1568 3993 1767 4051 fabulae
1788 3992 2100 4048 omittamus

517 4096 656 4160 (qua:
671 4091 815 4146 enim
833 4100 1010 4160 potest
1028 4103 1148 4145 esse
1185 4087 1507 4157 compositio
1539 4083 1890 4156 voluntatis?)
1914 4096 2101 4138 rursus

516 4185 692 4256 ipsum
708 4198 739 4240 a
752 4181 915 4238 Patre
932 4182 1169 4238 alienum
1186 4181 1629 4244 constituis,cnm
1649 4178 1929 4235 voluntate
1948 4191 2103 4233 com-

515 4279 693 4349 posita
737 4274 912 4332 solam
951 4290 1244 4349 personam
1271 4274 1629 4347 compositam
1656 4273 1952 4342 exprimas.
1982 4270 2100 4338 Qua

518 4370 741 4443 quidem
772 4368 985 4425 ratione
1008 4368 1192 4423 omnis
1226 4367 1513 4437 plantatio,
1543 4381 1704 4438 quam
1729 4381 1835 4421 non
1883 4365 2099 4435 planta-

2205 3181 2303 3235 καὶ
2360 3181 2710 3252 δειχθήσεται
2752 3181 2944 3252 σαφῶς
2989 3182 3347 3254 ἐτερόὸουλος
3378 3184 3543 3254 Harp!
3570 3200 3621 3235 τε
3654 3183 3731 3235 καὶ

2206 3270 2489 3341 Πνεύματι
2515 3272 2659 3325 κατὰ
2694 3273 2775 3335 σὲ,
2802 3274 2896 3327 καὶ
2931 3274 3271 3345 μαχόμενος.
3302 3273 3364 3337 Et
3391 3274 3448 3328 δὲ
3479 3275 3571 3343 τῆς
3591 3270 3727 3326 αὑτοῦ

2194 3360 2376 3443 ,μόνης
2404 3361 2685 3432 θεότητος,
2716 3364 2975 3436 ἐμπαθὴς
3018 3366 3180 3420 ἔσται
3215 3367 3407 3437 θεότης
3438 3370 3577 3435 παρὰ
3603 3367 3733 3431 φύσιν

2205 3453 2465 3525 βρώσεως
2497 3455 2593 3509 καὶ
2640 3455 2858 3521 πόσεως
2915 3458 3211 3529 ὲφιεμένη.
3274 3457 3339 3513 Ei
3387 3458 3442 3511 δὲ
3480 3458 3571 3527 τῆς
3598 3454 3732 3510 αὐτοῦ

2206 3546 2379 3616 μόνης
2410 3546 2858 3619 ἀνθρωπότητος,
2888 3549 2991 3603 οὐκ
3030 3549 3188 3603 ἔσται
3223 3549 3384 3619 φύσει
3430 3550 3733 3619 δραστήριον.

2205 3638 2332 3702 Πῶς
2359 3638 2492 3709 γὰρ,
2545 3640 2707 3710 εἰπερ
2749 3638 3139 3710 ἁνθρώπινονς
3168 3644 3289 3697 Καὶ
3337 3641 3626 3713 τερατώδης
3650 3640 3736 3692 85t-

2205 3731 2472 3803 χθήσεται
2516 3733 2708 3802 σαφῶς
2746 3735 2779 3801 ἠ
2830 3733 2941 3788 τῶν
2976 3735 3283 3805 θαυμάτων
3309 3735 3577 3801 ἐπίδειξις.
3606 3733 3658 3786 Εἰ
3689 3731 3737 3785 δδ

2204 3822 2540 3896 ἀμφοτέρων
2582 3824 2744 3894 φύσει
2770 3825 2973 3893 κοινὸν,
3006 3826 3124 3889 πῶς
3174 3825 3333 3880 ἔσται
3383 3826 3581 3896 θέλημα
3604 3825 3737 3893 φύσει

2205 3914 2406 3981 κοινὸν,
2435 3906 2511 3969 ὧν
2541 3917 2575 3985 ἡ
2604 3916 2767 3985 φύσις
2795 3917 3058 3990 διάφορος
3084 3935 3099 3984 ;
3130 3918 3197 3972 Ei.
3246 3918 3306 3973 δὲ
3330 3917 3405 3982 ὡς
3437 3918 3551 3972 ὅλου
3580 3915 3734 3969 σύνθεε

2204 4026 2324 4077 τον,
2384 4008 2524 4080 πρὸς
2563 4009 2641 4078 τῷ
2704 4010 2880 4082 καινῷ
2925 4010 3083 4081 μύθῳ
3118 4013 3212 4066 καὶ
3244 4012 3515 4083 πλάσματ(
3547 4010 3621 4072 τίς
3652 4008 3738 4075 γὰρ

2208 4093 2512 4166 θελήματος
2543 4096 2819 4168 σύνθεσις)
2854 4117 2869 4165 ;
2901 4100 3067 4153 πάλιν
3098 4101 3265 4155 αὑτὸν
3294 4101 3389 4155 τοῦ
3433 4099 3629 4172 Πατρός
3658 4098 3738 4168 ήλ-

2206 4186 2528 4259 λοτρίωσας,
2561 4191 2808 4262 συνθέτῳ
2846 4191 3118 4263 θελήματι
3148 4195 3323 4265 μόνην
3367 4193 3737 4265 χαρακτηρίσας

2210 4280 2508 4334 ὑπόστασιν
2535 4281 2812 4336 σύνθετον.
2841 4283 3000 4338 Οῦτω
3038 4285 3137 4354 μὲν
3170 4282 3269 4339 οὖν
3320 4287 3498 4340 πᾶσαν
3547 4282 3737 4355 φυτείαν

2209 4373 2419 4440 ἐκριζοί
2449 4374 2734 4446 προελθὼν
2765 4379 2792 4430 ό
2833 4376 3015 4447 λόγος,
3050 4380 3116 4450 ἢν
3140 4379 3169 4434 ό
3190 4381 3381 4450 Πατὴρ
3404 4382 3500 4433 οὐκ
3542 4380 3737 4449 ἐφύτευ-

519 4465 595 4519 vit
639 4462 804 4517 Pater
829 4459 1163 4516 eradicatur.
1216 4458 1363 4514 Nova
1400 4459 1547 4514 enim
1598 4457 1726 4528 ﬁngi
1765 4473 1870 4513 non
1924 4466 2092 4527 potest

2212 4484 2329 4532 σεν,
2363 4469 2486 4521 ἐπεὶ
2515 4468 2594 4536 μὴ
2616 4471 2835 4536 πέφυκε
2880 4470 2941 4523 τὸ
2974 4470 3126 4535 ξένον
3168 4472 3567 4543 περιποιεῖσθαι
3591 4466 3743 4538 γεώρ-

522 4553 879 4625 agricultura,
919 4552 1012 4607 sed
1043 4550 1352 4606 naturalem
1388 4550 1443 4605 in
1470 4549 1694 4606 Christo
1743 4550 2102 4604 humanitatis

518 4646 857 4701 voluntatem
884 4643 1119 4700 Severus
1147 4640 1391 4707 sustulit,
1423 4648 1482 4694 ut
1512 4638 1741 4705 videtur,
1772 4653 1894 4694 cum
1924 4641 2103 4693 omnis

519 4751 728 4795 natura;
751 4737 1056 4809 praesertim
1076 4734 1291 4792 ratione
1311 4732 1550 4804 praeditas
1566 4732 1801 4787 maxime
1816 4732 2097 4802 proprium

520 4842 575 4887 et
607 4832 840 4903 primum
872 4844 996 4886 esse
1028 4830 1308 4901 ignoraret
1336 4826 1624 4897 appetendi
1690 4836 1919 4880 motum.
1946 4824 2099 4892 Quod

520 4927 712 4981 Patres
746 4921 1245 4977 animadvertentes
1272 4917 1582 4973 voluntates
1618 4918 1671 4971 in
1726 4916 1949 4973 Christo
2003 4932 2099 4971 na-

521 5029 664 5080 tura,
692 5028 800 5070 non
833 5021 1011 5067 autem
1042 5010 1315 5067 sententia
1355 5008 1666 5065 diﬂ‘ereutes
1688 5007 1924 5065 confessi
1947 5019 2095 5065 sunt.

521 5108 806 5176 Nunquam
834 5104 980 5159 enim
1008 5104 1062 5157 in
1088 5103 1309 5158 Christo
1335 5103 1644 5158 voluntates
1679 5103 1946 5158 sententia
1998 5101 2103 5157 dif-

519 5201 757 5257 ferentes
820 5196 1099 5261 dixerunt,
1153 5208 1224 5249 ne
1270 5194 1446 5267 ipsum
1497 5195 1710 5253 diversa
1760 5196 1988 5262 sentire,
2046 5205 2103 5250 et

422 5290 459 5371 'rj
520 5293 678 5357 velle,
708 5300 764 5347 et
794 5290 1074 5345 rationum
1097 5288 1367 5344 seditione
1399 5302 1585 5343 secum
1645 5304 1910 5360 pugnare,
1937 5299 2100 5361 atque

521 5388 592 5441 ita
624 5383 891 5455 duplicem
925 5380 1127 5435 habere
1151 5394 1444 5450 personant
1477 5379 1864 5448 praedicarent.
1898 5380 2101 5436 intelli-

518 5475 869 5547 gebantenlm
899 5475 1002 5529 hac
1034 5472 1144 5529 sola
1176 5472 1511 5528 voluntatum
1533 5474 1801 5529 sententia
1836 5474 2102 5530 dissiden-

523 5568 656 5619 tium
697 5563 1031 5627 diﬂ'erentia,
1083 5574 1195 5617 tum
1233 5572 1458 5632 peccato
1481 5563 1536 5617 in
1560 5564 1699 5618 hanc
1751 5563 1919 5619 vitam
1986 5568 2103 5620 adi-

520 5668 632 5709 tum
657 5667 779 5708 esse
805 5652 1159 5721 patefactum,
1198 5662 1310 5706 tum
1336 5649 1653 5708 inimicitias
1696 5653 1854 5710 nobis
1880 5666 2099 5711 exortas

521 5759 644 5803 esse
674 5758 796 5802 cum
826 5745 953 5801 Deo.
992 5743 1149 5799 Nulla
1182 5747 1327 5803 enim
1353 5746 1458 5801 alia
1492 5745 1544 5801 in
1583 5762 1640 5803 re
1693 5748 1893 5807 malum
1971 5766 2102 5807 cou-

2210 4579 2351 4629 γιον.
2402 4559 2543 4614 Ἀλλ’
2566 4560 2640 4625 ὼς
2668 4562 2839 4629 ἔοικε,
2876 4562 2937 4616 τὸ
2972 4564 3207 4633 φυσικὸν
3247 4563 3464 4636 θέλημα
3500 4565 3591 4633 τῆς
3626 4556 3741 4613 κατὰ

2209 4652 2445 4722 Χριστὸν
2472 4653 2902 4724 ἀνθρωπότητος
2931 4653 3176 4725 Σευῆρος
3202 4657 3435 4717 ἀνεῖλεν,
3464 4655 3557 4707 οὐκ
3594 4648 3741 4711 εἰδὼς,

2208 4745 2291 4797 ὅτι
2329 4744 2667 4815 κυριώτερόν
2706 4761 2765 4797 τε
2807 4745 2902 4798 καὶ⁵
2946 4746 3164 4815 πρῶτον
3204 4748 3407 4818 ἰδίωμα
3443 4748 3611 4814 πάσης
3660 4742 3745 4809 μά-

2208 4837 2370 4890 λιστα
2401 4836 2618 4906 φύσεως
2672 4835 2904 4905 λογικῆς
2964 4840 2997 4909 ή
3065 4838 3187 4892 κατ’
3221 4840 3413 4908 ἔφεσιν
3449 4836 3611 4906 αὐτῆς
3636 4832 3744 4887 καθ-

2209 4928 2409 4999 έστηκε
2441 4930 2679 5002 κίνησις,
2704 4931 2771 5000 ἣν
2802 4934 2850 4985 ol
2881 4932 3130 5002 Πατέρες
3184 4934 3578 5002 σκοπήσαντας.
3612 4941 3746 4996 φυσι·

2209 5017 2346 5082 κῶν,
2396 5019 2514 5071 ἀλλ’
2563 5019 2627 5072 ού
2679 5022 2981 5091 γνωμικῶν
3008 5023 3100 5076 ἐπὶ
3154 5020 3395 5093 Χριστοῦ
3459 5016 3743 5087 θελημάτων

2207 5109 2474 5180 διαφορὰν
2506 5111 2777 5181 λαμπρῶς
2802 5112 3185 5183 ὡμολόγησαν.
3213 5114 3289 5167 Οὐ
3329 5114 3438 5184 γὰρ
3484 5113 3548 5165 ἂν
3589 5103 3743 5171 ελεγόν

2209 5219 2342 5256 ποτε
2376 5204 2674 5273 γνωμικῶν
2705 5204 2801 5255 ἐπὶ
2835 5205 3080 5276 Χριστοῦ
3131 5206 3458 5276 θελημάτων
3495 5199 3740 5269 διαφοράν,

2210 5293 2297 5347 ἵνα
2328 5292 2405 5364 μὴ
2428 5291 2726 5361 δῐγνωμον,
2760 5294 2856 5346 καὶ
2882 5295 3149 5359 δίόουλον,
3177 5296 3272 5348 καὶ
3300 5289 3413 5349 οἷον
3461 5293 3625 5347 εἰπεῖν
3660 5304 3743 5355 μα·

2211 5387 2446 5456 χύμενον
2484 5386 2668 5453 ἑαυτῷ
2700 5388 2767 5458 τῇ
2823 5388 3012 5443 στάσει
3063 5387 3174 5441 τῶν
3202 5385 3502 5456 λογισμῶν,
3550 5381 3634 5436 καὶ
3670 5374 3742 5428 διὰ

2212 5479 2377 5534 τοῦτο
2432 5478 2786 5548 διπρόσωπον
2834 5480 2998 5535 αὑτὸν
3037 5482 3385 5552 κηρύττωσιν
3432 5478 3483 5532 οῖ
3536 5492 3592 5543 γε
3626 5465 3743 5526 κατά

2212 5570 2386 5641 μόνην
2412 5572 2616 5643 ταύτην
2644 5571 3009 5641 γινώσκοντες
3062 5574 3162 5643 τὴν
3209 5573 3317 5627 τῶν
3358 5566 3633 5641 γνωμικῶν
3672 5563 3743 5615 θε-

2214 5662 2480 5733 λημάτων
2538 5664 2810 5736 διαφορὰν
2859 5665 2919 5718 ὲν
2956 5663 3036 5736 τῷ
3080 5665 3181 5737 βίῳ
3229 5663 3551 5734 γεγενῆσθαι
3576 5657 3661 5725 τήν
3695 5666 3743 5703 τε

2208 5755 2308 5825 τῆς
2355 5754 2631 5827 ἁμαρτίας
2664 5757 2893 5827 εἴσοδον,
2934 5758 3031 5813 καὶ
3062 5759 3161 5831 τὴν
3195 5758 3325 5827 πρὸς
3364 5757 3454 5809 τον
3487 5750 3608 5808 Θεὸν
3630 5747 3744 5819 ήμο
