4052 6292
325 351 466 419 1113

1278 345 1656 407 PANOPLIA
1694 341 2158 405 DOGMATICA.
2196 366 2266 377 —
2303 343 2449 405 TIT.
2492 342 2651 405 XXI.

3439 334 3577 401 1114

318 472 488 540 τέραν
519 465 820 521 διάστασιν.
858 461 949 515 Ἐν
974 459 1153 515 οὐδενὶ
1182 459 1292 529 γάρ
1322 458 1467 530 ἄλλῳ
1493 459 1798 530 καθέστηκε
1836 458 1894 511 τὸ

2000 457 2166 520 sistit,
2192 456 2298 511 nisi
2329 457 2379 509 in
2407 470 2471 507 eo
2491 455 2830 519 discrimine,
2855 456 2998 525 quod
3027 464 3109 510 est
3140 455 3284 509 inter
3328 455 3579 510 volunta-

319 561 514 622 κακὸν,
546 559 595 611 εί
633 556 709 627 μὴ
738 554 899 625 μόνον
931 552 988 607 ὲν
1008 554 1076 622 τῇ
1114 550 1250 620 πρὸς
1288 551 1350 602 τὸ
1374 549 1517 603 θεῖον
1545 550 1758 621 θέλημα
1778 550 1897 603 δια-

322 652 467 723 φορᾷ
502 650 599 704 τοῦ
642 648 782 703 κατὰ
816 646 1045 717 γνώμην
1080 644 1355 715 ἡμετέρου
1386 643 1719 713 θελήματος,
1753 638 1898 719 ᾗτινι

320 746 540 806 πάντως
592 741 946 811 ἀντικειμένη
1007 740 1392 806 συνεισάγεται
1454 738 1712 809 ποσότης,
1748 739 1899 789 καὶὸ

319 837 525 906 ταύτης
568 833 868 905 δηλωτικδς
920 829 1157 902 ἀριθμὸς
1198 829 1419 891 δεικνὺς
1455 829 1589 899 ἡμῖν
1638 828 1772 897 πρὸς
1807 826 1899 880 τὸν

320 930 455 983 Θεὸν
479 928 575 981 τοῦ
599 922 883 996 γνωμικοῦ
917 922 1223 993 θελήματος
1261 922 1635 974 άντιπάθειαν.
1673 915 1767 982 Εἷς
1805 916 1899 975 οῦν

322 1020 607 1091 Νεστορίῳ
635 1036 692 1073 τε
725 1017 822 1071 καὶ
852 1014 1077 1086 Σευήρῳ
1106 1017 1235 1085 περῖ
1267 1013 1364 1066 τοῦ
1401 1013 1686 1066 δυσσεϐεῖν
1717 1013 1900 1081 ὑπάρ-

322 1129 412 1180 χει
446 1109 675 1172 σκοπὸς,
719 1107 822 1160 κᾶν
881 1108 909 1158 6
949 1104 1152 1175 τρόπος
1209 1104 1492 1173 διάφορος.
1535 1103 1593 1157 Ὁ
1644 1104 1744 1173 μὲν
1789 1104 1898 1173 γὰρ

317 1204 409 1258 διὰ
442 1204 543 1273 τὴν
577 1202 841 1275 σύγχυσιν
875 1197 1094 1268 φεύγων
1124 1197 1223 1267 τὴν
1266 1196 1385 1249 καθ’
1429 1197 1733 1248 ὑπόστασιν
1765 1195 1899 1248 ἓνω·

320 1314 430 1361 σιν,
462 1294 561 1364 τὴν
613 1292 846 1362 οὑσιὼδη
906 1289 1173 1360 διαφοράν
1224 1290 1588 1359 προσωπικὴν
1631 1288 1898 1359 διαίρεσιν

322 1388 592 1440 ποιεῖταιο
622 1386 650 1438 6
704 1384 762 1438 δὲ
790 1383 879 1437 διὰ
913 1383 1012 1454 τὴν
1070 1381 1336 1453 διαίρεσιν
1390 1381 1491 1452 τὴν
1551 1382 1785 1451 οὑσιὼδη
1822 1383 1899 1453 μὴ

318 1476 494 1544 λέγων
514 1475 801 1543 διαφοράν,
850 1474 953 1544 τὴν
989 1472 1112 1527 καθ’
1157 1472 1459 1525 ὑπόστασιν
1503 1471 1696 1525 ἕνωσιν
1736 1490 1898 1541 φυσι-

315 1566 424 1637 κὴν
475 1566 770 1635 ἐργάζεται
821 1566 1113 1635 σύγχυσιν,
1159 1567 1282 1619 δέον
1333 1568 1470 1635 μήτε
1506 1566 1771 1636 σύγχυσιν
1804 1567 1897 1620 ἐπὶ

318 1659 584 1725 Χριστοῦ,
616 1657 753 1728 μήτε
782 1657 1074 1728 διαίρεσιν,
1121 1657 1236 1713 ἀλλ’
1266 1658 1461 1717 ἕνωσιν
1501 1658 1609 1710 τῶν
1641 1658 1762 1711 κατ’
1802 1660 1895 1711 οὑ-

319 1747 445 1800 σίαν
472 1749 869 1818 διαφερόντων,
893 1749 987 1803 καὶ
1019 1749 1284 1817 διαφορὰν
1316 1749 1424 1803 τῶν
1446 1748 1570 1802 καθ’
1597 1751 1894 1803 ὑπόστασιν

317 1838 620 1908 ὴνωμένων
644 1839 953 1908 ὁμολογεῖν,
987 1840 1074 1893 ἵνα
1105 1843 1202 1893 καὶ
1240 1841 1350 1892 τῶν
1392 1841 1593 1893 οὑσιῶν
1643 1843 1671 1893 6
1713 1841 1911 1911 λόγος,

316 1932 413 1984 καί
436 1932 534 2001 τῆς
556 1930 805 1997 ένὼσεως
833 1934 861 1985 ό
885 1933 1084 2002 τρόπος
1119 1933 1364 1996 εὐσεϐῶς
1414 1935 1889 2005 καταγγέλληται·

314 2014 394 2072 ὧν
439 2021 608 2090 ἄμφω
650 2021 1068 2093 διαρραγέντες,
1100 2025 1126 2076 6
1174 2024 1276 2094 μὲν
1306 2023 1404 2093 τὴν
1441 2023 1551 2075 τῶν
1592 2023 1894 2093 γνωμικῶν

318 2111 504 2180 μόνων
559 2114 865 2183 ποιοτήτων
920 2115 1141 2179 ἕνωσιν,
1190 2117 1217 2168 6
1264 2114 1448 2184 δὲτὴν
1486 2114 1598 2168 τῶν
1647 2113 1895 2183 φυσικῶν

319 2202 504 2271 μόνων
563 2203 703 2271 μετὰ
757 2204 856 2274 τὴν
908 2203 1110 2259 ἕνωσιν
1183 2202 1536 2274 ὲπικυρώσας
1598 2204 1889 2275 διαφορὰν,

309 2295 487 2365 ἄμφω
514 2296 614 2365 τῆς
667 2296 777 2349 τῶν
829 2298 1175 2367 πραγμάτων
1217 2296 1479 2366 ἀληθείας
1525 2296 1833 2362 ἀπέπεσαν,
1863 2301 1893 2353 6

2004 559 2108 603 tem
2150 547 2243 601 Dei
2296 559 2351 601 et
2371 548 2699 603 voluntatem
2744 558 3010 603 nostram.
3041 546 3158 613 Quo
3219 547 3432 614 quidem
3454 560 3586 600 ron-

2005 642 2168 695 traria
2203 656 2423 710 prorsus
2454 644 2727 709 quantitas
2749 641 3116 705 constituitur,
3150 648 3204 694 et
3227 640 3370 693 illius
3416 640 3581 694 inde!

2002 749 2284 797 numerus,
2322 736 2413 801 qui
2451 734 2606 787 nobis
2635 735 2869 788 ostendit
2896 733 3192 786 voluntatis
3217 748 3244 785 a
3301 731 3415 785 Deo
3472 732 3584 785 dis-

2002 827 2278 895 crepantis
2308 824 2711 880 diversitatem.
2759 824 2905 878 Idem
2934 825 3099 893 igitur
3133 822 3381 878 Νιιεῑοτῑο
3405 835 3455 876 et
3485 823 3583 877 Se-

2004 933 2135 973 vero
2194 924 2259 973 ad
2309 919 2643 987 impietatem
2703 917 3041 987 propositum
3091 926 3195 980 est,
3268 918 3377 970 Stet
3438 917 3577 968 ratio

2005 1011 2217 1067 diversa
2251 1013 2344 1067 sit.
2371 1012 2464 1066 llle
2503 1011 2645 1065 enim
2675 1011 2800 1064 dum
2837 1009 3218 1064 confusionem
3275 1009 3434 1073 vitat,
3498 1022 3580 1062 sic

2001 1107 2478 1178 ell'ugitunitatem
2513 1117 2785 1171 personae,
2812 1113 2867 1154 ut
2926 1117 3024 1171 pro
3064 1098 3371 1155 differentia
3431 1111 3581 1151 natu-

2003 1197 2098 1249 rali
2131 1210 2372 1265 persona:
2401 1193 2720 1248 divisionem
2778 1193 3103 1247 constituat.
3145 1190 3241 1244 Hic
3281 1205 3409 1243 vero
3453 1189 3577 1241 dum
3626 1204 3629 1205 '

2003 1290 2320 1342 divisionem
2378 1286 2635 1349 declinat,
2672 1284 2742 1339 ita
2768 1294 2976 1338 naturae
3000 1290 3160 1350 negat
3221 1279 3583 1335 differentiam

2001 1384 2053 1435 in
2086 1397 2331 1450 persona:
2394 1379 2865 1450 conjunctionem,
2920 1386 2978 1430 ιιι
3035 1376 3335 1428 naturalem
3387 1374 3588 1426 elliciat

2003 1474 2399 1529 confusionem.
2453 1472 2587 1526 Cum
2614 1486 2713 1524 nec
2766 1468 3016 1524 confusio
3064 1467 3121 1519 in
3178 1466 3418 1529 Christo,
3480 1480 3582 1518 nec

2006 1563 2227 1633 divisio,
2263 1565 2357 1620 sed
2389 1563 2625 1619 essentia
2659 1560 3019 1617 differentium
3062 1558 3401 1627 conjunctio,
3437 1564 3491 1609 et
3526 1557 3580 1608 iu

2002 1675 2230 1730 persona
2256 1658 2669 1728 coniunctorum
2716 1652 3027 1707 differentia
3077 1654 3149 1706 sit
3201 1652 3522 1704 confitenda
3563 1664 3578 1700 :

2001 1764 2058 1803 ut
2083 1761 2136 1805 et
2168 1760 2491 1806 naturarum
2524 1749 2686 1812 ratio,
2711 1758 2764 1800 et
2797 1745 3196 1815 conjunctionis
3239 1744 3437 1797 modus
3491 1742 3577 1811 pie

2005 1840 2406 1908 pronuntietur.
2432 1838 2673 1903 Quorum
2711 1836 2784 1889 illi
2824 1846 3119 1902 utrumque
3177 1832 3579 1902 perfregerunt,

2004 1932 2130 1986 dum
2164 1946 2301 1984 unus
2330 1930 2654 1999 qualitatum
2685 1926 2737 1980 iu
2798 1925 3071 1981 sententia
3108 1932 3315 1976 tantum
3351 1920 3584 1989 conjun-

2004 2025 2264 2086 Ctinuem,
2293 2021 2426 2076 alter
2458 2020 2782 2075 naturalium
2809 2015 3184 2073 tantummodo
3212 2022 3334 2085 post
3356 2014 3583 2083 conjun-

2000 2118 2236 2170 ctionem
2262 2113 2623 2171 differentiam
2652 2111 2871 2167 asserit.
2916 2110 3099 2179 Atque
3133 2110 3206 2163 ita
3238 2109 3401 2162 ambo
3428 2121 3455 2158 a
3485 2121 3577 2159 ve-

2000 2218 2160 2265 rttate
2181 2204 2524 2273 exciderunt,
2558 2207 2683 2262 dum
2733 2220 2878 2259 unus
2925 2200 3171 2275 mysterii
3229 2201 3578 2267 divisionem,

2000 2303 2139 2358 alter
2161 2304 2537 2358 confusionem
2563 2301 2826 2356 audacter
2868 2297 3151 2370 dijudicat.

317 2387 423 2456 μὲν
437 2385 727 2456 διαίρεσιν,
745 2390 772 2441 6
792 2387 847 2442 δὲ
867 2387 1133 2459 σύγχυσιν
1150 2388 1244 2442 τοῦ
1271 2392 1576 2462 μυστηρίου
1595 2390 1886 2464 τολμηρῶς
1927 2400 2379 2468 κατακρίναντες.

313 2507 434 2564 Τοῦ
459 2510 650 2564 αὑτοῦ
676 2510 743 2564 ἐκ
773 2510 883 2565 τοῦ
906 2513 1049 2567 ίσου
1076 2511 1180 2638 r1175
1206 2513 1356 2580 πρὸς
1391 2514 1733 2581 Νίκανδρον
1764 2516 1890 2570 ἐπι-

975 2598 1086 2636 στο
1130 2604 1225 2638 nc.

975 2598 1166 2651 στολη
1174 2606 1225 2649 ς.

382 2673 517 2725 Οὐδὲ
566 2673 677 2741 γὰρ
737 2672 838 2743 τὴν
895 2671 1046 2725 θείαν
1107 2673 1270 2741 φύσιν
1323 2673 1419 2728 κού⁴
1472 2672 1732 2727 ᾶκτιστον
1762 2673 1892 2728 ἀνύ-

302 2767 559 2835 παρκτόν
608 2783 668 2819 τε
723 2769 814 2819 καὶ⁵
861 2764 1126 2835 ἁθέλητον
1173 2766 1599 2838 ἢάνενέργητον
1644 2766 1892 2837 καθορῶ-

2214 2517 2469 2586 Ejusdem
2503 2532 2567 2571 ea;
2598 2514 2821 2585 epistola
2871 2514 2941 2568 ad
2982 2491 3340 2568 Nicandrum.

2063 2658 2252 2732 Neque
2323 2662 2565 2716 divinam
2640 2674 2695 2719 et
2772 2665 3072 2725 increatatu
3150 2677 3397 2722 naturam
3458 2683 3570 2723 non

1990 2769 2118 2810 vere
2206 2756 2560 2811 exsistentem
2638 2758 2925 2826 videmus,
3014 2761 3422 2831 voluntatisque
3507 2775 3626 2817 ac‘

306 2877 437 2932 μεν·
471 2858 595 2913 οὔτε
634 2859 739 2930 μὴν
795 2859 894 2928 τὴν
921 2859 1146 2929 κτιστὴν
1194 2859 1316 2912 καθ’
1350 2861 1498 2929 ἡμᾶς
1531 2862 1627 2913 καὶ
1680 2860 1889 2929 ἀνθρω-

1994 2850 2329 2919 operationis
2388 2863 2701 2920 expertem;
2781 2861 2837 2905 at
2899 2866 3077 2922 neque
3142 2869 3337 2909 rursus
3413 2868 3572 2909 crea-

303 2954 475 3023 πίνην
506 2952 694 3006 οὑσίαν
729 2951 1081 3021 ἀνύπαρκτόν
1107 2967 1166 3004 τε
1197 2952 1293 3004 καὶ
1344 2951 1609 3021 ἁθέλητον
1660 2951 1694 3021 ἢ
1731 2953 1888 3005 ἀνεν-

1995 2953 2104 2998 tam
2191 2944 2351 2998 nobis
2418 2943 2650 2997 similem
2719 2952 2883 3012 atque
2948 2944 3238 2999 humanam
3315 2946 3575 3001 substanu

301 3049 543 3116 έργητον
567 3042 1026 3113 ἑπιγινώσκομεν.
1048 3045 1220 3099 Καὶεί
1243 3042 1515 3113 μηδεμίαν
1530 3045 1739 3097 τούτων
1758 3044 1885 3115 ἐρη-

1995 3038 2164 3101 tiam,
2246 3038 2415 3105 ipsam
2493 3051 2599 3090 non
2671 3051 2797 3091 vere
2875 3038 3227 3093 exsistentem
3298 3040 3575 3107 novimus,

307 3153 418 3208 μον
464 3134 808 3205 ἐπιστάμεθα
853 3133 1095 3203 φυσικῆς
1147 3133 1461 3204 ὑπάρξεως,
1506 3132 1776 3203 θελήσεώς
1831 3150 1890 3185 τε

1993 3139 2046 3184 ει
2118 3118 2398 3184 voluntate
2472 3129 2587 3183 sive
2668 3129 2985 3198 operatione
3063 3138 3360 3184 carentem.
3472 3130 3572 3185 Sin

303 3226 411 3280 καὶ
437 3225 742 3295 ἐνεργείας,
766 3227 831 3280 ἐκ
862 3223 1074 3279 τούτων
1115 3224 1193 3289 δὲ,
1239 3223 1395 3287 θείας
1427 3224 1642 3296 φύσεως
1672 3223 1769 3277 καὶ
1796 3224 1889 3277 άν-

1993 3231 2176 3279 autem
2264 3231 2519 3277 neutram
2606 3220 2765 3277 defici
2842 3222 3049 3277 scimus
3126 3236 3253 3277 vera
3336 3222 3574 3278 naturali

306 3314 592 3386 Ορωπενης
629 3316 846 3385 φύσεως
887 3316 1052 3386 λέγω,
1081 3318 1177 3373 καὶ
1203 3319 1260 3371 ὲν
1286 3318 1537 3383 ταύταις,
1566 3321 1659 3372 καὶ
1684 3317 1890 3371 τούτων

1993 3318 2305 3374 exsistentia
2329 3332 2394 3374 ac
2421 3318 2753 3383 substantia,
2796 3333 3013 3373 necnon
3038 3318 3323 3372 voluntate
3350 3329 3415 3370 ac
3441 3331 3574 3384 ope-

305 3406 613 3470 ὑπὸστασίς
658 3411 772 3461 ἐστι
806 3408 927 3462 κατ’
960 3409 1220 3479 ἀλήθειαν
1259 3411 1289 3463 6
1334 3407 1416 3473 εἷς
1446 3413 1541 3465 καὶ
1576 3411 1732 3481 μόνος
1758 3411 1890 3482 Χρι-

306 3496 437 3560 στὸς
460 3500 556 3551 καὶ
583 3498 731 3564 Υἱὸς,
771 3499 910 3565 πῶς,
960 3501 1115 3570 είπερ
1162 3502 1319 3569 φύσει
1366 3503 1571 3572 κυρίως
1612 3502 1765 3567 Θεὸς,
1796 3502 1891 3556 καὶ

302 3589 475 3657 φύσει
509 3589 713 3661 κυρίως
755 3589 1045 3662 ἄνθρωπος
1075 3594 1103 3645 6
1129 3593 1314 3660 αὐτὸς,
1340 3593 1459 3664 οὑχὶ
1505 3593 1600 3647 καὶ
1629 3594 1772 3647 θεῖον
1799 3593 1890 3648 θέ-

300 3679 463 3748 λημα
512 3679 606 3733 καὶ
654 3681 942 3750 ἐνέργειαν
972 3682 1135 3752 φύσει
1174 3685 1399 3756 κυρίως,
1430 3685 1528 3739 καὶ
1554 3684 1894 3757 ἀνθρώπινον

302 3772 543 3841 θέλημα,
570 3774 666 3826 καὶ
692 3773 974 3844 ἐνέργειαν
1005 3775 1164 3845 φύσει
1194 3777 1403 3847 κυρίως
1427 3773 1562 3846 εἶχε,
1594 3777 1890 3848 μηδετέρου

301 3860 515 3915 τούτων
554 3862 694 3916 κατὰ
735 3862 898 3931 φύσιν
931 3862 1005 3917 ῶν
1046 3864 1289 3936 ἐλλιπὴς,
1321 3865 1388 3920 δι’
1415 3858 1490 3919 ὧν
1534 3862 1893 3937 ὲπαληθεὺων

299 3956 422 4016 τοῖς
457 3954 747 4024 πράγμασι
778 3956 847 4009 τά
880 3955 1139 4026 ὀνόματα,
1170 3956 1267 4011 καὶ
1296 3956 1509 4020 τούτοις
1568 3955 1724 4022 αὖθις
1773 3960 1893 4012 ἐπι-

300 4044 496 4115 κυρῶν
524 4046 593 4099 τά
614 4045 938 4117 πράγματα,
972 4048 1255 4117 προδήλως
1280 4048 1310 4101 6
1339 4047 1503 4110 αὐτὸς
1544 4047 1890 4119 ἐγνωρίζετο,

299 4137 379 4191 τά
420 4154 481 4190 τε
538 4137 657 4191 θεῖα
675 4138 771 4192 καὶ
800 4137 1119 4208 ἀνθρώπινα
1152 4139 1399 4209 φυσικῶς
1426 4139 1568 4210 ἔχων
1590 4139 1684 4193 καὶ
1714 4141 1883 4195 θέλων

302 4229 403 4282 καὶ
430 4229 689 4299 ἐνεργῶν,
732 4232 843 4284 κάκ
872 4229 1063 4284 τούτου
1103 4231 1172 4286 τὰ
1209 4233 1267 4299 ἐξ
1304 4225 1400 4296 ὧν,
1429 4236 1523 4289 καὶ
1573 4237 1631 4289 ὲν
1659 4231 1762 4300 οἷς,
1795 4237 1890 4291 καὶ

304 4320 454 4391 ἅπερ
509 4319 747 4391 ὑπῆρχε,
790 4319 1219 4390 πιστευόμενος;
1272 4322 1447 4390 Ἐπεὶ,
1505 4324 1600 4377 τοῦ
1658 4327 1890 4397 φυσικοῦ

305 4410 611 4510 θελήματος
654 4412 748 4510 καί
791 4413 892 4510 τῆς
932 4412 1221 4477 οὑσιώδους
1250 4416 1532 4485 ἐνεργείας
1568 4418 1893 4490 άναιρουμέ-
1917 4455 1958 4510 D

304 4521 436 4567 νων,
484 4504 585 4573 τῆς
618 4521 677 4557 τε
720 4503 870 4568 θείας
910 4505 1004 4558 καὶ
1049 4505 1399 4578 ἀνθρωπίνης
1442 4509 1653 4575 οὐσίας,
1684 4510 1776 4564 τοῦ
1828 4512 1893 4565 ὲκ

302 4596 513 4649 τούτων
546 4595 641 4649 καὶ
678 4597 885 4659 ταύτας
921 4597 1074 4659 ὄντος
1124 4599 1216 4652 καὶ
1265 4597 1531 4664 σώζοντος
1573 4602 1716 4655 κατὰ
1764 4604 1915 4673 μίαν

303 4688 628 4752 ὑπόστασιν,
654 4688 772 4751 πῶς
802 4688 932 4753 Θεὸς
978 4690 1010 4761 ἢ
1060 4689 1347 4762 ἄνθρωπος
1402 4692 1558 4747 ἔσται
1589 4709 1603 4758 ;
1637 4695 1732 4747 καὶ
1774 4694 1894 4758 πῶς

300 4776 483 4839 τοῦτο,
529 4776 563 4845 ἢ
616 4778 793 4830 έκεῖνο
835 4777 956 4830 κατ’
986 4778 1174 4833 οὐσίαν
1224 4780 1487 4851 ὑπάρχων
1520 4781 1889 4852 δειχθήσεται,

307 4868 385 4937 μὴ
418 4866 607 4930 σώζων
636 4868 902 4939 ἑκατέρας
923 4869 1139 4937 φύσεως
1169 4870 1472 4935 ἀνελλιπῶς
1493 4872 1593 4944 τὴν
1627 4873 1889 4945 ἰδιότητα,

304 4961 490 5030 πάσης
545 4961 823 5033 ἁμαρτίας
864 4962 1066 5034 χωρίςς
1121 4962 1195 5016 Τδ
1242 4962 1348 5035 γάρ
1392 4964 1503 5019 τῶν
1544 4965 1687 5021 κατὰ
1729 4966 1892 5037 φύσιν

303 5053 527 5121 ὲκστᾷν,
554 5052 659 5106 κᾶν
686 5052 785 5121 τῆς
807 5052 911 5116 ἔξω
939 5055 1037 5123 τῆς
1055 5053 1253 5118 ,οὑσίας
1276 5057 1587 5126 γεγένηται,
1619 5058 1891 5129 μηδεμίαν

305 5142 544 5213 ὕπαρξιν
593 5143 745 5216 ἔχον⁹
791 5145 901 5198 ὅτι·
932 5146 1066 5216 μηδὲ
1095 5145 1314 5217 κίνησιν
1347 5151 1603 5220 φυσικήν.
1641 5170 1660 5202 σ
1682 5151 1757 5205 T6
1781 5151 1891 5223 γὰρ

308 5234 582 5305 μηδεμίαν
616 5236 831 5306 κίνησιν
874 5236 1017 5308 ἔχον,
1045 5256 1063 5289 ι
1174 5255 1341 5307 φησιν
1382 5239 1412 5292 6
1444 5238 1765 5313 θεοφάντωρ
1795 5242 1892 5296 καὶ

310 5325 483 5395 μέγας
513 5325 670 5394 ἅγιος
697 5328 973 5393 Διονύσιος
994 5329 1060 5395 ⁸⁸,
1089 5348 1107 5381 ‹
1133 5327 1257 5382 οὒτε
1288 5328 1454 5396 ἔστιν,
1498 5330 1623 5386 οὔτε
1639 5332 1691 5386 τί
1719 5335 1887 5388 ἐστιν*

306 5414 429 5467 οὔτε
479 5415 595 5469 εστι
646 5433 731 5480 τις
774 5417 942 5471 αὑτοῦ
994 5418 1273 5482 παντελῶς
1306 5419 1477 5484 θέσις.
1523 5440 1542 5474 ι
1668 5422 1768 5478 Διά
1808 5440 1890 5476 τοι

307 5507 467 5560 τοῦτο
512 5506 613 5571 τὰς
658 5507 901 5579 Χριστοῦ
941 5509 1036 5563 τοῦ
1078 5509 1214 5563 Θεοῦ
1260 5510 1451 5579 φύσεις
1491 5512 1888 5583 ὁμολογοῦντας

306 5600 476 5669 ἡμᾶς,
508 5599 606 5670 τὴν
637 5600 789 5655 θείαν
825 5602 971 5673 φημὶ
1004 5602 1100 5657 κα)⁹
1138 5602 1239 5674 τὴν
1274 5603 1397 5657 καθ’
1427 5607 1578 5675 ἡμᾶς
1616 5607 1890 5678 ἀνθρωπί-

307 5708 425 5762 νην,
456 5693 595 5763 πρὸς
645 5692 869 5764 βεϐαίαν
912 5694 1011 5766 τῆς
1038 5713 1096 5749 τε
1126 5696 1331 5750 τούτων
1360 5698 1650 5770 ὑπάρξεως
1687 5700 1891 5755 πίστει)⁴

312 5800 413 5849 σιν,
446 5786 543 5840 καὶ
579 5786 679 5859 τῆς
704 5788 864 5859 ήμῶν
898 5788 1027 5858 περὶ
1061 5789 1244 5846 αὐτῶν
1288 5790 1575 5867 ὁμολογίας
1609 5793 1885 5866 ἀλήθειαν,

1988 3409 2228 3475 ratione;
2272 3416 2437 3478 atque
2481 3423 2549 3463 ex
2586 3409 2675 3464 his
2722 3400 2930 3481 (divina
2971 3408 3183 3463 scilicet
3222 3408 3571 3475 humanaque

1987 3502 2202 3571 natura)
2241 3508 2298 3556 et
2335 3500 2392 3554 in
2432 3500 2540 3565 his,
2573 3509 2738 3570 atque
2778 3500 2977 3554 harum
3011 3515 3145 3555 vere
3191 3515 3427 3570 persona
3463 3506 3570 3563 est,

1990 3609 2135 3649 unus
2183 3606 2247 3647 ac
2293 3592 2445 3647 solus
2494 3591 2751 3647 Christus
2800 3601 2963 3661 atque
3007 3591 3211 3657 Filius;
3261 3591 3570 3661 quomodo,

1961 3696 2051 3738 'ac
2082 3697 2206 3738 cum
2237 3691 2436 3738 natura
2468 3682 2691 3753 proprie
2723 3682 2888 3747 Deus,
2915 3682 3176 3752 idemque
3211 3691 3406 3736 natura
3439 3698 3565 3752 pro-

1985 3775 2105 3845 prie
2132 3776 2300 3830 homo
2324 3782 2493 3837 esset,
2519 3789 2630 3829 non
2663 3773 2828 3828 etiam
2857 3772 3101 3827 divinam
3126 3780 3322 3825 natura
3346 3772 3571 3841 proprie

1984 3867 2327 3921 voluntatem
2370 3872 2426 3920 et
2472 3865 2883 3935 operationem,
2922 3864 3329 3932 humanamque
3372 3870 3571 3916 natura

1986 3956 2205 4027 proprie
2226 3956 2567 4011 voluntatem
2596 3964 2651 4010 et
2681 3955 3057 4025 operationem
3081 3954 3343 4019 habebat,
3368 3961 3569 4009 neutro

1986 4047 2185 4103 horum
2217 4056 2414 4102 natura
2448 4063 2676 4113 carens;
2712 4047 2934 4116 quibus,
2963 4046 3216 4101 faciendo
3252 4054 3314 4099 ut
3347 4044 3572 4101 nomina

1986 4139 2154 4195 rebus
2194 4155 2327 4195 vere
2367 4139 2756 4203 convenirent,
2786 4148 2951 4207 atque
2994 4137 3081 4191 his
3117 4152 3313 4191 rursus
3348 4136 3571 4192 easdem

1986 4231 2307 4296 astruendo,
2342 4228 2635 4285 manifeste
2680 4230 2825 4285 idem
2870 4229 3009 4298 ipse,
3048 4242 3171 4282 cum
3218 4227 3407 4289 divina
3456 4235 3571 4281 tum

1986 4322 2226 4377 humana
2258 4321 2590 4377 naturaliter
2622 4321 2862 4386 habens,
2889 4322 3193 4389 volensque
3234 4335 3298 4375 ac
3336 4334 3575 4390 operans

1987 4412 2348 4479 noscebatur;
2384 4426 2447 4466 ac
2476 4412 2571 4483 qui
2605 4412 2755 4477 inde,
2784 4427 2869 4476 ea,
2897 4424 2963 4466 ex
3005 4411 3233 4480 quibus,
3263 4418 3320 4466 et
3353 4412 3408 4465 in
3443 4411 3571 4481 qui-

1986 4504 2111 4570 bus,
2138 4513 2195 4559 et
2223 4519 2345 4574 quae
2376 4512 2514 4569 erat,
2544 4504 2891 4559 crederetur.
2920 4502 3172 4558 Naturali
3201 4503 3349 4558 enim
3375 4504 3573 4558 volun-

1988 4604 2097 4650 tate
2140 4611 2206 4650 ac
2242 4595 2524 4651 essentiali
2550 4586 2884 4666 operatione
2918 4596 3169 4659 sublatis,
3201 4598 3342 4667 ejus,
3373 4596 3469 4665 qui
3509 4609 3578 4649 ex

1986 4686 2095 4754 his,
2121 4703 2185 4742 ac
2212 4687 2295 4743 hae
2324 4698 2428 4753 est,
2454 4696 2750 4758 servatque
2782 4688 2837 4742 in
2870 4704 2979 4743 una
3009 4702 3270 4758 persona,
3298 4690 3576 4759 quomodo

1986 4780 2134 4836 Deus
2156 4787 2213 4834 et
2233 4778 2400 4834 homo
2423 4779 2644 4835 futurus
2669 4780 2787 4835 est?
2809 4779 2887 4834 Ac
2910 4777 3187 4848 quomodo
3211 4777 3318 4832 hoc
3369 4777 3577 4834 illudve

1989 4876 2359 4932 essentialiter
2401 4890 2524 4931 esse
2566 4872 2990 4935 monstrabitur,
3016 4871 3110 4940 qui
3152 4870 3443 4939 utriusque
3481 4886 3579 4924 na-

1989 4973 2128 5021 turze
2154 4965 2574 5037 proprietatem,
2600 4964 2809 5031 absque
2839 4961 2988 5016 omni
3015 4968 3263 5031 peccato,
3288 4961 3580 5017 indcfccti-

1987 5055 2174 5111 biliter
2195 5072 2307 5111 non
2340 5054 2562 5110 servet?
2584 5053 2739 5120 Quod
2767 5053 2914 5107 enim
2943 5053 3185 5109 excessit
3207 5053 3276 5109 iis
3302 5070 3422 5125 quae
3447 5063 3577 5110 sunt

1988 5163 2059 5203 ex
2099 5155 2318 5210 natura,
2352 5147 2421 5201 ab
2464 5146 2582 5216 ipsa
2618 5160 2840 5216 quoque
2884 5147 3148 5212 essentia,
3179 5148 3387 5203 nullam
3427 5148 3577 5202 exsi-

1988 5237 2245 5293 stentiam
2282 5236 2496 5290 habens
2529 5250 2592 5289 ac
2626 5234 2989 5289 substantiam
3029 5235 3207 5307 (quod
3242 5252 3420 5305 neque
3454 5250 3575 5289 mo-

1989 5325 2127 5397 tum)
2158 5334 2452 5381 extrancus
2476 5325 2653 5380 factus
2681 5333 2785 5380 est.
2814 5325 2951 5381 Nam
2980 5335 3043 5381 ut
3069 5326 3244 5380 divini
3274 5327 3570 5395 magnique

1990 5419 2233 5475 doctoris
2264 5418 2410 5474 bcatt
2449 5417 2691 5489 Dionysii
2724 5418 2999 5473 sententia
3032 5425 3117 5471 est
3146 5435 3159 5470 :
3199 5436 3217 5468 ι
3251 5415 3409 5482 Quod
3442 5416 3570 5470 nul—

1989 5511 2102 5566 lum
2126 5509 2293 5564 habet
2318 5516 2550 5573 motum,
2572 5524 2752 5579 neque
2774 5517 2879 5573 est,
2900 5522 3080 5578 neque
3108 5507 3317 5577 aliquid
3342 5517 3447 5571 est,
3470 5522 3574 5562 nec

1991 5603 2100 5657 ulla
2132 5616 2363 5673 prorsus
2388 5601 2507 5673 ejus
2531 5600 2821 5656 affirmatio
2848 5608 2951 5654 est.
2982 5618 3001 5650 ι
3031 5599 3221 5669 Igitur,
3246 5599 3340 5669 qui
3368 5598 3573 5654 Christi

1991 5695 2086 5750 Dei
2122 5701 2347 5749 naturas
2383 5694 2520 5765 (tum
2558 5693 2769 5748 scilicet
2792 5691 3071 5755 divinam,
3099 5696 3216 5743 tum
3247 5704 3368 5759 qum
3398 5686 3575 5743 nostri

1992 5786 2191 5842 similis
2219 5792 2324 5853 cst,
2350 5785 2670 5856 humanam)
2704 5781 3086 5851 confiteamur,
3114 5780 3181 5838 ad
3211 5796 3397 5838 earum
3425 5779 3573 5838 exsi-
