4052 6292
578 350 717 421 1115

570 486 790 543 ειειιιίω
830 490 1039 539 certam
1079 479 1433 536 astruendam
1478 476 1672 542 ﬁdem,
1708 490 2005 548 veramque
2051 490 2153 531 no—

570 591 740 636 stram
776 577 843 632 de
876 576 987 632 illis
1018 572 1447 635 confessionem,
1480 570 1706 624 omnino
1737 584 1957 639 quoque
1989 576 2153 622 natu-

575 674 718 728 rales
753 671 996 741 ipsarum
1029 667 1151 737 pari
1184 681 1418 720 numero
1449 664 1762 718 voluntates
1794 663 2154 734 proﬁteamur

574 780 803 819 necesse
849 774 964 823 est,
1012 759 1355 828 totidemque
1402 758 1725 814 essentiales
1774 756 2155 826 operationes;

574 874 681 913 nec
713 858 909 911 harum
945 853 1152 924 aliquid
1186 868 1417 924 prorsus
1450 852 1766 907 minuamus
1833 860 1929 906 aut
1988 865 2157 921 nege-

574 966 720 1015 mus,
748 965 816 1004 eo
854 956 1144 1019 praetextu,
1172 946 1416 1015 hincque
1457 945 1619 999 nobis
1653 944 1838 1000 fucum
1872 943 2158 1007 facientes,

577 1043 727 1113 quod
773 1042 831 1097 in
877 1055 1112 1112 persona
1163 1038 1432 1094 divinitus
1479 1037 1646 1092 unita:
1694 1037 1836 1103 sint;
1885 1052 2009 1091 cum
2060 1050 2162 1090 nos

576 1133 808 1189 minime
838 1132 1026 1193 lateat,
1055 1144 1179 1200 qua:
1216 1128 1274 1182 in
1314 1142 1549 1197 persona
1581 1126 1714 1183 unio
1745 1136 1848 1191 est,
1874 1126 2010 1181 nihil
2053 1126 2162 1181 illis

576 1240 701 1295 quae
732 1224 1007 1279 naturalia
1042 1228 1200 1287 sunt,
1236 1219 1316 1273 uti
1356 1234 1459 1274 nec
1497 1220 1711 1274 naturis
1744 1219 1878 1288 ipsis
1912 1219 2164 1284 ofﬁcere;

578 1317 800 1372 tametsi
828 1310 919 1370 illa
942 1316 997 1370 vi
1028 1330 1145 1379 sua,
1172 1315 1336 1370 unius
1363 1326 1615 1383 personae
1641 1311 1877 1370 ratione,
1909 1311 1964 1364 in
1993 1325 2164 1364 unum

579 1425 675 1466 eas
708 1417 868 1480 cogat
908 1407 1085 1480 (haud
1126 1415 1309 1461 tamen
1345 1404 1583 1470 eximat,
1618 1402 1752 1473 quin
1793 1410 2004 1457 natura:
2048 1401 2167 1476 ipsa

581 1505 797 1556 ratione
817 1500 940 1555 dua:
980 1496 1300 1568 exsistant),
1351 1496 1429 1551 uti
1478 1494 1646 1551 etiam
1693 1494 1975 1549 naturales
2018 1492 2167 1563 ipsas

582 1592 971 1664 proprietates,
998 1604 1191 1644 earum
1228 1588 1374 1648 inter
1402 1601 1461 1641 se
1490 1583 1803 1640 cohaesione
1830 1598 1895 1637 ac
1922 1582 2169 1638 necessi-

584 1681 799 1746 tudine,
823 1680 988 1734 unius
1016 1692 1207 1734 rursus
1233 1690 1460 1748 prorsus
1487 1690 1633 1729 nexu
1664 1672 1996 1745 astringens,
2023 1688 2165 1727 neu-

585 1784 838 1844 tramque
883 1773 1003 1828 sine
1045 1771 1248 1842 altera,
1282 1776 1507 1823 extrave
1548 1765 1783 1821 alterius
1823 1765 2169 1821 communio-

585 1878 732 1925 nem,
766 1862 878 1916 ullo
908 1861 1094 1925 modo,
1123 1860 1204 1914 uti
1240 1857 1581 1913 clarissimus
1618 1856 1774 1911 urbis
1809 1856 1996 1910 Romae
2028 1871 2170 1926 papa

585 1953 698 2010 Leo
728 1960 912 2017 sentit,
953 1950 1195 2022 spectari
1251 1951 1468 2016 sinens,
1533 1949 1882 2007 essentialem
1949 1965 2014 2006 ac
2070 1966 2170 2007 na-

586 2044 820 2099 turalem
845 2057 1037 2099 earum
1082 2028 1500 2097 distinctionem
1532 2058 1640 2097 non
1701 2058 1933 2113 prorsus
1961 2042 2165 2107 abolet,

582 2135 683 2194 sed
702 2134 944 2206 perfecte
978 2142 1184 2190 servat.
1220 2133 1506 2190 Servando
1537 2135 1682 2189 enim
1742 2142 2026 2200 servatur;
2077 2148 2165 2200 ac,

585 2243 691 2298 qua
724 2233 947 2297 praestat
990 2226 1346 2289 incolumem,
1402 2227 1520 2295 ipsa
1594 2224 1893 2281 incolumis
1937 2233 2167 2295 perstat.

586 2318 864 2374 Hactenus
885 2308 1029 2372 enim
1060 2312 1348 2371 manifeste
1375 2325 1557 2372 exstat
1584 2331 1766 2370 rerum
1790 2314 1941 2379 unio,
1989 2330 2169 2385 quan-

1848 344 2230 409 EU'l‘lIYMlI
2267 337 2633 403 ZIGABENI

3640 340 3752 407 lilii

2188 473 2233 528 Δ
2261 473 2356 528 καί¹
2386 472 2455 528 τὰ
2494 469 2703 543 φυσικὰ
2726 467 2937 524 τούτων
2971 464 3271 538 ἰσαρίθμως
3314 461 3391 520 δεῖ
3427 469 3613 534 πάντως
3649 492 3757 544 πρε.

2263 564 2479 619 σϐεύειν
2507 562 2811 633 θελήματα,
2843 558 2937 613 καῖ⁵
2965 557 3067 621 τὰς
3096 556 3363 623 οὑσιώδεις
3394 561 3626 627 τοσαύτας
3648 566 3758 637 ἐνερ-

2262 657 2423 728 γείας
2463 657 2776 727 ὁμολογεῖν·
2819 653 2916 707 καὶ
2961 652 3128 723 μηδὲν
3165 650 3339 704 αὑτῶν
3376 653 3613 722 προφάσει
3638 656 3759 725 δῆθεν

2263 754 2360 823 τῆς
2391 751 2513 807 καθ’
2545 752 2841 804 ὑπόστασιν
2870 749 3021 813 θείας
3043 748 3286 811 ἐνώσεως
3312 748 3621 823 ἀπομειοῦνῆ
3638 752 3760 823 ὲξαρ.

2264 845 2475 899 νεῖσθαι
2515 845 2576 898 τὸ
2622 843 2871 897 σύνολον·
2911 840 3299 910 γινώσκοντας,
3341 838 3412 904 ὡς
3445 841 3475 910 ἡ
3511 840 3615 894 καθ’
3663 844 3763 897 ὑπό-

2267 955 2458 993 στασιν
2484 938 2680 1001 ἓνωσις
2705 936 2859 991 οὐδὲν
2892 934 3276 1006 παραὸλάπτει
3301 933 3404 985 τῶν
3428 933 3660 1001 φυσικῶν,
3686 954 3760 989 κα-

2268 1032 2446 1102 θάπερ
2480 1029 2603 1083 οὑδὲ
2629 1029 2730 1092 τὰς
2755 1028 2949 1097 φύσεις
2977 1026 3148 1090 αὑτάς
3169 1042 3182 1057 ⁸
3222 1026 3269 1078 εί
3308 1024 3400 1079 κα)⁵
3421 1021 3603 1088 ταύτας
3636 1027 3697 1089 είς
3719 1027 3760 1079 ἓν

2269 1123 2392 1190 ἄγει
2428 1121 2496 1174 δι’
2524 1121 2722 1189 ἑαυτῆς
2764 1120 2907 1173 κατὰ
2940 1118 3037 1188 τὴν
3082 1118 3211 1188 μίαν
3250 1116 3525 1171 ὑπόστασιν
3548 1134 3559 1147 ⁸
3587 1117 3664 1171 τοῦ
3681 1119 3761 1185 δύο,

2269 1215 2348 1286 τῷ
2375 1213 2591 1284 φυσικῷ
2633 1211 2779 1284 λόγῳ
2816 1211 3087 1281 ὑπάρχειν
3118 1208 3364 1279 οὐδαμῶς
3394 1208 3657 1275 ὲξιστῶσα·
3682 1210 3762 1263 ὥσ-

2269 1277 2399 1377 ἕτὲρ
2425 1300 2518 1359 οῦν
2563 1277 2761 1357 καὺτά
2788 1302 2852 1375 δὴ
2897 1277 3045 1369 λέγω
3098 1300 3167 1355 τὰ
3214 1277 3412 1370 φυσικά
3456 1297 3763 1371 ίδιώματα,τῇ

2269 1395 2408 1468 πρὸς
2456 1393 2661 1465 ἄλληλα
2705 1393 2955 1464 συμφυτα
2990 1391 3163 1445 διόλου
3216 1389 3374 1444 πάλιν
3421 1388 3662 1453 ὲνίζουσα,
3694 1391 3764 1443 καὶ

2273 1486 2569 1559 μηδέτερον
2614 1485 2708 1539 τοῦ
2760 1485 2951 1557 ἐτέρου
3000 1483 3191 1556 χωρὶς,
3228 1483 3259 1552 ἢ
3308 1482 3405 1552 τῆς
3440 1482 3636 1551 θατέρου
3667 1483 3767 1555 πρὸς

2272 1578 2499 1650 θάτερον
2538 1576 2819 1639 κοινωνίας
2868 1576 3045 1639 ἐκτὸς,
3095 1574 3239 1629 κατὰ
3277 1574 3365 1625 τὸν
3409 1572 3509 1626 τῶν
3545 1573 3770 1642 Ῥωμαίων

2277 1670 2468 1725 πάπαν
2534 1668 2779 1739 ἀοίδιμον
2834 1667 3042 1722 Λέοντα
3111 1664 3431 1737 θεωρεῖσθαι
3549 1664 3772 1718 καθοτιοῦν

2277 1762 2658 1835 συγχωροῦσα,
2702 1760 2803 1833 τὴν
2845 1758 3053 1812 τούτων
3098 1756 3331 1828 οὑσιώδη
3360 1758 3449 1810 καὶ
3476 1756 3678 1825 φυσικὴν
3699 1757 3773 1808 οὑκ

2206 1868 2248 1925 Β
2274 1857 2517 1928 ἀμαυροῖ
2546 1852 2848 1916 παντελῶς,
2879 1851 3015 1906 ἀλλὰ
3042 1840 3267 1914 τελείως
3299 1848 3537 1919 φυλάττει
3550 1848 3773 1919 διαφοράν

2270 1946 2350 2018 τῷ
2383 1947 2495 2016 γὰρ
2533 1946 2834 2015 φυλάττειν
2883 1944 3242 2019 φυλάττεται,
3301 1947 3393 1998 καὶ
3431 1943 3504 2014 τῷ
3539 1948 3772 2015 συντηρεῖν

2282 2040 2652 2107 συντηρεῖται.
2676 2038 2858 2109 Μέχρι
2889 2038 2996 2108 γὰρ
3029 2037 3154 2091 τότε
3189 2037 3377 2106 σαφῶς
3412 2036 3588 2100 ἓνωσις
3636 2056 3773 2108 πραγο

2276 2131 2462 2202 μάτων
2492 2131 2660 2197 ἐστὶν,
2678 2130 2783 2193 ἕως
2813 2129 2944 2203 au,
2973 2131 3184 2186 τούτων
3230 2130 3462 2202 σώζηται
3490 2135 3664 2200 φυσικὴ
3689 2132 3773 2183 δια-

2277 2222 2440 2291 φορά’
2489 2221 2616 2275 ἐπεὶ
2668 2220 2871 2292 ταύτης
2917 2223 3306 2293 παυσαμένης,
3363 2219 3576 2276 παύεται
3612 2223 3779 2284 πάντως

2278 2316 2535 2386 κάκείνη,
2572 2319 2639 2389 τῇ
2674 2319 2941 2390 συγχύσει
2972 2319 3197 2381 τελείως
3227 2318 3588 2386 ἀφανισθεῖσα.

585 2413 679 2467 diu
709 2410 1006 2467 incolumis
1046 2418 1132 2466 est
1164 2411 1436 2467 naturalis
1474 2424 1666 2464 earum
1710 2406 2018 2463 distinctio.
2047 2407 2185 2464 Nam
2214 2409 2317 2463 hac
2342 2419 2613 2478 cessante,
2667 2420 2853 2467 cessat
2890 2410 3119 2467 omnino
3146 2419 3205 2465 et
3238 2411 3351 2476 illa,
3374 2409 3675 2465 confusionis
3690 2408 3781 2464 labe

589 2522 817 2594 prorsus
840 2518 1063 2576 abelita.

654 2616 795 2672 Cum
845 2617 967 2672 haec
1012 2617 1198 2688 itaque
1250 2618 1480 2690 (nempe
1529 2620 1695 2692 unio)
1743 2622 1952 2676 nullam
2000 2621 2169 2678 rebus

579 2707 765 2762 labem
792 2706 1016 2773 inferat,
1042 2723 1148 2764 nec
1179 2709 1395 2764 illarum
1427 2711 1837 2767 distinctionem
1866 2712 2168 2783 quidquam

581 2797 776 2863 laedat,
819 2798 917 2854 sed
964 2799 1311 2854 solummodo
1355 2802 1767 2856 accommodate
1809 2803 1879 2857 ad
1926 2805 2169 2860 nominis

580 2890 1077 2960 nuncupationem,
1103 2907 1227 2962 qua:
1258 2908 1323 2948 ea
1355 2894 1705 2963 ecpnlantur,
1731 2895 1944 2949 unitate
1978 2906 2164 2967 cogat;

578 2983 806 3041 omnino
840 2999 1181 3054 prorsusque
1210 2985 1362 3040 nullo
1388 2984 1703 3040 desiderato
1728 2995 1893 3056 atque
1925 2987 2167 3056 perfecte

2338 2620 2559 2691 Ταύτης
2591 2617 2908 2691 τοιγαροῦν,
2942 2616 3091 2687 λέγω
3133 2615 3193 2670 δὲ
3225 2614 3327 2683 τῆς
3367 2613 3610 2679 ἑνώσεως,
3642 2615 3692 2669 οὐ
3711 2614 3779 2668 λυ-

2269 2713 2605 2785 μαινομένης
2631 2713 2745 2776 τοῖς
2775 2710 3119 2783 πράγμασιν,
3169 2709 3291 2763 οὑδὲ
3320 2711 3385 2780 τῇ
3426 2708 3608 2761 τούτων
3639 2708 3782 2777 διαφο-

2228 2858 2243 2863 η,
2272 2806 2342 2875 ρᾷ
2361 2844 2377 2871 ,
2411 2802 2550 2859 ἀλλὰ
2596 2802 2756 2873 μόνον
2806 2802 2874 2872 τῇ
2919 2799 3112 2872 κλήσει
3157 2798 3446 2871 προσφυῶς
3494 2795 3779 2866 ένοποιούσης

2266 2894 2336 2947 τὰ
2367 2891 2488 2947 κατ’
2514 2892 2707 2963 αὑτὴν,
2734 2891 2843 2944 εἰσὶ
2870 2890 3103 2944 πάντοτε
3202 2890 3298 2943 καὶ
3320 2890 3528 2953 πάντως
3549 2888 3779 2958 ἁμειιὶηως

2267 2987 2324 3039 ὲν
2356 2985 2494 3057 αὑτῇ
2538 2984 2630 3039 καὶ
2671 2982 2893 3047 τελείως
2927 2982 3237 3053 σωζόμενα,
3268 2982 3339 3034 τὰ
3366 2981 3500 3035 κατὰ
3529 2979 3669 3048 φύσιν
3692 2976 3779 3030 διὰ-

573 3071 634 3127 in
675 3088 740 3129 ea
779 3073 1081 3130 incolumia
1123 3084 1275 3141 sunt,
1305 3092 1430 3147 quae
1468 3086 1671 3132 natura
1707 3077 1969 3133 distincta
2014 3089 2163 3146 sunt,

2269 3094 2433 3147 φορα,
2471 3075 2571 3147 τὴν
2601 3073 2821 3128 οἱανοῦν
2852 3074 3220 3147 παρατροπὴν
3236 3074 3296 3126 οὑ
3324 3073 3551 3127 παθόντα
3582 3072 3662 3123 καὶ
3686 3070 3781 3136 σύγ·

573 3180 645 3219 ne
673 3166 764 3220 vel
797 3151 1085 3221 minimam
1119 3167 1250 3223 inde
1283 3169 1628 3224 eversionem
1663 3185 1729 3225 ac
1759 3171 2163 3238 confusionem,

2268 3184 2424 3240 χυσιν
2441 3183 2453 3197 ’
2473 3168 2573 3221 οὑκ
2597 3168 2653 3220 ὲν
2674 3165 2886 3229 οὐσίαις
2914 3164 3200 3230 αὑταῖς,ού
3226 3164 3536 3234 θελήμασιν,
3556 3163 3641 3215 οὐκ
3664 3163 3781 3227 ἔνερ-

575 3255 633 3310 in
672 3256 808 3326 ipsis
844 3259 1103 3314 essentiis
1149 3274 1248 3314 seu
1292 3260 1527 3321 naturis,
1568 3260 1625 3315 in
1667 3261 2070 3328 voluntatibus,
2110 3264 2163 3319 in

2266 3258 2465 3329 γείαις,
2493 3257 2595 3312 οὑκ
2623 3256 2769 3327 ἄλλῳ
2795 3257 2903 3310 τινὶ
2932 3254 3170 3325 φυσικῷ.
3220 3254 3343 3318 Πῶς
3373 3250 3462 3309 οῦν
3489 3253 3783 3319 ἐπικάλυμμα

575 3348 1016 3417 operationibus,
1041 3350 1223 3405 ullove
1249 3351 1357 3404 alio
1384 3352 1533 3420 quod
1561 3361 1773 3421 spectet
1794 3353 1861 3407 ad
1887 3363 2164 3423 naturam,

578 3454 759 3508 passa.
787 3439 1035 3506 Quonam
1068 3440 1236 3511 igitur
1258 3442 1423 3496 modo
1451 3441 1581 3513 (qua
1609 3443 1843 3498 honesta
1867 3459 2000 3500 voce
2031 3461 2166 3500 con-

581 3530 814 3585 vestiam
854 3531 1066 3602 nescio)
1102 3532 1292 3602 proba:
1336 3532 1538 3588 mentis
1582 3549 1696 3589 suae
1735 3535 1799 3589 ac
1837 3537 2167 3593 verecundae

582 3622 858 3689 velamen,
902 3623 1048 3679 hanc
1079 3623 1304 3694 quidam
1340 3634 1669 3694 praetexunt,
1697 3641 1762 3682 ac
1790 3626 2034 3682 Verbum
2077 3630 2165 3684 in-

581 3722 867 3768 carnatum
902 3724 1101 3770 natura
1133 3716 1437 3773 voluntatis
1469 3734 1667 3789 expers
1698 3734 1763 3775 ac
1794 3720 2162 3791 operationis,

580 3812 771 3859 nostra
805 3814 1003 3860 natura
1038 3806 1115 3878 (id
1150 3814 1254 3873 est,
1285 3807 1548 3879 humana)
1583 3817 1863 3875 asserunt;
1904 3818 2163 3880 tanquam

578 3910 713 3951 vere
764 3897 1006 3951 inanima
1052 3914 1118 3954 ac
1160 3908 1383 3954 carente
1429 3900 1679 3966 ratione,
1722 3917 1845 3971 quae
1889 3916 1957 3956 ex
2005 3901 2166 3958 nobis

581 3996 865 4057 assumpta
909 3988 967 4042 in
1008 4003 1076 4044 eo
1119 3988 1432 4045 substantia
1458 3999 1563 4046 est.
1588 3991 1745 4059 Quod
1775 3992 1923 4047 enim
1966 4009 2165 4064 opera-

583 4079 751 4138 tionis
766 4095 831 4135 ac
845 4090 1030 4135 motus
1044 4096 1244 4152 expers
1271 4088 1378 4147 est,
1400 4082 1565 4152 plane
1581 4083 1749 4137 etiam
1770 4082 2013 4140 inanime
2046 4093 2162 4150 est;

580 4171 839 4241 quodque
885 4172 1039 4229 nulla
1088 4173 1322 4231 rationis
1364 4173 1651 4230 voluntate
1702 4175 1994 4246 praeditum
2043 4185 2161 4241 est,

578 4264 760 4338 palam
804 4265 971 4318 etiam
1022 4265 1236 4321 ratione
1284 4274 1581 4338 menteque
1625 4276 1796 4323 caret.
1836 4268 1934 4325 Sin
1979 4277 2164 4325 autem

580 4336 788 4425 absque
834 4355 922 4410 bis
967 4363 1165 4410 natura
1205 4366 1326 4411 erat
1366 4336 1714 4413 ineat-natum
1755 4356 2018 4424 Verbum,
2055 4375 2163 4430 qua

580 4444 972 4498 commercium
995 4444 1285 4500 nobiscum
1308 4445 1531 4512 inierat,
1552 4463 1790 4517 quonam
1810 4449 1977 4503 etiam
1999 4450 2163 4505 modo

580 4532 840 4589 credetur
877 4533 1158 4589 hominem
1196 4534 1376 4605 ipsum
1415 4537 1725 4593 exstitisse?
1742 4537 1848 4604 Qui
1884 4554 2017 4594 vero
2052 4555 2163 4595 non

578 4625 786 4699 potius,
819 4625 1006 4681 divina
1034 4626 1377 4681 demutatum
1405 4636 1620 4696 natura,
1648 4645 1715 4685 ea
1747 4647 1967 4702 quoque
2002 4648 2162 4687 mon-

580 4716 847 4776 Strabitur
898 4717 1084 4773 carnis
1137 4717 1429 4773 aﬂ‘ectibus
1480 4719 1715 4776 invitum
1768 4723 2164 4781 succubuisse?

576 4810 921 4870 Naturalium
961 4809 1110 4864 enim
1169 4809 1623 4880 interemptione,
1661 4811 1825 4867 Arius
1875 4813 2161 4884 Apollina-

580 4902 808 4970 riusque
829 4941 844 4965 ,
874 4900 969 4956 tali
1010 4900 1065 4954 in
1098 4900 1279 4971 ipsum
1302 4900 1421 4956 acie
1446 4901 1863 4971 impressionem
1888 4904 2158 4960 fecerunt.

579 4990 736 5052 Alter
771 4990 921 5047 enim
962 4991 1165 5057 anima,
1200 4991 1340 5046 alter
1376 4992 1590 5047 ratione
1626 4991 1952 5048 destitutum
1992 4994 2160 5065 (quod

574 5092 662 5138 est
693 5082 1036 5153 Operationis
1062 5099 1259 5153 expers
1285 5098 1352 5139 ac
1377 5083 1700 5155 voluntatis)
1732 5085 1985 5155 professi,
2009 5103 2163 5142 crea-

578 5179 758 5225 turam
790 5179 955 5239 atque
980 5170 1250 5226 facturam
1281 5171 1460 5241 ipsum
1487 5174 1791 5229 secundum
1817 5191 1876 5231 se
1906 5176 2160 5247 blasphe-

576 5270 818 5317 marunt.
843 5261 1086 5332 Uterque
1116 5263 1264 5317 enim
1288 5262 1642 5335 Unigenitum
1673 5274 1870 5322 natura
1900 5268 2160 5325 divinita-

574 5356 648 5410 tis
680 5357 987 5426 patibilem,
1015 5372 1126 5411 non
1156 5355 1338 5411 carnis
1370 5366 1588 5424 natura,
1615 5358 1903 5425 dixerunt;
1942 5363 2155 5417 tametsi

2265 3349 2367 3421 τῆς
2400 3350 2555 3412 ἰδίας,
2591 3349 2692 3402 οὑκ
2722 3344 2825 3402 οἷδ’
2855 3349 3006 3410 ὃπως
3040 3347 3307 3419 εὐφήμως
3340 3346 3526 3410 εἰπεῖν,
3569 3343 3783 3412 καλοφρο·

2269 3442 2434 3514 σύνης
2484 3439 2583 3513 (p),
2640 3440 2847 3510 ταύτην
2904 3440 3049 3503 τινὲς
3096 3437 3553 3510 προφασίζονται·
3601 3437 3681 3488 καὶ
3716 3433 3784 3484 τὸν

2268 3534 2623 3607 σαρκωθέντα
2652 3535 2826 3602 Λόγον
2857 3533 3120 3598 ἀθέλητον
3153 3532 3340 3601 φύσει,
3367 3532 3458 3585 καὶ
3482 3527 3782 3598 ἁνενέργητον

2264 3627 2344 3698 τῷ
2369 3627 2492 3681 καθ’
2527 3628 2694 3699 ἡμᾶς,
2723 3628 2891 3698 ἡγουν
2919 3623 2996 3695 τῷ
3037 3623 3390 3695 ἀνθρωπίνῳ,
3420 3621 3575 3693 φασί·
3606 3618 3684 3672 az;
3711 3634 3783 3667 κυ-

2268 3718 2398 3789 ρίως
2437 3717 2648 3789 ἀψύχου
2688 3716 2785 3772 καὶ
2816 3715 3013 3785 ἀλόγου
3056 3714 3157 3784 τῆς
3188 3714 3248 3783 ἐξ
3292 3714 3445 3785 ἡμῶν
3473 3705 3782 3785 προσληφθεί-

2267 3826 2369 3881 σης
2406 3806 2596 3872 οὐσίας
2630 3808 2690 3861 ἐν
2740 3805 2893 3876 αὑτῷ
2933 3804 3333 3874 τυγχανούσης.
3377 3802 3448 3854 Τὸ
3473 3800 3573 3869 γὰρ
3605 3794 3783 3862 ἀνενέρ-

2265 3917 2453 3973 γητον,
2491 3897 2753 3968 ἀκίνητόν
2787 3914 2849 3950 τε
2893 3897 2989 3950 καὶ
3015 3896 3227 3966 ἄψυχον
3259 3892 3531 3964 προδήλως
3554 3888 3655 3943 ἐστί
3673 3903 3686 3917 ο
3715 3882 3784 3937 καὶ

2262 3972 2331 4046 τὸν
2361 3990 2633 4063 μηδεμίαν
2653 3989 2878 4061 λογικὴν
2904 3988 3123 4058 θέλησιν
3146 3986 3293 4058 ἕχον,
3322 3984 3506 4051 ἄλογον
3532 3977 3691 4048 σαφῶς
3714 3972 3784 4028 καὶ

2265 4085 2514 4154 ἀνόητον.
2548 4081 2661 4137 Καὶ
2700 4082 2749 4135 εί
2804 4081 3010 4135 τούτων
3044 4080 3214 4151 χωρὶς
3243 4079 3385 4132 κατά
3414 4075 3563 4147 φύσιν
3590 4071 3783 4139 ὑπῆρχεν

2263 4176 2293 4229 ό
2328 4172 2635 4247 σαρκωθεὶς
2677 4173 2850 4242 Λόγος
2891 4173 2952 4225 τὸ
3005 4170 3126 4225 καθ’
3158 4173 3334 4241 ἡμᾶς,
3365 4169 3480 4233 πῶς
3512 4168 3587 4220 ὅτι
3613 4164 3689 4217 καὶ
3712 4159 3783 4214 άνο

2266 4264 2488 4338 θρωπος
2523 4264 2716 4333 γέγονε
2764 4262 3217 4332 πιστευθήσεται;
3250 4261 3367 4324 πῶς
3398 4259 3451 4313 δὲ
3481 4256 3657 4328 μᾶλλον
3692 4248 3782 4317 οὐχὶ

2263 4357 2498 4431 τραπεὶς
2517 4356 2617 4429 τὴν
2652 4356 2802 4410 θείαν
2834 4355 3020 4427 φύσιν,
3048 4355 3145 4409 καὶ
3173 4354 3379 4429 σαρκὸς
3424 4351 3631 4405 πάθεσιν
3653 4345 3780 4400 ἀκουο

2267 4449 2398 4513 σίως
2420 4446 2710 4500 ὑποπεσὼν
2731 4445 3080 4517 δειχθήσεται
3107 4444 3226 4499 κατ’
3255 4444 3458 4514 αὑτήν;
3487 4441 3560 4511 Τῇ
3587 4438 3678 4505 γάρ
3702 4431 3781 4485 τῶν

2197 4579 2240 4633 D
2269 4539 2516 4609 φυσικῶν
2560 4538 2861 4609 ἀναιρέσει,
2895 4536 2993 4610 τὴν
3027 4536 3137 4591 τῶν
3181 4535 3438 4589 τοιούτων
3478 4524 3782 4599 καταδρομὴν,

2256 4630 2492 4701 νἈρειός
2526 4646 2587 4682 τε
2623 4630 2719 4684 καὶ
2757 4628 3132 4699 Ἀπολινάριος
3162 4627 3285 4680 κατ’
3340 4623 3503 4680 αὑτοῦ
3534 4619 3781 4685 πεποιήκα·

2273 4739 2380 4779 σιν.
2420 4724 2480 4777 Ὃ
2517 4723 2618 4794 μὲν
2650 4723 2782 4795 γὰρ,
2814 4723 3059 4795 ἄψυχον,
3099 4722 3127 4775 ό
3166 4721 3245 4787 δὲ,
3298 4720 3522 4788 ἄλογον,
3564 4717 3681 4784 ὅπερ
3716 4710 3781 4765 ἁν-
3830 4730 3835 4737 ί

2274 4800 2570 4888 ενέργητόν
2608 4815 2725 4869 ἐστι
2762 4815 2856 4868 καὶ
2888 4814 3173 4883 άθέλητον,
3203 4813 3371 4867 αὑτὸν
3398 4807 3780 4880 δογματίσαντες.

2268 4908 2478 4977 κτίσμα
2522 4905 2715 4960 τοῦτον
2744 4906 2840 4962 καὶ
2872 4905 3084 4977 ποίημα
3116 4905 3238 4960 καθ’
3271 4903 3464 4973 ἑαυτὸν
3485 4894 3781 4977 tamam:

2271 4975 2731 5070 σανξἙκάτερος
2778 4997 2889 5068 γὰρ
2940 4975 3186 5068 παθητὸν
3234 4995 3397 5065 φύσει
3433 4975 3782 5059 eamme.“

2269 5092 2329 5144 οὑ
2363 5090 2525 5160 φύσει
2556 5091 2761 5163 σαρκὸς
2786 5086 2939 5145 εἶπον
2962 5090 3053 5144 τὸν
3080 5089 3389 5158 Μονογενῆ·
3422 5086 3518 5141 κᾶν
3556 5072 3783 5136 Ἀπολινέ-

2271 5200 2390 5255 ριος
2438 5183 2520 5237 ἐτι
2559 5184 2682 5238 κατ’
2710 5183 2968 5239 ἀσέϐειαν
3010 5181 3459 5253 δαψιλευόμενοςι
3504 5176 3592 5230 καὶ
3620 5166 3783 5255 “km

2268 5254 2371 5346 τὴν
2408 5275 2489 5339 είς
2522 5276 2704 5346 σάρκα
2734 5275 3040 5347 μεταϐολὴν
3070 5274 3191 5328 κατ’
3214 5273 3487 5327 ἔκπτωσιν
3515 5267 3599 5321 καὶ
3622 5254 3783 5333 τροπὴν

2268 5366 2369 5437 τῆς
2401 5368 2566 5421 αὐτοῦ
2589 5367 2844 5438 θεότητος
2874 5366 3209 5437 ἀπεφήνατο.

580 5456 783 5525 majori
818 5454 999 5511 adhuc
1024 5436 1309 5525 impietate
1330 5451 1731 5525 Apollinarius,
1753 5454 2051 5528 perfectam
2077 5469 2293 5526 quoque
2326 5436 2404 5513 in
2436 5472 2658 5513 carnem
2705 5436 3151 5525 conversionem,
3188 5454 3364 5527 ipsius
3391 5445 3668 5509 divinitatis
3700 5453 3775 5497 oc-

580 5559 713 5600 casu
749 5558 814 5599 ac
841 5544 1149 5597 mutatione
1180 5541 1386 5597 sanxit.

650 5632 842 5701 Operae
872 5632 1107 5701 pretium
1145 5632 1333 5702 igitur,
1371 5638 1430 5685 ut
1464 5630 1668 5701 quibus
1695 5632 2058 5689 constitutum
2084 5636 2156 5690 sit

587 5724 843 5795 pietatem
856 5723 1061 5789 colere,
1092 5723 1499 5779 confessionem
1525 5725 1793 5796 ejusmodi
1819 5737 2157 5790 evertamus,

586 5819 1013 5886 sanctorumque
1038 5812 1261 5872 Patrum
1291 5813 1600 5871 doetrinam
1642 5824 1969 5884 teneamus;
1999 5825 2165 5888 atque

2346 5633 2469 5705 Χρὴ
2499 5631 2795 5705 τοιγαροῦν
2839 5630 3202 5696 εὑσεῦοῦντας
3235 5631 3403 5701 ἡμᾶς,
3451 5628 3544 5696 τὴν
3573 5618 3777 5681 τοιαύτην

2270 5724 2565 5794 ὁμολογίαν
2591 5726 2915 5791 διώσασθαι,
2975 5724 3071 5778 καὶ
3103 5723 3201 5795 τὴν
3232 5722 3339 5775 τῶν
3379 5718 3539 5789 ἁγίων
3566 5711 3775 5777 Πατὲρων

2274 5820 2566 5890 κρατύνειν
2611 5817 2985 5872 διδασκαλίαν·
3044 5815 3261 5872 καὶδύο
3292 5810 3497 5885 φυσικὰ
3548 5804 3777 5873 θελήμαω
