4052 6292
319 334 455 401 1111

1239 346 1612 408 PANOPLH
1651 344 2110 410 DOGMATICA.
2146 373 2216 384 --
2243 349 2391 412 ΤΙΤ.
2425 351 2583 416 XXI.

3431 362 3573 431 1118

301 478 427 531 κατ’
463 477 684 544 αὐτοὺς,
726 479 825 535 καὶ
864 479 1149 548 etamen;
1180 484 1488 555 ἐνεργείας,
1522 486 1617 540 ἐπὶ
1663 488 1759 544 τοῦ
1788 492 1892 545 αὑ-

1995 495 2128 554 duas
2159 496 2444 552 naturales
2465 496 2800 566 voluntates,
2826 513 2896 554 ex
2923 513 3120 554 eorum
3148 507 3333 555 mente
3357 515 3421 556 ac
3442 518 3571 557 sen-

303 571 396 624 τοῦ
430 572 525 625 καὶ
553 572 672 637 ἐνὸς
697 572 1003 644 ὁμολογεῖν.
1036 576 1100 629 El
1132 576 1243 649 γὰρ
1265 576 1325 631 ἐν
1351 579 1441 632 ἐπ’
1475 579 1641 635 αὑτοῦ
1678 581 1913 655 θέλημα

305 664 401 716 καὶ
424 662 557 733 μίαν
598 664 884 736 ἐνέργειαν
922 666 1198 740 εἴποιμεν,
1220 670 1256 743 ἢ
1273 670 1465 727 τοῦτον
1490 673 1592 730 οὐκ
1627 673 1761 730 ὄντα
1787 676 1892 747 φύ-

307 770 389 806 σει
420 756 515 807 καὶ
538 754 852 828 ἄνθρωπον,
873 756 1011 813 ἀλλὰ
1046 759 1208 830 μόνον
1245 760 1382 816 Θεόν
1402 779 1417 793 ο
1450 763 1486 837 ἢ
1528 764 1690 835 φύσει
1726 767 1891 837 μόνον

304 847 613 919 ἄνθρωπον,
651 851 749 904 καὶ
773 850 836 905 ού
865 852 999 908 Θεόν
1023 870 1037 884 ·
1080 852 1114 925 ἢ
1146 853 1271 910 οὔτε
1298 855 1585 929 ἄνθρωπον
1606 858 1733 915 οὔτε
1756 859 1892 915 Θεὸν

306 942 496 1011 σαφῶς
532 942 957 1015 δογματίσομεν.
987 940 1133 1010 υἷον,
1166 949 1216 1003 εἰ
1249 949 1351 1017 μέν
1381 950 1609 1019 φυσικὸν
1633 951 1698 1007 τὸ
1733 952 1891 1024 θέλησ-

308 1048 386 1101 μα
410 1032 576 1103 τυχὸν
617 1033 890 1106 εἴποιμεν,
938 1035 973 1106 ἢ
1021 1035 1165 1090 θεῖον
1205 1039 1508 1112 πάντως,ῆ
1549 1041 1892 1114 ἀνθρώπινον

310 1122 468 1177 τοῦτό
509 1125 647 1178 ἐστι·
678 1126 774 1180 καὶ
812 1127 862 1179 εί
910 1126 1075 1193 θεῖον,
1107 1128 1177 1182 τὰ
1202 1128 1323 1184 θεῖα
1368 1133 1488 1186 κατ’
1512 1132 1647 1186 αὐτὸ
1674 1133 1892 1204 θελήσει

306 1214 556 1283 φυσικῶς
598 1217 627 1269 ὁ
664 1216 837 1285 Λόγος
862 1233 877 1250 -
918 1216 1054 1272 Θεὸν
1094 1219 1255 1289 φύσει
1296 1222 1459 1292 μόνον
1502 1224 1597 1278 καὶ
1627 1224 1891 1298 συνθελή-

306 1307 407 1379 τὴν
452 1305 532 1377 τῷ
575 1308 692 1379 ίδίῳ
723 1310 1013 1382 γεννήτορι
1058 1311 1274 1378 δεικνὺς
1301 1316 1518 1382 ἐαυτὸν,
1553 1318 1649 1371 καὶ
1672 1319 1773 1374 οὐκ
1799 1318 1889 1374 άν-

307 1398 527 1470 θρωπον
546 1416 560 1432 ·
598 1401 659 1453 οὐ
702 1402 811 1473 γὰρ
845 1403 1060 1473 πέφυκε
1081 1403 1172 1459 διὰ
1192 1404 1286 1459 τοῦ
1310 1406 1472 1476 φύσει
1502 1407 1671 1475 θείου,
1699 1410 1759 1464 τὸ
1786 1410 1888 1465 άν-

307 1491 581 1562 θρὼπινον
622 1492 783 1562 φύσει
830 1495 1341 1569 χαρακτηρίζεσθαι
1364 1516 1378 1531 ⁸
1416 1499 1609 1573 ὥσπερ
1651 1503 1774 1557 ούδέ
1801 1502 1890 1559 διά

305 1583 402 1636 τοῦ
439 1583 561 1638 κατ’
608 1584 799 1639 οὐσίαν
845 1586 1217 1659 ἀνθρωπίνου,
1250 1590 1313 1644 τὸ
1356 1591 1477 1647 κατ’
1514 1593 1702 1647 οὐσίαν
1747 1594 1892 1650 θεῖον

304 1672 699 1745 γνωρίζεσθαι.
722 1674 898 1731 Τοῦτο
925 1677 1010 1743 δὲ,
1038 1679 1134 1732 καὶ
1165 1680 1214 1733 εί
1241 1680 1583 1755 ἀνθρώπινον
1608 1684 1802 1757 φῶμεν
1829 1687 1893 1741 τὸ

309 1765 526 1837 θέλημα
576 1768 762 1836 φύσει,
814 1768 959 1824 κατὰ
1000 1769 1062 1823 τὸ
1099 1770 1398 1828 ἀκόλουθον
1462 1776 1889 1849 συναχθήσεται.

1987 588 2180 655 tentia,
2206 588 2639 661 essentialesque
2668 591 3020 661 operationes
3050 593 3107 647 in
3131 609 3243 649 uno
3267 594 3575 664 eodemque

1988 679 2353 737 conﬁteamur
2393 697 2460 737 ac
2498 681 2878 739 admittamus.
2913 685 3085 752 Nam,
3116 686 3162 740 si
3209 702 3375 740 unam
3415 688 3473 741 in
3509 702 3577 741 eo

1987 774 2332 830 voluntatem
2515 791 2795 846 unamque
2836 778 3213 847 operationem
3252 778 3576 846 dixerimus,

1989 874 2088 922 aut
2128 882 2258 921 eum
2304 881 2418 931 non
2464 867 2634 923 etiam
2677 878 2872 924 natura
2912 870 3227 937 hominem,
3261 871 3358 927 sed
3401 873 3578 927 solum

1989 958 2191 1026 Deum,
2215 968 2312 1015 aut
2340 969 2538 1015 natura
2567 970 2781 1017 tantum
2814 962 3117 1028 hominem,
3147 973 3203 1019 et
3229 980 3342 1019 non
3368 966 3576 1032 Deum;

1989 1057 2089 1105 aut
2136 1065 2320 1120 neque
2374 1051 2694 1118 hominem,
2744 1068 2927 1124 neque
2974 1054 3149 1109 Deum
3198 1070 3354 1122 esse,
3398 1058 3579 1125 palam

1988 1141 2397 1213 proﬁtebimur.
2433 1143 2595 1210 Puta,
2629 1144 2675 1200 si
2713 1146 3024 1200 naturalem
3059 1146 3202 1202 forte
3239 1149 3576 1203 voluntatem

1990 1232 2315 1301 dixerimus,
2334 1235 2453 1290 haec
2478 1246 2576 1290 aut
2597 1235 2786 1290 divina
2818 1253 3047 1307 prorsus
3070 1248 3175 1304 est,
3196 1248 3292 1294 aut
3315 1240 3577 1296 humana.

1990 1325 2049 1382 Si
2072 1325 2278 1392 divina,
2299 1341 2366 1381 ea
2387 1327 2628 1383 Verbum
2658 1337 2857 1382 natura
2881 1330 3030 1385 volet
3052 1346 3176 1400 quae
3208 1340 3338 1386 sunt
3361 1332 3576 1397 divina;

1988 1433 2050 1474 se
2094 1427 2299 1474 natura
2351 1420 2565 1486 Deum,
2613 1420 2920 1491 eademque
2969 1437 3034 1477 ac
3079 1423 3241 1479 Pater
3287 1424 3578 1494 praeditum

1987 1510 2295 1576 voluntate,
2318 1510 2668 1566 solummodo
2693 1512 3024 1579 ostendens;
3056 1529 3167 1569 non
3195 1522 3380 1570 autem
3405 1516 3584 1571 homi-

1989 1614 2137 1653 nem.
2168 1598 2287 1653 Non
2324 1599 2473 1654 enim
2504 1615 2592 1654 res
2624 1600 2853 1669 patitur,
2884 1610 2946 1655 ut
2974 1600 3124 1670 quod
3156 1611 3357 1657 natura
3386 1601 3581 1655 huma-

1989 1703 2121 1743 num
2154 1698 2260 1754 est,
2287 1696 2419 1744 nota
2451 1689 2525 1744 sit
2550 1705 2616 1744 ac
2650 1690 2864 1761 insigne
2912 1692 3036 1762 ejus
3083 1691 3233 1760 quod
3268 1700 3352 1747 est
3384 1702 3584 1746 natura

1990 1778 2273 1835 divinum:
2318 1782 2398 1836 uti
2438 1796 2637 1851 neque,
2671 1789 2733 1836 ut
2770 1780 2916 1851 quod
2957 1781 3207 1835 divinum
3250 1790 3355 1848 est,
3386 1798 3486 1852 per
3527 1782 3582 1835 id

306 1854 372 1945 Et
406 1854 465 1907 δέ
508 1855 892 1923 ὑποστατικὸν,
935 1859 1039 1929 τῆς
1079 1860 1247 1937 αύτοῦ
1304 1862 1474 1937 μόνης
1538 1838 1890 1934 ὑποστάσεως

1995 1868 2140 1938 quod
2178 1877 2264 1925 est
2302 1838 2673 1926 essentialiter
2710 1838 3015 1945 humanum
3054 1838 3435 1943 cognoscatur.
3467 1872 3584 1929 Hoc

307 1943 466 1998 ἐσται
523 1949 1053 2019 χαρωτηριστικόνο
1103 1951 1201 2030 κα).
1247 1951 1434 2007 οὔποτ’
1490 1954 1558 2011 ἃν
1596 1959 1718 2011 κατ’
1759 1960 1894 2015 αὐτὸ

308 2038 622 2111 κοινωνήσῃ
670 2040 850 2111 ΙΙα-ερὶ⁵
895 2040 993 2095 καὶ
1039 2042 1203 2113 ήμῖνο
1239 2044 1348 2099 τῶν
1383 2047 1494 2118 γάρ
1535 2048 1722 2121 ἄκρων
1755 2053 1893 2108 ὑπο-

310 2130 503 2185 στάσει
560 2130 935 2188 διαστέλλεται
982 2136 1078 2188 καὶ
1126 2136 1444 2209 χωρίζεται.
1501 2140 1583 2197 Τά
1633 2143 1779 2200 αὐτὰ
1831 2144 1891 2200 δέ

307 2223 474 2279 πάλιν
502 2223 596 2277 καὶ
616 2224 747 2293 περὶ
781 2226 1075 2296 ἐνεργειῶν
1106 2228 1254 2283 ἐστιν
1287 2232 1484 2287 εἰπεῖν.

1987 1976 2122 2015 vero
2150 1962 2330 2031 ipsum
2355 1973 2761 2032 consequenter
2784 1962 2899 2028 ﬁat,
2918 1963 2964 2017 si
2991 1971 3048 2018 et
3066 1972 3260 2017 natura
3285 1964 3581 2019 humanam

1989 2055 2330 2111 voluntatem
2354 2056 2677 2112 dixerimus.
2705 2056 2802 2113 Sin
2835 2066 3024 2112 autem
3054 2058 3399 2126 personalem
3426 2058 3581 2114 dica-

1991 2160 2146 2213 mus;
2197 2148 2318 2217 ejus
2357 2147 2627 2203 duntaxat
2674 2162 2927 2218 personae
2970 2156 3103 2203 nota
3154 2156 3322 2220 atque
3370 2150 3583 2222 insigne

1990 2239 2129 2304 erit;
2172 2254 2277 2294 nec
2312 2240 2621 2294 secundum
2656 2255 2779 2295 eam
2820 2255 2947 2295 cum
2991 2241 3154 2297 Patre
3191 2251 3356 2311 atque
3396 2244 3587 2298 nobis-

307 2327 437 2367 cum
479 2312 782 2383 quidquam
835 2316 1292 2373 communicabit.
1339 2318 1583 2377 Persona
1629 2321 1780 2379 enim
1827 2322 1898 2379 ab
1933 2326 2196 2382 extremis
2257 2325 2596 2382 discernitur
2623 2343 2688 2383 ac
2716 2329 3044 2401 sejungitur.
3105 2329 3238 2397 Quae
3270 2331 3386 2403 ipsa
3419 2331 3588 2387 etiam

307 2403 379 2460 de
407 2404 826 2474 operationibus
849 2406 1083 2481 dicenda
1109 2416 1260 2464 sunt.

396 2504 538 2557 Ἀλλ’
565 2504 628 2557 οὐ
658 2502 751 2558 διὰ
769 2501 954 2568 τοῦτο,
988 2503 1064 2575 μὴ
1093 2502 1330 2573 γένοιτο,
1357 2502 1459 2568 τὰς
1484 2503 1593 2560 τῶν
1616 2505 1895 2578 θεοφόρων

308 2596 576 2668 Πατέρων
610 2596 744 2668 περὶ
778 2595 985 2661 αὐτῶν,
1035 2596 1181 2667 φημὶ
1215 2595 1328 2650 τῶν
1376 2597 1691 2669 ἐνεργειῶν,
1732 2617 1899 2670 μονα-

307 2689 468 2753 δικὰς
495 2687 896 2760 ἐξαρνούμεθα,
924 2689 1025 2761 τήν
1057 2705 1118 2742 τε
1151 2687 1250 2742 τοῦ
1281 2688 1566 2759 λεχθέντος
1597 2691 1896 2760 θεοφάντο-

316 2797 410 2853 ρος
463 2780 626 2850 ἁγίου
677 2780 957 2834 Διονυσίου
1071 2798 1091 2833 ι
1136 2781 1472 2853 Θεανδρικὴν
1536 2782 1842 2855 ἐνέργειαν,
1872 2803 1894 2837 ι

310 2870 409 2925 καὶ
450 2870 551 2940 τὴν
596 2869 871 2941 Κυρίλλου
921 2869 1017 2923 τοῦ
1069 2869 1239 2940 σοφοῦ
1289 2889 1309 2924 ι
1335 2870 1469 2942 μίαν
1517 2884 1577 2926 τε
1626 2874 1724 2928 καὶ
1768 2890 1902 2944 συγ-

310 2961 454 3033 γενῆ
498 2962 568 3016 δι’
596 2963 801 3033 ἀμφοῖν
847 2962 1297 3034 ἐπιδεδειγμένην
1332 2964 1636 3036 ἐνέργειαν.
1675 2983 1696 3019 ι
1727 2961 1901 3024 Δῦται

315 3054 419 3124 μὲν
451 3053 561 3125 γὰρ
588 3053 678 3107 διὰ
701 3052 801 3123 τὴν
830 3052 1047 3119 ἐνωσιν,
1074 3055 1171 3108 καὶ
1206 3054 1309 3127 τὴν
1350 3055 1489 3127 πρὸς
1536 3056 1774 3129 ἀλλήλας
1816 3058 1902 3112 δι-

2062 2514 2130 2568 Αι
2155 2524 2268 2568 non
2295 2522 2590 2584 propterea
2621 2513 2834 2585 (apage)
2864 2511 3184 2567 divinorum
3213 2513 3439 2568 Patrum
3467 2513 3585 2568 sin-

1994 2608 2216 2676 gulares
2250 2605 2320 2661 de
2352 2606 2442 2660 his
2470 2620 2637 2661 voces
2671 2604 2750 2675 (id
2785 2614 2888 2669 est,
2914 2604 3353 2674 operationibus)
3387 2620 3587 2675 nempe

1996 2714 2165 2752 unum
2207 2698 2343 2768 quid
2384 2696 2759 2769 signiﬁcantes
2796 2697 3182 2767 repudiamus;
3228 2707 3346 2751 tum
3388 2711 3587 2765 nempe

1992 2789 2134 2858 ejus,
2161 2789 2322 2858 cujus
2347 2787 2489 2842 facta
2516 2787 2727 2842 mentio
2752 2795 2861 2851 est,
2885 2787 3062 2841 divini
3093 2787 3412 2858 interpretis
3440 2788 3587 2842 beati

1991 2881 2236 2951 Dionysii
2279 2899 2298 2931 ι
2333 2879 2653 2935 Deivirilem
2683 2880 3088 2950 operationem,
3129 2899 3147 2931 ι
3207 2888 3323 2935 tum
3358 2880 3580 2949 sapien-

1992 2970 2190 3026 tissimi
2233 2969 2459 3041 Cyrilli,
2508 2988 2526 3021 ι
2584 2970 2760 3026 Unam
2809 2978 2978 3039 atque
3026 2968 3244 3025 aﬂinem
3293 2969 3582 3039 utriusque

1992 3078 2225 3119 munere
2253 3062 2460 3118 editam
2492 3062 2895 3131 operationem.
2933 3082 2951 3113 ›
2997 3060 3108 3116 Has
3145 3062 3295 3116 enim
3333 3061 3411 3115 illi
3448 3076 3582 3130 pro-

313 3147 442 3202 ὀλου
484 3147 596 3203 τῶν
645 3149 896 3219 φυσικῶν
954 3149 1253 3222 ἐνεργειῶν
1311 3151 1609 3222 συμφυΐαν,
1658 3152 1897 3217 εὐσεϐῶς

1995 3164 2116 3227 pter
2139 3155 2426 3220 unionem,
2454 3154 2905 3224 naturaliumque
2936 3153 3320 3224 operationum
3352 3154 3496 3207 inter
3524 3168 3585 3207 se

317 3240 506 3303 αὐτοῖς
547 3239 970 3312 ἐκηρύχθησαν
998 3240 1190 3313 ὥσπερ
1221 3240 1319 3295 καὶ
1360 3243 1417 3295 αἱ
1450 3242 1653 3306 δυῖκαὶ,
1687 3243 1778 3297 διὰ
1801 3242 1897 3314 τὴν

1995 3260 2221 3318 prorsus
2258 3244 2418 3315 quasi
2462 3256 2662 3301 natura
2704 3256 3014 3302 consertam
3059 3245 3459 3309 cohaesionem,
3492 3245 3585 3313 pie

317 3330 553 3403 οὐσιώδη
630 3332 727 3386 καὶ
794 3333 1034 3404 φυσικὴν
1108 3333 1315 3388 τούτων
1373 3333 1660 3406 διαφοράν.
1701 3336 1765 3388 Ἡ
1793 3334 1897 3406 γὰρ

1995 3334 2403 3407 praedicarunt;
2452 3337 2533 3391 uti
2585 3346 2643 3391 et
2693 3336 2944 3407 duplices
2998 3336 3153 3407 (qua:
3211 3336 3423 3390 scilicet
3475 3335 3585 3390 duo

322 3421 654 3492 Θεανδρικὴ
698 3425 798 3494 τῆς
838 3423 990 3488 θείας
1031 3424 1171 3495 ὁμοῦ
1204 3425 1301 3480 καὶ
1325 3424 1587 3496 ἀνδρικῆς
1610 3426 1897 3496 ἐνεργείας

1995 3428 2340 3501 signiﬁcant)
2397 3428 2470 3484 ob
2521 3429 2874 3484 essentialem
2926 3444 2993 3485 ac
3041 3429 3347 3484 naturalem
3395 3443 3584 3483 earum

320 3514 566 3588 ὑπάρχει
616 3515 936 3588 περίληψις.
985 3517 1341 3588 Κατάλληλον
1390 3517 1501 3589 γὰρ
1529 3519 1558 3572 ὁ
1583 3517 1897 3582 διδάσκαλος

1995 3523 2427 3580 distinctionem.
2483 3523 2601 3579 Vox
2642 3524 2791 3578 enim
2833 3522 3099 3577 Deivirilis
3138 3523 3379 3578 divinam
3421 3522 3586 3576 simul

315 3611 616 3681 ἐπινοήσας
641 3611 848 3682 φωνὴν,
898 3610 1289 3683 ἐκατέραν,ὡς
1325 3610 1484 3681 ἔφην,
1536 3613 1603 3683 τῇ
1650 3612 1897 3684 προφορᾷ

1995 3615 2402 3684 humanamque
2467 3616 2846 3684 operationem
2907 3615 3315 3685 complectitur.
3369 3612 3585 3668 Conve-

319 3699 838 3773 συλλαμὸάνουσαν,
864 3702 963 3757 καὶ
999 3702 1206 3774 ταύτην
1231 3702 1533 3773 μοναδικῶς
1556 3705 1897 3774 ἐιιφωνήσας¹

1995 3706 2241 3761 nientem
2298 3705 2451 3760 enim
2512 3705 2709 3761 doctor
2771 3714 3118 3761 commentus
3176 3720 3402 3771 vocem,
3464 3720 3587 3774 quae

313 3794 421 3865 τὴν
452 3794 670 3866 διπλῆν,
706 3795 806 3850 τοῦ
834 3794 1024 3848 διπλοῦ
1054 3796 1155 3866 τὴν
1186 3794 1373 3866 φύσιν,
1404 3795 1691 3868 ἐνέργειαν
1743 3813 1903 3868 περι-

318 3902 361 3954 φ
368 3884 654 3957 ραστικῶς
702 3886 1111 3959 παρεδήλωσεν.

386 4167 500 4221 Καὶ
526 4167 560 4237 ή
583 4164 855 4238 Κυρίλλου
884 4164 943 4218 δὲ
975 4166 1071 4219 τοῦ
1103 4162 1274 4233 σοφοῦ
1321 4179 1342 4216 ι
1379 4162 1480 4232 μία
1526 4180 1586 4218 τε
1631 4166 1727 4220 καὶ
1762 4181 1898 4235 συγ-

309 4258 479 4330 γενὴς
519 4258 589 4312 δι’
616 4259 821 4329 ἀμφοῖν
854 4256 1271 4328 ἐπιδεδειγμένη
1309 4255 1582 4326 ἐνέργεια,
1607 4273 1627 4309 ι
1663 4257 1764 4328 τῆς
1800 4254 1900 4311 τοῦ

311 4350 555 4422 μεγάλου
582 4352 775 4405 τούτου
802 4350 1017 4419 Πατρὸς
1046 4348 1316 4421 μεγίστης
1337 4346 1522 4418 ἔχεται
1648 4349 1899 4412 διανοίας.

308 4441 426 4512 Τὴν
458 4441 568 4513 γάρ
616 4440 728 4496 τῶν
771 4439 1021 4512 φυσικῶν
1075 4438 1367 4510 ἐνεργειῶν
1392 4438 1596 4503 καύτὸς
1626 4440 1902 4510 συμφυΐαν

306 4532 408 4586 καὶ
450 4531 647 4585 ἐνωσιν
676 4530 746 4585 δι’
785 4530 956 4602 αὐτῆς
1002 4528 1333 4583 ἐκπαιδεύει.
1373 4527 1555 4583 Θέλων
1596 4528 1707 4600 γὰρ
1732 4530 1901 4594 δεῖξαι

307 4623 409 4677 καὶ
437 4623 466 4676 ὀ
493 4621 871 4693 πανεύφημος
901 4612 1060 4683 οὗτος
1103 4619 1267 4692 ἀνὴρ,
1298 4619 1376 4684 ὡς
1404 4619 1441 4690 ﬁ
1475 4636 1535 4672 τε
1572 4618 1711 4690 σάρξ
1748 4619 1900 4683 Θεὸς,

304 4714 411 4769 καὶ
449 4716 484 4786 ή
526 4713 649 4768 κατ’
685 4712 859 4785 αὐτὴν
886 4711 1153 4783 ούσιὼδης
1191 4712 1465 4782 ἐνέργεια,
1493 4709 1613 4764 θεία
1658 4713 1725 4782 τῇ
1764 4707 1903 4780 πρὸς

305 4807 379 4877 τῇ
416 4804 578 4876 φύσει
619 4803 753 4859 Θεὸν
799 4803 977 4873 Λόγον
1014 4802 1207 4857 ἐνώσει
1253 4802 1551 4873 γεγένηται
1626 4841 1642 4867 ,
1693 4801 1788 4854 καὶ
1834 4801 1903 4854 τά

307 4896 458 4967 ὑπὲρ
488 4896 779 4969 ἄνθρωπον
812 4897 1055 4968 ἐνήργει,
1085 4895 1161 4967 μὴ
1208 4896 1455 4949 ἐκστᾶσα
1492 4893 1705 4958 τούτου,
1734 4888 1903 4964 οὗπερ

305 4981 384 5058 ἦν
412 4987 555 5041 κάτὰ
598 4987 801 5057 φύσιν·
832 4986 1025 5060 ῶσπερ
1067 4982 1160 5041 οὖν
1207 4988 1306 5041 καὶ
1349 4986 1514 5051 αὐτὸς
1545 4988 1575 5040 ὁ
1608 4984 1784 5055 Λόγος
1831 4989 1898 5057 τῇ

304 5076 519 5147 ταύτης
551 5078 857 5149 προσλήψει
877 5078 944 5131 δι’
972 5079 1122 5149 ἡμᾶς
1148 5077 1416 5141 ἑκουσίως
1438 5076 1666 5145 γέγονεν
1686 5076 1901 5146 ἄνθρω-

306 5185 436 5235 πος,
471 5169 545 5222 τὰ
584 5170 732 5224 κατὰ
769 5169 1061 5240 ἄνθρωπον
1103 5168 1377 5241 ἐνεργῶν·
1404 5167 1610 5240 καίπερ
1641 5166 1902 5239 ὑπάρχων

308 5259 477 5329 φύσει
497 5258 652 5325 Θεὸς,
684 5259 997 5334 διαγορεύει
1030 5258 1241 5325 τοῦτον,
1282 5260 1356 5331 μὴ
1380 5256 1703 5330 παντουργῷ
1728 5273 1902 5328 προσ-

306 5351 558 5421 τάγματι
598 5351 763 5422 μόνον
809 5351 995 5407 ἰᾶσθαι
1037 5352 1133 5406 καὶ
1179 5350 1492 5418 ζωοποιεῖν,
1535 5351 1612 5414 ὡς
1662 5350 1738 5421 μὴ
1768 5349 1904 5402 Θεὸν

307 5444 446 5498 ὅντα
484 5445 723 5515 γυμνόν·
774 5444 915 5500 ἀλλὰ
964 5445 1290 5517 συνεργάτιν
1331 5443 1526 5516 ὥσπερ
1560 5444 1706 5512 τινὰ,
1764 5445 1903 5515 πρὸς

307 5535 477 5591 τοῦτο
510 5536 576 5606 δὴ
620 5536 880 5607 μάλιστα,
923 5538 1025 5607 τὴν
1062 5537 1227 5607 ἁγίαν
1272 5536 1441 5590 αὑτοῦ
1470 5537 1650 5609 σάρκα
1688 5535 1904 5607 λαμσά-

307 5644 428 5681 νειν
475 5628 837 5697 ἐπείγεσθαι·
870 5630 966 5682 καί⁵
1006 5628 1295 5693 ζωοποιεῖν
1324 5629 1422 5682 καὶ
1463 5627 1792 5700 θεραπεύειν
1835 5628 1904 5682 δι’

308 5721 489 5790 αὐτῆς
512 5721 608 5776 καὶ
634 5721 735 5792 τῆς
765 5721 887 5776 κατ’
916 5721 1085 5792 αὐτὴν
1110 5720 1253 5791 ἁφῆς
1292 5723 1386 5775 καὶ
1412 5720 1598 5790 φωνῆς
1615 5736 1627 5749 ·
1662 5721 1749 5775 ἵνα
1773 5720 1904 5774 ταύ-

307 5829 416 5883 την
448 5812 675 5888 δεικνύῃ
706 5812 995 5881 ζωοποιεῖν
1042 5813 1375 5888 δυναμένην,
1411 5812 1499 5866 διὰ
1536 5812 1597 5865 τὸ
1632 5812 1767 5886 πρὸς
1800 5812 1900 5867 αύ-

1994 3806 2288 3867 utramque
2332 3797 2747 3867 operationem,
2783 3796 2863 3851 uti
2916 3798 3197 3863 dicebam,
3234 3797 3588 3867 singulariter

1995 3889 2205 3959 prolata
2266 3888 2763 3957 complecteretur,
2821 3888 3101 3959 duplicem
3162 3888 3584 3959 operationem,

1995 3980 2118 4049 ejus
2146 3977 2241 4048 qui
2268 3977 2475 4048 duplex
2503 3986 2703 4034 natura
2732 3979 2828 4045 sit,
2852 3980 3345 4036 circumlocutione
3373 3979 3586 4051 signiﬁ-

1995 4065 2163 4122 cavit.

2073 4157 2182 4214 Sed
2213 4165 2272 4214 et
2299 4158 2396 4213 illa
2426 4158 2824 4230 sapientissimi
2853 4158 3042 4231 Cyrilli
3073 4175 3088 4213 :
3130 4177 3149 4211 ι
3179 4159 3301 4217 Una
3330 4168 3389 4216 et
3412 4161 3588 4217 amnis

2002 4252 2294 4322 utriusque
2345 4266 2579 4308 munere
2620 4251 2770 4307 edita
2815 4254 3096 4324 operatio,
3134 4273 3155 4306 ›
3202 4254 3386 4325 magni
3425 4255 3590 4326 hujus

2001 4343 2182 4400 Patris
2207 4344 2459 4399 maxime
2484 4343 2863 4415 intelligentiae
2888 4346 3138 4414 proxima
3169 4354 3275 4401 est.
3301 4346 3438 4401 Nam
3471 4347 3590 4418 ipse

2002 4452 2224 4507 quoque
2271 4452 2540 4492 summam
2582 4437 2877 4507 quamdam
2926 4439 3264 4493 naturalium
3309 4439 3590 4509 operatio-

1937 4566 1977 4619 υ
2002 4545 2158 4595 num,
2186 4529 2552 4585 cohmsionem
2578 4544 2643 4585 ac
2669 4528 2931 4585 unionem
2955 4545 3054 4600 per
3076 4529 3224 4585 illam
3248 4529 3430 4586 docet.
3453 4530 3589 4585 Cum

2002 4618 2151 4674 enim
2180 4619 2346 4674 etiam
2376 4619 2498 4675 viro
2528 4619 2663 4675 huic
2685 4621 2997 4676 clarissimo
3023 4623 3388 4678 constitutum
3423 4636 3590 4689 esset,

2005 4720 2067 4765 ut
2110 4710 2431 4767 ostenderet
2470 4727 2696 4768 carnem
2740 4713 2936 4777 Deum,
2972 4715 3203 4785 ejusque
3243 4717 3596 4787 essentialen;

2005 4804 2408 4875 operationem,
2436 4805 2643 4860 unione
2677 4820 2802 4861 cum
2836 4805 3020 4861 Verbo
3051 4815 3249 4860 natura
3282 4807 3416 4873 Deo,
3446 4807 3590 4862 divi-

2005 4911 2135 4950 nam
2181 4895 2381 4951 factam
2426 4912 2581 4961 esse,
2627 4899 2947 4967 majoraque
2995 4912 3158 4966 quam
3206 4913 3307 4967 pro
3351 4898 3594 4956 hominis

2006 4988 2221 5042 ratione
2242 5002 2366 5042 esse
2389 4996 2697 5057 operatam,
2721 5001 2847 5040 cum
2876 4986 2947 5041 ab
2968 5002 3036 5042 eo
3061 4986 3209 5056 quod
3231 4999 3353 5045 erat
3374 4999 3590 5055 natura,

2003 5079 2233 5133 minime
2273 5078 2631 5144 excessisset,
2673 5078 2753 5132 uti
2792 5078 2962 5133 etiam
2999 5079 3182 5150 ipsum
3220 5080 3494 5147 Verbum,
3527 5098 3589 5137 ea

2003 5178 2233 5240 propter
2278 5184 2382 5224 nos
2426 5177 2623 5238 sponte
2665 5179 2978 5239 assumpta,
3013 5171 3181 5227 homo
3222 5171 3428 5227 factum
3474 5181 3589 5236 est,

2004 5259 2246 5315 humana
2297 5274 2569 5329 operans,
2620 5274 2942 5329 quanquam
2993 5271 3114 5317 erat
3161 5263 3308 5319 Deus
3358 5271 3588 5327 natura;

2004 5353 2185 5424 ipsum
2235 5353 2426 5421 docet,
2470 5353 2678 5409 nedum
2724 5353 2976 5425 jussione
3017 5357 3266 5411 omnium
3311 5354 3591 5411 eii‘ectrice

2004 5461 2199 5502 curare
2241 5462 2307 5501 ac
2347 5446 2516 5500 vitam
2566 5446 2845 5513 tribuere;
2894 5452 2955 5500 ut
2995 5447 3090 5517 qui
3135 5462 3247 5501 non
3293 5447 3365 5501 sit
3408 5447 3593 5503 nudus

2005 5539 2175 5603 Deus,
2199 5538 2297 5594 sed
2325 5538 2479 5593 velut
2499 5539 2685 5609 operis
2712 5537 2940 5601 sociam,
2968 5537 3035 5592 ad
3067 5538 3172 5593 hoc
3197 5538 3433 5592 maxime
3459 5554 3590 5594 san-

2008 5639 2154 5685 etam
2190 5645 2414 5685 camem
2448 5646 2606 5687 suam
2642 5631 2838 5687 sedulo
2871 5630 3167 5696 adhibere;
3207 5645 3414 5700 perque
3444 5646 3589 5697 eam,

2005 5723 2235 5793 ejusque
2279 5733 2427 5778 tactu
2469 5734 2524 5779 et
2564 5740 2701 5779 voce
2742 5722 3027 5778 viviﬁcare
3071 5731 3237 5792 atque
3278 5736 3494 5789 curare,
3528 5731 3593 5778 ut

2005 5828 2127 5872 eam
2153 5815 2408 5871 ostendat
2431 5815 2745 5883 viviﬁcandi
2768 5814 2822 5870 vi
2852 5813 3171 5885 praeditam;
3199 5814 3407 5873 idcirco
3429 5815 3592 5873 nimi-
