4052 6292
532 324 670 391 ιιι9
1738 313 2121 375 ΕΗΤΗΥΜΙὶ
2160 315 2527 380 ΖιδΑΒΕΝΙ
3600 331 3707 398 mo

523 470 646 508 rum
678 453 827 525 quod
862 470 1033 509 unum
1068 467 1195 508 cum
1227 468 1292 508 ea
1327 469 1426 523 per
1456 452 1721 507 unionem
1753 452 1959 508 factum
1993 462 2077 509 est

2202 451 2304 522 τὴν
2344 451 2403 504 ὲν
2454 452 2520 521 τῇ
2569 447 2765 504 ἑνώσει
2807 449 3100 518 γενέσθαιο
3130 454 3224 504 καὶ
3274 442 3424 507 αὑτοῦ
3452 457 3535 511 τοῦ
3575 464 3702 529 φύσει

525 563 762 617 vereque
791 563 854 601 ac
883 547 1109 617 proprie
1139 546 1313 615 ipsius
1340 555 1538 600 natura
1566 545 1782 601 cunctis
1805 547 1976 601 vitam
2005 547 2091 601 lar

2204 540 2602 611 ζωογονοῦντος
2638 541 2707 594 τὰ
2762 541 3079 612 σύμπαντα,
3112 542 3204 595 καὶ
3250 546 3343 615 οὑχ
3372 547 3539 619 ἕτερον
3565 555 3705 624 σάρκα

524 640 745 709 gientis,
778 655 889 692 non
939 639 1165 692 alterius
1212 653 1342 693 caro
1388 648 1488 693 est.
1526 638 1896 704 Quamobrem
1945 639 2091 695 etiarn

2204 633 2411 704 κυρίως
2453 634 2742 703 ὑπάρχειν.
2790 633 2884 686 Διὸ
2923 633 3021 686 καὶ
3066 634 3194 703 μίαν
3233 636 3388 689 αὑτοῦ
3428 642 3511 693 καὶ
3552 645 3704 715 αὐτῆς,

528 746 691 784 unam
736 745 912 795 suam,
949 731 1181 799 ejusque
1224 730 1452 799 (sancta:
1493 730 1705 784 scilicet
1747 731 1932 786 carnis
1952 731 2085 801 suae)

2204 725 2351 796 φημὶ
2371 725 2475 794 τῆς
2503 724 2665 792 ἁγίας
2698 724 2900 796 σαρκὸς
2929 725 3027 777 καὶ
3063 727 3296 796 συγγενῆ
3334 728 3397 781 δι’
3418 731 3593 800 ἀμφοῖν
3618 739 3708 791 ἐπι,

526 832 692 891 atque
729 820 944 875 amnem
974 822 1265 891 utriusque
1296 836 1527 876 munere
1556 823 1673 877 edit
1700 825 2078 894 operationem

2202 816 2442 869 δεικνύει
2480 814 2797 885 ἐνέργειανο
2835 815 2966 886 μίαν
3019 816 3140 886 μὲν,
3170 819 3238 888 τῇ
3281 819 3487 873 ἑνώσει·
3518 831 3705 900 συγγενῆ

525 926 691 964 unam
730 910 973 979 quidem,
1008 913 1243 978 unione;
1285 927 1479 967 rursus
1516 930 1668 979 vero,
1704 916 1958 984 partibus
1994 917 2091 972 alii-

2202 908 2261 961 δὲ
2295 908 2477 974 πάλιν,
2510 911 2624 971 τοῖς
2656 908 2908 979 μέρεσιψ
2940 909 3015 973 ὡς
3057 908 3156 980 τὴν
3182 910 3366 981 αὐτὴν
3398 908 3563 979 οὖσαν,
3597 918 3642 971 ἐν
3660 938 3704 973 τε

524 1016 688 1067 nem;
723 1016 846 1070 qua:
878 1001 1137 1056 videlicet
1175 1011 1289 1055 tum
1324 1003 1379 1057 in
1409 1005 1658 1074 jussione
1690 1006 1939 1060 omnium
1973 1007 2082 1063 οπο

2205 998 2532 1070 παντουργῷ
2562 996 2987 1070 προστάγματι,
3045 1002 3142 1053 καί⁸
3186 1001 3295 1071 ἁφῇ
3328 1003 3426 1073 τῆς
3449 1005 3591 1073 ἁγίας
3613 1026 3709 1080 σαρ-

525 1092 715 1157 ctrice,
748 1101 861 1146 tum
896 1092 954 1145 in
986 1101 1189 1147 sanetae
1221 1094 1406 1148 carnis
1455 1104 1712 1149 contactu
1738 1097 1940 1152 eadem
1995 1099 2091 1168 ips:

2204 1091 2328 1154 κός’
2357 1091 2426 1144 δι’
2471 1091 2677 1161 ἀμφοῖν
2716 1090 2847 1161 γὰρ,
2869 1089 2944 1170 ὡς
2984 1091 3139 1155 Θεὸς,
3164 1094 3192 1144 6
3218 1092 3400 1162 Λόγος,
3427 1096 3606 1167 ταύτην
3633 1117 3708 1152 σα-

525 1183 815 1239 exsisteret
857 1201 870 1236 :
913 1186 1205 1254 utriusque
1249 1187 1398 1240 enim
1447 1203 1709 1252 munere,
1754 1188 1998 1243 Verbum
2050 1207 2083 1243 u

2205 1182 2321 1251 φῶς
2373 1182 2753 1235 ἐπεδείκνυτο·
2795 1182 3011 1245 δεικνὺς
3053 1182 3131 1253 τῷ
3177 1184 3272 1236 καὶ
3322 1184 3385 1236 δι’
3432 1186 3579 1256 αὐτῆς
3602 1189 3708 1251 ζωο-

525 1276 691 1341 Deus,
717 1277 860 1330 hanc
885 1277 1030 1330 clare
1059 1278 1384 1343 exhibebat;
1417 1294 1616 1348 nempe
1647 1280 1967 1345 ostendens,
2000 1297 2091 1351 qn:

2205 1277 2406 1339 ποιεῖν,
2450 1274 2526 1337 ὡς
2569 1275 2665 1328 καὶ
2702 1273 2844 1344 αὑτὴ
2901 1275 3128 1344 γέγονεν
3176 1276 3242 1329 δι’
3298 1277 3415 1330 ὅλου
3467 1277 3707 1344 ζωοποιός·

526 1385 626 1438 per
674 1383 795 1421 eam
851 1384 1069 1438 quoque
1124 1370 1293 1424 vitam
1351 1371 1662 1435 tribuebat,
1716 1373 1887 1443 ipsam
1945 1376 2091 1428 etian

2205 1365 2463 1437 καθάπερ
2487 1365 2582 1418 καὶ
2612 1363 2723 1435 πῦρ
2752 1364 2843 1418 διὰ
2872 1366 3092 1436 σιδήρου
3131 1370 3304 1433 καῖον,
3332 1368 3505 1421 ὲνώσει
3529 1373 3583 1441 τῇ
3609 1372 3711 1441 πρὸς

526 1472 757 1527 prorsus
801 1457 1070 1511 viviﬁcam
1118 1458 1392 1525 evasisse;
1442 1459 1523 1513 uti
1566 1461 1732 1514 etiam
1782 1462 1924 1532 ignis
1967 1462 2091 1517 ferri

2206 1457 2369 1511 αὑτὸν
2416 1456 2711 1510 καυστικὸν
2754 1457 3062 1525 ’ἀποφαίνει
3106 1458 3201 1511 τὸν
3262 1457 3710 1531 σίδηρον-(ἱκάνοι

527 1548 788 1612 adurens,
819 1549 1023 1603 unione
1062 1565 1186 1604 cum
1230 1550 1370 1618 ipso,
1405 1549 1613 1605 ferrum
1656 1561 1879 1621 przestat
1918 1554 2091 1607 urend

2205 1548 2391 1602 λοιπὸν
2429 1547 2518 1601 διά
2559 1547 2719 1602 τοῦτο
2762 1549 2836 1620 μὴ
2874 1549 2968 1603 τοῦ
3009 1550 3183 1622 πυρὸς
3221 1552 3359 1605 κατὰ
3405 1550 3551 1620 φύσιν
3586 1555 3712 1623 μόνον

527 1640 581 1693 vi
623 1639 916 1708 praeditum
963 1658 976 1694 :
1024 1640 1097 1695 ita
1138 1641 1399 1695 nimirum
1440 1651 1502 1696 ut
1540 1643 1688 1697 ustio
1727 1644 1932 1698 nedum
1973 1645 2091 1715 igni:

2206 1641 2304 1710 τὴν
2337 1640 2553 1705 καῦσιν,
2581 1641 2718 1694 ἀλλά
2756 1640 2962 1695 καύτοῦ
3006 1636 3099 1695 τοῦ
3148 1644 3365 1714 σιδήρου
3393 1644 3474 1697 διὰ
3506 1646 3591 1715 τὴν
3609 1645 3714 1699 Eva).

527 1740 726 1785 natura
763 1730 856 1797 sit,
887 1732 982 1787 sed
1010 1742 1066 1787 et
1097 1732 1270 1802 ipsius
1300 1733 1452 1801 ferri,
1485 1751 1594 1805 qua
1625 1735 1703 1789 illi
1737 1737 1951 1790 unitum
1982 1748 2067 1792 est

2208 1749 2318 1783 σιν·
2355 1732 2450 1786 καὶ
2480 1732 2581 1804 τὴν
2606 1735 2665 1788 ὲν
2695 1735 2809 1797 τοῖς
2838 1731 3084 1804 θαύμασι
3131 1734 3283 1788 Θείαν
3325 1734 3417 1789 τοῦ
3450 1736 3602 1799 Λόγου
3632 1739 3715 1791 πά-

529 1822 828 1892 divinaque
879 1819 1078 1878 rursus
1126 1826 1412 1894 patrandis
1460 1828 1745 1881 miraculis
1948 1829 2091 1885 Verh

2209 1823 2290 1875 λιν
2332 1793 2642 1895 ὲνέργείαν,
2685 1826 2761 1895 μὴ
2788 1793 2910 1878 *τοῦ
2947 1793 3129 1879 ἀὑτοῦ
3170 1827 3333 1896 μόνον
3368 1826 3451 1879 διὰ
3483 1793 3572 1898 τήν
3593 1828 3719 1896 φύσιν

529 1914 796 1982 operatio,
819 1930 929 1968 non
960 1916 1134 1984 ipsius
1163 1917 1339 1971 solum
1363 1917 1436 1971 sit
1465 1927 1690 1987 propter
1716 1926 1993 1982 naturam,
2019 1935 2091 1973 sel

2208 1914 2497 1986 ὑᾶιάρχειν,
2542 1915 2681 1969 ἀλλὰ
2718 1917 2928 1986 καὺτῆς
2973 1918 3079 1987 τῆς·
3110 1917 3274 1984 ἁγίας
3310 1920 3517 1986 σαρκὸς,
3544 1920 3618 1973 διὰ
3645 1921 3722 1989 τὴν

529 2016 588 2061 et
626 2017 828 2061 saneta:
875 2008 1049 2077 ipsius
1089 2008 1289 2073 carnis,
1325 2009 1395 2063 ob
1436 2010 1783 2078 personalem
1825 2010 1947 2079 ejus
1989 2025 2091 2064 cun

2208 2006 2345 2076 πρὸς
2364 2007 2537 2076 αὐτὴν
2568 2008 2692 2061 καθ’
2716 2009 3028 2062 ὑπόστασιν
3057 2008 3254 2061 ἕνωσιν
3280 2025 3293 2039 ’
3324 2010 3616 2080 συνεργάτιν
3638 2012 3723 2081 γὰρ

532 2098 647 2167 ipsa
682 2098 965 2151 unionem.
992 2097 1106 2152 Sibi
1150 2099 1296 2152 enim
1337 2099 1394 2153 in
1437 2099 1662 2163 divinis,
1690 2099 1874 2168 operis
1910 2100 2091 2155 socian

2208 2099 2403 2153 ἑαυτοῦ
2429 2100 2632 2171 ταύτην
2662 2104 2720 2155 ὲν
2744 2104 2856 2166 τοῖς
2881 2092 3051 2164 θείοις
3082 2103 3515 2172 παρελάμδανεν,
3595 2120 3726 2172 φησιν

530 2204 649 2242 eam
677 2189 995 2253 adhibebat,
1020 2191 1100 2243 uti
1125 2191 1362 2260 loquitur
1393 2191 1670 2261 magister,
1698 2191 1843 2245 haud
1868 2207 2030 2247 secus
2051 2208 2091 2246 at

2206 2192 2235 2244 6
2273 2192 2615 2257 διδάσκαλος,
2645 2192 2837 2263 ὥσπερ
2866 2195 2957 2247 καὶ
2984 2193 3131 2263 ψυχὴ
3164 2196 3226 2247 τὸ
3264 2195 3391 2247 ίδιον
3436 2193 3599 2263 σῶμα,
3621 2192 3729 2261 πρὸς

529 2280 711 2333 anima
752 2295 954 2349 corpus
994 2280 1240 2345 adhibet,
1272 2290 1334 2334 ut
1373 2296 1543 2350 opera
1580 2282 1681 2335 ‘sua
1720 2280 1955 2351 expleat.
1989 2281 2091 2337 H331

2206 2272 2304 2354 τὴν
2345 2274 2455 2336 τῶν
2482 2284 2723 2337 οἰκείων
2771 2274 3366 2356 ἐργωνλέκπλήρωσιν.
3400 2284 3536 2354 Αὕτη
3564 2283 3673 2351 γοῦν
3700 2285 3726 2354 ἠ

529 2370 695 2441 igitur
743 2384 850 2424 una
890 2378 976 2424 est
1018 2385 1083 2424 ac
1126 2370 1304 2425 amnis
1348 2370 1639 2440 utriusque
1688 2385 1917 2425 munere
1962 2370 2112 2424 edita
2210 2373 2308 2441 μία
2359 2376 2453 2426 καὶ
2494 2358 2685 2441 συγγεν

526 2460 811 2529 operatio,
858 2477 981 2531 quae
1030 2461 1364 2517 naturalium
1412 2462 1799 2531 operationum
1852 2462 2091 2516 unionen

2206 2482 2351 2534 γεια,
2391 2464 2501 2518 τῶν
2534 2468 2675 2520 κατὰ
2725 2469 2888 2536 φύσιν
2931 2468 3231 2540 ἐνεργειῶν
3259 2467 3485 2538 δηλοῦσα
3519 2467 3605 2537 τὴν
3630 2468 3732 2519 ἓνω-

525 2552 831 2618 declarans,
862 2553 1065 2607 diversi
1100 2569 1193 2607 eas
1224 2553 1440 2623 generis
1472 2553 1739 2622 duasque,
1770 2552 1917 2605 haud
1949 2567 2091 2606 seen:

2210 2575 2294 2610 σιν
2311 2573 2325 2588 ο
2358 2557 2435 2611 τὸ-
2454 2560 2768 2629 ὲτερογενὲς
2794 2559 3007 2615 τούτων
3038 2560 3135 2613 καὶ
3168 2560 3371 2622 δυῖκὸν,
3399 2559 3627 2629 καθάπερ
3651 2560 3728 2611 καὶ

521 2665 587 2706 ac
615 2650 782 2705 etiam
809 2650 1093 2704 Deivirilis
1117 2651 1385 2719 operatio,
1410 2652 1462 2704 vi
1511 2666 1608 2706 sua
1635 2667 1665 2705 a
1691 2666 1860 2720 seque
1883 2649 2091 2719 proprie

2208 2650 2241 2718 ἡ
2274 2648 2587 2720 Θεανδρικὴ
2621 2650 2893 2720 ἐνέργεια,
2929 2649 2996 2701 δι’
3025 2651 3231 2722 ἑαυτῆς
3266 2652 3463 2721 κυρίως
3490 2650 3729 2718 σημαίνει·

522 2743 822 2814 signiﬁcet;
855 2742 1002 2812 quod
1031 2743 1099 2797 ad
1128 2743 1319 2797 ambas
1350 2743 1626 2798 referatur
1650 2751 1858 2813 partes,
1882 2757 1948 2797 ex
1979 2740 2091 2810 qui-

2204 2738 2284 2806 τῷ
2312 2738 2450 2809 πρὸς
2474 2740 2642 2808 ἁμφω
2669 2739 2739 2791 τὰ
2771 2737 2937 2810 μέρη,
2974 2737 3086 2792 τῶν
3120 2738 3183 2803 ἐξ
3209 2732 3286 2792 ὧν
3323 2739 3415 2791 καὶ
3444 2739 3499 2789 ὲν
3529 2732 3600 2799 οἷς
3623 2739 3648 2789 6
3668 2734 3731 2802 εἷς

524 2836 630 2890 bus
658 2843 715 2890 et
738 2835 794 2889 in
821 2834 1025 2903 quibus
1053 2849 1223 2889 unum
1255 2849 1318 2889 ac
1349 2835 1621 2905 singulare
1647 2835 1889 2889 Verbum
1923 2834 2091 2888 incar-

2206 2828 2301 2885 καὶ
2347 2827 2508 2897 μόνος
2538 2828 2868 2900 ὲγνωρίζετο
2902 2830 3329 2900 σεσαρκωμένος
3356 2829 3537 2897 Λόγος,
3562 2828 3732 2895 ἁναφέ-

523 2937 714 2981 natum
743 2926 1070 2993 exsistebat;
1104 2935 1423 2997 spectetque
1452 2927 1519 2981 ad
1547 2936 1868 2997 utramque;
1900 2926 2091 2980 utrius-

2208 2916 2401 2988 ρεσθαι
2425 2934 2441 2948 ⁸
2482 2918 2585 2972 καὶ⁸
2620 2920 2947 2991 ἀμφοτέρων
2992 2920 3288 2991 ὑπάρχειν,
3328 2920 3403 2984 ὡς
3450 2920 3515 2973 δι’
3543 2921 3730 2988 ἀμφοῖν,

503 3037 631 3090 .que
678 3021 890 3075 scilicet
929 3035 1161 3074 munere
1203 3019 1387 3085 edita;
1434 3028 1552 3073 tum
1595 3034 1796 3089 nempe
1836 3019 2091 3089 jussionis

2203 3010 2300 3064 τοῦ
2328 3028 2389 3064 τε
2419 3011 2763 3083 παντουργοῦ
2790 3014 3242 3083 προστάγματος,
3269 3013 3366 3067 καὶ
3395 3012 3489 3081 τῆς
3512 3010 3639 3081 ἁφῆς
3656 3010 3735 3080 τῆς

522 3111 768 3165 onmium
794 3110 1112 3175 eﬂ‘ectricis,
1142 3118 1257 3163 tum
1288 3119 1573 3165 contactus
1602 3118 1804 3164 sanctae
1827 3110 2026 3163 carnis.

2204 3104 2371 3173 ἁγίας
2395 3104 2599 3175 σαρκὸς
2633 3104 3070 3175 ὲπιδεδειγμένη.

590 3201 668 3255 Ne
698 3217 861 3271 quem
880 3216 1012 3255 vero
1037 3214 1269 3270 prorsus
1300 3216 1403 3254 vox
1426 3202 1694 3270 συγγενὴς
1720 3199 1857 3270 (sive
1887 3197 2091 3253 afﬁnem

2274 3198 2350 3250 Οὑ
2378 3197 2467 3251 δεῖ
2494 3197 2553 3249 δὲ
2596 3197 2675 3267 τῷ
2724 3200 2976 3265 συγγενεῖ
3013 3196 3324 3263 ξενίζεσθαι
3355 3195 3630 3259 ’πιαιντιελῶς⁸
3662 3193 3737 3247 ixi

521 3293 638 3348 sive
697 3301 983 3362 cognatam
1031 3307 1093 3346 ac
1142 3291 1300 3360 quasi
1361 3291 1610 3361 ejusdem
1659 3291 1877 3361 generis
1926 3290 2091 3357 dicas]

2199 3305 2262 3342 τε
2306 3290 2415 3360 γὰρ
2448 3290 2751 3360 όμοουσίων
2795 3292 2892 3343 καὶ
2940 3291 3302 3361 ἐτεροουσίων
3360 3289 3596 3342 λέλεκται
3647 3289 3738 3347 rei;

522 3383 676 3453 quasi
722 3383 886 3451 paulo
914 3383 1241 3436 insolentior
1269 3382 1532 3437 offendat.
1567 3383 1920 3451 Usurparunt
1950 3382 2091 3435 enim

2203 3380 2379 3449 ἁγίοις
2407 3382 2654 3452 Πατρὰσι
2677 3381 2740 3434 τὸ
2772 3381 3053 3450 συγγενέςο
3086 3382 3187 3434 καὶ
3224 3382 3432 3453 μάρτυς
3459 3383 3488 3434 6
3518 3378 3737 3446 Θεολόγος

522 3473 700 3535 sancti
760 3466 972 3536 Patres,
1027 3480 1144 3526 tum
1197 3472 1254 3527 in
1289 3472 1357 3526 iis
1386 3488 1509 3541 quae
1560 3473 1808 3543 ejusdem
1847 3474 2091 3528 essentia!

2202 3472 2296 3525 καὶ
2330 3473 2502 3543 μέγας
2538 3472 2861 3544 Γρηγόριος,
2910 3474 3039 3540 περὶ
3093 3472 3281 3544 ψυχῆς
3322 3474 3493 3543 λέγων
3520 3472 3671 3532 οὑτως
3693 3472 3739 3521 ὲν

524 3572 672 3628 sunt,
718 3569 833 3617 tum
861 3578 982 3632 qua:
1020 3562 1272 3618 diversae.
1302 3563 1484 3617 Testis
1532 3578 1763 3633 magnus
1802 3564 2091 3634 Gregorius

2198 3563 2279 3633 τῷ
2295 3566 2372 3627 είς
2394 3565 2691 3635 Καισάρων
2720 3564 2812 3619 τὸν
2839 3564 3006 3617 αὐτοῦ
3019 3564 3249 3633 ἀδελφὸν
3267 3562 3572 3633 Ἐπιταφίφ
3591 3562 3739 3628 λόγῳ.

523 3653 857 3724 Theologus,
894 3653 1025 3707 dum
1074 3653 1129 3708 in
1164 3654 1283 3710 haec
1318 3654 1487 3710 verba
1527 3654 1595 3708 de
1631 3655 1810 3709 anima
1852 3654 2091 3721 disserit,

2198 3656 2413 3727 Μικρὸν
2478 3656 2537 3709 δὲ
2620 3656 2849 3727 ὕστερον
2926 3659 3020 3709 καὶ
3090 3657 3157 3710 τὸ
3229 3656 3489 3725 συγγενὲς
3554 3650 3741 3723 σαρκίον

526 3746 582 3800 in
617 3745 870 3801 Oratione
916 3746 1125 3815 funebri
1156 3746 1213 3800 in
1262 3747 1489 3801 fratrem
1543 3761 1704 3801 suum
1753 3746 2091 3802 Caesarium:

2198 3747 2572 3814 ἀπολαϐοῦσα,
2627 3742 2672 3816 ᾧ
2728 3748 2797 3801 τὰ
2850 3749 3062 3802 ἐκεῖθεν
3293 3741 3738 3815 συνεφιλοσόφησεν-

520 3838 650 3892 Post
675 3854 808 3893 vero
834 3838 999 3893 etiam
1027 3839 1329 3908 aliquanto,
1366 3854 1493 3894 cum
1527 3848 1815 3910 cognatam
1848 3855 2091 3905 carnem,

2211 3841 2477 3895 Ἐνταῦθα
2505 3840 2595 3893 διὰ
2617 3841 2715 3911 τὴν
2745 3840 2960 3905 ἕνωσιν,
2993 3840 3108 3894 ἀλλ’
3130 3843 3196 3895 οὐ
3221 3841 3324 3912 τὴν
3356 3839 3513 3909 φύσιν
3539 3829 3739 3900 συγγενῆ

520 3942 755 3995 quacum
801 3927 1181 3998 philosophata
1236 3929 1481 3983 coelestia
1511 3938 1615 3995 est,
1638 3931 1942 4000 receperit,
1976 3931 2091 3997 Quo

2196 3933 2263 4001 τῇ
2304 3931 2449 4002 ψυχῇ
2479 3930 2578 4000 τὴν
2607 3930 2785 4002 σάρκα
2809 3930 3080 4001 κέκληκεν
3106 3931 3137 3981 (ι
3174 3928 3512 3990 διδάσκαλος.
3542 3924 3638 3978 Καὶ
3658 3918 3739 3971 πά-

521 4018 645 4073 loco
670 4017 992 4089 Gregorius,
1026 4035 1250 4075 carnem
1288 4019 1474 4075 animo
1504 4031 1815 4091 cognatam,
1848 4038 1944 4077 seu
1976 4021 2091 4076 atii-

2196 4021 2299 4084 λιν,
2318 4021 2421 4075 Ἐν
2448 4018 2527 4085 τῷ
2552 4023 2656 4086 Είς
2688 4022 2760 4075 τὰ
2780 4021 2965 4091 φῶτα,
2992 4023 3119 4095 περὶ
3169 4020 3267 4076 τοῦ
3307 4017 3613 4093 μονογενοῦς
3636 4010 3739 4066 Υίοῦ

517 4124 667 4175 nem,
702 4111 938 4176 vocavit,
988 4127 1099 4166 non
1154 4112 1368 4167 ratione
1416 4122 1659 4179 naturae,
1720 4106 1817 4168 sed
1855 4113 2091 4168 unionis.

2197 4111 2488 4177 διδάσκων,
2529 4112 2664 4183 φησί
2688 4128 2705 4145 ο
2746 4114 2856 4167 Kal
2898 4117 2931 4168 ὁ
2970 4113 3089 4168 ὑπὸ
3135 4115 3249 4169 τοῦ
3279 4109 3603 4182 συγγενοῦς
3626 4118 3740 4175 βαρ·

520 4202 848 4272 Rursusque
880 4202 1134 4258 Oratione
1166 4205 1224 4257 in
1259 4214 1449 4259 sancta
1490 4204 1693 4259 luminat
1724 4205 1793 4260 de
1815 4206 2091 4275 unigenito

2197 4207 2560 4274 τυρούμεκος
2597 4208 2964 4275 Πνεύματος.
3129 4206 3249 4260 Νῦν
3300 4207 3363 4259 τὸ
3397 4202 3639 4271 συγγενὲς
3675 4195 3743 4249 διὰ

519 4291 657 4346 Filio
680 4292 922 4347 docens:
953 4310 971 4344 ι
1012 4292 1109 4347 Cui
1133 4301 1181 4346 et
1200 4302 1455 4364 cognatus
1486 4289 1716 4366 Spiritus
1741 4297 2091 4349 testimonium

2196 4299 2296 4367 τὴν
2321 4297 2502 4365 φύσιν,
2533 4298 2648 4351 ἀλλ’
2677 4300 2739 4351 οὑ
2768 4299 2865 4369 τὴν
2888 4300 3078 4352 ἕνωσιν
3108 4299 3356 4369 είρηκεν.
3389 4295 3553 4356 Αὐτὸς
3571 4292 3621 4345 δὲ
3650 4286 3739 4342 Κύ-

519 4385 839 4453 perhibebat.
878 4402 897 4435 ι
962 4383 1083 4450 Quo
1133 4385 1258 4439 loco
1313 4395 1636 4456 cognatum,
1710 4403 1821 4441 non
1882 4388 2091 4443 ratione

2198 4388 2378 4459 ριλλος
2402 4392 2431 4442 6
2465 4388 2626 4457 σοφὸς
2675 4390 2814 4443 κάπὶ
2846 4392 2913 4461 τῇ
2945 4389 3100 4460 οὐσίᾳ
3147 4389 3245 4443 καί
3269 4386 3559 4441 ὑποστάσει
3586 4382 3742 4450 διῃρη·

518 4474 746 4528 uniouis
777 4473 937 4538 dixit,
967 4474 1062 4529 sed
1096 4476 1310 4530 ratione
1339 4485 1571 4532 naturae.
1598 4477 1743 4544 Quin
1771 4486 1828 4532 et
1856 4479 1973 4548 ipse
2003 4494 2091 4533 sa-

2200 4483 2377 4553 μένων
2395 4483 2456 4537 τὸ
2483 4484 2744 4552 συγγενὲς
2766 4485 3212 4555 ἀπαρατηρήτως
3239 4482 3535 4552 λαμϐάνει·
3559 4474 3643 4529 καὶ
3665 4472 3741 4521 τά·

2210 2373 2308 2444 μία
2359 2376 2453 2426 καὶ
2494 2377 2765 2446 συγγενὴς
2806 2375 2873 2427 δι’
2912 2377 3119 2444 ἀμφοῖν
3163 2375 3559 2445 ὲπιδεδειγμένη
3604 2376 3727 2445 ὲνέρ-

518 4566 902 4636 pientissimus
934 4564 1208 4637 Cyrillus,
1242 4575 1359 4620 tum
1394 4567 1465 4622 de
1509 4569 1676 4623 rebus
1703 4570 1945 4623 essentia
1995 4584 2092 4623 seu

517 4664 714 4712 natura
735 4698 750 4723 ,
804 4665 921 4712 tum
950 4672 1187 4727 persona
1220 4658 1478 4714 discretis
1501 4699 1517 4724 ,
1548 4661 1703 4714 nullo
1748 4659 2089 4727 discrimine,

519 4748 734 4818 cognati
772 4763 963 4803 vocem
994 4756 1159 4818 atque
1176 4746 1355 4805 afﬁnis
1378 4758 1642 4820 usurpat;
1679 4759 1843 4820 atque
1875 4751 1990 4806 haec
2017 4752 2093 4807 ait

517 4835 946 4895 Commentariis
976 4840 1092 4896 suis
1120 4839 1176 4894 in
1204 4841 1436 4896 Joannis
1468 4842 1846 4912 Evangelium,
1898 4843 1966 4898 de
1991 4860 2092 4899 cu-

517 4928 754 4994 ratione,
788 4945 912 4999 quae
952 4940 1039 4985 est
1064 4947 1164 5002 per
1198 4933 1447 4987 divinum
1481 4933 1772 5003 baptisma,
1812 4953 1831 4985 ι
1860 4936 2093 5005 Utrique

515 5017 923 5085 quodammodo
946 5020 1092 5074 aﬂini
1122 5031 1177 5076 et
1207 5024 1406 5078 amica.
1440 5022 1651 5093 Spiritu
1695 5024 1843 5079 enim
1882 5027 2090 5080 sancti-

515 5106 643 5162 ﬁcat
687 5108 931 5165 hominis
970 5113 1265 5181 spiritum;
1297 5129 1438 5184 aqua
1481 5132 1615 5171 vero
1648 5133 1869 5187 corpus.
1909 5137 1927 5168 ι
1961 5119 2092 5185 Quae

516 5214 654 5254 vero
676 5215 741 5254 ac
768 5202 948 5269 qualis
979 5201 1213 5258 aﬂinitas
1245 5221 1343 5260 seu
1371 5208 1625 5276 cognatio
1655 5208 1894 5278 Spiritus
1916 5210 2090 5266 sancti

2195 4574 2254 4626 δε
2297 4574 2445 4643 λέγει
2493 4574 2585 4626 τὸν
2637 4573 3031 4644 εὑαγγελιστὴν
3093 4573 3357 4645 Ἰωάννην
3405 4561 3745 4639 ὑπομνηματὶ-

2197 4666 2307 4730 ξων
2359 4667 2424 4732 ³⁸,
2479 4667 2606 4737 περὶ
2657 4667 2758 4736 τῆς
2799 4668 2939 4720 κατὰ
2982 4666 3045 4720 τὸ
3095 4666 3245 4720 θεῖον
3288 4664 3574 4735 βάπτισμα
3610 4658 3743 4724 θερα-

2196 4759 2386 4825 πείας,
2426 4777 2443 4809 ι
2481 4759 2769 4827 Συγγενῶς
2795 4777 2911 4823 πως
2943 4758 3170 4830 ἐχούσης
3196 4758 3342 4830 πρὸς
3371 4758 3537 4826 ἄμφω
3560 4750 3657 4806 τῶν
3678 4747 3745 4798 δί’

2194 4848 2540 4919 δηλωμένων.
2571 4849 2850 4920 Πνεῦματι
2889 4850 2989 4920 μὲν
3026 4848 3137 4919 γὰρ
3169 4847 3400 4916 ἁγιάζει
3433 4844 3526 4899 τοῦ
3565 4834 3743 4905 ἀνθρώ·

2196 4959 2298 4995 που
2328 4944 2389 4996 τὸ
2414 4942 2652 5014 πνεῦμα·
2686 4944 2840 4997 ὑδατι
2868 4944 2925 4997 δὲ
2955 4939 3045 5008 αὖ,
3076 4943 3135 4997 τὸ
3163 4942 3355 5013 σῶμα.
3392 4960 3411 4993 ›
3454 4940 3547 4996 Τίς
3580 4928 3744 4998 δὲ,καὶ

2196 5033 2323 5085 ποία
2359 5033 2651 5101 συγγένεια
2698 5033 3018 5102 Πνεύματος
3072 5034 3232 5101 ἁγίου
3270 5032 3375 5086 καὶ
3418 5031 3598 5090 ὓδατος
3627 5018 3743 5075 κατά

2194 5141 2253 5176 τε
2294 5126 2483 5179 οὐσίαν
2532 5125 2566 5195 ἢ
2598 5126 2915 5191 ὑπόστασιν,
2968 5126 3102 5197 πρὸς
3145 5125 3206 5178 τὸ
3245 5125 3519 5197 ήμέτερσν
3556 5114 3743 5183 πνεῦμα

2195 5217 2288 5270 καὶ
2318 5216 2510 5286 σῶμας
2546 5219 2595 5270 εἰ
2624 5216 2718 5271 καὶ
2761 5218 2831 5271 τὰ
2871 5218 3104 5289 μάλιστα
3158 5220 3305 5272 κατὰ
3337 5219 3498 5289 χάριν
3532 5213 3648 5284 ἡμῖν
3668 5204 3743 5258 καὶ

516 5305 574 5350 et
615 5310 791 5366 aqua),
834 5296 953 5351 sive
996 5293 1292 5349 essentiam
1339 5307 1406 5350 ac
1450 5302 1704 5349 naturam
1730 5305 1964 5364 spectes,
2003 5297 2118 5353 sive
2146 5304 2555 5362 subsistentiam
2619 5326 3026 5385 personamque
3060 5328 3180 5369 cum
3215 5313 3424 5384 spiritu
3470 5322 3641 5368 nostro
3691 5316 3744 5358 ac

518 5397 770 5453 corpore.

517 5494 771 5564 Ejusdem
791 5511 855 5548 ex
880 5493 1105 5561 epistola
1129 5490 1199 5544 ad
1217 5487 1550 5564 Nicandrum
1572 5491 1733 5562 Cypri
1785 5492 2090 5564 episcopum

585 5577 634 5618 et
664 5567 732 5617 ad
761 5572 1037 5633 prwlectos
1069 5578 1253 5618 eorum
1305 5563 1397 5632 qui
1424 5563 1725 5617 solitariam
1786 5564 1841 5616 in
1904 5562 2095 5627 Sicilia

588 5637 751 5687 vitam
788 5635 1005 5706 degunt.

590 5745 745 5807 Unde
770 5758 961 5805 natura
996 5750 1187 5817 Deum,
1222 5747 1588 5819 eumdemque
1646 5764 1776 5805 vere
1843 5766 1907 5808 ac
1965 5766 2094 5822 pro-

2208 5501 2328 5581 Τοῦ.
2347 5505 2539 5581 αὑτοῦ
2559 5507 2626 5560 ἐκ
2653 5508 2762 5577 τῆς
2784 5510 3119 5581 ἐπιστολῆς
3135 5511 3248 5581 τῆς
3276 5515 3432 5581 πρὸς
3449 5506 3743 5581 Nam”

2271 5574 2377 5625 τὸν
2398 5577 2685 5644 Κύπριον,
2709 5574 2805 5633 καί
2835 5581 2980 5649 τοὺς
3016 5574 3166 5637 κατὰ
3186 5574 3481 5638 LII—melior
3516 5576 3739 5650 ἡγουμέ-

2270 5660 2439 5711 νους,
2473 5650 2572 5701 καί
2601 5650 2998 5719 μονάζοντας.

2267 5758 2430 5819 Φύσει
2461 5760 2594 5815 Θεὸν
2646 5764 2739 5817 καὶ
2766 5763 3053 5836 ἄνθρωπον
3074 5767 3164 5821 τὸν
3188 5766 3361 5823 αὑτὸν
3409 5765 3617 5836 κυρίως.
3652 5761 3732 5823 οὐκ
