4054 6286
280 401 411 466 11⁵21

1269 409 1645 472 PANOPLIA
1680 411 2226 476 DOGMATICA.-
2258 417 2410 481 TIT.
2441 420 2597 488 XXI.

3424 429 3560 497 11°22

280 515 555 587 ἑτέρωθεν
606 516 735 572 ὄντα
773 520 1244 593 διαγινώσκομεν,
1299 525 1332 596 ἦ
1378 527 1443 580 ὲκ
1495 529 1606 581 τῶν
1667 527 1877 606 θεῖκῶς

1976 529 2088 600 prie
2119 529 2411 618 hominem
2440 574 2455 600 ,
2514 551 2620 591 non
2669 535 2892 594 aliunde
2935 554 3099 610 quam
3161 555 3229 618 ex
3307 546 3558 614 proprie-

279 607 403 676 ἄμα
429 610 540 663 καὶ·
564 610 931 682 ἀνθρωπικῶς
965 616 1482 686 χαρακτηριζὸντων
1510 619 1707 688 αὐτὸν,
1766 621 1894 690 ὲμ-’·

283 701 475 766 φύτων
511 702 845 770 immittitur
895 705 997 775 τῆς
1045 713 1122 758 τε·
1166 706 1349 775 θείας,
1415 710 1491 774 ὡς
1537 712 1712 780 ἔφην,
1781 711 1871 766 0‘s-

286 786 506 856 λήσιως
565 793 661 844 καὶ
698 793 1018 864 ἐνεργείας,
1078 797 1175 850 καὶ
1233 797 1340 866 τῆς
1375 799 1728 870 ἀνθρωπικῆς
1776 802 1871 856 τοῦ

245 913 248 916 ~
290 878 768 950 αὐτοῦ-Θελήσσως
805 884 897 936 καὶ
943 883 1249 954 ἐνεργείας⁹
1281 882 1390 951 αῖς,
1444 891 1539 942 καὶ
1589 883 1783 956 δι’ὧν,
1843 893 1872 946 δ

237 1157 312 1206 -ὁ
348 1157 506 1218 αὐτὸς
548 1159 809 1222 ἑκουσίως
859 1159 934 1224 ὡς
990 1161 1277 1232 ἄνθρωπος
1315 1177 1331 1192 °
1386 1164 1462 1228 ὡς
1501 1167 1601 1218 οὐκ
1645 1163 1773 1218 ἄλλο
1815 1181 1869 1218 τι

279 1248 441 1318 παρὰ
469 1248 579 1301 τῶν
607 1249 669 1314 ἒξ
693 1244 790 1315 ὧν,
824 1253 892 1306 ὲν
915 1247 1004 1316 οἷς·
1023 1269 1087 1307 τε
1124 1255 1219 1309 καὶ
1249 1257 1394 1328 ἆπερ
1441 1259 1560 1310 ἐστὶ
1604 1259 1870 1329 γνωριζό-

283 1357 470 1409 μενος,
497 1335 607 1394 οἷον
632 1359 685 1394 τι
725 1343 881 1396 νόθον
927 1345 1023 1398 καὶ
1074 1335 1416 1418 μεταίχμιον,
1467 1348 1636 1418 ἤγουν
1687 1349 1869 1418 τρίτον

279 1432 658 1502 ἀποτέλεσμα,
710 1437 851 1490 κατὰ
900 1437 1001 1508 τὴν
1049 1439 1162 1490 τῶν
1210 1439 1450 1508 ἡμιόνων
1499 1441 1819 1510 παράδειξιν
1852 1458 1866 1473 ⁶

295 1522 313 1540 .
347 1541 364 1552 _
516 1525 541 1538 -
1111 1537 1114 1542 .
1260 1531 1284 1544 -

275 1539 360 1585 ω,
401 1526 434 1594 ή
473 1541 584 1576 των
614 1526 914 1595 κενολόγων
948 1529 991 1561 ⁵⁸
1029 1531 1326 1601 αἱρετικων
1360 1531 1738 1601 μυθοπλαστία
1784 1550 1870 1586 τεο

285 1616 593 1684 ρατολογεῖ,
625 1617 720 1670 τοῦ
743 1619 1005 1681 εὐσεϐοῦς
1039 1609 1417 1690 ἀποσφαλεϊσα
1437 1623 1544 1675 τῶν
1567 1622 1738 1692 ἅγέων
1765 1626 1868 1677 Πα-

291 1702 864 1776 τὲρωνκηρύγματος
894 1709 1008 1763 ἀλλ’
1031 1711 1173 1763 αὑτά
1195 1712 1317 1764 κατ’
1357 1712 1617 1784 ἀλήθειαν
1662 1714 1870 1783 κυρὲως

253 1793 388 1856 Δὢν,
447 1796 515 1849 τὰ
573 1799 630 1864 ἐξ
675 1793 771 1864 ὧν,
823 1801 918 1852 καὶ
967 1801 1025 1853 ὲν
1075 1797 1160 1866 οἷς
1191 1807 1307 1856 κατ’
1340 1802 1598 1874 ἀλήθειαν
1665 1804 1870 1876 κυρίως

279 1887 458 1940 ἐστίν.
500 1887 595 1940 Ἐκ
625 1887 878 1959 Θεότητος
905 1892 1014 1963 γὰρ
1043 1893 1138 1945 καὶ
1177 1894 1612 1964 ἀνθρωπότητος,
1663 1897 1758 1949 καὶ
1814 1895 1871 1951 ὲν

283 1977 504 2048 θεότητι
548 1980 643 2034 καὶ
677 1975 1056 2052 ἀνθρωπότητι
1083 1985 1226 2037 κατὰ
1249 1985 1408 2054 φύσιν
1436 1986 1720 2058 ὑπάρχων⁶
1740 1987 1871 2052 Θεὸς

283 2067 456 2136 φύσει
499 2073 595 2124 καὶ
643 2071 929 2143 ἄνθρωπός
977 2076 1126 2128 ἔστιν
1152 2078 1180 2129 ὁ
1208 2077 1442 2148 Χριστός
1473 2094 1488 2111 ο
1522 2081 1617 2132 καὶ
1646 2079 1775 2132 ἄλλο
1809 2079 1872 2133 τὸ

279 2164 558 2235 παράπαν
585 2165 758 2220 οὐδέν.
1667 2165 1673 2172 ’

362 2333 476 2386 Kal
526 2334 662 2400 πῶς,
709 2336 864 2404 φασὶ,
919 2335 1188 2406 Κύριλλος
1231 2337 1260 2390 ὁ
1310 2336 1476 2407 σοφὸς
1519 2337 1696 2408 μέσην
1745 2335 1872 2392 τινὰ
1955 2381 1958 2384 .

283 2423 445 2487 τάξιν
472 2425 584 2478 τῶν
607 2425 704 2479 ἐπὶ
742 2427 986 2497 Χριστοῦ
1015 2428 1212 2498 φωνῶν
1269 2427 1578 2500 διαγορεύει
1632 2429 1872 2500 φρονεῖν,

284 2514 497 2569 οὑτωσὶ
547 2517 688 2587 πρὸς
727 2519 983 2572 Ἀκάκιον
1020 2521 1250 2590 γράφων
1273 2535 1288 2550 ο
1333 2537 1354 2571 ι
1398 2520 1466 2572 Al
1496 2521 1594 2590 μὲν
1616 2521 1725 2588 γάρ
1767 2521 1874 2573 είσι

285 2607 404 2661 τῶν
449 2607 644 2676 φωνῶν
681 2610 765 2662 ὅτι
794 2611 1035 2679 μάλιστα
1088 2610 1423 2681 θεοπρεπετς
1451 2627 1464 2642 ο
1517 2612 1574 2663 αί
1616 2611 1695 2677 δὲ,
1731 2611 1876 2666 οὕτω

287 2698 460 2752 πάλιν
488 2699 978 2774 άνθρωποπρεπεῖς
1004 2719 1020 2733 ν
1041 2703 1096 2756 αἱ
1121 2703 1178 2756 δὲ
1204 2703 1376 2773 μέσην
1397 2702 1520 2756 τινὰ
1547 2703 1700 2768 τάξιν
1721 2704 1876 2774 ἔχου-

291 2807 371 2844 σι.
479 2793 594 2845 Καὶ
645 2793 701 2846 τί
759 2794 919 2848 τοῦτο
949 2794 1340 2865 συμϐαλεῖται
1391 2795 1512 2849 ποτ’
1543 2796 1610 2850 ἂν
1644 2798 1876 2859 ἐκείνοις

268 2882 431 2953 πρὸς
459 2886 559 2954 τὴν
579 2887 788 2938 οίκείαν
801 2885 1075 2958 ὑπόληψιν
1101 2904 1116 2954 ;
1154 2906 1172 2938 ι
1203 2889 1276 2941 Οὐ
1307 2889 1416 2960 γὰρ
1439 2892 1506 2943 ὲκ
1543 2891 1872 2960 μεταϐολῆς,

1959 615 2185 677 tatibus
2232 634 2426 679 natura
2517 627 2750 696 insitis,
2829 630 3031 700 quibus
3121 615 3309 714 divina
3391 638 3558 694 simul

1979 710 2334 782 humanaque
2381 715 2597 770 ratione
2651 717 2994 790 insigniatur
3047 710 3182 790 (tum
3231 710 3442 780 scilicet
3489 743 3557 782 ex

1979 803 2188 872 divina,
2218 815 2280 859 ut
2309 805 2444 871 dixi,
2507 809 2788 867 voluntate
2822 820 2877 867 et
2929 814 3267 884 operatione,
3315 825 3428 871 tum
3486 833 3554 872 ex

681 899 768 975 nec
802 884 897 977 καὶ
943 883 1249 977 ἐνεργείαςο
1281 883 1390 951 αῖς,
1444 891 1539 942 καὶ
1589 883 1783 956 δι’ὧν,
1843 893 1872 946 δ
1937 883 2219 951 Ἰιυῐὴοιη
2252 898 2496 967 ejusdem
2523 900 2808 957 voluntate
2845 911 2900 957 et
2955 883 3298 975 Operatione)
3357 906 3554 977 digno-

287 963 365 1040 ἦν
399 973 493 1024 καὶ¹
540 971 1209 1046 γέγονιντέπισφραγίζειο
1271 979 1710 1051 Θαυματουργῶν
1768 986 1870 1056 μὲν
1941 981 1946 987 ’

239 1083 242 1088 ·
288 1061 440 1131 ὑπὲρ
468 1065 620 1131 ἡμᾶς
646 1062 722 1127 ὡς
761 1061 896 1129 Θεὸς
934 1067 1219 1132 ἑκουσίωςο
1253 1070 1481 1140 πάσχων
1519 1071 1576 1125 δὲ
1622 1072 1692 1126 δι’
1720 1077 1869 1145 ἡμᾶς
1938 1083 1942 1086 ’

1978 988 2226 1055 scimus;
2279 991 2480 1059 quibus
2526 1007 2590 1048 ac
2645 1008 2741 1063 per
2788 1010 2946 1064 quas.
2999 998 3142 1065 quod
3199 1005 3319 1052 erat
3349 996 3554 1053 lactus.

1978 1094 2086 1149 que
2127 1087 2240 1146 est,
2317 1081 2571 1153 obsignat
2607 1099 2625 1148 ;
2670 1084 2840 1143 edens
2901 1095 3103 1156 sponte
3178 1088 3447 1146 miracula
3489 1096 3550 1146 ut

1943 1166 2146 1231 'Deus,
2221 1164 2575 1235 humanaque
2643 1165 2852 1235 majore
2922 1174 3225 1236 potestate;
3297 1167 3556 1238 idemque

1972 1264 2168 1324 Sponte
2193 1255 2426 1324 patiens,
2459 1264 2520 1309 ut
2541 1255 2730 1318 homo,
2759 1254 2932 1308 nostri
2970 1270 3135 1310 causa
3165 1273 3177 1308 :
3212 1256 3365 1310 velut
3394 1257 3558 1310 nimi-

1973 1359 2095 1397 rum
2127 1344 2218 1413 qui
2245 1358 2355 1397 non
2389 1343 2536 1398 aliud
2571 1343 2726 1414 quid,
2754 1353 2955 1414 praeter
2983 1359 3047 1398 ea
3078 1360 3144 1398 ex
3179 1344 3382 1414 quibus
3409 1355 3464 1400 et
3498 1345 3555 1400 in

1977 1435 2181 1503 quibus
2211 1449 2274 1488 ac
2297 1449 2420 1504 quae
2444 1435 2814 1497 exsistit,esse
2846 1443 3128 1510 noscatur,
3158 1449 3257 1489 ceu
3279 1435 3393 1492 fere
3419 1437 3554 1507 quid

1972 1526 2224 1595 spurium
2271 1527 2623 1596 mediumque
2657 1525 2732 1596 (id
2782 1534 2885 1587 est.
2917 1527 3141 1582 tertium
3182 1526 3316 1596 quid
3359 1541 3423 1581 ac
3454 1542 3556 1580 an-

1974 1629 2103 1685 ceps
2153 1615 2430 1671 mulorum
2493 1615 2686 1684 instar)
2742 1616 3004 1680 eﬂ‘ectus,
3056 1624 3117 1670 ut
3165 1617 3554 1671 hazrcticorum

1942 1707 2110 1761 Lvana
2137 1693 2482 1776 loquentium
2518 1705 2767 1761 fabulosa
2803 1707 3128 1776 loquacitas,
3165 1721 3194 1759 a
3236 1715 3554 1760 sanctorum

1971 1793 2196 1849 Patrum
2237 1793 2327 1862 pia
2355 1781 2745 1872 praedicatione
2771 1793 2949 1860 devia,
2973 1804 3284 1872 monstrose
3323 1796 3559 1850 commi-

1971 1885 2234 1950 niscitur;
2393 1885 2506 1940 Vsed
2549 1868 2640 1939 illa
2671 1884 2787 1954 ipsa
2826 1897 3019 1940 revera
3051 1868 3273 1955 prOprie
3304 1886 3553 1950 exsistat,

1970 1989 2039 2028 ex
2066 1975 2268 2044 quibus
2308 1967 2365 2030 et
2397 1975 2452 2030 in
2484 1975 2686 2044 quibus
2723 1989 2914 2030 revera
2947 1975 3167 2046 prOprie
3197 1985 3302 2030 est.
3335 1977 3414 2032 Ex
3440 1977 3560 2032 (1θί-

1973 2076 2083 2122 tate
2110 2069 2259 2122 enim
2285 2055 2735 2130 et‘humanitate,
2764 2075 2926 2136 atque
2955 2066 3010 2119 in
3041 2065 3248 2120 deitate
3279 2074 3334 2142 et
3357 2065 3558 2121 huma-

1972 2159 2146 2212 nitate
2171 2164 2368 2211 natura
2405 2158 2696 2221 exsistens,
2728 2156 2871 2211 Deus
2906 2165 3102 2210 natura
3135 2165 3190 2211 et
3222 2157 3410 2222 homo,
3453 2170 3559 2212 nec

1973 2265 2204 2320 prorsus
2235 2241 2537 2319 quidquam
2567 2247 2738 2312 aliud,
2765 2247 3023 2303 Christus
3056 2256 3160 2303 est.

2045 2343 2113 2398 Et
2155 2341 2453 2411 quomodo,
2497 2340 2783 2409 inquiunt,
2835 2326 3558 2412 sapientissimus'Cyrillus

1953 2436 2217 2491 medium
2253 2433 2546 2503 quemdam
2592 2431 2842 2486 ordinem
2891 2446 3088 2486 vocum
3138 2431 3195 2486 in
3238 2431 3460 2486 Christo
3497 2448 3558 2488 se

1975 2529 2178 2583 sentire
2215 2526 2525 2597 proﬁtetur,
2553 2525 2609 2579 in
2652 2525 2771 2579 haec
2806 2523 2977 2578 verba
3021 2524 3089 2578 ad
3130 2524 3383 2581 Acacium
3419 2526 3560 2580 seri-

1974 2619 2111 2673 bens
2147 2634 2161 2671 :
2201 2637 2218 2669 (
2259 2617 2409 2670 Inter
2435 2629 2620 2678 voces,
2646 2629 2767 2684 qua:
2793 2612 3014 2669 Christo
3038 2599 3380 2681 tribuuntur,
3412 2633 3562 2688 qua:-

1975 2711 2100 2765 dam
2134 2709 2409 2765 divinitati
2432 2708 2780 2779 potissimum
2810 2707 3177 2772 conveniunt;
3212 2707 3333 2762 aliae
3373 2720 3560 2763 autem

1977 2803 2150 2872 magis
2193 2801 2260 2856 ad
2309 2799 2709 2854 humanitatem
2760 2800 3043 2870 pertinent
3089 2817 3102 2853 :
3148 2801 3268 2856 alize
3303 2799 3561 2870 denique

1975 2894 2133 2963 quasi
2179 2892 2420 2948 medium
2451 2891 2742 2962 quemdam
2771 2891 3022 2946 ordinem
3056 2891 3327 2947 obtinent.
3368 2912 3386 2943 ι
3417 2891 3560 2960 Quid

290 2974 324 3046 ἢ
356 2975 629 3048 ἀποϐολῆς
647 2978 758 3030 τῶν
785 2979 992 3048 ἄκρων,
1021 2977 1279 3050 Θεότητός
1313 2997 1458 3051 φημι
1491 2981 1586 3034 τοῦ
1627 2983 1870 3053 Χριστοῦ

1979 2999 2112 3037 vero
2142 2983 2248 3037 hoc
2288 2997 2550 3052 unquam,
2578 2997 2688 3052 quo
2717 2995 2874 3036 suam
2917 2990 3176 3037 tueantur
3216 2982 3558 3053 Opinionem,

1226 3071 1236 3094 .'
1273 3072 1328 3094 -.Ι
1342 3071 1433 3094 --θ’

285 3068 389 3122 καὶ
417 3069 932 3143 ἀνθρωπότητοςοῆ
963 3070 1118 3134 θείας
1141 3070 1238 3124 τοῦ
1268 3071 1436 3125 αὑτοῦ
1465 3073 1560 3126 καὶ
1589 3072 1874 3142 ἀνθρωπί-

287 3176 392 3230 νης
415 3161 690 3233 Θελήσεως
729 3166 825 3216 καὶ
849 3164 1156 3234 ἐνεργείας,
1183 3163 1372 3235 ἕτερόν
1399 3181 1453 3218 τι
1485 3167 1677 3234 μέσον,
1703 3166 1874 3235 ἤγουν

294 3255 624 3325 μεταίχμιον
685 3256 1057 3327 ἀποτέλεσμα,
1120 3259 1395 3332 μηδετέρᾳ
1441 3257 1606 3327 φύσει
1669 3261 1779 3312 τῶν
1815 3258 1874 3323 ἐξ

287 3341 370 3400 ὧν
403 3347 519 3400 ἐστι
557 3347 852 3402 κοινωνοῦν
872 3365 885 3378 ’
914 3349 946 3418 ἢ
980 3349 1162 3412 πάλιν,
1193 3351 1476 3422 ἐνέργειάν
1505 3369 1628 3405 τινα
1675 3351 1870 3406 σύνθε-

279 3455 387 3492 τον
431 3439 559 3493 ὄντα
607 3439 731 3493 κατ’
781 3443 1018 3516 αὐτοὺς,
1057 3441 1089 3513 ἦ
1147 3443 1356 3513 ἔχοντα’
1398 3444 1765 3514 παραδίδωσιν
1817 3447 1874 3498 ὲν

283 3531 506 3594 τούτοις
526 3534 662 3603 ἡμῖν
691 3533 719 3584 ὁ
747 3533 1093 3597 διδάσκαλος,
1123 3535 1237 3587 ἀλλ’
1264 3535 1348 3589 ὅτι
1401 3534 1576 3588 ταῦτα
1627 3535 1727 3606 μὲν
1772 3552 1872 3589 κυ-

297 3622 434 3694 ρίως
467 3623 604 3687 ἐστι,
631 3623 701 3676 τά
726 3622 784 3686 ἐξ
805 3617 882 3676 ὧν
907 3626 1054 3678 ἐστιν
1084 3642 1098 3656 ·
1136 3617 1197 3678 οὗ
1235 3613 1582 3698 διῃρημένους
1613 3628 1670 3680 δὲ
1703 3626 1875 3681 ταῦτα

289 3713 730 3782 κατονομάζεται
766 3729 780 3744 ·
815 3714 950 3783 ὁμοῦ
977 3716 1054 3781 δὲ,
1088 3716 1183 3768 καὶ
1212 3719 1268 3768 ὲν
1295 3717 1480 3788 ταυτῴ
1505 3719 1714 3772 τούτων
1741 3720 1873 3774 ἑκά-

284 3821 471 3874 τερον,
502 3803 579 3866 ὡς
605 3799 687 3866 εἷς
713 3803 788 3856 ὢν
817 3805 910 3856 καὶ
936 3805 1096 3873 μόνος
1126 3807 1154 3858 ὁ
1181 3807 1440 3877 Χριστός.
1463 3809 1576 3861 Καὶ
1606 3813 1874 3881 μαρτυρεί

287 3896 427 3967 περὶ
453 3894 659 3948 τούτων
687 3893 850 3956 αὐτὸς
875 3895 1463 3966 ύπαραπολογούμενος
1502 3899 1612 3954 τῶν
1655 3899 1874 3956 Ἀνατοι

287 3987 462 4042 λικῶν
484 3987 822 4051 ἐπισκόπων,
855 3987 950 4040 καὶ
969 3987 1194 4057 γράφων
1216 3989 1354 4059 πρὸς
1383 3989 1636 4044 Ἀκάκιον
1679 3992 1872 4058 οὕτως,

296 4100 318 4134 ε
349 4081 413 4134 0i.
437 4079 494 4133 δέ
518 4097 581 4149 γε
622 4078 763 4152 κατὰ
806 4080 908 4149 τὴν
946 4080 1273 4149 Ἀντιόχειαν
1325 4081 1564 4152 ἀδελφοὶ,
1595 4084 1874 4154 μερίζουσι

295 4173 397 4246 μὲν
420 4172 540 4228 κατ’
570 4172 760 4226 οὐδένα
792 4174 996 4244 τρόπον
1028 4172 1100 4226 τὰ
1128 4173 1384 4243 ἡνωμένα
1419 4190 1432 4203 ο
1469 4173 1799 4245 διαιρεῖσθαι
1819 4176 1877 4228 δὲ

295 4265 458 4334 μόναι
486 4265 842 4319 διατείνονται
874 4265 972 4328 τὰς
1004 4264 1096 4317 ἐπὶ
1110 4266 1203 4319 τοῦ
1228 4265 1438 4337 Κυρίου
1465 4268 1649 4334 φωνάς
1672 4284 1687 4299 °
1747 4269 1879 4338 πρέ-

1975 3075 2085 3130 illis
2119 3075 2445 3130 contulerit?
2469 3075 2588 3129 Non
2613 3076 2760 3130 enim
2795 3091 2861 3130 ex
2903 3075 3231 3141 mutatione,
3257 3083 3354 3130 aut
3391 3092 3560 3146 repu—

1975 3169 2070 3222 dio
2096 3183 2158 3222 ac
2187 3168 2484 3222 amissione
2519 3177 2891 3222 extremorum
2934 3167 3141 3224 Christi
3175 3167 3408 3240 (scilicet
3437 3169 3560 3224 dei-

1973 3259 2104 3312 tatis
2137 3273 2202 3312 ac
2239 3257 2617 3323 humanitatis,
2647 3258 2762 3312 sive
2794 3257 2996 3313 divinae
3026 3259 3148 3330 ejus
3177 3266 3340 3328 atque
3365 3259 3565 3313 huma-

1974 3365 2059 3405 nae
2086 3350 2386 3404 voluntatis
2417 3365 2481 3404 ac
2513 3349 2871 3422 operationis)
2918 3349 3066 3404 aliud
3111 3349 3244 3420 quid
3290 3349 3560 3416 medium,

1974 3443 2090 3499 sive
2125 3443 2472 3513 interjectum
2511 3443 2792 3508 eli‘ectum,
2828 3458 2954 3498 cum
2988 3451 3182 3498 neutra
3216 3443 3454 3512 partium
3493 3458 3563 3498 ex

1975 3535 2176 3603 quibus
2223 3543 2342 3598 est,
2395 3533 2930 3602 communicantem;
2985 3538 3080 3588 "aut
3125 3520 3462 3604 qui'rursus
3505 3533 3562 3588 in

1973 3640 2166 3680 eorum
2202 3626 2497 3689 sententia,
2545 3626 2795 3696 Operatio
2828 3625 3078 3695 quaedam
3121 3624 3425 3696 composita
3466 3623 3560 3691 sit,

1975 3718 2063 3772 vel
2106 3733 2169 3772 ea
2202 3717 2499 3787 praeditus;
2538 3715 2741 3786 quibus
2774 3716 2854 3771 sic
2886 3717 3151 3786 loquitur,
3187 3716 3352 3770 nobis
3393 3714 3564 3770 tradit

1974 3808 2242 3880 Cyrillus;
2281 3807 2397 3873 sed,
2437 3823 2558 3863 esse
2602 3823 2730 3862 eum
2777 3823 2929 3872 vere,
2975 3823 3060 3874 ea,
3103 3822 3172 3860 ex
3211 3807 3412 3876 quibus
3443 3814 3558 3874 est;

1977 3897 2125 3953 haud
2157 3905 2335 3951 tamen
2378 3912 2443 3951 ea
2477 3897 2708 3951 seorsim
2741 3896 3043 3966 divisisque
3073 3896 3323 3966 partibus
3348 3896 3557 3963 vocari,

1977 3991 2072 4047 sed
2116 3989 2279 4045 simul
2315 3997 2571 4057 utraque,
2601 3995 2662 4042 ut
2687 3989 2781 4056 qui
2812 4004 2956 4042 unus
2988 3987 3240 4043 Christus
3271 4002 3334 4042 ac
3367 3987 3559 4056 singu-

1977 4079 2108 4134 laris
2138 4079 2230 4132 sit.
2263 4077 2521 4131 Testatur
2552 4076 2668 4131 htec
2701 4078 2839 4146 ipse,
2871 4092 2994 4130 cum
3029 4078 3325 4132 orientales
3348 4075 3564 4146 episco-

1977 4185 2080 4241 pos
2109 4167 2434 4232 det‘endens,
2478 4167 2537 4222 in
2569 4167 2686 4222 haec
2728 4167 2896 4222 verba
2941 4166 3010 4220 ad
3041 4167 3303 4220 Acacium
3343 4164 3568 4221 scribit:

1987 4279 2006 4312 ι
2036 4261 2108 4316 At
2139 4275 2272 4314 vero
2304 4259 2633 4315 Antiocheni
2668 4259 2884 4324 fratres,
2916 4274 3040 4328 qua:
3069 4258 3290 4328 quidem
3326 4259 3472 4314 inter
3500 4273 3562 4314 se

293 4370 420 4408 πειν
443 4370 502 4407 τε
531 4353 628 4417 τὰς
656 4354 760 4425 μὲν
784 4356 849 4424 τῇ
881 4353 1098 4425 θεότητι
1129 4353 1297 4408 αὑτοῦ
1319 4394 1334 4419 ,
1363 4353 1461 4418 τὰς
1497 4354 1552 4412 δὲ
1589 4358 1656 4426 τῇ
1708 4356 1874 4410 αὑτοῦ

1981 4353 2135 4408 unita
2162 4359 2312 4416 sunt,
2335 4352 2488 4406 nullo
2511 4360 2674 4422 pacto
2693 4351 3012 4405 distrahunt
3039 4367 3052 4404 :
3083 4350 3176 4405 sed
3203 4351 3350 4405 solas
3371 4364 3558 4416 voces,

291 4440 458 4495 πάλιν
488 4440 887 4512 ἀνθρωπότητι.
915 4441 1048 4504 Θεὸς
1085 4441 1195 4512 γάρ
1219 4441 1369 4495 ἐστιν
1397 4444 1426 4496 ὁ
1451 4443 1614 4506 αὐτὸς
1651 4445 1746 4496 καὶ
1779 4443 1873 4497 άν-

294 4529 513 4600 Ορωπος
545 4547 559 4562 ’
588 4525 730 4582 εἶναι
772 4529 829 4584 δέ
861 4547 994 4598 φασι
1029 4530 1122 4584 καὶ
1165 4530 1356 4600 ἐτέρας
1405 4532 1871 4602 κοινοποιηθείσας

290 4621 495 4692 τρόπον
529 4621 673 4689 τινὰ,
706 4622 800 4675 καὶ
822 4617 934 4675 οἷον
963 4623 1047 4675 ἐπ’
1071 4623 1239 4693 ἄμφω
1263 4604 1567 4692 βλεπούσας
1594 4640 1606 4652 ·
1641 4624 1871 4694 θεότητα

292 4715 394 4769 καὶ
447 4715 844 4786 ἀνθρωπότητα
884 4715 1028 4784 λέγω
1061 4733 1075 4748 ο
1098 4714 1208 4772 οἶόν
1235 4716 1289 4770 τί
1325 4733 1488 4787 φημι,
1521 4717 1576 4769 αί
1621 4717 1720 4787 μὲν
1763 4717 1870 4788 γάρ

292 4807 401 4859 εἰσι
430 4805 538 4859 τῶν
564 4807 756 4876 φωνῶν
797 4809 878 4860 ὅτι
918 4808 1153 4878 μάλιστα
1188 4807 1534 4880 θεοπρεπείς,
1561 4809 1616 4861 αἱ
1646 4808 1702 4862 δὲ
1731 4807 1875 4862 οὕτω

299 4897 466 4950 πάλιν
519 4896 1014 4968 ἀνθρωποπρεπεῖς
1043 4911 1058 4928 ⁶
1110 4898 1164 4950 αἱ
1205 4897 1260 4948 δὲ
1323 4897 1495 4968 μέσην
1552 4898 1674 4951 τινὰ
1725 4895 1878 4962 τάξιν

293 4990 537 5059 ἔχουσιν,
622 4990 1016 5058 ἐμφανίζουσαι
1042 4987 1130 5044 τὸν
1159 4987 1403 5062 Υἱὸνντοῦ
1429 4989 1562 5043 Θεοῦ
1587 4990 1720 5042 Θεὸν
1749 4989 1878 5046 ὄντα

294 5081 392 5135 καὶ
417 5080 704 5151 ἄνθρωπον
733 5079 868 5150 ὁμοῦ
898 5097 957 5132 τε
987 5080 1082 5132 καὶ
1117 5067 1177 5132 ’ἐν
1218 5079 1419 5148 ταύτῷ.
1461 5099 1478 5132 ι
1513 5080 1721 5152 δέδειχε
1763 5099 1876 5134 τοι-

297 5169 501 5240 γαροῦν
563 5171 693 5240 ἡμῖν
723 5171 751 5222 ὁ
787 5169 1104 5233 διδάσκαλος
1126 5209 1140 5232 ,
1175 5169 1347 5240 μέσην
1381 5170 1534 5238 τάξιν
1579 5167 1719 5226 εἶναι
1768 5190 1880 5242 φω-

293 5260 449 5325 νῶν,
509 5263 608 5332 οὺχ
666 5263 852 5334 ἕτερόν
899 5279 953 5315 τι
1014 5262 1104 5315 τὸν
1163 5261 1398 5331 Χριστὸν
1449 5259 1624 5327 εἶναι,
1678 5281 1877 5334 σημαι-

293 5353 524 5417 νουσῶν,
561 5355 708 5424 παρὰ
737 5356 805 5407 τά
834 5355 892 5420 ἐξ
912 5347 1005 5418 ὧν,
1035 5354 1092 5407 ὲν
1121 5348 1202 5416 οἷς
1223 5370 1284 5405 τε
1313 5354 1408 5407 καὶ
1439 5355 1582 5427 ἅπερ
1607 5357 1777 5420 ἐστὶν,
1804 5357 1880 5428 ὦς

295 5461 446 5507 τινες
472 5445 830 5516 ὑπειλήφασιν
857 5462 868 5474 ·
896 5445 1032 5497 ἀλλὰ
1050 5444 1140 5498 τὸν
1169 5442 1304 5497 Θεὸν
1323 5444 1456 5514 ὁμοῦ
1483 5447 1574 5498 καὶ
1595 5446 1879 5518 ἄνθρωπον

295 5541 395 5595 τὸν
426 5539 588 5594 αὑτὸν
616 5540 758 5593 κατὰ
808 5539 972 5609 φύσιν
1023 5540 1311 5610 ὑπάρχειν.
1346 5539 1456 5592 Καὶ
1507 5538 1879 5609 παρακομίζει

306 5634 448 5704 πρὸς
479 5632 750 5697 ἀπόδειξιν
775 5633 982 5686 τούτων
1003 5633 1102 5694 τὰς
1123 5631 1520 5694 θεοπνεύστους
1534 5630 1760 5702 Γραφὰς
1790 5631 1878 5685 οὐ·

297 5729 438 5782 τωσὶ
477 5727 719 5794 φάσκων.
757 5745 776 5778 ι
801 5727 968 5778 Ὅταν
1000 5725 1098 5792 μὲν
1116 5725 1193 5794 τῷ
1210 5723 1462 5794 Φιλίππῳ
1485 5723 1641 5795 λέγῃ,
1665 5723 1881 5779 Τοσοῦ-

300 5835 410 5873 τον
425 5819 648 5888 χρόνον
658 5819 785 5887 μεθ’
809 5816 973 5888 ὑμῶν
988 5803 1127 5886 είμι,
1145 5818 1241 5873 καὶ
1262 5819 1374 5872 οὐκ
1395 5815 1661 5884 ἔγνωκάς
1675 5833 1768 5884 με,
1783 5815 1880 5870 Φί-

1979 4461 2102 4516 quae
2125 4444 2194 4499 de
2218 4443 2444 4499 Christo
2475 4442 2758 4508 dicuntur,
2794 4441 3163 4498 secernendas
3182 4441 3558 4508 contendunt;

1980 4546 2146 4605 atque
2179 4534 2317 4589 alias
2347 4532 2572 4603 quidem
2617 4533 2738 4603 ejus
2766 4532 3064 4596 divinitati,
3097 4532 3234 4586 alias
3265 4547 3400 4587 vero
3441 4531 3562 4602 ejus

1982 4638 2176 4682 rursus
2223 4622 2552 4677 humanitati
2583 4635 2907 4691 congruere.
2954 4620 3105 4674 Idem
3140 4619 3289 4673 enim
3333 4619 3478 4672 Deus
3505 4626 3564 4673 et

1982 4715 2148 4770 homo
2187 4722 2290 4769 est.
2322 4712 2546 4768 Addunt
2570 4711 2932 4766 nihilominus
2975 4708 3244 4778 quasdam
3275 4722 3396 4762 esse
3425 4723 3564 4777 quo-

1983 4805 2276 4860 dammodo
2319 4818 2660 4865 communes,
2696 4811 2752 4857 et
2779 4801 2932 4855 velut
2959 4798 3029 4852 ad
3069 4807 3358 4866 utramque
3401 4801 3564 4852 natu-

1980 4913 2098 4954 ram
2114 4905 2444 4966 spectantes,
2463 4894 2807 4949 divinitatem
2829 4890 3039 4945 scilicet
3059 4897 3117 4945 et
3140 4888 3559 4946 humanitatem.

1979 4989 2139 5056 Quod
2165 4988 2312 5052 dico,
2339 4985 2607 5058 ejusmodi
2639 4991 2744 5038 est.
2777 4981 2928 5035 Inter
2963 4994 3150 5043 voces,
3181 4996 3304 5050 qua:
3340 4979 3562 5036 Christo

1979 5081 2322 5142 tribuuntur.
2366 5075 2614 5146 quaedam
2645 5071 2921 5126 divinitati
2969 5070 3314 5140 potissimum
3359 5085 3564 5125 conve-

1981 5174 2172 5239 niunt;
2222 5170 2342 5226 aliae
2391 5177 2574 5222 autem
2624 5165 2797 5235 magis
2843 5164 2912 5218 ad
2961 5163 3357 5217 humanitatem
3390 5162 3564 5231 perti-

1983 5275 2118 5320 nent
2144 5282 2157 5318 :
2187 5263 2305 5317 alia:
2347 5260 2586 5328 denique
2618 5258 2777 5327 quasi
2808 5256 3006 5311 mediae
3031 5263 3181 5320 sunt,
3214 5270 3337 5324 qua:
3366 5255 3563 5309 Filium

1981 5357 2111 5420 Dei,
2149 5355 2320 5408 Deum
2369 5360 2425 5407 et
2469 5351 2748 5405 hominem
2797 5349 2961 5403 simul
3009 5361 3127 5402 esse
3180 5345 3484 5400 declarent.
3535 5364 3556 5397 ι

1981 5445 2236 5502 Ostendit
2293 5443 2461 5515 igitur
2508 5441 2670 5496 nobis
2711 5441 2815 5495 ille
2865 5452 2989 5495 esse
3041 5436 3277 5492 mediam
3328 5435 3562 5489 classem

2001 5549 2221 5596 vocum,
2263 5547 2369 5588 non
2403 5547 2525 5602 qua:
2561 5533 2870 5603 signiﬁcent
2901 5545 3023 5586 esse
3073 5527 3354 5582 Christum
3415 5528 3568 5584 aliud

2001 5627 2156 5699 quid,
2181 5635 2377 5698 praeter
2403 5627 2492 5681 illa
2526 5623 2829 5693 exquibus,
2853 5629 2907 5673 et
2948 5619 3003 5672 in
3064 5617 3285 5686 quibus,
3333 5635 3400 5674 ac
3445 5634 3568 5689 qua:

2001 5731 2108 5786 est,
2135 5730 2194 5774 ut
2217 5718 2436 5789 quidam
2459 5715 2664 5785 Opinati
2685 5720 2835 5777 sunt;
2855 5710 2948 5766 sed
2979 5725 3100 5780 quae
3115 5710 3366 5765 eumdem
3393 5710 3557 5766 Deum

2001 5831 2122 5873 esse
2155 5824 2322 5884 atque
2351 5812 2625 5867 hominem
2665 5815 2856 5861 natura
2883 5805 3196 5864 ostendant.
3216 5804 3422 5876 [lisque
3446 5821 3570 5874 pro-
