4052 6292
284 388 425 454 1125

279 600 617 664 ϐλάπτοντα,
642 600 739 653 καὶ
776 599 866 652 ἐπ’
884 602 1115 657 ἐκείνων
1140 606 1476 679 περιληφθῇ.
1521 614 1563 667 Π

278 784 436 853 αὑτῷ
483 784 592 837 κᾶν
612 787 738 848 ταις
788 788 1005 850 οὐσίαις
1059 793 1491 862 προσχρώμεθα·
1514 797 1563 866 ’ἢ
1612 798 1857 869 δείξωσι,

276 876 402 940 πῶς
434 876 510 947 μὴ
549 877 835 947 ἀναίρεσιν
883 881 1109 946 πάντῶς
1152 882 1184 953 ἢ
1235 884 1526 956 σύγχυσιν,
1573 889 1669 943 τοῦ
1723 893 1867 947 κατά

276 969 571 1041 ἄνθρωπον
601 970 839 1039 φυσικοῦ
866 972 963 1025 τοῦ
994 974 1256 1045 Σωτῆρος
1281 977 1593 1050 θελήματος
1621 982 1871 1055 ἁπεργάο

276 1061 494 1128 ζονται,
521 1062 611 1116 διὰ
643 1063 744 1132 τῆς
768 1064 913 1118 κατά
943 1064 1036 1118 τὸν
1066 1066 1302 1137 ἀριθμὸν
1327 1074 1743 1143 παραιτήσεως.

1217 402 1595 468 PANOPLIA
1639 407 2099 479 DOGMATICA.
2139 443 2209 455 --
2248 418 2394 484 Tl'l'.
2427 422 2577 490 XXI.

278 506 355 569 ὡς
378 506 460 559 ὅτι
481 506 604 559 κατ’
636 506 839 571 αὐτοὺς
872 507 1298 582 λυμαινόμενον,
1322 516 1354 587 ἢ
1398 519 1665 589 μηδαμῶς
1693 541 1871 593 παρα·
1898 534 1945 590 Α
1975 527 2177 583 bonum

3413 447 3552 517 1126

2204 542 2500 602 aptumque
2531 549 2635 604 est,
2672 554 2794 612 quae
2821 543 3023 605 innatae
3054 550 3166 609 sint
3202 570 3399 627 resque
3418 577 3551 620 cou-

1570 612 1663 682 ρὸς
1694 614 1867 684 δήλω-ι
1973 620 2204 677 stituant
2234 638 2299 680 ac
2332 628 2654 700 iusigniant,
2720 636 2774 693 in
2804 639 2939 710 ipsis
2985 660 3205 716 quoque
3273 612 3553 712 nihilst-ut

280 710 373 746 σιν
404 694 507 762 τῆς
537 691 767 763 ἐνούσης
819 693 1004 760 αὐτοῖς
1062 697 1309 768 ιμφῦτου
1336 701 1631 774 διαφορᾶς,
1682 707 1752 760 δι’
1799 709 1854 782 ῆι

1968 714 2199 770 exsistat
2251 727 2583 781 conveniens
2616 730 2727 797 sit;
2791 691 2955 805 aique

3005 738 3142 794 adeo
3202 744 3280 795 vel
3341 749 3409 800 ah
3467 749 3553 809 his

1964 821 2187 879 quoque
2214 826 2501 871 numerum
2537 820 2813 890 auferant,
2871 830 3074 900 utqui,
3144 848 3242 904 per
3297 852 3412 909 eos,
3474 842 3555 895 la-

1967 896 2087 952 bem
2124 914 2373 973 asserat;
2411 911 2518 977 vel,
2546 927 2670 969 cum
2700 917 2839 973 nihil
2868 920 3049 992 laedat,
3076 924 3131 981 in
3191 928 3300 985 illis
3332 946 3553 1005 quoque

1969 1002 2320 1063 assumatur;
2364 1002 2429 1059 ad
2464 1004 2567 1060 hoc
2617 1009 2850 1077 scilicet,
2888 1024 2946 1070 ut
3001 1034 3125 1090 quae
3179 1023 3289 1079 illis
3349 1002 3547 1089 natura

1972 1080 2115 1139 inest
2150 1086 2431 1150 distinctio
2465 1097 2773 1160 innotescat
2806 1124 2819 1160 :
2856 1080 3214 1178 quod-unum
3274 1118 3327 1171 in
3377 1133 3547 1177 causa

2574 1153 2773 1160 νίν---ν
2806 1153 2819 1160 -
2897 1153 2999 1164 -υυ-
3046 1153 3212 1169 uuu-u
3274 1153 3327 1171 ul
3377 1153 3547 1177 υσυδε

274 1165 389 1220 es"
414 1161 473 1208 ut
500 1160 556 1209 et
580 1153 637 1208 in
673 1154 887 1210 mum.
921 1170 1209 1213 numerum
1241 1176 1577 1231 usurpem“
1605 1181 1621 1231 ³
1646 1174 1743 1219 am
1771 1177 1921 1226 cem
1978 1181 2294 1247 ⁰³¹θ¹¹δ³ηιι
2329 1188 2420 1255 Qui
2448 1186 2541 1246 llat
2571 1200 2628 1246 ut
2672 1153 2979 1256 naturalem
3014 1205 3315 1267 Salvatoris
3351 1216 3550 1272 volun-

275 1255 448 1272 l-lA-a.
507 1259 609 1272 -..Α
655 1244 871 1272 ...δμωμ
902 1254 981 1272 ιιι-ι
1013 1246 1173 1272 ..Α-..Α
1242 1266 1345 1272 -.ΑΛ
1391 1257 1533 1272 ,νεα-Ι
1591 1271 1600 1272 κ
1663 1269 1678 1272 Α
1735 1256 1757 1272 ρ
1898 1268 1908 1272 -
2256 1271 2264 1272 κ

275 1255 473 1312 tatem,
505 1259 613 1315 qua
655 1244 871 1300 ratione
900 1254 984 1302 est
1012 1246 1198 1316 homo,
1242 1266 1350 1305 non
1384 1257 1612 1311 omnino
1658 1256 1915 1315 auferant
1970 1273 2067 1320 aut
2136 1244 2491 1343 confundant,
2672 1244 2799 1355 ejus

279 1345 580 1405 respuant.

354 1428 447 1499 Τῷ
474 1430 585 1501 γὰρ
626 1429 917 1500 νθεωθῆναι
967 1435 1034 1506 τῇ
1087 1433 1226 1504 πρὸς
1284 1434 1419 1490 Θεὸν
1460 1437 1679 1508 ἑνὼσει,
1716 1443 1865 1499 καθά

274 1522 381 1575 καὶ
438 1523 536 1593 τὴν
586 1524 751 1593 φύσιν
796 1526 972 1594 αὐτὴν
1033 1528 1135 1601 τῆς
1190 1529 1429 1598 λογικῶς
1480 1551 1541 1587 τε
1600 1535 1699 1588 καὶ
1743 1553 1865 1589 νοε-

281 1613 397 1683 ρῶς
431 1613 791 1691 ὲψυχωμένης
822 1618 1050 1689 σαρκὸς,
1094 1620 1195 1688 τῆς
1247 1623 1371 1675 κοιτ⁹
1413 1625 1602 1678 οὐσίαν
1639 1628 1863 1696 ὀντότη-

277 1721 375 1767 τος
427 1706 526 1758 οὐκ
556 1705 879 1776 ἐξίστησιν·
934 1707 1129 1780 ῶσπερ
1187 1712 1310 1765 οὐδὲ
1352 1712 1454 1783 τῆς
1515 1716 1725 1781 οίκείας
1768 1719 1862 1774 τὸν

279 1797 525 1868 σίδηρον,
581 1799 617 1868 ἡ
671 1799 815 1871 ἄκρα
862 1802 960 1855 καὶ
1022 1803 1092 1854 δι’
1127 1802 1250 1857 ὅλου
1310 1807 1450 1876 πρὸς
1485 1809 1543 1862 τὸ
1582 1808 1695 1882 πῦρ
1733 1828 1854 1865 συν-

280 1890 586 1917 -,,ι,,,,,,-ι-
637 1908 698 1917 --
760 1894 850 1917 --Δ
911 1894 1130 1917 ι-,,,-,,-
1210 1895 1342 1917 μη
1394 1900 1457 1917 -σ
1681 1902 1694 1917 ι
1835 1905 1848 1917 ι

1961 1805 2221 1893 exsistit;
2266 1826 2343 1881 uti
2406 1844 2586 1902 nequc
2641 1835 2869 1900 ferrum.
2937 1845 3006 1899 ab
3038 1859 3107 1901 eo
3166 1850 3314 1917 quod

277 1890 586 1959 ανάκρασίς
637 1908 699 1944 τε
760 1894 854 1945 καὶ
911 1894 1131 1957 ἐνωσιςο
1204 1895 1344 1950 ἀλλὰ
1388 1900 1589 1970 πάσχει
1637 1902 1738 1972 μὲν
1792 1905 1861 1958 τὰ

278 1984 478 2054 πυρὸς,
532 1985 721 2054 ίπιιδὴ
776 1985 890 2056 πῦρ
939 1989 1007 2058 τῇ
1059 1988 1254 2042 ὲνώσει
1309 1993 1621 2063 γεγένηται·
1681 1994 1861 2066 βρίθει

279 2076 337 2129 δὲ
374 2074 536 2130 πάλιν
566 2078 710 2130 κατά
760 2077 948 2146 φύσιν,
1006 2081 1100 2134 καὶ
1127 2081 1341 2152 τέμνει,
1382 2083 1465 2136 ὄτι
1524 2085 1599 2156 μὴ
1655 2090 1756 2156 τῆς
1784 2091 1861 2141 ol-

280 2170 438 2235 κείας
464 2168 646 2241 λώϐην
669 2171 908 2225 πέπονθε
937 2171 1175 2242 φύσεως,
1230 2176 1261 2246 ἢ
1301 2176 1546 2248 φυσικῆς
1572 2181 1857 2252 ἐνεργείας

280 2262 478 2334 ἐξέστη
529 2262 591 2315 τὺ
639 2262 881 2317 σύνολον·
939 2265 1119 2319 καίτοι
1171 2268 1313 2338 μετὰ
1367 2271 1539 2340 πυρὸς
1591 2271 1857 2344 ὑπάρχων

276 2353 424 2405 κατὰ
444 2352 544 2422 τὴν
573 2352 743 2423 αὐτὴν
769 2353 865 2407 καὶ
921 2356 1052 2425 μίαν
1087 2356 1412 2423 ὑπόστασιν,
1441 2363 1538 2414 καὶ
1587 2362 1852 2418 ἀδιαστά-

276 2462 387 2506 tm;
405 2443 568 2513 δρῶν,
597 2444 665 2497 τά
701 2461 759 2497 τε
801 2448 945 2500 κατά
972 2447 1135 2516 φύσιν
1162 2449 1320 2503 ίδίαψ
1356 2450 1501 2519 λέγω
1543 2454 1600 2507 δὲ
1633 2458 1734 2526 τὴν
1764 2474 1851 2511 το-

281 2539 414 2608 μήν·
443 2538 537 2590 καὶ
565 2536 635 2589 τὰ
675 2537 798 2591 καθ’
822 2539 1021 2595 ἕνωσιν
1050 2540 1225 2611 αὖθις,
1274 2544 1412 2615 ὅπερ
1446 2546 1595 2599 ἐστὶν
1629 2550 1661 2619 ή
1712 2550 1853 2603 καῦ-

279 2646 389 2690 σις.
419 2628 599 2683 Αὑτοῦ
629 2628 739 2704 γὰρ
762 2631 1026 2703 ὑπάρχει,
1058 2633 1315 2704 καθάπερ
1347 2639 1441 2689 καί.
1484 2638 1580 2691 τοῦ
1613 2642 1788 2710 πυρὸς
1824 2644 1857 2714 ἠ

276 2724 442 2792 τομὴ,
465 2723 553 2775 διὰ
585 2723 683 2794 τὴν
713 2725 890 2791 ἄκραν
916 2728 1124 2779 τούτων
1149 2728 1233 2791 είς
1267 2727 1475 2798 ἄλληλα
1528 2731 1847 2805 περιχώρη-

280 2815 367 2867 σίν
393 2831 451 2867 τε
483 2815 581 2869 καὶ
632 2816 923 2870 ἀντίδοσινο
973 2818 1067 2871 καὶ
1125 2818 1250 2873 οὔτε
1298 2821 1400 2890 τὴν
1440 2824 1607 2893 φύσιν
1655 2825 1846 2890 αὑτοῦ,

279 2907 501 2978 eruas:
535 2906 631 2961 τοῦ
665 2910 911 2981 σιδήρου,
960 2911 1063 2967 κᾶν
1095 2916 1232 2984 μετά
1265 2916 1437 2985 πυρὸς
1482 2918 1705 2988 ὁρᾶται,
1736 2934 1852 2973 κω-

277 3009 525 3079 λυόμεθα
547 3010 607 3064 τὸ
625 3012 885 3083 παράπαν
920 3012 1207 3083 ὀνομάζειν
1237 3011 1270 3083 ἢ
1304 3012 1579 3083 ἀριθμεῖν,
1613 3009 1737 3065 οὔτε
1758 3012 1857 3085 τὴν

281 3100 851 3172 φυσικὴνὲνέργειαν,
889 3103 938 3155 εί
966 3102 1059 3155 καὶ
1089 3101 1227 3173 μετὰ
1253 3101 1501 3167 καύσεως
1530 3103 1855 3174 καθορᾶται,

280 3194 378 3246 καὶ
434 3194 709 3265 μηδεμίαν
758 3193 874 3263 ἔχει
928 3194 1065 3265 πρὸς
1113 3193 1321 3266 ταύτην
1377 3195 1679 3259 διάστασιν,
1740 3194 1856 3248 ἀλλ’

282 3284 535 3347 ἐνοειδῶς
569 3287 666 3338 σὺν
691 3287 828 3357 αὐτῇ
871 3303 932 3339 τε
968 3288 1063 3340 καὶ
1103 3289 1162 3342 ὲν
1193 3289 1333 3358 αὐτῇ
1382 3287 1728 3355 διαφαίνεται
1758 3284 1855 3338 καὶ

282 3362 637 3445 γνωρίζεται.
692 3376 789 3441 Τίς
829 3373 920 3432 οὖν
951 3379 979 3431 ὁ
1026 3377 1204 3446 λόγος,
1261 3377 1355 3431 τοῦ
1390 3378 1450 3430 τὸ
1485 3375 1735 3448 φυσικῶς
1785 3376 1853 3447 τῇ

282 3462 443 3533 φύσει
473 3465 676 3535 προσὸν
714 3466 787 3537 μὴ
822 3466 1098 3538 ἀριθμεῖν,
1124 3467 1366 3520 τουτέστι
1398 3466 1457 3519 τὸ
1488 3465 1721 3535 θέλημα,
1762 3465 1855 3519 καὶ

278 3555 456 3627 ταύτῃ
485 3556 545 3608 τὸ
574 3557 695 3610 καθ’
724 3559 870 3628 ἡμᾶς
903 3558 1091 3621 ἀτελὲς
1118 3558 1198 3628 τῷ
1233 3557 1518 3628 ὑπερτελεϊ
1542 3558 1636 3610 καὶ
1662 3572 1856 3626 προτε-

279 3646 411 3716 λείῳ
438 3647 556 3717 Θεῷ
579 3648 735 3719 Λόγῳ
766 3649 1173 3720 σεσαρκωμένῳ
1206 3649 1676 3719 προσμαρτυρεῖν,
1732 3645 1857 3699 καί·

280 3757 365 3792 τοι
397 3738 614 3791 πάντων
659 3739 875 3808 ἐπίσης,
906 3737 1127 3809 εὐδοκία
1174 3736 1409 3809 Πατρὸς,
1442 3737 1537 3791 καὶ
1565 3734 1857 3805 συνεργείᾳ

282 3829 605 3900 Πνεῦματος
639 3830 795 3898 ἁγίου
828 3830 914 3884 διὰ
939 3830 1038 3902 τὴν
1066 3829 1221 3900 ἡμῶν
1251 3828 1549 3899 σωτηρίαν,
1573 3828 1698 3882 καθ’
1726 3827 1857 3880 ἐνω-

284 3933 370 3968 σιν
400 3915 499 3985 τὴν
524 3915 849 3970 ἀδιάστατον
894 3916 1001 3969 τῶν
1025 3917 1125 3987 τῆς
1151 3917 1370 3987 φύσεως
1401 3916 1850 3985 κεκοινωνηκότι,

282 4005 538 4075 καθάπερ
565 4003 657 4059 οὖν
681 4006 886 4076 καύτῆς
918 4007 1143 4070 τελείως
1163 4010 1263 4079 τῆς
1303 4009 1540 4077 φύσεως,
1588 4006 1730 4077 πλὴν
1764 4006 1857 4075 μό-

282 4099 512 4166 νηςτῆς
542 4099 836 4169 ἁμαρτίας,
871 4100 952 4152 ὅτι
1000 4099 1133 4171 μηδὲ
1179 4102 1279 4170 τῆς
1324 4098 1540 4168 φύσεως
1578 4092 1668 4168 ἦν,
1720 4095 1856 4151 ἀλλὰ

282 4186 534 4257 γνώμης,
575 4189 727 4260 παρὰ
764 4191 856 4243 τὸν
902 4192 1061 4259 λόγον
1093 4191 1188 4244 καὶ
1220 4191 1314 4244 τὸν
1348 4190 1513 4260 νόμον
1558 4186 1857 4257 κεκινημέ-

282 4295 385 4346 νης
419 4280 517 4343 τῆς
545 4278 783 4347 φύσεως,
811 4283 1051 4353 ὲκτροπὴ
1081 4284 1175 4335 καὶ
1196 4282 1501 4351 ὀλίσθημα;

2853 1303 3077 1347 censum
3141 1312 3205 1352 ac
3259 1315 3548 1362 numerum

2073 1448 2192 1505 Non
2273 1456 2416 1510 enim
2506 1464 2649 1530 quod
2718 1466 2874 1536 haec,
2951 1473 3151 1531 unione
3228 1494 3348 1539 cum
3435 1483 3549 1542 Deo

1962 1540 2162 1600 deitate
2230 1547 2441 1608 imbuta
2510 1557 2602 1623 sit,
2663 1558 2809 1616 haud
2869 1580 3031 1621 secus
3102 1584 3167 1625 ac
3256 1574 3369 1641 ipsa
3444 1595 3543 1633 na-

1963 1642 2085 1690 tura
2155 1642 2362 1709 carnis,
2425 1647 2619 1704 anima:
2680 1655 2920 1721 pnedita:
2966 1671 3152 1717 uteute
3226 1666 3443 1723 ratione
3488 1681 3545 1725 et

1964 1726 2297 1808 intelligente
2379 1752 2443 1791 eo
2524 1744 2780 1806 extrahit,
2856 1753 3001 1817 quod
3082 1754 3158 1811 illi
3248 1761 3549 1819 essentiale

3368 1852 3444 1906 illi
3472 1869 3541 1907 ει

1965 1914 2206 1969 essentia
2229 1927 2329 1984 est,
2359 1923 2599 1977 extrudit
2640 1942 2851 1982 summa
2910 1933 3053 2001 ejus,
3114 1914 3335 2009 totaque
3396 1946 3549 1999 male

1965 2017 2089 2059 cum
2117 2006 2240 2077 igne
2262 2017 2698 2082 contemperatiu
2726 2028 2891 2090 atque
2914 2028 3044 2080 unio
3071 2045 3084 2081 :
3119 2030 3214 2085 sed
3246 2006 3389 2101 ignis
3416 2037 3549 2105 qui-

1965 2098 2087 2153 dem
2126 2100 2443 2159 aﬂectiones
2478 2109 2690 2179 recipit,
2715 2127 2781 2167 eo
2838 2116 2984 2185 quod
3014 2134 3079 2173 ex
3144 2098 3345 2179 unione
3394 2098 3550 2182 velut

1968 2190 2108 2261 ignis
2145 2188 2318 2250 evasit
2346 2216 2360 2264 ;
2388 2215 2537 2268 gravi
2569 2211 2748 2258 tamen
2790 2222 2980 2264 rursus
3046 2215 3289 2281 pondere
3346 2228 3546 2275 natura

1964 2297 2074 2350 est,
2103 2296 2156 2340 et
2183 2300 2349 2355 secat,
2408 2292 2616 2350 idcirco
2644 2298 2906 2352 nimirum
2960 2303 3102 2371 quod
3165 2306 3287 2376 ejus
3334 2321 3550 2368 naturas

1965 2376 2115 2430 nulla
2150 2376 2301 2433 labes
2331 2382 2481 2438 illata
2507 2394 2612 2451 est,
2647 2403 2748 2443 nec
2778 2404 2809 2445 a
2840 2395 3077 2449 naturali
3132 2411 3364 2466 prorsus
3414 2418 3547 2474 epe-

1960 2470 2175 2524 ratinne
2205 2477 2478 2541 excessit;
2514 2480 2616 2535 etsi
2666 2496 2789 2536 cum
2825 2486 2969 2554 igne,
3018 2490 3323 2547 secundum
3381 2511 3546 2551 uuam

1963 2560 2325 2633 eamdemque
2357 2567 2709 2627 subsistentis
2744 2575 3033 2646 rationem,
3082 2596 3187 2636 una
3221 2584 3456 2653 exsistit,
3479 2602 3547 2643 ac

1967 2648 2204 2708 indivise
2234 2667 2516 2728 Operatur,
2541 2670 2653 2717 tum
2685 2679 2806 2734 qua:
2835 2683 2903 2721 ex
2933 2673 3154 2741 propria
3187 2684 3384 2733 natura
3412 2687 3542 2735 sunt

1965 2740 2050 2812 (ut
2082 2760 2276 2815 nempe
2311 2751 2500 2822 secet)
2532 2762 2645 2809 tum
2677 2771 2876 2814 rursus
2902 2740 3047 2830 quod
3067 2780 3131 2819 ex
3160 2768 3362 2823 unione
3383 2785 3544 2828 acce-

1965 2834 2044 2888 dit
2072 2837 2301 2905 (scilicet
2340 2850 2397 2896 ut
2436 2856 2583 2901 urat.
2612 2846 2761 2905 illius
2782 2854 2930 2907 enim
2970 2863 3077 2923 est,
3112 2859 3262 2927 quod
3295 2863 3428 2928 urit,
3459 2863 3544 2919 uti

1965 2925 2126 2980 etiam
2162 2928 2324 2998 ignis,
2348 2932 2494 3002 quod
2531 2948 2703 3005 secat,
2726 2942 2795 2996 ob
2825 2958 3098 3000 summam
3129 2925 3341 3006 borum
3397 2925 3546 3010 inter

1955 3029 2013 3067 se
2058 3015 2418 3089 intimamque
2443 3029 2882 3093 penetrationem
2918 3048 2981 3087 ac
3024 3036 3535 3105 reciprocationem.

1956 3105 2033 3160 Ac
2083 3124 2262 3180 neque
2312 3114 2432 3183 ejus
2479 3128 2730 3173 naturam
2784 3122 2936 3187 (ferri
2987 3126 3220 3192 scilicet)
3270 3131 3373 3185 etsi
3425 3132 3538 3202 igni

1955 3198 2246 3269 conjuncta
2290 3206 2650 3276 conspicitur,
2680 3212 2791 3267 ullo
2829 3216 2995 3270 modo
3018 3220 3304 3275 nominare
3341 3225 3539 3292 prohi—

1957 3287 2153 3343 bemur
2195 3301 2289 3347 aut
2341 3310 2653 3364 numerare,
2687 3318 2867 3373 neque
2913 3308 3221 3362 naturalem
3266 3314 3540 3380 operatio-

1955 3395 2079 3436 nem
2110 3399 2124 3435 :
2151 3399 2462 3457 quanquam
2506 3390 2622 3448 haec
2668 3396 2913 3452 cernitur
2959 3399 3153 3454 urendi
3190 3402 3392 3456 actioni
3446 3419 3539 3459 co-

1958 3486 2093 3538 mes,
2120 3490 2224 3530 nec
2243 3475 2311 3531 ab
2332 3493 2393 3533 ea
2418 3480 2718 3553 quidquam
2743 3486 3039 3555 dividitur;
3066 3489 3164 3544 sed
3189 3492 3540 3551 uniformiter

1956 3578 2079 3617 cum
2109 3580 2194 3632 ea,
2237 3578 2402 3639 atque
2447 3571 2503 3626 in
2547 3590 2611 3629 ea
2642 3576 2848 3633 dilucet
2888 3588 3050 3650 atque
3095 3584 3362 3638 noscitur.
3407 3584 3540 3650 Quae

1955 3650 2122 3720 igitur
2149 3654 2290 3711 ratio
2316 3667 2377 3712 ut
2398 3658 2450 3713 id
2474 3676 2585 3716 non
2613 3679 2969 3721 numeremus
2995 3668 3139 3736 quod
3166 3678 3364 3723 natura
3394 3670 3538 3725 inest

1955 3750 2163 3798 natum
2211 3745 2442 3818 (nempe
2491 3752 2865 3825 voluntatem)
2912 3774 3087 3828 eaque
3140 3763 3375 3827 ratione,
3420 3762 3537 3817 Deo

1953 3830 2134 3887 Verbo
2183 3834 2482 3905 incarnato,
2519 3845 2713 3914 majori
2753 3846 2964 3903 scilicet
2996 3850 3145 3904 omni
3193 3852 3537 3920 perfectione

1953 3922 2114 3992 eique
2148 3928 2434 3996 anteriori,
2480 3942 2541 3986 ut
2569 3950 2670 3990 nec
2713 3938 2877 3992 homo
2914 3940 3191 4008 perfectus
3223 3942 3294 3997 sit
3329 3943 3538 4002 tribua-

1956 4028 2109 4080 mus;
2162 4032 2474 4088 quanquam
2530 4026 2775 4081 omnium
2834 4032 3098 4100 perinde,
3156 4050 3279 4103 quae
3326 4044 3538 4092 naturae

1953 4114 2102 4168 sunt,
2148 4117 2349 4165 nostrae
2398 4113 2591 4169 salutis
2638 4132 2821 4183 causa,
2866 4136 2963 4190 per
3011 4122 3340 4178 indivulsam
3376 4126 3536 4179 unio-

1951 4210 2098 4260 nem,
2128 4214 2397 4269 pr0pensa
2430 4206 2605 4262 Patris
2645 4210 2923 4265 voluntate
2968 4228 3032 4267 ac
3077 4214 3314 4283 Spiritus
3358 4216 3534 4270 sancti

1953 4291 2359 4359 cooperatione,
2406 4300 2798 4354 commercium
2848 4302 3003 4369 iniit;
3049 4305 3128 4358 uti
3171 4307 3329 4374 plane
3366 4306 3535 4363 etiam

280 4374 458 4444 ipsius
503 4377 748 4447 perfecte
786 4382 1229 4439 communionem
1276 4392 1509 4445 naturae,
1556 4396 1669 4438 uno
1713 4381 1977 4445 duntaxat
1999 4392 2228 4454 excepto
2255 4394 2505 4454 peccato,
2568 4388 2715 4455 quod
2761 4388 2939 4458 ipsum
3001 4407 3074 4448 ne
3142 4399 3355 4448 naturae
3399 4393 3526 4463 qui-

282 4466 411 4522 dem
457 4470 712 4536 attinens,
755 4472 922 4527 animi
956 4474 1251 4533 voluntatis
1298 4474 1622 4544 arbitriique
1665 4484 1854 4530 contra
1892 4475 2480 4573 rationemlcgemqne
2526 4489 2737 4536 natura:
2785 4485 2955 4553 moti,
3020 4488 3296 4542 exerratio
3360 4498 3531 4558 atque

281 4558 473 4630 lapsus
503 4563 736 4617 exsistit.

348 4649 462 4703 Καί
500 4668 591 4720 μοι
622 4651 851 4714 δεόντως
898 4650 1134 4720 μάλιστα
1163 4650 1349 4704 τούτου
1377 4669 1440 4721 γε
1468 4654 1630 4723 χάριν
1665 4652 1694 4704 ὁ
1724 4652 1851 4723 λεχ-

2017 4656 2261 4728 Mihique
2310 4659 2577 4725 maxime,
2630 4659 2750 4732 ejus
2784 4660 2863 4714 rei
2912 4659 3089 4730 gratia
3135 4656 3536 4713 convenienter

272 4737 391 4801 θεὶς
418 4740 720 4809 ἐπιστήσας
753 4740 1007 4809 φαίνεται
1066 4741 1323 4811 μοναχὸς,
1379 4741 1474 4795 τοῦ
1524 4740 1756 4812 φυσικοῦ
1788 4741 1849 4795 τὸ

1959 4750 2247 4809 advertisse
2288 4750 2527 4815 videtur,
2565 4753 2869 4807 monachus
2910 4751 3021 4814 ille,
3073 4751 3231 4821 cujus
3278 4746 3532 4812 memini,

270 4831 558 4901 γνωμικὸν
586 4831 892 4897 διαστείλας
929 4832 1256 4903 θελήματος.
1285 4832 1359 4886 Τὸ
1408 4834 1506 4904 μὲν
1544 4833 1675 4904 γὰρ,
1706 4831 1849 4887 κατὰ

269 4922 365 4976 τὸν
388 4922 556 4976 αὑτοῦ
585 4922 767 4987 καλῶς
798 4922 992 4993 ἔχοντα
1042 4922 1294 4993 ὁρισμὸν,
1328 4924 1569 4995 Δύναμις
1613 4924 1849 4995 ὑπάρχει

269 5012 367 5066 τοῦ
394 5014 536 5067 κατὰ.
559 5015 721 5083 φύσιν
753 5015 910 5080 ὄντος
942 5017 1226 5088 ὀρεκτική.
1266 5018 1382 5070 Πᾶν
1430 5018 1540 5088 γὰρ
1585 5018 1639 5070 εί
1661 5035 1715 5071 τι
1740 5018 1850 5070 τῶν

272 5107 445 5160 ὄντων
471 5108 565 5161 καὶ
602 5109 837 5178 μάλιστα
860 5110 1117 5180 λογικῶν,
1157 5110 1402 5180 φυσικῶς
1430 5111 1526 5163 τοῦ
1570 5111 1711 5165 κατά
1749 5108 1851 5180 (εύ-

276 5214 362 5250 σιν
388 5197 542 5260 ὄντος
573 5198 862 5269 ὀρέγεται,
954 5202 1051 5255 καὶ
1077 5200 1269 5256 τούτου
1316 5203 1467 5273 παρά
1502 5200 1637 5255 Θεοῦ
1684 5201 1850 5256 λαϐὸν

276 5291 403 5343 κατ’
441 5290 633 5344 οὐσίαν
682 5291 796 5362 ἔχει
835 5292 936 5363 τὴν
970 5292 1223 5364 δύναμιν,
1266 5294 1402 5363 πρὸς
1457 5293 1719 5347 σύστασιν
1749 5293 1849 5371 τὴν

278 5378 500 5433 ἑαυτοῦ.
543 5381 606 5434 Ei
634 5381 745 5454 γὰρ
788 5382 883 5436 τοῦ
925 5383 1069 5437 κατὰ
1106 5383 1267 5453 φύσιν
1294 5383 1449 5446 ὄντος
1478 5383 1578 5437 οὐκ
1608 5383 1722 5452 ἔχει
1752 5382 1850 5451 τὴν

276 5467 479 5538 ὄρεξιν,
506 5470 599 5525 τοῦ
630 5471 892 5542 μηδαμῶς
918 5471 1089 5538 ὄντος,
1118 5472 1280 5526 πόθεν
1304 5472 1398 5527 καὶ
1426 5471 1567 5536 πῶς,
1604 5470 1850 5542 μηδόλως

280 5561 576 5634 ὓπαρξινῆ
621 5564 837 5634 κίνησιν
870 5564 1119 5635 ἔχοντος
1161 5565 1339 5620 Μόνον
1388 5562 1498 5634 γὰρ
1526 5562 1757 5634 ἀδρανὲς
1789 5561 1852 5615 τὸ

281 5654 356 5725 μὴ
387 5654 447 5709 ὃν
470 5656 562 5709 καὶ
589 5656 871 5710 ἀνούσιοψ
920 5657 1015 5711 καὶ
1049 5658 1302 5729 οὐδαμῶς
1332 5656 1455 5710 οὐδὲ
1511 5654 1612 5727 μία
1657 5654 1850 5709 τούτου

277 5744 506 5815 δύναμις
532 5748 589 5800 ὲν
616 5751 728 5811 τοῖς
754 5744 908 5802 οὖσιν
940 5749 1194 5820 ὑπάρχει,
1218 5749 1312 5803 καὶ
1340 5748 1574 5819 κίνησις.
1604 5746 1680 5800 Τὸ
1742 5746 1799 5797 δὲ
1832 5786 1850 5813 ,

282 5839 605 5909 αὐθαίρετος
635 5842 782 5912 ὁρμὴ
813 5843 1150 5912 καθέστηκε,
1172 5842 1266 5905 τὰς
1297 5842 1382 5912 ἐφ’
1412 5840 1648 5910 ἑκάτερα
1678 5856 1831 5894 ποιου

288 5932 424 6002 μένη
456 5936 845 6005 παρεκτροπάς
868 5952 881 5965 ·
933 5935 1030 5990 καὶ
1082 5934 1142 5989 οὐ
1182 5934 1397 6004 φὺσεως
1440 5933 1682 6004 ὑπάρχον
1715 5933 1840 6002 ἀφο-

1950 4846 2079 4902 dum
2113 4846 2283 4901 animi
2326 4847 2699 4913 voluntatem,
2746 4845 3148 4913 arbitriumque
3192 4856 3257 4896 ac
3304 4848 3531 4895 senten-

1951 4939 2112 5003 tiam,
2160 4954 2191 4993 a
2235 4938 2471 4993 naturali
2523 4938 2806 4991 voluntate
2851 4935 3118 4990 distinxit.
3171 4934 3297 4988 Haec
3340 4934 3529 5001 enim,

1945 5028 2098 5098 juxta
2144 5044 2289 5095 eam,
2343 5043 2505 5097 quam
2559 5027 2663 5083 rite
2704 5025 2952 5089 tradidit,
3003 5024 3401 5089 deﬁnitionem,
3433 5025 3529 5081 Vis

1950 5127 2053 5182 est,
2085 5119 2202 5188 ejus
2235 5126 2518 5186 appetens,
2545 5116 2693 5186 quod
2725 5123 2809 5171 cst
2842 5114 3148 5170 secundum
3372 5123 3533 5168 natu-

1952 5225 2090 5263 ram.
2142 5208 2419 5278 Quidquid
2476 5208 2623 5262 enim
2675 5222 2859 5267 rerum
2909 5223 3139 5278 usquam
3185 5214 3289 5270 est,
3336 5221 3531 5261 earum

1952 5300 2186 5354 maxime
2208 5315 2331 5369 qum
2354 5299 2565 5355 ratione
2589 5306 2841 5364 utuntur,
2865 5299 2919 5354 id
2950 5300 3096 5369 quod
3125 5307 3208 5353 est
3234 5313 3301 5351 ex
3335 5307 3529 5351 natura

1952 5388 2180 5458 appetit,
2211 5388 2438 5459 ejusque
2467 5390 2756 5459 appetendi
2784 5389 2897 5443 vim
2928 5389 3294 5488 essentialiter
3322 5402 3353 5441 a
3392 5386 3530 5488 Deo,

1952 5494 2065 5552 quo
2094 5480 2175 5535 illi
2213 5479 2520 5535 substantia
2550 5496 2671 5547 sua,
2707 5496 2771 5535 ac
2804 5479 2952 5551 quod
2990 5488 3094 5543 est,
3126 5478 3399 5531 incolume
3434 5478 3529 5541 sit,

1953 5572 2184 5627 inditam
2217 5573 2447 5641 accepit.
2480 5572 2594 5628 Nisi
2634 5572 2782 5627 enim
2821 5572 2943 5641 ejus
2966 5569 3111 5639 quod
3137 5584 3203 5623 ex
3227 5576 3419 5622 natura
3445 5575 3534 5623 est

1955 5664 2347 5734 appetitionem
2396 5663 2585 5730 habet,
2617 5663 2783 5726 unde,
2824 5677 3001 5732 quove
3035 5660 3199 5715 modo
3236 5660 3355 5730 ejus
3383 5660 3533 5729 quod

1956 5771 2064 5815 non
2107 5766 2211 5822 est,
2244 5763 2408 5825 atque
2436 5755 2577 5810 nihil
2609 5764 2715 5819 est,
2744 5753 2964 5815 habeat,
2998 5752 3147 5823 quod
3178 5752 3329 5807 omni
3375 5767 3533 5821 pron-

1955 5863 2052 5902 sus
2093 5846 2331 5903 essentia
2380 5853 2643 5917 motuque
2678 5844 2896 5900 careat?
2936 5844 3125 5901 Solum
3168 5843 3316 5900 enim
3360 5843 3535 5899 imbe-

1955 5940 2078 5996 cille
2114 5949 2226 6007 est,
2275 5939 2422 6012 quod
2466 5955 2535 5995 nc
2580 5947 2663 5994 est
2701 5937 2957 6009 quidem,
3003 5937 3263 6007 omnique
3295 5935 3532 5993 essentia
