4052 6292
519 408 657 475 1127

1776 404 2161 476 EUTHYMII
2200 412 2563 476 ZlGABENl

3659 412 3790 478 1123

522 550 707 607 caret;
740 556 842 597 nec
870 542 977 597 ulla
1009 557 1235 611 prorsus
1264 541 1381 610 ejus
1412 538 1469 595 in
1500 540 1669 595 rebus
1697 542 1780 595 vis
1813 551 2103 613 motusque

2210 548 2471 620 ριστικὸν,
2506 547 2642 601 ἀλλά
2676 546 2974 620 προσώπου
3014 548 3224 618 κυρίως
3254 548 3354 601 καὶ
3401 547 3775 610 ὑποστάσεως.

522 644 626 689 est.
660 634 789 689 Haec
827 650 990 705 porro
1034 634 1208 689 libera
1238 632 1567 703 arbitriique
1597 635 1861 711 appetitio
1902 644 2007 699 est,
2046 636 2104 691 in

526 733 820 794 utrumque
864 724 1140 779 declinare
1185 734 1478 795 praestans;
1516 726 1673 798 cujus
1719 726 1963 780 muneris
1995 735 2101 792 est,

524 830 637 871 non
674 826 735 871 ut
769 825 1042 884 naturam,
1079 817 1174 873 sed
1220 830 1281 874 ut
1316 836 1608 890 personam
1656 836 1721 874 ac
1768 819 2106 890 hypostasim

527 908 746 979 proprie
794 909 1090 966 discernat.
1141 911 1254 977 Qua
1303 929 1360 966 re
1400 922 1721 983 perspecta,
1760 911 1971 967 divisus
2016 912 2107 968 ille

527 1001 877 1071 hominisque
920 1001 1099 1057 cultor
1140 1002 1461 1069 Nestorius,
1508 1003 1678 1058 animi
1723 1004 2106 1069 voluntatum,

527 1098 625 1146 seu
670 1094 1069 1148 sententiarum
1114 1095 1372 1150 unionem
1403 1095 1569 1166 impie
1610 1095 1817 1159 docuit,
1847 1104 1909 1151 ut
1936 1097 2110 1152 altera

527 1184 753 1240 alteram
800 1186 1210 1243 subsistentiam
1250 1204 1649 1259 personamque
1682 1198 1975 1256 astrueret,
2003 1207 2111 1246 uu-

529 1275 854 1345 dusque‘illi
889 1278 1055 1334 homo
1082 1289 1390 1345 constaret;
1434 1297 1632 1350 nempe
1664 1282 1833 1336 animi
1875 1281 2111 1351 quadam

529 1367 810 1423 voluntate
858 1385 921 1424 ac
965 1371 1255 1435 sententia,
1307 1379 1568 1440 motuque
1611 1372 1787 1427 libero
1837 1373 1893 1426 in
1939 1374 2113 1428 Deum

530 1457 793 1521 Verbum,
821 1459 900 1512 uti
932 1458 1047 1529 ipse
1072 1460 1337 1530 loquitur,
1366 1460 1595 1517 conﬂata
1624 1463 1860 1529 unione;
1886 1477 1954 1517 ex
1983 1478 2111 1531 qua,

2205 639 2314 693 Kal
2337 637 2498 692 τοῦτό
2536 655 2602 708 γε
2639 637 2893 707 διαγνοὺς
2924 638 2954 691 ό
3001 627 3333 709 διῃρημένος
3368 635 3466 690 καὶ
3490 633 3780 707 ἀνθρωπο-

2204 729 2764 803 λάτρηςνΝεστόροος,
2795 728 3033 799 γνωμῶν
3060 728 3257 785 ενωσιν
3301 727 3513 792 ἀσεϐῶς
3549 728 3782 799 ἐδογμά-

2206 839 2356 877 τισεν
2381 837 2397 854 ο
2439 821 2507 876 ἵν’
2538 820 2811 889 ἑκατέραν
2852 818 2917 873 δι’
2946 818 3214 890 ἑκατέρας
3255 817 3557 872 ὑπόστασιν
3587 818 3783 872 tuttu-

2212 915 2385 987 ρώσῃ,
2414 914 2507 969 καὶ
2534 916 2562 968 ὁ
2604 911 2760 983 ψιλὸς
2807 911 3095 982 ἄνθρωπος
3126 908 3277 981 αὑτῷ
3304 909 3544 982 τηρηθῇ,
3586 912 3783 981 γνώμῃ

2206 1009 2316 1061 τινὶ
2345 1009 2440 1061 καὶ
2469 1006 2779 1077 αὐθαιρέτῳ
2803 1004 3108 1075 κινήσειιτῇ
3137 1002 3275 1074 πρὸς
3302 1002 3392 1057 τὸν
3422 1001 3559 1056 θεὸν
3585 1002 3782 1069 Λόγον,

2208 1099 2285 1163 ὡς
2318 1097 2479 1161 αὐτός
2514 1113 2669 1166 φησι,
2702 1095 2806 1166 τὴν
2832 1093 3027 1151 ἕνωσιν
3064 1092 3455 1163 ποιησάμενος,
3487 1092 3551 1158 ἐξ
3592 1086 3665 1165 ἦς
3694 1093 3787 1146 καὶ
3846 1150 3849 1157 ,

2210 1190 2308 1261 τὴν
2332 1186 2722 1244 ταυτοόουλίαν
2747 1186 3085 1257 συνίστησιν,
3122 1184 3157 1255 ἢ
3200 1183 3579 1249 πολυὸουλίαν,
3607 1186 3786 1238 εἰπεῖν

2211 1282 2574 1350 οἰκειότερονο
2604 1280 2715 1350 ὅσῳ
2754 1278 2850 1331 καὶ
2898 1276 3017 1331 καθ’
3069 1275 3307 1347 ἑκάστην
3351 1274 3446 1329 τοῦ
3503 1275 3783 1347 γνωμικοῦ

2214 1372 2519 1444 θελήματος
2563 1371 2801 1440 κίνησιν,
2851 1370 2993 1423 κατά
3022 1369 3187 1440 μέρος
3228 1368 3292 1421 ὲκ
3320 1368 3433 1421 τῶν
3452 1367 3665 1422 ἀτελῶν
3696 1368 3786 1421 ἐπὶ

2214 1466 2283 1518 τά
2319 1464 2510 1535 ἐντελῆ
2552 1466 2676 1517 κατ’
2706 1462 2871 1518 αὐτὸν
2905 1464 3064 1522 ἵεται,
3122 1460 3402 1532 φερομένη
3430 1477 3491 1513 τε
3520 1461 3616 1514 καὶ
3657 1476 3787 1529 προ·

532 1551 781 1603 eamdem
832 1551 1045 1605 consilii
1096 1568 1160 1606 ac
1210 1553 1509 1608 voluntatis
1559 1553 1849 1619 rationem,
1898 1570 1995 1609 seu
2024 1557 2112 1626 (ut

2216 1555 2494 1609 κόπτουσα
2516 1572 2530 1586 ο
2564 1554 2680 1609 ἀλλ’
2714 1553 2816 1607 οὐκ
2854 1553 2914 1617 ὲξ
2938 1552 3111 1623 αὐτῆς
3133 1554 3233 1622 τῆς
3272 1550 3553 1621 ἁφράστου
3587 1548 3789 1618 avni;-

532 1640 719 1695 verius
752 1643 1032 1712 magisque
1067 1644 1289 1713 proprie
1335 1642 1550 1716 loquar)
1587 1645 1968 1715 multiplicem,
2003 1654 2112 1701 sta-

2215 1647 2383 1717 ψεως,
2409 1645 2539 1717 ὅλης
2572 1645 2791 1709 τελείως
2819 1644 2961 1715 μετά
2986 1644 3096 1699 τῶν
3118 1644 3289 1713 αὐτῆς
3318 1643 3592 1705 ἁπάντων,
3651 1640 3791 1711 πρὸς

534 1731 666 1795 ιιιίι;
717 1743 921 1801 quanto
986 1734 1152 1788 etiam
1221 1735 1453 1806 singulis
1502 1736 1769 1806 paulatim
1818 1736 2112 1799 voluntatis

2217 1739 2346 1810 ὃλην
2384 1739 2481 1792 καὶ
2505 1737 2576 1791 τά
2612 1737 2735 1792 κατ’
2763 1736 2933 1806 αὐτὴν
2964 1734 3200 1798 ᾶπαντα,
3229 1733 3329 1806 τὴν
3370 1733 3651 1804 ἡμετέραν
3694 1730 3794 1799 φύ-

534 1824 704 1877 animi
758 1825 1028 1891 motibus,
1075 1843 1142 1881 ex
1184 1827 1525 1897 imperfectis
1572 1828 1638 1881 ad
1686 1828 1948 1898 perfecta,
1994 1838 2112 1884 ten-

2221 1845 2305 1882 σιν
2345 1831 2446 1898 τῆς
2475 1827 2568 1881 τοῦ
2622 1827 2797 1895 Λόγου
2833 1826 3108 1899 θεότητος,
3156 1826 3279 1880 καθ’
3323 1825 3621 1878 ὑπόστασιν
3660 1822 3795 1892 μίαν

534 1914 717 1970 dendo
761 1931 825 1970 ac
871 1918 1232 1986 proficiendo,
1281 1927 1340 1971 ut
1373 1918 1464 1973 ille
1510 1920 1787 1989 opinatur,
1834 1922 2112 1991 procedit;

2226 1918 2321 1974 καὶ
2343 1917 2442 1989 τὴν
2474 1917 2645 1987 αὐτὴν
2669 1915 2983 1985 ὲνωθείσης.

537 2024 648 2063 non
682 2009 837 2078 quasi
870 2026 936 2065 ex
983 2013 1122 2081 ipsa,
1191 2013 1358 2067 nullis
1415 2012 1599 2070 verbis
1635 2013 1942 2084 explicabili
1989 2013 2369 2082 conceptione,
2411 2017 2525 2066 tota
2571 2006 2815 2080 perfecte
2857 2023 2983 2063 cum
3029 2006 3142 2062 suis
3183 2004 3463 2070 omnibus,
3500 2017 3626 2057 cum
3684 2010 3797 2055 tota

535 2103 763 2171 ejusque
808 2104 1065 2160 omnibus
1114 2113 1310 2158 natura
1359 2111 1542 2159 nostra
1580 2146 1595 2171 ,
1644 2120 1813 2174 penes
1854 2122 2015 2160 unam
2042 2104 2402 2175 eamdemque
2464 2101 2874 2159 subsistentiam
2926 2113 2991 2154 ac
3051 2112 3379 2168 personam,
3417 2094 3580 2151 Verbi
3610 2092 3800 2148 deitas

538 2193 692 2248 unita
736 2195 827 2248 sit.

608 2286 678 2341 Ut
718 2286 918 2358 igitur,
954 2304 1119 2357 quem
1154 2288 1305 2354 dixi,
1355 2290 1696 2355 monachus,
1749 2299 1865 2345 tum
1909 2302 2120 2345 natura:

538 2378 931 2449 perfectionem
979 2380 1035 2433 in
1085 2380 1199 2435 Deo
1247 2380 1529 2435 incarnato
1580 2390 1770 2435 exacte
1819 2390 2117 2447 statueret,

537 2478 657 2524 tum
691 2470 1136 2525 contrarietatem
1168 2472 1507 2538 excluderet;
1543 2472 1779 2527 naturali
1810 2471 1867 2526 in
1897 2488 1963 2526 eo
1990 2487 2119 2526 con-

542 2570 735 2624 stituta
778 2567 1083 2632 voluntate,
1116 2565 1466 2621 arbitrariam
1497 2564 1806 2636 dispunxit;
1837 2572 1898 2619 ut
1942 2578 2120 2634 neque

542 2656 795 2710 divisioni
828 2655 1030 2720 locum,
1060 2658 1407 2710 voluntatum
1450 2654 1505 2709 in
1543 2671 1609 2709 eo
1634 2654 1915 2718 conﬂictu,
1944 2653 2119 2722 daret,

542 2763 719 2816 neque
756 2747 973 2801 inanem
1026 2748 1262 2816 speciem
1306 2747 1617 2815 nudamque
1661 2744 1978 2820 imaginem,
2022 2760 2124 2814 per

540 2838 842 2891 absentiam
886 2838 1033 2891 illius
1061 2846 1380 2892 arcesseret.
1409 2837 1504 2891 Sin
1532 2845 1715 2890 autem
1741 2837 1864 2905 quis
1893 2835 2122 2889 forsitan

543 2924 794 2987 afﬁrmet,
824 2922 940 2978 fleri
984 2938 1094 2977 non
1127 2939 1286 2993 posse
1319 2933 1377 2978 ut
1409 2924 1569 2977 aliter
1594 2924 1715 2978 dum
1744 2923 1801 2977 in
1830 2936 1897 2978 eo
1929 2922 2120 2977 dican-

543 3022 641 3065 tur
668 3012 998 3073 voluntates,
1034 3028 1194 3081 quam
1225 3028 1323 3081 per
1348 3013 1791 3068 contrarietatem
1821 3028 1919 3067 seu
1947 3027 2121 3082 oppo—

540 3102 830 3169 sitionem;
875 3103 1148 3173 siquidem
1193 3104 1267 3157 ita
1316 3104 1605 3175 intelligat,
1653 3112 1713 3158 ut
1757 3104 2123 3160 essentialiter

2305 2289 2393 2352 Ὥς
2426 2287 2493 2342 ἂν
2526 2285 2708 2340 τοίνυν
2735 2284 2829 2339 καὶ
2860 2283 2921 2337 τὸ
2953 2281 3167 2344 ἐντελὲς
3192 2277 3531 2352 διακριϐώσῃ
3557 2277 3665 2346 τῆς
3696 2277 3803 2346 φύ-

2225 2397 2363 2447 σεως
2404 2379 2497 2431 ἐπὶ
2534 2376 2629 2439 τοῦ
2666 2374 3045 2446 σαρκωθέντος
3075 2372 3233 2438 Θεοῦ,
3267 2372 3363 2426 καὶ
3392 2371 3455 2424 τὸ
3480 2369 3801 2438 ἀντικείμεο

2222 2488 2311 2525 νον
2336 2468 2600 2543 διαρρίψῃ
2644 2469 2673 2521 ὁ
2707 2466 2916 2539 λεχθεὶς
2969 2465 3233 2536 μοναχός·
3293 2464 3357 2517 τὸ
3411 2463 3510 2530 μὲν
3562 2459 3802 2531 φυσικὸν

2215 2565 2416 2639 ὥρισεν
2448 2564 2537 2618 ἐπ’
2563 2562 2732 2618 αὑτοῦ
2757 2579 2774 2597 ο
2825 2562 2888 2618 τὸ
2915 2561 2975 2616 δὲ
3016 2562 3297 2635 γνωμικὸν
3330 2563 3666 2637 ἀποδιώρισε
3708 2566 3797 2621 θέ-

2215 2658 2384 2730 λημα,
2422 2656 2563 2730 μήτε
2594 2658 2664 2729 τῇ
2690 2655 2957 2727 διαιρέσει
3001 2654 3188 2729 χώραν
3210 2655 3335 2720 δοὺς
3355 2656 3435 2727 τῷ
3465 2658 3794 2723 στασιάζειν

2214 2748 2272 2801 ιν
2301 2748 2500 2818 τούτῳ,
2553 2747 2696 2817 μήτε
2728 2749 2794 2818 τῇ
2831 2747 3104 2819 φαντασίᾳ
3155 2747 3535 2817 παρείσδυσιν,
3573 2748 3660 2818 τῷ
3716 2750 3793 2818 μὴ

2217 2840 2479 2910 ὑπάρχειν
2508 2838 2704 2893 έκεῖνο.
2740 2839 2803 2892 El
2828 2838 2884 2892 δέ
2907 2856 2991 2900 τις
3014 2836 3177 2909 τυχὸν
3210 2838 3571 2908 ἰσχυρίζεται,
3602 2838 3691 2909 μὴ
3724 2839 3791 2893 ἂν

2214 2930 2388 2993 ἄλλως
2416 2929 2501 2981 ἐπ’
2534 2927 2699 2982 αὑτοῦ
2725 2927 2971 2987 δυνατὸν,
3014 2926 3049 2996 ἢ
3089 2928 3211 2981 κατ’
3246 2926 3562 2980 ἐναντίωσιν
3595 2928 3675 2980 τά
3698 2929 3794 2982 δύο

2215 3019 2494 3089 θελήματα
2525 3016 2814 3085 λέγεσθαι·
2854 3016 2903 3069 εἰ
2943 3014 3041 3087 μὲν
3072 3015 3147 3078 ὡς
3178 3015 3299 3067 κατ’
3321 3014 3505 3068 οὐσίαν
3528 3015 3789 3087 διάφορα,

2213 3094 2366 3179 κάγὼ
2384 3109 2633 3179 δέχομαι,
2665 3109 2714 3160 εί
2743 3105 2801 3160 δὲ
2825 3106 2900 3169 ὡς
2924 3106 3298 3175 ἀντικείμενα,
3328 3104 3529 3176 ψευδὴς
3553 3107 3581 3157 ὁ
3598 3105 3791 3174 λόγος.

540 3195 787 3249 diversas
816 3203 979 3263 atque
1026 3193 1314 3250 distinctas
1357 3197 1510 3263 velit,
1543 3212 1645 3251 nec
1688 3212 1789 3266 ego
1834 3212 1955 3251 eam
1994 3195 2112 3250 inﬁ-

2214 3202 2286 3255 Οὺ
2322 3200 2431 3270 γάρ
2462 3200 2515 3252 εί
2537 3217 2590 3252 τι
2620 3199 2876 3269 διάφορον
2904 3198 3123 3281 παντως
3166 3197 3263 3249 καὶ
3286 3196 3687 3266 ἀντικείμενον.
3712 3196 3787 3248 Τὸ

540 3285 685 3352 cias;
722 3288 806 3340 sin
853 3297 1035 3341 autem
1084 3286 1392 3341 contrarias
1435 3296 1492 3341 et
1520 3302 1641 3357 quae
1673 3288 1816 3341 inter
1863 3303 1921 3343 se
1955 3287 2121 3342 dissi-

539 3376 724 3440 deant,
761 3376 955 3430 l‘alsum
997 3385 1082 3431 est
1110 3378 1256 3445 quod
1299 3378 1534 3441 dicitur.
1556 3378 1677 3432 Non
1708 3379 1856 3433 enim
1899 3380 1943 3434 si
1986 3379 2120 3449 quid

538 3466 860 3520 distinctum
889 3458 957 3520 ac
979 3466 1282 3532 diversum,
1316 3468 1539 3523 omnino
1568 3470 1734 3523 etiam
1782 3472 2120 3526 contrarium

538 3567 623 3609 est
666 3565 829 3626 atque
878 3558 1187 3613 adversum.
1220 3559 1527 3615 Adversum
1574 3560 1845 3631 siquidem
1879 3579 1942 3618 ac
1986 3580 2120 3618 con-

539 3648 794 3713 trarium,
852 3649 1019 3703 animi
1065 3651 1367 3705 voluntatis
1419 3661 1522 3718 est,
1568 3669 1640 3727 ac
1695 3654 1910 3708 arbitrii
1956 3657 2120 3711 aliter

538 3754 701 3807 quam
728 3754 795 3794 ex
819 3741 1032 3795 ratione
1052 3742 1217 3807 moti;
1244 3742 1525 3797 diversum
1558 3759 1692 3798 vero
1735 3760 1831 3799 seu
2035 3746 2119 3801 di-

537 3829 821 3897 stinctum,
851 3841 1081 3895 naturae,
1111 3848 1233 3902 qua:
1263 3834 1474 3888 ratione
1518 3844 1761 3905 regatur,
1792 3852 1931 3905 opus
1968 3836 2116 3891 exsi-

537 3923 633 3976 stit
660 3940 672 3976 :
701 3932 865 3993 atque
907 3924 1141 3977 alterum
1172 3925 1419 3994 quidem,
1455 3936 1707 3980 naturam
1744 3942 1922 3997 pugna
1962 3941 2117 3980 com-

2213 3293 2321 3363 γὰρ
2350 3290 2747 3362 ἀντικείμενον,
2782 3278 3007 3360 γνώμης
3034 3287 3357 3359 παραλόγως
3381 3287 3583 3358 δηλαδὴ
3604 3306 3789 3341 κινου-

2218 3385 2384 3456 μένης
2408 3400 2421 3413 ’
2456 3384 2519 3436 τὸ
2547 3382 2604 3435 δὲ
2640 3381 2922 3452 διάφορον,
2968 3378 3185 3449 φύσεως
3214 3378 3361 3450 λόγῳ
3399 3379 3787 3449 κρατουμένης

2213 3468 2374 3548 ἔργον
2402 3476 2741 3547 καθέστηκε·
2772 3475 2870 3548 καὶ.
2895 3473 2957 3527 τὸ
2999 3472 3098 3543 μὲν
3122 3470 3338 3541 φύσεως
3374 3472 3781 3537 στασιαστικόν,

2212 3546 2272 3622 το
2297 3569 2353 3622 δὲ
2384 3546 2668 3639 προδήλως
2720 3546 3069 3619 συστατικόν.
3112 3560 3359 3633 Διαφορά
3398 3560 3791 3630 τοιγτοιγαροῦν

2212 3658 2499 3729 οὺσιώδης,
2531 3659 2611 3719 είς
2641 3654 2902 3709 σύστασιν
2918 3654 3025 3706 τῶν
3050 3653 3110 3704 ἐν
3139 3653 3203 3722 τῇ
3234 3651 3395 3720 φύσει
3439 3651 3784 3719 πραγμάτων

2213 3750 2383 3812 ἐστὶν,
2413 3750 2474 3801 οὐ
2510 3747 2584 3819 μὴ
2632 3746 2991 3808 ἐναντίωσις,
3022 3741 3204 3817 [ἀλλά]
3255 3740 3392 3812 πρὸς
3432 3739 3533 3809 τὴν
3579 3740 3781 3792 τούτων

2211 3839 2472 3893 διάλυσιν.
2508 3838 2580 3891 Οὐ
2620 3836 2728 3909 γὰρ
2768 3835 2881 3905 ἔχει
2910 3836 2943 3904 ἡ
2972 3834 3132 3902 φύσις
3160 3832 3223 3886 τὸ
3255 3830 3404 3904 παρά
3428 3829 3591 3900 φύσιν
3613 3846 3629 3860 ·
3662 3829 3780 3882 οὐδὲ

2212 3926 2369 3993 λόγος
2400 3926 2575 3989 οὐδεὶς
2604 3924 2699 3978 τοῦ
2734 3923 3145 3987 στασιάζοντος.

542 4009 741 4073 mittit;
785 4008 1021 4060 alterum
1061 4023 1179 4061 eam
1227 4009 1404 4077 palam
1456 4011 1655 4064 conllat
1690 4025 1754 4064 ac
1804 4008 2110 4064 constituit.
2148 4013 2469 4070 Essentialis
2494 4016 2680 4087 itaque
2722 4018 3030 4076 differentia
3078 4039 3141 4080 ac
3181 4023 3487 4089 distinctio,
3552 4040 3620 4080 eo
3677 4034 3778 4090 est,

540 4106 598 4153 ut
627 4114 715 4154 res
738 4099 793 4153 in
820 4110 1016 4156 natura
1077 4101 1379 4156 consistant
1420 4101 1638 4171 sintque
1698 4101 2033 4170 incolumes;
2071 4120 2180 4159 non
2217 4109 2297 4163 sic
2331 4111 2715 4179 contrarietas,
2747 4113 2845 4169 sed
2873 4121 2935 4167 ut
2972 4115 3341 4173 dissolvantur
3378 4133 3443 4171 ac
3486 4118 3775 4173 intereant.

536 4190 655 4244 Non
705 4193 853 4245 enim
897 4192 1062 4246 habet
1109 4202 1302 4246 natura
1350 4193 1498 4263 quod
1548 4203 1760 4248 natura;
1801 4193 2109 4252 rationibus
2145 4198 2434 4256 adversum
2476 4210 2590 4269 est;
2619 4218 2724 4261 nec
2782 4207 2904 4278 ejus
2928 4207 3076 4278 quod
3104 4209 3472 4265 tumultuatur
3527 4226 3594 4266 ac
3620 4210 3775 4267 dissi-

536 4280 647 4343 det,
677 4281 787 4335 ulla
816 4282 872 4334 in
904 4281 1068 4334 rebus
1094 4282 1231 4334 ratio
1255 4291 1356 4335 est.

608 4370 898 4435 Praeterea,
930 4372 975 4424 si
1001 4370 1122 4424 duae
1146 4370 1460 4424 voluntates
1483 4370 1706 4424 omnino
1731 4371 2020 4425 contrarias
2044 4386 2108 4426 ac

534 4464 799 4534 opposita:
824 4468 971 4525 sunt,
992 4462 1136 4515 unde
1160 4469 1245 4515 est
1270 4470 1329 4515 ut
1356 4476 1457 4515 nec
1488 4462 1542 4515 in
1572 4461 1791 4526 animis,
1822 4472 2018 4517 natura
2043 4479 2108 4520 ac

2287 4368 2499 4431 Ἀλλως
2536 4366 2620 4434 τε,
2662 4367 2711 4420 εί
2740 4366 2810 4421 τά
2843 4367 2938 4420 δύο
2967 4367 3249 4439 Θελήματα
3298 4369 3517 4431 πάντως
3566 4368 3771 4422 ἐναντία

2211 4460 2308 4513 καὶ
2345 4460 2716 4531 ἀντικείμενα,
2756 4458 2877 4522 πῶς
2928 4459 3021 4513 ἐπί
3064 4476 3126 4512 τε
3174 4459 3283 4512 τῶν
3316 4459 3479 4529 φύσει
3514 4462 3609 4513 καὶ
3646 4462 3765 4512 ὑπο-

534 4570 766 4626 persona
800 4553 1074 4617 discretis,
1113 4553 1167 4606 id
1194 4553 1417 4607 omnino
1450 4569 1513 4607 ac
1540 4568 1766 4622 prorsus
1791 4554 2107 4624 contingat?

2213 4554 2400 4607 στάσει
2425 4552 2773 4624 διῃρημένων
2800 4551 3057 4619 λογικῶν,
3098 4552 3158 4604 οὑ
3186 4551 3346 4604 τοῦτο
3377 4552 3557 4623 πάντη
3590 4569 3645 4605 τε
3681 4551 3765 4603 καὶ

536 4649 651 4703 Etsi
699 4648 845 4701 enim
896 4644 1198 4701 arbitrariae
1252 4643 1530 4713 animique
1592 4644 1902 4699 voluntates
1954 4656 2107 4714 sunt,

535 4740 862 4808 quandoque
912 4739 1019 4792 illis
1067 4737 1462 4800 consentimus,
1506 4736 1727 4805 Deoque
1771 4745 1826 4791 et
1878 4739 2106 4808 angelis,

537 4830 748 4899 ipsique
779 4830 873 4883 alii
901 4829 1051 4894 aliis;
1088 4843 1189 4882 nec
1232 4827 1439 4882 idcirco
1476 4827 1584 4897 jam
1614 4827 1857 4881 animum
1900 4830 1983 4883 sui
2012 4845 2107 4882 ar-

537 4920 776 4983 bitrum,
842 4921 1069 4991 ejusque
1126 4920 1462 4973 voluntatem
1529 4917 1830 4973 amisimus.
1899 4919 2106 4973 Horum

532 5012 677 5065 cnim
714 5012 757 5065 si
783 5013 1051 5081 jacturam
1087 5011 1425 5075 fecissemus,
1457 5010 1648 5078 utique
1676 5009 1839 5063 etiam
1879 5024 2110 5064 concor-

534 5101 637 5155 diae
681 5116 805 5155 cum
836 5102 991 5166 aliis;
1039 5101 1281 5169 quandiu
1315 5102 1462 5155 enim
1506 5101 1655 5155 illius
1686 5108 1966 5169 compotes
2010 5116 2106 5155 su-

534 5209 676 5257 mus,
712 5193 879 5247 etiam
925 5193 1027 5245 alia
1071 5208 1191 5261 quae
1235 5192 1472 5246 volentis
1519 5191 1686 5244 animi
1736 5200 1866 5245 sunt
1913 5192 2107 5260 suique

534 5284 749 5350 arbitri,
792 5292 1061 5337 tenemus.
1097 5284 1233 5338 Cum
1280 5283 1397 5337 htee
1430 5283 1600 5352 igitur
1644 5284 1723 5338 sic
1752 5299 1809 5337 se
1843 5283 2104 5350 habeant,

534 5390 637 5429 nec
680 5390 908 5443 usquam
944 5388 1123 5442 pugna
1178 5364 1472 5441 appareat,
1530 5373 1743 5426 tametsi
1800 5373 2108 5428 arbitraria:

532 5465 862 5526 voluntates,
923 5461 1241 5516 exsistentia
1298 5469 1460 5529 atque
1514 5476 1747 5515 numero
1803 5461 2107 5517 incolumes

533 5556 660 5617 sint,
693 5568 799 5622 qua
839 5550 1249 5607 necessitudine
1277 5551 1443 5604 animi
1475 5552 1647 5606 amice
1686 5553 2104 5620 consociantur;

533 5660 624 5711 qui
657 5644 736 5705 fit,
772 5651 831 5695 ut
865 5644 921 5697 in
953 5659 1061 5697 uno
1098 5642 1403 5712 eodemque
1448 5644 1559 5697 Deo
1581 5643 1762 5699 Verbo
1798 5645 2103 5710 incarnato,

533 5745 597 5781 ac
629 5729 868 5796 perfecte
901 5732 1073 5785 nostri
1107 5746 1270 5786 causa
1312 5732 1457 5786 facto
1491 5732 1730 5797 homine,
1765 5748 1884 5802 qua:
1926 5733 1977 5787 ei
2012 5749 2101 5788 es-

535 5818 837 5874 scntialiter
868 5831 1064 5879 natura
1092 5825 1403 5881 voluntates
1435 5825 1642 5891 insunt,
1678 5824 1968 5882 contraria:
1992 5823 2104 5879 sint

2210 4646 2429 4708 πάντως
2444 4644 2751 4715 συμϐαίνει.
2772 4641 3107 4712 Συννεύομεν
3125 4643 3236 4712 γὰρ
3264 4642 3410 4695 ἔστιν
3438 4645 3528 4697 ὅτε
3550 4643 3759 4704 τούτοις,

2210 4737 2387 4791 καίτοι
2421 4737 2719 4805 γνωμικοῖς
2751 4730 2895 4800 οὖσι,
2936 4734 3029 4786 καὶ
3066 4732 3206 4803 Θεῷ,
3237 4738 3334 4787 καὶ
3374 4734 3649 4802 ἀγγέλοις,
3679 4734 3757 4785 καὶ

2210 4827 2480 4898 ἀλλήλοις,
2533 4825 2646 4879 ἀλλ’
2700 4825 2761 4878 οὑ
2796 4825 2887 4878 διά
2915 4824 3073 4877 τοῦτο
3099 4824 3202 4893 τῆς
3255 4823 3482 4892 γνώμης
3526 4826 3646 4895 ἤδη,
3679 4824 3757 4876 καὶ

2208 4918 2301 4973 τοῦ
2340 4918 2461 4971 κατ’
2495 4918 2667 4988 αὐτὴν
2698 4916 3028 4987 θελήματος,
3063 4914 3549 4986 διαπεπτώκαμεν.
3580 4918 3639 4969 Et
3665 4915 3754 4983 γὰρ

2206 5010 2436 5074 τούτων,
2471 5010 2566 5063 καὶ
2605 5010 2703 5080 τῆς
2740 5010 2874 5079 πρὸς
2904 5010 3032 5071 τοὺς
3056 5007 3247 5071 ἄλλους
3288 5008 3536 5079 δηλονότι
3562 5005 3755 5061 συννεό·

2209 5111 2369 5166 σεως,
2410 5100 2570 5172 εἴπερ
2626 5100 2732 5163 ἕως
2778 5099 2986 5168 ταύτην
3034 5098 3254 5169 ἔχομεν,
3309 5100 3407 5152 καὶ
3447 5102 3557 5153 τῶν
3603 5100 3753 5154 ἀλλων

2207 5192 2503 5263 γνωμικῶν
2558 5190 2924 5262 ἀντεχόμεθα.
2969 5191 3031 5243 Εί
3061 5189 3156 5243 οὖν
3194 5190 3429 5244 ἐνταῦθα
3471 5190 3639 5252 τοῦτο,
3671 5187 3752 5241 καὶ

2200 5282 2457 5352 ,οὐδαμῶς
2502 5281 2783 5348 ἀντίταξις
2841 5280 3165 5351 καθορᾶται,
3220 5281 3401 5333 καίτοι
3459 5278 3751 5347 σωζομένιυί

2211 5375 2442 5444 ὑπάρξει
2479 5390 2538 5425 τε
2580 5373 2675 5426 καὶ
2701 5371 2921 5443 ἀριθμῷ
2971 5372 3080 5424 τῶν
3111 5371 3409 5441 γνωμικῶν
3436 5370 3744 5439 θελημάτων,

2208 5467 2304 5517 καὶ
2326 5463 2424 5533 τὴν
2458 5461 2681 5532 φιλικὴν
2711 5464 2778 5514 ’ὲν
2831 5460 3015 5531 σχέσει
3047 5460 3325 5513 διάθεσιν⁹
3374 5460 3492 5522 πῶς
3542 5460 3627 5510 ἐπὶ
3664 5452 3742 5507 τοῦ

2207 5552 2370 5606 αὐτοῦ
2388 5552 2483 5605 καὶ
2509 5551 2627 5616 ένδς
2654 5549 3033 5622 σαρκωθέντος
3054 5548 3189 5603 Θεοῦ
3210 5549 3406 5617 Λόγου,
3436 5548 3527 5603 καὶ
3550 5543 3741 5601 τελείως

2205 5642 2271 5696 δι’
2313 5645 2458 5715 ἡμᾶς
2490 5643 3030 5713 ένανθρωπήσαντες,
3066 5641 3127 5694 ὲν
3168 5643 3283 5703 τοῖς
3328 5638 3566 5708 φυσικῶς
3592 5648 3739 5705 προσ-

2206 5731 2355 5787 οὖσιν
2378 5731 2528 5802 αὐτῷ
2554 5733 2674 5785 κατ’
2704 5732 2895 5785 οὐσίαν
2926 5729 3565 5803 θε>.ήμασιν,ὲναντίωσις
3584 5725 3729 5777 ἔσται.

2206 5824 2331 5889 Πῶς
2357 5824 2414 5878 δὲ
2448 5823 2621 5878 ταῦτά
2648 5841 2812 5892 φασιν
2853 5823 3092 5890 ἐναντία,
3126 5822 3194 5877 δι’
3223 5823 3384 5877 αὐτόν
3408 5841 3468 5891 γε
3500 5820 3580 5873 τὸν
3598 5813 3732 5886 apto-
