4052 6292
373 326 512 395 1129

1311 327 1690 389 PANOPLIA
1733 329 2192 391 DOGMATICA.
2232 353 2304 367 —
2341 329 2488 391 TIT.
2533 329 2688 389 XXI.

3480 325 3622 393 1130

375 468 497 537 μὸν,
530 464 561 535 ἢ
616 462 707 516 καὶ
739 462 809 514 δι’
831 460 964 515 αὐτὸ
996 460 1051 514 τὸ
1081 460 1368 531 ὑπάρχειν.
1400 460 1463 513 El
1496 460 1595 530 μὲν
1639 459 1725 515 διὰ
1764 461 1933 525 τοῦτο1

2045 465 2207 527 atque
2233 457 2555 514 discordes?
2581 456 2700 523 Quo
2730 465 2915 511 autem
2941 456 3105 513 modo
3132 458 3442 515 contrarias
3468 474 3619 515 asse-

372 557 469 610 καὶ
498 557 597 624 τήν
624 552 784 621 φύσιν
808 550 1037 604 ἀνέλωσι
1071 551 1167 619 τῆς
1198 549 1424 620 σαρκὸς,
1452 549 1841 620 ἀντικειμένην
1866 551 1944 621 τῷ

371 647 531 716 Λόγῳ
553 646 642 698 διὰ
668 643 769 715 τὴν
794 642 1051 713 ὕπαρξιν.
1086 640 1272 710 Πολλῷ
1302 639 1411 710 γὰρ
1466 640 1835 712 ἰσχυρότερον,
1868 642 1943 705 ὡς

371 737 537 789 πᾶσιν
565 732 807 803 εὔδηλον,
841 733 920 794 είς
950 729 1248 795 ἀντίταξιν,
1270 728 1331 782 τὸ
1362 729 1743 799 ὑποκείμενον,
1773 731 1866 784 τοῦ
1886 733 1943 784 ὲν

371 826 718 895 ὑποκειμένῳ
745 821 1101 893 καθέστηκεν.
1130 820 1191 875 El
1210 822 1265 874 δὲ
1281 820 1368 874 διὰ
1391 820 1551 891 μόνον
1571 819 1662 871 τὸν
1685 820 1939 891 ἀριθμὸν,

368 916 464 971 καὶ
492 915 679 969 τούτου
713 914 811 976 τὰς
835 910 1029 982 φύσεις
1058 913 1300 983 ἐρήμους
1352 912 1648 982 ποιήσωσι,
1676 912 1771 965 καὶ
1804 912 1940 983 μηδὲ

371 1007 504 1077 μίαν
536 1004 716 1059 αὐτῶν
747 1003 1188 1075 ἀριθμείτωσαν;
1239 1002 1717 1074 παραιτείσθωσαν
1755 1003 1812 1057 δὲ
1845 1005 1939 1059 καὶ

370 1097 531 1151 πάλιν
567 1096 730 1150 αὐτὸν
764 1095 853 1149 διά
906 1095 1008 1165 τήν
1054 1093 1224 1165 αὐτὴν
1257 1095 1458 1159 αἰτίαν,
1514 1094 1653 1149 κάπὶ
1696 1095 1806 1149 τῶν
1837 1097 1935 1167 τῆς

372 1188 501 1257 μιᾶς
536 1185 630 1238 καὶ
657 1184 895 1256 ἀνάρχου
944 1184 1201 1255 θεότητος
1234 1183 1406 1255 τριῶν
1448 1184 1820 1250 ὑποστάσεων,
1850 1186 1936 1239 ἵνα

370 1277 448 1347 μὴ
474 1277 701 1347 κάκείνη
732 1275 1001 1348 στασιάζῃ
1033 1276 1172 1346 πρὸς
1197 1276 1420 1348 ἑαυτὴν,
1468 1276 1585 1330 ἀλλ’
1631 1277 1832 1331 ἄτοπόν
1870 1295 1933 1347 γε

367 1367 446 1438 τῷ
480 1367 647 1438 μηδὲν
682 1367 795 1421 ὄντι
822 1366 883 1419 τὸ
915 1366 1135 1420 σύνολον
1166 1407 1184 1434 ,
1288 1367 1389 1420 οὐκ
1436 1368 1613 1429 οὐσία,
1655 1369 1714 1421 οὐ
1758 1369 1932 1435 ποιὸν,

366 1462 468 1514 οὐκ
498 1459 625 1515 ἀλλο
650 1476 701 1513 τι
724 1459 831 1513 τῶν
855 1458 1044 1525 ὄντων,
1080 1458 1232 1528 ἰσχὺν
1261 1459 1530 1527 τοσαύτην
1556 1460 1929 1532 ἀποκληροῦνο

365 1549 711 1621 ἀτοπώτερον
735 1549 813 1615 δὲ,
853 1548 949 1604 καὶ
977 1548 1075 1618 τὴν
1108 1548 1343 1619 ὓπαρξιν
1372 1549 1544 1619 αὐτὴν
1573 1548 1667 1603 τοῦ
1700 1550 1932 1619 φυσικοῦ

366 1639 670 1711 θελήματος
702 1638 1004 1704 αἰτιᾶσθαι,
1040 1638 1338 1701 κάντεῦθεν
1383 1640 1484 1709 τὴν
1527 1639 1804 1710 ἀναίρεσιν
1835 1641 1928 1694 αὐ·

362 1730 460 1786 ⁴τοῦ
504 1731 958 1795 κατασκευάζειν.
1005 1730 1117 1783 Καὶ
1153 1729 1348 1792 ταῦτα,
1373 1729 1487 1802 τῶν
1538 1730 1719 1784 ἄλλων
1764 1732 1821 1784 ὲν
1863 1734 1929 1802 τῇ

2045 558 2195 612 runt,
2248 551 2467 604 numeri
2504 551 2737 614 ratione,
2784 566 2854 603 an
2888 559 2945 605 et
2989 550 3104 619 ipsa
3151 551 3513 606 exsistentia?
3543 553 3621 609 Ac

2043 639 2317 709 siquidem
2358 638 2501 693 hanc
2546 653 2768 692 causam
2814 638 3026 703 dicunt,
3056 639 3220 694 etiam
3250 640 3432 694 carnis
3462 651 3622 696 natu-

2047 746 2180 793 ram,
2207 745 2274 785 eo
2308 729 2455 798 quod
2479 729 2711 793 exsistit,
2740 729 2918 783 Verbo
2959 729 3342 784 adversantem
3385 735 3623 786 sustule-

2046 821 2176 875 rint.
2211 821 2392 891 Longe
2426 820 2573 874 enim
2606 819 2689 890 (ut
2720 819 2895 873 cuivis
2932 820 3274 889 exploratum
3306 820 3410 890 est)
3448 822 3623 892 major

2043 909 2304 963 contrarii
2353 909 2437 963 vis
2479 909 2536 962 in
2565 923 2670 972 eo,
2720 908 2867 977 quod
2919 909 3097 979 ipsum
3143 909 3449 980 subjectum
3501 922 3618 976 est,

2043 1019 2206 1072 quam
2236 1001 2382 1072 quod
2412 1002 2465 1056 in
2493 1001 2740 1071 subjecto
2766 1001 3145 1057 exsistentiam
3174 1001 3358 1057 habet.
3390 1002 3485 1057 Sin
3524 1019 3622 1057 au-

2045 1102 2153 1147 tem
2188 1094 2305 1149 sola
2338 1092 2554 1147 numeri
2600 1093 2740 1146 ratio
2768 1092 2952 1157 ollicit,
2981 1092 3125 1147 hanc
3168 1101 3224 1148 et
3251 1094 3466 1148 naturis
3500 1095 3619 1149 adi-

2047 1194 2217 1250 mant,
2264 1193 2627 1253 neutramque
2660 1198 2853 1239 eorum
2903 1184 2957 1238 in
2993 1200 3251 1239 numeros
3280 1194 3485 1254 ponant
3518 1201 3622 1241 :ac

2048 1291 2241 1331 rursus
2291 1276 2468 1345 ipsum
2514 1276 2585 1331 ob
2627 1276 2874 1331 eamdem
2910 1291 3151 1341 causam,
3199 1292 3301 1333 nec
3341 1277 3397 1331 in
3443 1277 3621 1332 tribus

2047 1368 2209 1423 unius
2248 1376 2575 1437 aeternaeque
2604 1368 2830 1423 Deitatis
2865 1370 3137 1437 personis,
3171 1384 3239 1423 ne
3273 1378 3332 1422 et
3371 1368 3461 1423 illa
3502 1369 3621 1439 ipsa

2043 1474 2230 1515 secum
2261 1458 2545 1523 dissideat,
2576 1459 2889 1513 admittant.
2922 1461 2991 1513 At
3025 1474 3155 1514 sane
3188 1460 3510 1524 absurdum,
3542 1462 3616 1523 ei,

2042 1550 2136 1620 qui
2169 1548 2308 1603 nihil
2340 1564 2566 1619 prorsus
2590 1548 2682 1615 sit,
2715 1564 2826 1603 non
2862 1548 3187 1615 substantia,
3222 1565 3332 1604 non
3360 1550 3616 1620 qualitas,

2042 1657 2150 1697 non
2196 1640 2345 1696 aliud
2376 1641 2507 1711 quid
2542 1656 2735 1696 eorum
2764 1640 2966 1710 quibus
3010 1657 3194 1696 rerum
3241 1656 3441 1714 genera
3483 1656 3616 1696 cen-

2040 1740 2253 1796 sentur,
2284 1734 2395 1787 vim
2425 1740 2629 1787 tantam
2654 1732 2963 1798 ascribere;
2998 1733 3269 1803 longeque
3297 1732 3617 1793 absurdius.

358 1820 522 1891 φύσει
550 1818 865 1892 πρωτίστην
901 1812 1069 1874 οὖσαν
1093 1817 1338 1888 φυσικῶν
1366 1801 1679 1888 ίδιωμάτων
1709 1816 1806 1871 καὶ
1846 1801 1933 1870 κιγ⁴

2041 1822 2214 1891 ipsam
2247 1820 2507 1876 naturalis
2542 1821 2838 1877 voluntatis
2865 1801 3248 1877 exsisten—tiam
3300 1836 3363 1876 ac
3418 1821 3624 1877 verita-

360 1908 625 1978 νημάτωΑ
655 1906 898 1978 ἔμφυτον
931 1905 1186 1976 δύναμιν.
1225 1908 1386 1960 Κατά
1434 1906 1642 1975 ταύτην
1693 1907 1806 1977 γὰρ
1841 1907 1936 1977 μό-

357 2016 481 2067 νην,
506 1997 601 2053 τοῦ
633 1995 773 2052 εἶναι
795 2000 888 2051 καὶ
925 1998 1051 2068 ζῇν,
1081 1998 1174 2051 καὶ
1212 1996 1502 2060 κινεῖσθαι,
1536 1998 1629 2051 καὶ
1650 2000 1815 2063 νοεῖν,
1841 2000 1934 2052 καὶ

354 2091 563 2156 λαλεῖν,
600 2092 695 2145 καὶ
726 2092 1106 2157 αίσθάνεσθσιι,
1148 2091 1244 2144 καὶ
1271 2093 1527 2160 μετέχειν
1558 2090 1791 2161 τροφῆς,
1831 2087 1937 2143 ῦπ-

355 2200 450 2237 νου
476 2199 535 2235 τε
564 2182 660 2235 καὶ
694 2181 1082 2246 ἀναπαύσεως,
1123 2182 1216 2233 καὶ
1247 2181 1324 2250 μὴ
1370 2177 1725 2247 ἀλγύνεσθαι,
1794 2177 1930 2248 μηδὲ

354 2273 632 2346 θνήσκειν,
660 2275 755 2329 καὶ
778 2274 965 2338 ἁπλῶς
997 2274 1252 2327 ἁπάντων
1280 2272 1389 2326 τῶν
1422 2268 1801 2325 συνιστὼντων
1830 2269 1931 2339 τὴν

355 2367 545 2436 φύσιν,
582 2368 729 2438 ἔχειν
769 2367 993 2431 τελείως
1043 2364 1140 2428 τὰς
1177 2364 1344 2431 ἕξεις,
1396 2362 1490 2416 καλ⁸
1520 2360 1631 2413 τῶν
1667 2359 1930 2431 λυμαινο·

356 2460 538 2531 μένων
565 2462 661 2523 τὰς
704 2458 994 2529 στερίσεις,
1028 2460 1273 2528 φυσικῶς
1298 2457 1584 2527 ἐφιέμεθα.

2042 1925 2147 1969 tem
2180 1913 2300 1982 ejus
2323 1928 2635 1979 arcessere;
2674 1925 2837 1983 atque
2862 1915 2987 1969 inde
3050 1928 3171 1968 eam
3246 1913 3614 1969 arnoliendam

2040 2015 2309 2060 astruere.
2331 2006 2409 2059 Ac
2442 2003 2521 2058 vel
2552 2005 2812 2070 maxime,
2846 2019 2968 2059 cum
3006 2006 3145 2059 inter
3172 2004 3415 2075 reliquas
3462 2012 3620 2057 natu-

2041 2094 2181 2149 rales
2210 2093 2573 2162 proprietates
2599 2107 2662 2148 ac
2699 2103 2897 2156 motus,
2922 2093 3108 2147 innata
3162 2096 3277 2148 haec
3312 2093 3391 2148 vis
3452 2092 3618 2147 facile

2040 2189 2291 2257 princeps
2321 2187 2573 2251 exsistat.
2629 2184 2764 2239 Nam
2815 2187 3114 2242 secundum
3170 2186 3313 2243 hanc
3344 2201 3508 2240 unam
3564 2194 3619 2241 et

2036 2291 2157 2331 esse
2190 2284 2244 2329 et
2272 2275 2454 2330 vivere
2500 2282 2552 2331 et
2590 2276 2794 2330 moveri
2828 2284 2884 2330 et
2934 2275 3259 2346 intelligere,
3296 2285 3351 2330 ct
3385 2275 3530 2345 loqui
3564 2284 3619 2329 et

2038 2370 2261 2435 sentire,
2298 2369 2585 2439 cibumque
2614 2382 2854 2431 sumere,
2892 2377 2946 2423 et
3004 2382 3198 2422 somno
3242 2367 3477 2423 recreari
3552 2380 3617 2422 ac

2038 2462 2242 2532 quiete,
2296 2469 2489 2515 etnon
2560 2460 2743 2514 dolere
2801 2474 2982 2529 neque
3033 2460 3170 2515 mori
3215 2476 3231 2526 ;
3282 2475 3617 2529 prorsusque

361 2561 443 2627 (ut
480 2556 643 2608 vcrho
673 2555 873 2626 dicant)
895 2556 1138 2611 omnium
1170 2557 1237 2612 ad
1268 2565 1479 2614 natura:
1513 2558 1944 2615 incolumitatem
1992 2559 2305 2615 facientium
2340 2560 2580 2628 perlecte
2638 2558 2853 2614 habitus
2915 2559 3185 2625 nancisci,
3220 2558 3397 2630 iisque
3425 2573 3617 2614 carere

353 2664 478 2721 quae
501 2648 569 2704 ad
599 2649 877 2706 interitum
906 2652 1132 2721 ducunt,
1175 2655 1500 2712 naturaliter
1533 2657 1864 2728 appetimus.

422 2752 537 2808 Kal
572 2768 666 2823 μοι
705 2753 957 2821 φαίνεται
1002 2756 1104 2810 κάν
1132 2755 1311 2825 τούτῳ
1338 2757 1735 2830 προσηκόντως
1780 2760 1941 2832 ποιή-

2089 2757 2170 2813 Ac
2203 2757 2341 2813 mihi
2380 2770 2603 2827 quoque
2631 2773 2695 2814 ea
2732 2757 2902 2812 etiam
2932 2766 3086 2829 parte
3118 2757 3374 2813 consulto
3413 2758 3610 2816 fecisse

352 2861 480 2911 σας,
510 2845 654 2899 κατά
698 2846 793 2899 τὸν
831 2845 1000 2899 αὐτοῦ
1050 2846 1282 2917 ὁρισμὸν
1314 2847 1343 2899 ὁ
1393 2849 1629 2921 εὐλαϐής
1683 2853 1933 2922 μοναχὸς,

2041 2850 2258 2915 ridetur,
2296 2849 2351 2903 in
2398 2860 2498 2904 sua
2542 2847 2888 2914 deﬁnitione,
2938 2847 3386 2918 religiosissimus
3418 2865 3611 2905 mona-

350 2936 449 2989 καὶ
501 2935 761 3007 προσθεὶς
811 2938 893 2992 τό⁶
932 2956 951 2990 ‹
992 2939 1105 2993 Καὶ
1156 2938 1267 2992 τῶν
1328 2942 1604 3005 οὐσιωδῶς
1659 2945 1728 3014 τῇ
1779 2943 1933 3013 φύσει

2041 2943 2179 3006 :hus,
2211 2941 2344 2996 dum
2387 2949 2444 2996 et
2493 2940 2611 2995 haec
2642 2939 2855 2996 addidit
2894 2956 2908 2993 :
2959 2958 2977 2991 ι
3016 2940 3085 2995 Ει
3116 2952 3311 2996 earum
3358 2941 3609 2996 omnium

351 3028 690 3100 προσόντων,
729 3028 1052 3099 συνεκτικὴν
1083 3028 1302 3083 πάντων
1325 3031 1653 3101 ἰδιωμάτων.
1692 3051 1711 3084 s
1753 3033 1933 3088 Πάντα

2041 3032 2441 3103 iroprietatum,
2468 3046 2592 3101 quae
2612 3030 2990 3086 essentialiter
3017 3040 3231 3087 naturae
3260 3032 3472 3098 insunt,
3496 3034 3609 3087 vim

350 3119 465 3191 γὰρ
493 3119 579 3173 ἀεὶ
612 3119 845 3191 συνέχει,
878 3122 974 3175 καὶ
1009 3122 1256 3192 συνέχειν
1301 3122 1537 3191 ἐφιέται,
1584 3124 1678 3177 καὶ
1725 3124 1933 3189 οὐδενὸς

2041 3125 2505 3183 :onservatricem.
2545 3144 2563 3176 ι
2615 3122 2812 3179 Omnia
2859 3124 3011 3179 enim
3060 3138 3279 3194 semper
3320 3134 3613 3180 conservat

352 3208 502 3278 ἔχειν
532 3209 631 3278 τὴν
663 3209 944 3281 στέρησιν,
970 3211 1034 3265 τὸ
1060 3212 1317 3275 οὐσιῶδες
1344 3215 1403 3267 ἐν
1422 3216 1557 3283 ἡμῖν
1584 3214 1678 3268 καὶ
1700 3215 1933 3285 ἔμφυτον

2041 3235 2083 3275 ιο
2109 3218 2383 3282 continet,
2410 3215 2735 3286 appetitque
2764 3228 3095 3271 conservare
3125 3230 3190 3269 ac
3213 3214 3366 3270 nullo
3394 3230 3607 3280 carere,

352 3298 586 3370 θέλημα·
625 3300 827 3371 μᾶλλον
879 3302 937 3356 δὲ
991 3305 1197 3374 ἡμεῖς,
1233 3304 1301 3358 δι’
1355 3304 1522 3359 αὑτοῦ
1569 3323 1631 3360 τε
1675 3309 1771 3360 καὶ
1817 3308 1933 3361 κατ¹

2041 3322 2139 3378 [uae
2165 3306 2221 3361 in
2249 3305 2411 3361 nobis
2439 3304 2753 3361 essentialis
2776 3320 2841 3360 ac
2875 3305 3061 3359 innata
3085 3305 3340 3360 voluntas
3365 3314 3482 3371 est;
3512 3322 3611 3361 seu

350 3392 507 3445 αὑτό·
552 3393 649 3446 καὶ
688 3388 844 3462 οἶμαι
875 3394 968 3448 τὸν
1021 3395 1116 3448 καὶ
1156 3394 1337 3458 ποσῶς
1364 3395 1459 3450 τοῦ
1492 3396 1665 3462 ὄντος,
1695 3398 1834 3453 ἀλλά
1862 3399 1933 3471 μὴ

2041 3417 2120 3457 I08
2151 3399 2339 3472 potius
2370 3414 2469 3471 per
2498 3412 2643 3463 eam,
2674 3412 2855 3468 exque
2890 3396 3038 3451 illius
3077 3396 3319 3462 ratione;
3345 3396 3613 3451 arbitror-

349 3484 449 3539 τοῦ
478 3485 762 3552 δοκοῦντος
804 3487 962 3555 λόγον
1005 3487 1353 3560 ποιούμενον,
1388 3489 1753 3561 συνθήσεσθαι
1802 3492 1933 3547 πάν·

2041 3510 2129 3566 lue
2161 3494 2390 3549 omnino
2433 3507 2813 3558 assensurum,
2859 3490 2955 3561 qui
3001 3490 3120 3561 ejus
3162 3488 3310 3560 quod
3357 3505 3485 3545 vere
3526 3500 3611 3545 est

347 3594 463 3642 τως
481 3577 568 3641 δὴ,
598 3580 695 3633 καὶ
717 3579 793 3643 ὡς
822 3579 1113 3651 ἄνθρωπον
1142 3580 1235 3634 τὸν
1268 3580 1626 3653 σαρκωθέντα
1651 3582 1804 3647 Θεὸν,
1837 3601 1933 3652 φυ-

2041 3585 2289 3656 antisper
2321 3584 2592 3639 rationem
2624 3583 2847 3649 habeat,
2882 3596 2994 3635 non
3018 3582 3141 3653 ejus
3162 3579 3311 3650 quod
3344 3579 3495 3634 inani
3522 3594 3612 3634 so-

352 3668 507 3722 σικὸν
529 3667 676 3736 ἔχειν
705 3669 801 3722 καὶ
829 3668 1172 3740 ἀνθρώπινον
1198 3670 1411 3741 θέλημα
1432 3688 1445 3702 ·
1471 3673 1564 3725 καὶ
1598 3672 1705 3726 τῶν
1736 3674 1933 3745 ἀπηριι

2041 3697 2131 3735 um
2161 3678 2375 3749 specie;
2407 3678 2579 3732 Deum
2615 3677 2983 3740 incarnatum,
3017 3683 3075 3729 ut
3103 3675 3267 3730 etiam
3304 3674 3607 3739 hominem,

350 3758 665 3830 θμημένων
694 3760 931 3814 ἕκαστον
967 3760 1143 3816 θέλειν
1178 3763 1298 3816 κατ’
1334 3763 1468 3817 αὐτὸ
1498 3765 1772 3833 φυσικῶς,
1806 3766 1933 3837 πρὸς

2041 3771 2259 3826 naturali
2301 3776 2465 3838 atque
2514 3768 2754 3822 humana
2797 3766 3082 3819 voluntate
3125 3764 3418 3835 praeditum
3453 3779 3606 3831 esse;

350 3851 624 3906 πίστωσιν
647 3851 746 3924 τῆς
775 3853 975 3924 νοερῶς
1001 3852 1165 3907 αὑτοῦ
1192 3855 1285 3907 καὶ
1308 3855 1547 3923 λογικῶς
1584 3856 1933 3928 ἐψυχωμένης

2041 3879 2195 3934 :aque
2239 3860 2455 3932 singula
2499 3874 2620 3930 quae
2653 3868 2977 3915 enumerata
3017 3864 3167 3921 sunt,
3213 3857 3519 3912 secundum
3548 3872 3610 3912 se

354 3943 585 4015 σαρκὸς,
613 3945 775 4017 εἴπερ
805 3946 1017 4011 τέλειος
1042 3947 1333 4020 ἄνθρωπος
1360 3948 1578 4017 γέγονε,
1620 3951 1813 4021 μηδενὶ
1832 3954 1933 4005 τῶν

2041 3967 2215 4011 latura
2256 3956 2420 4019 velle,
2444 3952 2513 4007 ad
2539 3952 2723 4006 carnis
2752 3967 2866 4006 sua:
2902 3949 3255 4005 astruendam
3300 3947 3486 4015 fidem,
3523 3950 3607 4003 in-

352 4036 643 4107 ήμετέρων
685 4038 1030 4109 λειπόμενος,
1088 4040 1228 4112 πλὴν
1270 4041 1438 4111 μόνης
1485 4040 1587 4112 τῆς
1640 4042 1933 4113 ἁμαρτίας·

2041 4047 2385 4119 elligentium
2411 4058 2565 4100 more
2593 4058 2659 4097 ac
2683 4042 2959 4097 utentium
2990 4040 3204 4096 ratione
3230 4041 3521 4105 animatae;
3550 4049 3611 4095 ut

350 4127 495 4181 ἀλλά
528 4128 707 4182 πάντα
740 4128 880 4200 ἔχων
908 4130 1010 4185 ὅσα
1057 4132 1151 4184 καὶ
1194 4134 1390 4203 ἡμεῖς,
1424 4132 1850 4205 ἀπαραλείπτως
1875 4136 1933 4191 τὰ

2041 4137 2113 4209 ιιιί
2145 4138 2261 4207 ipse
2297 4135 2464 4189 homo
2492 4131 2790 4203 perfectus,
2823 4131 2975 4185 nullo
3015 4144 3232 4195 eorum,
3258 4145 3382 4200 quae
3421 4138 3611 4183 nostra

352 4219 501 4274 κατά
529 4220 691 4290 φύσιν
719 4222 1023 4276 συστατικά
1062 4224 1164 4294 τῆς
1207 4226 1486 4297 ἡμετέρας
1516 4227 1726 4291 οὐσίας,
1754 4227 1933 4300 ὥσπερ

2041 4238 2169 4297 ιυηῑ,
2204 4228 2556 4291 deﬁceretur,
2608 4240 2719 4279 uno
2765 4224 3031 4279 duntaxat
3068 4222 3294 4293 dempto
3342 4231 3605 4293 peccato;

350 4307 451 4366 οῦν
495 4314 589 4366 καὶ
615 4312 685 4366 τὰ
713 4316 813 4385 τῆς
849 4314 1089 4385 ἀνάρχου
1118 4316 1216 4369 καὶ
1254 4316 1427 4383 θείας,
1463 4318 1529 4372 δι’
1554 4312 1629 4373 ὧν
1655 4319 1933 4393 ἄνθρωποι

2041 4323 2115 4380 ed
2138 4336 2261 4393 quae
2292 4318 2458 4375 nobis
2483 4323 2785 4386 suppetunt
2809 4314 3012 4378 omnia,
3054 4322 3409 4383 nostramque
3451 4322 3610 4367 natu-

351 4404 549 4457 ἑαυτὸν
584 4404 722 4475 ὁμοῦ
777 4406 873 4459 καὶ
917 4406 1051 4460 Θεὸν
1095 4407 1226 4461 ὅντα
1271 4410 1479 4480 κυρίως
1515 4410 1811 4483 ἐγνώριζε,
1847 4415 1933 4469 καῖ

2041 4413 2207 4469 aliter
2249 4406 2612 4465 substantiam
2645 4406 2907 4468 conllant,
2952 4405 3105 4459 nullo
3139 4404 3457 4460 desiderato
3507 4404 3606 4458 ba-

354 4494 459 4567 τήν
507 4494 645 4565 πρὸς
695 4497 866 4566 ἡμᾶς,
903 4498 1000 4552 καὶ
1048 4499 1141 4554 τὸν
1192 4477 1414 4572 Πατέρα
1450 4477 1677 4568 τελείως
1708 4477 1933 4577 φυσικὴν

2041 4513 2201 4569 νει-εις
2235 4502 2315 4557 uti
2348 4501 2509 4571 plane
2539 4498 2705 4554 etiam
2737 4513 2858 4569 qua:
2902 4497 3294 4567 sempiternam
3325 4507 3489 4568 atque
3520 4496 3607 4551 di-

358 4585 687 4653 συγγένειαν
718 4586 1055 4657 διασώζοντα
1107 4592 1244 4662 μετὰ
1285 4591 1386 4662 τὴν
1409 4593 1625 4648 ἕνωσιν.

2041 4596 2235 4661 rinam;
2284 4591 2490 4664 quibus
2534 4606 2593 4647 se
2640 4590 2924 4646 hominem
2970 4590 3131 4645 simul
3161 4589 3446 4657 Deumque
3476 4601 3611 4642 vero

348 4677 778 4744 demonstravit,
820 4691 888 4734 ac
916 4678 1009 4750 qui
1034 4678 1278 4750 perfecte
1326 4678 1613 4735 nobiscum
1640 4684 1698 4734 et
1761 4693 1885 4734 cum
1943 4677 2110 4736 Patre
2178 4680 2485 4737 naturalem
2546 4675 2887 4741 amnitatem,
2949 4683 3073 4743 post
3130 4673 3297 4728 etiam
3356 4671 3615 4727 unionem

348 4782 508 4825 ωηο
516 4778 624 4825 τοι.

422 4860 499 4914 Τὸ
517 4860 629 4933 γὰρ
651 4859 720 4932 δὴ
754 4860 966 4930 λέγειν,
996 4861 1074 4927 ὡς
1102 4863 1161 4916 ὲν
1194 4860 1273 4932 τῷ
1313 4861 1491 4934 καιρῷ
1525 4860 1673 4935 μόνῳ
1692 4860 1789 4915 τοῦ
1822 4877 1926 4913 σω-

2109 4861 2262 4931 Quod
2298 4862 2441 4918 enim
2476 4860 2597 4931 quis
2624 4861 2793 4922 dicat,
2818 4855 3075 4913 salutaris
3102 4857 3366 4911 duntaxat
3405 4856 3615 4925 passio-

346 4952 545 5023 τηρίου
580 4952 806 5019 πάθους,
847 4954 1011 5024 ήνίκα
1036 4954 1097 5007 τὸ
1129 4955 1398 5024 ἡμέτερον
1426 4954 1631 5009 ιτύπου
1663 4969 1930 5023 πραγμα-

346 5045 522 5110 τικῶς
549 5046 608 5100 ιν
643 5046 844 5115 ἑαυτῷ,
889 5047 986 5101 καὶ
1014 5048 1091 5113 ὡς
1144 5048 1434 5119 ἅνθρωπος
1493 5049 1795 5122 παρῃτεῖτο
1833 5046 1927 5099 τὸν

347 5137 606 5204 θάνατον,
626 5137 722 5192 δύο
740 5140 869 5211 θελή
878 5140 1183 5211 ματαῖἐχων
1206 5138 1505 5204 ἐδείκνυτο,
1527 5138 1925 5208 ἀποφαντικὸν,

346 5230 453 5284 οὐκ
474 5233 860 5289 ἀποδεικτικὸν
888 5252 981 5305 μοι
1016 5235 1189 5299 δοκεῖ,
1222 5234 1346 5296 Πῶς
1373 5233 1481 5303 γὰρ
1504 5234 1561 5285 ὲν
1586 5232 1762 5301 τούτῳ
1783 5230 1929 5301 μόνῳ

348 5320 432 5392 τῷ
455 5323 657 5394 καιρῷ,
692 5326 788 5378 καὶ
825 5324 901 5396 μὴ
930 5326 1038 5396 πρὸ
1084 5324 1304 5389 τούτου,
1361 5325 1459 5378 καὶ
1513 5324 1585 5377 δι’
1610 5324 1805 5394 ἥντινα
1831 5323 1930 5393 τὴν

350 5416 555 5470 αἰτίαν.
608 5418 675 5470 Ei
709 5417 813 5488 μὲν
842 5420 952 5489 γὰρ
975 5416 1091 5489 εἶχε
1132 5418 1278 5483 τότε,
1309 5419 1409 5472 καὶ
1453 5416 1550 5472 ἀπ’
1579 5418 1756 5488 ἀρχῆς
1784 5412 1930 5486 εῖχεν

356 5506 420 5569 ἕξ
454 5500 516 5560 οὗ
564 5508 793 5576 γέγονεν
839 5510 1149 5580 ἄνθρωπος,
1201 5510 1317 5564 ἀλλ’
1348 5512 1447 5582 οὺχ
1490 5508 1725 5580 ὕστερον
1776 5512 1929 5578 ἐσχε-

352 5598 566 5653 θίασεν·
606 5601 655 5654 εί
693 5600 751 5654 δὲ
791 5601 888 5655 ἀπ’
920 5602 1095 5673 ἀρχῆς
1142 5602 1244 5655 οὐκ
1278 5598 1441 5673 εἶχεν,
1477 5602 1536 5656 οὐ
1579 5602 1639 5655 δι
1674 5600 1816 5655 κατὰ
1845 5600 1934 5653 τὸν

350 5690 548 5760 καιρὸν
571 5690 667 5745 τοῦ
702 5691 932 5758 πάθους,
955 5694 1093 5747 ἀλλά
1120 5694 1279 5763 μόνον
1299 5695 1570 5761 ὲφάντασε
1603 5694 1703 5763 τὴν
1730 5692 1934 5763 παραί-

349 5799 534 5855 τησιν,
564 5784 659 5836 καὶ
691 5784 828 5853 πρὸς
858 5784 1034 5857 ταύτῃ
1088 5786 1156 5838 τὰ
1185 5786 1347 5841 λοιπὰ
1377 5788 1449 5840 δι’
1469 5783 1543 5842 ὧν
1578 5787 1924 5857 σεσώσμεθα,

674 5879 945 5941 Ρηιωι..
993 5880 1113 5943 Gn.
1160 5882 1417 5943 CXXX.

2036 4958 2124 5011 nis
2158 4968 2403 5025 tempore
2431 4953 2674 5025 (quando
2708 4951 2966 5004 uimirurn
2995 4957 3237 5004 nostram
3266 4949 3317 5003 in
3351 4963 3411 5005 se
3432 4948 3614 5017 reipsa

2035 5057 2247 5103 natura:
2272 5047 2507 5116 speciem
2560 5042 2901 5114 praeferebat,
2952 5052 3114 5113 atque
3143 5051 3202 5097 ut
3241 5043 3403 5097 homo
3462 5056 3613 5096 mor-

2037 5147 2144 5193 tem
2184 5135 2492 5207 recusabat)
2524 5136 2663 5192 duas
2679 5137 2983 5204 praatuiisse
3011 5136 3342 5200 voluntates,
3363 5135 3444 5191 sic
3470 5134 3614 5189 ultro

2035 5230 2140 5284 dici
2171 5230 2446 5294 existimo,
2463 5244 2636 5300 neque
2654 5245 2784 5286 vero
2798 5229 2902 5286 ulla
2938 5240 3089 5286 certa
3130 5232 3339 5284 ratione
3370 5231 3614 5298 probari.

2029 5322 2139 5379 Cur
2170 5320 2316 5376 enim
2338 5320 2431 5377 illo
2461 5321 2730 5377 duntaxat
2771 5322 3033 5391 temporis
3079 5319 3331 5384 articulo,
3392 5329 3448 5374 et
3500 5334 3611 5373 non

2030 5425 2178 5481 ante,
2206 5430 2439 5485 quamve
2467 5416 2535 5469 ob
2560 5414 2821 5471 causam?
2853 5414 2910 5470 Si
2938 5414 3159 5484 quidem
3183 5412 3328 5467 enim
3365 5421 3478 5465 tum
3512 5411 3616 5464 hac

2032 5509 2215 5574 bebat,
2239 5524 2267 5561 a
2296 5508 2568 5578 principio
2600 5508 2765 5563 etiam
2822 5506 3031 5569 habuit,
3057 5520 3123 5559 ex
3150 5520 3258 5573 quo
3320 5502 3500 5559 factus
3529 5512 3617 5558 est

2033 5600 2218 5667 homo,
2245 5615 2350 5654 non
2379 5610 2566 5669 postea
2596 5600 2813 5655 ascivit.
2848 5596 2905 5652 Si
2928 5598 3073 5653 enim
3109 5612 3138 5650 a
3174 5597 3448 5667 principio
3505 5610 3615 5651 non

2031 5694 2243 5761 habuit,
2270 5708 2447 5762 neque
2480 5702 2722 5763 tempore
2748 5690 3060 5761 passionis;
3110 5689 3205 5745 sed
3257 5690 3433 5745 solum
3495 5690 3617 5757 ορί-

2031 5788 2191 5843 uiouc
2226 5787 2326 5843 hoc
2358 5786 2546 5857 gessit,
2577 5794 2634 5840 ut
2670 5785 2879 5840 scilicet
2904 5794 3133 5839 mortem
3172 5784 3475 5854 refugeret,
3515 5794 3602 5838 at-

3269 5878 3347 5936 36
