4052 6292
469 343 474 350 ’
515 347 647 413 H31

1711 359 2090 421 EUTHYMII
2134 361 2492 425 ZlGABlﬂNl

3644 369 3781 434 1132

508 510 614 566 que
655 493 820 546 etiam
869 489 1101 558 reliqua,
1143 487 1346 556 quibus
1386 485 1618 540 salutem
1662 487 1845 555 adepti
1875 502 2089 552 sumus,

2198 492 2306 546 οἷον
2345 496 2404 548 τὸ
2434 495 2698 568 δάκρυον,
2743 499 2846 568 τὴν
2878 499 3065 571 εὐχήν,
3102 501 3202 572 τὴν
3246 501 3444 576 λύπην,
3493 507 3594 578 τὴν
3632 509 3781 578 ἀγω-

508 587 782 658 expleret;
818 579 1126 653 cujusmodi
1179 586 1310 633 sunt
1355 579 1537 642 fletus,
1589 592 1801 647 preces,
1845 578 2088 644 tristitia,

507 678 703 734 mortis
747 689 940 746 pavor,
975 687 1132 733 crux,
1162 685 1332 733 mors,
1361 669 1659 740 sepultura.
1695 667 1814 723 Uno
1847 670 1995 723 enim
2024 685 2090 724 ex

413 765 437 828 ἔ,
509 774 595 837 iis,
624 786 745 840 qua:
773 769 828 822 in
864 782 930 820 eo
973 781 1072 835 pro
1103 764 1339 818 humana
1374 764 1584 816 ratione
1626 762 1896 816 naturalia
1941 763 2088 817 exsi-

429 850 438 941 :
507 872 679 924 stunt,
709 859 992 927 abrogato,
1017 870 1196 924 neque
1221 854 1432 925 reliqua
1455 853 1775 910 consistent.
1805 855 2090 921 Quomodo

425 1009 435 1018 ,
505 955 651 1008 enim
690 967 797 1005 non
846 948 980 1002 illud
1029 947 1275 1018 quidem,
1326 947 1443 1001 hzec
1485 947 1650 1001 vero?
1685 960 1874 1016 qumve
1911 947 2090 1000 ratio?

506 1054 600 1098 aut
645 1057 766 1112 quae
797 1040 1075 1095 rationum
1123 1053 1324 1108 pugna,
1358 1037 1413 1095 in
1653 1051 1720 1092 eo
1767 1037 1915 1108 quod
1946 1047 2088 1104 orat,

505 1136 926 1202 naturalemque
974 1140 1171 1203 sponte
1209 1131 1583 1185 inﬁrmitatem
1622 1131 1824 1200 (carnis
1854 1131 2088 1203 scilicet)

506 1230 702 1283 timore
733 1242 798 1281 ac
839 1241 1042 1296 pavore
1089 1231 1348 1288 ostentat,
1383 1239 1486 1279 nec
1528 1240 1755 1293 prorsus
1794 1224 2087 1291 obnititur,

503 1323 599 1378 sed
635 1323 712 1377 ait
743 1341 756 1378 :
783 1319 839 1377 Si
885 1319 1124 1393 possibile
1155 1329 1249 1373 est.
1294 1319 1362 1374 Et
1397 1337 1410 1371 :
1443 1318 1558 1373 Non
1607 1320 1733 1390 quid
1770 1336 1862 1390 ego
1907 1320 2084 1387 velim,

501 1417 591 1469 sed
633 1415 757 1486 quid
792 1421 847 1465 tu
879 1418 932 1478 ¹;
971 1412 1278 1481 fortemque
1321 1411 1586 1465 adversus
1618 1422 1872 1477 mortem,
1921 1423 2088 1482 atque

505 1510 744 1561 alacrem
779 1502 964 1558 timori
1010 1510 1218 1557 motum
1265 1501 1536 1572 appingitl
1588 1501 1922 1557 lnformabat
1963 1504 2090 1573 quia

504 1602 629 1653 dem
664 1598 721 1652 in
757 1612 816 1654 se
861 1597 1042 1666 reipsa
1085 1595 1232 1664 quod
1269 1603 1518 1648 nostrum
1565 1604 1652 1650 est
1698 1595 1938 1650 naturali
1974 1606 2093 1650 tan-

507 1690 678 1758 tispcr
716 1686 908 1740 mortis
948 1683 1228 1737 formidini
1274 1683 1498 1753 ejusque
1533 1677 1694 1732 anxio
1730 1676 1910 1730 timori
1944 1690 2078 1732 con-

505 1781 726 1843 cedens,
770 1787 832 1832 ut
863 1785 917 1830 et
950 1775 1018 1830 ab
1053 1775 1145 1830 illo
1184 1791 1284 1830 nos
1318 1774 1596 1838 liberaret,
1643 1785 1865 1841 suzeque
1897 1773 2079 1830 carnis

504 1880 758 1926 naturam
805 1876 1096 1932 astrueret,
1145 1883 1209 1921 ac
1260 1866 1410 1921 inani
1457 1865 1606 1918 omni
1656 1864 1836 1934 specie
1883 1877 2078 1919 vacare

507 1961 969 2032 dispensationem
1005 1967 1358 2013 monstraret.
1397 1957 1627 2026 Moxque
1670 1970 1862 2010 rursus
1905 1955 2080 2009 maxi-

507 2069 649 2108 mam
697 2052 985 2106 adversum
1033 2058 1265 2104 mortem
1307 2047 1474 2102 animi
1522 2048 1632 2100 vim
1663 2048 1887 2111 exserit,
1928 2063 2081 2102 sum-

508 2159 762 2213 mamque
793 2143 1042 2196 humanae
1071 2155 1182 2194 sum
1217 2137 1532 2200 voluntatis,
1563 2152 1686 2191 cum
1712 2137 1934 2206 propria
1963 2152 2080 2202 sua,

510 2235 796 2305 Patrisque
846 2235 1150 2298 voluntate,
1200 2231 1664 2286 necessitudinem
1711 2245 1774 2284 ac
1826 2228 2081 2282 unionem

509 2325 711 2397 prodit,
734 2325 941 2398 judicio
964 2340 1062 2378 suo
1086 2322 1414 2392 approbans,
1439 2320 1738 2390 dicensque
1761 2337 1773 2374 ;
1797 2319 1915 2373 Non
1943 2335 2082 2385 mea,

508 2417 600 2470 sed
651 2426 744 2470 tua
797 2415 1040 2469 voluntas
1093 2413 1226 2480 ﬁat;
1279 2412 1410 2466 hinc
1459 2411 1683 2480 quidem
1739 2409 2084 2476 divisionem,

513 2508 771 2577 illincque
820 2523 1012 2561 rursus
1058 2504 1434 2560 confusionem
1463 2505 1651 2573 procul
1687 2503 1977 2559 eliminans
2000 2511 2086 2558 at-

512 2617 617 2671 que
648 2601 1000 2655 submovens.

585 2693 679 2746 Sin
706 2700 888 2745 autem
917 2691 1122 2745 idcirco
1147 2689 1264 2744 haec
1285 2690 1497 2758 dicunt,
1522 2691 1667 2760 quod
1695 2707 1801 2745 non
1831 2698 2088 2760 appareat

482 2791 488 2797 '
515 2785 670 2844 alias,
702 2783 820 2851 eius
848 2783 994 2851 quod
1025 2793 1107 2836 est
1133 2783 1293 2846 velle,
1325 2799 1486 2853 quam
1523 2784 1792 2855 passionis
1819 2794 2084 2854 tempore,

516 2875 850 2940 meminisse,
898 2875 1133 2945 idipsum
1173 2876 1407 2931 dixerint
1457 2884 1514 2931 et
1557 2877 1623 2931 de
1659 2877 1844 2932 innata
1889 2877 2090 2932 intelli-

516 2965 678 3035 gendi
733 2967 815 3031 vi,
867 2967 1174 3036 mentisque
1223 2975 1502 3037 expertem
1573 2967 1751 3037 ipsum
1822 2973 2082 3021 asserent.

515 3057 634 3111 Non
664 3056 811 3111 enim
837 3064 1064 3126 apparet
1086 3056 1304 3122 dixisse,
1335 3056 1480 3126 quod
1507 3065 1692 3111 mente
1719 3055 1967 3124 cogitarit.
1997 3063 2092 3110 aut

2196 586 2335 651 νίαν,
2387 587 2480 640 τὸν
2537 588 2770 661 σταυρὸν
2796 631 2810 654 ,
2852 590 2945 643 τὸν
2995 592 3246 661 θάνατον,
3285 599 3381 666 τὴν
3428 600 3632 670 ταφήνο
3664 603 3781 666 est;

2163 678 2307 750 ίγὰρ
2337 679 2714 752 ἀκυρουμένου
2753 682 2862 736 τῶν
2898 685 2955 736 ὲν
2999 685 3148 756 αύτῷ
3190 687 3310 740 καθ’
3345 690 3494 759 ἡμᾶς
3535 694 3783 760 φυσικῶν

2197 771 2544 840 σωζομένων,
2574 772 2694 825 οὐδὲ
2723 772 2793 826 τά
2827 773 2964 829 ἄλλα
3016 777 3297 846 στήσεται.
3351 779 3476 844 Πῶς
3524 782 3638 854 γάρ
3683 786 3781 838 οὐκ

2193 862 2370 915 ἐκεῖνο
2397 861 2516 934 μὲν,
2540 864 2713 918 ταῦτα
2753 865 2845 931 δεῖς
2897 867 3010 921 Καὶ
3045 869 3130 932 τίς
3161 870 3189 922 ὁ
3235 870 3425 939 λόγος;
3461 874 3780 941 ἐναντίωσις

2194 954 2252 1009 δὲ
2297 957 2430 1009 ποῖα
2474 955 2537 1008 τὸ
2581 957 3027 1028 προσεύχεσθαι,
3067 961 3162 1013 καὶ
3197 964 3438 1032 φυσικῆς
3486 967 3779 1033 ἐκουσίωςς

2194 1047 2292 1117 τῆς
2323 1046 2462 1100 κατὰ
2510 1047 2607 1119 τὴν
2669 1049 2850 1121 σάρκα
2901 1050 3069 1119 λέγω,
3128 1055 3440 1125 πρόσδειξιν
3491 1057 3779 1123 ἀσθενείας

2193 1140 2466 1194 ποιεῖσθαι
2526 1141 2615 1194 διά
2666 1142 2768 1212 τῆς
2828 1145 3114 1216 συστολῆς,
3178 1147 3274 1200 καὶ
3331 1147 3406 1219 μὴ
3459 1149 3780 1203 ἀντιτείνειν

2191 1231 2351 1297 ὅλως,
2397 1231 2536 1285 ἀλλὰ
2572 1233 2755 1301 λέγειν
2778 1250 2791 1262 °
2837 1237 2903 1290 El
2945 1236 3230 1292 δυνατόν.
3268 1240 3409 1292 Καί·
3453 1240 3550 1308 Μὴ
3582 1242 3642 1294 τί
3668 1242 3780 1311 ἐγὼ

2192 1323 2379 1388 θέλω,
2431 1324 2569 1378 ἀλλ’
2615 1325 2674 1379 εἴ
2719 1344 2774 1380 τι
2813 1328 2914 1381 σύ⁹
2965 1330 3060 1381 καὶ
3103 1329 3397 1384 συνάπτειν
3438 1335 3502 1402 τῇ
3546 1334 3776 1404 συστοὶῇ

2192 1416 2292 1483 τὴν
2325 1416 2552 1486 ίσχυράν
2581 1416 2724 1470 κατὰ
2761 1417 2856 1470 τοῦ
2903 1415 3136 1474 θανάτου
3173 1423 3268 1477 καὶ
3302 1423 3584 1496 πρόθυμον
3619 1426 3775 1493 κίνη-

2197 1523 2316 1570 σιν;
2360 1509 2592 1562 Ἐτύπου
2648 1510 2748 1579 μὲν
2799 1510 2909 1581 γάρ
2969 1515 3374 1583 πραγματικῶς
3407 1518 3465 1569 ἐν
3506 1517 3691 1588 ὲαυτῷ
3721 1519 3778 1571 τὸ

2197 1596 2491 1669 ήμέτερον,
2528 1601 2614 1654 διὰ
2662 1601 2764 1670 τῆς
2814 1605 3053 1673 φυσικῆς
3093 1603 3232 1676 πρὸς
3283 1607 3478 1676 μικρὸν
3528 1609 3778 1676 ἀγωνίας

2193 1692 2281 1746 ἵνα
2315 1691 2414 1744 καὶ
2435 1688 2640 1759 ταύτης
2679 1692 2826 1760 ἡμᾶς
2877 1691 3244 1763 ἐλευθερώσῃ,
3283 1693 3377 1743 καὶ
3415 1691 3512 1762 τῆς
3561 1693 3778 1756 οἰκείας

2197 1780 2398 1851 σαρκὸς
2445 1779 2545 1849 τὴν
2585 1778 2748 1848 φύσιν
2797 1779 3160 1850 πιστώσηται,
3212 1781 3305 1832 καὶ
3335 1782 3468 1833 πᾶσι
3511 1782 3775 1850 καθαρὰν

2195 1871 2294 1940 τὴν
2344 1869 2653 1940 οἰκονομίαν
2708 1871 3012 1938 φαντασίας
3064 1872 3386 1941 ἐργάσηται·
3435 1872 3686 1942 παρίστη
3722 1871 3776 1922 δὲ

2197 1963 2358 2016 πάλιν
2384 1961 2546 2024 εὒθυς
2576 1963 2674 2032 τὴν
2708 1962 2850 2014 κατά
2886 1961 2982 2014 τοῦ
3014 1961 3244 2014 θανάτου
3277 1961 3543 2030 μεγίστην
3565 1961 3776 2031 ὁρμὴ-ι,

2199 2055 2292 2106 καὶ
2330 2053 2426 2123 τὴν
2478 2053 2656 2123 ἄκραν
2701 2053 2796 2106 τοῦ
2850 2054 2971 2106 κατ’
3011 2053 3172 2105 αὐτὸν
3210 2051 3573 2124 ἀνθρωπιλοῦ,
3630 2051 3778 2121 πρὸς

2199 2145 2258 2198 τὸ
2289 2146 2489 2198 οἰκεῖον
2537 2144 2700 2198 αὑτοῦ
2750 2145 2846 2197 καὶ
2893 2144 3168 2214 Πατρικὸν
3214 2143 3444 2213 θέλημα,
3491 2142 3780 2211 συμφυὶαν

2199 2238 2297 2291 καὶ
2339 2235 2556 2302 ἕνωσιν,
2610 2236 2688 2305 τῷ
2744 2238 3021 2306 ἐπικρῖναι
3075 2234 3231 2287 τοῦτο
3263 2233 3354 2286 καὶ
3387 2234 3637 2300 φάσκειν·
3679 2232 3777 2299 Μὴ

2202 2330 2267 2382 τὸ
2294 2331 2460 2398 ἐμὸν,
2497 2329 2656 2384 ἀλλὰ
2702 2327 2769 2381 τὸ
2814 2327 2930 2382 σόν
2967 2329 3249 2398 γενέσθω.
3299 2325 3480 2395 Ταύτῃ
3529 2324 3632 2392 μὲν
3677 2327 3778 2394 τὴν

2201 2421 2466 2494 διαίρεσιν
2509 2421 2930 2491 ἀπωθούμενος,
2977 2419 3162 2492 ἐκείνῃ
3199 2419 3255 2472 δὲ
3292 2417 3451 2471 πάλιν
3499 2414 3593 2485 τὴν
3641 2414 3782 2483 σύγ-

2206 2529 2384 2586 χυσιν.

2269 2693 2332 2748 El
2365 2693 2443 2755 δὲ.
2483 2693 2564 2745 ὄτι
2622 2692 2696 2764 μὴ
2746 2689 2935 2746 ἄλλοτε
2971 2690 3219 2759 φαίνεται
3254 2688 3349 2744 τοῦ
3388 2689 3560 2743 θέλειν
3586 2690 3775 2761 ἔμφα-

2204 2802 2288 2837 σιν
2318 2783 2770 2854 πεποιημένο;,ἢ
2818 2781 2960 2835 κατὰ
3019 2781 3110 2835 τὸν
3156 2781 3342 2852 καιρὸν
3384 2782 3479 2835 τοῦ
3537 2783 3778 2850 πάθους,

2201 2874 2375 2930 ταῦτά
2405 2891 2560 2944 φασι,
2599 2873 2758 2928 τοῦτο
2801 2873 2892 2927 καὶ
2934 2873 3064 2942 περὶ
3098 2872 3198 2943 τῆς
3245 2873 3488 2942 ἐμφύτου
3529 2877 3781 2945 νοήσεως

2201 2965 2428 3030 εἴποιεν,
2456 2965 2549 3018 καὶ
2595 2965 2754 3020 ἄνουν
2805 2963 2969 3018 αὐτὸν
2998 2966 3520 3018 κατασκευάσουσιν.
3549 2967 3626 3018 Οὐ
3666 2967 3782 3039 γὰρ

2201 3056 2452 3127 φαίνεται
2505 3054 2662 3120 λέξας
2713 3055 2794 3107 ὅτι
2834 3053 3084 3122 νενόηκα.
3135 3053 3244 3106 Καὶ
3275 3057 3404 3124 περὶ⁷
3446 3054 3783 3124 ὀσφρήσεως

518 3147 868 3203 intellexerit.
903 3148 1080 3202 Simili
1107 3163 1325 3217 quoque
1367 3147 1578 3202 ratione
1608 3147 1676 3201 de
1702 3146 1904 3201 olfactu
1938 3147 2090 3200 aliis-

2201 3149 2420 3220 ὁμοίως,
2468 3147 2561 3200 καὶ
2613 3145 2723 3200 τῶν
2775 3144 2977 3198 λοιπῶν
3028 3143 3150 3198 καθ’
3205 3145 3354 3214 ἡμᾶς
3390 3144 3656 3213 φυσικῶν,
3702 3141 3782 3201 ἄν

516 3254 624 3308 que
670 3237 725 3291 in
766 3237 930 3292 nobis
966 3236 1330 3300 naturalibus,
1383 3251 1618 3306 quorum
1655 3250 1923 3304 nusquam
1958 3235 2094 3289 seri-

517 3340 672 3400 ptum
697 3338 783 3384 est
815 3328 1150 3383 meminisse.
1180 3328 1275 3381 Vel
1297 3326 1461 3380 etiam
1488 3327 1556 3380 de
1586 3326 1702 3394 ipsa
1730 3326 1930 3387 anima,
1955 3341 2018 3380 ac
2046 3326 2094 3380 si

479 3433 484 3438 '
517 3423 672 3491 prius
703 3421 882 3490 reipsa
914 3417 1022 3473 non
1061 3419 1351 3478 exstiterit,
1379 3432 1490 3486 quo
1533 3433 1599 3471 ex
1641 3427 1886 3486 tempore
1929 3419 2095 3472 homo

417 3545 426 3551 -
521 3515 694 3568 factus
727 3521 832 3577 est,
873 3512 967 3566 sed
1013 3523 1142 3566 tunc
1173 3512 1348 3564 solum
1384 3525 1507 3564 cum
1544 3511 1663 3581 ejus
1696 3511 2094 3566 commeminit.
2149 3528 2155 3531 ·

522 3604 674 3658 llaud
711 3604 858 3658 enim
915 3603 1008 3657 diu
1061 3611 1187 3656 ante
1237 3601 1546 3670 passionem
1598 3601 1733 3656 illud
1777 3602 2097 3670 praestitisse
2155 3619 2162 3623 ·

523 3697 796 3766 proditum
830 3703 933 3749 est.
964 3698 1071 3749 Aut
1101 3694 1265 3764 igitur
1298 3701 1427 3748 tunc
1450 3695 1605 3763 quasi
1634 3710 1700 3748 ex
1729 3704 1974 3764 tempore
2003 3711 2100 3748 na-

526 3797 632 3840 tatu
677 3786 880 3850 dicant,
929 3785 1074 3854 quod
1125 3801 1233 3838 non
1286 3785 1485 3854 saepius
1532 3799 1594 3839 ac
1622 3785 1729 3855 jam
1777 3795 1892 3838 tum
1941 3784 2099 3839 initio

523 3881 640 3948 ejus
662 3878 802 3932 facta
830 3876 1033 3931 mentio
1057 3885 1170 3942 est;
1200 3887 1294 3931 aut
1321 3892 1444 3930 eum
1486 3877 1593 3931 hoc
1632 3892 1740 3930 non
1768 3877 1974 3940 dicant,
2001 3875 2098 3930 sed

523 3986 588 4023 ex
619 3970 794 4039 magni
828 3969 1107 4023 Athanasii
1136 3968 1406 4023 sententia
1433 3987 1446 4021 :
1482 3987 1500 4020 ι
1533 3969 1706 4024 Simul
1748 3983 1892 4029 caro,
1935 3968 2099 4029 simul

527 4063 619 4116 Dei
657 4061 818 4116 Verbi
859 4078 986 4117 caro
1015 4062 1274 4123 animata,
1307 4061 1516 4114 ratione
1555 4069 1732 4125 utens,
1783 4079 1802 4112 ι
1835 4059 2097 4124 doceant;

526 4151 830 4204 naturalem
856 4166 1076 4221 quoque
1100 4149 1395 4204 Salvatoris
1423 4151 1782 4213 voluntatem,
1804 4163 1913 4218 qua
1933 4147 2100 4202 homo

525 4251 692 4308 esset,
751 4259 861 4296 non
907 4242 1176 4311 passionis
1222 4241 1487 4296 duntaxat
1532 4251 1776 4310 tempore
1824 4240 2100 4296 exstitisse
2147 4314 2150 4317 _

527 4335 732 4398 dicent,
779 4335 882 4388 etsi
930 4335 1078 4387 illius
1129 4344 1259 4388 tunc
1304 4335 1572 4398 meminit,
1622 4334 1715 4387 sed
1753 4348 1784 4387 a
1830 4332 2102 4402 principio

2204 3238 2585 3311 μνημονεύσας
2637 3239 2738 3290 ούκ
2783 3237 3224 3307 ἀναγέγραπται.
3265 3237 3337 3288 Ἢ
3369 3237 3469 3288 καί
3505 3237 3634 3306 περὶ
3674 3235 3782 3305 τῆς

2201 3327 2379 3399 ψυχῆς
2417 3328 2611 3396 αὑτῆς,
2640 3327 2716 3390 ὡς
2756 3328 2816 3379 ού
2862 3327 3127 3396 πρότερον
3163 3324 3331 3394 ούσης
3362 3325 3482 3378 καθ’
3515 3324 3777 3396 ὓπαρξιν,

2201 3421 2297 3489 ἀφ’
2324 3414 2386 3473 ού
2406 3420 2626 3487 γέγονεν
2651 3419 2954 3489 ἄνθρωπος,
2991 3419 3105 3472 ἀλλ’
3127 3419 3160 3488 ἢ
3195 3417 3352 3488 μόνον
3374 3419 3573 3471 ὑπάταν
3604 3418 3780 3485 αὐτῆς

2204 3512 2629 3581 ἐμνημόνευσεν.
2668 3511 2744 3564 Ob
2772 3511 2878 3582 πρὸ
2906 3511 3102 3565 πολλοῦ
3125 3513 3234 3584 γάρ
3259 3513 3352 3566 τοῦ
3383 3512 3591 3574 πάθους
3617 3511 3780 3564 τοῦτο

2205 3603 2526 3674 πεποιηκὼς
2575 3604 2961 3675 ἀνηγόρευται,
3024 3605 3096 3657 Ἢ
3137 3606 3314 3659 τοίνυν
3367 3604 3778 3674 σχεδιασθεῖσαν

2203 3693 2371 3765 αὐτὴν
2410 3695 2610 3747 αὐτίκα
2668 3695 2928 3757 εἴπωσιν,
2963 3695 3045 3747 ὅτι
3085 3693 3160 3765 μὴ
3219 3694 3482 3756 πολλάκις
3534 3694 3628 3746 καὶ
3677 3695 3777 3746 ἀπ’

2206 3786 2384 3856 ἀρχῆς
2423 3785 2596 3855 αύτῆς
2637 3786 3070 3856 ἐμνημόνευσεν
3106 3787 3138 3856 ἢ
3182 3785 3342 3838 τοῦτο
3388 3786 3462 3856 μὴ
3499 3785 3774 3853 λέγοντες,

2205 3876 2318 3929 ἀλλ’
2348 3895 2366 3926 ι
2415 3877 2567 3944 ’Λμα
2600 3875 2755 3946 σάρξ,
2798 3875 2914 3946 ἆμα
2949 3875 3083 3929 Θεοῦ
3127 3877 3302 3943 Λόγου
3346 3876 3480 3948 σὰρξ
3511 3875 3776 3944 ἔμψυχος,

2207 3966 2420 4036 λογικὴ,
2458 3986 2475 4018 ι
2510 3968 2651 4021 κατά
2683 3967 2776 4021 τὸν
2805 3969 2978 4038 μέγαν
3025 3966 3342 4020 ’Λθανάσιον
3367 3966 3773 4036 δογματίζουσι,

2209 4060 2302 4112 καὶ
2332 4061 2392 4113 τὸ
2424 4059 2652 4128 φυσικὸν
2698 4060 2774 4122 ὡς
2815 4059 3101 4129 ἀνθρώπου
3134 4059 3228 4112 τοῦ
3261 4058 3513 4128 Σωτῆρος
3542 4057 3774 4126 θέλημα,

2211 4150 2285 4220 μὴ
2323 4153 2464 4205 κατὰ
2495 4151 2586 4203 τὸν
2633 4149 2824 4220 καιρὸν
2871 4146 3012 4203 εἶναι
3049 4149 3143 4203 τοῦ
3189 4150 3394 4213 πάθους
3437 4150 3646 4217 λέξουσι
3670 4151 3775 4218 μό-

2207 4257 2319 4306 νον,
2357 4244 2405 4294 ει
2448 4242 2540 4294 καὶ
2583 4242 2805 4312 μνήμην
2836 4241 3034 4295 αὐτίκα
3070 4240 3260 4293 τούτου
3308 4241 3628 4312 πεποίηκεν*
3655 4241 3773 4295 ἀλλ’

2207 4335 2303 4387 ἀπ’
2337 4333 2509 4404 ἀρχῆς
2538 4333 2613 4396 ὠς
2651 4331 2924 4404 ἀνθρώπῳ
2949 4331 3072 4385 καθ’
3103 4333 3252 4403 ἡμᾶς
3286 4333 3534 4402 φυσικῶς
3559 4332 3636 4404 τῷ
3659 4333 3772 4385 Sto-

485 4440 492 4445 ’
527 4423 681 4476 velut
707 4423 760 4475 in
789 4421 968 4483 nobis,
996 4437 1060 4474 ac
1087 4437 1207 4489 qua:
1238 4421 1314 4474 illi
1348 4433 1604 4490 tanquam
1650 4421 1860 4475 homini
1907 4431 2090 4476 natura

2210 4427 2336 4494 τῆρι
2372 4441 2532 4477 συνου
2541 4441 2638 4477 σιω
2645 4424 2828 4493 μένον⁹

490 4527 498 4535 ”
531 4511 1015 4568 consubstantialis
1041 4513 1114 4565 sit
1138 4527 1151 4562 :

587 4610 748 4666 Subit
767 4617 947 4662 autem
984 4604 1171 4660 mirari
1189 4612 1252 4657 et
1270 4603 1338 4656 de
1357 4601 1696 4671 operatione,
1721 4601 2000 4669 quomodo
2023 4601 2078 4654 in

479 4713 485 4722 ‘
511 4700 734 4755 Christo
767 4712 927 4752 unam
953 4710 1073 4751 esse
1092 4695 1346 4755 doceant,
1367 4693 1538 4747 relate
1561 4692 1817 4745 nimirum
1841 4691 1907 4745 ad
1941 4691 2080 4745 indi-

518 4793 762 4853 viduum,
797 4790 1047 4860 ejusque,
1265 4793 1324 4838 ut
1354 4783 1455 4853 ipsi
1479 4785 1801 4852 loquuntur,
1826 4781 2080 4836 conside-

517 4881 752 4933 ratione.
769 4879 947 4948 Atque
969 4887 1028 4932 ut
1046 4877 1261 4930 mittam
1279 4874 1484 4937 dicere,
1499 4887 1694 4926 eorum
1721 4885 1842 4939 quae
1861 4879 2084 4924 natura-

519 4973 586 5024 lia
619 4970 921 5034 sunt,nihi|
945 4970 1124 5038 primo
1152 4967 1219 5021 ad
1257 4964 1603 5021 individuum
1625 4961 1950 5016 relationem
1986 4962 2084 5016 ha-

512 5062 666 5125 bere,
686 5063 780 5115 sed
803 5061 871 5114 ad
891 5071 1144 5114 naturam
1168 5060 1340 5128 ipsius
1357 5075 1419 5112 ac
1434 5055 1752 5112 essentiam.
1773 5052 1915 5120 Quid
1933 5053 2083 5108 enim

514 5154 638 5223 quis
653 5153 868 5223 operari
900 5153 1072 5221 possit
1089 5153 1295 5218 absque
1314 5151 1382 5205 iis
1398 5148 1775 5212 facultatibus,
1789 5162 1910 5216 quae
1928 5157 2087 5200 uatu-

516 5260 591 5299 ra:
621 5245 846 5299 insunt?
879 5243 1103 5300 Uudeve
1139 5243 1307 5296 alicui
1353 5251 1414 5294 ut
1443 5250 1706 5310 operetur
1749 5238 1958 5307 absque
1989 5251 2088 5290 ua-

515 5349 662 5401 tnra,
725 5346 821 5392 aut
884 5344 944 5390 ut
991 5336 1113 5405 ejus
1174 5333 1444 5403 praeditus
1499 5332 1764 5387 facultate
1808 5330 2088 5385 exsistat?

515 5431 831 5497 Libensquc
872 5444 939 5483 ex
978 5427 1046 5480 iis
1098 5424 1445 5495 quaesierim,
1515 5439 1648 5477 num
1695 5431 1757 5475 ut
1809 5421 2089 5477 naturales

517 5522 870 5590 operationes
924 5519 1267 5583 interimant,
1329 5517 1472 5571 hanc
1537 5517 1828 5588 objiciunt,
1873 5514 2090 5570 necne?

519 5612 577 5667 Si
624 5613 772 5668 enim
829 5622 889 5666 ut
948 5611 1288 5678 interimant,
1334 5610 1635 5681 quomodo,
1671 5609 1918 5680 qualisve
1967 5618 2088 5662 tan-

604 5778 627 5814 ⁸
657 5779 848 5836 Matth.
880 5799 1025 5845 xxvi,
1053 5783 1143 5839 '59.

2285 4605 2502 4656 Ἐπεισι
2533 4602 2590 4655 δέ
2624 4619 2714 4672 μοι
2754 4603 3059 4674 θαυμάζειν
3091 4607 3184 4660 καὶ
3212 4607 3344 4677 περὶ
3373 4607 3665 4678 ἐνεργείας,
3697 4606 3777 4669 ὡς

2211 4694 2340 4765 μίαν
2371 4694 2576 4762 ταύτην
2607 4694 2702 4746 ἐπὶ
2737 4695 2977 4764 Χριστοῦ
3005 4696 3413 4766 δογματίζουσι,
3445 4701 3513 4768 τῇ
3561 4697 3688 4766 πρὸς
3713 4697 3773 4747 τὸ

2208 4785 2430 4854 ἄτομον,
2453 4785 2528 4848 ὼς
2562 4785 2716 4838 αύτοί
2778 4803 2962 4854 φασιν,
2990 4787 3366 4858 ἀποσκοπήσει
3389 4788 3483 4840 καὶ
3511 4787 3768 4856 ἀναφορᾷ.

2169 4897 2175 4902 ·
2209 4875 2318 4927 Καὶ
2344 4874 2430 4927 ἵνα
2465 4874 2622 4943 παρῶ
2652 4875 2853 4942 λέγειν,
2886 4876 2962 4938 ὼς
3001 4875 3152 4928 οὐδὲν
3184 4876 3291 4929 τῶν
3321 4877 3567 4946 φυσικῶν
3595 4875 3661 4936 ὡς
3690 4875 3770 4936 εἰς

2208 4967 2410 5035 ἄτομον
2461 4964 2910 5035 προηγουμένως,
2957 4966 3094 5019 ἀλλά
3139 4966 3238 5036 τὴν
3289 4967 3482 5021 τούτου
3533 4967 3681 5035 φύσιν
3709 4977 3772 5014 τε

2209 5058 2305 5110 καὶ
2329 5056 2516 5110 οὐσίαν
2567 5055 2681 5125 ἔχει
2729 5058 2828 5127 τὴν
2888 5057 3187 5126 ἀναφοράν.
3224 5058 3321 5120 Τίς
3357 5057 3470 5128 γὰρ
3507 5057 3624 5111 ἄνευ
3651 5055 3770 5104 τῶν

2209 5149 2455 5218 φυσικῶς
2508 5149 2820 5219 προσόντων
2870 5153 2935 5220 τῇ
2974 5150 3134 5217 φύσει
3183 5150 3486 5220 δυνάμεων,
3529 5146 3764 5213 ἐνεργεῖν

2207 5259 2260 5295 τι
2289 5241 2490 5294 δύναιτ’
2517 5241 2612 5305 ᾶν;
2649 5239 2681 5311 ἢ
2707 5241 2870 5294 πόθεν
2895 5241 3047 5312 αὐτῷ
3072 5242 3133 5294 τὸ
3163 5241 3460 5312 ἑνεργεῑνῆ
3491 5233 3761 5296 δύνασθαι,

2167 5363 2174 5370 ι
2209 5331 2386 5404 πάρεξ
2413 5331 2514 5402 τῆς
2552 5333 2808 5399 «passing;
2853 5333 3064 5385 Ἐκεῖνο
3089 5333 3146 5385 δὲ
3180 5332 3454 5402 ἐρωτῆσαι
3488 5328 3764 5398 βούλομαι·

2212 5425 2352 5495 Πρὸς
2383 5425 2662 5495 ἀναίρεσιν
2702 5425 2809 5492 ἄρα
2836 5422 2943 5476 τῶν
2974 5422 3221 5492 φυσικῶν
3252 5421 3533 5492 ἐνεργειῶν
3561 5415 3768 5483 ταύτην

2165 5547 2170 5549 ·
2215 5513 2555 5583 προΐσχοντο,
2593 5513 2626 5584 ἢ
2665 5513 2756 5580 τί;
2787 5513 2850 5567 El.
2886 5512 2993 5582 γὰρ
3019 5513 3106 5564 ἐπ’
3131 5512 3428 5580 ἀναιρέσει,
3471 5509 3594 5568 πῶς,
3623 5504 3763 5555 πότε

2210 5604 2306 5657 καὶ
2342 5606 2470 5656 ποῖα
2499 5605 2640 5658 κατὰ
2667 5603 2768 5675 τὴν
2797 5602 3020 5658 ἐκείνων
3049 5603 3363 5657 ἀπόπαυσιν
3396 5601 3476 5672 εἴη
3503 5598 3557 5651 τὸ
3584 5594 3764 5662 παρά-
