  <div class='ocr_page' id='page_1' title='image "/cluster/home/n/w/nwhite01/storage/ocr_20150623/130/mdp.39015078384255/574.png"; bbox 0 0 4052 6292; ppageno 0'>
   <div class='ocr_carea' id='block_1_1' title="bbox 336 382 468 448">
    <p class='ocr_par' dir='ltr' id='par_1_1' title="bbox 336 382 468 448">
     <span class='ocr_line' id='line_1_1' title="bbox 336 382 468 448; baseline -0.015 0"><span class='ocrx_word' id='word_1_1' title='bbox 336 382 468 448; x_wconf 78' lang='lat'><strong>1133</strong></span> 
     </span>
    </p>
   </div>
   <div class='ocr_carea' id='block_1_2' title="bbox 1301 387 2642 454">
    <p class='ocr_par' dir='ltr' id='par_1_2' title="bbox 1301 387 2642 454">
     <span class='ocr_line' id='line_1_2' title="bbox 1301 387 2642 454; baseline -0.003 -2"><span class='ocrx_word' id='word_1_2' title='bbox 1301 392 1671 454; x_wconf 72' lang='lat' dir='ltr'><strong>PANOPLIA</strong></span> <span class='ocrx_word' id='word_1_3' title='bbox 1712 391 2162 454; x_wconf 68' lang='lat' dir='ltr'><strong>DOGMATICA.</strong></span> <span class='ocrx_word' id='word_1_4' title='bbox 2199 415 2266 426; x_wconf 87' lang='grc'><strong><em>--</em></strong></span> <span class='ocrx_word' id='word_1_5' title='bbox 2300 391 2449 452; x_wconf 80' lang='grc' dir='ltr'><strong>ῚῚΤ.</strong></span> <span class='ocrx_word' id='word_1_6' title='bbox 2486 387 2642 450; x_wconf 76' lang='lat' dir='ltr'><strong>XXI.</strong></span> 
     </span>
    </p>
   </div>
   <div class='ocr_carea' id='block_1_3' title="bbox 3442 386 3581 452">
    <p class='ocr_par' dir='ltr' id='par_1_3' title="bbox 3442 386 3581 452">
     <span class='ocr_line' id='line_1_3' title="bbox 3442 386 3581 452; baseline -0.007 -2"><span class='ocrx_word' id='word_1_7' title='bbox 3442 386 3581 452; x_wconf 66' lang='grc'><strong>1134</strong></span> 
     </span>
    </p>
   </div>
   <div class='ocr_carea' id='block_1_4' title="bbox 331 495 1898 572">
    <p class='ocr_par' dir='ltr' id='par_1_4' title="bbox 331 500 1898 572">
     <span class='ocr_line' id='line_1_4' title="bbox 331 500 1898 572; baseline 0.003 -19"><span class='ocrx_word' id='word_1_8' title='bbox 331 517 431 553; x_wconf 69' lang='grc' dir='ltr'><strong>παν</strong></span> <span class='ocrx_word' id='word_1_9' title='bbox 455 500 743 572; x_wconf 84' lang='grc' dir='ltr'>ἐνέργεια;</span> <span class='ocrx_word' id='word_1_10' title='bbox 778 502 852 566; x_wconf 84' lang='grc' dir='ltr'><strong>ὡς</strong></span> <span class='ocrx_word' id='word_1_11' title='bbox 877 501 987 572; x_wconf 75' lang='grc' dir='ltr'><strong>γὰρ</strong></span> <span class='ocrx_word' id='word_1_12' title='bbox 1018 503 1236 569; x_wconf 79' lang='grc' dir='ltr'>φύσεων</span> <span class='ocrx_word' id='word_1_13' title='bbox 1268 507 1366 560; x_wconf 86' lang='grc' dir='ltr'><strong>οὐκ</strong></span> <span class='ocrx_word' id='word_1_14' title='bbox 1401 505 1598 569; x_wconf 80' lang='grc' dir='ltr'>οὐσῶν,</span> <span class='ocrx_word' id='word_1_15' title='bbox 1631 508 1724 558; x_wconf 73' lang='grc' dir='ltr'><strong>καὶ</strong></span> <span class='ocrx_word' id='word_1_16' title='bbox 1759 507 1820 558; x_wconf 81' lang='grc' dir='ltr'>τὸ</span> <span class='ocrx_word' id='word_1_17' title='bbox 1849 506 1898 570; x_wconf 76' lang='grc' dir='ltr'>ἐξ</span> 
     </span>
    </p>
   </div>
   <div class='ocr_carea' id='block_1_5' title="bbox 2001 495 3582 572">
    <p class='ocr_par' dir='ltr' id='par_1_5' title="bbox 2013 495 3582 569">
     <span class='ocr_line' id='line_1_5' title="bbox 2013 495 3582 569; baseline 0 -15"><span class='ocrx_word' id='word_1_18' title='bbox 2013 506 2154 566; x_wconf 63' lang='lat' dir='ltr'><strong>«lem,</strong></span> <span class='ocrx_word' id='word_1_19' title='bbox 2187 501 2290 556; x_wconf 85' lang='lat' dir='ltr'><strong>illis</strong></span> <span class='ocrx_word' id='word_1_20' title='bbox 2313 499 2583 556; x_wconf 89' lang='lat' dir='ltr'><strong>submotis</strong></span> <span class='ocrx_word' id='word_1_21' title='bbox 2616 512 2678 551; x_wconf 86' lang='lat' dir='ltr'><strong>ac</strong></span> <span class='ocrx_word' id='word_1_22' title='bbox 2701 495 3000 566; x_wconf 75' lang='lat' dir='ltr'><strong>abrogatis,</strong></span> <span class='ocrx_word' id='word_1_23' title='bbox 3035 495 3216 552; x_wconf 88' lang='lat' dir='ltr'><strong>futura</strong></span> <span class='ocrx_word' id='word_1_24' title='bbox 3294 501 3582 569; x_wconf 72' lang='lat' dir='ltr'><strong>operatio?</strong></span> 
     </span>
    </p>
   </div>
   <div class='ocr_carea' id='block_1_6' title="bbox 330 593 1893 665">
    <p class='ocr_par' dir='ltr' id='par_1_6' title="bbox 330 593 1893 665">
     <span class='ocr_line' id='line_1_6' title="bbox 330 593 1893 665; baseline 0.001 -17"><span class='ocrx_word' id='word_1_25' title='bbox 330 593 846 659; x_wconf 75' lang='grc' dir='ltr'>αὐτωνάφανίζεται</span> <span class='ocrx_word' id='word_1_26' title='bbox 883 595 1126 657; x_wconf 69' lang='grc' dir='ltr'>πάτως,</span> <span class='ocrx_word' id='word_1_27' title='bbox 1156 597 1188 665; x_wconf 76' lang='grc' dir='ltr'><strong>ἡ</strong></span> <span class='ocrx_word' id='word_1_28' title='bbox 1223 594 1476 658; x_wconf 74' lang='grc' dir='ltr'>σύνθετος</span> <span class='ocrx_word' id='word_1_29' title='bbox 1497 597 1638 663; x_wconf 80' lang='grc' dir='ltr'>λέγω</span> <span class='ocrx_word' id='word_1_30' title='bbox 1655 595 1893 650; x_wconf 79' lang='grc' dir='ltr'>ὑπόστα-</span> 
     </span>
    </p>
   </div>
   <div class='ocr_carea' id='block_1_7' title="bbox 335 684 1889 758">
    <p class='ocr_par' dir='ltr' id='par_1_7' title="bbox 335 684 1889 758">
     <span class='ocr_line' id='line_1_7' title="bbox 335 684 1889 758; baseline 0.001 -19"><span class='ocrx_word' id='word_1_31' title='bbox 335 704 436 749; x_wconf 89' lang='grc' dir='ltr'><strong>σις⁹</strong></span> <span class='ocrx_word' id='word_1_32' title='bbox 463 684 607 740; x_wconf 77' lang='grc' dir='ltr'>οὕτω</span> <span class='ocrx_word' id='word_1_33' title='bbox 635 686 730 738; x_wconf 83' lang='grc' dir='ltr'>καὶ</span> <span class='ocrx_word' id='word_1_34' title='bbox 757 686 868 738; x_wconf 85' lang='grc' dir='ltr'><strong>τῶν</strong></span> <span class='ocrx_word' id='word_1_35' title='bbox 911 687 1158 754; x_wconf 79' lang='grc' dir='ltr'>φυσικῶν</span> <span class='ocrx_word' id='word_1_36' title='bbox 1202 687 1503 758; x_wconf 76' lang='grc' dir='ltr'><strong>ἐνεργειῶν</strong></span> <span class='ocrx_word' id='word_1_37' title='bbox 1537 689 1637 740; x_wconf 68' lang='grc' dir='ltr'><strong>οὐκ</strong></span> <span class='ocrx_word' id='word_1_38' title='bbox 1687 688 1889 752; x_wconf 82' lang='grc' dir='ltr'>οὐσῶν,</span> 
     </span>
    </p>
   </div>
   <div class='ocr_carea' id='block_1_8' title="bbox 331 778 1896 848">
    <p class='ocr_par' dir='ltr' id='par_1_8' title="bbox 331 778 1896 848">
     <span class='ocr_line' id='line_1_8' title="bbox 331 778 1896 848; baseline 0.003 -18"><span class='ocrx_word' id='word_1_39' title='bbox 331 779 436 831; x_wconf 78' lang='grc' dir='ltr'>οὐδ’</span> <span class='ocrx_word' id='word_1_40' title='bbox 470 778 607 847; x_wconf 82' lang='grc' dir='ltr'>άλλη</span> <span class='ocrx_word' id='word_1_41' title='bbox 636 779 697 830; x_wconf 83' lang='grc' dir='ltr'><strong>τὸ</strong></span> <span class='ocrx_word' id='word_1_42' title='bbox 722 778 942 832; x_wconf 83' lang='grc' dir='ltr'>σύνολον</span> <span class='ocrx_word' id='word_1_43' title='bbox 973 779 1148 832; x_wconf 77' lang='grc' dir='ltr'>ἔσται.</span> <span class='ocrx_word' id='word_1_44' title='bbox 1192 781 1300 831; x_wconf 77' lang='grc' dir='ltr'><strong>Καὶ</strong></span> <span class='ocrx_word' id='word_1_45' title='bbox 1333 781 1392 832; x_wconf 90' lang='grc' dir='ltr'><strong>οὑ</strong></span> <span class='ocrx_word' id='word_1_46' title='bbox 1417 780 1564 848; x_wconf 80' lang='grc' dir='ltr'>λέγω</span> <span class='ocrx_word' id='word_1_47' title='bbox 1596 779 1774 842; x_wconf 78' lang='grc' dir='ltr'>τοῦτο,</span> <span class='ocrx_word' id='word_1_48' title='bbox 1822 782 1896 844; x_wconf 86' lang='grc' dir='ltr'>ὼς</span> 
     </span>
    </p>
   </div>
   <div class='ocr_carea' id='block_1_9' title="bbox 332 869 1895 942">
    <p class='ocr_par' dir='ltr' id='par_1_9' title="bbox 332 869 1895 942">
     <span class='ocr_line' id='line_1_9' title="bbox 332 869 1895 942; baseline 0.002 -20"><span class='ocrx_word' id='word_1_49' title='bbox 332 872 495 940; x_wconf 77' lang='grc' dir='ltr'>ἄλλης</span> <span class='ocrx_word' id='word_1_50' title='bbox 541 870 825 942; x_wconf 72' lang='grc' dir='ltr'><strong>ἐνεργείας</strong></span> <span class='ocrx_word' id='word_1_51' title='bbox 879 870 943 923; x_wconf 81' lang='grc' dir='ltr'><strong>ἐκ</strong></span> <span class='ocrx_word' id='word_1_52' title='bbox 1011 869 1122 924; x_wconf 88' lang='grc' dir='ltr'><strong>τῶν</strong></span> <span class='ocrx_word' id='word_1_53' title='bbox 1167 871 1415 939; x_wconf 81' lang='grc' dir='ltr'>φυσικῶν</span> <span class='ocrx_word' id='word_1_54' title='bbox 1471 873 1895 941; x_wconf 75' lang='grc' dir='ltr'><strong>συνισταμένης.</strong></span> 
     </span>
    </p>
   </div>
   <div class='ocr_carea' id='block_1_10' title="bbox 336 960 1898 1033">
    <p class='ocr_par' dir='ltr' id='par_1_10' title="bbox 336 960 1898 1033">
     <span class='ocr_line' id='line_1_10' title="bbox 336 960 1898 1033; baseline 0.004 -21"><span class='ocrx_word' id='word_1_55' title='bbox 336 960 465 1013; x_wconf 84' lang='grc' dir='ltr'>Οὐδέ</span> <span class='ocrx_word' id='word_1_56' title='bbox 510 960 608 1028; x_wconf 85' lang='grc' dir='ltr'><strong>μία</strong></span> <span class='ocrx_word' id='word_1_57' title='bbox 655 961 765 1031; x_wconf 85' lang='grc' dir='ltr'>γὰρ</span> <span class='ocrx_word' id='word_1_58' title='bbox 794 961 903 1013; x_wconf 86' lang='grc' dir='ltr'><strong>τῶν</strong></span> <span class='ocrx_word' id='word_1_59' title='bbox 963 963 1022 1015; x_wconf 81' lang='grc' dir='ltr'><strong>ἐν</strong></span> <span class='ocrx_word' id='word_1_60' title='bbox 1059 962 1409 1033; x_wconf 78' lang='grc' dir='ltr'>ὑποκειμένῳ</span> <span class='ocrx_word' id='word_1_61' title='bbox 1470 963 1739 1027; x_wconf 78' lang='grc' dir='ltr'>σύνθεσις·</span> <span class='ocrx_word' id='word_1_62' title='bbox 1778 967 1898 1019; x_wconf 79' lang='grc' dir='ltr'>Ὀτι</span> 
     </span>
    </p>
   </div>
   <div class='ocr_carea' id='block_1_11' title="bbox 338 1051 1903 1124">
    <p class='ocr_par' dir='ltr' id='par_1_11' title="bbox 338 1051 1903 1124">
     <span class='ocr_line' id='line_1_11' title="bbox 338 1051 1903 1124; baseline -0.001 -18"><span class='ocrx_word' id='word_1_63' title='bbox 338 1053 467 1124; x_wconf 80' lang='grc' dir='ltr'>μηδὲ</span> <span class='ocrx_word' id='word_1_64' title='bbox 491 1051 590 1124; x_wconf 79' lang='grc' dir='ltr'>τὴν</span> <span class='ocrx_word' id='word_1_65' title='bbox 625 1052 749 1105; x_wconf 83' lang='grc' dir='ltr'>καθ’</span> <span class='ocrx_word' id='word_1_66' title='bbox 772 1053 940 1108; x_wconf 77' lang='grc' dir='ltr'>ἑαυτὰ</span> <span class='ocrx_word' id='word_1_67' title='bbox 993 1056 1055 1109; x_wconf 79' lang='grc' dir='ltr'>τὸ</span> <span class='ocrx_word' id='word_1_68' title='bbox 1097 1053 1320 1109; x_wconf 82' lang='grc' dir='ltr'>σύνολον</span> <span class='ocrx_word' id='word_1_69' title='bbox 1361 1055 1620 1124; x_wconf 80' lang='grc' dir='ltr'>ὓπαρξιν,</span> <span class='ocrx_word' id='word_1_70' title='bbox 1675 1056 1812 1108; x_wconf 77' lang='grc' dir='ltr'>ἀ).λά</span> <span class='ocrx_word' id='word_1_71' title='bbox 1845 1057 1903 1106; x_wconf 80' lang='grc' dir='ltr'><strong>τὸ</strong></span> 
     </span>
    </p>
   </div>
   <div class='ocr_carea' id='block_1_12' title="bbox 335 1147 1902 1222">
    <p class='ocr_par' dir='ltr' id='par_1_12' title="bbox 335 1147 1902 1222">
     <span class='ocr_line' id='line_1_12' title="bbox 335 1147 1902 1222; baseline -0.004 -18"><span class='ocrx_word' id='word_1_72' title='bbox 335 1153 534 1204; x_wconf 76' lang='grc' dir='ltr'>εἰκαῖον</span> <span class='ocrx_word' id='word_1_73' title='bbox 567 1151 830 1222; x_wconf 79' lang='grc' dir='ltr'>παριστᾷ.</span> <span class='ocrx_word' id='word_1_74' title='bbox 875 1151 961 1212; x_wconf 80' lang='grc' dir='ltr'>Ὠς</span> <span class='ocrx_word' id='word_1_75' title='bbox 991 1152 1038 1202; x_wconf 82' lang='grc' dir='ltr'>εἰ</span> <span class='ocrx_word' id='word_1_76' title='bbox 1086 1150 1184 1212; x_wconf 73' lang='grc' dir='ltr'><strong>τὰς</strong></span> <span class='ocrx_word' id='word_1_77' title='bbox 1217 1148 1420 1217; x_wconf 82' lang='grc' dir='ltr'><strong>κυρίως</strong></span> <span class='ocrx_word' id='word_1_78' title='bbox 1451 1150 1593 1201; x_wconf 76' lang='grc' dir='ltr'>κατὰ</span> <span class='ocrx_word' id='word_1_79' title='bbox 1619 1150 1782 1216; x_wconf 77' lang='grc' dir='ltr'>φύσιν</span> <span class='ocrx_word' id='word_1_80' title='bbox 1818 1147 1902 1198; x_wconf 78' lang='grc' dir='ltr'>οὐ·</span> 
     </span>
    </p>
   </div>
   <div class='ocr_carea' id='block_1_13' title="bbox 333 1235 1900 1310">
    <p class='ocr_par' dir='ltr' id='par_1_13' title="bbox 333 1235 1900 1310">
     <span class='ocr_line' id='line_1_13' title="bbox 333 1235 1900 1310; baseline -0.004 -15"><span class='ocrx_word' id='word_1_81' title='bbox 333 1260 426 1304; x_wconf 86' lang='grc' dir='ltr'><strong>σας</strong></span> <span class='ocrx_word' id='word_1_82' title='bbox 455 1241 554 1294; x_wconf 86' lang='grc' dir='ltr'><strong>οὐκ</strong></span> <span class='ocrx_word' id='word_1_83' title='bbox 577 1235 716 1294; x_wconf 78' lang='grc' dir='ltr'>εἶναι</span> <span class='ocrx_word' id='word_1_84' title='bbox 736 1239 975 1309; x_wconf 81' lang='grc' dir='ltr'>λέγουσι,</span> <span class='ocrx_word' id='word_1_85' title='bbox 1017 1239 1134 1304; x_wconf 88' lang='grc' dir='ltr'><strong>πῶς</strong></span> <span class='ocrx_word' id='word_1_86' title='bbox 1169 1239 1400 1310; x_wconf 82' lang='grc' dir='ltr'>ὑπάρξει</span> <span class='ocrx_word' id='word_1_87' title='bbox 1427 1239 1488 1292; x_wconf 80' lang='grc' dir='ltr'><strong>τὸ</strong></span> <span class='ocrx_word' id='word_1_88' title='bbox 1521 1239 1786 1309; x_wconf 83' lang='grc' dir='ltr'><strong>μηδαμῶς</strong></span> <span class='ocrx_word' id='word_1_89' title='bbox 1812 1237 1900 1304; x_wconf 73' lang='lat' dir='ltr'><strong>6v;</strong></span> 
     </span>
    </p>
   </div>
   <div class='ocr_carea' id='block_1_14' title="bbox 333 1329 1903 1403">
    <p class='ocr_par' dir='ltr' id='par_1_14' title="bbox 333 1329 1903 1403">
     <span class='ocr_line' id='line_1_14' title="bbox 333 1329 1903 1403; baseline -0.001 -19"><span class='ocrx_word' id='word_1_90' title='bbox 333 1333 423 1395; x_wconf 80' lang='grc' dir='ltr'><strong>Τίς</strong></span> <span class='ocrx_word' id='word_1_91' title='bbox 452 1333 560 1403; x_wconf 87' lang='grc' dir='ltr'><strong>γάρ</strong></span> <span class='ocrx_word' id='word_1_92' title='bbox 589 1335 703 1386; x_wconf 83' lang='grc' dir='ltr'>ἐστι</span> <span class='ocrx_word' id='word_1_93' title='bbox 733 1333 1105 1402; x_wconf 79' lang='grc' dir='ltr'>ὑποστατικὴν</span> <span class='ocrx_word' id='word_1_94' title='bbox 1139 1333 1315 1399; x_wconf 82' lang='grc' dir='ltr'>λέγων</span> <span class='ocrx_word' id='word_1_95' title='bbox 1344 1332 1649 1401; x_wconf 82' lang='grc' dir='ltr'>ἐνέργειαν,</span> <span class='ocrx_word' id='word_1_96' title='bbox 1677 1331 1769 1383; x_wconf 74' lang='grc' dir='ltr'><strong>καὶ</strong></span> <span class='ocrx_word' id='word_1_97' title='bbox 1803 1329 1903 1382; x_wconf 86' lang='grc' dir='ltr'><strong>πό-</strong></span> 
     </span>
    </p>
   </div>
   <div class='ocr_carea' id='block_1_15' title="bbox 333 1421 1898 1494">
    <p class='ocr_par' dir='ltr' id='par_1_15' title="bbox 333 1421 1898 1494">
     <span class='ocr_line' id='line_1_15' title="bbox 333 1421 1898 1494; baseline -0.001 -18"><span class='ocrx_word' id='word_1_98' title='bbox 333 1425 420 1477; x_wconf 85' lang='grc' dir='ltr'><strong>οεν</strong></span> <span class='ocrx_word' id='word_1_99' title='bbox 449 1424 626 1489; x_wconf 84' lang='grc' dir='ltr'>τοῦτο,</span> <span class='ocrx_word' id='word_1_100' title='bbox 659 1426 752 1478; x_wconf 81' lang='grc' dir='ltr'><strong>καὶ</strong></span> <span class='ocrx_word' id='word_1_101' title='bbox 795 1426 944 1494; x_wconf 78' lang='grc' dir='ltr'>παρὰ</span> <span class='ocrx_word' id='word_1_102' title='bbox 990 1425 1134 1488; x_wconf 89' lang='grc' dir='ltr'>τίνος</span> <span class='ocrx_word' id='word_1_103' title='bbox 1181 1423 1436 1487; x_wconf 77' lang='grc' dir='ltr'>λαϐόντες</span> <span class='ocrx_word' id='word_1_104' title='bbox 1467 1421 1898 1493; x_wconf 80' lang='grc' dir='ltr'>προσφέρουσινς</span> 
     </span>
    </p>
   </div>
   <div class='ocr_carea' id='block_1_16' title="bbox 333 1513 1900 1585">
    <p class='ocr_par' dir='ltr' id='par_1_16' title="bbox 333 1513 1900 1585">
     <span class='ocr_line' id='line_1_16' title="bbox 333 1513 1900 1585; baseline -0.001 -18"><span class='ocrx_word' id='word_1_105' title='bbox 333 1518 390 1568; x_wconf 84' lang='grc' dir='ltr'><strong>Εἰ</strong></span> <span class='ocrx_word' id='word_1_106' title='bbox 421 1517 478 1568; x_wconf 83' lang='grc' dir='ltr'><strong>δέ</strong></span> <span class='ocrx_word' id='word_1_107' title='bbox 587 1517 742 1570; x_wconf 86' lang='grc' dir='ltr'>τοῦτο</span> <span class='ocrx_word' id='word_1_108' title='bbox 772 1517 933 1585; x_wconf 83' lang='grc' dir='ltr'>τυχὸν</span> <span class='ocrx_word' id='word_1_109' title='bbox 968 1515 1384 1583; x_wconf 84' lang='grc' dir='ltr'>ἀποφαίνονται,</span> <span class='ocrx_word' id='word_1_110' title='bbox 1428 1513 1681 1566; x_wconf 81' lang='grc' dir='ltr'>σύνθετον</span> <span class='ocrx_word' id='word_1_111' title='bbox 1720 1513 1776 1566; x_wconf 88' lang='grc' dir='ltr'><strong>δέ</strong></span> <span class='ocrx_word' id='word_1_112' title='bbox 1804 1513 1900 1584; x_wconf 86' lang='grc' dir='ltr'>τὴν</span> 
     </span>
    </p>
   </div>
   <div class='ocr_carea' id='block_1_17' title="bbox 333 1605 1901 1680">
    <p class='ocr_par' dir='ltr' id='par_1_17' title="bbox 333 1605 1901 1680">
     <span class='ocr_line' id='line_1_17' title="bbox 333 1605 1901 1680; baseline -0.003 -18"><span class='ocrx_word' id='word_1_113' title='bbox 333 1611 628 1662; x_wconf 77' lang='grc' dir='ltr'>ὑπόστασιν</span> <span class='ocrx_word' id='word_1_114' title='bbox 659 1609 982 1680; x_wconf 80' lang='grc' dir='ltr'>ὁμολογοῦσι</span> <span class='ocrx_word' id='word_1_115' title='bbox 1019 1609 1156 1679; x_wconf 77' lang='grc' dir='ltr'>πρὸς</span> <span class='ocrx_word' id='word_1_116' title='bbox 1183 1609 1250 1679; x_wconf 82' lang='grc' dir='ltr'>ἣν</span> <span class='ocrx_word' id='word_1_117' title='bbox 1291 1607 1644 1676; x_wconf 80' lang='grc' dir='ltr'>ἀναφέρεται,</span> <span class='ocrx_word' id='word_1_118' title='bbox 1668 1607 1761 1658; x_wconf 72' lang='grc' dir='ltr'><strong>καὶ</strong></span> <span class='ocrx_word' id='word_1_119' title='bbox 1793 1605 1901 1658; x_wconf 86' lang='grc' dir='ltr'><strong>τῶν</strong></span> 
     </span>
    </p>
   </div>
   <div class='ocr_carea' id='block_1_18' title="bbox 333 1684 1899 1769">
    <p class='ocr_par' dir='ltr' id='par_1_18' title="bbox 333 1684 1899 1769">
     <span class='ocr_line' id='line_1_18' title="bbox 333 1684 1899 1769; baseline -0.003 -17"><span class='ocrx_word' id='word_1_120' title='bbox 333 1701 590 1753; x_wconf 84' lang='grc' dir='ltr'>ἐναντίων</span> <span class='ocrx_word' id='word_1_121' title='bbox 649 1702 742 1754; x_wconf 71' lang='grc' dir='ltr'><strong>καὶ</strong></span> <span class='ocrx_word' id='word_1_122' title='bbox 792 1684 1201 1769; x_wconf 54' lang='grc' dir='ltr'>ἀντικειμένων·</span> <span class='ocrx_word' id='word_1_123' title='bbox 1237 1699 1514 1768; x_wconf 83' lang='grc' dir='ltr'>δεκτικήν’</span> <span class='ocrx_word' id='word_1_124' title='bbox 1562 1695 1763 1766; x_wconf 82' lang='grc' dir='ltr'>θνητὴν</span> <span class='ocrx_word' id='word_1_125' title='bbox 1791 1696 1899 1766; x_wconf 78' lang='grc' dir='ltr'>γὰρ</span> 
     </span>
    </p>
   </div>
   <div class='ocr_carea' id='block_1_19' title="bbox 333 1788 1900 1863">
    <p class='ocr_par' dir='ltr' id='par_1_19' title="bbox 333 1788 1900 1863">
     <span class='ocr_line' id='line_1_19' title="bbox 333 1788 1900 1863; baseline -0.003 -19"><span class='ocrx_word' id='word_1_126' title='bbox 333 1793 422 1844; x_wconf 79' lang='grc' dir='ltr'><strong>καὶ</strong></span> <span class='ocrx_word' id='word_1_127' title='bbox 454 1791 742 1860; x_wconf 75' lang='grc' dir='ltr'>ἀθάνατον,</span> <span class='ocrx_word' id='word_1_128' title='bbox 809 1793 1014 1863; x_wconf 79' lang='grc' dir='ltr'>δρατὴν</span> <span class='ocrx_word' id='word_1_129' title='bbox 1069 1792 1162 1845; x_wconf 70' lang='grc' dir='ltr'>καὶ</span> <span class='ocrx_word' id='word_1_130' title='bbox 1214 1791 1468 1859; x_wconf 84' lang='grc' dir='ltr'>ἀόρατον,</span> <span class='ocrx_word' id='word_1_131' title='bbox 1496 1788 1900 1860; x_wconf 69' lang='grc' dir='ltr'>ιπεριγραπτὴν</span> 
     </span>
    </p>
   </div>
   <div class='ocr_carea' id='block_1_20' title="bbox 2005 591 3578 660">
    <p class='ocr_par' dir='ltr' id='par_1_20' title="bbox 2005 591 3578 660">
     <span class='ocr_line' id='line_1_20' title="bbox 2005 591 3578 660; baseline -0.003 -8"><span class='ocrx_word' id='word_1_132' title='bbox 2005 595 2140 652; x_wconf 81' lang='lat' dir='ltr'><strong>Nam</strong></span> <span class='ocrx_word' id='word_1_133' title='bbox 2173 594 2313 649; x_wconf 86' lang='lat' dir='ltr'><strong>sicut</strong></span> <span class='ocrx_word' id='word_1_134' title='bbox 2342 593 2551 646; x_wconf 89' lang='lat' dir='ltr'><strong>naturis</strong></span> <span class='ocrx_word' id='word_1_135' title='bbox 2584 605 2690 643; x_wconf 90' lang='lat' dir='ltr'><strong>non</strong></span> <span class='ocrx_word' id='word_1_136' title='bbox 2749 591 3136 644; x_wconf 80' lang='lat' dir='ltr'><strong>exsisteutihus</strong></span> <span class='ocrx_word' id='word_1_137' title='bbox 3163 605 3385 660; x_wconf 82' lang='lat' dir='ltr'><strong>prorsus</strong></span> <span class='ocrx_word' id='word_1_138' title='bbox 3415 597 3578 648; x_wconf 81' lang='lat' dir='ltr'><strong>etiam</strong></span> 
     </span>
    </p>
   </div>
   <div class='ocr_carea' id='block_1_21' title="bbox 2006 681 3580 754">
    <p class='ocr_par' dir='ltr' id='par_1_21' title="bbox 2006 681 3580 754">
     <span class='ocr_line' id='line_1_21' title="bbox 2006 681 3580 754; baseline -0.001 -12"><span class='ocrx_word' id='word_1_139' title='bbox 2006 702 2229 744; x_wconf 83' lang='lat' dir='ltr'><strong>necesse</strong></span> <span class='ocrx_word' id='word_1_140' title='bbox 2286 698 2364 741; x_wconf 89' lang='lat' dir='ltr'><strong>est</strong></span> <span class='ocrx_word' id='word_1_141' title='bbox 2423 685 2626 740; x_wconf 79' lang='lat' dir='ltr'><strong>aboleri</strong></span> <span class='ocrx_word' id='word_1_142' title='bbox 2681 683 2824 752; x_wconf 90' lang='lat' dir='ltr'><strong>quod</strong></span> <span class='ocrx_word' id='word_1_143' title='bbox 2884 698 2950 735; x_wconf 80' lang='lat' dir='ltr'><strong>ex</strong></span> <span class='ocrx_word' id='word_1_144' title='bbox 2997 682 3077 737; x_wconf 90' lang='lat' dir='ltr'><strong>eis</strong></span> <span class='ocrx_word' id='word_1_145' title='bbox 3131 693 3212 738; x_wconf 88' lang='lat' dir='ltr'><strong>est</strong></span> <span class='ocrx_word' id='word_1_146' title='bbox 3268 681 3580 754; x_wconf 79' lang='lat' dir='ltr'><strong>(personant</strong></span> 
     </span>
    </p>
   </div>
   <div class='ocr_carea' id='block_1_22' title="bbox 2003 775 3584 847">
    <p class='ocr_par' dir='ltr' id='par_1_22' title="bbox 2003 775 3584 847">
     <span class='ocr_line' id='line_1_22' title="bbox 2003 775 3584 847; baseline -0.001 -13"><span class='ocrx_word' id='word_1_147' title='bbox 2003 780 2209 835; x_wconf 78' lang='lat' dir='ltr'><strong>scilicet</strong></span> <span class='ocrx_word' id='word_1_148' title='bbox 2238 775 2647 847; x_wconf 84' lang='lat' dir='ltr'><strong>compositam),</strong></span> <span class='ocrx_word' id='word_1_149' title='bbox 2690 775 2766 830; x_wconf 89' lang='lat' dir='ltr'><strong>sic</strong></span> <span class='ocrx_word' id='word_1_150' title='bbox 2807 789 3018 844; x_wconf 87' lang='lat' dir='ltr'><strong>quoque</strong></span> <span class='ocrx_word' id='word_1_151' title='bbox 3073 789 3196 830; x_wconf 88' lang='lat' dir='ltr'><strong>cum</strong></span> <span class='ocrx_word' id='word_1_152' title='bbox 3242 792 3342 830; x_wconf 89' lang='lat' dir='ltr'><strong>nou</strong></span> <span class='ocrx_word' id='word_1_153' title='bbox 3369 788 3584 834; x_wconf 80' lang='lat' dir='ltr'><strong>exsent</strong></span> 
     </span>
    </p>
   </div>
   <div class='ocr_carea' id='block_1_23' title="bbox 2003 869 3581 940">
    <p class='ocr_par' dir='ltr' id='par_1_23' title="bbox 2003 869 3581 940">
     <span class='ocr_line' id='line_1_23' title="bbox 2003 869 3581 940; baseline -0.002 -12"><span class='ocrx_word' id='word_1_154' title='bbox 2003 873 2281 928; x_wconf 86' lang='lat' dir='ltr'><strong>naturales</strong></span> <span class='ocrx_word' id='word_1_155' title='bbox 2319 871 2686 940; x_wconf 81' lang='lat' dir='ltr'><strong>Operatioues,</strong></span> <span class='ocrx_word' id='word_1_156' title='bbox 2721 883 2820 922; x_wconf 90' lang='lat' dir='ltr'><strong>nec</strong></span> <span class='ocrx_word' id='word_1_157' title='bbox 2848 869 2952 922; x_wconf 90' lang='lat' dir='ltr'><strong>ulla</strong></span> <span class='ocrx_word' id='word_1_158' title='bbox 3015 869 3116 924; x_wconf 77' lang='lat' dir='ltr'><strong>alia</strong></span> <span class='ocrx_word' id='word_1_159' title='bbox 3142 870 3370 925; x_wconf 90' lang='lat' dir='ltr'><strong>omnino</strong></span> <span class='ocrx_word' id='word_1_160' title='bbox 3403 870 3581 924; x_wconf 81' lang='lat' dir='ltr'><strong>futura</strong></span> 
     </span>
    </p>
   </div>
   <div class='ocr_carea' id='block_1_24' title="bbox 2003 962 3583 1035">
    <p class='ocr_par' dir='ltr' id='par_1_24' title="bbox 2003 962 3583 1035">
     <span class='ocr_line' id='line_1_24' title="bbox 2003 962 3583 1035; baseline -0.004 -13"><span class='ocrx_word' id='word_1_161' title='bbox 2003 976 2105 1022; x_wconf 86' lang='lat' dir='ltr'><strong>est.</strong></span> <span class='ocrx_word' id='word_1_162' title='bbox 2139 965 2324 1035; x_wconf 82' lang='lat' dir='ltr'><strong>Neque</strong></span> <span class='ocrx_word' id='word_1_163' title='bbox 2352 968 2452 1020; x_wconf 90' lang='lat' dir='ltr'><strong>hoc</strong></span> <span class='ocrx_word' id='word_1_164' title='bbox 2484 965 2628 1026; x_wconf 56' lang='lat' dir='ltr'><strong>ilico,</strong></span> <span class='ocrx_word' id='word_1_165' title='bbox 2685 963 2841 1032; x_wconf 83' lang='lat' dir='ltr'><strong>quasi</strong></span> <span class='ocrx_word' id='word_1_166' title='bbox 2882 962 3045 1016; x_wconf 86' lang='lat' dir='ltr'><strong>aliam</strong></span> <span class='ocrx_word' id='word_1_167' title='bbox 3100 978 3166 1018; x_wconf 79' lang='lat' dir='ltr'><strong>ex</strong></span> <span class='ocrx_word' id='word_1_168' title='bbox 3240 963 3583 1016; x_wconf 75' lang='lat' dir='ltr'><strong>naturalibus</strong></span> 
     </span>
    </p>
   </div>
   <div class='ocr_carea' id='block_1_25' title="bbox 2007 1053 3581 1125">
    <p class='ocr_par' dir='ltr' id='par_1_25' title="bbox 2007 1053 3581 1125">
     <span class='ocr_line' id='line_1_25' title="bbox 2007 1053 3581 1125; baseline -0.003 -14"><span class='ocrx_word' id='word_1_169' title='bbox 2007 1057 2346 1111; x_wconf 86' lang='lat' dir='ltr'><strong>conflaudam</strong></span> <span class='ocrx_word' id='word_1_170' title='bbox 2379 1056 2749 1125; x_wconf 83' lang='lat' dir='ltr'><strong>operationem</strong></span> <span class='ocrx_word' id='word_1_171' title='bbox 2783 1054 2961 1109; x_wconf 87' lang='lat' dir='ltr'><strong>velim.</strong></span> <span class='ocrx_word' id='word_1_172' title='bbox 2996 1053 3194 1109; x_wconf 85' lang='lat' dir='ltr'><strong>Eorum</strong></span> <span class='ocrx_word' id='word_1_173' title='bbox 3265 1057 3406 1109; x_wconf 88' lang='lat' dir='ltr'><strong>enim</strong></span> <span class='ocrx_word' id='word_1_174' title='bbox 3459 1069 3581 1122; x_wconf 73' lang='lat' dir='ltr'><strong>quae</strong></span> 
     </span>
    </p>
   </div>
   <div class='ocr_carea' id='block_1_26' title="bbox 2002 1153 3584 1226">
    <p class='ocr_par' dir='ltr' id='par_1_26' title="bbox 2002 1153 3584 1226">
     <span class='ocr_line' id='line_1_26' title="bbox 2002 1153 3584 1226; baseline 0 -20"><span class='ocrx_word' id='word_1_175' title='bbox 2002 1163 2132 1208; x_wconf 83' lang='lat' dir='ltr'><strong>sunt</strong></span> <span class='ocrx_word' id='word_1_176' title='bbox 2168 1155 2234 1216; x_wconf 83' lang='lat' dir='ltr'><strong>in</strong></span> <span class='ocrx_word' id='word_1_177' title='bbox 2285 1155 2556 1224; x_wconf 85' lang='lat' dir='ltr'><strong>subjecto,</strong></span> <span class='ocrx_word' id='word_1_178' title='bbox 2606 1157 2754 1210; x_wconf 91' lang='lat' dir='ltr'><strong>nulla</strong></span> <span class='ocrx_word' id='word_1_179' title='bbox 2787 1166 2870 1211; x_wconf 86' lang='lat' dir='ltr'><strong>est</strong></span> <span class='ocrx_word' id='word_1_180' title='bbox 2900 1157 3262 1226; x_wconf 84' lang='lat' dir='ltr'><strong>compositio;</strong></span> <span class='ocrx_word' id='word_1_181' title='bbox 3299 1153 3446 1224; x_wconf 91' lang='lat' dir='ltr'><strong>quod</strong></span> <span class='ocrx_word' id='word_1_182' title='bbox 3479 1155 3584 1208; x_wconf 90' lang='lat' dir='ltr'><strong>sci-</strong></span> 
     </span>
    </p>
   </div>
   <div class='ocr_carea' id='block_1_27' title="bbox 2002 1243 3585 1318">
    <p class='ocr_par' dir='ltr' id='par_1_27' title="bbox 2002 1243 3585 1318">
     <span class='ocr_line' id='line_1_27' title="bbox 2002 1243 3585 1318; baseline 0.002 -21"><span class='ocrx_word' id='word_1_183' title='bbox 2002 1243 2129 1298; x_wconf 90' lang='lat' dir='ltr'><strong>licet</strong></span> <span class='ocrx_word' id='word_1_184' title='bbox 2165 1259 2276 1298; x_wconf 89' lang='lat' dir='ltr'><strong>non</strong></span> <span class='ocrx_word' id='word_1_185' title='bbox 2315 1245 2431 1315; x_wconf 87' lang='lat' dir='ltr'><strong>ipsa</strong></span> <span class='ocrx_word' id='word_1_186' title='bbox 2473 1263 2599 1302; x_wconf 88' lang='lat' dir='ltr'><strong>vere</strong></span> <span class='ocrx_word' id='word_1_187' title='bbox 2646 1250 2873 1303; x_wconf 87' lang='lat' dir='ltr'><strong>omnino</strong></span> <span class='ocrx_word' id='word_1_188' title='bbox 2926 1265 2989 1303; x_wconf 89' lang='lat' dir='ltr'><strong>ac</strong></span> <span class='ocrx_word' id='word_1_189' title='bbox 3040 1265 3136 1318; x_wconf 89' lang='lat' dir='ltr'><strong>per</strong></span> <span class='ocrx_word' id='word_1_190' title='bbox 3183 1265 3241 1303; x_wconf 92' lang='lat' dir='ltr'><strong>se</strong></span> <span class='ocrx_word' id='word_1_191' title='bbox 3296 1249 3585 1311; x_wconf 77' lang='lat' dir='ltr'><strong>exsistam,</strong></span> 
     </span>
    </p>
   </div>
   <div class='ocr_carea' id='block_1_28' title="bbox 2001 1334 3586 1409">
    <p class='ocr_par' dir='ltr' id='par_1_28' title="bbox 2001 1334 3586 1409">
     <span class='ocr_line' id='line_1_28' title="bbox 2001 1334 3586 1409; baseline 0.001 -21"><span class='ocrx_word' id='word_1_192' title='bbox 2001 1334 2097 1388; x_wconf 88' lang='lat' dir='ltr'><strong>sed</strong></span> <span class='ocrx_word' id='word_1_193' title='bbox 2135 1334 2318 1389; x_wconf 83' lang='lat' dir='ltr'><strong>debile</strong></span> <span class='ocrx_word' id='word_1_194' title='bbox 2345 1337 2628 1407; x_wconf 83' lang='lat' dir='ltr'><strong>quidpiam</strong></span> <span class='ocrx_word' id='word_1_195' title='bbox 2673 1355 2982 1409; x_wconf 86' lang='lat' dir='ltr'><strong>vanumque</strong></span> <span class='ocrx_word' id='word_1_196' title='bbox 3007 1339 3325 1394; x_wconf 75' lang='lat' dir='ltr'><strong>exhibeant.</strong></span> <span class='ocrx_word' id='word_1_197' title='bbox 3355 1337 3586 1403; x_wconf 83' lang='lat' dir='ltr'><strong>Quocir-</strong></span> 
     </span>
    </p>
   </div>
   <div class='ocr_carea' id='block_1_29' title="bbox 2002 1430 3582 1502">
    <p class='ocr_par' dir='ltr' id='par_1_29' title="bbox 2002 1430 3582 1502">
     <span class='ocr_line' id='line_1_29' title="bbox 2002 1430 3582 1502; baseline 0.001 -20"><span class='ocrx_word' id='word_1_198' title='bbox 2002 1443 2061 1481; x_wconf 89' lang='lat' dir='ltr'><strong>ca</strong></span> <span class='ocrx_word' id='word_1_199' title='bbox 2098 1430 2143 1483; x_wconf 88' lang='lat' dir='ltr'><strong>si</strong></span> <span class='ocrx_word' id='word_1_200' title='bbox 2180 1445 2303 1499; x_wconf 65' lang='lat' dir='ltr'><strong>quae</strong></span> <span class='ocrx_word' id='word_1_201' title='bbox 2336 1447 2464 1485; x_wconf 89' lang='lat' dir='ltr'><strong>vere</strong></span> <span class='ocrx_word' id='word_1_202' title='bbox 2491 1442 2624 1486; x_wconf 91' lang='lat' dir='ltr'><strong>sunt</strong></span> <span class='ocrx_word' id='word_1_203' title='bbox 2661 1450 2761 1502; x_wconf 91' lang='lat' dir='ltr'><strong>per</strong></span> <span class='ocrx_word' id='word_1_204' title='bbox 2811 1445 3063 1488; x_wconf 89' lang='lat' dir='ltr'><strong>naturam</strong></span> <span class='ocrx_word' id='word_1_205' title='bbox 3100 1449 3221 1487; x_wconf 91' lang='lat' dir='ltr'><strong>esse</strong></span> <span class='ocrx_word' id='word_1_206' title='bbox 3248 1432 3582 1494; x_wconf 83' lang='lat' dir='ltr'><strong>inticiantur,</strong></span> 
     </span>
    </p>
   </div>
   <div class='ocr_carea' id='block_1_30' title="bbox 2001 1518 3586 1592">
    <p class='ocr_par' dir='ltr' id='par_1_30' title="bbox 2001 1518 3586 1592">
     <span class='ocr_line' id='line_1_30' title="bbox 2001 1518 3586 1592; baseline 0 -20"><span class='ocrx_word' id='word_1_207' title='bbox 2001 1519 2095 1587; x_wconf 88' lang='lat' dir='ltr'><strong>qui</strong></span> <span class='ocrx_word' id='word_1_208' title='bbox 2139 1518 2234 1573; x_wconf 92' lang='lat' dir='ltr'><strong>fiat</strong></span> <span class='ocrx_word' id='word_1_209' title='bbox 2297 1529 2353 1576; x_wconf 89' lang='lat' dir='ltr'><strong>ut</strong></span> <span class='ocrx_word' id='word_1_210' title='bbox 2396 1521 2542 1590; x_wconf 87' lang='lat' dir='ltr'><strong>quod</strong></span> <span class='ocrx_word' id='word_1_211' title='bbox 2614 1539 2882 1592; x_wconf 86' lang='lat' dir='ltr'><strong>nusquam</strong></span> <span class='ocrx_word' id='word_1_212' title='bbox 2938 1523 3144 1592; x_wconf 88' lang='lat' dir='ltr'><strong>aliquid</strong></span> <span class='ocrx_word' id='word_1_213' title='bbox 3200 1531 3306 1585; x_wconf 87' lang='lat' dir='ltr'><strong>est,</strong></span> <span class='ocrx_word' id='word_1_214' title='bbox 3360 1524 3412 1576; x_wconf 82' lang='lat' dir='ltr'><strong>Id</strong></span> <span class='ocrx_word' id='word_1_215' title='bbox 3457 1539 3586 1576; x_wconf 83' lang='lat' dir='ltr'><strong>vero</strong></span> 
     </span>
    </p>
   </div>
   <div class='ocr_carea' id='block_1_31' title="bbox 2003 1610 3586 1684">
    <p class='ocr_par' dir='ltr' id='par_1_31' title="bbox 2003 1610 3586 1684">
     <span class='ocr_line' id='line_1_31' title="bbox 2003 1610 3586 1684; baseline 0.004 -21"><span class='ocrx_word' id='word_1_216' title='bbox 2003 1610 2183 1680; x_wconf 88' lang='lat' dir='ltr'><strong>reipsa</strong></span> <span class='ocrx_word' id='word_1_217' title='bbox 2211 1611 2551 1668; x_wconf 76' lang='lat' dir='ltr'><strong>exsistentite</strong></span> <span class='ocrx_word' id='word_1_218' title='bbox 2580 1629 2804 1684; x_wconf 79' lang='lat' dir='ltr'><strong>compos</strong></span> <span class='ocrx_word' id='word_1_219' title='bbox 2835 1615 3104 1670; x_wconf 76' lang='lat' dir='ltr'><strong>exsistat?</strong></span> <span class='ocrx_word' id='word_1_220' title='bbox 3146 1615 3282 1682; x_wconf 88' lang='lat' dir='ltr'><strong>Quis</strong></span> <span class='ocrx_word' id='word_1_221' title='bbox 3321 1616 3468 1669; x_wconf 91' lang='lat' dir='ltr'><strong>cnim</strong></span> <span class='ocrx_word' id='word_1_222' title='bbox 3505 1624 3586 1669; x_wconf 86' lang='lat' dir='ltr'><strong>est</strong></span> 
     </span>
    </p>
   </div>
   <div class='ocr_carea' id='block_1_32' title="bbox 2002 1702 3586 1772">
    <p class='ocr_par' dir='ltr' id='par_1_32' title="bbox 2002 1702 3586 1772">
     <span class='ocr_line' id='line_1_32' title="bbox 2002 1702 3586 1772; baseline 0.001 -16"><span class='ocrx_word' id='word_1_223' title='bbox 2002 1702 2097 1771; x_wconf 88' lang='lat' dir='ltr'><strong>qui</strong></span> <span class='ocrx_word' id='word_1_224' title='bbox 2151 1704 2496 1772; x_wconf 86' lang='lat' dir='ltr'><strong>personalem</strong></span> <span class='ocrx_word' id='word_1_225' title='bbox 2545 1705 2920 1772; x_wconf 80' lang='lat' dir='ltr'><strong>operationem</strong></span> <span class='ocrx_word' id='word_1_226' title='bbox 2957 1705 3126 1768; x_wconf 85' lang='lat' dir='ltr'><strong>dicat,</strong></span> <span class='ocrx_word' id='word_1_227' title='bbox 3178 1713 3275 1760; x_wconf 90' lang='lat' dir='ltr'><strong>aut</strong></span> <span class='ocrx_word' id='word_1_228' title='bbox 3303 1705 3449 1759; x_wconf 92' lang='lat' dir='ltr'><strong>unde</strong></span> <span class='ocrx_word' id='word_1_229' title='bbox 3482 1706 3586 1758; x_wconf 88' lang='lat' dir='ltr'><strong>hoc</strong></span> 
     </span>
    </p>
   </div>
   <div class='ocr_carea' id='block_1_33' title="bbox 2004 1795 3586 1864">
    <p class='ocr_par' dir='ltr' id='par_1_33' title="bbox 2004 1795 3586 1864">
     <span class='ocr_line' id='line_1_33' title="bbox 2004 1795 3586 1864; baseline 0.001 -18"><span class='ocrx_word' id='word_1_230' title='bbox 2004 1802 2058 1847; x_wconf 89' lang='lat' dir='ltr'><strong>et</strong></span> <span class='ocrx_word' id='word_1_231' title='bbox 2104 1809 2134 1846; x_wconf 88' lang='lat' dir='ltr'><strong>a</strong></span> <span class='ocrx_word' id='word_1_232' title='bbox 2203 1809 2314 1862; x_wconf 88' lang='lat' dir='ltr'><strong>quo</strong></span> <span class='ocrx_word' id='word_1_233' title='bbox 2361 1805 2647 1863; x_wconf 85' lang='lat' dir='ltr'><strong>acceptum</strong></span> <span class='ocrx_word' id='word_1_234' title='bbox 2699 1795 3021 1864; x_wconf 78' lang='lat' dir='ltr'><strong>proferant?</strong></span> <span class='ocrx_word' id='word_1_235' title='bbox 3072 1795 3166 1850; x_wconf 86' lang='lat' dir='ltr'><strong>Sin</strong></span> <span class='ocrx_word' id='word_1_236' title='bbox 3217 1805 3398 1849; x_wconf 89' lang='lat' dir='ltr'><strong>autem</strong></span> <span class='ocrx_word' id='word_1_237' title='bbox 3444 1795 3586 1848; x_wconf 87' lang='lat' dir='ltr'><strong>forte</strong></span> 
     </span>
    </p>
   </div>
   <div class='ocr_carea' id='block_1_34' title="bbox 332 1861 1898 1956">
    <p class='ocr_par' dir='ltr' id='par_1_34' title="bbox 332 1861 1898 1956">
     <span class='ocr_line' id='line_1_34' title="bbox 332 1861 1898 1956; baseline -0.003 -19"><span class='ocrx_word' id='word_1_238' title='bbox 332 1885 422 1938; x_wconf 72' lang='grc' dir='ltr'><strong>καὶ</strong></span> <span class='ocrx_word' id='word_1_239' title='bbox 451 1861 856 1956; x_wconf 75' lang='grc' dir='ltr'>ἀπερίγραφον,</span> <span class='ocrx_word' id='word_1_240' title='bbox 875 1861 1110 1954; x_wconf 77' lang='grc' dir='ltr'>ἄναρχον</span> <span class='ocrx_word' id='word_1_241' title='bbox 1138 1881 1230 1934; x_wconf 73' lang='grc' dir='ltr'>καὶ</span> <span class='ocrx_word' id='word_1_242' title='bbox 1262 1881 1364 1934; x_wconf 78' lang='grc' dir='ltr'><strong>ὑπὸ</strong></span> <span class='ocrx_word' id='word_1_243' title='bbox 1387 1880 1580 1951; x_wconf 86' lang='grc' dir='ltr'>ἀρχὴν,</span> <span class='ocrx_word' id='word_1_244' title='bbox 1600 1883 1751 1934; x_wconf 75' lang='grc' dir='ltr'>ἔσται</span> <span class='ocrx_word' id='word_1_245' title='bbox 1778 1880 1898 1933; x_wconf 78' lang='grc' dir='ltr'>τοῦ·</span> 
     </span>
    </p>
   </div>
   <div class='ocr_carea' id='block_1_35' title="bbox 2001 1861 3581 1956">
    <p class='ocr_par' dir='ltr' id='par_1_35' title="bbox 2006 1883 3581 1956">
     <span class='ocr_line' id='line_1_35' title="bbox 2006 1883 3581 1956; baseline 0 -19"><span class='ocrx_word' id='word_1_246' title='bbox 2006 1883 2152 1937; x_wconf 89' lang='lat' dir='ltr'><strong>istud</strong></span> <span class='ocrx_word' id='word_1_247' title='bbox 2207 1894 2483 1949; x_wconf 82' lang='lat' dir='ltr'><strong>asserunt,</strong></span> <span class='ocrx_word' id='word_1_248' title='bbox 2535 1902 2936 1955; x_wconf 84' lang='lat' dir='ltr'><strong>personamque</strong></span> <span class='ocrx_word' id='word_1_249' title='bbox 2983 1887 3049 1940; x_wconf 92' lang='lat' dir='ltr'><strong>ad</strong></span> <span class='ocrx_word' id='word_1_250' title='bbox 3105 1902 3266 1956; x_wconf 88' lang='lat' dir='ltr'><strong>quam</strong></span> <span class='ocrx_word' id='word_1_251' title='bbox 3323 1886 3581 1947; x_wconf 84' lang='lat' dir='ltr'><strong>refertur,</strong></span> 
     </span>
    </p>
   </div>
   <div class='ocr_carea' id='block_1_36' title="bbox 330 1970 1895 2045">
    <p class='ocr_par' dir='ltr' id='par_1_36' title="bbox 330 1970 1895 2045">
     <span class='ocr_line' id='line_1_36' title="bbox 330 1970 1895 2045; baseline -0.001 -19"><span class='ocrx_word' id='word_1_252' title='bbox 330 1992 392 2027; x_wconf 86' lang='grc' dir='ltr'><strong>το</strong></span> <span class='ocrx_word' id='word_1_253' title='bbox 421 1975 563 2028; x_wconf 82' lang='grc' dir='ltr'>κατὰ</span> <span class='ocrx_word' id='word_1_254' title='bbox 589 1975 650 2029; x_wconf 83' lang='grc' dir='ltr'>τὸ</span> <span class='ocrx_word' id='word_1_255' title='bbox 677 1976 821 2038; x_wconf 82' lang='grc' dir='ltr'>εἰκὸς</span> <span class='ocrx_word' id='word_1_256' title='bbox 854 1975 948 2028; x_wconf 75' lang='grc' dir='ltr'>καὶ</span> <span class='ocrx_word' id='word_1_257' title='bbox 975 1977 1008 2045; x_wconf 80' lang='grc' dir='ltr'><strong>ἡ</strong></span> <span class='ocrx_word' id='word_1_258' title='bbox 1043 1975 1314 2044; x_wconf 83' lang='grc' dir='ltr'>ἐνέργεια.</span> <span class='ocrx_word' id='word_1_259' title='bbox 1349 1974 1459 2026; x_wconf 73' lang='grc' dir='ltr'>Καὶ</span> <span class='ocrx_word' id='word_1_260' title='bbox 1488 1972 1604 2035; x_wconf 86' lang='grc' dir='ltr'><strong>πῶς</strong></span> <span class='ocrx_word' id='word_1_261' title='bbox 1634 1971 1829 2035; x_wconf 77' lang='grc' dir='ltr'>ἄλλως,</span> <span class='ocrx_word' id='word_1_262' title='bbox 1864 1970 1895 2042; x_wconf 76' lang='grc' dir='ltr'>ἢ</span> 
     </span>
    </p>
   </div>
   <div class='ocr_carea' id='block_1_37' title="bbox 331 2058 1896 2140">
    <p class='ocr_par' dir='ltr' id='par_1_37' title="bbox 331 2058 1896 2140">
     <span class='ocr_line' id='line_1_37' title="bbox 331 2058 1896 2140; baseline -0.005 -18"><span class='ocrx_word' id='word_1_263' title='bbox 331 2069 450 2122; x_wconf 82' lang='grc' dir='ltr'>καθ’</span> <span class='ocrx_word' id='word_1_264' title='bbox 467 2068 580 2135; x_wconf 78' lang='grc' dir='ltr'>ἕξιν</span> <span class='ocrx_word' id='word_1_265' title='bbox 604 2067 845 2140; x_wconf 76' lang='grc' dir='ltr'>δηλονότι</span> <span class='ocrx_word' id='word_1_266' title='bbox 871 2068 966 2122; x_wconf 68' lang='grc' dir='ltr'>καὶ</span> <span class='ocrx_word' id='word_1_267' title='bbox 994 2067 1282 2138; x_wconf 83' lang='grc' dir='ltr'>στέρησιν;</span> <span class='ocrx_word' id='word_1_268' title='bbox 1307 2066 1401 2119; x_wconf 74' lang='grc' dir='ltr'><strong>καὶ</strong></span> <span class='ocrx_word' id='word_1_269' title='bbox 1420 2065 1488 2118; x_wconf 75' lang='grc' dir='ltr'>τὰ</span> <span class='ocrx_word' id='word_1_270' title='bbox 1508 2065 1625 2135; x_wconf 82' lang='grc' dir='ltr'>μὲν,</span> <span class='ocrx_word' id='word_1_271' title='bbox 1646 2063 1720 2125; x_wconf 80' lang='grc' dir='ltr'>ὡς</span> <span class='ocrx_word' id='word_1_272' title='bbox 1738 2058 1896 2123; x_wconf 78' lang='grc' dir='ltr'>οὖσα,</span> 
     </span>
    </p>
   </div>
   <div class='ocr_carea' id='block_1_38' title="bbox 331 2150 1900 2228">
    <p class='ocr_par' dir='ltr' id='par_1_38' title="bbox 331 2150 1900 2228">
     <span class='ocr_line' id='line_1_38' title="bbox 331 2150 1900 2228; baseline -0.004 -18"><span class='ocrx_word' id='word_1_273' title='bbox 331 2159 600 2222; x_wconf 84' lang='grc' dir='ltr'>πείσεται,</span> <span class='ocrx_word' id='word_1_274' title='bbox 629 2157 699 2211; x_wconf 85' lang='grc' dir='ltr'>τὰ</span> <span class='ocrx_word' id='word_1_275' title='bbox 728 2158 805 2223; x_wconf 85' lang='grc' dir='ltr'><strong>δέ,</strong></span> <span class='ocrx_word' id='word_1_276' title='bbox 837 2159 912 2220; x_wconf 82' lang='grc' dir='ltr'>ὡς</span> <span class='ocrx_word' id='word_1_277' title='bbox 944 2157 1019 2228; x_wconf 81' lang='grc' dir='ltr'>μὴ</span> <span class='ocrx_word' id='word_1_278' title='bbox 1047 2153 1198 2218; x_wconf 81' lang='grc' dir='ltr'>οὖσα,</span> <span class='ocrx_word' id='word_1_279' title='bbox 1225 2156 1658 2227; x_wconf 81' lang='grc' dir='ltr'>παρυποστήσει.</span> <span class='ocrx_word' id='word_1_280' title='bbox 1693 2152 1817 2216; x_wconf 88' lang='grc' dir='ltr'><strong>Πῶς</strong></span> <span class='ocrx_word' id='word_1_281' title='bbox 1843 2150 1900 2203; x_wconf 83' lang='grc' dir='ltr'>δὲ</span> 
     </span>
    </p>
   </div>
   <div class='ocr_carea' id='block_1_39' title="bbox 330 2243 1900 2320">
    <p class='ocr_par' dir='ltr' id='par_1_39' title="bbox 330 2243 1900 2320">
     <span class='ocr_line' id='line_1_39' title="bbox 330 2243 1900 2320; baseline -0.006 -16"><span class='ocrx_word' id='word_1_282' title='bbox 330 2252 422 2305; x_wconf 77' lang='grc' dir='ltr'>καὶ</span> <span class='ocrx_word' id='word_1_283' title='bbox 453 2252 480 2303; x_wconf 85' lang='grc' dir='ltr'><strong>ὁ</strong></span> <span class='ocrx_word' id='word_1_284' title='bbox 505 2249 763 2320; x_wconf 84' lang='grc' dir='ltr'>τοιαύτην</span> <span class='ocrx_word' id='word_1_285' title='bbox 788 2249 925 2319; x_wconf 77' lang='grc' dir='ltr'>ἔχων</span> <span class='ocrx_word' id='word_1_286' title='bbox 948 2250 1253 2319; x_wconf 76' lang='grc' dir='ltr'>ἐνέργειαν,</span> <span class='ocrx_word' id='word_1_287' title='bbox 1284 2245 1424 2300; x_wconf 86' lang='grc' dir='ltr'><strong>κατά</strong></span> <span class='ocrx_word' id='word_1_288' title='bbox 1452 2245 1512 2298; x_wconf 78' lang='grc' dir='ltr'>τὺ</span> <span class='ocrx_word' id='word_1_289' title='bbox 1534 2244 1664 2298; x_wconf 78' lang='grc' dir='ltr'>αὐτὸ</span> <span class='ocrx_word' id='word_1_290' title='bbox 1684 2243 1777 2296; x_wconf 71' lang='grc' dir='ltr'><strong>καὶ</strong></span> <span class='ocrx_word' id='word_1_291' title='bbox 1801 2243 1900 2295; x_wconf 87' lang='grc' dir='ltr'><strong>οὐκ</strong></span> 
     </span>
    </p>
   </div>
   <div class='ocr_carea' id='block_1_40' title="bbox 330 2335 1897 2412">
    <p class='ocr_par' dir='ltr' id='par_1_40' title="bbox 330 2335 1897 2412">
     <span class='ocr_line' id='line_1_40' title="bbox 330 2335 1897 2412; baseline -0.007 -16"><span class='ocrx_word' id='word_1_292' title='bbox 330 2343 456 2396; x_wconf 80' lang='grc' dir='ltr'>ἄλλο</span> <span class='ocrx_word' id='word_1_293' title='bbox 485 2343 579 2396; x_wconf 75' lang='grc' dir='ltr'><strong>καὶ</strong></span> <span class='ocrx_word' id='word_1_294' title='bbox 607 2341 750 2402; x_wconf 76' lang='grc' dir='ltr'>ἄλλο,</span> <span class='ocrx_word' id='word_1_295' title='bbox 785 2342 867 2394; x_wconf 80' lang='grc' dir='ltr'>ὅτι</span> <span class='ocrx_word' id='word_1_296' title='bbox 903 2339 1035 2412; x_wconf 87' lang='grc' dir='ltr'>μηδὲ</span> <span class='ocrx_word' id='word_1_297' title='bbox 1068 2341 1274 2409; x_wconf 86' lang='grc' dir='ltr'>ἐκείνη,</span> <span class='ocrx_word' id='word_1_298' title='bbox 1309 2338 1375 2392; x_wconf 84' lang='grc' dir='ltr'><strong>τά</strong></span> <span class='ocrx_word' id='word_1_299' title='bbox 1410 2338 1572 2407; x_wconf 82' lang='grc' dir='ltr'>ὃμοια</span> <span class='ocrx_word' id='word_1_300' title='bbox 1610 2335 1897 2397; x_wconf 84' lang='grc' dir='ltr'>πείσεται;</span> 
     </span>
    </p>
   </div>
   <div class='ocr_carea' id='block_1_41' title="bbox 331 2427 1897 2506">
    <p class='ocr_par' dir='ltr' id='par_1_41' title="bbox 331 2427 1897 2506">
     <span class='ocr_line' id='line_1_41' title="bbox 331 2427 1897 2506; baseline -0.004 -17"><span class='ocrx_word' id='word_1_301' title='bbox 331 2435 626 2506; x_wconf 82' lang='grc' dir='ltr'>προσφυῶς</span> <span class='ocrx_word' id='word_1_302' title='bbox 638 2433 743 2503; x_wconf 81' lang='grc' dir='ltr'>γὰρ</span> <span class='ocrx_word' id='word_1_303' title='bbox 759 2433 902 2505; x_wconf 73' lang='grc' dir='ltr'>ἔχειν</span> <span class='ocrx_word' id='word_1_304' title='bbox 915 2436 980 2504; x_wconf 79' lang='grc' dir='ltr'>τῇ</span> <span class='ocrx_word' id='word_1_305' title='bbox 997 2433 1171 2504; x_wconf 72' lang='grc' dir='ltr'>οἰκείᾳ</span> <span class='ocrx_word' id='word_1_306' title='bbox 1185 2433 1371 2501; x_wconf 89' lang='grc' dir='ltr'>ἐνεργε</span> <span class='ocrx_word' id='word_1_307' title='bbox 1382 2432 1434 2502; x_wconf 79' lang='grc' dir='ltr'>ίᾳ</span> <span class='ocrx_word' id='word_1_308' title='bbox 1445 2430 1536 2483; x_wconf 82' lang='grc' dir='ltr'><strong>τὸν</strong></span> <span class='ocrx_word' id='word_1_309' title='bbox 1553 2427 1897 2500; x_wconf 85' lang='grc' dir='ltr'>ἐνεργοῦντα,</span> 
     </span>
    </p>
   </div>
   <div class='ocr_carea' id='block_1_42' title="bbox 331 2521 1898 2599">
    <p class='ocr_par' dir='ltr' id='par_1_42' title="bbox 331 2521 1898 2599">
     <span class='ocr_line' id='line_1_42' title="bbox 331 2521 1898 2599; baseline -0.005 -16"><span class='ocrx_word' id='word_1_310' title='bbox 331 2529 559 2599; x_wconf 84' lang='grc' dir='ltr'>κάκείνη</span> <span class='ocrx_word' id='word_1_311' title='bbox 583 2527 780 2599; x_wconf 79' lang='grc' dir='ltr'>τούτῳ,</span> <span class='ocrx_word' id='word_1_312' title='bbox 812 2529 962 2581; x_wconf 83' lang='grc' dir='ltr'>πᾶσα</span> <span class='ocrx_word' id='word_1_313' title='bbox 989 2527 1224 2596; x_wconf 85' lang='grc' dir='ltr'>ἀνάγκη.</span> <span class='ocrx_word' id='word_1_314' title='bbox 1253 2524 1362 2578; x_wconf 70' lang='grc' dir='ltr'><strong>Καὶ</strong></span> <span class='ocrx_word' id='word_1_315' title='bbox 1391 2525 1504 2586; x_wconf 86' lang='grc' dir='ltr'><strong>πῶς</strong></span> <span class='ocrx_word' id='word_1_316' title='bbox 1536 2522 1692 2587; x_wconf 77' lang='grc' dir='ltr'>Θεὸς,</span> <span class='ocrx_word' id='word_1_317' title='bbox 1721 2523 1748 2576; x_wconf 84' lang='grc' dir='ltr'>ὁ</span> <span class='ocrx_word' id='word_1_318' title='bbox 1768 2521 1898 2583; x_wconf 73' lang='grc' dir='ltr'>ἕξει,</span> 
     </span>
    </p>
   </div>
   <div class='ocr_carea' id='block_1_43' title="bbox 330 2613 1897 2692">
    <p class='ocr_par' dir='ltr' id='par_1_43' title="bbox 330 2613 1897 2692">
     <span class='ocr_line' id='line_1_43' title="bbox 330 2613 1897 2692; baseline -0.006 -19"><span class='ocrx_word' id='word_1_319' title='bbox 330 2621 424 2674; x_wconf 70' lang='grc' dir='ltr'><strong>καὶ</strong></span> <span class='ocrx_word' id='word_1_320' title='bbox 455 2620 530 2692; x_wconf 82' lang='grc' dir='ltr'>μὴ</span> <span class='ocrx_word' id='word_1_321' title='bbox 563 2619 724 2688; x_wconf 79' lang='grc' dir='ltr'>φύσει</span> <span class='ocrx_word' id='word_1_322' title='bbox 752 2617 916 2682; x_wconf 86' lang='grc' dir='ltr'>Θεός;</span> <span class='ocrx_word' id='word_1_323' title='bbox 958 2617 1082 2680; x_wconf 86' lang='grc' dir='ltr'>Πῶς</span> <span class='ocrx_word' id='word_1_324' title='bbox 1113 2616 1171 2668; x_wconf 86' lang='grc' dir='ltr'><strong>δέ</strong></span> <span class='ocrx_word' id='word_1_325' title='bbox 1201 2615 1508 2687; x_wconf 80' lang='grc' dir='ltr'>ἄνθρωπος,</span> <span class='ocrx_word' id='word_1_326' title='bbox 1541 2613 1569 2666; x_wconf 88' lang='grc' dir='ltr'>ὁ</span> <span class='ocrx_word' id='word_1_327' title='bbox 1618 2613 1897 2683; x_wconf 77' lang='grc' dir='ltr'>στερήσει,</span> 
     </span>
    </p>
   </div>
   <div class='ocr_carea' id='block_1_44' title="bbox 328 2702 1902 2782">
    <p class='ocr_par' dir='ltr' id='par_1_44' title="bbox 328 2702 1902 2782">
     <span class='ocr_line' id='line_1_44' title="bbox 328 2702 1902 2782; baseline -0.006 -18"><span class='ocrx_word' id='word_1_328' title='bbox 328 2712 420 2764; x_wconf 80' lang='grc' dir='ltr'><strong>καὶ</strong></span> <span class='ocrx_word' id='word_1_329' title='bbox 457 2711 532 2782; x_wconf 81' lang='grc' dir='ltr'>μὴ</span> <span class='ocrx_word' id='word_1_330' title='bbox 573 2709 732 2781; x_wconf 76' lang='grc' dir='ltr'>οὐσίᾳ</span> <span class='ocrx_word' id='word_1_331' title='bbox 759 2710 964 2781; x_wconf 84' lang='grc' dir='ltr'>κυρίως</span> <span class='ocrx_word' id='word_1_332' title='bbox 990 2709 1148 2762; x_wconf 87' lang='grc' dir='ltr'>τοῦτο</span> <span class='ocrx_word' id='word_1_333' title='bbox 1193 2707 1454 2778; x_wconf 82' lang='grc' dir='ltr'>ὑπάρχων</span> <span class='ocrx_word' id='word_1_334' title='bbox 1481 2724 1496 2773; x_wconf 87' lang='lat'><strong>;</strong></span> <span class='ocrx_word' id='word_1_335' title='bbox 1528 2704 1625 2768; x_wconf 87' lang='grc' dir='ltr'>Τίς</span> <span class='ocrx_word' id='word_1_336' title='bbox 1652 2704 1707 2758; x_wconf 82' lang='grc' dir='ltr'>δὲ</span> <span class='ocrx_word' id='word_1_337' title='bbox 1742 2702 1902 2772; x_wconf 83' lang='grc' dir='ltr'>φύσις</span> 
     </span>
    </p>
   </div>
   <div class='ocr_carea' id='block_1_45' title="bbox 327 2794 1895 2873">
    <p class='ocr_par' dir='ltr' id='par_1_45' title="bbox 327 2794 1895 2873">
     <span class='ocr_line' id='line_1_45' title="bbox 327 2794 1895 2873; baseline -0.004 -18"><span class='ocrx_word' id='word_1_338' title='bbox 327 2800 760 2873; x_wconf 82' lang='grc' dir='ltr'>ἀνενέργητος,ἢ</span> <span class='ocrx_word' id='word_1_339' title='bbox 794 2801 1029 2870; x_wconf 76' lang='grc' dir='ltr'>φυσικῆς</span> <span class='ocrx_word' id='word_1_340' title='bbox 1053 2798 1332 2871; x_wconf 80' lang='grc' dir='ltr'>ἐνεργείας</span> <span class='ocrx_word' id='word_1_341' title='bbox 1365 2797 1519 2860; x_wconf 81' lang='grc' dir='ltr'>ἐκτός</span> <span class='ocrx_word' id='word_1_342' title='bbox 1543 2797 1665 2863; x_wconf 84' lang='grc' dir='ltr'><strong>;⁹Ως</strong></span> <span class='ocrx_word' id='word_1_343' title='bbox 1687 2794 1794 2864; x_wconf 86' lang='grc' dir='ltr'>γὰρ</span> <span class='ocrx_word' id='word_1_344' title='bbox 1811 2794 1895 2848; x_wconf 86' lang='grc' dir='ltr'>οὑ-</span> 
     </span>
    </p>
   </div>
   <div class='ocr_carea' id='block_1_46' title="bbox 325 2889 1900 2962">
    <p class='ocr_par' dir='ltr' id='par_1_46' title="bbox 325 2889 1900 2962">
     <span class='ocr_line' id='line_1_46' title="bbox 325 2889 1900 2962; baseline -0.003 -18"><span class='ocrx_word' id='word_1_345' title='bbox 325 2892 513 2960; x_wconf 86' lang='grc' dir='ltr'>δαμῶς</span> <span class='ocrx_word' id='word_1_346' title='bbox 539 2890 826 2962; x_wconf 77' lang='grc' dir='ltr'>ὑπάρξεως</span> <span class='ocrx_word' id='word_1_347' title='bbox 847 2890 1072 2961; x_wconf 78' lang='grc' dir='ltr'>ἕρημος,</span> <span class='ocrx_word' id='word_1_348' title='bbox 1097 2890 1269 2954; x_wconf 77' lang='grc' dir='ltr'>οὕτως</span> <span class='ocrx_word' id='word_1_349' title='bbox 1291 2890 1409 2943; x_wconf 83' lang='grc' dir='ltr'>οὐδὲ</span> <span class='ocrx_word' id='word_1_350' title='bbox 1429 2889 1712 2959; x_wconf 84' lang='grc' dir='ltr'>δυνάμεως</span> <span class='ocrx_word' id='word_1_351' title='bbox 1735 2905 1900 2957; x_wconf 87' lang='grc' dir='ltr'>φυσι-</span> 
     </span>
    </p>
   </div>
   <div class='ocr_carea' id='block_1_47' title="bbox 327 2981 1902 3055">
    <p class='ocr_par' dir='ltr' id='par_1_47' title="bbox 327 2981 1902 3055">
     <span class='ocr_line' id='line_1_47' title="bbox 327 2981 1902 3055; baseline -0.004 -16"><span class='ocrx_word' id='word_1_352' title='bbox 327 2985 454 3055; x_wconf 81' lang='grc' dir='ltr'>κ-ἧς.</span> <span class='ocrx_word' id='word_1_353' title='bbox 483 2984 627 3038; x_wconf 88' lang='grc' dir='ltr'><strong>Εἱδέ</strong></span> <span class='ocrx_word' id='word_1_354' title='bbox 657 2984 860 3054; x_wconf 81' lang='grc' dir='ltr'>ταύτης</span> <span class='ocrx_word' id='word_1_355' title='bbox 894 2984 1134 3054; x_wconf 84' lang='grc' dir='ltr'>ἀμοιρεῖ,</span> <span class='ocrx_word' id='word_1_356' title='bbox 1178 2984 1274 3036; x_wconf 69' lang='grc' dir='ltr'><strong>καὶ⁵</strong></span> <span class='ocrx_word' id='word_1_357' title='bbox 1302 2985 1400 3051; x_wconf 75' lang='grc' dir='ltr'>τῆς</span> <span class='ocrx_word' id='word_1_358' title='bbox 1430 2981 1714 3052; x_wconf 78' lang='grc' dir='ltr'>ὑπάρξεως</span> <span class='ocrx_word' id='word_1_359' title='bbox 1743 2982 1902 3050; x_wconf 81' lang='grc' dir='ltr'>ἀμοι-</span> 
     </span>
    </p>
   </div>
   <div class='ocr_carea' id='block_1_48' title="bbox 326 3068 1899 3149">
    <p class='ocr_par' dir='ltr' id='par_1_48' title="bbox 326 3068 1899 3149">
     <span class='ocr_line' id='line_1_48' title="bbox 326 3068 1899 3149; baseline -0.008 -18"><span class='ocrx_word' id='word_1_360' title='bbox 326 3079 545 3149; x_wconf 81' lang='grc' dir='ltr'>ρήσειεν</span> <span class='ocrx_word' id='word_1_361' title='bbox 582 3076 668 3130; x_wconf 79' lang='grc' dir='ltr'>ἄν.</span> <span class='ocrx_word' id='word_1_362' title='bbox 718 3077 792 3129; x_wconf 83' lang='grc' dir='ltr'>Τὸ</span> <span class='ocrx_word' id='word_1_363' title='bbox 839 3075 948 3146; x_wconf 84' lang='grc' dir='ltr'><strong>γὰρ</strong></span> <span class='ocrx_word' id='word_1_364' title='bbox 991 3075 1284 3145; x_wconf 87' lang='grc' dir='ltr'>ἀδύναμον,</span> <span class='ocrx_word' id='word_1_365' title='bbox 1328 3073 1403 3136; x_wconf 87' lang='grc' dir='ltr'>ὼς</span> <span class='ocrx_word' id='word_1_366' title='bbox 1451 3071 1679 3143; x_wconf 81' lang='grc' dir='ltr'>ἀδρανὲς</span> <span class='ocrx_word' id='word_1_367' title='bbox 1721 3068 1899 3139; x_wconf 83' lang='grc' dir='ltr'>πάντη</span> 
     </span>
    </p>
   </div>
   <div class='ocr_carea' id='block_1_49' title="bbox 326 3251 1899 3330">
    <p class='ocr_par' dir='ltr' id='par_1_49' title="bbox 326 3251 1899 3330">
     <span class='ocr_line' id='line_1_49' title="bbox 326 3251 1899 3330; baseline -0.005 -18"><span class='ocrx_word' id='word_1_368' title='bbox 326 3259 592 3330; x_wconf 77' lang='grc' dir='ltr'>στατικὴν</span> <span class='ocrx_word' id='word_1_369' title='bbox 624 3257 738 3330; x_wconf 80' lang='grc' dir='ltr'>ἔχει</span> <span class='ocrx_word' id='word_1_370' title='bbox 795 3259 1090 3330; x_wconf 77' lang='grc' dir='ltr'>διαφορὰν,</span> <span class='ocrx_word' id='word_1_371' title='bbox 1135 3259 1235 3330; x_wconf 81' lang='grc' dir='ltr'>τὴν</span> <span class='ocrx_word' id='word_1_372' title='bbox 1287 3257 1528 3327; x_wconf 83' lang='grc' dir='ltr'>ἔμφυτον</span> <span class='ocrx_word' id='word_1_373' title='bbox 1570 3255 1782 3324; x_wconf 88' lang='grc' dir='ltr'>κίνησιν</span> <span class='ocrx_word' id='word_1_374' title='bbox 1819 3251 1899 3323; x_wconf 82' lang='grc' dir='ltr'>τῷ</span> 
     </span>
    </p>
   </div>
   <div class='ocr_carea' id='block_1_50' title="bbox 322 3344 1899 3422">
    <p class='ocr_par' dir='ltr' id='par_1_50' title="bbox 322 3344 1899 3422">
     <span class='ocr_line' id='line_1_50' title="bbox 322 3344 1899 3422; baseline -0.004 -17"><span class='ocrx_word' id='word_1_375' title='bbox 322 3353 478 3421; x_wconf 79' lang='grc' dir='ltr'>γένει</span> <span class='ocrx_word' id='word_1_376' title='bbox 512 3351 1221 3422; x_wconf 80' lang='grc' dir='ltr'>συμπαραλαμϐανομένην,</span> <span class='ocrx_word' id='word_1_377' title='bbox 1255 3352 1348 3402; x_wconf 76' lang='grc' dir='ltr'><strong>καὶ</strong></span> <span class='ocrx_word' id='word_1_378' title='bbox 1374 3347 1633 3402; x_wconf 83' lang='grc' dir='ltr'>ποιοῦσαν</span> <span class='ocrx_word' id='word_1_379' title='bbox 1651 3344 1743 3398; x_wconf 84' lang='grc' dir='ltr'><strong>τοῦ</strong></span> <span class='ocrx_word' id='word_1_380' title='bbox 1770 3345 1899 3398; x_wconf 82' lang='grc' dir='ltr'>ὑπο-</span> 
     </span>
    </p>
   </div>
   <div class='ocr_carea' id='block_1_51' title="bbox 323 3437 1900 3514">
    <p class='ocr_par' dir='ltr' id='par_1_51' title="bbox 323 3437 1900 3514">
     <span class='ocr_line' id='line_1_51' title="bbox 323 3437 1900 3514; baseline -0.006 -17"><span class='ocrx_word' id='word_1_381' title='bbox 323 3446 580 3514; x_wconf 78' lang='grc' dir='ltr'>κειμένου</span> <span class='ocrx_word' id='word_1_382' title='bbox 627 3443 715 3497; x_wconf 76' lang='grc' dir='ltr'>τὸν</span> <span class='ocrx_word' id='word_1_383' title='bbox 754 3444 1012 3514; x_wconf 84' lang='grc' dir='ltr'>ὁρισμὸν,</span> <span class='ocrx_word' id='word_1_384' title='bbox 1059 3443 1126 3495; x_wconf 84' lang='grc' dir='ltr'>δι’</span> <span class='ocrx_word' id='word_1_385' title='bbox 1167 3438 1227 3495; x_wconf 81' lang='grc' dir='ltr'><strong>οὑ</strong></span> <span class='ocrx_word' id='word_1_386' title='bbox 1271 3442 1353 3495; x_wconf 82' lang='grc' dir='ltr'>ὅτι</span> <span class='ocrx_word' id='word_1_387' title='bbox 1391 3439 1508 3494; x_wconf 69' lang='grc' dir='ltr'>ἐστὶ</span> <span class='ocrx_word' id='word_1_388' title='bbox 1553 3439 1648 3493; x_wconf 81' lang='grc' dir='ltr'>καὶ</span> <span class='ocrx_word' id='word_1_389' title='bbox 1685 3437 1737 3490; x_wconf 80' lang='grc' dir='ltr'><strong>τί</strong></span> <span class='ocrx_word' id='word_1_390' title='bbox 1782 3438 1900 3490; x_wconf 88' lang='grc' dir='ltr'>ἐστι</span> 
     </span>
    </p>
   </div>
   <div class='ocr_carea' id='block_1_52' title="bbox 321 3527 1897 3606">
    <p class='ocr_par' dir='ltr' id='par_1_52' title="bbox 321 3527 1897 3606">
     <span class='ocr_line' id='line_1_52' title="bbox 321 3527 1897 3606; baseline -0.006 -17"><span class='ocrx_word' id='word_1_391' title='bbox 321 3533 534 3606; x_wconf 79' lang='grc' dir='ltr'>κυρίως</span> <span class='ocrx_word' id='word_1_392' title='bbox 561 3531 904 3605; x_wconf 75' lang='grc' dir='ltr'>γνωρίζεται,</span> <span class='ocrx_word' id='word_1_393' title='bbox 949 3533 1084 3604; x_wconf 87' lang='grc' dir='ltr'>πρός</span> <span class='ocrx_word' id='word_1_394' title='bbox 1118 3551 1175 3586; x_wconf 90' lang='grc' dir='ltr'><strong>τε</strong></span> <span class='ocrx_word' id='word_1_395' title='bbox 1211 3533 1279 3586; x_wconf 79' lang='grc' dir='ltr'>τὰ</span> <span class='ocrx_word' id='word_1_396' title='bbox 1306 3531 1525 3602; x_wconf 86' lang='grc' dir='ltr'>ὁμοειδῆ</span> <span class='ocrx_word' id='word_1_397' title='bbox 1555 3529 1615 3582; x_wconf 78' lang='grc' dir='ltr'>τὸ</span> <span class='ocrx_word' id='word_1_398' title='bbox 1649 3527 1897 3598; x_wconf 85' lang='grc' dir='ltr'>ἀπαράλ-</span> 
     </span>
    </p>
   </div>
   <div class='ocr_carea' id='block_1_53' title="bbox 319 3617 1898 3696">
    <p class='ocr_par' dir='ltr' id='par_1_53' title="bbox 319 3617 1898 3696">
     <span class='ocr_line' id='line_1_53' title="bbox 319 3617 1898 3696; baseline -0.005 -18"><span class='ocrx_word' id='word_1_399' title='bbox 319 3625 522 3678; x_wconf 84' lang='grc' dir='ltr'>λακτον</span> <span class='ocrx_word' id='word_1_400' title='bbox 556 3625 697 3696; x_wconf 79' lang='grc' dir='ltr'>ἕχον,</span> <span class='ocrx_word' id='word_1_401' title='bbox 741 3625 839 3678; x_wconf 58' lang='grc' dir='ltr'><strong>καί⁵</strong></span> <span class='ocrx_word' id='word_1_402' title='bbox 878 3625 939 3676; x_wconf 85' lang='grc' dir='ltr'><strong>τὸ</strong></span> <span class='ocrx_word' id='word_1_403' title='bbox 990 3623 1244 3694; x_wconf 83' lang='grc' dir='ltr'>διάφορον</span> <span class='ocrx_word' id='word_1_404' title='bbox 1294 3617 1449 3686; x_wconf 81' lang='grc' dir='ltr'>αὖθις</span> <span class='ocrx_word' id='word_1_405' title='bbox 1502 3621 1636 3692; x_wconf 78' lang='grc' dir='ltr'>πρὸς</span> <span class='ocrx_word' id='word_1_406' title='bbox 1683 3619 1752 3672; x_wconf 82' lang='grc' dir='ltr'>τὰ</span> <span class='ocrx_word' id='word_1_407' title='bbox 1781 3621 1898 3671; x_wconf 84' lang='grc' dir='ltr'>ἐτε-</span> 
     </span>
    </p>
   </div>
   <div class='ocr_carea' id='block_1_54' title="bbox 319 3710 1898 3787">
    <p class='ocr_par' dir='ltr' id='par_1_54' title="bbox 319 3710 1898 3787">
     <span class='ocr_line' id='line_1_54' title="bbox 319 3710 1898 3787; baseline -0.004 -19"><span class='ocrx_word' id='word_1_408' title='bbox 319 3715 532 3787; x_wconf 76' lang='grc' dir='ltr'>ροειδῆ·</span> <span class='ocrx_word' id='word_1_409' title='bbox 571 3715 665 3768; x_wconf 76' lang='grc' dir='ltr'><strong>καὶ</strong></span> <span class='ocrx_word' id='word_1_410' title='bbox 716 3717 764 3768; x_wconf 82' lang='grc' dir='ltr'>εἰ</span> <span class='ocrx_word' id='word_1_411' title='bbox 806 3715 984 3780; x_wconf 82' lang='grc' dir='ltr'>τοῦτο,</span> <span class='ocrx_word' id='word_1_412' title='bbox 1034 3714 1149 3776; x_wconf 82' lang='grc' dir='ltr'><strong>πῶς</strong></span> <span class='ocrx_word' id='word_1_413' title='bbox 1184 3713 1409 3766; x_wconf 82' lang='grc' dir='ltr'>δυνατὸν</span> <span class='ocrx_word' id='word_1_414' title='bbox 1441 3713 1641 3781; x_wconf 78' lang='grc' dir='ltr'>φυσικῇ</span> <span class='ocrx_word' id='word_1_415' title='bbox 1675 3710 1898 3778; x_wconf 82' lang='grc' dir='ltr'>δυνάμει</span> 
     </span>
    </p>
   </div>
   <div class='ocr_carea' id='block_1_55' title="bbox 317 3800 1900 3878">
    <p class='ocr_par' dir='ltr' id='par_1_55' title="bbox 317 3800 1900 3878">
     <span class='ocr_line' id='line_1_55' title="bbox 317 3800 1900 3878; baseline -0.005 -18"><span class='ocrx_word' id='word_1_416' title='bbox 317 3807 662 3876; x_wconf 79' lang='grc' dir='ltr'>ἀμοιροῦντα</span> <span class='ocrx_word' id='word_1_417' title='bbox 704 3806 848 3860; x_wconf 85' lang='grc' dir='ltr'>κατὰ</span> <span class='ocrx_word' id='word_1_418' title='bbox 888 3807 1086 3878; x_wconf 84' lang='grc' dir='ltr'>σάρκα,</span> <span class='ocrx_word' id='word_1_419' title='bbox 1125 3807 1216 3858; x_wconf 87' lang='grc' dir='ltr'><strong>τὸν</strong></span> <span class='ocrx_word' id='word_1_420' title='bbox 1259 3803 1757 3874; x_wconf 80' lang='grc' dir='ltr'>ἐνανθρωπήσαντα</span> <span class='ocrx_word' id='word_1_421' title='bbox 1806 3800 1900 3854; x_wconf 80' lang='grc' dir='ltr'><strong>Λό-</strong></span> 
     </span>
    </p>
   </div>
   <div class='ocr_carea' id='block_1_56' title="bbox 317 3889 1901 3965">
    <p class='ocr_par' dir='ltr' id='par_1_56' title="bbox 317 3889 1901 3965">
     <span class='ocr_line' id='line_1_56' title="bbox 317 3889 1901 3965; baseline -0.004 -17"><span class='ocrx_word' id='word_1_422' title='bbox 317 3912 421 3964; x_wconf 90' lang='grc' dir='ltr'><strong>γον</strong></span> <span class='ocrx_word' id='word_1_423' title='bbox 447 3897 734 3965; x_wconf 84' lang='grc' dir='ltr'>ἀνθρωπον</span> <span class='ocrx_word' id='word_1_424' title='bbox 759 3895 984 3959; x_wconf 80' lang='grc' dir='ltr'>τέλειον,</span> <span class='ocrx_word' id='word_1_425' title='bbox 1037 3895 1069 3965; x_wconf 83' lang='grc' dir='ltr'>ἢ</span> <span class='ocrx_word' id='word_1_426' title='bbox 1121 3895 1258 3956; x_wconf 83' lang='grc' dir='ltr'>ὅλως</span> <span class='ocrx_word' id='word_1_427' title='bbox 1301 3891 1585 3963; x_wconf 80' lang='grc' dir='ltr'>ἄνθρωπον</span> <span class='ocrx_word' id='word_1_428' title='bbox 1631 3889 1901 3963; x_wconf 81' lang='grc' dir='ltr'>χρηματί-</span> 
     </span>
    </p>
   </div>
   <div class='ocr_carea' id='block_1_57' title="bbox 319 3982 1894 4059">
    <p class='ocr_par' dir='ltr' id='par_1_57' title="bbox 319 3982 1894 4059">
     <span class='ocr_line' id='line_1_57' title="bbox 319 3982 1894 4059; baseline -0.004 -18"><span class='ocrx_word' id='word_1_429' title='bbox 319 3989 471 4052; x_wconf 79' lang='grc' dir='ltr'>ζειν.</span> <span class='ocrx_word' id='word_1_430' title='bbox 506 3990 580 4042; x_wconf 90' lang='grc' dir='ltr'>Οὐ</span> <span class='ocrx_word' id='word_1_431' title='bbox 618 3988 725 4059; x_wconf 83' lang='grc' dir='ltr'>γὰρ</span> <span class='ocrx_word' id='word_1_432' title='bbox 769 3989 890 4058; x_wconf 88' lang='grc' dir='ltr'>δίχα</span> <span class='ocrx_word' id='word_1_433' title='bbox 931 3987 1167 4056; x_wconf 75' lang='grc' dir='ltr'>φυσικῆς</span> <span class='ocrx_word' id='word_1_434' title='bbox 1209 3983 1490 4056; x_wconf 81' lang='grc' dir='ltr'>ἐνεργείας</span> <span class='ocrx_word' id='word_1_435' title='bbox 1527 3985 1556 4036; x_wconf 82' lang='grc' dir='ltr'>ὁ</span> <span class='ocrx_word' id='word_1_436' title='bbox 1589 3982 1894 4053; x_wconf 79' lang='grc' dir='ltr'>ἄνθρωπος,</span> 
     </span>
    </p>
   </div>
   <div class='ocr_carea' id='block_1_58' title="bbox 315 4073 1894 4150">
    <p class='ocr_par' dir='ltr' id='par_1_58' title="bbox 315 4073 1894 4150">
     <span class='ocr_line' id='line_1_58' title="bbox 315 4073 1894 4150; baseline -0.001 -20"><span class='ocrx_word' id='word_1_437' title='bbox 315 4079 522 4150; x_wconf 80' lang='grc' dir='ltr'>ὥσπερ</span> <span class='ocrx_word' id='word_1_438' title='bbox 564 4079 672 4132; x_wconf 84' lang='grc' dir='ltr'>οὐδ’</span> <span class='ocrx_word' id='word_1_439' title='bbox 704 4079 838 4149; x_wconf 81' lang='grc' dir='ltr'>άλλη</span> <span class='ocrx_word' id='word_1_440' title='bbox 881 4078 1044 4148; x_wconf 86' lang='grc' dir='ltr'>φύσις</span> <span class='ocrx_word' id='word_1_441' title='bbox 1069 4079 1168 4147; x_wconf 82' lang='grc' dir='ltr'>τῆς</span> <span class='ocrx_word' id='word_1_442' title='bbox 1202 4076 1408 4139; x_wconf 76' lang='grc' dir='ltr'>οἰκείας</span> <span class='ocrx_word' id='word_1_443' title='bbox 1449 4075 1544 4128; x_wconf 77' lang='grc' dir='ltr'><strong>καὶ</strong></span> <span class='ocrx_word' id='word_1_444' title='bbox 1584 4073 1894 4134; x_wconf 80' lang='grc' dir='ltr'>οὑσιώδους.</span> 
     </span>
    </p>
   </div>
   <div class='ocr_carea' id='block_1_59' title="bbox 328 4161 1899 4242">
    <p class='ocr_par' dir='ltr' id='par_1_59' title="bbox 328 4161 1899 4242">
     <span class='ocr_line' id='line_1_59' title="bbox 328 4161 1899 4242; baseline -0.003 -21"><span class='ocrx_word' id='word_1_445' title='bbox 328 4168 402 4221; x_wconf 83' lang='grc' dir='ltr'><strong><em>Ἥ</em></strong></span> <span class='ocrx_word' id='word_1_446' title='bbox 440 4169 550 4239; x_wconf 85' lang='grc' dir='ltr'>γὰρ</span> <span class='ocrx_word' id='word_1_447' title='bbox 579 4169 815 4239; x_wconf 75' lang='grc' dir='ltr'>ἔλλειψις</span> <span class='ocrx_word' id='word_1_448' title='bbox 845 4169 1067 4240; x_wconf 85' lang='grc' dir='ltr'>ταύτης,</span> <span class='ocrx_word' id='word_1_449' title='bbox 1115 4170 1148 4240; x_wconf 84' lang='grc' dir='ltr'>ἢ</span> <span class='ocrx_word' id='word_1_450' title='bbox 1199 4169 1322 4242; x_wconf 74' lang='grc' dir='ltr'>οὐδὲ</span> <span class='ocrx_word' id='word_1_451' title='bbox 1370 4165 1533 4236; x_wconf 85' lang='grc' dir='ltr'>φύσιν</span> <span class='ocrx_word' id='word_1_452' title='bbox 1570 4161 1710 4219; x_wconf 74' lang='grc' dir='ltr'>εἶναι</span> <span class='ocrx_word' id='word_1_453' title='bbox 1755 4165 1899 4217; x_wconf 83' lang='grc' dir='ltr'>ποιεῖ</span> 
     </span>
    </p>
   </div>
   <div class='ocr_carea' id='block_1_60' title="bbox 315 4257 1898 4331">
    <p class='ocr_par' dir='ltr' id='par_1_60' title="bbox 315 4257 1898 4331">
     <span class='ocr_line' id='line_1_60' title="bbox 315 4257 1898 4331; baseline -0.002 -19"><span class='ocrx_word' id='word_1_454' title='bbox 315 4261 426 4331; x_wconf 84' lang='grc' dir='ltr'><strong>τὴν</strong></span> <span class='ocrx_word' id='word_1_455' title='bbox 470 4259 715 4330; x_wconf 85' lang='grc' dir='ltr'>φύσιν,ἦ</span> <span class='ocrx_word' id='word_1_456' title='bbox 752 4259 855 4324; x_wconf 87' lang='grc' dir='ltr'>τὰς</span> <span class='ocrx_word' id='word_1_457' title='bbox 886 4261 1067 4323; x_wconf 85' lang='grc' dir='ltr'>πάσας</span> <span class='ocrx_word' id='word_1_458' title='bbox 1106 4260 1362 4331; x_wconf 84' lang='grc' dir='ltr'>ἀλλήλαις</span> <span class='ocrx_word' id='word_1_459' title='bbox 1389 4257 1606 4322; x_wconf 81' lang='grc' dir='ltr'>ταυτὸν,</span> <span class='ocrx_word' id='word_1_460' title='bbox 1643 4257 1738 4310; x_wconf 75' lang='grc' dir='ltr'><strong>καὶ</strong></span> <span class='ocrx_word' id='word_1_461' title='bbox 1775 4257 1898 4310; x_wconf 68' lang='grc' dir='ltr'><strong>ἀνι)⁸</strong></span> 
     </span>
    </p>
   </div>
   <div class='ocr_carea' id='block_1_61' title="bbox 318 4349 1900 4422">
    <p class='ocr_par' dir='ltr' id='par_1_61' title="bbox 318 4349 1900 4422">
     <span class='ocr_line' id='line_1_61' title="bbox 318 4349 1900 4422; baseline -0.001 -20"><span class='ocrx_word' id='word_1_462' title='bbox 318 4351 545 4403; x_wconf 76' lang='grc' dir='ltr'>πάντων</span> <span class='ocrx_word' id='word_1_463' title='bbox 583 4351 735 4422; x_wconf 82' lang='grc' dir='ltr'>μίαν,</span> <span class='ocrx_word' id='word_1_464' title='bbox 785 4353 852 4422; x_wconf 82' lang='grc' dir='ltr'>τῇ</span> <span class='ocrx_word' id='word_1_465' title='bbox 901 4352 1183 4421; x_wconf 75' lang='grc' dir='ltr'>ἀπολείψει</span> <span class='ocrx_word' id='word_1_466' title='bbox 1227 4351 1327 4420; x_wconf 82' lang='grc' dir='ltr'><strong>τῆς</strong></span> <span class='ocrx_word' id='word_1_467' title='bbox 1375 4349 1712 4416; x_wconf 82' lang='grc' dir='ltr'>συνιστὼσης</span> <span class='ocrx_word' id='word_1_468' title='bbox 1759 4367 1900 4418; x_wconf 86' lang='grc' dir='ltr'>συμ-</span> 
     </span>
    </p>
   </div>
   <div class='ocr_carea' id='block_1_62' title="bbox 319 4439 1896 4511">
    <p class='ocr_par' dir='ltr' id='par_1_62' title="bbox 319 4439 1896 4511">
     <span class='ocr_line' id='line_1_62' title="bbox 319 4439 1896 4511; baseline 0.002 -21"><span class='ocrx_word' id='word_1_469' title='bbox 319 4440 594 4508; x_wconf 61' lang='grc' dir='ltr'>φυρείσας</span> <span class='ocrx_word' id='word_1_470' title='bbox 631 4440 698 4493; x_wconf 88' lang='grc' dir='ltr'>δι’</span> <span class='ocrx_word' id='word_1_471' title='bbox 730 4441 854 4493; x_wconf 84' lang='grc' dir='ltr'>ὅλου</span> <span class='ocrx_word' id='word_1_472' title='bbox 888 4441 1271 4511; x_wconf 83' lang='grc' dir='ltr'>συγχυθείσας.</span> <span class='ocrx_word' id='word_1_473' title='bbox 1301 4441 1364 4492; x_wconf 75' lang='lat' dir='ltr'><strong>El</strong></span> <span class='ocrx_word' id='word_1_474' title='bbox 1392 4439 1500 4510; x_wconf 83' lang='grc' dir='ltr'>γὰρ</span> <span class='ocrx_word' id='word_1_475' title='bbox 1537 4440 1636 4492; x_wconf 89' lang='grc' dir='ltr'><strong>οὐκ</strong></span> <span class='ocrx_word' id='word_1_476' title='bbox 1659 4439 1896 4510; x_wconf 80' lang='grc' dir='ltr'>ἀνέργη-</span> 
     </span>
    </p>
   </div>
   <div class='ocr_carea' id='block_1_63' title="bbox 315 4529 1898 4603">
    <p class='ocr_par' dir='ltr' id='par_1_63' title="bbox 315 4529 1898 4603">
     <span class='ocr_line' id='line_1_63' title="bbox 315 4529 1898 4603; baseline -0.002 -18"><span class='ocrx_word' id='word_1_477' title='bbox 315 4549 418 4585; x_wconf 81' lang='grc' dir='ltr'><strong>τον</strong></span> <span class='ocrx_word' id='word_1_478' title='bbox 448 4531 669 4600; x_wconf 80' lang='grc' dir='ltr'>λέγουσι</span> <span class='ocrx_word' id='word_1_479' title='bbox 715 4531 777 4585; x_wconf 81' lang='grc' dir='ltr'>τὸ</span> <span class='ocrx_word' id='word_1_480' title='bbox 825 4531 948 4585; x_wconf 86' lang='grc' dir='ltr'>καθ’</span> <span class='ocrx_word' id='word_1_481' title='bbox 981 4533 1129 4603; x_wconf 78' lang='grc' dir='ltr'>ἡμᾶς</span> <span class='ocrx_word' id='word_1_482' title='bbox 1157 4532 1248 4584; x_wconf 84' lang='grc' dir='ltr'><strong>τὸν</strong></span> <span class='ocrx_word' id='word_1_483' title='bbox 1279 4532 1474 4599; x_wconf 82' lang='grc' dir='ltr'>Λόγον,</span> <span class='ocrx_word' id='word_1_484' title='bbox 1511 4531 1668 4602; x_wconf 80' lang='grc' dir='ltr'>δῆλον</span> <span class='ocrx_word' id='word_1_485' title='bbox 1696 4530 1772 4594; x_wconf 87' lang='grc' dir='ltr'>ὼς</span> <span class='ocrx_word' id='word_1_486' title='bbox 1799 4529 1898 4602; x_wconf 79' lang='grc' dir='ltr'><strong>ἔμ-</strong></span> 
     </span>
    </p>
   </div>
   <div class='ocr_carea' id='block_1_64' title="bbox 317 4621 1897 4695">
    <p class='ocr_par' dir='ltr' id='par_1_64' title="bbox 317 4621 1897 4695">
     <span class='ocr_line' id='line_1_64' title="bbox 317 4621 1897 4695; baseline 0 -19"><span class='ocrx_word' id='word_1_487' title='bbox 317 4641 496 4693; x_wconf 79' lang='grc' dir='ltr'>φυτον</span> <span class='ocrx_word' id='word_1_488' title='bbox 526 4624 621 4676; x_wconf 78' lang='grc' dir='ltr'>καὶ</span> <span class='ocrx_word' id='word_1_489' title='bbox 657 4624 1005 4695; x_wconf 77' lang='grc' dir='ltr'>ἀνθρωπίνην</span> <span class='ocrx_word' id='word_1_490' title='bbox 1035 4623 1314 4694; x_wconf 81' lang='grc' dir='ltr'>ἐνέργειαν</span> <span class='ocrx_word' id='word_1_491' title='bbox 1360 4621 1550 4692; x_wconf 72' lang='grc' dir='ltr'>ἔχοντα</span> <span class='ocrx_word' id='word_1_492' title='bbox 1580 4621 1766 4674; x_wconf 80' lang='grc' dir='ltr'>τοῦτόν</span> <span class='ocrx_word' id='word_1_493' title='bbox 1794 4637 1897 4690; x_wconf 80' lang='grc' dir='ltr'>φα·</span> 
     </span>
    </p>
   </div>
   <div class='ocr_carea' id='block_1_65' title="bbox 319 4711 1900 4784">
    <p class='ocr_par' dir='ltr' id='par_1_65' title="bbox 319 4711 1900 4784">
     <span class='ocr_line' id='line_1_65' title="bbox 319 4711 1900 4784; baseline -0.002 -18"><span class='ocrx_word' id='word_1_494' title='bbox 319 4731 406 4768; x_wconf 88' lang='grc' dir='ltr'><strong>σι.</strong></span> <span class='ocrx_word' id='word_1_495' title='bbox 461 4713 586 4777; x_wconf 88' lang='grc' dir='ltr'>Πῶς</span> <span class='ocrx_word' id='word_1_496' title='bbox 615 4713 724 4784; x_wconf 85' lang='grc' dir='ltr'>γὰρ</span> <span class='ocrx_word' id='word_1_497' title='bbox 755 4713 821 4767; x_wconf 85' lang='grc' dir='ltr'><strong>ἂν</strong></span> <span class='ocrx_word' id='word_1_498' title='bbox 862 4713 1073 4778; x_wconf 74' lang='grc' dir='ltr'>ἀλλωςς</span> <span class='ocrx_word' id='word_1_499' title='bbox 1125 4715 1200 4765; x_wconf 85' lang='grc' dir='ltr'>Οὐ</span> <span class='ocrx_word' id='word_1_500' title='bbox 1247 4711 1356 4783; x_wconf 82' lang='grc' dir='ltr'>γὰρ</span> <span class='ocrx_word' id='word_1_501' title='bbox 1395 4713 1637 4782; x_wconf 82' lang='grc' dir='ltr'>ἐνεργεῖν</span> <span class='ocrx_word' id='word_1_502' title='bbox 1676 4711 1900 4764; x_wconf 83' lang='grc' dir='ltr'>δυνατὸν</span> 
     </span>
    </p>
   </div>
   <div class='ocr_carea' id='block_1_66' title="bbox 317 4801 1896 4875">
    <p class='ocr_par' dir='ltr' id='par_1_66' title="bbox 317 4801 1896 4875">
     <span class='ocr_line' id='line_1_66' title="bbox 317 4801 1896 4875; baseline -0.003 -19"><span class='ocrx_word' id='word_1_503' title='bbox 317 4805 568 4874; x_wconf 68' lang='grc' dir='ltr'>φυσικῆς</span> <span class='ocrx_word' id='word_1_504' title='bbox 619 4804 900 4875; x_wconf 79' lang='grc' dir='ltr'>ἐνεργείας</span> <span class='ocrx_word' id='word_1_505' title='bbox 951 4802 1149 4873; x_wconf 86' lang='grc' dir='ltr'>χωρίς⁶</span> <span class='ocrx_word' id='word_1_506' title='bbox 1193 4802 1380 4872; x_wconf 72' lang='grc' dir='ltr'>ὥσπερ</span> <span class='ocrx_word' id='word_1_507' title='bbox 1423 4803 1545 4856; x_wconf 89' lang='grc' dir='ltr'><strong>οὑδέ</strong></span> <span class='ocrx_word' id='word_1_508' title='bbox 1589 4801 1896 4870; x_wconf 85' lang='grc' dir='ltr'>ὑπάρχειν,</span> 
     </span>
    </p>
   </div>
   <div class='ocr_carea' id='block_1_67' title="bbox 315 4891 1896 4964">
    <p class='ocr_par' dir='ltr' id='par_1_67' title="bbox 315 4891 1896 4964">
     <span class='ocr_line' id='line_1_67' title="bbox 315 4891 1896 4964; baseline -0.003 -18"><span class='ocrx_word' id='word_1_509' title='bbox 315 4895 518 4957; x_wconf 85' lang='grc' dir='ltr'>οὐσίας</span> <span class='ocrx_word' id='word_1_510' title='bbox 569 4895 694 4964; x_wconf 87' lang='grc' dir='ltr'>δίχα</span> <span class='ocrx_word' id='word_1_511' title='bbox 747 4893 842 4947; x_wconf 72' lang='grc' dir='ltr'><strong>καὶ</strong></span> <span class='ocrx_word' id='word_1_512' title='bbox 876 4893 1108 4962; x_wconf 84' lang='grc' dir='ltr'>φύσεως.</span> <span class='ocrx_word' id='word_1_513' title='bbox 1154 4892 1296 4944; x_wconf 82' lang='grc' dir='ltr'>Ἀλλ’</span> <span class='ocrx_word' id='word_1_514' title='bbox 1345 4892 1466 4946; x_wconf 82' lang='grc' dir='ltr'>οὐδὲ</span> <span class='ocrx_word' id='word_1_515' title='bbox 1523 4891 1654 4962; x_wconf 85' lang='grc' dir='ltr'>μίαν</span> <span class='ocrx_word' id='word_1_516' title='bbox 1715 4891 1896 4961; x_wconf 85' lang='grc' dir='ltr'>μόνον,</span> 
     </span>
    </p>
   </div>
   <div class='ocr_carea' id='block_1_68' title="bbox 317 4983 1898 5058">
    <p class='ocr_par' dir='ltr' id='par_1_68' title="bbox 317 4983 1898 5058">
     <span class='ocr_line' id='line_1_68' title="bbox 317 4983 1898 5058; baseline -0.002 -20"><span class='ocrx_word' id='word_1_517' title='bbox 317 4987 395 5038; x_wconf 76' lang='grc' dir='ltr'>ἄν</span> <span class='ocrx_word' id='word_1_518' title='bbox 438 5002 544 5058; x_wconf 90' lang='grc' dir='ltr'><strong>περ</strong></span> <span class='ocrx_word' id='word_1_519' title='bbox 666 4985 765 5058; x_wconf 83' lang='grc' dir='ltr'><strong>τὴν</strong></span> <span class='ocrx_word' id='word_1_520' title='bbox 816 4986 977 5053; x_wconf 85' lang='grc' dir='ltr'>φύσιν</span> <span class='ocrx_word' id='word_1_521' title='bbox 1024 4983 1273 5047; x_wconf 80' lang='grc' dir='ltr'>διπλοῦς,</span> <span class='ocrx_word' id='word_1_522' title='bbox 1326 4984 1423 5054; x_wconf 80' lang='grc' dir='ltr'>τὴν</span> <span class='ocrx_word' id='word_1_523' title='bbox 1468 4984 1710 5054; x_wconf 75' lang='grc' dir='ltr'>ἔμφυτον</span> <span class='ocrx_word' id='word_1_524' title='bbox 1755 4983 1898 5053; x_wconf 78' lang='grc' dir='ltr'>ἔχειν</span> 
     </span>
    </p>
   </div>
   <div class='ocr_carea' id='block_1_69' title="bbox 316 5071 1901 5141">
    <p class='ocr_par' dir='ltr' id='par_1_69' title="bbox 316 5071 1901 5141">
     <span class='ocr_line' id='line_1_69' title="bbox 316 5071 1901 5141; baseline -0.001 -18"><span class='ocrx_word' id='word_1_525' title='bbox 316 5073 616 5141; x_wconf 67' lang='grc' dir='ltr'>ἐνέργειαν</span> <span class='ocrx_word' id='word_1_526' title='bbox 643 5074 732 5127; x_wconf 80' lang='grc' dir='ltr'><strong>τὸν</strong></span> <span class='ocrx_word' id='word_1_527' title='bbox 775 5073 1122 5140; x_wconf 77' lang='grc' dir='ltr'>ἐνεργοῦντα,</span> <span class='ocrx_word' id='word_1_528' title='bbox 1165 5073 1316 5124; x_wconf 83' lang='grc' dir='ltr'>πᾶσα</span> <span class='ocrx_word' id='word_1_529' title='bbox 1351 5073 1561 5139; x_wconf 85' lang='grc' dir='ltr'>ἀνάγκη</span> <span class='ocrx_word' id='word_1_530' title='bbox 1585 5087 1597 5100; x_wconf 83' lang='lat'><strong><em>°</em></strong></span> <span class='ocrx_word' id='word_1_531' title='bbox 1646 5071 1770 5123; x_wconf 72' lang='grc' dir='ltr'>ἐπεὶ</span> <span class='ocrx_word' id='word_1_532' title='bbox 1805 5071 1901 5123; x_wconf 80' lang='grc' dir='ltr'>καὶ</span> 
     </span>
    </p>
   </div>
   <div class='ocr_carea' id='block_1_70' title="bbox 2004 1972 3584 2042">
    <p class='ocr_par' dir='ltr' id='par_1_70' title="bbox 2004 1972 3584 2042">
     <span class='ocr_line' id='line_1_70' title="bbox 2004 1972 3584 2042; baseline 0.001 -15"><span class='ocrx_word' id='word_1_533' title='bbox 2004 1972 2246 2027; x_wconf 78' lang='lat' dir='ltr'><strong>fatentur</strong></span> <span class='ocrx_word' id='word_1_534' title='bbox 2289 1975 2688 2042; x_wconf 83' lang='lat' dir='ltr'><strong>compositam;</strong></span> <span class='ocrx_word' id='word_1_535' title='bbox 2719 1977 3120 2031; x_wconf 87' lang='lat' dir='ltr'><strong>contrariorum</strong></span> <span class='ocrx_word' id='word_1_536' title='bbox 3167 1977 3377 2030; x_wconf 89' lang='lat' dir='ltr'><strong>scilicet</strong></span> <span class='ocrx_word' id='word_1_537' title='bbox 3413 1985 3466 2029; x_wconf 91' lang='lat' dir='ltr'><strong>ct</strong></span> <span class='ocrx_word' id='word_1_538' title='bbox 3493 1992 3584 2029; x_wconf 89' lang='lat' dir='ltr'><strong>co-</strong></span> 
     </span>
    </p>
   </div>
   <div class='ocr_carea' id='block_1_71' title="bbox 2002 2066 3585 2136">
    <p class='ocr_par' dir='ltr' id='par_1_71' title="bbox 2002 2066 3585 2136">
     <span class='ocr_line' id='line_1_71' title="bbox 2002 2066 3585 2136; baseline 0.001 -18"><span class='ocrx_word' id='word_1_539' title='bbox 2002 2079 2125 2118; x_wconf 86' lang='lat' dir='ltr'><strong>rum</strong></span> <span class='ocrx_word' id='word_1_540' title='bbox 2139 2080 2257 2134; x_wconf 75' lang='lat' dir='ltr'><strong>qua:</strong></span> <span class='ocrx_word' id='word_1_541' title='bbox 2275 2066 2523 2135; x_wconf 87' lang='lat' dir='ltr'><strong>opposita</strong></span> <span class='ocrx_word' id='word_1_542' title='bbox 2546 2066 2655 2120; x_wconf 85' lang='lat' dir='ltr'><strong>sint</strong></span> <span class='ocrx_word' id='word_1_543' title='bbox 2674 2082 2960 2136; x_wconf 86' lang='lat' dir='ltr'><strong>capacem;</strong></span> <span class='ocrx_word' id='word_1_544' title='bbox 2990 2083 3207 2135; x_wconf 86' lang='lat' dir='ltr'><strong>nempe,</strong></span> <span class='ocrx_word' id='word_1_545' title='bbox 3230 2067 3514 2120; x_wconf 84' lang='lat' dir='ltr'><strong>mortalem</strong></span> <span class='ocrx_word' id='word_1_546' title='bbox 3531 2077 3585 2119; x_wconf 88' lang='lat' dir='ltr'><strong>et</strong></span> 
     </span>
    </p>
   </div>
   <div class='ocr_carea' id='block_1_72' title="bbox 2002 2151 3581 2226">
    <p class='ocr_par' dir='ltr' id='par_1_72' title="bbox 2002 2151 3581 2226">
     <span class='ocr_line' id='line_1_72' title="bbox 2002 2151 3581 2226; baseline -0.001 -18"><span class='ocrx_word' id='word_1_547' title='bbox 2002 2151 2391 2220; x_wconf 82' lang='lat' dir='ltr'><strong>immortalem,</strong></span> <span class='ocrx_word' id='word_1_548' title='bbox 2428 2157 2602 2210; x_wconf 73' lang='lat' dir='ltr'><strong>oculis</strong></span> <span class='ocrx_word' id='word_1_549' title='bbox 2649 2156 3002 2226; x_wconf 87' lang='lat' dir='ltr'><strong>conspicuam</strong></span> <span class='ocrx_word' id='word_1_550' title='bbox 3031 2165 3088 2209; x_wconf 92' lang='lat' dir='ltr'><strong>et</strong></span> <span class='ocrx_word' id='word_1_551' title='bbox 3114 2155 3581 2224; x_wconf 87' lang='lat' dir='ltr'><strong>inaspectabilem,</strong></span> 
     </span>
    </p>
   </div>
   <div class='ocr_carea' id='block_1_73' title="bbox 2001 2242 3584 2316">
    <p class='ocr_par' dir='ltr' id='par_1_73' title="bbox 2001 2242 3584 2316">
     <span class='ocr_line' id='line_1_73' title="bbox 2001 2242 3584 2316; baseline 0.001 -18"><span class='ocrx_word' id='word_1_552' title='bbox 2001 2242 2472 2314; x_wconf 83' lang='lat' dir='ltr'><strong>circumscriptam</strong></span> <span class='ocrx_word' id='word_1_553' title='bbox 2493 2255 2548 2300; x_wconf 92' lang='lat' dir='ltr'><strong>et</strong></span> <span class='ocrx_word' id='word_1_554' title='bbox 2567 2246 3114 2316; x_wconf 88' lang='lat' dir='ltr'><strong>incircumscriptam,</strong></span> <span class='ocrx_word' id='word_1_555' title='bbox 3137 2254 3409 2301; x_wconf 89' lang='lat' dir='ltr'><strong>carentem</strong></span> <span class='ocrx_word' id='word_1_556' title='bbox 3433 2245 3584 2315; x_wconf 91' lang='lat' dir='ltr'><strong>prin-</strong></span> 
     </span>
    </p>
   </div>
   <div class='ocr_carea' id='block_1_74' title="bbox 2000 2331 3583 2404">
    <p class='ocr_par' dir='ltr' id='par_1_74' title="bbox 2000 2331 3583 2404">
     <span class='ocr_line' id='line_1_74' title="bbox 2000 2331 3583 2404; baseline 0.001 -17"><span class='ocrx_word' id='word_1_557' title='bbox 2000 2331 2144 2402; x_wconf 89' lang='lat' dir='ltr'><strong>cipio</strong></span> <span class='ocrx_word' id='word_1_558' title='bbox 2175 2341 2229 2387; x_wconf 93' lang='lat' dir='ltr'><strong>et</strong></span> <span class='ocrx_word' id='word_1_559' title='bbox 2264 2350 2384 2403; x_wconf 65' lang='lat' dir='ltr'><strong>quae</strong></span> <span class='ocrx_word' id='word_1_560' title='bbox 2410 2335 2682 2404; x_wconf 88' lang='lat' dir='ltr'><strong>principio</strong></span> <span class='ocrx_word' id='word_1_561' title='bbox 2718 2336 2935 2402; x_wconf 81' lang='lat' dir='ltr'><strong>subsit;</strong></span> <span class='ocrx_word' id='word_1_562' title='bbox 2973 2337 3119 2390; x_wconf 83' lang='lat' dir='ltr'><strong>istud</strong></span> <span class='ocrx_word' id='word_1_563' title='bbox 3154 2336 3352 2390; x_wconf 88' lang='lat' dir='ltr'><strong>merito</strong></span> <span class='ocrx_word' id='word_1_564' title='bbox 3386 2336 3493 2389; x_wconf 88' lang='lat' dir='ltr'><strong>erit</strong></span> <span class='ocrx_word' id='word_1_565' title='bbox 3527 2345 3583 2389; x_wconf 91' lang='lat' dir='ltr'><strong>et</strong></span> 
     </span>
    </p>
   </div>
   <div class='ocr_carea' id='block_1_75' title="bbox 1999 2425 3581 2496">
    <p class='ocr_par' dir='ltr' id='par_1_75' title="bbox 1999 2425 3581 2496">
     <span class='ocr_line' id='line_1_75' title="bbox 1999 2425 3581 2496; baseline 0.001 -18"><span class='ocrx_word' id='word_1_566' title='bbox 1999 2426 2272 2493; x_wconf 84' lang='lat' dir='ltr'><strong>operatio.</strong></span> <span class='ocrx_word' id='word_1_567' title='bbox 2328 2425 2448 2490; x_wconf 89' lang='lat' dir='ltr'><strong>Quo</strong></span> <span class='ocrx_word' id='word_1_568' title='bbox 2492 2442 2626 2480; x_wconf 91' lang='lat' dir='ltr'><strong>vero</strong></span> <span class='ocrx_word' id='word_1_569' title='bbox 2682 2427 2788 2481; x_wconf 88' lang='lat' dir='ltr'><strong>alio</strong></span> <span class='ocrx_word' id='word_1_570' title='bbox 2825 2428 3006 2492; x_wconf 91' lang='lat' dir='ltr'><strong>modo,</strong></span> <span class='ocrx_word' id='word_1_571' title='bbox 3061 2443 3224 2496; x_wconf 89' lang='lat' dir='ltr'><strong>quam</strong></span> <span class='ocrx_word' id='word_1_572' title='bbox 3275 2429 3581 2482; x_wconf 86' lang='lat' dir='ltr'><strong>secundum</strong></span> 
     </span>
    </p>
   </div>
   <div class='ocr_carea' id='block_1_76' title="bbox 1999 2513 3582 2588">
    <p class='ocr_par' dir='ltr' id='par_1_76' title="bbox 1999 2513 3582 2588">
     <span class='ocr_line' id='line_1_76' title="bbox 1999 2513 3582 2588; baseline 0.001 -18"><span class='ocrx_word' id='word_1_573' title='bbox 1999 2513 2250 2570; x_wconf 80' lang='lat' dir='ltr'><strong>habitum</strong></span> <span class='ocrx_word' id='word_1_574' title='bbox 2297 2525 2354 2571; x_wconf 91' lang='lat' dir='ltr'><strong>et</strong></span> <span class='ocrx_word' id='word_1_575' title='bbox 2387 2517 2797 2587; x_wconf 86' lang='lat' dir='ltr'><strong>privationem?</strong></span> <span class='ocrx_word' id='word_1_576' title='bbox 2849 2521 2925 2573; x_wconf 80' lang='lat' dir='ltr'><strong>Ac</strong></span> <span class='ocrx_word' id='word_1_577' title='bbox 2979 2519 3179 2588; x_wconf 89' lang='lat' dir='ltr'><strong>partim</strong></span> <span class='ocrx_word' id='word_1_578' title='bbox 3223 2518 3466 2588; x_wconf 86' lang='lat' dir='ltr'><strong>quidem,</strong></span> <span class='ocrx_word' id='word_1_579' title='bbox 3522 2527 3582 2572; x_wconf 91' lang='lat' dir='ltr'><strong>ut</strong></span> 
     </span>
    </p>
   </div>
   <div class='ocr_carea' id='block_1_77' title="bbox 2001 2608 3582 2680">
    <p class='ocr_par' dir='ltr' id='par_1_77' title="bbox 2001 2608 3582 2680">
     <span class='ocr_line' id='line_1_77' title="bbox 2001 2608 3582 2680; baseline 0.003 -20"><span class='ocrx_word' id='word_1_580' title='bbox 2001 2620 2123 2676; x_wconf 80' lang='lat' dir='ltr'><strong>qua:</strong></span> <span class='ocrx_word' id='word_1_581' title='bbox 2157 2608 2404 2674; x_wconf 83' lang='lat' dir='ltr'><strong>exsistat,</strong></span> <span class='ocrx_word' id='word_1_582' title='bbox 2460 2608 2732 2678; x_wconf 87' lang='lat' dir='ltr'><strong>patietur;</strong></span> <span class='ocrx_word' id='word_1_583' title='bbox 2782 2611 2980 2679; x_wconf 81' lang='lat' dir='ltr'><strong>partim</strong></span> <span class='ocrx_word' id='word_1_584' title='bbox 3024 2625 3177 2673; x_wconf 87' lang='lat' dir='ltr'><strong>vero,</strong></span> <span class='ocrx_word' id='word_1_585' title='bbox 3219 2622 3280 2664; x_wconf 89' lang='lat' dir='ltr'><strong>ut</strong></span> <span class='ocrx_word' id='word_1_586' title='bbox 3312 2627 3432 2680; x_wconf 70' lang='lat' dir='ltr'><strong>quae</strong></span> <span class='ocrx_word' id='word_1_587' title='bbox 3467 2613 3582 2680; x_wconf 90' lang='lat' dir='ltr'><strong>ipsa</strong></span> 
     </span>
    </p>
   </div>
   <div class='ocr_carea' id='block_1_78' title="bbox 2000 2697 3578 2766">
    <p class='ocr_par' dir='ltr' id='par_1_78' title="bbox 2000 2697 3578 2766">
     <span class='ocr_line' id='line_1_78' title="bbox 2000 2697 3578 2766; baseline 0.001 -16"><span class='ocrx_word' id='word_1_588' title='bbox 2000 2711 2110 2752; x_wconf 83' lang='lat' dir='ltr'><strong>non</strong></span> <span class='ocrx_word' id='word_1_589' title='bbox 2157 2697 2402 2764; x_wconf 77' lang='lat' dir='ltr'><strong>exsistat,</strong></span> <span class='ocrx_word' id='word_1_590' title='bbox 2451 2697 2720 2752; x_wconf 87' lang='lat' dir='ltr'><strong>diminute</strong></span> <span class='ocrx_word' id='word_1_591' title='bbox 2755 2706 2810 2751; x_wconf 92' lang='lat' dir='ltr'><strong>et</strong></span> <span class='ocrx_word' id='word_1_592' title='bbox 2855 2697 3010 2766; x_wconf 88' lang='lat' dir='ltr'><strong>quasi</strong></span> <span class='ocrx_word' id='word_1_593' title='bbox 3057 2697 3247 2752; x_wconf 88' lang='lat' dir='ltr'><strong>umbra</strong></span> <span class='ocrx_word' id='word_1_594' title='bbox 3287 2697 3578 2752; x_wconf 86' lang='lat' dir='ltr'><strong>substabit.</strong></span> 
     </span>
    </p>
   </div>
   <div class='ocr_carea' id='block_1_79' title="bbox 2000 2786 3580 2858">
    <p class='ocr_par' dir='ltr' id='par_1_79' title="bbox 2000 2786 3580 2858">
     <span class='ocr_line' id='line_1_79' title="bbox 2000 2786 3580 2858; baseline 0.001 -17"><span class='ocrx_word' id='word_1_595' title='bbox 2000 2786 2106 2854; x_wconf 88' lang='lat' dir='ltr'><strong>Qui</strong></span> <span class='ocrx_word' id='word_1_596' title='bbox 2155 2796 2339 2842; x_wconf 90' lang='lat' dir='ltr'><strong>autem</strong></span> <span class='ocrx_word' id='word_1_597' title='bbox 2389 2789 2501 2852; x_wconf 88' lang='lat' dir='ltr'><strong>fiat,</strong></span> <span class='ocrx_word' id='word_1_598' title='bbox 2554 2796 2616 2842; x_wconf 90' lang='lat' dir='ltr'><strong>ut</strong></span> <span class='ocrx_word' id='word_1_599' title='bbox 2668 2787 2764 2842; x_wconf 92' lang='lat' dir='ltr'><strong>tali</strong></span> <span class='ocrx_word' id='word_1_600' title='bbox 2809 2789 3072 2858; x_wconf 64' lang='lat' dir='ltr'><strong>prazditus</strong></span> <span class='ocrx_word' id='word_1_601' title='bbox 3111 2791 3450 2858; x_wconf 90' lang='lat' dir='ltr'><strong>operatione,</strong></span> <span class='ocrx_word' id='word_1_602' title='bbox 3492 2806 3580 2844; x_wconf 90' lang='lat' dir='ltr'><strong>se-</strong></span> 
     </span>
    </p>
   </div>
   <div class='ocr_carea' id='block_1_80' title="bbox 2001 2875 3581 2949">
    <p class='ocr_par' dir='ltr' id='par_1_80' title="bbox 2001 2875 3581 2949">
     <span class='ocr_line' id='line_1_80' title="bbox 2001 2875 3581 2949; baseline 0.001 -19"><span class='ocrx_word' id='word_1_603' title='bbox 2001 2875 2245 2930; x_wconf 77' lang='lat' dir='ltr'><strong>cundum</strong></span> <span class='ocrx_word' id='word_1_604' title='bbox 2295 2875 2462 2940; x_wconf 90' lang='lat' dir='ltr'><strong>idem,</strong></span> <span class='ocrx_word' id='word_1_605' title='bbox 2507 2885 2563 2930; x_wconf 92' lang='lat' dir='ltr'><strong>et</strong></span> <span class='ocrx_word' id='word_1_606' title='bbox 2604 2892 2716 2930; x_wconf 90' lang='lat' dir='ltr'><strong>non</strong></span> <span class='ocrx_word' id='word_1_607' title='bbox 2765 2877 2914 2931; x_wconf 88' lang='lat' dir='ltr'><strong>aliud</strong></span> <span class='ocrx_word' id='word_1_608' title='bbox 2965 2887 3127 2947; x_wconf 88' lang='lat' dir='ltr'><strong>atque</strong></span> <span class='ocrx_word' id='word_1_609' title='bbox 3155 2878 3305 2932; x_wconf 87' lang='lat' dir='ltr'><strong>aliud</strong></span> <span class='ocrx_word' id='word_1_610' title='bbox 3339 2878 3581 2949; x_wconf 88' lang='lat' dir='ltr'><strong>(quando</strong></span> 
     </span>
    </p>
   </div>
   <div class='ocr_carea' id='block_1_81' title="bbox 2002 2965 3584 3038">
    <p class='ocr_par' dir='ltr' id='par_1_81' title="bbox 2002 2965 3584 3038">
     <span class='ocr_line' id='line_1_81' title="bbox 2002 2965 3584 3038; baseline 0.003 -18"><span class='ocrx_word' id='word_1_611' title='bbox 2002 2982 2106 3022; x_wconf 88' lang='lat' dir='ltr'><strong>nec</strong></span> <span class='ocrx_word' id='word_1_612' title='bbox 2152 2965 2305 3038; x_wconf 91' lang='lat' dir='ltr'><strong>ipsa)</strong></span> <span class='ocrx_word' id='word_1_613' title='bbox 2355 2969 2480 3022; x_wconf 90' lang='lat' dir='ltr'><strong>talia</strong></span> <span class='ocrx_word' id='word_1_614' title='bbox 2536 2969 2831 3037; x_wconf 89' lang='lat' dir='ltr'><strong>patiatur?</strong></span> <span class='ocrx_word' id='word_1_615' title='bbox 2886 2967 3216 3038; x_wconf 88' lang='lat' dir='ltr'><strong>Operautem</strong></span> <span class='ocrx_word' id='word_1_616' title='bbox 3271 2970 3417 3024; x_wconf 89' lang='lat' dir='ltr'><strong>enim</strong></span> <span class='ocrx_word' id='word_1_617' title='bbox 3473 2986 3584 3025; x_wconf 64' lang='lat' dir='ltr'><strong>sua:</strong></span> 
     </span>
    </p>
   </div>
   <div class='ocr_carea' id='block_1_82' title="bbox 2004 3059 3583 3130">
    <p class='ocr_par' dir='ltr' id='par_1_82' title="bbox 2004 3059 3583 3130">
     <span class='ocr_line' id='line_1_82' title="bbox 2004 3059 3583 3130; baseline 0.003 -18"><span class='ocrx_word' id='word_1_618' title='bbox 2004 3059 2249 3128; x_wconf 88' lang='lat' dir='ltr'><strong>coaptari</strong></span> <span class='ocrx_word' id='word_1_619' title='bbox 2315 3060 2650 3129; x_wconf 82' lang='lat' dir='ltr'><strong>operationi,</strong></span> <span class='ocrx_word' id='word_1_620' title='bbox 2705 3061 2954 3129; x_wconf 86' lang='lat' dir='ltr'><strong>hancque</strong></span> <span class='ocrx_word' id='word_1_621' title='bbox 3005 3061 3082 3115; x_wconf 91' lang='lat' dir='ltr'><strong>illi</strong></span> <span class='ocrx_word' id='word_1_622' title='bbox 3135 3077 3464 3130; x_wconf 77' lang='lat' dir='ltr'><strong>congeueam</strong></span> <span class='ocrx_word' id='word_1_623' title='bbox 3518 3079 3583 3118; x_wconf 88' lang='lat' dir='ltr'><strong>ac</strong></span> 
     </span>
    </p>
   </div>
   <div class='ocr_carea' id='block_1_83' title="bbox 217 3148 1898 3239">
    <p class='ocr_par' dir='ltr' id='par_1_83' title="bbox 217 3148 1898 3239">
     <span class='ocr_line' id='line_1_83' title="bbox 217 3148 1898 3239; baseline -0.007 -15"><span class='ocrx_word' id='word_1_624' title='bbox 217 3192 227 3200; x_wconf 59' lang='grc' dir='ltr'><strong>ί</strong></span> <span class='ocrx_word' id='word_1_625' title='bbox 326 3148 490 3238; x_wconf 71' lang='grc' dir='ltr'>μόνον</span> <span class='ocrx_word' id='word_1_626' title='bbox 520 3169 640 3222; x_wconf 77' lang='grc' dir='ltr'>ἐστὶ</span> <span class='ocrx_word' id='word_1_627' title='bbox 667 3167 729 3221; x_wconf 83' lang='grc' dir='ltr'><strong>τὸ</strong></span> <span class='ocrx_word' id='word_1_628' title='bbox 759 3169 834 3239; x_wconf 84' lang='grc' dir='ltr'>μὴ</span> <span class='ocrx_word' id='word_1_629' title='bbox 863 3168 941 3221; x_wconf 76' lang='grc' dir='ltr'>ὃν.</span> <span class='ocrx_word' id='word_1_630' title='bbox 979 3169 1094 3221; x_wconf 80' lang='grc' dir='ltr'><strong>Πᾶν</strong></span> <span class='ocrx_word' id='word_1_631' title='bbox 1123 3167 1232 3238; x_wconf 79' lang='grc' dir='ltr'><strong>γὰρ</strong></span> <span class='ocrx_word' id='word_1_632' title='bbox 1262 3165 1316 3218; x_wconf 77' lang='grc' dir='ltr'>εἴ</span> <span class='ocrx_word' id='word_1_633' title='bbox 1345 3183 1401 3219; x_wconf 82' lang='grc' dir='ltr'><strong>τι</strong></span> <span class='ocrx_word' id='word_1_634' title='bbox 1430 3164 1539 3218; x_wconf 86' lang='grc' dir='ltr'><strong>τῶν</strong></span> <span class='ocrx_word' id='word_1_635' title='bbox 1577 3163 1766 3227; x_wconf 78' lang='grc' dir='ltr'>ὄντων,</span> <span class='ocrx_word' id='word_1_636' title='bbox 1806 3178 1898 3214; x_wconf 85' lang='grc' dir='ltr'>συ-</span> 
     </span>
    </p>
   </div>
   <div class='ocr_carea' id='block_1_84' title="bbox 2001 3148 3582 3239">
    <p class='ocr_par' dir='ltr' id='par_1_84' title="bbox 2004 3148 3582 3221">
     <span class='ocr_line' id='line_1_84' title="bbox 2004 3148 3582 3221; baseline 0.002 -18"><span class='ocrx_word' id='word_1_637' title='bbox 2004 3148 2217 3203; x_wconf 81' lang='lat' dir='ltr'><strong>afiiuem</strong></span> <span class='ocrx_word' id='word_1_638' title='bbox 2252 3166 2392 3212; x_wconf 84' lang='lat' dir='ltr'><strong>esse,</strong></span> <span class='ocrx_word' id='word_1_639' title='bbox 2423 3165 2647 3220; x_wconf 84' lang='lat' dir='ltr'><strong>prorsus</strong></span> <span class='ocrx_word' id='word_1_640' title='bbox 2671 3166 2893 3204; x_wconf 90' lang='lat' dir='ltr'><strong>necesse</strong></span> <span class='ocrx_word' id='word_1_641' title='bbox 2925 3159 3027 3205; x_wconf 89' lang='lat' dir='ltr'><strong>est.</strong></span> <span class='ocrx_word' id='word_1_642' title='bbox 3073 3151 3385 3221; x_wconf 86' lang='lat' dir='ltr'><strong>Ecquouam</strong></span> <span class='ocrx_word' id='word_1_643' title='bbox 3417 3154 3582 3206; x_wconf 90' lang='lat' dir='ltr'><strong>modo</strong></span> 
     </span>
    </p>
   </div>
   <div class='ocr_carea' id='block_1_85' title="bbox 2004 3240 3583 3310">
    <p class='ocr_par' dir='ltr' id='par_1_85' title="bbox 2004 3240 3583 3310">
     <span class='ocr_line' id='line_1_85' title="bbox 2004 3240 3583 3310; baseline 0.003 -16"><span class='ocrx_word' id='word_1_644' title='bbox 2004 3240 2170 3305; x_wconf 90' lang='lat' dir='ltr'><strong>Deus,</strong></span> <span class='ocrx_word' id='word_1_645' title='bbox 2210 3241 2304 3310; x_wconf 89' lang='lat' dir='ltr'><strong>qui</strong></span> <span class='ocrx_word' id='word_1_646' title='bbox 2346 3257 2454 3295; x_wconf 82' lang='lat' dir='ltr'><strong>non</strong></span> <span class='ocrx_word' id='word_1_647' title='bbox 2479 3250 2698 3306; x_wconf 90' lang='lat' dir='ltr'><strong>natura,</strong></span> <span class='ocrx_word' id='word_1_648' title='bbox 2725 3241 2819 3296; x_wconf 91' lang='lat' dir='ltr'><strong>sed</strong></span> <span class='ocrx_word' id='word_1_649' title='bbox 2845 3243 2993 3297; x_wconf 90' lang='lat' dir='ltr'><strong>illius</strong></span> <span class='ocrx_word' id='word_1_650' title='bbox 3037 3243 3230 3297; x_wconf 83' lang='lat' dir='ltr'><strong>habitu</strong></span> <span class='ocrx_word' id='word_1_651' title='bbox 3263 3242 3368 3298; x_wconf 89' lang='lat' dir='ltr'><strong>sit?</strong></span> <span class='ocrx_word' id='word_1_652' title='bbox 3394 3244 3583 3309; x_wconf 86' lang='lat' dir='ltr'><strong>Quove</strong></span> 
     </span>
    </p>
   </div>
   <div class='ocr_carea' id='block_1_86' title="bbox 2004 3331 3582 3402">
    <p class='ocr_par' dir='ltr' id='par_1_86' title="bbox 2004 3331 3582 3402">
     <span class='ocr_line' id='line_1_86' title="bbox 2004 3331 3582 3402; baseline 0.004 -18"><span class='ocrx_word' id='word_1_653' title='bbox 2004 3331 2167 3385; x_wconf 92' lang='lat' dir='ltr'><strong>modo</strong></span> <span class='ocrx_word' id='word_1_654' title='bbox 2230 3332 2416 3396; x_wconf 87' lang='lat' dir='ltr'><strong>homo,</strong></span> <span class='ocrx_word' id='word_1_655' title='bbox 2471 3332 2566 3401; x_wconf 91' lang='lat' dir='ltr'><strong>qui</strong></span> <span class='ocrx_word' id='word_1_656' title='bbox 2619 3333 2963 3402; x_wconf 84' lang='lat' dir='ltr'><strong>privatione.</strong></span> <span class='ocrx_word' id='word_1_657' title='bbox 3012 3344 3068 3389; x_wconf 91' lang='lat' dir='ltr'><strong>et</strong></span> <span class='ocrx_word' id='word_1_658' title='bbox 3117 3350 3230 3388; x_wconf 92' lang='lat' dir='ltr'><strong>non</strong></span> <span class='ocrx_word' id='word_1_659' title='bbox 3275 3335 3582 3392; x_wconf 89' lang='lat' dir='ltr'><strong>substantia</strong></span> 
     </span>
    </p>
   </div>
   <div class='ocr_carea' id='block_1_87' title="bbox 2005 3419 3584 3494">
    <p class='ocr_par' dir='ltr' id='par_1_87' title="bbox 2005 3419 3584 3494">
     <span class='ocr_line' id='line_1_87' title="bbox 2005 3419 3584 3494; baseline 0.004 -21"><span class='ocrx_word' id='word_1_660' title='bbox 2005 3434 2129 3473; x_wconf 80' lang='lat' dir='ltr'><strong>vere</strong></span> <span class='ocrx_word' id='word_1_661' title='bbox 2195 3419 2346 3472; x_wconf 84' lang='lat' dir='ltr'><strong>istud</strong></span> <span class='ocrx_word' id='word_1_662' title='bbox 2401 3421 2668 3474; x_wconf 79' lang='lat' dir='ltr'><strong>exsistit?</strong></span> <span class='ocrx_word' id='word_1_663' title='bbox 2722 3421 2981 3487; x_wconf 74' lang='lat' dir='ltr'><strong>Quaenam</strong></span> <span class='ocrx_word' id='word_1_664' title='bbox 3047 3439 3180 3478; x_wconf 86' lang='lat' dir='ltr'><strong>vero</strong></span> <span class='ocrx_word' id='word_1_665' title='bbox 3221 3433 3416 3478; x_wconf 88' lang='lat' dir='ltr'><strong>natura</strong></span> <span class='ocrx_word' id='word_1_666' title='bbox 3468 3424 3584 3494; x_wconf 88' lang='lat' dir='ltr'><strong>ipsa</strong></span> 
     </span>
    </p>
   </div>
   <div class='ocr_carea' id='block_1_88' title="bbox 2004 3513 3582 3585">
    <p class='ocr_par' dir='ltr' id='par_1_88' title="bbox 2004 3513 3582 3585">
     <span class='ocr_line' id='line_1_88' title="bbox 2004 3513 3582 3585; baseline 0.004 -21"><span class='ocrx_word' id='word_1_667' title='bbox 2004 3525 2171 3574; x_wconf 90' lang='lat' dir='ltr'><strong>tners,</strong></span> <span class='ocrx_word' id='word_1_668' title='bbox 2216 3519 2311 3565; x_wconf 89' lang='lat' dir='ltr'><strong>aut</strong></span> <span class='ocrx_word' id='word_1_669' title='bbox 2342 3528 2464 3580; x_wconf 74' lang='lat' dir='ltr'><strong>qua:</strong></span> <span class='ocrx_word' id='word_1_670' title='bbox 2493 3513 2733 3567; x_wconf 85' lang='lat' dir='ltr'><strong>naturali</strong></span> <span class='ocrx_word' id='word_1_671' title='bbox 2785 3514 3071 3569; x_wconf 81' lang='lat' dir='ltr'><strong>deficiatur</strong></span> <span class='ocrx_word' id='word_1_672' title='bbox 3107 3517 3468 3585; x_wconf 88' lang='lat' dir='ltr'><strong>operatione?</strong></span> <span class='ocrx_word' id='word_1_673' title='bbox 3493 3518 3582 3574; x_wconf 89' lang='lat' dir='ltr'><strong>Uti</strong></span> 
     </span>
    </p>
   </div>
   <div class='ocr_carea' id='block_1_89' title="bbox 2003 3602 3580 3674">
    <p class='ocr_par' dir='ltr' id='par_1_89' title="bbox 2003 3602 3580 3674">
     <span class='ocr_line' id='line_1_89' title="bbox 2003 3602 3580 3674; baseline 0.005 -19"><span class='ocrx_word' id='word_1_674' title='bbox 2003 3602 2148 3656; x_wconf 84' lang='lat' dir='ltr'><strong>enim</strong></span> <span class='ocrx_word' id='word_1_675' title='bbox 2200 3618 2471 3672; x_wconf 89' lang='lat' dir='ltr'><strong>nusquam</strong></span> <span class='ocrx_word' id='word_1_676' title='bbox 2531 3605 2854 3661; x_wconf 67' lang='lat' dir='ltr'><strong>exsistentia</strong></span> <span class='ocrx_word' id='word_1_677' title='bbox 2908 3616 3068 3661; x_wconf 84' lang='lat' dir='ltr'><strong>vacat</strong></span> <span class='ocrx_word' id='word_1_678' title='bbox 3114 3624 3180 3662; x_wconf 88' lang='lat' dir='ltr'><strong>ac</strong></span> <span class='ocrx_word' id='word_1_679' title='bbox 3241 3609 3580 3674; x_wconf 87' lang='lat' dir='ltr'><strong>substantia,</strong></span> 
     </span>
    </p>
   </div>
   <div class='ocr_carea' id='block_1_90' title="bbox 2005 3693 3584 3768">
    <p class='ocr_par' dir='ltr' id='par_1_90' title="bbox 2005 3693 3584 3768">
     <span class='ocr_line' id='line_1_90' title="bbox 2005 3693 3584 3768; baseline 0.005 -20"><span class='ocrx_word' id='word_1_680' title='bbox 2005 3693 2081 3748; x_wconf 80' lang='lat' dir='ltr'><strong>sic</strong></span> <span class='ocrx_word' id='word_1_681' title='bbox 2136 3708 2317 3764; x_wconf 90' lang='lat' dir='ltr'><strong>neque</strong></span> <span class='ocrx_word' id='word_1_682' title='bbox 2366 3697 2604 3750; x_wconf 89' lang='lat' dir='ltr'><strong>naturali</strong></span> <span class='ocrx_word' id='word_1_683' title='bbox 2667 3706 2821 3751; x_wconf 89' lang='lat' dir='ltr'><strong>caret</strong></span> <span class='ocrx_word' id='word_1_684' title='bbox 2869 3700 3212 3768; x_wconf 89' lang='lat' dir='ltr'><strong>operatione.</strong></span> <span class='ocrx_word' id='word_1_685' title='bbox 3261 3699 3357 3754; x_wconf 89' lang='lat' dir='ltr'><strong>Sin</strong></span> <span class='ocrx_word' id='word_1_686' title='bbox 3399 3711 3584 3756; x_wconf 79' lang='lat' dir='ltr'><strong>autem</strong></span> 
     </span>
    </p>
   </div>
   <div class='ocr_carea' id='block_1_91' title="bbox 2004 3783 3581 3858">
    <p class='ocr_par' dir='ltr' id='par_1_91' title="bbox 2004 3783 3581 3858">
     <span class='ocr_line' id='line_1_91' title="bbox 2004 3783 3581 3858; baseline 0.004 -21"><span class='ocrx_word' id='word_1_687' title='bbox 2004 3783 2165 3854; x_wconf 86' lang='lat' dir='ltr'><strong>nujus</strong></span> <span class='ocrx_word' id='word_1_688' title='bbox 2202 3801 2413 3854; x_wconf 86' lang='lat' dir='ltr'><strong>expers-</strong></span> <span class='ocrx_word' id='word_1_689' title='bbox 2445 3793 2550 3852; x_wconf 89' lang='lat' dir='ltr'><strong>est,</strong></span> <span class='ocrx_word' id='word_1_690' title='bbox 2595 3787 2785 3857; x_wconf 89' lang='lat' dir='ltr'><strong>utique</strong></span> <span class='ocrx_word' id='word_1_691' title='bbox 2837 3789 3001 3841; x_wconf 90' lang='lat' dir='ltr'><strong>etiam</strong></span> <span class='ocrx_word' id='word_1_692' title='bbox 3058 3789 3206 3842; x_wconf 91' lang='lat' dir='ltr'><strong>illius</strong></span> <span class='ocrx_word' id='word_1_693' title='bbox 3255 3805 3449 3858; x_wconf 79' lang='lat' dir='ltr'><strong>expers</strong></span> <span class='ocrx_word' id='word_1_694' title='bbox 3493 3791 3581 3844; x_wconf 82' lang='lat' dir='ltr'><strong>fu-</strong></span> 
     </span>
    </p>
   </div>
   <div class='ocr_carea' id='block_1_92' title="bbox 2005 3865 3581 3946">
    <p class='ocr_par' dir='ltr' id='par_1_92' title="bbox 2005 3865 3581 3946">
     <span class='ocr_line' id='line_1_92' title="bbox 2005 3865 3581 3946; baseline 0.005 -18"><span class='ocrx_word' id='word_1_695' title='bbox 2005 3891 2125 3930; x_wconf 86' lang='lat' dir='ltr'><strong>tura</strong></span> <span class='ocrx_word' id='word_1_696' title='bbox 2181 3885 2285 3929; x_wconf 90' lang='lat' dir='ltr'><strong>est.</strong></span> <span class='ocrx_word' id='word_1_697' title='bbox 2336 3875 2493 3940; x_wconf 85' lang='lat' dir='ltr'><strong>Quod</strong></span> <span class='ocrx_word' id='word_1_698' title='bbox 2543 3877 2691 3931; x_wconf 89' lang='lat' dir='ltr'><strong>enim</strong></span> <span class='ocrx_word' id='word_1_699' title='bbox 2741 3878 2795 3931; x_wconf 94' lang='lat' dir='ltr'><strong>vi</strong></span> <span class='ocrx_word' id='word_1_700' title='bbox 2865 3893 2929 3932; x_wconf 90' lang='lat' dir='ltr'><strong>ac</strong></span> <span class='ocrx_word' id='word_1_701' title='bbox 2977 3865 3235 3934; x_wconf 77' lang='lat' dir='ltr'><strong>facultate</strong></span> <span class='ocrx_word' id='word_1_702' title='bbox 3297 3890 3467 3946; x_wconf 85' lang='lat' dir='ltr'><strong>caret,</strong></span> <span class='ocrx_word' id='word_1_703' title='bbox 3520 3891 3581 3936; x_wconf 87' lang='lat' dir='ltr'><strong>ut</strong></span> 
     </span>
    </p>
   </div>
   <div class='ocr_carea' id='block_1_93' title="bbox 2005 3970 3581 4042">
    <p class='ocr_par' dir='ltr' id='par_1_93' title="bbox 2005 3970 3581 4042">
     <span class='ocr_line' id='line_1_93' title="bbox 2005 3970 3581 4042; baseline 0.003 -19"><span class='ocrx_word' id='word_1_704' title='bbox 2005 3970 2520 4039; x_wconf 89' lang='lat' dir='ltr'><strong>prorsusimbecille</strong></span> <span class='ocrx_word' id='word_1_705' title='bbox 2717 3982 2879 4042; x_wconf 87' lang='lat' dir='ltr'><strong>atque</strong></span> <span class='ocrx_word' id='word_1_706' title='bbox 2908 3973 3226 4040; x_wconf 86' lang='lat' dir='ltr'><strong>obscurum,</strong></span> <span class='ocrx_word' id='word_1_707' title='bbox 3252 3991 3422 4028; x_wconf 90' lang='lat' dir='ltr'><strong>unum</strong></span> <span class='ocrx_word' id='word_1_708' title='bbox 3443 3975 3581 4028; x_wconf 87' lang='lat' dir='ltr'><strong>nihil</strong></span> 
     </span>
    </p>
   </div>
   <div class='ocr_carea' id='block_1_94' title="bbox 1975 4061 3581 4132">
    <p class='ocr_par' dir='ltr' id='par_1_94' title="bbox 1975 4061 3581 4132">
     <span class='ocr_line' id='line_1_94' title="bbox 1975 4061 3581 4132; baseline 0.002 -16"><span class='ocrx_word' id='word_1_709' title='bbox 1975 4066 1977 4068; x_wconf 75' lang='grc'><strong><em>’</em></strong></span> <span class='ocrx_word' id='word_1_710' title='bbox 2006 4071 2104 4116; x_wconf 84' lang='lat' dir='ltr'><strong>est.</strong></span> <span class='ocrx_word' id='word_1_711' title='bbox 2142 4061 2198 4116; x_wconf 88' lang='lat' dir='ltr'><strong>Si</strong></span> <span class='ocrx_word' id='word_1_712' title='bbox 2235 4062 2366 4132; x_wconf 90' lang='lat' dir='ltr'><strong>quid</strong></span> <span class='ocrx_word' id='word_1_713' title='bbox 2399 4063 2545 4116; x_wconf 90' lang='lat' dir='ltr'><strong>enim</strong></span> <span class='ocrx_word' id='word_1_714' title='bbox 2573 4061 2795 4116; x_wconf 88' lang='lat' dir='ltr'><strong>demum</strong></span> <span class='ocrx_word' id='word_1_715' title='bbox 2829 4064 2883 4117; x_wconf 92' lang='lat' dir='ltr'><strong>in</strong></span> <span class='ocrx_word' id='word_1_716' title='bbox 2916 4065 3081 4118; x_wconf 90' lang='lat' dir='ltr'><strong>rebus</strong></span> <span class='ocrx_word' id='word_1_717' title='bbox 3104 4074 3208 4130; x_wconf 88' lang='lat' dir='ltr'><strong>est,</strong></span> <span class='ocrx_word' id='word_1_718' title='bbox 3237 4067 3581 4121; x_wconf 85' lang='lat' dir='ltr'><strong>constituen-</strong></span> 
     </span>
    </p>
   </div>
   <div class='ocr_carea' id='block_1_95' title="bbox 2007 4153 3583 4227">
    <p class='ocr_par' dir='ltr' id='par_1_95' title="bbox 2007 4153 3583 4227">
     <span class='ocr_line' id='line_1_95' title="bbox 2007 4153 3583 4227; baseline 0.004 -21"><span class='ocrx_word' id='word_1_719' title='bbox 2007 4161 2112 4206; x_wconf 90' lang='lat' dir='ltr'><strong>tem</strong></span> <span class='ocrx_word' id='word_1_720' title='bbox 2153 4153 2235 4206; x_wconf 92' lang='lat' dir='ltr'><strong>sui</strong></span> <span class='ocrx_word' id='word_1_721' title='bbox 2260 4168 2323 4207; x_wconf 91' lang='lat' dir='ltr'><strong>ac</strong></span> <span class='ocrx_word' id='word_1_722' title='bbox 2346 4153 2730 4223; x_wconf 82' lang='lat' dir='ltr'><strong>insignientem</strong></span> <span class='ocrx_word' id='word_1_723' title='bbox 2761 4154 3127 4209; x_wconf 82' lang='lat' dir='ltr'><strong>differentiam</strong></span> <span class='ocrx_word' id='word_1_724' title='bbox 3151 4156 3320 4211; x_wconf 86' lang='lat' dir='ltr'><strong>habet</strong></span> <span class='ocrx_word' id='word_1_725' title='bbox 3346 4158 3583 4227; x_wconf 71' lang='lat' dir='ltr'><strong>(natura:</strong></span> 
     </span>
    </p>
   </div>
   <div class='ocr_carea' id='block_1_96' title="bbox 2006 4241 3582 4314">
    <p class='ocr_par' dir='ltr' id='par_1_96' title="bbox 2006 4241 3582 4314">
     <span class='ocr_line' id='line_1_96' title="bbox 2006 4241 3582 4314; baseline 0.003 -19"><span class='ocrx_word' id='word_1_726' title='bbox 2006 4241 2218 4295; x_wconf 87' lang='lat' dir='ltr'><strong>scilicet</strong></span> <span class='ocrx_word' id='word_1_727' title='bbox 2270 4242 2498 4296; x_wconf 89' lang='lat' dir='ltr'><strong>insitum</strong></span> <span class='ocrx_word' id='word_1_728' title='bbox 2564 4243 2797 4312; x_wconf 90' lang='lat' dir='ltr'><strong>motum)</strong></span> <span class='ocrx_word' id='word_1_729' title='bbox 2851 4258 2979 4312; x_wconf 87' lang='lat' dir='ltr'><strong>qua,</strong></span> <span class='ocrx_word' id='word_1_730' title='bbox 3038 4259 3146 4298; x_wconf 90' lang='lat' dir='ltr'><strong>una</strong></span> <span class='ocrx_word' id='word_1_731' title='bbox 3203 4259 3329 4299; x_wconf 91' lang='lat' dir='ltr'><strong>cum</strong></span> <span class='ocrx_word' id='word_1_732' title='bbox 3381 4259 3582 4314; x_wconf 83' lang='lat' dir='ltr'><strong>genere</strong></span> 
     </span>
    </p>
   </div>
   <div class='ocr_carea' id='block_1_97' title="bbox 2007 4333 3580 4405">
    <p class='ocr_par' dir='ltr' id='par_1_97' title="bbox 2007 4333 3580 4405">
     <span class='ocr_line' id='line_1_97' title="bbox 2007 4333 3580 4405; baseline 0.003 -19"><span class='ocrx_word' id='word_1_733' title='bbox 2007 4343 2306 4402; x_wconf 90' lang='lat' dir='ltr'><strong>assumpta,</strong></span> <span class='ocrx_word' id='word_1_734' title='bbox 2354 4333 2586 4404; x_wconf 87' lang='lat' dir='ltr'><strong>subjecti</strong></span> <span class='ocrx_word' id='word_1_735' title='bbox 2615 4334 2867 4390; x_wconf 88' lang='lat' dir='ltr'><strong>definitio</strong></span> <span class='ocrx_word' id='word_1_736' title='bbox 2890 4345 3137 4390; x_wconf 90' lang='lat' dir='ltr'><strong>struatur</strong></span> <span class='ocrx_word' id='word_1_737' title='bbox 3162 4335 3580 4405; x_wconf 89' lang='lat' dir='ltr'><strong>subjectnmque</strong></span> 
     </span>
    </p>
   </div>
   <div class='ocr_carea' id='block_1_98' title="bbox 2007 4425 3577 4497">
    <p class='ocr_par' dir='ltr' id='par_1_98' title="bbox 2007 4425 3577 4497">
     <span class='ocr_line' id='line_1_98' title="bbox 2007 4425 3577 4497; baseline 0.003 -20"><span class='ocrx_word' id='word_1_738' title='bbox 2007 4438 2124 4478; x_wconf 90' lang='lat' dir='ltr'><strong>esse</strong></span> <span class='ocrx_word' id='word_1_739' title='bbox 2151 4439 2212 4478; x_wconf 87' lang='lat' dir='ltr'><strong>ac</strong></span> <span class='ocrx_word' id='word_1_740' title='bbox 2243 4425 2504 4495; x_wconf 88' lang='lat' dir='ltr'><strong>quidnam</strong></span> <span class='ocrx_word' id='word_1_741' title='bbox 2555 4426 2690 4480; x_wconf 89' lang='lat' dir='ltr'><strong>illud</strong></span> <span class='ocrx_word' id='word_1_742' title='bbox 2722 4427 2814 4492; x_wconf 91' lang='lat' dir='ltr'><strong>sit,</strong></span> <span class='ocrx_word' id='word_1_743' title='bbox 2849 4427 3268 4493; x_wconf 87' lang='lat' dir='ltr'><strong>manifestetur;</strong></span> <span class='ocrx_word' id='word_1_744' title='bbox 3303 4427 3577 4497; x_wconf 79' lang='lat' dir='ltr'><strong>ejusmodi</strong></span> 
     </span>
    </p>
   </div>
   <div class='ocr_carea' id='block_1_99' title="bbox 1933 4509 3578 4590">
    <p class='ocr_par' dir='ltr' id='par_1_99' title="bbox 1933 4509 3578 4590">
     <span class='ocr_line' id='line_1_99' title="bbox 1933 4509 3578 4590; baseline 0.006 -26"><span class='ocrx_word' id='word_1_745' title='bbox 1933 4509 1974 4564; x_wconf 87' lang='grc' dir='ltr'><strong>Ι)</strong></span> <span class='ocrx_word' id='word_1_746' title='bbox 2008 4515 2237 4579; x_wconf 87' lang='lat' dir='ltr'><strong>scilicet,</strong></span> <span class='ocrx_word' id='word_1_747' title='bbox 2283 4525 2343 4570; x_wconf 90' lang='lat' dir='ltr'><strong>ut</strong></span> <span class='ocrx_word' id='word_1_748' title='bbox 2386 4534 2510 4571; x_wconf 90' lang='lat' dir='ltr'><strong>cum</strong></span> <span class='ocrx_word' id='word_1_749' title='bbox 2573 4519 2656 4573; x_wconf 90' lang='lat' dir='ltr'><strong>eis</strong></span> <span class='ocrx_word' id='word_1_750' title='bbox 2711 4536 2833 4589; x_wconf 72' lang='lat' dir='ltr'><strong>qua:</strong></span> <span class='ocrx_word' id='word_1_751' title='bbox 2885 4519 3132 4590; x_wconf 84' lang='lat' dir='ltr'><strong>ejusdem</strong></span> <span class='ocrx_word' id='word_1_752' title='bbox 3180 4519 3394 4590; x_wconf 83' lang='lat' dir='ltr'><strong>generis</strong></span> <span class='ocrx_word' id='word_1_753' title='bbox 3433 4533 3578 4586; x_wconf 86' lang='lat' dir='ltr'><strong>sunt,</strong></span> 
     </span>
    </p>
   </div>
   <div class='ocr_carea' id='block_1_100' title="bbox 2008 4606 3584 4675">
    <p class='ocr_par' dir='ltr' id='par_1_100' title="bbox 2008 4606 3584 4675">
     <span class='ocr_line' id='line_1_100' title="bbox 2008 4606 3584 4675; baseline 0.003 -16"><span class='ocrx_word' id='word_1_754' title='bbox 2008 4607 2154 4660; x_wconf 90' lang='lat' dir='ltr'><strong>nulla</strong></span> <span class='ocrx_word' id='word_1_755' title='bbox 2181 4606 2627 4662; x_wconf 88' lang='lat' dir='ltr'><strong>dissimilitudine</strong></span> <span class='ocrx_word' id='word_1_756' title='bbox 2653 4610 2982 4675; x_wconf 88' lang='lat' dir='ltr'><strong>abhorrens,</strong></span> <span class='ocrx_word' id='word_1_757' title='bbox 3017 4609 3327 4672; x_wconf 85' lang='lat' dir='ltr'><strong>conveniat,</strong></span> <span class='ocrx_word' id='word_1_758' title='bbox 3371 4627 3434 4664; x_wconf 88' lang='lat' dir='ltr'><strong>ac</strong></span> <span class='ocrx_word' id='word_1_759' title='bbox 3463 4628 3584 4664; x_wconf 87' lang='lat' dir='ltr'><strong>rur—</strong></span> 
     </span>
    </p>
   </div>
   <div class='ocr_carea' id='block_1_101' title="bbox 2007 4696 3584 4769">
    <p class='ocr_par' dir='ltr' id='par_1_101' title="bbox 2007 4696 3584 4769">
     <span class='ocr_line' id='line_1_101' title="bbox 2007 4696 3584 4769; baseline 0.001 -19"><span class='ocrx_word' id='word_1_760' title='bbox 2007 4709 2099 4751; x_wconf 79' lang='lat' dir='ltr'><strong>sus</strong></span> <span class='ocrx_word' id='word_1_761' title='bbox 2138 4696 2208 4750; x_wconf 90' lang='lat' dir='ltr'><strong>ab</strong></span> <span class='ocrx_word' id='word_1_762' title='bbox 2258 4696 2358 4759; x_wconf 89' lang='lat' dir='ltr'><strong>eis,</strong></span> <span class='ocrx_word' id='word_1_763' title='bbox 2403 4713 2522 4766; x_wconf 66' lang='lat' dir='ltr'><strong>qua:</strong></span> <span class='ocrx_word' id='word_1_764' title='bbox 2549 4697 2754 4751; x_wconf 84' lang='lat' dir='ltr'><strong>diversi</strong></span> <span class='ocrx_word' id='word_1_765' title='bbox 2801 4699 3019 4769; x_wconf 83' lang='lat' dir='ltr'><strong>generis</strong></span> <span class='ocrx_word' id='word_1_766' title='bbox 3059 4706 3207 4763; x_wconf 89' lang='lat' dir='ltr'><strong>sunt,</strong></span> <span class='ocrx_word' id='word_1_767' title='bbox 3239 4697 3476 4752; x_wconf 87' lang='lat' dir='ltr'><strong>differat.</strong></span> <span class='ocrx_word' id='word_1_768' title='bbox 3507 4699 3584 4752; x_wconf 81' lang='lat' dir='ltr'><strong>Ac</strong></span> 
     </span>
    </p>
   </div>
   <div class='ocr_carea' id='block_1_102' title="bbox 2005 4787 3583 4861">
    <p class='ocr_par' dir='ltr' id='par_1_102' title="bbox 2005 4787 3583 4861">
     <span class='ocr_line' id='line_1_102' title="bbox 2005 4787 3583 4861; baseline 0.003 -21"><span class='ocrx_word' id='word_1_769' title='bbox 2005 4787 2050 4841; x_wconf 91' lang='lat' dir='ltr'><strong>si</strong></span> <span class='ocrx_word' id='word_1_770' title='bbox 2107 4788 2179 4841; x_wconf 90' lang='lat' dir='ltr'><strong>ita</strong></span> <span class='ocrx_word' id='word_1_771' title='bbox 2214 4799 2316 4852; x_wconf 86' lang='lat' dir='ltr'><strong>est,</strong></span> <span class='ocrx_word' id='word_1_772' title='bbox 2363 4789 2455 4858; x_wconf 92' lang='lat' dir='ltr'><strong>qui</strong></span> <span class='ocrx_word' id='word_1_773' title='bbox 2513 4790 2739 4843; x_wconf 91' lang='lat' dir='ltr'><strong>omnino</strong></span> <span class='ocrx_word' id='word_1_774' title='bbox 2797 4789 2907 4853; x_wconf 88' lang='lat' dir='ltr'><strong>fiat,</strong></span> <span class='ocrx_word' id='word_1_775' title='bbox 2960 4797 3022 4842; x_wconf 91' lang='lat' dir='ltr'><strong>ut</strong></span> <span class='ocrx_word' id='word_1_776' title='bbox 3070 4790 3342 4844; x_wconf 89' lang='lat' dir='ltr'><strong>naturalis</strong></span> <span class='ocrx_word' id='word_1_777' title='bbox 3387 4807 3583 4861; x_wconf 82' lang='lat' dir='ltr'><strong>expers</strong></span> 
     </span>
    </p>
   </div>
   <div class='ocr_carea' id='block_1_103' title="bbox 2007 4879 3583 4948">
    <p class='ocr_par' dir='ltr' id='par_1_103' title="bbox 2007 4879 3583 4948">
     <span class='ocr_line' id='line_1_103' title="bbox 2007 4879 3583 4948; baseline 0.004 -16"><span class='ocrx_word' id='word_1_778' title='bbox 2007 4880 2343 4947; x_wconf 85' lang='lat' dir='ltr'><strong>operationis</strong></span> <span class='ocrx_word' id='word_1_779' title='bbox 2366 4879 2530 4948; x_wconf 91' lang='lat' dir='ltr'><strong>(quod</strong></span> <span class='ocrx_word' id='word_1_780' title='bbox 2556 4882 2621 4934; x_wconf 89' lang='lat' dir='ltr'><strong>ad</strong></span> <span class='ocrx_word' id='word_1_781' title='bbox 2649 4896 2866 4934; x_wconf 90' lang='lat' dir='ltr'><strong>carnem</strong></span> <span class='ocrx_word' id='word_1_782' title='bbox 2889 4880 3129 4948; x_wconf 89' lang='lat' dir='ltr'><strong>attinet),</strong></span> <span class='ocrx_word' id='word_1_783' title='bbox 3153 4881 3391 4936; x_wconf 82' lang='lat' dir='ltr'><strong>Verbum</strong></span> <span class='ocrx_word' id='word_1_784' title='bbox 3419 4883 3583 4939; x_wconf 91' lang='lat' dir='ltr'><strong>homo</strong></span> 
     </span>
    </p>
   </div>
   <div class='ocr_carea' id='block_1_104' title="bbox 2006 4967 3584 5042">
    <p class='ocr_par' dir='ltr' id='par_1_104' title="bbox 2006 4967 3584 5042">
     <span class='ocr_line' id='line_1_104' title="bbox 2006 4967 3584 5042; baseline 0.003 -19"><span class='ocrx_word' id='word_1_785' title='bbox 2006 4967 2233 5034; x_wconf 83' lang='lat' dir='ltr'><strong>factum,</strong></span> <span class='ocrx_word' id='word_1_786' title='bbox 2281 4971 2457 5040; x_wconf 90' lang='lat' dir='ltr'><strong>ipsum</strong></span> <span class='ocrx_word' id='word_1_787' title='bbox 2507 4971 2673 5024; x_wconf 86' lang='lat' dir='ltr'><strong>homo</strong></span> <span class='ocrx_word' id='word_1_788' title='bbox 2700 4972 2997 5040; x_wconf 88' lang='lat' dir='ltr'><strong>perfectus,</strong></span> <span class='ocrx_word' id='word_1_789' title='bbox 3031 4980 3126 5027; x_wconf 89' lang='lat' dir='ltr'><strong>ant</strong></span> <span class='ocrx_word' id='word_1_790' title='bbox 3164 4989 3392 5042; x_wconf 88' lang='lat' dir='ltr'><strong>prorsus</strong></span> <span class='ocrx_word' id='word_1_791' title='bbox 3420 4976 3584 5029; x_wconf 91' lang='lat' dir='ltr'><strong>homo</strong></span> 
     </span>
    </p>
   </div>
   <div class='ocr_carea' id='block_1_105' title="bbox 2005 5060 3582 5132">
    <p class='ocr_par' dir='ltr' id='par_1_105' title="bbox 2005 5060 3582 5132">
     <span class='ocr_line' id='line_1_105' title="bbox 2005 5060 3582 5132; baseline 0.003 -18"><span class='ocrx_word' id='word_1_792' title='bbox 2005 5060 2280 5115; x_wconf 78' lang='lat' dir='ltr'><strong>exsistat?</strong></span> <span class='ocrx_word' id='word_1_793' title='bbox 2322 5062 2440 5115; x_wconf 89' lang='lat' dir='ltr'><strong>Non</strong></span> <span class='ocrx_word' id='word_1_794' title='bbox 2487 5062 2636 5115; x_wconf 89' lang='lat' dir='ltr'><strong>enim</strong></span> <span class='ocrx_word' id='word_1_795' title='bbox 2679 5070 2764 5116; x_wconf 85' lang='lat' dir='ltr'><strong>est</strong></span> <span class='ocrx_word' id='word_1_796' title='bbox 2806 5062 2988 5127; x_wconf 85' lang='lat' dir='ltr'><strong>homo,</strong></span> <span class='ocrx_word' id='word_1_797' title='bbox 3038 5064 3132 5131; x_wconf 90' lang='lat' dir='ltr'><strong>qui</strong></span> <span class='ocrx_word' id='word_1_798' title='bbox 3177 5066 3413 5120; x_wconf 89' lang='lat' dir='ltr'><strong>naturali</strong></span> <span class='ocrx_word' id='word_1_799' title='bbox 3456 5081 3582 5132; x_wconf 86' lang='lat' dir='ltr'><strong>epe-</strong></span> 
     </span>
    </p>
   </div>
   <div class='ocr_carea' id='block_1_106' title="bbox 318 5158 3574 5231">
    <p class='ocr_par' dir='ltr' id='par_1_106' title="bbox 318 5158 3574 5231">
     <span class='ocr_line' id='line_1_106' title="bbox 318 5158 3574 5231; baseline -0.001 -15"><span class='ocrx_word' id='word_1_800' title='bbox 318 5163 546 5218; x_wconf 81' lang='lat' dir='ltr'><strong>ratione</strong></span> <span class='ocrx_word' id='word_1_801' title='bbox 573 5162 879 5228; x_wconf 86' lang='lat' dir='ltr'><strong>deficiatur,</strong></span> <span class='ocrx_word' id='word_1_802' title='bbox 911 5164 986 5217; x_wconf 91' lang='lat' dir='ltr'><strong>uti</strong></span> <span class='ocrx_word' id='word_1_803' title='bbox 1008 5178 1105 5218; x_wconf 89' lang='lat' dir='ltr'><strong>nec</strong></span> <span class='ocrx_word' id='word_1_804' title='bbox 1129 5162 1230 5216; x_wconf 87' lang='lat' dir='ltr'><strong>alia</strong></span> <span class='ocrx_word' id='word_1_805' title='bbox 1261 5162 1464 5231; x_wconf 78' lang='lat' dir='ltr'><strong>quaevis</strong></span> <span class='ocrx_word' id='word_1_806' title='bbox 1497 5167 1720 5226; x_wconf 83' lang='lat' dir='ltr'><strong>natura,</strong></span> <span class='ocrx_word' id='word_1_807' title='bbox 1761 5175 1884 5230; x_wconf 67' lang='lat' dir='ltr'><strong>quae</strong></span> <span class='ocrx_word' id='word_1_808' title='bbox 1917 5159 2134 5231; x_wconf 84' lang='lat' dir='ltr'><strong>propria</strong></span> <span class='ocrx_word' id='word_1_809' title='bbox 2175 5173 2240 5213; x_wconf 89' lang='lat' dir='ltr'><strong>ac</strong></span> <span class='ocrx_word' id='word_1_810' title='bbox 2279 5158 2573 5213; x_wconf 78' lang='lat' dir='ltr'><strong>essentiali&#39;</strong></span> <span class='ocrx_word' id='word_1_811' title='bbox 2635 5167 2822 5213; x_wconf 79' lang='lat' dir='ltr'><strong>careat</strong></span> <span class='ocrx_word' id='word_1_812' title='bbox 2877 5161 3158 5215; x_wconf 82' lang='lat' dir='ltr'><strong>facultate.</strong></span> <span class='ocrx_word' id='word_1_813' title='bbox 3222 5160 3373 5228; x_wconf 89' lang='lat' dir='ltr'><strong>Quod</strong></span> <span class='ocrx_word' id='word_1_814' title='bbox 3428 5161 3574 5218; x_wconf 89' lang='lat' dir='ltr'><strong>enim</strong></span> 
     </span>
    </p>
   </div>
   <div class='ocr_carea' id='block_1_107' title="bbox 321 5250 3574 5320">
    <p class='ocr_par' dir='ltr' id='par_1_107' title="bbox 321 5250 3574 5320">
     <span class='ocr_line' id='line_1_107' title="bbox 321 5250 3574 5320; baseline 0.001 -16"><span class='ocrx_word' id='word_1_815' title='bbox 321 5252 448 5304; x_wconf 69' lang='lat' dir='ltr'><strong>haec</strong></span> <span class='ocrx_word' id='word_1_816' title='bbox 481 5250 646 5316; x_wconf 82' lang='lat' dir='ltr'><strong>desit,</strong></span> <span class='ocrx_word' id='word_1_817' title='bbox 678 5261 774 5304; x_wconf 91' lang='lat' dir='ltr'><strong>aut</strong></span> <span class='ocrx_word' id='word_1_818' title='bbox 831 5253 880 5303; x_wconf 87' lang='lat' dir='ltr'><strong>id</strong></span> <span class='ocrx_word' id='word_1_819' title='bbox 911 5263 1154 5318; x_wconf 64' lang='lat' dir='ltr'><strong>praestat,</strong></span> <span class='ocrx_word' id='word_1_820' title='bbox 1192 5260 1248 5304; x_wconf 89' lang='lat' dir='ltr'><strong>ut</strong></span> <span class='ocrx_word' id='word_1_821' title='bbox 1273 5266 1338 5304; x_wconf 90' lang='lat' dir='ltr'><strong>ne</strong></span> <span class='ocrx_word' id='word_1_822' title='bbox 1377 5251 1595 5320; x_wconf 89' lang='lat' dir='ltr'><strong>quidem</strong></span> <span class='ocrx_word' id='word_1_823' title='bbox 1635 5261 1826 5305; x_wconf 87' lang='lat' dir='ltr'><strong>natura</strong></span> <span class='ocrx_word' id='word_1_824' title='bbox 1851 5251 1940 5315; x_wconf 83' lang='lat' dir='ltr'><strong>sit,</strong></span> <span class='ocrx_word' id='word_1_825' title='bbox 1980 5259 2072 5304; x_wconf 91' lang='lat' dir='ltr'><strong>aut</strong></span> <span class='ocrx_word' id='word_1_826' title='bbox 2093 5259 2148 5303; x_wconf 91' lang='lat' dir='ltr'><strong>ut</strong></span> <span class='ocrx_word' id='word_1_827' title='bbox 2183 5259 2388 5302; x_wconf 70' lang='lat' dir='ltr'><strong>natura:</strong></span> <span class='ocrx_word' id='word_1_828' title='bbox 2410 5263 2598 5302; x_wconf 88' lang='lat' dir='ltr'><strong>omnes</strong></span> <span class='ocrx_word' id='word_1_829' title='bbox 2626 5250 2767 5304; x_wconf 89' lang='lat' dir='ltr'><strong>inter</strong></span> <span class='ocrx_word' id='word_1_830' title='bbox 2792 5265 2852 5305; x_wconf 87' lang='lat' dir='ltr'><strong>se</strong></span> <span class='ocrx_word' id='word_1_831' title='bbox 2883 5251 3022 5304; x_wconf 87' lang='lat' dir='ltr'><strong>idem</strong></span> <span class='ocrx_word' id='word_1_832' title='bbox 3048 5255 3178 5315; x_wconf 84' lang='lat' dir='ltr'><strong>sint,</strong></span> <span class='ocrx_word' id='word_1_833' title='bbox 3205 5268 3419 5319; x_wconf 84' lang='lat' dir='ltr'><strong>unaque</strong></span> <span class='ocrx_word' id='word_1_834' title='bbox 3454 5254 3574 5307; x_wconf 89' lang='lat' dir='ltr'><strong>vice</strong></span> 
     </span>
    </p>
   </div>
   <div class='ocr_carea' id='block_1_108' title="bbox 315 5345 3571 5418">
    <p class='ocr_par' dir='ltr' id='par_1_108' title="bbox 315 5345 3571 5418">
     <span class='ocr_line' id='line_1_108' title="bbox 315 5345 3571 5418; baseline 0.001 -20"><span class='ocrx_word' id='word_1_835' title='bbox 315 5345 577 5400; x_wconf 89' lang='lat' dir='ltr'><strong>omnium</strong></span> <span class='ocrx_word' id='word_1_836' title='bbox 608 5345 898 5413; x_wconf 86' lang='lat' dir='ltr'><strong>habeatur,</strong></span> <span class='ocrx_word' id='word_1_837' title='bbox 928 5346 994 5400; x_wconf 92' lang='lat' dir='ltr'><strong>iis</strong></span> <span class='ocrx_word' id='word_1_838' title='bbox 1022 5362 1251 5416; x_wconf 89' lang='lat' dir='ltr'><strong>prorsus</strong></span> <span class='ocrx_word' id='word_1_839' title='bbox 1285 5348 1591 5401; x_wconf 89' lang='lat' dir='ltr'><strong>commistis</strong></span> <span class='ocrx_word' id='word_1_840' title='bbox 1615 5356 1783 5417; x_wconf 87' lang='lat' dir='ltr'><strong>atque</strong></span> <span class='ocrx_word' id='word_1_841' title='bbox 1820 5346 2088 5410; x_wconf 87' lang='lat' dir='ltr'><strong>confusis,</strong></span> <span class='ocrx_word' id='word_1_842' title='bbox 2119 5361 2214 5414; x_wconf 89' lang='lat' dir='ltr'><strong>per</strong></span> <span class='ocrx_word' id='word_1_843' title='bbox 2246 5348 2361 5416; x_wconf 87' lang='lat' dir='ltr'><strong>ejus</strong></span> <span class='ocrx_word' id='word_1_844' title='bbox 2393 5346 2474 5400; x_wconf 86' lang='lat' dir='ltr'><strong>vis</strong></span> <span class='ocrx_word' id='word_1_845' title='bbox 2506 5346 2808 5402; x_wconf 85' lang='lat' dir='ltr'><strong>absentiam</strong></span> <span class='ocrx_word' id='word_1_846' title='bbox 2841 5364 2904 5401; x_wconf 89' lang='lat' dir='ltr'><strong>ac</strong></span> <span class='ocrx_word' id='word_1_847' title='bbox 2925 5349 3222 5415; x_wconf 82' lang='lat' dir='ltr'><strong>facultatis,</strong></span> <span class='ocrx_word' id='word_1_848' title='bbox 3258 5365 3377 5418; x_wconf 70' lang='lat' dir='ltr'><strong>qua:</strong></span> <span class='ocrx_word' id='word_1_849' title='bbox 3435 5364 3571 5403; x_wconf 89' lang='lat' dir='ltr'><strong>cou-</strong></span> 
     </span>
    </p>
   </div>
   <div class='ocr_carea' id='block_1_109' title="bbox 320 5441 3571 5513">
    <p class='ocr_par' dir='ltr' id='par_1_109' title="bbox 320 5441 3571 5513">
     <span class='ocr_line' id='line_1_109' title="bbox 320 5441 3571 5513; baseline 0.002 -19"><span class='ocrx_word' id='word_1_850' title='bbox 320 5441 509 5494; x_wconf 78' lang='lat' dir='ltr'><strong>uituit</strong></span> <span class='ocrx_word' id='word_1_851' title='bbox 557 5451 724 5509; x_wconf 87' lang='lat' dir='ltr'><strong>atque</strong></span> <span class='ocrx_word' id='word_1_852' title='bbox 772 5441 1016 5513; x_wconf 79' lang='lat' dir='ltr'><strong>insignit.</strong></span> <span class='ocrx_word' id='word_1_853' title='bbox 1087 5443 1142 5497; x_wconf 91' lang='lat' dir='ltr'><strong>Si</strong></span> <span class='ocrx_word' id='word_1_854' title='bbox 1197 5443 1340 5498; x_wconf 89' lang='lat' dir='ltr'><strong>enim</strong></span> <span class='ocrx_word' id='word_1_855' title='bbox 1432 5458 1539 5496; x_wconf 92' lang='lat' dir='ltr'><strong>non</strong></span> <span class='ocrx_word' id='word_1_856' title='bbox 1593 5442 1741 5498; x_wconf 86' lang='lat' dir='ltr'><strong>iners</strong></span> <span class='ocrx_word' id='word_1_857' title='bbox 1833 5457 2142 5512; x_wconf 87' lang='lat' dir='ltr'><strong>expersque</strong></span> <span class='ocrx_word' id='word_1_858' title='bbox 2193 5441 2551 5511; x_wconf 80' lang='lat' dir='ltr'><strong>Operationis,</strong></span> <span class='ocrx_word' id='word_1_859' title='bbox 2638 5459 2700 5498; x_wconf 89' lang='lat' dir='ltr'><strong>ea</strong></span> <span class='ocrx_word' id='word_1_860' title='bbox 2799 5445 3013 5498; x_wconf 89' lang='lat' dir='ltr'><strong>ratione</strong></span> <span class='ocrx_word' id='word_1_861' title='bbox 3064 5445 3188 5512; x_wconf 85' lang='lat' dir='ltr'><strong>quia</strong></span> <span class='ocrx_word' id='word_1_862' title='bbox 3237 5453 3323 5500; x_wconf 88' lang='lat' dir='ltr'><strong>est</strong></span> <span class='ocrx_word' id='word_1_863' title='bbox 3377 5445 3571 5512; x_wconf 86' lang='lat' dir='ltr'><strong>homo,</strong></span> 
     </span>
    </p>
   </div>
   <div class='ocr_carea' id='block_1_110' title="bbox 331 5530 3580 5603">
    <p class='ocr_par' dir='ltr' id='par_1_110' title="bbox 331 5530 3580 5603">
     <span class='ocr_line' id='line_1_110' title="bbox 331 5530 3580 5603; baseline 0.003 -21"><span class='ocrx_word' id='word_1_864' title='bbox 331 5530 573 5585; x_wconf 83' lang='lat' dir='ltr'><strong>Verbum</strong></span> <span class='ocrx_word' id='word_1_865' title='bbox 611 5532 818 5600; x_wconf 86' lang='lat' dir='ltr'><strong>dicunt,</strong></span> <span class='ocrx_word' id='word_1_866' title='bbox 861 5534 1032 5598; x_wconf 86' lang='lat' dir='ltr'><strong>palam</strong></span> <span class='ocrx_word' id='word_1_867' title='bbox 1061 5534 1280 5589; x_wconf 86' lang='lat' dir='ltr'><strong>insitam</strong></span> <span class='ocrx_word' id='word_1_868' title='bbox 1327 5549 1390 5589; x_wconf 81' lang='lat' dir='ltr'><strong>ac</strong></span> <span class='ocrx_word' id='word_1_869' title='bbox 1453 5534 1754 5587; x_wconf 89' lang='lat' dir='ltr'><strong>naturalem</strong></span> <span class='ocrx_word' id='word_1_870' title='bbox 1813 5533 2188 5603; x_wconf 83' lang='lat' dir='ltr'><strong>operationem</strong></span> <span class='ocrx_word' id='word_1_871' title='bbox 2238 5532 2314 5585; x_wconf 91' lang='lat' dir='ltr'><strong>illi</strong></span> <span class='ocrx_word' id='word_1_872' title='bbox 2377 5532 2683 5588; x_wconf 85' lang='lat' dir='ltr'><strong>ascribunt.</strong></span> <span class='ocrx_word' id='word_1_873' title='bbox 2739 5535 2859 5599; x_wconf 85' lang='lat' dir='ltr'><strong>Quo</strong></span> <span class='ocrx_word' id='word_1_874' title='bbox 2914 5535 3057 5589; x_wconf 91' lang='lat' dir='ltr'><strong>enim</strong></span> <span class='ocrx_word' id='word_1_875' title='bbox 3114 5535 3220 5588; x_wconf 87' lang='lat' dir='ltr'><strong>alio</strong></span> <span class='ocrx_word' id='word_1_876' title='bbox 3282 5537 3444 5591; x_wconf 91' lang='lat' dir='ltr'><strong>modo</strong></span> <span class='ocrx_word' id='word_1_877' title='bbox 3497 5540 3580 5592; x_wconf 84' lang='lat' dir='ltr'><strong>in-</strong></span> 
     </span>
    </p>
   </div>
   <div class='ocr_carea' id='block_1_111' title="bbox 321 5621 3576 5697">
    <p class='ocr_par' dir='ltr' id='par_1_111' title="bbox 321 5621 3576 5697">
     <span class='ocr_line' id='line_1_111' title="bbox 321 5621 3576 5697; baseline 0.004 -26"><span class='ocrx_word' id='word_1_878' title='bbox 321 5621 646 5691; x_wconf 77' lang='lat' dir='ltr'><strong>telligatur?</strong></span> <span class='ocrx_word' id='word_1_879' title='bbox 677 5623 747 5682; x_wconf 88' lang='lat' dir='ltr'><strong>Ut</strong></span> <span class='ocrx_word' id='word_1_880' title='bbox 775 5626 921 5678; x_wconf 89' lang='lat' dir='ltr'><strong>enim</strong></span> <span class='ocrx_word' id='word_1_881' title='bbox 945 5625 1148 5695; x_wconf 88' lang='lat' dir='ltr'><strong>aliquid</strong></span> <span class='ocrx_word' id='word_1_882' title='bbox 1172 5635 1429 5694; x_wconf 87' lang='lat' dir='ltr'><strong>operetur</strong></span> <span class='ocrx_word' id='word_1_883' title='bbox 1468 5641 1574 5679; x_wconf 88' lang='lat' dir='ltr'><strong>non</strong></span> <span class='ocrx_word' id='word_1_884' title='bbox 1613 5625 1850 5678; x_wconf 85' lang='lat' dir='ltr'><strong>naturali</strong></span> <span class='ocrx_word' id='word_1_885' title='bbox 1877 5623 2074 5679; x_wconf 90' lang='lat' dir='ltr'><strong>fultum</strong></span> <span class='ocrx_word' id='word_1_886' title='bbox 2110 5624 2450 5694; x_wconf 88' lang='lat' dir='ltr'><strong>operatione,</strong></span> <span class='ocrx_word' id='word_1_887' title='bbox 2487 5623 2634 5678; x_wconf 88' lang='lat' dir='ltr'><strong>haud</strong></span> <span class='ocrx_word' id='word_1_888' title='bbox 2696 5640 2936 5694; x_wconf 86' lang='lat' dir='ltr'><strong>unquam</strong></span> <span class='ocrx_word' id='word_1_889' title='bbox 2989 5623 3100 5688; x_wconf 88' lang='lat' dir='ltr'><strong>fiat,</strong></span> <span class='ocrx_word' id='word_1_890' title='bbox 3135 5626 3213 5678; x_wconf 90' lang='lat' dir='ltr'><strong>uti</strong></span> <span class='ocrx_word' id='word_1_891' title='bbox 3278 5641 3457 5697; x_wconf 84' lang='lat' dir='ltr'><strong>neque</strong></span> <span class='ocrx_word' id='word_1_892' title='bbox 3516 5640 3576 5685; x_wconf 89' lang='lat' dir='ltr'><strong>ut</strong></span> 
     </span>
    </p>
   </div>
   <div class='ocr_carea' id='block_1_112' title="bbox 323 5711 3574 5792">
    <p class='ocr_par' dir='ltr' id='par_1_112' title="bbox 323 5711 3574 5792">
     <span class='ocr_line' id='line_1_112' title="bbox 323 5711 3574 5792; baseline 0.004 -30"><span class='ocrx_word' id='word_1_893' title='bbox 323 5711 542 5783; x_wconf 83' lang='lat' dir='ltr'><strong>absque</strong></span> <span class='ocrx_word' id='word_1_894' title='bbox 567 5717 805 5772; x_wconf 88' lang='lat' dir='ltr'><strong>essentia</strong></span> <span class='ocrx_word' id='word_1_895' title='bbox 832 5729 887 5773; x_wconf 90' lang='lat' dir='ltr'><strong>et</strong></span> <span class='ocrx_word' id='word_1_896' title='bbox 918 5728 1106 5772; x_wconf 89' lang='lat' dir='ltr'><strong>natura</strong></span> <span class='ocrx_word' id='word_1_897' title='bbox 1139 5720 1382 5774; x_wconf 80' lang='lat' dir='ltr'><strong>exsistat.</strong></span> <span class='ocrx_word' id='word_1_898' title='bbox 1409 5718 1515 5773; x_wconf 86' lang='lat' dir='ltr'><strong>Sed</strong></span> <span class='ocrx_word' id='word_1_899' title='bbox 1550 5734 1654 5772; x_wconf 88' lang='lat' dir='ltr'><strong>nec</strong></span> <span class='ocrx_word' id='word_1_900' title='bbox 1686 5732 1848 5772; x_wconf 83' lang='lat' dir='ltr'><strong>unam</strong></span> <span class='ocrx_word' id='word_1_901' title='bbox 1895 5717 2073 5773; x_wconf 84' lang='lat' dir='ltr'><strong>solum</strong></span> <span class='ocrx_word' id='word_1_902' title='bbox 2119 5719 2491 5787; x_wconf 87' lang='lat' dir='ltr'><strong>operationem</strong></span> <span class='ocrx_word' id='word_1_903' title='bbox 2535 5718 2843 5773; x_wconf 74' lang='lat' dir='ltr'><strong>naturalem</strong></span> <span class='ocrx_word' id='word_1_904' title='bbox 2894 5717 3114 5786; x_wconf 83' lang='lat' dir='ltr'><strong>habeat,</strong></span> <span class='ocrx_word' id='word_1_905' title='bbox 3147 5717 3238 5789; x_wconf 86' lang='lat' dir='ltr'><strong>qui</strong></span> <span class='ocrx_word' id='word_1_906' title='bbox 3295 5731 3574 5792; x_wconf 85' lang='lat' dir='ltr'><strong>operatur,</strong></span> 
     </span>
    </p>
   </div>
   <div class='ocr_carea' id='block_1_113' title="bbox 312 5808 2205 5880">
    <p class='ocr_par' dir='ltr' id='par_1_113' title="bbox 312 5808 2205 5880">
     <span class='ocr_line' id='line_1_113' title="bbox 312 5808 2205 5880; baseline 0.004 -24"><span class='ocrx_word' id='word_1_907' title='bbox 312 5815 558 5875; x_wconf 74' lang='lat' dir='ltr'><strong>prorsus</strong></span> <span class='ocrx_word' id='word_1_908' title='bbox 587 5821 815 5864; x_wconf 82' lang='lat' dir='ltr'><strong>necesse</strong></span> <span class='ocrx_word' id='word_1_909' title='bbox 841 5819 942 5877; x_wconf 86' lang='lat' dir='ltr'><strong>est,</strong></span> <span class='ocrx_word' id='word_1_910' title='bbox 977 5808 1245 5880; x_wconf 83' lang='lat' dir='ltr'><strong>siquidem</strong></span> <span class='ocrx_word' id='word_1_911' title='bbox 1279 5811 1392 5880; x_wconf 84' lang='lat' dir='ltr'><strong>ipse</strong></span> <span class='ocrx_word' id='word_1_912' title='bbox 1419 5808 1656 5880; x_wconf 76' lang='lat' dir='ltr'><strong>duplicis</strong></span> <span class='ocrx_word' id='word_1_913' title='bbox 1701 5819 1914 5864; x_wconf 66' lang='lat' dir='ltr'><strong>natura:</strong></span> <span class='ocrx_word' id='word_1_914' title='bbox 1952 5810 2205 5866; x_wconf 77' lang='lat' dir='ltr'><strong>exsisrat.</strong></span> 
     </span>
    </p>
   </div>
  </div>
