4052 6292
553 407 688 471 1135

1780 394 2158 455 ΕΗἸἬΥΜΗ
2213 391 2568 452 ΖΙΟΑΒΕΝΙ

3619 387 3727 453 1136

617 518 771 575 Mitto
821 518 1044 582 dicere,
1102 530 1202 571 nec
1248 511 1456 569 Christi
1514 512 1870 581 compositam
1933 523 2124 577 persn-

2300 507 2408 559 Καὶ
2438 525 2499 557 πα
2514 506 2589 574 ρῶ
2612 504 2814 571 λέγειν,
2837 503 2912 566 ὥς
2942 502 3062 555 οὐδὲ
3094 504 3285 568 ἄτομον
3316 501 3507 569 κυρῗως
3533 501 3586 553 τὸ
3613 506 3728 557 κατά

549 626 672 665 naui
716 609 1057 665 individuum
1114 607 1330 677 proprie
1379 618 1523 659 esse.
1574 602 1689 657 Non
1730 602 1871 655 enim
1904 597 2122 652 relatio-

546 713 666 752 nem
727 699 908 762 habet,
964 712 1025 750 ea
1060 697 1297 749 ratione
1368 692 1514 763 quod
1577 708 1640 747 ex
1713 689 2123 760 generalissiuio

546 803 742 858 genere
795 803 892 858 per
942 800 1141 858 genera
1190 785 1505 841 subalterna
1573 784 1625 837 iu
1668 782 2120 853 specialissimam

546 881 779 949 speciem
830 879 1122 944 dividatur,
1196 890 1464 947 suumque
1542 875 1597 929 in
1660 889 1724 929 ea
1806 887 2123 942 processum

547 972 786 1029 deﬁniat.
845 971 1020 1041 Atque
1051 970 1102 1026 id
1158 984 1337 1025 causa:
1385 977 1491 1037 est,
1570 982 1689 1030 cur,
1775 964 2121 1035 sapientissi~

548 1078 638 1117 mo
719 1062 920 1133 Cyrillo
1012 1069 1257 1126 auctore,
1329 1075 1527 1117 nomen
1610 1059 1858 1115 Christus
1923 1057 2120 1113 deﬁni-

544 1154 712 1209 tionis
757 1153 868 1208 vim
926 1153 1150 1207 minime
1240 1152 1459 1206 habeat.
1529 1150 1712 1220 Neque
1796 1150 1941 1206 enim
2001 1164 2124 1219 spe-

546 1246 658 1299 cies
712 1252 814 1311 est,
864 1260 982 1314 quae
1020 1245 1104 1298 de
1159 1244 1343 1297 multis
1377 1258 1606 1298 numero
1649 1242 1927 1297 distinctis
1983 1255 2125 1309 prm-

548 1334 781 1400 dicetur,
806 1348 980 1403 neque
1012 1348 1142 1388 vero
1169 1333 1461 1389 essentiam
1484 1333 1805 1404 cujusquam
1828 1331 2123 1401 signiﬁcat.

548 1422 739 1493 Neque
763 1422 910 1477 enim
942 1423 1278 1477 individuum
1311 1432 1415 1487 est,
1450 1423 1591 1491 quod
1616 1422 1679 1474 ad
1738 1422 1973 1489 speciem
2032 1429 2126 1473 aut

549 1530 721 1585 genus
745 1515 1055 1579 reducatur,
1083 1515 1167 1569 vel
1198 1515 1496 1570 secundum
1568 1515 1865 1570 essentiam
1916 1513 1984 1567 ab
2045 1513 2126 1566 eis

550 1604 1063 1673 circumscribatur;
1095 1608 1189 1661 sed
1219 1620 1448 1676 persona
1471 1606 1795 1674 composita,
1816 1604 2123 1657 naturalem

552 1707 918 1751 extremorum
973 1699 1317 1765 divisionem,
1372 1699 1438 1752 ad
1507 1712 1774 1753 summam
1833 1696 1889 1750 in
1945 1696 2125 1765 seipse

2224 597 2464 669 Χριστὸν
2522 596 2774 649 σύνθετον
2852 594 3074 662 λέγεται
3157 593 3457 660 πρόσωπον.
3524 596 3588 646 Οὐ
3638 597 3726 664 γὰρ

2226 687 2411 757 σχέσιν
2458 688 2572 757 ἔχει
2604 686 2649 718 ’³
2702 686 2839 756 πρὸς
2886 685 2985 753 τὴν
3029 685 3093 736 ὲκ
3150 682 3242 734 τοῦ
3293 684 3625 749 γενικωτάτου
3653 688 3727 752 γέ-

2222 794 2346 840 νους
2411 776 2497 829 διὰ
2532 776 2641 827 τῶν
2704 774 2990 839 summa
3033 770 3367 841 καοιεμένην
3429 774 3586 839 γενῶν
3615 775 3724 841 πρὸς

2223 870 2284 922 τὸ
2336 867 2683 920 εἰδικώτατον
2729 861 2869 928 εἶδος
2895 865 3186 936 διαίρεσιν,
3231 862 3325 916 καὶ
3382 864 3438 914 ὲν
3477 864 3607 931 αὐτῷ
3646 866 3724 933 τῆν

2224 959 2425 1012 οίκείαν
2458 959 2681 1031 πρόοδον
2722 957 3194 1026 περιγράφουσαν.
3265 953 3426 1007 Ὅθεν
3461 954 3543 1008 διὰ
3581 954 3725 1019 τοῦτο,

2226 1053 2367 1107 κατὰ
2398 1050 2489 1103 τὸν
2547 1049 2873 1119 σοφώτατον
2913 1047 3200 1118 Κύριλλον,
3244 1046 3304 1099 τδ
3330 1046 3539 1115 Χριστὸς
3577 1048 3729 1116 (ονομα,

2225 1144 2347 1197 οὔτε
2400 1144 2528 1210 ὅρου
2563 1141 2794 1209 δύναμιν
2820 1140 2957 1210 ἔχει’
3015 1139 3138 1192 οὐδὲ
3186 1139 3296 1207 γὰρ
3329 1132 3464 1201 εἶδός
3502 1140 3603 1191 ἐστι
3630 1141 3731 1192 πολ.

2226 1235 2335 1289 λῶν
2387 1234 2604 1304 ἀριθμῷ
2665 1233 3031 1305 διαφερόντων
3090 1232 3574 1302 κατηγορούμενον,
3630 1233 3727 1284 οὗτε

2232 1328 2338 1397 μὴν
2366 1327 2466 1397 τήν
2504 1325 2647 1388 τινὸς
2682 1324 2872 1376 οὐσίαν
2907 1323 3079 1393 δηλοῖ.
3106 1321 3245 1376 Οὐδὲ
3276 1322 3383 1390 γὰρ
3416 1320 3595 1391 ἀτομόν
3615 1323 3728 1387 ἐστι,

2226 1420 2361 1489 πρὸς
2387 1412 2522 1480 εἶδος
2562 1416 2595 1486 ἢ
2631 1416 2785 1483 γένος
2806 1416 3158 1484 ἀναγόμενον,
3219 1413 3253 1482 ἦ
3301 1412 3420 1466 κατ’
3444 1413 3609 1466 οὐσίαν
3648 1415 3728 1467 ὑπὸ

2224 1511 2429 1563 τούτων
2490 1509 2989 1578 περιγραφόμενον·
3042 1506 3157 1560 ἀλλ’
3182 1507 3477 1569 ὑπόστασις
3502 1506 3729 1568 σύνθετος,

2224 1605 2323 1673 τὴν
2375 1603 2613 1673 φυσικὴν
2667 1601 2775 1654 τῶν
2832 1602 3017 1670 ἄκρων
3066 1599 3332 1670 διαίρεσιν
3363 1599 3420 1650 ὲν
3462 1599 3613 1669 ἑαυτῇ
3637 1601 3731 1652 κατ’

2226 1692 2392 1763 ἄκρον
2418 1692 2767 1756 ταυτίζουσα,
2796 1691 2889 1744 καί⁵
2921 1690 3001 1753 εἰς
3035 1688 3092 1741 ἓν
3110 1688 3319 1759 ἄγουσα
3341 1690 3407 1758 τῇ
3434 1689 3537 1742 τῶν
3556 1688 3733 1774 οίκείων

554 1789 888 1845 identitatem
911 1800 1069 1859 atque
1101 1791 1636 1860 unitatem,partium
1663 1803 1887 1844 suarum
1921 1788 2123 1842 unione

2229 1789 2415 1839 ὲνὼσει
2457 1785 2661 1856 μερῶν.

558 1880 798 1934 trahens.

557 1986 807 2055 Eiusdem
842 1989 896 2042 in
927 1988 1023 2041 illa
1052 1989 1226 2050 verba,
1260 2005 1276 2037 ι
1315 1986 1492 2049 Pater,
1512 1985 1558 2037 si
1588 1986 1705 2054 fieri
1734 1992 1918 2053 potest,
1952 1994 2125 2038 trans-

1043 2068 1126 2111 eat
1165 2075 1197 2111 a
1221 2072 1302 2112 me
1321 2057 1463 2109 calta:
1490 2058 1604 2109 iste.
1621 2075 1640 2108 ι

628 2169 685 2225 Si
725 2170 854 2226 illud
893 2170 1113 2234 :Pater,
1146 2171 1191 2223 si
1231 2169 1349 2239 ﬁeri
1408 2178 1600 2237 potest,
1662 2176 1896 2221 transeat
1967 2182 2000 2219 a
2045 2180 2126 2218 me

551 2264 695 2317 calix
740 2263 780 2327 ',
808 2262 1027 2331 pavoris
1090 2264 1193 2314 vim
1246 2261 1467 2326 habens,
1511 2262 1589 2315 sic
1635 2259 1872 2313 hominis
1931 2256 2123 2312 existi-

551 2370 693 2422 mas,
724 2364 782 2409 ut
812 2353 1118 2408 Servatoris
1154 2366 1274 2407 esse
1314 2366 1420 2406 non
1463 2360 1639 2421 putes,
1674 2351 1821 2421 quod
1855 2347 1972 2417 ejus
2027 2362 2125 2402 vo-

552 2449 731 2504 luntas
762 2446 874 2502 Deo
916 2461 1022 2501 non
1093 2447 1432 2510 adversetur,
1483 2445 1736 2514 quoniam
1776 2458 1841 2497 ex
1903 2442 2014 2496 Deo
2053 2442 2128 2498 sit

555 2550 689 2607 tota,
714 2542 806 2593 sed
835 2538 1067 2594 hominis
1098 2538 1250 2603 meri,
1282 2537 1471 2608 quales
1501 2551 1599 2591 nos
1626 2551 1831 2600 sumus,
1861 2536 1950 2604 qui
2019 2535 2128 2591 Deo

556 2632 609 2685 iu
637 2630 822 2685 multis
848 2630 1077 2697 resistit,
1109 2630 1447 2692 adversatur,
1479 2637 1538 2682 ut
1589 2627 1747 2681 divus
1810 2626 1883 2680 ait
1933 2626 2131 2697 Grego-

557 2724 691 2787 rius,
751 2719 959 2789 reliqua
990 2719 1075 2773 illa
1103 2718 1434 2787 precationis
1484 2731 1610 2786 pars
1641 2714 1803 2769 :Non
1840 2715 1976 2785 quod
2036 2732 2129 2785 ego

556 2811 691 2875 volo,
726 2809 816 2863 sed
867 2818 960 2862 tua
1010 2808 1249 2862 voluntas
1288 2806 1457 2860 valeat
1482 2806 1529 2869 ',
1565 2804 1869 2859 formidinis
1915 2817 1984 2857 an
2020 2806 2128 2858 vir-

558 2902 969 2966 tutis,summ:e
1027 2897 1427 2968 conjunCtionis
1496 2912 1565 2951 an
1625 2894 1983 2951 dissensionis
2021 2895 2125 2949 vim

558 2996 761 3052 habere
801 2994 1013 3050 videtur
1062 2992 1212 3047 tibi?
1283 2989 1454 3046 Nemo
1515 2991 1776 3060 profecto,
1821 2990 1912 3060 qui
1964 3003 2130 3044 sanus

557 3088 651 3152 sit,
706 3101 767 3142 ea
817 3082 1187 3141 vcrbatimori
1241 3092 1295 3136 et
1353 3080 1721 3151 repugnantia:
1763 3078 1987 3143 tribuet.
2033 3077 2128 3135 sed

558 3177 927 3247 conjunctioni
964 3174 1142 3246 potius
1172 3171 1425 3242 perlecta:
1454 3180 1508 3227 et
1544 3170 1919 3226 couscnsioni.

631 3354 783 3423 Quod
807 3354 853 3409 si
881 3350 1279 3422 coniunctionis
1318 3358 1399 3405 est
1428 3348 1681 3417 perfectae
1711 3357 1872 3419 atque
1899 3364 2132 3405 consen-

2234 1988 2345 2043 Τοῦ
2377 1988 2562 2041 αὐτοῦ
2596 1987 2664 2040 ἐκ
2713 1985 2822 2040 τοῦ
2868 1987 2956 2051 εις
2988 1987 3076 2052 τὸ,
3116 2003 3134 2036 ι
3169 1985 3385 2054 Πάτερ,
3423 1988 3472 2039 ει
3503 1983 3739 2047 δυνατὸν,

2335 2058 2678 2127 παρελθέτω
2701 2056 2804 2111 ἀπ’
2845 2057 2994 2126 ἐμοῦ
3024 2059 3092 2110 τὸ
3119 2057 3412 2125 ποτήριον
3439 2056 3616 2110 τοῦτο.
3638 2074 3655 2106 ι

2301 2174 2362 2227 Et
2394 2173 2474 2238 τὸ,
2499 2170 2713 2241 Πάτερ,
2745 2175 2795 2227 εί
2822 2172 3109 2239 δυνατὸν,
3143 2171 3488 2240 παρελθέτω
3516 2169 3606 2225 ἀπ’
3627 2168 3743 2238 ἐμοῦ

2227 2266 2293 2320 τὸ
2318 2265 2630 2333 ποτήριον,
2662 2264 2929 2335 συστολῆς
2962 2263 3204 2334 ἔμφασιν
3235 2263 3359 2333 ἕχον
3388 2262 3477 2316 τοῦ
3502 2262 3742 2333 ἀνθρώπου

2226 2357 2548 2427 λαμϐάνεις,
2576 2358 2636 2410 οὐ
2668 2356 2763 2409 τοῦ
2797 2358 2939 2410 κατὰ
2971 2358 3061 2409 τὸν
3109 2356 3347 2427 Σωτῆρα
3382 2355 3677 2425 νοουμένου·
3699 2356 3745 2406 τὸ

2229 2451 2336 2520 γὰρ
2373 2450 2582 2502 ἐκείνου
2635 2448 2815 2502 θέλειν
2868 2449 2989 2501 οὐδὲ
3045 2449 3373 2502 ὑπεναντίον
3423 2448 3552 2519 Θεῷ,
3584 2445 3745 2500 Θεωῦὶν

2230 2540 2374 2605 ὅλον,
2404 2539 2540 2591 ἀλλὰ
2572 2538 2668 2591 τοῦ
2704 2538 2828 2592 καθ’
2857 2539 3005 2608 ἡμᾶς
3035 2536 3112 2600 ὡς
3166 2538 3233 2589 οὐ
3282 2536 3495 2597 πάντως
3522 2535 3745 2603 ἑπομένου

2230 2629 2307 2699 τῷ
2341 2629 2505 2699 Θείῳ,
2557 2627 2673 2681 ἀλλ’
2697 2627 3115 2690 ἀντιπίπτοντος
3147 2627 3229 2691 ὡς
3258 2626 3327 2679 τὰ
3357 2624 3537 2689 πολλὰ,
3569 2622 3652 2677 καὶ
3676 2622 3749 2675 ἀν-

2230 2721 2632 2785 τιπαλαίοντος,
2667 2712 2702 2793 ᾖ
2738 2736 2906 2790 φησιν
2938 2721 2966 2771 ὁ
3008 2719 3152 2783 θεῖος
3206 2717 3527 2789 Γρηγόριος,
3565 2716 3619 2769 τδ
3648 2714 3747 2779 ὲξῖς

2229 2813 2327 2881 τῆς
2353 2811 2542 2881 εὐχῆς,
2575 2811 2745 2880 ἤγουν
2770 2809 2833 2864 τὸ
2861 2812 2984 2880 Οἰνχ
3008 2810 3038 2864 ὃ
3056 2810 3171 2880 ἐγὼ
3190 2810 3368 2871 θέλω,
3397 2808 3544 2863 ἀλλὰ
3571 2808 3631 2861 τό
3658 2807 3749 2859 σιίν

2231 2902 2493 2971 ἱσχυέτω
2530 2904 2779 2970 θέλημα,
2806 2902 2861 2955 τί
2899 2919 2981 2955 σοι
3010 2903 3177 2967 δοκεῖ,
3204 2899 3469 2969 συστολῆς
3507 2898 3749 2966 ὑπάρχειν,

2237 2994 2265 3066 ἢ
2298 2992 2520 3065 ἀνδρίας
2549 3010 2563 3059 ;
2599 2992 2933 3056 συννεύσεως
2955 2993 3154 3064 ἄκρας,
3190 2992 3228 3062 ἢ
3265 2991 3617 3055 διαστάσεως;
3639 2986 3751 3039 Ἀλλ’

2232 3087 2313 3140 ὃτι
2346 3085 2446 3155 μὲν
2495 3086 2597 3139 οὐκ
2639 3084 3053 3148 ἀντιπτώσεως,
3086 3083 3217 3136 οὗτε
3261 3083 3488 3147 δειλίας,
3521 3077 3754 3150 συμφυὴς

2157 3182 2201 3241 C
2235 3179 2287 3232 δὲ
2327 3178 2532 3248 μᾶλλον
2561 3178 2811 3239 ἐντελοῦς
2843 3176 2940 3232 καὶ
2980 3175 3361 3241 συννεύσεως,
3392 3173 3558 3236 οὐδεὶς
3580 3170 3755 3243 ἀντερεῖ

2236 3270 2341 3322 τῶν
2370 3268 2493 3323 νοῦν
2524 3268 2775 3339 ἑχόντων.

2306 3363 2419 3416 Καὶ
2466 3363 2518 3416 εί
2560 3362 2843 3433 συμφυΐας
2883 3360 3132 3423 ἐντελοῦς
3180 3361 3284 3415 καὶ
3343 3359 3673 3422 συννεὺσεως,
3706 3356 3754 3407 ἐκ

562 3446 755 3512 sionis,
791 3458 857 3499 ex
887 3458 1122 3513 quonam
1163 3440 1425 3510 suscipit?
1460 3454 1525 3493 ex
1551 3439 1790 3499 homine.
1815 3441 2004 3510 quales
2036 3456 2130 3496 nos

2234 3456 2379 3519 τίνος
2403 3455 2610 3525 ταύτην
2642 3454 2939 3524 προσδέχῃ,
2979 3451 3077 3507 τοῦ
3103 3451 3233 3506 καθ’
3278 3453 3445 3523 ἡμᾶς,
3475 3453 3507 3524 ἢ
3533 3452 3619 3505 τοῦ
3645 3450 3755 3503 κατὰ

560 3552 768 3603 sumus,
811 3545 903 3590 aut
956 3548 1021 3589 ex
1052 3531 1298 3597 homine,
1333 3531 1425 3600 qui
1457 3531 1752 3584 secundum
1791 3529 2130 3586 Servatorcm

2234 3548 2326 3599 τὸν
2354 3545 2584 3617 Σωτῆρα
2614 3545 2906 3609 νοουμένου
2942 3542 3237 3613 ἀνθρώπου
3263 3561 3278 3610 ;
3326 3542 3463 3597 ⁹Δ).λ’
3498 3542 3543 3594 εί
3574 3542 3659 3611 μὲν
3683 3535 3755 3590 τοῦ

561 3626 927 3698 intelligitur?
972 3625 1042 3679 At
1074 3625 1119 3679 si
1158 3638 1223 3678 ex
1248 3623 1467 3679 homine
1490 3621 1748 3693 simplici,
1811 3622 1998 3692 quales
2037 3638 2130 3678 nos

2236 3638 2357 3690 καθ’
2387 3639 2557 3707 ἡμᾶς,
2586 3637 2908 3710 ἡμάρτηται
2934 3635 3068 3706 περὶ
3096 3635 3271 3689 αὐτοῦ
3296 3634 3615 3705 διαγορεύων
3640 3636 3663 3686 ό
3684 3630 3757 3685 τοῦ

560 3734 765 3786 sumus,
789 3716 955 3773 falsus
981 3725 1063 3772 est
1084 3728 1263 3771 sermo
1330 3713 1703 3785 praeceptoris,
1762 3727 1922 3783 quem
1991 3714 2130 3768 dixi-

2238 3728 2496 3800 ρηοέντος
2519 3727 2848 3781 διδασκάλου
2878 3726 3061 3794 λόγος,
3086 3727 3162 3790 ὡς
3187 3728 3253 3780 οὐ
3284 3727 3497 3788 πάντως
3529 3723 3755 3792 ἑπομένου

562 3826 701 3876 nius,
732 3824 854 3865 cum
890 3807 1127 3870 divinam
1151 3804 1372 3860 omnino
1415 3804 1746 3859 voluntatem
1781 3818 1887 3859 non
1936 3819 2130 3875 sequa-

2234 3820 2311 3891 τῷ
2341 3819 2472 3891 θείῳ
2496 3818 2783 3890 θελήματι,
2809 3818 2925 3872 ἀλλ’
2960 3819 3387 3883 ἀντιπίπτοντος
3418 3818 3490 3882 ὡς
3515 3818 3576 3871 τά
3602 3815 3757 3878 mili.

561 3912 671 3967 tur,
704 3904 799 3957 sed
831 3900 879 3954 ei
907 3899 1222 3970 plerumque
1246 3904 1531 3966 repugnet.
1579 3894 1714 3949 Nam
1774 3896 1819 3950 si
1863 3897 2130 3966 sequitur,

2235 3914 2331 3967 καί
2359 3912 2831 3977 ἀντιπαλαίοντος.
2868 3912 2930 3966 Ei
2954 3913 3062 3983 γὰρ
3085 3912 3305 3979 ἕπεται,
3339 3915 3438 3967 οὐκ
3469 3913 3753 3972 ἀντιπίπτει,

563 4009 670 4051 non
696 4000 980 4064 repugnat,
1006 3992 1089 4045 sin
1125 3998 1410 4059 repugnat,
1440 4003 1550 4043 non
1580 3988 1849 4059 sequitur.
1884 3990 2130 4044 Alterum

2236 4004 2331 4056 καὶ
2354 4002 2403 4055 εί
2436 4002 2777 4069 ἀντιπίπτει,
2814 4003 2915 4073 οὐχ
2944 4003 3161 4055 ἕπεται.
3195 4003 3424 4075 Θατὲρῳ
3448 4005 3546 4071 γὰρ
3570 4002 3757 4076 Θάτερον

563 4085 707 4137 enim
736 4082 804 4137 ab
840 4082 1015 4135 altero
1061 4087 1118 4133 ut
1172 4093 1202 4132 a
1243 4078 1522 4134 contrario
1559 4079 1767 4133 tollitur
1784 4089 1837 4134 et
1857 4078 2130 4135 aufertur.

2234 4097 2308 4160 ὡς
2339 4098 2715 4168 ἀντικείμενον
2755 4098 3065 4169 ἀναιρεῖται
3104 4100 3202 4152 καὶ
3248 4100 3627 4169 ὑπεξίσταται·
3653 4101 3757 4155 είδὲ

563 4175 715 4240 Quod
746 4174 790 4228 si
832 4172 1060 4237 homini,
1096 4186 1203 4225 non
1238 4171 1426 4240 quales
1477 4185 1578 4225 nos
1631 4185 1842 4237 sumus,
1898 4187 2045 4227 mero
2081 4183 2130 4229 et

2238 4188 2317 4260 μὴ
2343 4188 2440 4242 τοῦ
2477 4190 2602 4243 καθ’
2630 4190 2799 4260 ἡμᾶς,
2831 4189 2968 4242 ἀλλὰ
2994 4189 3087 4248 τοῦ
3114 4192 3260 4249 καεὰ
3287 4192 3379 4250 τδν
3406 4198 3618 4267 Σωτῆρα
3640 4212 3759 4247 νοτυ-

562 4266 819 4335 simplici,
866 4267 957 4319 sed
989 4275 1047 4319 ut
1076 4263 1347 4319 Servatori
1381 4262 1573 4319 tribuis
1600 4265 1760 4318 verba
1793 4263 1883 4317 illa
1942 4282 1955 4318 :
2010 4264 2130 4318 Non

2238 4240 2402 4349 μένου
2447 4240 2738 4351 ἀνθρώπου
2756 4240 3096 4355 Πὶιαμὸἁνεις
3121 4286 3204 4351 τὸ,
3405 4240 3755 4357 ἕνη-ϐω.

563 4357 699 4426 quod
732 4372 823 4424 ego
863 4356 1001 4423 υοίο,
1038 4357 1127 4407 sed
1182 4363 1272 4409 tua
1328 4354 1574 4410 voluntas
1631 4355 1828 4424 valeat,
1863 4372 2130 4411 summam

2236 4356 2396 4424 ἀλλὰ
2424 4370 2489 4425 τὸ
2522 4373 2639 4425 σόν
2672 4354 2928 4446 ὶσχυέτω
2959 4378 3208 4449 θέλημα,
3236 4354 3544 4452 τὴν-ἄκραν
3580 4375 3660 4430 τοῦ
3692 4375 3761 4426 ἀν-

566 4454 817 4511 humana:
844 4450 1136 4509 voluntatis
1168 4465 1287 4508 cum
1310 4450 1492 4507 divina
1532 4451 1703 4521 ipsius
1736 4452 2012 4509 voluntate
2038 4468 2130 4523 pa-

2238 4463 2517 4534 θρωπικοῠ
2545 4470 2681 4539 πρὸς
2704 4469 2765 4522 τὸ
2800 4470 2945 4523 οεῖον
2976 4468 3143 4522 αὐτοῦ
3176 4450 3395 4540 θέλήμα
3423 4474 3513 4523 καὶ
3538 4464 3758 4535 πατρικὸν

567 4565 721 4603 terna
769 4547 1182 4603 consensionem
1220 4546 1519 4611 contlteris,
1550 4554 1605 4598 et
1635 4546 1769 4599 duas
1808 4544 2130 4619 voluntates.

2237 4556 2594 4631 ὡμολόγησας
2621 4560 2924 4627 σύννευσιν,
2960 4562 3052 4616 καὶ
3098 4561 3191 4616 δύο
3224 4560 3320 4616 τοῦ
3367 4560 3551 4615 διπλοῦ
3576 4558 3660 4630 τὴν
3684 4555 3761 4625 φύ-

564 4647 807 4714 duasque
851 4642 1095 4695 actiones
1166 4637 1443 4695 naturales
1471 4636 1740 4710 duplicem
1776 4644 2027 4698 uabentis
2045 4661 2140 4698 na-

569 4750 743 4794 turam
777 4734 1087 4801 constituis,
1128 4748 1251 4788 eum
1279 4741 1459 4789 tamen
1486 4748 1676 4788 earum
1728 4745 1925 4788 neutra
1981 4736 2139 4792 alteri

566 4835 903 4892 adversetur,
959 4828 1090 4883 licet
1135 4826 1440 4881 naturalem
1498 4826 1555 4881 in
1591 4828 1842 4885 omnibus
1893 4828 2144 4885 ditteren-

567 4926 696 4978 tiam
725 4921 980 4977 habuerit
1006 4934 1220 4987 eorum,
1250 4936 1316 4976 ex
1364 4919 1583 4990 quibus,
1613 4929 1669 4974 et
1712 4920 1766 4974 in
1838 4922 2036 4991 quibus
2083 4933 2138 4980 et

566 5032 685 5089 quae
713 5023 832 5092 erat
854 5015 970 5085 ipse
995 5015 1292 5070 secundum
1323 5024 1595 5089 naturam.
1622 5009 1696 5067 At
1739 5012 1785 5068 si
1835 5013 2136 5071 rationibus

568 5110 653 5164 his
678 5107 858 5162 victus
888 5121 952 5161 eo
991 5105 1320 5174 prolugeris,
1348 5115 1406 5158 ut
1437 5106 1608 5169 dicas,
1659 5119 1845 5175 neque
1899 5105 2137 5164 hominis

568 5202 710 5271 puri,
743 5199 929 5271 quales
952 5213 1052 5252 nos
1080 5213 1289 5261 sumus,
1323 5213 1500 5266 neque
1546 5198 1784 5259 hominis
1820 5207 1877 5253 ut
1938 5199 2141 5259 Serva-

571 5295 702 5349 toris
752 5307 871 5348 esse
899 5304 961 5346 ea
1009 5289 1174 5343 verba
1211 5306 1224 5342 ε
1259 5286 1378 5340 Non
1406 5288 1543 5357 quod
1573 5304 1664 5358 ego
1696 5289 1832 5356 volo,
1892 5292 1989 5346 sed
2045 5308 2140 5362 per

568 5388 913 5458 negationem
954 5385 1020 5440 ad
1060 5379 1331 5451 Unigeuiti
1367 5380 1633 5449 principio
1671 5393 1947 5438 carentem
2001 5383 2141 5438 divi-

568 5484 790 5538 nitatem
828 5480 1042 5548 referri,
1066 5479 1210 5549 quod
1261 5486 1456 5541 prmter
1500 5471 1715 5526 Patrem
1762 5475 1876 5544 ipse
1928 5477 2141 5545 proprie

568 5574 770 5644 aliquid
795 5575 930 5628 velle
952 5589 1055 5627 non
1088 5569 1259 5642 possit
1286 5586 1299 5624 :
1337 5582 1468 5638 ergo
1491 5566 1702 5634 etquod
1744 5567 1933 5631 noluit,
1962 5569 2010 5621 id
2035 5578 2140 5631 est,

569 5667 752 5720 calicis
811 5665 1141 5734 deprecatio,
1201 5664 1267 5716 ad
1328 5661 1499 5727 ipsam
1549 5658 1817 5729 principio
1869 5671 2143 5714 carentem

570 5754 1241 5810 divinitatemneessario
1265 5750 1545 5807 referetur.
1606 5749 1741 5806 Nam
1798 5750 1843 5806 si
1898 5751 2144 5821 negatio-

642 5873 660 5904 ⁸
692 5872 883 5929 ιιιιιιι.
914 5889 1033 5927 un
1065 5912 1079 5939 ,
1106 5874 1196 5929 59.
1270 5874 1290 5905 ²
1314 5872 1445 5927 Ibid.

2240 4673 2325 4709 σιν
2358 4656 2456 4717 τάς
2486 4671 2541 4706 τε
2575 4655 2822 4725 θελήσεις
2868 4654 2959 4707 καὶ
2984 4653 3271 4725 ἐνεργείας
3293 4654 3437 4708 κατά
3459 4652 3610 4723 φύσιν
3628 4650 3758 4710 οὔσας

2241 4745 2599 4815 παρέστησας
2634 4745 2692 4796 ὲν
2746 4743 3007 4814 οὐδετέρᾳ
3056 4744 3157 4813 τὴν
3213 4742 3437 4798 οἱανοῦν
3490 4742 3759 4798 ἐναντίωσιν

2239 4835 2481 4905 ἔχοντος,
2524 4836 2574 4887 εί
2599 4836 2691 4887 καὶ
2730 4833 2828 4903 τὴν
2855 4834 3097 4903 φυσικὴν
3122 4834 3180 4885 ὲν
3202 4834 3375 4886 πᾶσιν
3408 4830 3519 4902 εἶχε
3541 4825 3759 4897 διαφορὰν

2240 4929 2349 4981 τῶν
2381 4927 2443 4991 ἐξ
2470 4922 2568 4990 ὧν,
2626 4927 2685 4979 ὲν
2714 4920 2800 4989 αἷς
2835 4943 2896 4979 τε
2946 4927 3045 4979 καὶ
3094 4924 3242 4992 ἅπερ
3277 4920 3348 4996 ἦν
3400 4926 3428 4977 δ
3464 4922 3614 4984 αὐτὸς
3651 4916 3760 4973 κατὰ

2246 5019 2427 5087 φύσιν.
2456 5019 2517 5073 Εἰ
2546 5018 2603 5072 δὲ
2630 5017 2840 5081 τούτοις
2867 5017 3251 5089 ἐξειργόμενος
3278 5018 3394 5079 τοῖς
3415 5014 3669 5083 λογισμοᾱ
3691 5010 3761 5061 ἐπὶ

2236 5110 2298 5163 τὸ
2328 5110 2511 5178 λέγειν
2558 5112 2821 5180 προάγεις
2858 5109 2999 5179 μήτε
3036 5107 3132 5161 τοῦ
3194 5108 3322 5161 καθ’
3352 5108 3517 5179 ἡμᾶς,
3545 5104 3665 5175 μήτε
3689 5096 3759 5152 τοῦ

2239 5201 2378 5256 κατὰ
2399 5202 2490 5253 τὸν
2517 5201 2746 5270 Σωτῆρα
2773 5200 3069 5270 νοουμένου
3096 5197 3391 5271 ἀνθρώπου
3414 5195 3679 5265 τυγχάνειν
3695 5188 3757 5248 τδρ

2242 5297 2363 5363 Οὐχ
2393 5294 2422 5347 ὃ
2462 5293 2576 5363 ἐγὼ
2606 5295 2776 5359 θέλω,
2798 5293 2911 5347 ἀλλ’
2926 5292 3238 5364 ἀρνητικῶς
3281 5291 3377 5344 ἐπὶ
3395 5294 3491 5361 τῆς
3517 5282 3597 5341 τοῦ
3623 5283 3761 5339 Μονο-

2240 5386 2433 5455 γενοῦς
2462 5386 2708 5456 ἀνάρχου
2734 5386 2989 5457 θεότητος
3022 5385 3292 5456 φέρεσθαι
3324 5384 3415 5437 τοῦ
3438 5401 3486 5437 τι
3511 5380 3663 5435 θέλειν
3685 5372 3759 5425 αὖ·

2240 5480 2329 5531 τὸν
2362 5478 2507 5541 ἰδίως
2531 5480 2684 5550 παρὰ
2708 5480 2803 5531 τὸν
2840 5478 3057 5549 Πατέρα
3083 5479 3324 5546 διεῖργον
3350 5492 3365 5506 ·
3407 5471 3591 5527 οὐκοῦν
3611 5466 3688 5521 καὶ
3713 5459 3759 5512 τὺ

2245 5571 2475 5641 Θεληθὲν
2497 5571 2634 5640 ὅπερ
2664 5570 2815 5623 ἐστὶν
2849 5570 2998 5641 ί)τοῦ
3030 5570 3299 5640 ποτηρίου
3354 5565 3658 5637 παραίτησις
3685 5550 3758 5605 ἐπὶ

2242 5664 2416 5731 αὐτῆς
2445 5665 2660 5731 ἀνάγκη
2688 5665 2871 5733 φέρειν
2896 5663 2993 5732 τῆς
3021 5664 3258 5733 ἀνάρχου
3294 5660 3557 5728 θεότητος.
3596 5649 3647 5702 Ei
3674 5642 3758 5733 if"?

2248 5755 2467 5810 καὶτοῦ
2517 5773 2572 5809 τι
2620 5755 2795 5810 Θέλειν
2860 5756 3009 5820 ίδίως
3064 5732 3352 5821 ἀναίρεσιν
3404 5752 3503 5820 φὴς
3531 5746 3657 5812 ἔχειν
3681 5732 3760 5801 τὴν
