4052 6292
385 378 516 443 1137

1341 395 1716 460 PANOPLIA
1760 400 2217 469 DOGMATICA.
2261 433 2330 442 -·
2363 411 2512 472 TIT.
2549 413 2707 477 XXI.

3504 432 3639 498 1138

378 491 628 561 ἄρνησιν,
653 495 771 550 ἀλλ’
794 498 857 552 ού
889 501 983 556 καὶ
1009 505 1104 559 τοῦ
1140 506 1456 578 θεληθέντος
1489 515 1806 588 ἀποσκευήν
1831 533 1845 548 ο
1887 517 1934 571 oi

2060 533 2178 572 nem
2209 535 2327 574 eam
2354 523 2548 580 habere
2581 527 2862 594 vimdicis,
2898 539 2954 585 ut
2978 531 3146 599 tollat,
3184 549 3248 588 nc
3281 537 3478 609 aliquid
3511 557 3638 610 pro-

377 585 490 690 γὰρ
536 590 624 640 ἐπ’
653 593 859 661 ἀμφοῖν
885 597 1135 652 τίθεσθαι
1183 603 1283 673 τὴν
1316 604 1549 674 ἄρνησιν
1579 585 1825 674 δυνατὸν,
1859 614 1934 664 κα⁴

2060 610 2173 679 prie
2193 613 2340 678 velit,
2371 630 2477 670 non
2496 628 2672 673 autem
2703 630 2760 674 ut
2784 621 2995 675 auferat
3022 623 3072 676 id
3099 627 3240 692 quod
3272 585 3386 682 vul‘t
3413 649 3426 684 :
3461 585 3634 696 utrque

376 679 469 731 τοῦ
497 699 549 734 τι
577 683 752 738 θέλειν
788 688 930 754 ἰδίως
967 692 1062 746 τὸν
1083 695 1370 770 Μονογενῆ
1402 702 1554 772 παρὰ
1582 703 1676 757 τὸν
1708 705 1949 777 Πατέρα,

380 775 474 826 καὶ
505 777 601 830 τοῦ
639 779 985 849 θεληθέντος.

445 953 508 1050 fil
542 957 701 1050 δὲῗμὴ
727 959 958 1018 δυνατὸν
981 965 1074 1020 ἐπ’
1099 968 1301 1040 ἀμφοῖν
1333 974 1543 1030 τιθέναι
1567 976 1665 1046 τὴν
1692 978 1949 1050 ἄρνησιν,

376 1043 558 1140 δῆλον,
592 1049 670 1112 ὡς
699 1053 748 1105 εί
782 1055 989 1126 ταύτην
1016 1061 1108 1112 ἐπὶ
1137 1061 1198 1114 τό
1249 1081 1302 1117 τι
1357 1066 1534 1120 θέλειν
1590 1043 1746 1130 ίδίωςτ
1770 1043 1948 1140 ἄγεις,

377 1135 465 1191 ἵνα
493 1139 592 1209 τὴν
621 1143 714 1196 τοῦ
748 1147 932 1202 κοινοῦ
992 1155 1229 1227 ποιήσῃς
1263 1156 1411 1211 θέσιν
1453 1159 1782 1230 θελήματος,
1818 1135 1950 1218 ὀὐκ

377 1230 696 1304 ἀναιρήσεις
741 1239 804 1293 τὸ
865 1242 1113 1312 θεληθὲν,
1164 1249 1334 1318 ἦγουν
1386 1251 1485 1319 τὴν
1534 1252 1628 1306 τοῦ
1679 1255 1947 1326 ποτηρίου

375 1327 728 1418 παραίτησιν,
759 1333 894 1386 ἀλλὰ
921 1338 1041 1390 κατ’
1085 1340 1260 1411 αὐτῆς
1303 1342 1546 1408 ἐποίσεις
1571 1347 1669 1416 τῆς
1705 1348 1947 1418 ἀνάρχου

371 1417 660 1488 Θεότητος,
690 1423 776 1489 ἐφ’
813 1425 882 1497 ἢν
915 1427 1232 1499 άρνητικῶς
1281 1435 1376 1487 καὶ
1406 1436 1465 1488 τὸ
1501 1436 1679 1490 θέλειν
1728 1417 1942 1509 ἀνήγα-

371 1525 488 1574 γες.
515 1511 576 1564 Εἰ
597 1512 652 1564 δὲ
679 1513 834 1568 τοῦτο
863 1519 971 1572 κᾶν
994 1520 1195 1576 ἐννοεῖν
1218 1525 1513 1593 ἀπευκτὸν,
1539 1529 1648 1596 ἄρα
1669 1548 1730 1598 γε
1759 1531 1948 1599 σαφῶς

370 1600 604 1693 ἐνταῦθα
621 1605 653 1668 ή
673 1605 922 1678 ἄρνησις,
943 1609 1204 1680 ἧγουν,τὸ
1221 1616 1363 1686 ιούχ
1380 1615 1408 1670 6
1421 1617 1531 1686 ἐγὼ
1549 1619 1709 1683 θέλω,
1736 1639 1754 1670 ι
1769 1621 1944 1693 πάντη

369 1691 470 1763 τὴν
500 1697 815 1752 ἐναντίωσιν
845 1701 1362 1776 άποσκευαζομένη,
1394 1709 1491 1779 τὴν
1541 1710 1636 1764 τοῦ
1663 1691 1946 1782 άνθρωπιέ

372 1785 474 1837 κοῦ
505 1787 596 1841 τοῦ
623 1789 876 1862 Σωτῆρος
906 1794 1044 1864 πρὸς
1090 1797 1151 1850 τὸ
1190 1797 1335 1853 θεῖον
1375 1801 1544 1855 αὑτοῦ
1600 1803 1812 1874 θέλημα
1850 1805 1944 1859 καὶ

369 1878 638 1946 πατρικὸν
675 1883 958 1952 συμφυΐαν
1008 1889 1366 1962 παρίστησιν,
1398 1892 1472 1956 ὡς
1504 1895 1636 1966 ὅλην
1682 1895 1805 1949 ὅλου
1843 1897 1942 1967 τὴν

370 1972 538 2038 φύσιν
569 1973 930 2040 οὺσιωθέντος
960 1978 1056 2033 τοῦ
1073 1981 1268 2050 Λόγου,
1305 1986 1398 2037 καὶ
1427 1987 1560 2056 ὃλην
1589 1990 1655 2058 τῇ
1683 1987 1941 2042 οὐσιὼσει

368 2059 693 2128 θεώσκντος.
730 2067 896 2121 Ὅθεν
920 2071 997 2134 ὡς
1027 2073 1097 2126 δι’
1128 2077 1281 2145 ἡμᾶς
1331 2078 1458 2130 καθ’
1497 2081 1644 2149 ἡμᾶς
1696 2080 1943 2150 γεγονὼς

365 2151 554 2220 ἔλεγεν
584 2155 1072 2230 άνθρωποπρεπῶς
1102 2165 1239 2234 πρὸς
1268 2166 1361 2220 τὸν
1405 2169 1537 2222 Θεὸν
1571 2171 1667 2224 καὶ
1696 2173 1938 2242 Πατέρα,

365 2245 464 2307 Μὴ
491 2249 558 2300 τὸ
581 2247 750 2317 ἐμὸν,
771 2251 932 2307 ἀλλὰ
957 2255 1025 2309 τὸ
1069 2258 1188 2310 σὸν
1216 2261 1528 2328 ισχυσάτω
1557 2263 1810 2335 θέλημα,
1843 2267 1943 2322 ἅτε

366 2335 592 2406 θέλησιν
625 2342 721 2394 καὶ
749 2344 825 2406 ὡς
845 2344 1133 2415 ἄνθρωπος
1166 2348 1328 2420 ἔχων.
1541 2421 1552 2426 _

368 2449 483 2505 Τοῦ
509 2453 698 2540 αὑζςῦ
727 2455 796 2509 ἐκ
825 2457 936 2525 τῆς
965 2460 1117 2526 πρὸς
1141 2464 1389 2540 ηὐρῤοῇ
1423 2466 1944 2540 τὸκ-πατριὰρχην

606 2525 1305 2600 Κωνσταντινὸυπόνζεωξ-
1358 2525 1701 2603 διαλέξει.)ςῖ

440 2611 572 2674 Θεὸς
630 2616 793 2683 φύσει
850 2619 946 2673 καὶ
976 2621 1262 2694 ἄνθρωπος
1314 2625 1576 2697 ὑπάρχων
1608 2631 1635 2683 6
1681 2631 1936 2700 Χριστὸς,

365 2704 444 2766 ὡς
472 2705 606 2770 Θεὸς
630 2711 722 2761 καὶ
753 2708 1036 2779 ἄνθρωπος
1065 2716 1092 2767 ὁ
1150 2717 1313 2781 αὐτὸς
1356 2719 1568 2789 ἧθελεν,
1631 2720 1663 2792 ἢ
1699 2721 1772 2786 ὡς
1806 2724 1940 2795 Χρια

369 2797 494 2859 στὸς
529 2799 725 2867 uo'vov;
784 2801 1002 2858 Ἀλλέί
1041 2805 1142 2876 μὲν
1199 2813 1630 2881 προηγουμένως
1682 2815 1759 2878 ὡς
1806 2818 1938 2881 Θεὸς

365 2891 460 2944 καὶ
495 2891 780 2963 ἄνθρωπος
810 2894 1000 2965 ἧθελεν
1054 2900 1081 2952 6
1115 2900 1370 2972 Χριστὸς,
1417 2904 1659 2975 δηλονότι
1715 2909 1938 2978 δυῖκῶς,

369 2985 467 3037 καὶ
520 2987 579 3037 οὐ
649 2987 974 3056 μοναδικῶς,
1017 2983 1098 3053 εἷς
1129 2991 1205 3045 ὣν
1255 2995 1283 3047 6
1346 2995 1546 3063 αὐτὸς,
1607 3000 1822 3070 ἤθελεν.
1877 3005 1939 3058 Ei

367 3078 481 3146 γὰρ
530 3077 680 3130 οὐδὲν
740 3077 930 3149 ἕτερόν
987 3083 1136 3136 ἔστιν
1171 3085 1198 3137 6
1230 3084 1463 3155 Χριστὸς
1514 3095 1664 3160 παρὰ
1699 3093 1798 3158 τὰς
1847 3097 1942 3149 αύ-

355 3169 450 3225 τοῦ
471 3171 679 3242 φύσεις,
704 3172 764 3237 ἐξ
784 3165 878 3240 ὧν,
905 3175 996 3226 καὶ
1027 3174 1082 3226 ἐν
1115 3169 1204 3238 αἷς
1235 3176 1493 3249 ὑπάρχειο
1535 3181 1831 3253 προδήλως,
1865 3186 1940 3252 ὡς

357 3263 710 3334 καταλλήλως
751 3265 873 3327 ταῖς
918 3265 1113 3319 ἑαυτοῦ
1157 3268 1405 3337 φύσεσιν·
1429 3272 1614 3342 ἦγουν,
1637 3274 1709 3338 ὡς
1731 3277 1936 3351 ἑκάστη

356 3355 622 3422 πέφυκεν,
673 3350 754 3419 εἷς
779 3355 856 3412 ὢν
886 3358 979 3411 καὶ
1008 3359 1037 3411 6
1063 3359 1244 3424 αὐτὸς,
1270 3361 1427 3432 ἤθελέ
1455 3381 1514 3416 τε
1543 3366 1639 3419 καὶ
1672 3369 1890 3440 ἐνήργει
1920 3350 1934 3400 έ

355 3446 514 3518 εἴπερ
533 3447 787 3519 οὐδετέρα
807 3449 990 3503 αὐτῶν
1015 3450 1274 3524 άοέλητὸς
1291 3456 1460 3519 ἐστιν,
1492 3457 1524 3529 ἢ
1553 3461 1931 3532 ἀνενέργητος.

356 3543 419 3596 Εἰ
451 3544 507 3597 δὲ
541 3545 894 3618 καταλλήλως
926 3551 1046 3612 ταῖς
1080 3549 1277 3603 ἑαυτοῦ
1327 3551 1553 3620 φύσεσιν
1605 3555 1632 3606 6
1676 3554 1933 3624 Χριστὸς,

352 3637 545 3706 ἡγουν,
574 3635 651 3699 ὡς
683 3639 890 3710 ἑκάστη
927 3639 1195 3708 πέφυκεν,
1228 3640 1422 3712 ἤθελέν
1449 3659 1507 3694 τε
1539 3642 1634 3696 καὶ¹
1663 3645 1884 3716 ἐνήργει
1916 3662 1931 3676 ·

348 3726 445 3780 δύο
474 3727 532 3780 δὲ
575 3729 740 3782 αὐτοῦ
779 3731 838 3784 αἱ
886 3730 1078 3800 φύσεις
1103 3747 1116 3760 ·
1158 3730 1252 3784 δύο
1283 3732 1448 3786 αὑτοῦ
1479 3734 1698 3797 πάντως
1735 3738 1829 3788 καὶ
1867 3735 1935 3790 τὰ

351 3819 560 3886 φυσικά
606 3819 888 3892 Θελήματα
917 3839 931 3853 '
985 3824 1083 3876 καὶ
1141 3823 1198 3877 αἱ
1247 3823 1452 3878 τούτων
1503 3824 1805 3896 ἱσὰριθμοι,
1842 3828 1936 3881 καὶ

347 3911 631 3975 οὐσιώδεις
681 3912 974 3982 ἐνέργειαι.
1041 3914 1250 3985 ’Ὠσπερ
1300 3914 1411 3986 γὰρ
1443 3916 1470 3968 6
1500 3915 1610 3969 τῶν
1641 3915 1734 3970 τοῦ
1766 3918 1932 3972 αὐτοῦ

315 3987 448 4057 ’καὶ
495 4003 613 4068 ἑνὸς
661 4003 902 4075 Χριστοῦ
958 4005 1174 4074 φύσεων
1213 4005 1469 4078 ἀριθμὸς,
1503 4006 1746 4072 εὐσεϐῶς
1781 4009 1935 4065 νοού-

351 4094 514 4163 μενός
557 4111 617 4147 τε
653 4097 748 4148 καὶ
798 4095 1114 4166 λεγόμενος,
1167 4098 1239 4150 οὺ
1279 4097 1482 4170 διαιρεῖ
1531 4099 1624 4155 τὸν
1671 4101 1927 4173 Χριστὸν,

346 4185 486 4238 ἀλλὰ
533 4185 848 4257 σωζομένην
891 4187 992 4242 κάν
1039 4189 1105 4261 τῇ
1136 4189 1326 4242 ἐνώσει
1360 4189 1658 4261 παρίστησι
1691 4192 1800 4248 τῶν
1829 4193 1929 4263 φύ-

349 4293 490 4328 σεων
520 4276 618 4348 τὴν
647 4277 912 4350 διαφοράν
940 4295 954 4310 ο
979 4277 1124 4333 οὕτω
1147 4280 1242 4334 καὶ
1270 4281 1298 4333 6
1329 4281 1562 4354 ἀριθμὸς
1594 4282 1703 4336 τῶν
1735 4284 1927 4338 οὐσιω-

342 4369 451 4433 δῶς
498 4369 809 4440 προσόντων
865 4374 985 4436 ταῖς
1035 4371 1202 4426 αὐτοῦ
1229 4373 1425 4443 φύσεσι
1478 4374 1800 4446 θελημάτων
1831 4379 1926 4433 καὶ

339 4463 639 4533 ἐνεργειῶν
665 4481 678 4494 '
717 4466 837 4518 κατ’
869 4464 1036 4535 ἄμφω
1078 4467 1208 4538 γὰρ,
1248 4466 1324 4530 ὡς
1353 4466 1587 4539 εἴρηται,
1621 4467 1721 4533 τὰς
1754 4469 1919 4523 αὐτοῦ

340 4553 537 4624 φύσεις
593 4556 873 4628 θελητικὸς
922 4551 992 4627 ἦν
1047 4557 1076 4609 ὁ
1123 4557 1286 4622 αὐτὸς
1317 4552 1409 4611 καὶ
1441 4559 1790 4629 ἐνεργητικὸς
1821 4559 1922 4630 τῆς

338 4645 503 4716 ἡμῶν
547 4647 819 4718 σωτηρίας
850 4664 864 4678 ⁸
904 4647 966 4700 οὺ
997 4647 1262 4720 διαίρεσιν
1293 4648 1506 4718 εἰσάγει
1537 4665 1550 4678 ·
1585 4651 1660 4722 μὴ
1691 4651 1917 4719 γένοιτοο

336 4736 480 4790 ἀλλὰ
502 4737 601 4809 τὴν
637 4737 816 4792 αὐτῶν
861 4738 1011 4809 δηλοῖ
1062 4740 1157 4794 καὶ
1212 4740 1398 4812 μόνον,
1453 4743 1555 4797 κάν
1609 4744 1676 4814 τῇ
1731 4741 1924 4796 ὲνώσει

336 4829 588 4902 φυλακὴν
618 4830 709 4885 καὶ
751 4831 1047 4904 σωτηρίαν.

2058 705 2197 757 enim
2235 705 2288 760 in
2323 716 2555 778 utroque
2583 715 2708 782 poni
2743 713 2956 784 negatio
2982 724 3175 783 potest,
3217 729 3274 772 ut
3315 720 3466 777 tollat
3499 743 3511 776 :
3567 741 3634 781 uc

2056 797 2254 866 aliquid
2289 802 2417 858 velit
2450 801 2768 875 Unigenitus
2803 808 3018 877 praprie
3078 819 3276 877 praeter
3301 813 3539 882 Patrem,
3580 828 3636 873 ct

2056 890 2264 944 auferat
2299 893 2350 947 id
2388 897 2529 964 quod
2569 899 2703 953 vult.

2129 979 2281 1048 Quod
2297 985 2341 1039 si
2361 985 2413 1040 iu
2435 996 2661 1059 utroque
2683 994 2804 1060 poni
2825 1011 2931 1050 non
2953 1009 3148 1066 potest,
3168 1001 3511 1071 perspicuum
3525 1013 3626 1074 est,

2051 1074 2096 1127 si
2125 1088 2242 1128 eam
2281 1076 2336 1132 in
2359 1093 2424 1133 eo
2445 1082 2750 1151 eonStituis,
2775 1101 2840 1140 ne
2865 1089 3066 1159 aliquid
3101 1095 3318 1162 proprie
3340 1094 3486 1160 vclil,
3521 1112 3630 1166 quo

2050 1167 2380 1225 voluntatem
2402 1171 2569 1228 facias
2593 1181 2894 1236 communis
2923 1177 3323 1251 voluntatis,'te
3341 1203 3447 1240 non
3473 1189 3624 1242 abla-

2051 1267 2228 1314 turum
2250 1263 2300 1316 id
2321 1265 2465 1332 quod
2479 1267 2608 1330 vult,
2629 1282 2821 1340 nempe
2848 1273 3033 1330 calicls
3055 1275 3510 1344 deprecationem,
3529 1281 3626 1335 sed

2049 1349 2342 1406 relaturum
2359 1354 2500 1409 illam
2519 1358 2582 1412 ad
2601 1359 2863 1431 principio
2880 1376 3154 1420 carentem
3175 1367 3530 1438 divinitatem,
3550 1372 3622 1429 ad

2047 1452 2212 1508 quam
2236 1457 2333 1512 per
2348 1447 2687 1516 negationem
2707 1460 2759 1506 et
2777 1453 2948 1521 ipsum
2969 1455 3100 1510 vcllc
3125 1457 3375 1512 retulisti.
3401 1458 3556 1526 Quod
3579 1463 3624 1516 si

2049 1529 2120 1583 ita
2149 1541 2252 1598 est,
2275 1537 2523 1605 quamvis
2549 1539 2630 1594 vel
2658 1542 2911 1611 cogitatio
2932 1545 2984 1600 id
3017 1547 3267 1615 refugiat,
3285 1558 3339 1604 et
3358 1550 3446 1604 hic
3473 1551 3629 1620 plane

2046 1622 2151 1678 erit
2172 1628 2386 1695 negatio
2408 1647 2422 1683 :
2443 1645 2652 1701 nempe,
2680 1632 2801 1688 Non
2821 1637 2960 1705 quod
2973 1654 3064 1708 ego
3093 1639 3224 1708 volo,
3247 1657 3366 1712 quae
3397 1657 3622 1712 prorsus

2049 1716 2252 1773 adimat
2274 1725 2707 1794 repugnantiam,
2731 1738 2786 1783 et
2815 1728 3125 1788 Servatoris
3168 1748 3290 1789 cum
3325 1735 3504 1790 divina
3535 1736 3620 1805 ip-

2048 1809 2160 1864 sius
2187 1819 2241 1862 et
2269 1819 2494 1880 paterna
2527 1816 2803 1876 voluntate
2832 1824 3247 1880 consensionem
3298 1828 3618 1892 constituat,

2047 1915 2169 1956 eum
2205 1911 2372 1958 totum
2417 1903 2649 1962 Verbum
2704 1922 2951 1967 naturam
2980 1930 3134 1970 suam
3204 1916 3423 1985 efficiat,
3467 1930 3629 1991 atque

2050 1991 2124 2046 ita
2161 2003 2327 2049 totam
2383 1997 2526 2052 illam
2564 1999 2806 2056 divinam
2860 2005 3067 2061 reddat.
3099 2006 3288 2078 Itaque
3315 2024 3437 2064 cum
3503 2027 3628 2081 pro-

2047 2095 2168 2154 pter
2212 2100 2311 2142 nos
2358 2087 2558 2144 factum
2601 2101 2747 2149 esset
2795 2095 2980 2163 homo,
3013 2097 3224 2154 ratione
3254 2100 3458 2156 homini
3499 2119 3630 2158 con-

2045 2185 2272 2240 gruente
2314 2176 2526 2234 dicebat
2554 2179 2618 2235 ad
2645 2180 2811 2237 Deum
2843 2195 2896 2240 et
2930 2186 3143 2241 Patrem
3169 2202 3186 2240 :
3213 2186 3337 2242 Non
3359 2190 3498 2258 quod
3537 2207 3628 2261 ego

2043 2263 2298 2330 πίομαι
2349 2275 2442 2322 tua
2503 2271 2742 2328 voluntas
2805 2276 2993 2344 valeat,
3057 2291 3310 2350 tanquam
3364 2292 3630 2353 quatenus

2048 2353 2210 2411 homo
2257 2357 2588 2416 voluntatem
2642 2365 2886 2424 haberet.

2050 2468 2310 2540 Ejusdem
2340 2489 2406 2526 ex
2429 2476 2787 2559 disputatione
2816 2481 3000 2559 habita
3031 2501 3150 2559 cum
3204 2486 3414 2558 Pyrrho
3458 2491 3630 2559 patri-

2436 2547 2601 2598 arc/ta
2630 2547 3240 2621 Constantinopolitano.

2117 2634 2255 2688 (lum
2317 2635 2570 2692 Christus
2652 2640 2796 2695 Deus
2888 2653 3082 2699 natura
3145 2657 3200 2704 et
3275 2650 3440 2707 homo
3532 2667 3622 2708 es-

2052 2735 2156 2790 set,
2188 2735 2249 2779 ut
2276 2726 2418 2782 Deus
2451 2737 2504 2781 et
2537 2729 2698 2783 homo
2723 2730 2862 2786 idem
2922 2736 3159 2804 volebat,
3214 2753 3284 2794 an
3337 2750 3398 2797 ut
3448 2742 3611 2800 Chri-

2047 2823 2165 2870 stus
2195 2816 2576 2874 solummodo?
2601 2822 2676 2876 Ac
2703 2823 2747 2877 si
2793 2825 3012 2893 quidem
3049 2826 3299 2886 Chrisms
3330 2833 3613 2904 principa-

2043 2902 2166 2958 liter
2191 2903 2414 2963 utDcus
2437 2916 2493 2963 et
2524 2909 2689 2966 homo
2724 2915 2959 2981 volebat,
3022 2918 3212 2988 utique
3262 2921 3467 2992 duplici
3513 2902 3619 2978 ra-

2045 2994 2210 3059 tione,
2239 3012 2346 3058 non
2373 3014 2479 3053 una
2531 3011 2588 3056 et
2643 3004 2932 3073 singulari,
2988 3024 3133 3063 unus
3189 3011 3302 3081 ipse
3360 3015 3616 3084 idemque

2043 3085 2275 3142 volebat.
2313 3091 2591 3159 Siquidem
2619 3098 2764 3150 enim
2799 3098 3050 3156 Christus
3099 3101 3237 3156 nihil
3288 3113 3373 3159 est
3420 3116 3620 3175 prartcr

1970 3219 2010 3276 ο
2041 3201 2171 3242 suas
2200 3194 2454 3250 naturas,
2483 3204 2550 3242 ex
2577 3188 2804 3257 quibus,
2835 3198 2891 3243 et
2929 3189 2986 3243 in
3015 3189 3224 3259 quibus
3247 3190 3626 3246 cxsistentiam

2041 3278 2238 3343 habet;
2269 3279 2626 3350 perspicuum
2656 3288 2763 3345 est,
2797 3280 2893 3350 qui
2932 3295 3078 3335 unus
3108 3289 3165 3338 ct
3191 3278 3308 3350 ipse
3335 3291 3504 3348 esset,
3525 3296 3626 3352 pro

2037 3385 2104 3425 eo
2137 3387 2200 3426 ac
2229 3371 2462 3426 decebat
2495 3387 2623 3427 suas
2650 3379 2913 3438 naturas,
2944 3371 2999 3426 id
3027 3378 3134 3437 est,
3169 3381 3231 3426 ut
3251 3373 3454 3443 cuique
3476 3389 3626 3429 com-

2038 3474 2297 3532 paratum
2348 3471 2490 3530 erat,
2546 3473 2663 3519 tum
2693 3463 2962 3525 voluisse,
3005 3471 3118 3518 tum
3151 3473 3443 3533 Operatum
3474 3481 3619 3522 csse.

2035 3555 2244 3610 Neutra
2269 3556 2475 3627 quippe
2499 3571 2692 3610 earum
2720 3555 3026 3609 voluntatis
3075 3563 3180 3621 est,
3216 3564 3312 3610 aut
3347 3558 3623 3627 operatio-

2035 3644 2125 3700 nis
2141 3660 2360 3715 expcrs.
2383 3644 2541 3711 Quod
2569 3645 2615 3700 si
2639 3645 2898 3701 ChriStus
2929 3661 3032 3715 pro
3059 3660 3127 3700 co
3157 3660 3220 3700 ac
3245 3645 3476 3701 decebat
3494 3663 3623 3704 suas

2036 3745 2268 3798 naturas
2323 3735 2407 3810 (ut
2451 3736 2667 3792 scilicet
2703 3737 2906 3807 cuique
2951 3743 3335 3804 comparatum
3363 3736 3530 3807 erat),
3566 3748 3624 3793 et

2035 3827 2260 3880 volebat
2287 3835 2345 3881 et
2373 3827 2743 3896 operabatur;
2796 3836 2916 3882 erat
2947 3841 3082 3882 vero
3138 3829 3260 3900 ejus
3293 3827 3497 3896 duplex
3525 3843 3623 3881 na-

2036 3917 2452 3982 tura;omnino
2497 3918 2664 3971 etiam
2710 3917 2914 3988 dupch
2969 3925 3088 3973 erat
3144 3919 3320 3990 ipsius
3349 3917 3620 3972 naturalis

2033 4009 2311 4074 voluntas,
2348 4009 2580 4080 parique
2617 4009 2706 4064 his
2757 4025 2992 4065 numero
3034 4010 3366 4066 essentialcs
3397 4025 3620 4081 quoque

2033 4100 2413 4169 opcrationes.
2447 4099 2927 4166 Quemadmodum
2969 4101 3120 4156 enim
3152 4102 3318 4157 unius
3342 4101 3620 4173 ejusdem-

2032 4208 2140 4261 que
2167 4191 2377 4247 Christi
2408 4201 2736 4248 naturarum
2772 4208 3062 4259 numerus,
3102 4194 3148 4248 si
3187 4194 3354 4247 modo
3375 4193 3464 4263 pie
3502 4201 3619 4248 tum

2032 4285 2379 4357 intelligatur
2407 4326 2420 4351 ,
2486 4295 2600 4342 tum
2633 4285 2871 4348 dicatur,
2914 4285 3199 4342 Christum
3252 4301 3364 4340 non
3397 4285 3614 4353 dividit,

2029 4379 2128 4434 sed
2182 4377 2539 4442 incolumem,
2585 4377 2753 4431 etiam
2805 4377 2861 4430 in
2914 4376 3122 4432 unione
3174 4385 3500 4431 naturarum
3527 4376 3617 4432 di-

2029 4468 2388 4523 stinctionem
2612 4467 2857 4522 ostendit
2903 4486 2915 4522 :
2949 4468 3031 4524 sic
3072 4475 3130 4525 et
3159 4485 3428 4523 numerus
3463 4483 3616 4523 com-

2029 4557 2333 4629 petentiam
2406 4557 2780 4613 cssentialitcr
2829 4559 2950 4630 ejus
3009 4559 3225 4614 naturis
3266 4559 3611 4614 voluntatum

2028 4661 2194 4722 atque
2240 4651 2629 4722 operationum
2689 4650 3022 4723 (secundum
3075 4651 3266 4706 ambas
3298 4652 3471 4718 enim,
3531 4654 3612 4706 uti

2027 4744 2239 4798 dictqu
2265 4751 2369 4808 est,
2407 4759 2536 4799 suas
2560 4752 2809 4811 naturas,
2838 4743 2980 4800 idem
3021 4743 3139 4816 ipse
3175 4741 3398 4800 volcndi
3432 4741 3610 4800 facul-

2033 4845 2146 4891 tate
2173 4835 2438 4908 praaditus
2471 4847 2611 4904 erat,
2660 4853 2726 4893 ac
2753 4838 3022 4908 operandi
3069 4845 3316 4892 nostram
3349 4838 3606 4910 salutem)

336 4923 672 4981 divisionem
695 4941 808 4980 non
835 4925 1072 4981 inducit.
1092 4926 1250 4984 Absit
1274 4929 1413 4986 hoc!
1439 4929 1536 4985 scd
1566 4929 1714 5001 ipsas
1747 4928 1914 4988 etiam
1954 4929 2010 4984 in
2048 4929 2278 4994 unione,
2313 4928 2479 4998 idque
2541 4930 2741 4994 solum,
2788 4930 3001 4984 servari
3068 4929 3318 4985 ostendit
3363 4938 3421 4986 et.
3455 4931 3608 4989 inco-

335 5019 521 5074 lumes
552 5035 698 5075 esse.

352 5118 603 5199 Ἓξ
631 5119 824 5199 αὐτῆς
855 5121 1204 5199 διαλέξεῳς,
1237 5126 1324 5199 ὅτι
1352 5128 1485 5195 οὐχ,
1523 5129 1605 5194 ὡς
1640 5129 1852 5199 ἔλεγεν
1884 5132 1918 5184 ό

414 5191 664 5317 ῗύρῤος,
701 5192 948 5266 νεύματι
975 5193 1080 5252 τοῦ
1107 5191 1656 5272 ἑνωθένιτῡξᾎόγὸυ
1688 5200 1722 5273 ἡ
1752 5191 1915 5274 σὰρξ

453 5282 689 5319 κιγειτο.

415 5355 654 5421 Διαιρείς
696 5354 786 5407 τὸν
816 5355 1073 5424 Χριστὸν,
1111 5355 1252 5409 οὕτω
1286 5341 1490 5426 λέγων.¹
1517 5359 1769 5431 Νεύματι
1805 5364 1913 5436 γὰρ

337 5442 512 5494 αὑτοῦ
543 5445 774 5497 ἐκινεῖτο
799 5446 890 5498 καὶ
919 5447 1179 5515 Μωῡσῆς,
1213 5449 1308 5500 καὶ
1339 5449 1520 5516 Δαῦὶδ,
1551 5452 1644 5505 καὶ
1673 5453 1790 5507 ὅσοι
1816 5457 1914 5525 τῆς

339 5533 501 5597 θείας
541 5534 827 5603 ἐνεργείας
854 5539 1179 5606 χωρητικοὶ,
1204 5541 1270 5610 τῇ
1302 5539 1560 5594 ἀποθέσει
1582 5543 1692 5596 τῶν
1709 5544 1916 5616 ἀνθρω-

334 5623 520 5676 πίνων
583 5623 629 5657 ⁸⁸
695 5625 790 5677 καὶ
869 5628 1148 5699 σαρκικῶν
1223 5629 1533 5697 ἰδιωμάτων
1603 5636 1912 5703 γεγόνασιν.

346 5716 550 5784 Ἤμείς
589 5717 646 5770 δι
688 5721 798 5782 τοῖς
827 5720 1002 5789 ἁγίοις
1026 5722 1325 5794 Πατράσιν,
1365 5725 1441 5790 ὡς
1478 5729 1536 5780 ὲν
1580 5730 1774 5793 ἆπασι,
1814 5733 1916 5784 κὰν

331 5807 522 5878 τούτῳ
549 5807 828 5881 ἑπόμενοι,
865 5812 1067 5884 φαμὲν,
1111 5816 1300 5886 ὅτιπερ
1351 5818 1512 5884 αὐτὸς
1547 5821 1575 5873 ὁ
1623 5822 1730 5877 τῶν
1779 5824 1916 5878 ὅλων

2026 5131 2112 5191 Ea:
2135 5150 2314 5197 eadem
2341 5137 2717 5223 disputatione.
2746 5140 3002 5223 Carnem
3026 5160 3152 5223 non,
3175 5159 3228 5204 ut
3263 5146 3502 5223 Pyrrhus
3519 5149 3601 5208 di-

2274 5213 2444 5278 cebat,
2478 5223 2607 5266 nutu
2644 5213 2788 5270 Verbi
2817 5220 3085 5289 conjuncti
3123 5213 3336 5277 moveri:

2093 5369 2303 5427 Dividis
2385 5373 2683 5437 Christum,
2727 5391 2848 5430 cum
2893 5379 2972 5432 sic
3023 5379 3284 5448 loqueris.
3342 5381 3478 5436 Nam
3538 5391 3590 5438 ct

2030 5461 2245 5533 Moyses
2270 5463 2547 5533 ejusuutu
2575 5466 2912 5533 movebatur,
2961 5477 3016 5523 et
3070 5469 3257 5524 David.
3324 5481 3381 5526 et
3431 5483 3591 5541 quot-

2022 5561 2153 5622 quot
2180 5543 2431 5608 humanis
2463 5552 2738 5630 [terrenis]
2774 5569 2822 5612 et
2851 5559 3160 5614 carnalibus
3183 5561 3410 5629 abjcctis
3468 5580 3592 5633 pro-

2035 5645 2385 5714 prietatibus,
2417 5647 2528 5717 apti
2561 5648 2776 5705 fuerunt
2809 5661 2866 5704 ut
2891 5662 3148 5718 caperent
3171 5653 3414 5709 divinum
3443 5656 3590 5710 uilla-

2027 5747 2162 5792 tum.
2205 5738 2314 5792 Nos
2346 5741 2656 5808 autem,qui
2681 5741 2822 5794 sicut
2855 5741 2905 5793 in
2933 5743 3208 5808 omnibus,
3246 5743 3298 5797 in
3332 5745 3588 5814 hocque-

2024 5846 2130 5899 quc
2165 5830 2378 5888 divinos
2415 5831 2600 5887 Patres
2643 5833 2938 5903 sequimur,
2974 5835 3220 5905 dicimus,
3249 5839 3402 5906 Quod
3440 5843 3578 5895 idem
