4052 6292
499 417 638 484 1Ξ39
1687 421 2081 484 EUTHYMII
2124 421 2489 483 ZlGABENi
3568 434 3672 501 1140

498 562 883 616 universorum
929 561 1072 614 Deus
1108 558 1524 614 immutabilitcr
1550 557 1714 612 homo
1740 557 1936 622 factus,
1960 572 2071 612 non

2103 558 2142 608 A
2180 559 2330 625 Θεὸς,
2378 557 2661 630 ἀτρέπτως
2711 560 3002 632 γενόμενος
3033 561 3332 632 ἄνθρωπος,
3363 567 3418 620 ού
3445 570 3581 637 μόνον
3619 580 3671 640 ὼς

498 653 677 705 solum
715 663 774 705 ut
807 652 948 704 Deus
977 651 1142 712 idem,
1174 666 1242 704 ex
1277 666 1388 706 sua:
1426 649 1649 706 deitatis
1678 649 1891 704 ratione
1921 649 2071 704 vole-

2070 681 2071 685 η
2179 647 2308 711 Θεὸς
2335 649 2362 700 ὁ
2387 649 2552 712 αὐτὸς
2583 650 3025 724 καταλλήλως-τῇ
3065 652 3226 706 αὑτοῦ
3275 654 3472 727 θεότητι
3503 659 3670 729 ἢθελεν,

499 739 612 803 bat,
646 756 835 794 verum
860 739 1023 792 etiam
1053 738 1199 793 idem
1227 747 1287 792 ut
1317 739 1547 793 decebat
1580 754 1732 792 suam
1763 737 2063 814 humanita-

2179 740 2315 793 ἀλλᾶ
2342 741 2436 794 καὶ
2465 741 2538 804 ὡς
2563 741 2659 795 ἄ.νο
2669 759 2848 812 ρωπος
2869 745 2896 796 6
2922 744 3082 808 αὐτὸς
3106 745 3434 817 καταλλήλιιις
3459 752 3516 821 τῇ
3545 754 3675 809 alito;

499 838 632 885 tein.
681 830 737 884 Si
780 831 926 885 enim
958 846 1079 900 qtae
1108 846 1176 884 ex
1208 845 1316 883 non
1351 831 1572 885 entibus
1599 830 1738 884 facta
1773 837 1921 894 sunt,
1955 831 2072 900 ejus

2178 831 2575 900 ἀνθρωπότητι.
2621 833 2680 883 Εἰ
2706 832 2814 902 γὰρ
2850 833 2908 898 ἐξ
2941 833 3038 886 οὐκ
3062 833 3232 887 ὄντων
3256 836 3320 888 τὰ
3357 835 3472 889 ὄντα
3498 842 3677 910 γενόμε-

499 921 644 992 quod
681 929 783 985 est,
828 937 935 974 non
981 921 1126 991 quod
1170 938 1278 974 non
1316 930 1419 986 est,
1465 937 1527 976 ac
1569 921 1802 975 nihilum
1829 929 1932 987 est,
1963 922 2071 975 vim

2180 933 2266 980 να,
2294 917 2386 968 καὶ
2413 917 2506 969 τοῦ
2533 918 2702 984 ὄντος,
2733 920 2792 970 ού
2817 919 2910 972 τοῦ
2936 920 3012 992 μὴ
3041 921 3190 986 ὄντος
3217 923 3389 994 έχουσι
3409 926 3678 1001 ἀνθεκτικὴν

499 1013 774 1068 retinendi
822 1023 985 1083 atque
1039 1014 1227 1068 tuendi
1272 1014 1492 1068 insitam
1539 1013 1743 1068 habent
1787 1030 1799 1066 :
1845 1014 2072 1084 ejusque

2179 1008 2409 1079 δύναμιν
2437 1026 2448 1038 ⁸
2482 1011 2688 1080 ταύτης
2717 1012 2773 1065 δὲ
2805 1014 2946 1067 κατὰ
2975 1013 3136 1082 φύσιν
3167 1014 3292 1070 ίδιον
3319 1021 3350 1088 ἡ
3385 1020 3506 1090 πρὸς
3527 1022 3583 1076 τὰ
3607 1040 3677 1075 συ-

499 1112 697 1158 natura
759 1105 1043 1174 proprium
1093 1114 1204 1170 est,
1259 1112 1320 1158 ut
1371 1120 1435 1158 ea
1492 1113 1895 1174 prosequantur
1955 1120 2072 1174 quzr

2183 1099 2412 1151 στατικά
2434 1100 2478 1131 σε
2507 1100 2671 1172 ὁρμὴ,
2707 1103 2802 1155 καὶ
2853 1104 2987 1173 πρὸς
3043 1106 3110 1159 τὰ
3165 1106 3424 1180 φθαρτικὰ
3465 1111 3677 1182 ἀφορμή·

500 1197 707 1250 tuendo
733 1206 862 1251 sunt
889 1212 953 1250 ac
975 1197 1407 1251 incolumitatem
1439 1204 1718 1266 praestant,
1754 1195 2073 1266 fugiantque

2181 1189 2288 1262 ἄρα
2316 1192 2410 1243 καὶ
2447 1194 2475 1245 ὁ
2509 1193 2829 1262 ύπερούσιος
2849 1197 3042 1264 Λόγος,
3061 1197 3410 1268 ἀνθρωπικῶς
3431 1203 3681 1268 ούσιωθείς,

500 1302 585 1353 ea,
620 1305 741 1358 qua:
771 1289 836 1343 ad
889 1289 1168 1343 interitum
1205 1297 1486 1358 spectant;
1530 1287 1696 1358 igitur
1729 1286 1892 1342 etiam
1927 1287 2070 1357 quod

2181 1282 2308 1353 ἔσχε
2343 1284 2436 1337 καὶ
2464 1284 2556 1338 τοῦ
2587 1285 2738 1349 ὄντος
2767 1287 2868 1357 τῆς
2894 1287 3056 1341 αὐτοῦ
3093 1288 3489 1362 ἀνθρωπότητος
3506 1293 3587 1363 τὴν
3611 1297 3680 1348 ἁν-

500 1381 651 1436 omni
700 1381 938 1435 essentia
976 1381 1230 1450 superius
1266 1379 1540 1445 Verbum,
1578 1379 1815 1434 humana
1865 1380 2074 1436 ratione

2181 1373 2434 1446 θεκτικὴν
2463 1375 2689 1446 δύναμιν
2717 1392 2730 1406 °
2763 1373 2830 1448 ἧς
2855 1377 2951 1449 τὴν
2979 1378 3152 1451 ὁρμὴν
3185 1383 3272 1433 καὶ
3302 1382 3532 1454 ἀφορμὴν
3554 1385 3679 1439 θέλων

500 1471 794 1526 essentiam
838 1470 1038 1535 induit,
1077 1471 1242 1524 etiam
1278 1470 1397 1540 ejus
1429 1468 1574 1539 quod
1619 1477 1704 1536 est
1740 1484 1850 1523 suae
1884 1469 2076 1524 huma-

2177 1464 2247 1518 δι’
2275 1468 2551 1536 ἐνεργείας
2585 1467 2749 1533 ἔδειξε
2772 1487 2785 1500 ·
2820 1472 2918 1540 τὴν
2951 1471 3050 1539 μὲν
3075 1473 3248 1544 ὁρμὴν
3275 1473 3328 1527 ὲν
3348 1474 3420 1545 τῷ
3440 1478 3538 1539 τοῖς
3561 1494 3683 1546 φυσι-

500 1562 690 1617 nitatis
718 1563 991 1617 retinendi
1025 1571 1188 1632 atque
1219 1561 1408 1616 tuendi
1433 1561 1483 1614 vi
1523 1560 1782 1630 prazditus
1811 1561 1948 1628 fuit;
1983 1578 2075 1616 cu-

2179 1559 2295 1621 κοῖς
2324 1558 2416 1610 καὶ
2445 1557 2784 1629 ἀδιαϐλήτοις
2808 1559 3060 1614 τοσοῦτον
3089 1563 3411 1632 χρήσασθαι,
3439 1565 3506 1628 ὡς
3531 1567 3608 1619 καὶ
3629 1566 3685 1638 μὴ

496 1654 587 1726 jus
631 1652 1000 1722 prosequendi
1035 1667 1098 1706 ac
1147 1651 1285 1722 fugte
1319 1661 1549 1717 motum,
1595 1651 1896 1707 voluntatis
1940 1659 2072 1706 nutu

2179 1648 2310 1702 Θεὸν
2340 1652 2452 1713 τοῖς
2483 1651 2729 1715 ἀπίστοις
2750 1651 3063 1722 νομίζεσθαι
3093 1671 3105 1685 ’
3141 1653 3241 1726 τὴν
3283 1655 3336 1708 δὲ
3381 1657 3602 1728 ἀφορμὴν
3643 1660 3685 1711 ὲν

503 1759 604 1814 per
649 1745 1027 1814 operationem
1085 1742 1327 1797 ostendit
1374 1760 1386 1794 :
1433 1742 1805 1812 prosequendi
1855 1742 2072 1812 quidem

2178 1739 2256 1810 τῷ
2285 1741 2459 1811 καιρῷ
2495 1741 2588 1795 τοῦ
2623 1743 2848 1808 πάθους,
2882 1745 3144 1809 ἑκουσίως
3177 1746 3276 1817 τὴν
3306 1747 3433 1819 πρὸς
3454 1749 3534 1800 τὸν
3561 1749 3687 1802 ϐάνα-

505 1843 737 1900 motum,
769 1850 835 1889 eo
881 1849 1052 1904 usque
1086 1833 1430 1887 naturalibus
1465 1833 1670 1887 utendo
1703 1833 1962 1902 omnique
1996 1849 2072 1888 re-

2112 1900 2144 1908 __
2178 1846 2270 1884 τον
2301 1832 2558 1901 συστολὴν
2589 1835 2940 1904 ποιήσασθαι.
2970 1835 3034 1889 Τί
3068 1831 3160 1890 οὖν
3188 1836 3296 1889 τῶν
3325 1837 3522 1890 ἀτόπων
3552 1839 3582 1908 ἡ
3616 1836 3688 1889 τοῦ

503 1925 870 1995 prehensione
917 1923 1253 1986 carentibus,
1294 1930 1352 1976 ut
1394 1930 1449 1975 et
1483 1921 1731 1977 inﬁdeles
1756 1923 1926 1976 Deum
1956 1937 2076 1978 esse

2112 1900 2148 1953 Β
2180 1921 2314 1975 Θεοῦ
2365 1900 2646 1995 πέπρακεν
2688 1900 3011 1998 Ἐκκλησία,
3057 1929 3198 1999 μετὰ
3249 1930 3342 2000 τῆς
3399 1900 3690 1999 ἀνθρωττὶνης

504 2031 617 2069 non
661 2014 947 2070 crederent
980 2033 992 2066 :
1023 2014 1161 2086 fuga:
1205 2021 1386 2070 autem
1433 2019 1642 2066 motum
1680 2022 1921 2081 tempore
1951 2029 2069 2084 pas-

2178 2013 2344 2070 αὐτοῦ
2387 2017 2477 2068 καὶ
2514 2019 2736 2089 κτιστῆς
2773 2020 3007 2088 φύσεως,
3044 2022 3136 2075 καὶ
3163 2039 3292 2085 τους
3345 2021 3691 2093 δημιουργικῶς

504 2107 694 2172 sionis,
727 2123 850 2161 cum
887 2122 943 2160 se
976 2116 1168 2177 sponte
1204 2113 1351 2160 metu
1378 2107 1569 2161 mortis
1596 2106 1868 2160 contraxit
1900 2106 2076 2173 :Quid

2179 2106 2317 2176 αὐτῇ
2369 2107 2500 2178 παρ’
2544 2111 2708 2163 αὐτοῦ
2764 2113 3078 2176 ὲντεοέντας
3128 2115 3188 2166 ἐν
3247 2113 3388 2184 αὐτῷ
3445 2114 3693 2176 ἀνελλιπῶς

504 2197 672 2270 igitur
716 2197 906 2252 absoni
955 2197 1084 2251 fecit
1118 2198 1210 2252 Dei
1262 2197 1527 2262 Ecclesia,
1559 2196 1705 2267 quod
1745 2211 1870 2251 cum
1909 2198 2076 2267 ipsius

2176 2194 2512 2267 ὁμολογοῦσα
2563 2199 2771 2268 λόγους,
2815 2195 2888 2254 ὧν
2944 2203 3038 2256 καὶ
3097 2202 3228 2258 ἄνευ
3278 2200 3528 2272 εἶναιτὴν
3567 2202 3692 2271 φύσιν

503 2289 843 2344 humanitate
868 2297 923 2344 et
946 2297 1140 2343 natura
1167 2297 1368 2352 creata,
1395 2288 1497 2358 ipsi
1520 2303 1738 2357 quoque
1766 2305 1873 2359 qua
1895 2283 2076 2346 creata
2177 2285 2432 2340 ἀδύνατον
2466 2305 2480 2354 ;

502 2387 587 2434 est
614 2379 682 2433 ab
713 2395 780 2434 eo
813 2379 1065 2444 insertas,
1099 2380 1250 2433 nullo
1283 2378 1521 2442 defectu,
1567 2378 1806 2432 rationes
1855 2380 2080 2436 conﬁte—

504 2479 614 2536 tur,
642 2471 760 2526 sine
789 2469 992 2540 quibus
1018 2485 1121 2524 nec
1151 2480 1212 2524 ut
1238 2477 1437 2523 natura
1460 2467 1553 2535 sit,
1583 2465 1700 2522 ﬁeri
1728 2467 1938 2536 potest?

1135 2567 1216 2622 Ea:
1247 2568 1449 2622 eadem.
2724 2562 2735 2580 ’

2724 2562 2820 2614 Τπ
2854 2557 2963 2626 τῆς
2989 2560 3203 2626 αὐτῆς.

565 2665 627 2723 Si
659 2680 722 2720 ea
768 2672 975 2720 tantum
1028 2661 1278 2717 conﬁteri
1333 2667 1571 2728 oportet,
1627 2670 1801 2727 quzea
1848 2655 2073 2728 synodis

2252 2653 2313 2706 Εἰ
2342 2652 2410 2707 τὰ
2463 2653 2758 2716 συνοδικῶς
2821 2652 2916 2706 καὶ
2946 2653 3110 2722 μόνον
3171 2654 3438 2727 εἰρημένα
3460 2655 3558 2727 χρὴ
3599 2657 3701 2725 ὁμο-

493 2755 640 2813 dicta
666 2764 942 2818 sunt,nec
994 2767 1102 2807 una
1155 2753 1244 2804 Dei
1303 2746 1468 2802 Veibi
1527 2758 1722 2801 natura
1780 2746 2062 2801 iucarnata

2179 2746 2382 2814 λογεῖν,
2444 2744 2570 2797 οὔτε
2633 2747 2730 2817 τὴν
2795 2745 2928 2817 μίαν
2995 2745 3091 2801 τοῦ
3144 2745 3288 2802 Θεοῦ
3349 2747 3518 2817 Λόγου
3570 2748 3701 2816 φύσιν

493 2849 730 2904 dicenda
771 2849 866 2913 sit,
907 2863 1030 2917 qua:
1057 2861 1279 2902 omnem
1327 2846 1582 2918 mysterii
1625 2848 1890 2917 pietatem
1921 2864 2076 2904 eom-

2178 2844 2633 2916 σεσαρκωμένην,
2675 2841 3036 2911 περιεκτικὴν
3062 2841 3254 2912 πάσης
3288 2840 3385 2911 τῆς
3411 2838 3502 2893 τοῦ
3533 2853 3705 2909 μυστη-

493 2937 778 3008 pleetitur,
800 2953 926 2992 cum
965 2937 1119 2994 nullo
1143 2938 1338 3008 synodi
1364 2938 1590 2995 decreto
1613 2939 1763 2995 edita
1786 2941 1875 2994 sit.
1905 2939 2078 3007 Quin—

2180 2940 2294 3010 ρίου
2320 2932 2485 2990 οὖσαν
2517 2934 2822 2997 εὐσεϐείας,
2863 2933 2970 3005 χρὴ
2993 2934 3039 2965 ⁵⁸
3066 2933 3276 3002 λέγειν,
3325 2931 3594 2994 συνοδικῶς
3625 2929 3705 2981 οὐκ

495 3030 606 3084 imo
639 3031 718 3085 sic
747 3045 971 3100 quoque
1007 3045 1133 3084 cum
1169 3031 1389 3084 naturis
1414 3046 1720 3101 earumque
1764 3031 2078 3101 proprieta-

2175 3030 2664 3101 ὲκπεφωνημένην.
2701 3027 2845 3098 Πλὴν
2879 3027 2960 3080 ὃτι
2997 3026 3089 3080 καὶ
3126 3025 3276 3078 οὕτω
3302 3025 3420 3087 ταῖς
3449 3020 3707 3092 φύσεσικαὶ

496 3121 666 3188 tibus,
689 3121 856 3176 etiam
885 3121 1201 3176 voluntates
1227 3121 1484 3176 conﬁteri
1516 3137 1746 3178 necesse
1774 3123 2072 3179 habebitis.

2175 3127 2287 3188 τοῖς
2315 3123 2497 3176 αὐτῶν
2529 3121 2788 3191 ἰδιώμασι
2824 3119 2919 3172 καὶ
2948 3119 3018 3170 τὰ
3048 3116 3345 3188 θελήματα
3374 3112 3707 3184 συνομολογεῖν

495 3213 553 3268 Si
601 3213 750 3268 enim
797 3229 919 3283 qua:
976 3213 1308 3268 naturaliter
1347 3213 1558 3268 Christi
1591 3215 1807 3270 naturis
1855 3231 2077 3286 compe-

2109 3242 2148 3297 ρ
2179 3209 2564 3286 βιασθήσεσθε.
2621 3211 2686 3264 Εἰ
2739 3210 2851 3280 γὰρ
2908 3208 2978 3260 τὰ
3018 3207 3275 3277 φυσικῶς
3323 3205 3583 3297 προσόντα
3612 3201 3706 3262 ταῖς

497 3313 644 3371 tunt,
677 3305 795 3360 hzec
832 3320 1026 3359 earum
1053 3306 1428 3374 proprietates
1459 3321 1583 3361 esse
1615 3307 1805 3363 dicitis
1831 3326 1844 3373 ;
1876 3317 2076 3363 natura

2117 3292 2148 3297 τ
2179 3305 2379 3376 φύσεσι
2409 3305 2505 3358 τοῦ
2540 3301 2802 3375 Χριστοῦ,
2841 3299 3108 3369 ἰδιώματα
3143 3299 3334 3352 αὐτῶν
3376 3292 3504 3350 εἶναι
3536 3293 3704 3360 λέγετε,

495 3413 628 3452 vero
663 3397 886 3465 utrique
921 3396 1042 3466 ejus
1064 3406 1279 3450 natura:
1321 3395 1546 3450 insitum
1578 3405 1664 3451 est
1695 3398 1870 3464 velle;
1909 3399 2078 3469 igitur

2179 3397 2426 3470 φυσικῶς
2451 3396 2507 3449 δὲ
2536 3395 2778 3464 ἑκατέρᾳ
2809 3391 2974 3446 αὑτοῦ
3009 3391 3170 3461 φύσει
3204 3391 3266 3445 τὸ
3300 3389 3469 3443 Θέλειν
3504 3385 3709 3457 ἐμπέφυ-

495 3503 723 3542 neecsse
758 3487 917 3541 vobis
953 3487 1061 3541 erit
1098 3501 1223 3540 cum
1247 3486 1369 3541 aliis
1399 3487 1747 3542 naturalibus
1766 3491 2078 3559 proprieta-

2180 3507 2296 3556 κεν,
2329 3489 2436 3559 ἄρα
2473 3487 2613 3556 μετὰ
2645 3486 2754 3540 τῶν
2783 3486 2962 3542 ἄλλων
2997 3484 3253 3553 φυσικῶν
3303 3481 3608 3552 ἰδιωμάτων,
3641 3473 3711 3528 καὶ

497 3579 668 3645 tibus,
701 3594 826 3634 cum
856 3578 1072 3634 naturis
1104 3577 1357 3633 conﬁteri
1382 3578 1593 3649 pariter
1623 3578 1962 3635 voluntates.

2171 3580 2242 3637 τὰ
2287 3578 2574 3647 θελήματα
2633 3577 2754 3640 ταῖς
2816 3575 3011 3644 φύσεσι
3075 3573 3463 3644 συνομολογεῖν
3513 3570 3713 3636 ἀναγκα-

2177 3666 2462 3740 σοήσεσθε.

567 3756 860 3821 Ρτωιετεο,
885 3755 930 3809 si
958 3754 1152 3826 synodi
1188 3762 1414 3824 prepter
1457 3770 1648 3808 vocem
1682 3756 1846 3811 unius
1887 3756 2074 3826 Apoli-

2255 3760 2467 3822 Ἄλλως
2494 3777 2552 3812 τε
2581 3758 2660 3821 δὲ,
2695 3759 2744 3811 εί
2775 3757 2832 3812 αἱ
2863 3757 3073 3810 σύνοδοι
3102 3758 3202 3810 ἐπὶ
3231 3761 3298 3831 τῇ
3328 3755 3420 3810 τοῦ
3449 3753 3558 3815 ἐνὸς
3588 3747 3715 3817 Θελήο

496 3849 715 3902 narium
737 3857 792 3902 et
814 3848 1008 3902 Arium
1031 3847 1637 3902 anathematizaverunt
1666 3846 1813 3918 (cum
1841 3858 2073 3918 uterque

2183 3869 2350 3923 ματος
2380 3853 2528 3924 φωνῇ
2561 3851 2657 3904 καὶ
2695 3849 3072 3919 Ἀπολινὰριον
3099 3849 3198 3902 καὶ
3233 3851 3452 3918 Ἀρειον
3492 3842 3717 3909 ἀνεθεμά-

497 3955 694 3994 eorum
727 3940 832 3994 hac
878 3954 1014 3994 voce
1066 3938 1134 3992 ad
1192 3937 1448 3992 haeresim
1513 3953 1669 3992 suam
1721 3938 2072 3993 statuendam

2176 3960 2353 4007 τισαν,
2401 3941 2669 4011 ἑκατέρου
2719 3940 2904 3994 αὐτῶν
2946 3937 3122 4011 ταύτῃ
3175 3939 3321 4009 πρὸς
3362 3937 3604 3989 σύστασιν
3639 3928 3711 3997 τῆς

499 4031 820 4088 abuteretur
849 4047 862 4084 :
911 4029 1268 4100 Apolinarius
1314 4028 1560 4099 quidem,
1588 4037 1651 4084 ut
1675 4046 1897 4084 carnem
1925 4031 2074 4101 ejus-

2180 4034 2318 4098 ἰδίας
2350 4034 2614 4106 αἱρέσεως
2650 4032 3117 4102 ἀποχρησαμένου
3141 4049 3153 4062 ·
3190 4031 3288 4084 τοῦ
3325 4030 3444 4100 μὲν,
3471 4025 3715 4098 ὁμοούσιον

499 4123 623 4178 dem
658 4123 986 4178 substantia:
1025 4138 1151 4176 cum
1174 4121 1356 4178 V’crbo
1381 4121 1700 4176 ostenderet
1724 4121 1922 4187 ;Arius
1943 4135 2078 4176 vero

2176 4127 2254 4198 τῷ
2281 4127 2439 4197 Λόγῳ
2487 4125 2574 4179 διὰ
2619 4125 2812 4177 τούτου
2841 4124 2939 4194 τὴν
2969 4124 3148 4194 σάρκα
3189 4121 3516 4194 βουλομένου
3545 4116 3711 4179 δεῖξαι·

499 4225 565 4272 ut
589 4215 786 4270 Filium
806 4216 1006 4269 aPatre
1035 4214 1267 4268 diversa:
1291 4213 1614 4267 substantia:
1641 4212 2069 4285 introduceret),

2174 4218 2269 4271 τοῦ
2299 4218 2375 4281 δὲ,
2401 4217 2738 4288 έτεροούσιον
2764 4216 2856 4269 τὸν
2882 4215 3011 4269 Υἰὸν
3042 4216 3181 4286 πρὸς
3233 4215 3326 4268 τὸν
3380 4211 3583 4280 Πατέρα
3629 4208 3711 4257 εἰσ·

501 4304 780 4375 quomodo
819 4318 1117 4372 possumus
1161 4318 1264 4356 nos
1295 4302 1369 4371 pii
1404 4317 1547 4367 esse,
1583 4302 1677 4375 qui
1704 4318 1871 4358 voces
1898 4303 2078 4358 lucre-

2175 4312 2401 4378 αγαγεῖν
2439 4308 2881 4378 ἁγωνιζωμένου,
2911 4307 3028 4370 πῶς
3057 4307 3310 4361 εὐσεϐεῖν
3349 4307 3490 4376 ἡμᾶς
3513 4299 3714 4355 δυνατδνι

505 4395 629 4448 ticis
658 4392 970 4449 contrarias
1021 4409 1133 4447 non
1197 4393 1603 4447 contiteamur?
1657 4393 1830 4448 Porro
1882 4395 2075 4464 quinta

2177 4400 2279 4462 τὰς
2312 4401 2560 4462 ἐναντίας
2587 4402 2700 4462 τοῖς
2727 4400 3028 4470 αἱρετικοῖς
3068 4400 3258 4468 φωνὰς
3298 4399 3397 4468 οὐχ
3437 4389 3717 4467 ὁμολογούν-

503 4483 768 4557 synodus,
818 4492 878 4538 ut
901 4484 1084 4538 omnia
1124 4483 1285 4537 missa
1317 4483 1534 4547 faciam,
1579 4498 1704 4538 cum
1739 4483 1807 4537 ad
1842 4485 2071 4542 verbum

2175 4510 2310 4559 τας;
2355 4494 2418 4546 Ἢ
2447 4493 2502 4545 δὲ
2537 4492 2761 4562 πέμπτη
2799 4491 3037 4557 σύνοδος,
3079 4490 3168 4544 ἵνα
3211 4489 3394 4542 πάντα
3440 4482 3712 4557 παραλίπω,

505 4577 579 4630 ita
615 4576 816 4640 sanxit,
845 4574 1105 4645 Amplecti
1140 4589 1195 4628 se
1221 4574 1400 4626 omnia
1433 4583 1739 4626 sanctorum
1773 4573 2073 4642 Athanasii,

2111 4562 2150 4618 Ῐ)
2181 4585 2488 4639 Θεσπίσασα
2536 4583 2842 4649 αὐτολεξεὶ,
2870 4582 3072 4635 Πάντα
3101 4581 3174 4634 τὰ
3216 4580 3340 4635 τῶν
3368 4580 3548 4650 ἁγίων
3582 4577 3711 4628 Ἀθα·

505 4667 714 4728 Πηδῖίὶἰ,
735 4668 1010 4738 utriusque
1044 4666 1304 4737 Gregorii,
1323 4681 1388 4720 ac
1413 4665 1781 4734 quorumdam
1810 4665 2072 4736 aliorum,

2178 4681 2420 4740 νασιου,
2454 4677 2554 4730 καί
2583 4677 2931 4738 Βασιλείου,
2957 4676 3054 4728 καί
3069 4674 3442 4743 Γρηγορίων,
3464 4669 3554 4723 καὶ
3577 4665 3712 4720 aut.»

502 4777 625 4812 Clilll
669 4758 976 4828 adjectione
1026 4758 1176 4812 vocis
1215 4757 1541 4828 egregiorum
1589 4754 1884 4826 doctorum,
1918 4759 2076 4816 libros

2176 4769 2338 4823 τινῶν
2382 4770 2903 4839 προσδιωρισμένως
2931 4768 3220 4837 ἐγκρίτων
3251 4759 3565 4832 Ῐὲκκρίτων]
3590 4757 3713 4813 διδα-

514 4859 578 4899 ac
608 4843 1036 4916 lucubrationes,
1073 4847 1127 4903 in
1178 4849 1380 4921 quibus
1413 4862 1465 4908 et
1507 4853 1628 4908 duae
1665 4851 1785 4912 sitae
1827 4865 1955 4912 sunt
1979 4870 2084 4912 vo-

2190 4870 2270 4907 σκ
2282 4855 2446 4908 άλων
2479 4856 2896 4925 συντάγματα,
2926 4857 2982 4909 ὲν
3009 4872 3090 4919 οις
3129 4856 3224 4909 καὶ
3256 4854 3326 4908 τὰ
3354 4854 3446 4907 δύο
3475 4852 3709 4920 ἕγκεινται

510 4935 772 4992 luntales.

2187 4945 2489 5016 Θελήματα,
2513 4945 2779 5017 δέχεσθαι.

1145 5035 1228 5090 Ea:
1257 5039 1457 5092 eadem.
2719 5040 2745 5092 ’λ

2719 5040 2822 5092 Ἐκ
2854 5038 2964 5105 τῆς
3004 5037 3215 5106 αὐτῆς.

575 5118 635 5173 In
666 5120 836 5176 sacris
854 5122 1160 5192 Evangeliis
1185 5128 1386 5182 dictum
1415 5138 1497 5184 est
1525 5147 1537 5184 :
1569 5130 1636 5184 In
1665 5133 1954 5186 crastinum
1986 5149 2079 5186 vo-

2252 5126 2346 5179 Ἔν
2395 5128 2507 5191 τοῖς
2541 5129 2713 5195 ἁγίοις
2771 5129 3120 5196 Εὐαγγελίοις
3174 5128 3398 5198 εἴρηται
3433 5123 3579 5192 ,περὶ
3629 5112 3706 5171 τοῦ

511 5210 609 5264 luit
660 5210 809 5266 Jews
871 5213 1076 5283 ingredi
1129 5217 1184 5269 in
1243 5217 1564 5275 Galilaeam:
1608 5223 1782 5292 palam
1827 5233 1933 5288 est,
1973 5240 2068 5278 vo-

2175 5220 2400 5288 Κυρίου,
2426 5218 2507 5272 ὅτι
2544 5217 2622 5286 Τῇ
2661 5220 2946 5287 ἐπαύριον
2971 5219 3278 5287 ἠθέλησεν
3307 5220 3342 5271 ὁ
3361 5214 3583 5284 Ἰησοῦς
3607 5211 3705 5263 εἰσ·

506 5303 675 5359 luisse
717 5305 948 5375 ingredi,
1006 5322 1112 5377 qua
1186 5311 1396 5365 ratione
1451 5327 1560 5366 non
1625 5322 1744 5368 erat
1799 5317 1895 5370 ibi.
1947 5315 2066 5372 Non

2171 5310 2373 5367 ελθεῖν
2430 5313 2519 5376 εἰς
2572 5309 2691 5378 τὴν
2747 5312 3117 5365 Γαλιλαίαν·
3191 5307 3460 5379 πρόδηλον
3511 5306 3592 5365 δὲ,
3639 5300 3704 5353 ὅτι

508 5404 625 5449 erat
691 5406 870 5452 autem
932 5398 1317 5454 humanitate:
1368 5417 1492 5454 nam
1549 5403 1752 5460 deitate
1791 5421 2060 5475 nusquam

2178 5404 2303 5458 καθ’
2333 5403 2360 5456 ὃ
2389 5403 2488 5458 οὐκ
2515 5399 2582 5474 ἦν
2607 5405 2745 5469 ἐκεῖ,
2776 5405 3041 5474 ἠθέλησεν
3068 5401 3360 5455 εἰσελθεῖν·
3421 5400 3517 5452 οὑκ
3562 5391 3620 5463 ἦν
3659 5391 3703 5440 δὲ

509 5487 678 5541 abest.
717 5487 886 5558 Igitur
916 5498 976 5545 ut
1009 5490 1192 5560 homo,
1216 5506 1323 5549 non
1359 5501 1416 5550 ut
1452 5493 1616 5565 Deus,
1656 5496 1865 5555 intrare
1901 5499 2074 5554 voluit

2183 5496 2587 5566 ἀνθρωπότητι·
2621 5495 2838 5564 Θεότητι
2880 5495 2988 5565 γὰρ
3036 5493 3248 5554 οὐδενὸς
3296 5493 3539 5547 ἄπεστιν.
3589 5484 3704 5550 ’Δρα

508 5592 571 5631 ac
598 5578 892 5648 proﬁcisci.
2183 5586 2276 5640 οὖν
2307 5586 2428 5639 καθ’
2458 5586 2486 5639 ὃ
2514 5587 2821 5655 ἄνθρωπος,
2851 5586 2945 5640 καὶ
2984 5586 3042 5640 οὐ
3077 5584 3199 5638 καθ’
3229 5582 3259 5636 ὃ
3289 5583 3423 5644 Θεὸς
3477 5576 3704 5648 ἠθέλησεν

2174 5678 2459 5735 εἰσελῢεῖν*
2504 5678 2599 5736 καὶ
2629 5677 2908 5747 Θελητικὺς
2932 5671 2998 5748 ἦν
3025 5673 3145 5731 καθ’
3171 5671 3203 5727 δ
3226 5672 3528 5744 ἅνθρωπος.

595 5853 609 5885 ¹
639 5853 794 5910 Joau.
824 5874 861 5921 ι,
888 5861 977 5916 43.
