4052 6292
392 430 518 495 illi

1313 428 1683 491 PANOPLIA
1717 430 2174 492 DOGMATICA.
2207 453 2278 465 -
2304 427 2452 489 ΤΠ.
2483 425 2639 488 XXI.

3507 415 3639 481 1142

411 573 416 580 ’
457 575 565 629 Καὶ
592 572 828 643 ἀλλαχοῦ
879 572 1075 627 πάλιν·
1113 570 1296 634 Θέλω,
1327 571 1426 625 ινα
1467 571 1620 626 ὅπου
1664 571 1778 640 ειμι
1821 571 1954 640 ἐγὼ,

2126 561 2248 617 Alio
2274 561 2405 617 item
2429 561 2553 616 loco
2579 577 2592 614 :
2627 559 2772 626 Volo,
2801 560 2966 630 ut_ubi
2985 575 3078 631 ego
3104 577 3240 624 sunt,
3273 567 3320 612 et
3349 558 3430 614 illi
3461 562 3566 615 sint
3591 567 3630 628 ί,

383 667 484 720 καὶ
529 666 698 718 αὐτοὶ
731 658 899 717 ὦσιν.
934 663 996 714 Εἰ
1029 661 1150 714 καθ’
1175 661 1203 713 6
1230 660 1367 732 8&6;
1397 661 1424 713 6
1463 660 1698 730 Χριστὸς
1727 659 1870 729 ὑπὲρ
1897 659 1959 712 τὸ

2073 651 2192 708 lum
2220 651 2472 706 Christus
2487 660 2759 721 quatenus
2777 651 2923 706 Deus
2945 667 3110 722 supra
3140 652 3234 706 ubi
3267 652 3359 716 sit,
3386 666 3632 706 omnem-

300 748 318 818 ‘,
386 756 492 810 ποῦ
524 755 673 809 ἐστίν
697 771 711 786 ·
752 755 814 807 οὐ
850 752 958 823 γὰρ
990 755 1046 804 ὲν
1069 753 1218 822 τόπῳ
1247 751 1370 804 καθ’
1406 751 1434 804 6
1473 751 1623 814 Θεός·
1651 750 1791 820 ὑπὲρ
1815 750 1871 803 δὲ
1899 750 1959 803 τὸ

307 855 314 863 ’
387 850 490 904 ποῦ
519 850 780 903 ἀδύνατον
809 848 908 916 τὴν
939 846 1166 916 κτιστὴν
1190 844 1350 914 φύσιν
1378 843 1666 914 ὑπάρχειν·
1700 843 1808 913 ἄρα
1838 843 1958 896 καθ’

398 943 427 995 6
460 941 746 1011 ἄνθρωπος
778 938 942 1002 θέλει,
973 939 1062 992 ἵνα
1087 939 1219 991 ὅπου
1251 936 1369 990 ἐστὶ
1405 937 1500 989 καὶ
1526 935 1679 988 αὐτοὶ
1711 928 1830 988 ὦσι·
1868 935 1960 988 καὶ

389 1033 672 1104 θελητικὸς
703 1029 770 1086 ἦν
797 1033 825 1088 6
853 1031 1015 1095 αὐτὸς
1042 1031 1163 1084 καθ’
1195 1029 1223 1083 6
1246 1030 1554 1099 ἄνθρωπος.

463 1169 572 1266 Καὶ
613 1209 846 1279 ἀλλαχοῦ
878 1207 1059 1263 πάλιν·
1091 1206 1200 1261 Kal
1246 1205 1438 1260 ἐλθὼν
1464 1207 1550 1270 εὶς
1573 1204 1782 1271 τόπον,
1810 1198 1960 1257 εἶπε·

389 1302 559 1372 Διψῶ,
585 1301 695 1355 Kal
741 1299 976 1353 ἔδωκαν
1017 1295 1178 1361 αὐτῷ
1215 1292 1386 1350 οῖνον
1431 1295 1584 1364 μετὰ
1634 1292 1828 1362 χολῆς
1852 1309 1959 1362 με-

383 1392 695 1463 μιγμένον·
726 1390 826 1442 καὶ
855 1387 1244 1458 γευσάμενος,
1267 1387 1379 1440 οὐκ
1401 1385 1580 1454 ἤθελε
1599 1383 1776 1438 πιεῖν.
1806 1383 1963 1437 Κατὰ

2057 758 2164 812 que
2197 742 2304 802 loci
2335 743 2905 813 circumscriptionem
2934 746 3067 812 (non
3091 743 3241 798 enim
3284 753 3370 798 est
3404 743 3460 797 in
3489 744 3631 807 loco,

2058 849 2165 903 qua
2219 833 2432 888 ratione
2475 842 2562 888 est
2607 832 2800 904 Deus),
2838 833 2957 888 fieri
2988 844 3170 889 autem
3211 849 3320 888 non
3350 843 3532 903 potest
3575 843 3637 887 ut

2059 936 2226 991 supra
2248 922 2342 976 ubi
2367 923 2595 977 exsistat
2616 931 2810 977 natura
2833 933 3016 976 creata
3037 939 3051 987 ;
3071 937 3206 992 ergo
3230 933 3291 976 ut
3310 923 3474 976 homo
3497 923 3633 986 vult,

2061 1019 2123 1066 ut
2154 1012 2252 1067 ubi.
2271 1022 2378 1079 est,
2411 1014 2522 1068 sint
2549 1012 2686 1082 ipsi;
2719 1023 2885 1082 atque
2904 1012 2977 1068 ita
3007 1013 3154 1068 idem
3176 1019 3451 1082 quatenus
3471 1012 3636 1067 homo

2041 1114 2181 1160 erat
2201 1105 2461 1164 facultate
2490 1105 2791 1161 voluntatis
2828 1105 3112 1175 praeditus.

2330 1196 2399 1251 Et
2445 1197 2578 1252 alias
2618 1212 2840 1252 rursum
2874 1214 2887 1249 :
2921 1197 2992 1251 Et
3035 1213 3156 1251 cum
3187 1197 3409 1251 venisset
3460 1196 3530 1250 ad
3563 1195 3640 1249 lo-

2062 1306 2206 1352 cum,
2247 1289 2382 1344 dia'it
2410 1307 2429 1345 :
2469 1289 2630 1346 Sitio.
2667 1289 2738 1344 Et
2781 1290 3038 1344 dederunt
3069 1292 3116 1343 ei
3161 1292 3342 1344 vinum
3370 1305 3486 1343 cum
3520 1287 3639 1358 felle

2064 1381 2303 1444 mistum,
2334 1387 2524 1434 etcum
2549 1388 2831 1451 gustasset,
2869 1379 3037 1434 noluit
3064 1379 3235 1432 bibere
3261 1385 3301 1432 ³.
3325 1377 3638 1432 Secundum

391 1486 543 1537 ποῖον
588 1480 752 1536 αὐτοῦ
801 1479 966 1551 μέρος
995 1479 1216 1549 διψῆσαι
1255 1477 1414 1531 αὐτὸν
1462 1477 1717 1545 levarat;
1766 1477 1827 1530 El
1862 1475 1963 1546 μὲν

2073 1485 2230 1540 quam
2265 1469 2440 1540 ipsius
2461 1477 2696 1541 partem,
2718 1486 2844 1526 eum
2871 1471 3074 1526 sitiisse
3105 1469 3333 1525 dicitis?
3357 1468 3640 1538 Siquidem

390 1572 532 1626 κατά
580 1572 679 1642 τὴν
729 1570 980 1640 θεότητα,
1020 1570 1274 1640 ἐμπαθὴς
1311 1569 1464 1622 ἔσται
1503 1572 1536 1640 ὴ
1561 1568 1750 1639 θεότης
1775 1563 1961 1634 αὑτοῦ,

390 1661 601 1724 πόσεως
641 1661 790 1728 παρά
823 1659 985 1729 φύσιν
1036 1660 1320 1731 ἐφιεμένῃ.
1358 1661 1421 1713 El
1466 1660 1523 1714 δὲ
1575 1659 1719 1713 κατά
1746 1659 1843 1729 τὴν
1873 1661 1966 1714 ἀν-

391 1754 717 1825 θρωπότητα
740 1792 755 1817 ,
789 1753 897 1821 ἄρα
940 1752 1060 1805 καθ’
1085 1751 1114 1804 6
1145 1751 1385 1822 ἐδίψησε,
1410 1751 1527 1804 κατ’
1559 1753 1736 1805 ἐκεῖνο
1771 1755 1866 1808 καὶ
1904 1753 1966 1807 τὸ

390 1843 765 1913 ἀκατάλληλον
795 1845 860 1913 τῇ
895 1841 1054 1912 φύσει
1081 1842 1181 1895 οὐκ
1209 1842 1440 1913 ἠθέλησε
1469 1844 1613 1897 πιεῖν
1634 1858 1650 1874 ·
1683 1843 1777 1897 καὶ
1805 1843 1965 1915 θελη-

391 1935 542 1999 τικὸς
568 1933 634 2005 ἦν
660 1935 696 1987 .6
734 1934 893 1998 αὐτὸς
933 1934 1028 1987 καὶ
1077 1934 1197 1988 καθ’
1235 1933 1263 1987 6
1306 1934 1612 2005 ἄνθρωπος.

467 2111 576 2166 Καὶ
614 2110 845 2181 ἀλλαχοῦ
880 2125 1035 2181 φησι·
1088 2110 1196 2164 Kal
1254 2124 1594 2177 περιεπατει
1645 2112 1678 2164 d
1730 2110 1966 2178 Ἰησοῦς

392 2203 466 2256 ἐν
503 2201 577 2271 τῇ
608 2203 922 2270 Γαλιλαίᾳ·
967 2204 1038 2256 οὐ
1078 2201 1188 2271 γὰρ
1226 2201 1446 2270 ἤθελεν
1487 2201 1555 2254 ἐν
1582 2200 1654 2270 τῇ
1710 2203 1970 2269 Ἰουδαίᾳ

395 2291 771 2360 περιπατεῖν,
799 2291 887 2345 ὅτι
931 2289 1179 2357 ἐζήτουν
1206 2291 1394 2344 αὑτὸν
1422 2294 1475 2344 οἱ
1518 2290 1794 2347 Ἰουδαῖοι
1824 2293 1969 2345 ἀπο-

396 2385 642 2438 κτεῖναι.
682 2384 745 2436 El
777 2383 878 2452 τῆς
917 2382 1118 2453 σαρκὸς
1148 2381 1308 2451 φύσει
1349 2382 1376 2434 6
1407 2382 1727 2453 περίπατος,
1763 2383 1875 2436 ἀλλ’
1907 2384 1968 2436 οὐ

395 2475 500 2544 τῆς
551 2474 667 2528 καθ’
703 2463 996 2527 ὑπόστασιν
1030 2472 1314 2544 ἠνωμένης
1367 2474 1502 2544 αὐτῇ
1543 2473 1814 2544 θεότητος,
1862 2474 1969 2544 ἄρα

399 2566 518 2620 καθ’
539 2566 566 2619 6
600 2566 883 2636 ἄνθρωπος
911 2568 940 2619 6
977 2566 1138 2629 αὐτὸς
1165 2567 1223 2618 ὲν
1243 2567 1310 2636 τῇ
1342 2564 1602 2636 Γαλιλαίᾳ
1630 2565 1968 2636 περιπατῶν,

397 2659 500 2711 οὐκ
529 2658 718 2728 ἤθελεν
763 2659 821 2712 ὲν
864 2661 930 2730 τῇ
977 2657 1206 2728 Ἰουδαίᾳ
1254 2661 1598 2727 περιπατεῖν·
1633 2659 1726 2712 xal
1759 2658 1970 2729 θελητι-

398 2747 492 2810 κὸς
522 2746 549 2799 6
575 2747 737 2810 αὐτὸς
765 2748 860 2800 καὶ
894 2746 1017 2802 καθ’
1048 2747 1075 2799 6
1103 2747 1408 2818 ἄνθρωπος.

2065 1561 2215 1616 enim
2246 1561 2553 1616 secundum
2597 1561 2882 1628 deitatem,
2928 1562 3036 1617 erit
3071 1562 3195 1632 ejus
3243 1560 3418 1616 deitas
3450 1559 3640 1615 libidi-

2065 1668 2219 1719 nosa,
2253 1669 2376 1723 qua:
2409 1660 2612 1724 praeter
2660 1661 2914 1708 naturam
2958 1659 3152 1722 potum
3199 1651 3511 1722 expetierit.
3545 1651 3640 1706 Sin

2065 1754 2247 1800 autem
2275 1745 2578 1802 secundum
2605 1746 3028 1810 humanitatem,
3049 1743 3220 1814 igitur
3247 1759 3313 1800 ea
3338 1753 3492 1814 parte
3519 1745 3642 1802 siti-

2070 1837 2168 1902 vit,
2203 1853 2326 1908 qua).
2355 1847 2410 1893 et
2431 1838 2579 1908 quod
2600 1846 2813 1893 natura:
2843 1837 3254 1892 dissentaneum
3289 1846 3426 1902 erat,
3451 1837 3646 1892 bibere

2066 1929 2244 1984 noluit
2275 1947 2288 1983 :
2311 1939 2475 1999 atque
2493 1928 2631 1984 adeo
2664 1929 2834 1984 etiam
2857 1929 3122 1995 uthomo,
3139 1928 3443 1984 voluntatis
3469 1927 3642 1986 facul-

2067 2029 2175 2076 tate
2195 2029 2314 2075 erat
2342 2020 2624 2090 praeditus.

2138 2112 2206 2166 Et
2228 2111 2360 2166 alibi
2381 2111 2460 2166 ait
2497 2130 2510 2167 :
2545 2111 2613 2165 Et
2632 2110 2940 2166 ambulabat
2978 2109 3130 2166 Iesus
3158 2113 3213 2165 in
3245 2110 3471 2168 Galilwa
3494 2126 3512 2164 :
3538 2125 3645 2165 non

2065 2205 2205 2258 enim
2247 2204 2452 2258 volebat
2495 2203 2771 2258 ambulare
2818 2205 2876 2258 in
2922 2203 3134 2267 Judrea,
3177 2203 3302 2272 quia
3341 2201 3646 2272 quan-ebant

2066 2312 2184 2349 eum
2205 2295 2377 2350 Judaei
2407 2295 2703 2363 interﬁcere
2722 2300 2763 2350 ³.
2790 2293 2928 2350 Cum
2977 2293 3280 2349 ambulatio
3304 2301 3503 2348 natura
3525 2307 3646 2347 car-

2067 2391 2157 2442 nis
2172 2387 2263 2453 sit,
2291 2402 2401 2442 non
2426 2387 2646 2443 deitatis
2669 2389 2721 2443 ei
2746 2389 2916 2443 unita:
2941 2388 3246 2444 secundum
3273 2387 3642 2459 hypostasim-;

2067 2492 2200 2547 ergo
2221 2492 2330 2547 qua
2371 2478 2538 2532 homo
2580 2487 2699 2532 erat
2722 2478 2781 2533 in
2807 2477 3027 2533 Galilaia
3055 2478 3379 2543 ambulans,
3423 2478 3646 2534 nolebat

2069 2567 2126 2622 in
2177 2569 2371 2624 Iudaea
2421 2569 2753 2624 ambulare:
2789 2576 2954 2639 atque
2998 2570 3114 2635 ita,
3166 2569 3315 2626 idem
3368 2571 3534 2626 etiam
3584 2578 3647 2625 ut

2068 2659 2235 2716 homo
2260 2659 2558 2716 voluntatis
2575 2658 2834 2714 facultate
2856 2658 3120 2728 pmditus
3165 2667 3310 2714 erat.

473 2838 583 2891 Καὶ
622 2838 846 2909 ἑτέρωθι
880 2838 1062 2893 πάλιν·
1104 2837 1393 2892 Κάκεῖθεν
1423 2837 1792 2906 ἐξελθόντες,
1829 2855 1971 2908 παρ-

2143 2853 2351 2905 llursus
2381 2863 2600 2918 quoque
2621 2847 2732 2903 alio
2759 2847 2880 2902 loco
2913 2865 2926 2899 :
2962 2847 3031 2902 Et
3053 2847 3204 2901 illinc
3229 2849 3442 2917 egressi,
3466 2856 3646 2901 trama

396 2928 757 2995 επορεύοντο
802 2926 900 2981 διὰ
937 2926 1046 2994 τῆς
1071 2929 1421 2994 Γαλιλαίας·
1463 2928 1564 2984 καὶ
1590 2929 1702 2983 οὐκ
1731 2928 1969 2998 ἤθελεν,

397 3018 504 3071 ινα
533 3035 624 3084 τις
652 3017 795 3086 γνῷ.
836 3017 1194 3088 Ὡμολόγηται
1228 3019 1378 3090 παρά
1409 3020 1624 3073 πάντων
1649 3021 1683 3090 ή
1714 3021 1974 3092 πόρευσις

401 3110 563 3179 φύσει
591 3110 690 3180 τῆς
718 3109 1158 3181 ἀνθρωπὸτητος,
1192 3110 1269 3175 ὡς
1299 3110 1535 3183 εἴρηται,
1569 3107 1710 3164 εἶναι
1735 3112 1828 3165 τοῦ
1857 3114 1972 3166 Κυ-

405 3200 547 3270 ρίου,
588 3201 705 3254 ἀλλ’
736 3201 796 3254 οὐ
833 3202 931 3270 τῆς
971 3202 1134 3255 αὑτοῦ
1165 3201 1437 3273 θεότητος·
1468 3204 1517 3256 εί
1567 3203 1624 3256 δὲ
1667 3203 1788 3256 καθ’
1819 3205 1846 3256 6
1883 3205 1976 3258 ἄν·

401 3289 643 3359 θρωπος,
675 3290 789 3344 ἀλλ’
828 3292 888 3344 οὐ
935 3291 1058 3345 καθ’
1083 3293 1110 3346 6
1136 3293 1266 3357 Θεὸς
1299 3293 1481 3362 φύσει,
1506 3293 1716 3364 προσῆν
1755 3294 1903 3364 αὐτῷ
1938 3297 1971 3366 ή

400 3381 683 3452 πόρευσις·
720 3382 826 3454 ἄρα
860 3382 955 3436 καὶ
988 3383 1111 3437 καθ’
1146 3384 1174 3437 6
1203 3384 1490 3456 ἄνθρωπος
1523 3387 1976 3456 παραπορευόμε-

401 3491 492 3538 νος
526 3475 662 3546 μετά
689 3477 795 3530 τῶν
825 3476 1104 3547 μαθητῶν,
1132 3478 1230 3530 οὐκ
1260 3477 1448 3548 ἤθελεν
1483 3479 1570 3532 ἵνα
1596 3495 1680 3542 τις
1714 3477 1827 3550 γνῷ
1851 3493 1865 3509 ·
1883 3480 1976 3532 καὶ

403 3564 687 3634 θελητικὺς
715 3559 782 3636 ἦν
812 3569 839 3618 6
863 3566 1025 3628 αὐτὸς
1049 3567 1142 3618 καὶ
1167 3566 1290 3619 καθ’
1323 3566 1350 3620 6
1385 3567 1691 3639 ἅνθρωπος.

476 3656 587 3710 Καὶ
614 3657 842 3728 ἑτέρωθι
869 3658 1053 3712 πάλιν·
1088 3659 1374 3714 Κάκεῖθεν
1408 3660 1672 3727 ἀναστὰς
1705 3660 1980 3727 ἀπῆλθεν

400 3749 492 3811 εὶς
521 3749 592 3803 τὰ
630 3747 758 3817 ὅρια
791 3750 976 3818 Τύρου
999 3749 1097 3802 καὶ
1132 3750 1408 3816 Σιδῶνος.
1443 3751 1551 3805 Καὶ
1576 3754 1868 3808 εἰσελθὼν
1891 3757 1980 3820 είς

402 3838 623 3902 οἰκίαν,
666 3837 887 3892 οὐδένα
911 3838 1089 3906 ἤθελε
1123 3837 1362 3908 γνῶναι·
1408 3841 1508 3893 καὶ
1549 3843 1659 3895 οὐκ
1707 3841 1978 3910 ἠδυνήθη

401 3925 632 3984 λαθεῖν.
662 3929 728 3983 Εἰ
747 3928 868 3982 καθ’
907 3928 934 3981 6
955 3929 1086 3993 Θεὸς
1110 3931 1136 3982 6
1160 3931 1390 4002 Χριστὸς
1413 3929 1637 4000 δύναμις
1652 3928 1718 4002 ἦν
1745 3931 1981 3987 αὐθυπόο

403 4035 618 4081 στατος·
673 4019 793 4070 καθ’
844 4018 873 4071 6
921 4019 979 4072 δὲ
1038 4018 1346 4090 ἄνθρωπος,
1405 4020 1679 4073 ἀσθένεια·
1749 4022 1818 4074 El
1871 4022 1980 4088 γὰρ

403 4110 503 4163 καὶ
527 4109 896 4178 ἐσταυρώθη,
929 4110 1092 4180 φησὶν
1109 4113 1136 4162 6
1161 4109 1304 4174 θεῖος
1342 4109 1683 4174 Ἀπόστολος,
1713 4110 1782 4174 ἐξ
1804 4112 1983 4165 ἀσθε-

2069 2937 2216 2990 ibant
2249 2952 2342 3006 per
2367 2935 2684 3002 Galilaeam;
2739 2945 2788 2990 et
2840 2953 2946 2990 non
2999 2936 3206 2990 volebat
3255 2945 3313 2990 ut
3367 2938 3648 3008 quisquam

2071 3028 2224 3081 sciret
2250 3032 2290 3081 ⁸.
2318 3026 2588 3082 Omnibus
2613 3035 2828 3081 certum
2858 3035 2944 3082 est
2982 3027 3088 3080 iter
3107 3033 3301 3081 natura
3333 3025 3648 3079 humanita-

2074 3119 2145 3174 tis
2178 3118 2405 3183 Christi,
2425 3117 2507 3172 uti
2528 3118 2738 3173 dictum
2759 3125 2864 3182 est,
2898 3131 3009 3170 non
3032 3117 3153 3186 ejus
3178 3115 3482 3170 divinitatis
3508 3127 3649 3170 esse.

2075 3208 2172 3263 Sin
2194 3217 2378 3263 autem
2408 3207 2486 3263 illi
2507 3216 2776 3277 quatenus
2809 3206 2995 3271 homo,
3028 3208 3206 3262 inerat
3235 3205 3449 3261 itineris
3475 3206 3652 3267 ratio;

2075 3298 2266 3367 utique
2291 3297 2461 3351 etiam
2485 3306 2761 3366 quatenus
2787 3297 2952 3352 homo
2994 3312 3120 3351 cum
3149 3293 3437 3364 discipulis
3469 3303 3652 3350 trans-

2076 3389 2197 3444 iens
2247 3389 2460 3458 iterque
2497 3388 2728 3453 habens,
2771 3388 2990 3446 nolebat
3028 3395 3088 3443 ut
3122 3387 3408 3457 quisquam
3457 3387 3650 3442 sciret:

2073 3487 2239 3549 atque
2295 3478 2433 3533 adeo
2470 3479 2634 3534 etiam
2685 3487 2748 3533 ut
2807 3477 2974 3534 homo
3036 3477 3294 3534 facultate
3357 3475 3646 3533 voluntatis

2078 3569 2344 3639 praeditus
2386 3575 2527 3622 erat.

2145 3660 2280 3720 Item
2313 3660 2450 3715 alias
2487 3677 2499 3714 :
2529 3661 2596 3714 Et
2620 3661 2742 3714 inde
2774 3676 2995 3731 surgens
3031 3660 3157 3714 abiit
3181 3659 3234 3714 in
3268 3657 3403 3727 ﬁnes
3437 3657 3558 3729 Tyri
3608 3667 3653 3710 ιιι

2079 3750 2311 3806 Sidonis.
2337 3751 2406 3806 Et
2437 3753 2702 3820 ingressus
2735 3751 2971 3815 domum,
3005 3753 3265 3804 neminem
3287 3751 3420 3804 scire
3443 3750 3606 3804 voluit
3638 3764 3656 3800 :

2080 3848 2251 3892 etnon
2281 3841 2449 3908 potuit
2477 3839 2644 3894 latere
2673 3838 2714 3892 '.
2732 3839 3016 3909 Siquidem
3042 3837 3296 3894 Christus
3314 3839 3367 3892 in
3391 3847 3652 3909 quantum

2081 3931 2226 3985 Deus
2253 3939 2372 3984 erat
2400 3931 2586 3985 Virtus
2635 3932 2752 4000 ipsa
2793 3946 2920 3985 vere
2947 3931 3247 3996 exsistens;
3303 3931 3359 3986 in
3391 3940 3654 4001 quantum

2081 4029 2264 4074 autem
2295 4021 2494 4088 homo,
2537 4020 2846 4077 inﬁrmitas.
2882 4022 2998 4074 Etsi
3021 4023 3190 4089 enim,
3225 4023 3406 4092 inquit
3439 4023 3653 4077 divinus

2082 4110 2399 4180 Apostolus,
2427 4110 2708 4179 cruciﬁxus
2744 4119 2819 4164 est
2848 4127 2911 4165 ea;
2939 4111 3271 4180 inﬁrmitate,
3307 4113 3400 4166 sed
3429 4113 3550 4166 vivit
3597 4130 3654 4166 ea

402 4201 591 4266 νείας,
644 4203 805 4256 ἀλλὰ
838 4201 905 4271 ζῇ
957 4203 1024 4256 ἐκ
1051 4202 1357 4272 δυνάμεως
1404 4201 1552 4255 Θεοῦ
1577 4217 1590 4231 ·
1634 4203 1741 4272 ἄρα
1790 4203 1912 4256 καθ’
1953 4202 1971 4255 ε

2084 4203 2274 4256 virtute
2325 4201 2425 4276 'Dci
2446 4204 2466 4234 ⁸
2491 4218 2505 4269 ;
2533 4203 2694 4272 plane
2718 4210 2990 4271 quatenus
3023 4202 3212 4267 homo,
3245 4217 3355 4258 non
3407 4211 3466 4257 ut
3517 4204 3656 4258 Dcu:l

404 4291 712 4362 ἄνθρωπος,
746 4294 840 4346 καὶ
870 4295 930 4347 οὐ
973 4293 1098 4347 καθ’
1131 4293 1158 4346 6
1186 4294 1338 4359 Θεὸς,
1374 4293 1631 4346 εἰσελθὼν
1665 4296 1742 4358 εὶς
1780 4294 1976 4359 οίκίαν,

402 4381 508 4432 οὐκ
544 4381 732 4450 ἤθελεν
783 4381 871 4434 ἵνα
918 4399 1001 4444 τις
1049 4381 1182 4452 γνῷ·
1213 4383 1305 4436 καὶ
1357 4382 1738 4453 οὑκ-ἠδυνήθη
1773 4382 1976 4438 λαθεῖν·

407 4472 504 4523 καὶ
544 4471 826 4540 θελητικὺς
856 4467 924 4544 ἦν
952 4475 979 4526 6
1010 4473 1195 4538 αὐτὸς,
1232 4475 1326 4525 καὶ
1365 4471 1488 4526 καθ’
1513 4471 1540 4525 6
1568 4471 1876 4542 ἄνθρωπος.

479 4562 591 4616 Καὶ
621 4561 854 4633 ἀλλαχοῦ
885 4577 1036 4633 φησι·
1068 4565 1205 4631 Περὶ
1241 4563 1529 4632 τετάρτην
1559 4565 1843 4633 φυλακὴν
1870 4564 1981 4634 τῆς

403 4651 628 4717 νυκτὸς
656 4651 889 4720 ἔρχεται
916 4655 1064 4720 πρὸς
1105 4654 1346 4719 αὐτοὺς,
1374 4655 1713 4723 περιπατῶν
1737 4657 1834 4709 ἐπὶ
1869 4657 1975 4724 τῆς

404 4740 748 4808 θαλάσσης·
787 4741 884 4794 καὶ
934 4741 1114 4810 ἤθελε
1156 4745 1478 4812 παρελθεῖν
1503 4746 1745 4812 αὐτούς.
1789 4747 1850 4799 El
1882 4748 1978 4816 μὲν

404 4835 532 4887 καθ’
560 4833 588 4886 6
618 4834 769 4901 Θεὸς,
803 4835 959 4889 τοῦτό
988 4853 1072 4899 τις
1103 4837 1232 4906 περὶ
1265 4836 1428 4890 αὑτοῦ
1469 4837 1715 4908 εἰρῆσθαι
1750 4838 1977 4912 ὲκλάϐῃ,

405 4923 610 4994 πέρασι
645 4926 1000 4994 σωματικοῖς,
1033 4923 1110 4994 τῷ
1135 4925 1246 4978 ἀνω
1276 4925 1438 4995 φημὶ,
1475 4925 1568 4977 καὶ
1595 4923 1673 4995 τῷ
1701 4927 1864 4979 κάτω·
1902 4925 1978 4996 τῷ

402 5013 718 5084 ἔμπροσθεν
753 5015 848 5069 καὶ
889 5014 966 5085 τῷ
1001 5014 1196 5068 ὀπίσω·
1236 5012 1312 5083 τῷ
1345 5014 1494 5080 δεξιά
1522 5015 1618 5070 καὶ
1650 5015 1728 5085 τῷ
1759 5018 1977 5086 ἀριστε-

414 5107 485 5176 pa
508 5106 806 5176 διαλῆφθαι
830 5107 930 5177 τὴν
964 5107 1193 5178 θεότητα
1227 5105 1410 5175 λέγειν
1463 5107 1968 5178 ἀναγκασθήσεται.

414 5200 477 5250 El
505 5197 562 5250 δὲ
591 5198 713 5251 καθ’
744 5198 772 5251 6
821 5197 1106 5267 ἄνθρωπος
1143 5197 1313 5251 ταῦτα
1340 5183 1595 5267 εἰρῆσθαι
1619 5200 1748 5268 περὶ
1805 5197 1969 5252 αὑτοῦ

412 5287 584 5355 λέγει·
614 5288 722 5360 ἄρα
750 5287 1027 5359 θελητικὺς
1052 5283 1119 5359 ἦν
1147 5287 1174 5338 6
1201 5289 1364 5352 αὐτὸς
1412 5291 1510 5344 καὶ
1560 5289 1681 5346 καθ’
1709 5288 1736 5343 6
1761 5290 1973 5362 ἄνθρω-

416 5396 532 5442 πος.

485 5471 592 5525 Καὶ
623 5473 854 5544 ἀλλαχοῦ
889 5490 1042 5545 φησι·
1093 5474 1201 5528 Καὶ
1251 5473 1602 5543 προσῆλθον
1635 5477 1689 5528 of
1715 5477 1974 5544 μαθηταὶ

408 5563 620 5628 αὐτοῦ,
655 5565 938 5633 λέγοντες
966 5564 1141 5630 αὐτῷ·
1208 5565 1329 5619 Ποῦ
1360 5565 1574 5630 θέλεις,
1610 5565 1970 5630 ἀπελθόντες

405 5653 810 5725 ἐτοιμάσομέν
844 5673 942 5711 σοι
967 5659 1030 5712 τὸ
1066 5658 1280 5727 Πάσχα
1303 5646 1556 5726 έοιιγεῖνπ
1613 5657 1728 5728 Eii)
1764 5656 1967 5728 βρῶσις

492 5791 692 5846 'Joan.
728 5810 859 5858 xvn,
895 5793 984 5847 94.
1099 5795 1118 5824 ¹
1150 5793 1336 5850 Matth.
1368 5811 1532 5857 xxv",
1567 5793 1654 5846 33.

409 5878 535 5931 ιλιι,
569 5861 620 5920 4,
723 5864 740 5894 ’
770 5863 933 5922 Marc.
968 5879 1040 5935 vt,
1076 5864 1162 5924 i8.
1241 5869 1261 5899 ⁸
1291 5868 1423 5924 Luc.
1461 5881 1592 5927 sint.
1626 5865 1678 5925 8.

1757 5793 1777 5825 ³
1807 5791 1962 5853 Joan.
1997 5807 2094 5865 Vn,
2129 5793 2182 5852 4.

2081 4300 2200 4348 erat
2233 4293 2518 4363 ingressus
2569 4294 2624 4348 in
2674 4293 2921 4360 domum,
2966 4295 3244 4360 neminem
3273 4296 3416 4350 scire
3463 4296 3656 4361 voluit,

2081 4392 2138 4438 et
2173 4383 2283 4437 non
2307 4385 2488 4453 potuit
2517 4385 2690 4440 latere
2726 4403 2738 4438 :
2780 4393 2945 4455 atque
2975 4385 3112 4440 adeo
3139 4387 3310 4441 etiam
3361 4394 3421 4441 ut
3470 4387 3656 4452 homo,

2083 4475 2382 4532 voluntatis
2411 4475 2669 4530 facultate
2705 4476 2966 4546 praeditus
2997 4476 3123 4531 fuit.

2150 4567 2217 4622 Et
2239 4567 2370 4621 alibi
2405 4567 2539 4622 dicit
2563 4586 2574 4621 :
2600 4566 2755 4624 Circa
2779 4579 3029 4640 quartam
3056 4568 3291 4640 vigiliam
3339 4572 3502 4625 noctis
3525 4572 3656 4625 venit

2083 4657 2153 4711 ad
2175 4674 2283 4724 eos,
2307 4657 2586 4713 ambulans
2607 4675 2770 4728 supra
2789 4675 2936 4712 mare
2960 4675 2978 4712 :
3017 4666 3066 4711 et
3095 4659 3297 4712 volebat
3331 4662 3656 4729 pertransire

2086 4764 2190 4804 eos.
2214 4754 2233 4787 τ
2294 4749 2351 4803 Si
2392 4749 2518 4819 quis
2557 4749 2664 4804 hoc
2689 4749 2756 4804 de
2789 4749 2903 4811 illo,
2935 4764 3042 4818 qua
3078 4749 3289 4804 ratione
3337 4751 3480 4804 Deus
3518 4761 3656 4816 erat,

2085 4837 2294 4892 dictum
2324 4839 2622 4908 acceperit,
2648 4854 2872 4894 necesse
2906 4838 3133 4892 habebit
3155 4848 3212 4893 ut
3243 4841 3502 4895 deitatem
3535 4858 3656 4895 cor-

2085 4928 2369 4998 poralibus
2404 4929 2676 4994 terminis,
2699 4942 2918 4981 sursum
2945 4937 3109 4996 atque
3133 4929 3416 4995 deorsum,
3447 4942 3573 4986 ante
3603 4941 3654 4988 et

2086 5028 2257 5080 retro,
2287 5020 2634 5077 dextrorsum
2674 5035 2740 5074 ac
2783 5019 3163 5073 sinistrorsum
3201 5020 3652 5087 comprehensam

2081 5114 2242 5168 dicat.
2274 5110 2426 5177 Quod
2466 5110 2511 5166 si
2540 5111 2604 5164 de
2631 5109 2724 5162 illo
2759 5115 3033 5178 quatenus
3066 5108 3228 5165 homo
3263 5120 3406 5176 erat,
3438 5112 3640 5167 dictum

2079 5204 2224 5267 velit,
2257 5215 2386 5271 ergo
2423 5200 2562 5256 idem
2603 5207 2661 5254 ut
2694 5199 2856 5254 homo
2893 5198 3144 5256 facultate
3173 5203 3464 5259 voluntatis
3499 5219 3639 5272 prac-

2081 5292 2225 5347 ditus
2259 5292 2378 5346 fuit.

2149 5472 2268 5527 Alio
2323 5473 2452 5527 item
2503 5472 2621 5528 loco
2673 5489 2689 5529 :
2735 5471 2806 5527 Et
2860 5481 3186 5528 accesserunt
3234 5472 3475 5542 discipuli
3525 5476 3639 5544 ejus

2083 5564 2305 5616 dicentes
2343 5564 2390 5618 ei
2419 5576 2436 5614 :
2470 5562 2565 5618 Ubi
2614 5565 2689 5620 vis
2740 5580 2942 5631 eamus,
2975 5575 3021 5617 et
3052 5579 3288 5616 varemus
3341 5564 3431 5616 tibi
3484 5582 3638 5623 man-

2080 5660 2273 5711 ducare
2330 5655 2576 5711 Pascha?
2616 5657 2750 5711 Cum
2802 5656 3009 5710 Pascha
3072 5654 3400 5714 manditque
3447 5678 3637 5716 cum".

2281 5794 2302 5824 δ
2330 5793 2492 5849 Marc.
2543 5809 2618 5854 ut,
2643 5790 2734 5852 ‘29.
2831 5791 2850 5821 '
2879 5789 3042 5850 .‘vlarc.
3085 5811 3179 5862 vn,
3211 5795 3300 5852 2-4.
3379 5800 3398 5830 °
3428 5798 3473 5853 ll
3506 5798 3634 5855 Cor.
