4052 6292
509 416 687 483 1147

1777 411 2163 475 EUTH‘YMII
2203 408 2564 473 ZIGABENI

3637 412 3815 478 1148'

508 535 730 589 alteram
767 540 946 586 autem
980 537 1314 598 superatam,
1341 528 1393 581 id
1446 536 1531 581 est
1581 528 1897 582 humanam.
1935 523 2090 590 Quod

2195 524 2577 595 κρατουμένην
2609 524 2712 596 τὴν
2746 524 3096 597 ἀνθρωπίνην
3142 525 3413 597 δηλονότι,
3458 530 3602 600 ὅπερ
3656 533 3783 588 ἐστὶ

508 638 589 683 est
622 640 806 680 eorum
832 638 947 692 ψιτε
974 638 1098 676 cum
1125 621 1303 687 aliquo
1333 619 1711 675 conferuntur.
1739 619 1873 686 Quae
1901 627 2085 672 autem

508 727 632 774 sunt
654 716 942 785 ejusmodi,
974 727 1093 768 sese
1128 724 1311 766 mutuo
1346 712 1605 767 inferunt.
1659 711 1927 767 Praeterea
1966 723 2091 763 cum

507 810 839 878 superiorem
864 807 1136 860 actionem
1163 805 1378 866 dicatis,
1419 813 1680 871 tanquam
1716 805 1953 856 humana
1982 801 2090 855 vita

507 902 786 956 auferatur
810 940 824 962 ,
856 902 1110 953 damnum
1141 898 1271 966 ipsis
1297 898 1531 952 effertis.
1567 896 1699 949 Nam
1732 904 1788 949 et
1818 894 1896 959 id,
1944 893 2091 963 quod

507 1001 731 1061 superat
763 1004 828 1045 ex
852 1006 1040 1045 eorum
1072 998 1157 1045 est
1190 1003 1443 1053 numero,
1470 1004 1589 1058 quae
1613 980 1914 1058 patiuntur;
1958 986 2093 1041 Vin-
2132 1026 2133 1029 η

507 1088 647 1141 citur
689 1085 832 1139 enim
880 1095 932 1138 et
961 1084 1133 1154 ipsum
1174 1083 1243 1139 ab
1269 1098 1334 1138 eo
1363 1084 1505 1153 quod
1545 1084 1749 1137 vietum
1773 1092 1877 1138 est.
1943 1080 2096 1136 Licet
2132 1130 2133 1133 η

507 1180 648 1232 enim
671 1177 869 1242 minus,
912 1176 1151 1230 vincitur
1180 1182 1380 1229 tamen.
1426 1174 1519 1230 Ut‘
1550 1188 1742 1227 aurum
1805 1174 1931 1228 licet
1996 1187 2091 1226 ar—
2130 1206 2131 1213 η

507 1282 725 1339 gentum
750 1279 913 1337 atque
947 1281 1022 1321 ars
1059 1267 1362 1321 immistum
1427 1276 1671 1335 superet,
1717 1266 1953 1320 vincitur
2007 1276 2122 1320 ta-.

510 1378 632 1416 men
667 1363 843 1429 ipsum
878 1373 1115 1429 quoque,
1172 1359 1303 1413 licet
1357 1358 1561 1423 minus,
1617 1370 1812 1427 nempe
1871 1364 2131 1427 propter:

505 1455 793 1510 admistam
840 1455 1219 1524 quantitatem.

504 1653 759 1725 Ejusdem
791 1655 1038 1708 adversus
1084 1654 1204 1707 illos
1241 1653 1332 1722 qui
1364 1653 1543 1707 dicunt
1566 1691 1580 1715 ,
1635 1652 2086 1722 quemadmodum

569 1728 924 1789 instrumenti,
955 1738 1003 1779 et
1027 1726 1141 1792 ejus
1172 1728 1262 1791 qui
1285 1728 1454 1777 utitur
1482 1725 1827 1777 instrumento
1864 1741 1971 1777 una
2007 1733 2085 1777 est

571 1796 733 1860 actio,
762 1800 838 1848 sic
893 1807 939 1848 et
986 1795 1279 1850 divinitati:I
1328 1805 1483 1864 alque
1540 1794 1887 1847 humanitatis
1923 1810 2085 1848 uuam

574 1882 683 1919 esse
731 1868 1011 1919 actionem.

580 2000 639 2054 Si
683 2001 931 2054 naturale
965 2000 1147 2055 dicitis
1191 2001 1636 2060 instrumentum,
1695 1998 1938 2068 ejusdem
1995 2010 2090 2065 per

505 2108 603 2147 vos
632 2094 893 2162 temporis
935 2095 1037 2147 erit
1079 2093 1318 2149 Verbum
1390 2107 1513 2147 cum
1584 2107 1767 2157 carne,
1826 2101 1919 2145 aut
1963 2104 2091 2146 caro

505 2187 667 2240 simul
698 2199 821 2239 cum
852 2185 1029 2239 Verbo
1054 2186 1405 2254 sempiterna.
1474 2185 1747 2255 Quidquid
1802 2185 1951 2240 enim
1981 2188 2092 2240 ins-

504 2287 779 2332 trumento
814 2277 1256 2343 utiturnaturali,
1287 2277 1532 2347 ejusdem
1568 2276 1825 2345 temporis
1854 2285 1939 2332 est
1964 2291 2089 2331 cum

504 2370 614 2425 illo.
647 2368 1117 2435 Quemadmodum
1148 2380 1232 2424 est
1291 2371 1472 2424 anima
1501 2384 1624 2427 cum
1690 2384 1943 2439 corpore.
1983 2368 2090 2423 Po-

502 2462 656 2514 testis
689 2461 854 2528 igitur
877 2460 957 2514 vel
988 2470 1241 2513 naturam
1297 2459 1537 2515 divinam
1587 2471 1831 2516 creatam
1856 2461 2085 2526 dicere,

502 2544 585 2609 νὶι
613 2570 813 2624 corpus
841 2555 1169 2609 inereatum.
1201 2553 1356 2620 Quod
1388 2555 1434 2611 si
1478 2556 1907 2609 instrumentum
1953 2555 2091 2609 artis

503 2648 804 2713 aﬂirmatis,
826 2648 1184 2700 inanimato
1208 2647 1340 2700 illud
1367 2647 1738 2712 introducitis,
1771 2658 1825 2702 et
1863 2661 2088 2717 separa-

500 2742 598 2795 tim
658 2739 993 2804 consistens,
1058 2752 1221 2808 atque
1274 2736 1607 2805 seiunctum,
1654 2749 1707 2793 et
1774 2740 1921 2809 quod
1976 2753 2085 2793 non

500 2846 717 2900 semper
756 2842 1023 2896 movetur,
1054 2831 1151 2885 sed
1193 2833 1414 2901 quando
1460 2829 1658 2884 artiﬁci
1716 2830 1889 2885 visum
1922 2829 2085 2886 fuerit

500 2922 631 2976 illud
679 2924 732 2974 in
766 2935 961 2974 manus
992 2934 1231 2984 sumere,
1260 2929 1424 2989 atque
1463 2920 1567 2975 uti.
1602 2918 1685 2973 Ad
1716 2919 1833 2975 haec
1864 2919 2085 2976 demen-

499 3016 535 3067 ti
563 3013 814 3068 Nestorio
852 3027 950 3068 vos
986 3012 1247 3068 assentiri
1265 3012 1540 3068 constabit
1562 3010 1824 3066 dividenti
1857 3026 1924 3065 ac
1973 3013 2084 3066 dis-

503 3106 743 3161 trahenti
781 3108 914 3159 duas
946 3105 1150 3159 (ihristi
1182 3103 1276 3159 Dei
1349 3113 1572 3158 naturas
1604 3104 1658 3157 in
1689 3118 1852 3158 unam
1894 3103 2083 3173 hypo-

2113 1859 2164 1921 B

2194 616 2303 669 τῶν
2332 618 2465 688 πρὸς
2503 636 2554 673 τι
2587 621 2655 673 τὰ
2706 618 2767 673 δὲ
2791 619 2929 689 πρὸς
2980 636 3035 672 τι
3081 620 3301 684 πάντως
3360 624 3785 690 συνεισάγουσιν

2195 710 2412 773 ἑαυτοῖς
2446 710 2539 764 καὶ
2560 711 2629 765 τὰ
2656 711 3157 782 ἁντιοιαιρούμενα.
3214 713 3450 766 Ἔπειτα
3480 714 3560 781 δὲ,
3616 715 3702 768 ὅτι
3736 717 3786 769 εί

2195 804 2318 858 κατ’
2350 805 2707 875 ἐπικράτειαν
2729 805 2919 874 λέγετε
2964 805 3061 878 τὴν
3090 805 3398 877 ἐνέργειαν,
3445 805 3521 869 ὡς
3548 810 3650 877 τῆς
3676 810 3784 863 ἀν’
3876 853 3886 861 .

2196 899 2443 968 ρωπίνης
2473 898 2563 952 διὰ
2592 899 2652 951 τὸ
2677 899 3121 971 ἐπικράτηθηναι
3174 900 3606 972 ἀναιρουμένης,
3650 901 3781 971 μείς

2198 1006 2283 1043 σιν
2337 991 2529 1053 αὑταῖς
2561 991 2847 1059 ιὶσὰγετε.
2899 993 2973 1045 Τὸ
3032 992 3141 1061 γὰρ
3172 992 3509 1063 ἐπικρατοῦν
3550 993 3783 1056 πάντως

2195 1100 2240 1134 ω
2273 1081 2407 1135 αὐτὸ
2437 1082 2548 1135 τῶν
2575 1085 2900 1154 πασχόντων
2940 1084 3083 1140 ἐστί.
3116 1084 3229 1138 Καὶ
3261 1086 3393 1140 αὐτὸ
3414 1086 3524 1154 γὰρ
3556 1088 3783 1157 κρατεῦ

2195 1192 2253 1226 αι
2286 1173 2391 1227 ὑπὸ
2439 1174 2535 1228 τοῦ
2580 1176 3077 1247 ἐπικρατουμένου.
3134 1177 3198 1230 Ei
3224 1177 3338 1248 γὰρ
3388 1178 3482 1230 καὶ
3512 1178 3786 1246 ἔτασσον,

2195 1281 2313 1333 μως
2341 1263 2398 1317 δὲ
2430 1266 2713 1335 κρατεῖται
2748 1264 2965 1329 πάντως
3013 1263 3205 1335 ὥσπερ
3235 1267 3436 1336 χρυσὸς
3461 1266 3786 1335 ἐπικρατῶν

2196 1356 2295 1425 μὲν
2324 1355 2418 1411 τοῦ
2467 1358 2952 1427 καταμιγνυμένου
3001 1357 3151 1428 αὑτῷ
3180 1356 3447 1428 ἀργύρου,
3503 1359 3601 1410 καὶ
3641 1358 3784 1427 χαλ-

2193 1445 2314 1513 κοῦ,
2350 1447 2723 1519 κρατούμενος
2745 1449 2802 1503 δὲ
2832 1449 2924 1503 καὶ
2948 1449 3132 1514 αὐτὸς,
3183 1451 3231 1503 εἰ
3256 1456 3352 1503 κα.
3381 1443 3569 1507 ἧττον.
3603 1449 3783 1517 Δῆλον

2191 1540 2271 1607 δὲ,
2300 1542 2383 1595 ὅτι
2405 1542 2548 1595 κατὰ
2599 1541 2701 1614 τὴν
2732 1542 3006 1613 ποσότητα
3033 1544 3134 1613 τὴν
3168 1558 3275 1613 προ
3292 1543 3606 1612 σμιγεῖσαν·

2194 1656 2309 1711 Τοῦ
2364 1657 2552 1712 αὑτοῦ
2596 1657 2749 1727 προς
2805 1659 2949 1723 τοὺς
2997 1657 3305 1727 λέγοντας,
3361 1656 3566 1723 ὥσπερ
3602 1654 3789 1723 ὀργά-

2259 1728 2493 1781 νου-καὶ
2526 1725 2845 1794 κινοῦντος
2867 1730 2977 1798 μία
3002 1725 3290 1799 ἐνέργεια,
3310 1727 3475 1799 οὕτω
3502 1727 3603 1781 καὶ
3641 1729 3789 1780 Θεό-

2262 1814 2439 1867 τητος
2469 1799 2568 1852 καὶ
2592 1797 3050 1868 ἀνθρωπότητος
3078 1797 3187 1869 μία
3222 1797 3509 1867 ἐνέργεια.

2264 2004 2326 2056 Εἰ
2351 2003 2451 2072 μὲν
2472 2004 2703 2073 φυσικ’.ν
2734 2003 2795 2056 τὸ
2834 2004 3068 2075 ὄργανόν
3098 2021 3260 2073 φατε,
3318 2004 3620 2074 quur/3m;
3685 2003 3786 2055 la-

2191 2112 2281 2149 ται
2310 2095 2434 2149 καθ’
2468 2097 2615 2166 ὑμᾶς
2648 2097 2676 2148 ὁ
2701 2095 2872 2163 Λόγος
2895 2099 2960 2166 τῇ
3002 2095 3188 2167 σαρκὶ,
3221 2096 3253 2164 ἢ
3292 2096 3322 2167 ἡ
3353 2097 3486 2167 σὰρξ
3509 2096 3589 2166 τῷ
3613 2098 3788 2167 Λόγῳ

2192 2188 2487 2252 σνναῖδιοςο
2537 2189 2651 2242 πᾶν
2678 2190 2786 2258 γὰρ
2839 2187 2899 2242 τὸ
2926 2190 3266 2259 κεχρημένον
3310 2189 3525 2258 φυσικῷ
3552 2190 3788 2259 ὀργάνῳ

2192 2279 2494 2351 σύγχρονΟν
2525 2282 2685 2334 τοῦτο
2720 2280 2857 2351 εχει,
2891 2280 3083 2351 ὥσπερ
3127 2281 3186 2334 τὸ
3214 2281 3375 2350 σῶμα
3404 2281 3435 2349 ἡ
3464 2279 3640 2349 ψυχὴ,
3682 2282 3788 2333 καὶ

2190 2371 2306 2443 ὥρα
2333 2373 2477 2442 ὑμᾶς
2504 2372 2601 2427 καὶ
2630 2374 2845 2443 κτίσμα
2865 2374 2963 2444 τὴν
3011 2372 3163 2425 θείαν
3194 2370 3358 2440 φύσιν
3392 2372 3618 2441 λέγειν,
3652 2375 3685 2441 ῆ
3721 2373 3787 2425 τὸ

2191 2468 2353 2537 σῶμα
2369 2466 2647 2521 ἄκτιστονο
2689 2468 2742 2519 si
2781 2464 2839 2519 δὲ
2865 2465 3110 2536 τεχνικὸν
3168 2464 3231 2517 τὸ
3264 2463 3499 2533 ὄργανον
3554 2464 3784 2531 λέγετε,

2189 2560 2397 2630 ἄψυχον
2423 2558 2586 2614 τοῦτο
2610 2559 2888 2629 είσάγετε,
2914 2560 3011 2612 καὶ
3050 2556 3157 2628 ἰδίᾳ
3184 2556 3439 2628 ἐστηκὺς,
3466 2556 3561 2608 καὶ
3598 2572 3788 2626 μεμε-

2192 2648 2469 2719 ρισμένον,
2496 2649 2593 2702 καὶ
2613 2650 2717 2703 οὐκ
2739 2651 2826 2702 ἀεὶ
2854 2647 3201 2721 κινούμενον,
3233 2646 3348 2701 ἀλλ’
3394 2648 3484 2701 ὅτε
3500 2645 3579 2715 τῷ
3610 2648 3786 2717 ἐργα-

2189 2741 2404 2812 ζομένῳ
2430 2741 2575 2808 δόξει
2620 2740 2781 2795 τοῦτο
2815 2740 2957 2811 μετὰ
3002 2742 3188 2811 χεῖρας
3226 2739 3428 2806 λαϐεῖν,
3466 2739 3564 2793 καὶ
3599 2739 3787 2807 ἐργά-

2190 2833 2410 2900 σασθαι,
2468 2832 2566 2888 καὶ
2617 2833 2879 2904 λοιπδνῆ
2937 2831 3241 2902 Νεστοριου
3284 2830 3381 2886 τοῦ
3416 2829 3783 2900 παράφρονος

2187 2924 2501 2995 τύμφρονες
2526 2922 2881 2995 δειχθήσεσθε
2927 2922 3295 2994 διαιροῦντος,
3340 2922 3435 2976 καὶ
3460 2921 3785 2982 διίστῶντος

2185 3016 2285 3079 τὰς
2318 3018 2401 3078 είς
2439 3016 2569 3086 μίαν
2615 3014 3001 3085 ὑπόστασιν.ἢ
3038 3015 3134 3072 καὶ
3173 3013 3235 3067 ἒν
3267 3012 3579 3086 πρόσωπον
3634 3013 3789 3080 Χρι-

2188 3107 2317 3161 στοῦ
2347 3106 2444 3162 τοῦ
2474 3107 2613 3163 Θεοῦ
2637 3106 2731 3162 δύο
2759 3108 2972 3177 φύσεις,
3003 3108 3036 3179 ἢ
3080 3107 3490 3179 ’Δπολλιναρίου
3520 3105 3617 3160 τοῦ
3646 3107 3787 3161 ἀσε-

494 3200 682 3255 stasim
716 3199 831 3253 sive
860 3211 1146 3267 personam
1178 3205 1591 3252 concurrentes.
1629 3196 1737 3250 Aut
1759 3209 1883 3251 esse
1913 3195 2072 3266 impii

2195 3197 2308 3261 5οῦς
2340 3198 2621 3269 φοιτηταί,
2655 3197 2870 3270 ἄψυχον
2890 3201 2985 3253 καὶ
3010 3199 3077 3254 ἄν
3103 3198 3201 3253 οὐν
3227 3198 3289 3253 τὸ
3316 3199 3479 3271 σῶμα
3498 3198 3594 3254 τοῦ
3634 3198 3780 3270 Χρι-

414 3310 423 3317 ·
496 3290 819 3360 Apollinarii
876 3289 1189 3357 discipulos,
1243 3289 1447 3344 Christi
1512 3301 1712 3353 corpus
1766 3289 1963 3343 anima:
2006 3302 2074 3344 ac

496 3384 690 3436 mentis
744 3396 939 3449 expers
974 3382 1290 3435 asserentis.

518 3492 656 3548 Item
689 3493 933 3544 adversus
966 3489 1368 3558 Mouotheletas,
1401 3490 1734 3549 Damasceui.
1760 3491 1901 3562 Cap.
1935 3493 2027 3549 77.

575 3680 706 3736 Date
734 3683 784 3735 in
814 3682 1025 3736 Christo
1053 3683 1346 3740 voluntates
1375 3693 1424 3739 et
1457 3685 1807 3754 operationes.
1831 3715 1901 3725 —
1921 3682 2087 3740 Eum-

505 3770 625 3851 dcttt
659 3787 822 3840 porro
851 3770 1147 3826 Dominum
1181 3783 1429 3828 nostrum
1468 3773 1653 3830 Jesum
1694 3773 2000 3840 Christum,
2036 3782 2091 3828 et

507 3864 815 3935 perfectum
874 3863 1073 3931 Deum,
1116 3876 1171 3919 et
1214 3865 1517 3937 perfectum
1562 3866 1843 3922 hominem
1892 3866 2091 3938 praedi-

506 3966 714 4020 cantes,
758 3957 863 4011 hoc
900 3956 1242 4026 proﬁtemur,
1276 3957 1531 4013 eumdem
1562 3970 1616 4013 et
1639 3959 1826 4012 omnia
1863 3957 2087 4026 habere,

506 4063 630 4117 quae
661 4048 823 4103 Pater
861 4050 1048 4116 habet,
1106 4059 1335 4122 excepta
1372 4051 1601 4121 ingeniti
1631 4054 2009 4121 proprietate;
2036 4058 2092 4105 et

507 4143 692 4197 omnia
752 4143 904 4208 item,
953 4159 1075 4216 quae
1117 4146 1332 4217 primus
1368 4144 1569 4208 Adam,
1620 4154 1849 4214 excepto
1907 4145 2090 4200 solum

509 4240 779 4302 peccato,
836 4234 945 4290 hoc
1006 4241 1112 4300 est,
1164 4249 1372 4304 corpus
1404 4243 1459 4289 et
1489 4235 1731 4287 animam
1784 4233 1998 4288 ratione
2037 4239 2093 4287 et

518 4324 882 4395 intelligentia
939 4327 1259 4396 praeditam:
1318 4326 1452 4397 quin
1488 4326 1691 4380 habere
1734 4327 1901 4384 etiam
1941 4340 2092 4391 eum,

2186 3288 2314 3343 στοῦ
2335 3290 2607 3360 λέγοντος.

2190 3494 2321 3567 ζΕτι
2380 3496 2533 3552 κατά
2580 3495 3021 3564 Μονοθελητῶν
3057 3495 3161 3567 τοῦ
3184 3492 3614 3564 Δαμασκηνοῦ.
3665 3495 3778 3547 Ks-

2766 3568 3029 3639 φάλαιον
3075 3565 3174 3627 οξ.

2250 3688 2470 3744 Τέλειον
2509 3688 2567 3742 δέ
2613 3686 2747 3741 Θεὸν
2793 3684 3190 3755 ὁμολογοῦντες
3219 3684 3313 3737 τὸν
3345 3682 3509 3739 αὐτὸν
3552 3683 3765 3755 Κύριον

2181 3781 2340 3853 ἡμῶν
2378 3780 2589 3850 Ἰησοῦν
2628 3778 2887 3849 Χριστὸν,
2921 3777 3015 3831 καὶ
3058 3768 3268 3830 τέλειον
3309 3776 3622 3848 ἄνθρωπον,
3663 3795 3765 3846 φα-

2185 3871 2283 3943 μὲν
2307 3872 2397 3925 τὸν
2421 3872 2586 3925 αὐτὴν
2622 3871 2800 3924 πάντα
2836 3869 2984 3939 ἔχειν
3030 3869 3130 3921 ὅσα
3156 3870 3183 3921 ὁ
3220 3868 3433 3938 Πατὴρ,
3475 3867 3620 3937 πλὴν
3665 3867 3766 3936 τῆς

2181 3963 2542 4033 ἀγεννησίαςο
2574 3962 2669 4016 καὶ
2695 3963 2873 4016 πάντα
2907 3960 3050 4031 ἔχειν
3073 3961 3174 4013 ὅσα
3206 3961 3234 4013 ὁ
3271 3959 3443 4030 Ἀδὰμ
3469 3960 3501 4012 ὁ
3526 3959 3760 4030 πρῶτος,

2182 4055 2306 4125 δίχα
2353 4054 2522 4125 μόνης
2570 4055 2669 4125 τῆς
2722 4054 3031 4124 ἁμαρτίας·
3080 4052 3239 4106 ama
3292 4053 3409 4104 ἐστι
3469 4051 3630 4121 σῶμα
3672 4051 3764 4103 καὶ

2182 4146 2329 4218 ψυχὴ
2355 4146 2548 4217 λογικὴ
2583 4164 2643 4199 τε
2680 4147 2775 4200 καὶ
2802 4146 2969 4219 νοερά
3044 4145 3189 4216 ἔχειν
3218 4144 3274 4198 δὲ
3307 4144 3471 4199 αὐτὸν
3494 4145 3761 4215 καταλλήο

2185 4234 2293 4297 λως
2327 4238 2445 4299 ταῖς
2473 4234 2567 4288 δύο
2600 4235 2819 4303 φύσεσι,
2850 4234 3017 4288 διπλᾶ.
3053 4233 3121 4287 τὰ
3153 4232 3263 4287 τῶν
3294 4232 3387 4286 δύο
3415 4232 3634 4301 φύσεων
3662 4250 3760 4301 (pu-

2187 4326 2353 4381 σικά’
2403 4327 2500 4381 δύο
2532 4326 2779 4397 θελήσεις
2806 4325 3064 4395 φυσικὰς,
3105 4327 3203 4395 τήν
3242 4343 3302 4377 τε
3350 4324 3501 4378 θείαν
3534 4325 3626 4378 καὶ
3667 4323 3759 4394 τὴν

512 4417 593 4471 uti
662 4417 878 4473 duabus
938 4419 1155 4473 naturis
1203 4426 1637 4474 consentaneum
1689 4426 1797 4483 est,
1845 4417 2093 4488 duplices

2195 4420 2569 4491 ἀνθρωπίνην,
2615 4420 2711 4472 καὶ
2754 4418 3037 4490 ἐνεργείας
3064 4416 3157 4471 δύο
3203 4418 3468 4486 φυσικὰς,
3517 4417 3663 4470 θείαν
3701 4432 3755 4468 τε

511 4513 834 4561 naturarum
892 4508 1128 4563 duarum
1184 4511 1467 4565 naturales
1538 4510 1944 4580 proprietates;
1990 4511 2093 4565 hoc

2195 4484 2682 4582 καὶ-ἀνθρωπίνην,
2724 4510 2820 4563 καὶ
2848 4484 3181 4573 αῦτεξούσια
3216 4484 3319 4560 ήδύο
3358 4506 3590 4576 φυσικὰ,
3625 4504 3756 4558 θεῖόν

512 4609 616 4663 est,
652 4598 792 4654 duas
829 4599 1111 4654 naturales
1142 4601 1516 4670 Operationes,
1547 4602 1788 4655 divinam
1816 4609 1869 4655 et
1906 4601 2094 4658 huma-

2186 4620 2244 4656 τε
2274 4604 2367 4657 καὶ
2392 4601 2760 4673 ἀνθρώπινον,
2790 4601 2884 4653 καὶ
2910 4601 3103 4670 σοφίαν
3134 4618 3195 4653 τε
3238 4601 3334 4653 καὶ
3362 4599 3587 4668 γνῶσιν,
3619 4596 3754 4650 θείαν

513 4706 680 4760 nam;
715 4691 854 4746 duas
911 4693 1200 4748 naturales
1242 4693 1461 4747 arbitrii
1511 4694 1816 4761 libertates,
1850 4693 2093 4749 divinam

2195 4712 2250 4748 τε
2282 4695 2375 4749 καὶ
2404 4693 2774 4766 ἀνθρωπίνην.
2808 4693 3128 4759 Ὀμουύσιος
3156 4691 3265 4763 γὰρ
3303 4690 3380 4745 ὣν
3405 4691 3483 4760 τῷ
3515 4689 3634 4760 θεῷ
3669 4689 3753 4741 καὶ

514 4792 569 4838 et
602 4785 900 4838 humanam
933 4803 946 4840 :
981 4799 1046 4840 ac
1074 4783 1315 4853 denique
1357 4784 1683 4855 sapientiam
1711 4793 1766 4839 et
1801 4784 2094 4841 scientiam

516 4871 814 4939 duplicem,
854 4871 1097 4927 divinam
1136 4881 1191 4927 et
1237 4872 1558 4927 humanam.
1602 4872 1739 4927 Nam
1783 4889 1908 4928 cum
1948 4873 2098 4944 ejus-

2191 4786 2402 4857 Πατρὶ,
2458 4785 2823 4849 αὐτεξουσίως
2869 4783 3012 4837 θέλει
3066 4784 3159 4838 καὶ
3225 4785 3444 4855 ἐνεργεῖ
3490 4782 3567 4846 ὡς
3612 4779 3748 4841 Θεός.

2202 4877 2521 4948 ὀμοούσιος
2558 4877 2615 4931 δὲ
2662 4876 2738 4930 ὢν
2772 4876 2867 4930 καὶ
2901 4878 3055 4948 ἡμῖν,
3088 4876 3455 4943 αὐτεξουσίως
3490 4875 3633 4928 θέλει
3666 4869 3749 4924 καὶ

520 4962 643 5015 dem
691 4977 756 5018 ac
786 4962 952 5019 Pater
1003 4965 1335 5019 substantia:
1379 4966 1478 5028 sit,
1528 4965 1700 5020 libere
1744 4966 1856 5020 vult
1898 4977 1953 5021 et
1984 4967 2093 5037 agit

2195 4968 2408 5039 ἐνεργεῖ
2445 4968 2521 5031 ὡς
2568 4966 2858 5040 ἄνθρωπος
2893 4967 2923 5020 ὁ
2961 4967 3146 5030 αὑτός.
3176 4964 3352 5020 Αὑτοῦ
3382 4967 3491 5039 γὰρ
3528 4965 3595 5019 τὰ
3628 4960 3745 5016 θαύ-

520 5065 579 5106 ιιι
612 5053 801 5110 Deus:
852 5071 1051 5112 rursus
1076 5073 1203 5112 cum
1251 5059 1744 5115 consubstantialis
1788 5060 1861 5115 sit
1904 5060 2087 5122 nobis.

2193 5075 2363 5122 ματα,
2394 5055 2561 5111 αὑτοῦ
2587 5057 2684 5109 καὶ
2714 5055 2784 5110 τὰ
2809 5052 3132 5124 παθήματα.

520 5147 845 5204 libere'itcm
873 5145 989 5200 vult
1015 5155 1069 5201 et
1094 5147 1226 5214 agit,
1252 5154 1313 5200 ut
1342 5148 1527 5202 homo.
1559 5144 1737 5215 ipsius
1767 5145 1913 5201 enim
1948 5137 2213 5197 miracula
2240 5152 2388 5208 sunt,
2422 5141 2594 5212 ipsius
2622 5156 2842 5212 quoque
2874 5142 3176 5211 passiones.

1011 5241 1290 5312 Ejusdem.
1327 5241 1502 5313 Caput
1534 5241 1621 5296 78.

586 5332 848 5408 Totuplex
872 5335 1116 5389 voluntas
1142 5344 1190 5389 et
1230 5343 1400 5401 actus,
1452 5332 1739 5406 quoluplea:
1767 5334 2088 5401 substantia,

510 5457 581 5471 —-
606 5427 875 5496 Quoniam
904 5427 1069 5497 igitur
1097 5416 1219 5481 dine
1248 5425 1452 5481 Christi
1484 5439 1693 5480 natura!
1742 5435 1893 5490 sunt,
1952 5426 2089 5482 duas

514 5521 744 5592 proinde
778 5521 896 5593 ejus
927 5520 1208 5576 naturales
1230 5518 1544 5573 voluntates
1560 5527 1616 5573 et
1645 5518 1782 5574 duas
1801 5517 2092 5574 naturales

516 5613 869 5683 operationes
898 5611 1154 5667 dicimus.
1188 5610 1329 5677 Quia
1375 5623 1505 5664 vero
1535 5624 1644 5663 una
1666 5608 1899 5665 duarum
1928 5616 2091 5662 natu-

514 5722 700 5762 rarum
738 5708 912 5775 ipsius
939 5715 1024 5761 est
1083 5703 1417 5776 hypostasis,
1482 5718 1652 5757 unum
1710 5711 1767 5757 et
1826 5702 2084 5757 eumdem

515 5812 639 5851 esse
665 5797 900 5852 dicimus
926 5797 1243 5868 qui,juxta
1278 5812 1372 5853 eas
1436 5806 1683 5860 naturas,
1748 5810 1815 5851 ex
1867 5796 2087 5864 quibus,

518 5894 574 5941 et
603 5886 657 5941 in
685 5886 904 5956 quibus,
938 5896 993 5943 et
1038 5903 1159 5958 qua:
1213 5898 1299 5944 est
1362 5888 1616 5945 Christus
1672 5888 1816 5943 Deus
1874 5894 2086 5955 noster,

2560 5240 2672 5295 Τοῦ
2700 5239 2908 5294 αὐτοῦ.
2938 5236 3282 5307 Κεφάλαιον
3309 5241 3420 5304 οη⁸.

2284 5333 2505 5400 Ἐπειδὴ
2543 5334 2644 5404 μὲν
2673 5330 2767 5387 οὖν
2796 5331 2890 5386 δύο
2921 5330 3114 5407 φύσεις
3135 5330 3233 5384 τοῦ
3266 5331 3524 5402 Χριστοῦ,
3558 5326 3640 5381 δύο
3659 5323 3755 5380 αὖ·-

2196 5426 2293 5482 τοῦ
2334 5429 2518 5482 καὶτὰ
2548 5426 2756 5497 φυσικὰ
2776 5425 3082 5494 θελήματα,
3116 5425 3211 5479 καὶ
3234 5424 3335 5487 τὰς
3361 5424 3587 5495 φυσικὰς
3610 5421 3749 5488 ἐνερ-

2198 5521 2356 5587 γείας
2384 5520 2583 5591 φαμέν.
2626 5519 2851 5591 Ἐπειδὴ
2880 5519 2945 5586 δὴ
2978 5517 3078 5589 μία
3100 5519 3207 5571 τῶν
3236 5517 3330 5571 δύο
3361 5516 3569 5587 φύσεων
3591 5509 3739 5567 αὐτοῦ

2200 5611 2235 5682 ὴ
2271 5610 2592 5676 ὑπόστασις,
2630 5608 2729 5664 ἕνα
2766 5611 2863 5663 καὶ
2900 5608 2991 5663 τὸν
3031 5608 3195 5661 αὐτόν
3238 5625 3423 5678 φαμεν
3454 5601 3657 5660 θέλοντά
3678 5616 3731 5652 τι

2201 5704 2296 5758 xui
2325 5691 2653 5773 ἐνεργοῦντα
2687 5701 2933 5771 φυσικῶς
2960 5700 3085 5754 κατ’
3116 5701 3285 5770 ἄμφω
3317 5699 3416 5764 τὰς
3452 5699 3644 5767 φύσεις.
3683 5689 3736 5755 ἐξ

2200 5795 2298 5860 ὧν,
2327 5796 2422 5851 καὶ
2446 5796 2504 5849 ἐν
2537 5789 2646 5859 αῖς,
2670 5797 2764 5849 καὶ
2786 5795 2931 5865 ἆπερ
2963 5794 3081 5847 ἐστὶ
3116 5790 3351 5863 Χριστος
3375 5792 3403 5845 ὁ
3425 5790 3550 5852 Θεὸς
3575 5785 3723 5856 ἡμῶν·

2204 5889 2383 5944 θέλειν
2412 5888 2470 5943 δὲ
2493 5888 2587 5943 xai
2611 5887 2880 5960 ἐνεργεῖν,
2917 5885 2979 5941 οὺ
3004 5883 3371 5957 διῃρημένως,
3409 5881 3518 5940 ἀλλ’
3548 5872 3732 5951 ἠνωμέο
