4052 6292
250 393 394 464 ιιτο

1200 397 1572 460 PANOPLIA
1602 401 2060 462 DOGMATICA.
2084 427 2155 440 -·
2189 402 2339 463 ΤΙΤ.
2384 401 2540 466 XXI.

3371 397 3510 465 115’.)

249 566 355 610 νως
377 563 390 576 ·
418 543 561 599 θέλει
594 541 703 614 γὰρ
733 541 824 595 καὶ
853 543 1066 613 ἐνεργεῖ
1108 543 1164 595 ἐν
1195 543 1433 616 ἑκατέρᾳ
1477 547 1658 616 μορφῇ
1695 544 1829 614 μετὰ

1938 548 2258 601 naturaliter
2300 548 2430 602 velit
2468 554 2523 602 et
2552 553 2676 617 agat
2705 565 2719 613 ;
2747 561 2870 602 cum
2898 555 3078 603 autem
3113 548 3338 618 insuper
3368 551 3504 607 velle

248 642 347 710 τῆς
372 636 600 707 θατέρου
629 634 932 696 κοινωνίας.
957 628 1056 687 Ὧν
1079 633 1186 706 γὰρ
1212 636 1244 705 ἡ
1277 635 1486 704 ούσίαή
1523 637 1680 702 αὑτὴ,
1709 635 1830 686 τού-

248 745 359 780 των
389 727 482 780 καὶ
513 724 786 795 ἡθέλησις
815 725 908 777 καὶ
935 725 968 792 ἡ
1001 723 1250 796 ἐνέργεια
1280 725 1313 795 ἡ
1348 725 1485 796 αὐτή
1504 739 1517 752 ·
1538 718 1612 776 ὧν
1635 724 1690 776 δὲ
1719 724 1832 776 διὰ-

250 836 416 888 φορος
447 819 479 888 ἡ
510 817 687 876 οὐσία,
719 814 926 869 τούτων
963 816 1219 884 διάφορος
1242 815 1335 867 καὶ
1368 815 1400 884 ὴ
1435 813 1650 884 θέλησις
1684 813 1772 865 καὶ
1798 816 1827 884 ἡ

253 910 531 978 ὲνέργεια”
566 908 658 960 καὶ
687 906 748 959 τὸ
775 907 1064 968 ἀνάπαλιν,
1088 899 1162 959 ὧν
1189 908 1220 975 ή
1257 905 1473 975 θέλησις
1505 904 1598 956 καὶ
1630 905 1834 974 ἡὲνέρε

250 1018 376 1069 γεια
407 1001 438 1070 ἡ
467 998 628 1068 αὑτὴ,
661 998 866 1051 τούτων
898 997 989 1051 καὶ
1018 997 1230 1067 ἡούσία
1255 999 1286 1067 ὴ
1317 996 1456 1067 αύτή
1480 1012 1493 1025 °
1529 991 1602 1048 ὧν
1631 997 1688 1049 δὲ
1713 996 1830 1048 διὰ·

252 1108 419 1162 φορος
451 1092 485 1163 ἡ
512 1089 729 1162 θέλησις
754 1090 847 1144 καὶ
891 1090 924 1160 ἡ
955 1087 1224 1160 ἐνέργεια,
1260 1088 1464 1142 τούτων
1492 1088 1584 1142 καὶ
1619 1087 1651 1160 ἡ
1677 1087 1832 1140 ούσία

251 1183 524 1254 διάφορος.

324 1453 415 1508 Διὸ
443 1453 508 1524 δὴ
541 1452 632 1505 ἐπὶ
671 1450 771 1520 μὲν
807 1449 1018 1521 Πατρὺς
1055 1451 1147 1504 καὶ
1185 1450 1316 1505 Υίοῢ
1348 1453 1442 1506 καὶ
1474 1453 1630 1522 ἁγίου
1658 1456 1826 1510 Πνεύ-

255 1563 449 1618 ματος,
481 1546 542 1598 ὲκ
573 1545 673 1612 τῆς
700 1531 1026 1612 ταυτότητος
1055 1543 1154 1612 τῆς
1195 1559 1253 1595 τε
1285 1544 1585 1614 ιἐνεργείας¹
1616 1549 1709 1600 καὶ
1735 1547 1830 1602 τοῦ

252 1641 582 1711 θελήματος,
621 1637 720 1708 τὴν
750 1635 1052 1706 ταυτότητα
1077 1635 1178 1705 τῆς
1213 1635 1431 1704 φύσεως
1471 1640 1832 1708 ἐπιγινώσκο-

256 1750 381 1804 μεν,
425 1731 548 1783 Ἐπὶ
572 1728 629 1782 δὲ
661 1728 760 1799 τῆς
787 1726 938 1790 θείας
966 1726 1299 1796 οἰκονομίας,
1341 1727 1406 1782 ὲκ
1439 1729 1540 1799 τῆς
1567 1730 1832 1802 διαφορᾶς

1928 649 1979 693 et
2008 653 2187 708 agere,
2218 637 2540 704 nondivise,
2569 638 2661 691 sed
2695 639 2988 704 coniuncte
3023 638 3277 694 dicimus.
3314 657 3332 690 ι
3376 639 3504 694 Vult

1927 730 2073 784 enim
2111 740 2163 784 et
2197 733 2306 802 agit
2339 730 2394 783 in
2423 741 2653 798 utraque
2698 727 2892 796 forma,
2947 745 3070 784 cum
3103 732 3331 787 alterius
3353 746 3506 786 com-

1931 824 2210 875 munione.
2259 841 2276 872 ι
2407 819 2648 884 Quorum
2672 821 2816 873 enim
2856 821 3042 874 eadem
3068 825 3370 878 substantia
3399 835 3500 889 est,

1931 926 2118 966 eorum
2169 928 2386 982 quoque
2418 913 2608 966 eadem
2652 912 2904 967 voluntas
2926 922 2979 967 et
3015 918 3158 968 actio
3187 917 3256 970 sit
3280 933 3503 973 necesse

1929 1011 2009 1057 cst
2037 1017 2298 1072 :quorum
2319 1013 2496 1055 autem
2519 1003 2735 1056 diversa
2757 1011 2861 1065 est,
2886 1004 3080 1056 horum
3099 1005 3262 1058 etiam
3288 1006 3503 1063 diversa

1930 1093 2186 1148 voluntas
2232 1102 2287 1148 et
2329 1093 2473 1147 actio
2501 1094 2591 1157 sit,
2641 1100 2873 1161 oportet.
2958 1091 3023 1145 Et
3056 1102 3245 1148 contra
3270 1112 3501 1163 quorum

1932 1180 2186 1241 voluntas
2214 1195 2268 1240 et
2299 1185 2440 1240 actio
2463 1184 2650 1240 eadem
2685 1194 2784 1250 est,
2819 1200 3009 1240 eorum
3069 1187 3258 1240 eadem
3290 1205 3504 1258 quoque

1931 1277 2404 1342 substantia,est:
2442 1290 2678 1345 quorum
2711 1286 2892 1329 autem
2925 1275 3116 1345 dispar
3165 1279 3421 1332 voluntas
3449 1285 3504 1332 ct

1933 1371 2095 1435 actio,
2152 1370 2347 1425 horum
2411 1370 2572 1424 etiam
2610 1369 2798 1437 dispar
2844 1378 2928 1424 est
2980 1369 3310 1423 substantia.

2003 1461 2274 1528 Quocirca
2367 1460 2420 1514 in
2454 1459 2611 1513 Patre
2638 1458 2859 1528 quidem
2913 1467 2964 1512 et
2997 1457 3156 1525 Filio,
3193 1471 3245 1514 et
3298 1461 3503 1530 Spiritu

1931 1561 2142 1619 sancto,
2169 1553 2298 1623 quia
2331 1551 2518 1607 eadem
2553 1552 2808 1607 voluntas
2838 1558 3000 1621 atque
3023 1551 3165 1606 actio
3220 1560 3326 1619 est,
3357 1569 3506 1607 eam-

1931 1646 2050 1700 dem
2077 1659 2294 1715 quoque
2327 1651 2579 1698 naturam
2621 1659 2746 1699 esse
2784 1643 3158 1712 agnoscimus.
3196 1645 3264 1697 At
3319 1645 3373 1698 in
3421 1643 3505 1698 di—

1929 1737 2055 1792 vina
2093 1736 2470 1790 incarnatione
2495 1749 2558 1790 ex
2593 1734 2868 1789 actionum
2903 1743 2956 1789 et
3000 1736 3340 1790 voluntatum
3388 1737 3503 1792 dis-

253 1824 360 1878 τῶν
389 1820 700 1894 ἐνεργειῶν,
727 1818 820 1873 καὶ
852 1816 960 1872 τῶν
983 1816 1325 1890 θελημάτων,
1352 1819 1445 1872 καὶ
1467 1821 1564 1893 τὴν
1596 1823 1705 1876 τῶν
1729 1824 1828 1893 φύν

1938 1827 2164 1882 crimine
2195 1836 2514 1879 naturarum
2545 1839 2762 1894 quoque
2795 1823 3093 1878 discrimen
3129 1827 3501 1894 agnoscimus,

251 1935 395 1970 osmv
427 1913 690 1984 διαφορὰν
739 1909 1192 1981 ὲπιγινώσκομεν,
1225 1910 1322 1965 καὶ
1346 1911 1446 1984 τὴν
1466 1913 1574 1968 τῶν
1611 1914 1829 1984 φύσεων

1938 1933 1998 1972 ac
2024 1927 2344 1972 naturarum
2377 1915 2673 1969 discrimen
2708 1914 3049 1982 exploratum
3096 1914 3379 1976 habentes,
3412 1927 3505 1967 vo-

250 2005 517 2074 διαφοράν
547 2002 748 2066 εἰδότες
781 1999 1275 2072 συνομολογοῦμεν,
1315 2001 1409 2055 καὶ
1445 2002 1507 2056 τὸ
1532 2003 1640 2058 τῶν
1674 2005 1829 2078 θελη-

254 2096 444 2166 μάτων
481 2092 576 2146 καὶ
610 2090 897 2162 ἐνεργειῶν
928 2090 1201 2161 διάφορον.
1234 2090 1447 2164 Ὥσπερ
1479 2094 1585 2164 γὰρ
1606 2095 1713 2151 τῶν
1736 2095 1830 2150 τοῦ

253 2184 420 2238 αὑτοῦ
452 2183 545 2236 καὶ
579 2183 694 2247 ἐνὸς
723 2179 961 2252 Χριστοῦ
1010 2180 1225 2250 φύσεων
1253 2183 1280 2235 ὁ
1310 2182 1562 2255 ἀριθμὸς,
1591 2187 1833 2253 εὐσεϐῶς

249 2274 542 2345 νοούμενός
569 2290 630 2326 τε
678 2273 772 2326 καὶ
793 2272 1104 2344 λεγόμενος,
1139 2273 1200 2324 οὐ
1227 2271 1426 2344 διαιρεῖ
1451 2275 1543 2328 τὸν
1567 2276 1660 2332 ἕνα
1697 2280 1832 2348 Χρι-

245 2354 397 2423 στὸν,
435 2361 577 2416 ἀλλὰ
621 2364 960 2436 σωζομένην,
991 2367 1087 2421 καὶ
1114 2367 1174 2421 ὲν
1213 2369 1279 2436 τῇ
1323 2367 1828 2440 ὲνὼσειπαρίστησι

242 2454 354 2506 τῶν
385 2454 608 2523 φύσεων
640 2457 741 2528 τὴν
771 2457 1060 2529 διαφορὰν,
1096 2459 1240 2513 οὕτω
1278 2460 1372 2512 καὶ¹
1399 2461 1425 2513 ὁ
1447 2460 1680 2529 ἀριθμὸς
1715 2459 1826 2511 τῶν

241 2544 519 2610 οὺσιωδτῦς
552 2548 870 2618 προσόντων
898 2553 1014 2613 ταῖς
1040 2549 1208 2604 αὐτοῦ
1253 2551 1452 2620 φύσεσι
1498 2552 1824 2622 θελημάτων

246 2640 342 2691 καὶ
367 2640 686 2708 ἐνεργειῶνο
716 2642 843 2696 κατ’
870 2644 1040 2714 ἄμφω
1056 2647 1167 2716 γὰρ
1185 2646 1282 2706 τὰς
1307 2645 1502 2715 φύσεις
1537 2645 1824 2712 θελητικδς

243 2725 335 2802 ἦν,
367 2732 461 2784 καὶ
489 2734 843 2804 ἐνεργητικὸς
883 2737 980 2805 τῆς
1003 2737 1160 2806 ἡμῶν
1192 2737 1492 2807 σωτηρίοις⁵
1522 2735 1584 2788 ού
1618 2735 1823 2806 διαίρε-

246 2841 334 2877 σιν
363 2824 599 2894 εῑσάγειο
637 2826 712 2897 μὴ
744 2827 978 2895 γένοιτο*
1003 2827 1142 2883 ἀλλὰ
1172 2828 1268 2899 τὴν
1309 2827 1488 2881 αὐτῶν
1516 2827 1687 2899 δηλοῖ,
1731 2826 1828 2880 καὶ

249 2916 434 2986 μόνον,
466 2917 568 2971 κάν
595 2921 661 2988 τῇ
690 2919 904 2983 ἑνώσει,
935 2919 1184 2991 φυλακὴν
1212 2919 1309 2974 καὶ
1338 2919 1635 2988 σωτηρίαν.
1664 2920 1827 2972 Φυσι-

246 3008 320 3061 κὰ
355 3009 484 3078 γὰρ,
513 3009 608 3063 καὶ
629 3010 728 3081 οὐχ
763 3010 1105 3065 ὑποστατικά
1122 3026 1302 3082 φαμεν
1329 3012 1397 3064 τὰ
1424 3011 1706 3082 θελήματα
1729 3012 1827 3064 καὶ

247 3097 350 3163 τὰς
397 3097 704 3168 ἐνεργείας.
754 3100 909 3170 Λέγω
953 3101 1010 3155 δὲ
1045 3100 1216 3170 αὐτὴν
1250 3100 1352 3172 τὴν
1411 3100 1703 3171 θελητικὴν
1737 3101 1828 3153 καὶ

250 3191 612 3263 ὲνεργητικὴν
634 3191 889 3264 δύναμιν,
910 3192 1031 3247 καθ’
1053 3193 1120 3262 ἢν
1149 3191 1296 3246 θέλει
1326 3192 1653 3263 καὶένεργεί
1683 3192 1750 3245 τά
1767 3209 1825 3244 τε
1861 3253 1870 3262 ν

1931 2007 2202 2064 luntatum
2228 2007 2391 2062 etiam
2432 2014 2486 2060 et
2513 2005 2789 2059 actionum
2834 2004 3131 2058 discrimen
3153 2003 3502 2058 conﬁtemur.

1933 2098 2404 2167 Quemadmodum
2429 2097 2576 2152 enim
2611 2097 2774 2150 unius
2824 2106 2876 2150 et
2902 2095 3142 2164 ejusdem
3173 2094 3376 2150 Christi
3405 2110 3504 2150 na-

1930 2202 2179 2246 turarum
2203 2203 2486 2250 numerus,
2521 2188 2566 2242 si
2603 2189 2690 2257 pie
2729 2187 3064 2255 intelligatur
3083 2195 3134 2240 et
3157 2173 3502 2255 prtedicetur,

1933 2295 2103 2333 unum
2140 2278 2418 2333 Christum
2454 2291 2798 2346 nequaquam
2837 2274 3073 2343 dividit;
3129 2291 3317 2329 verum
3351 2276 3507 2330 inco-

1937 2367 2139 2419 lumem
2169 2366 2334 2420 etiam
2363 2367 2416 2418 in
2453 2367 2654 2420 unione
2702 2365 3068 2420 diﬂ'crentiam
3101 2364 3341 2419 ostendit
3370 2380 3385 2418 :
3433 2364 3509 2420 ita

1935 2470 2123 2508 carum
2147 2455 2490 2509 voluntatum
2516 2459 2570 2508 et
2597 2454 2876 2509 actionum
2916 2468 3195 2517 numerus,
3229 2468 3351 2522 quae
3377 2453 3508 2508 sub-

1932 2547 2262 2602 stantialiter
2287 2549 2419 2618 ipsis
2469 2548 2684 2602 naturis
2751 2547 3088 2601 conveniunt
3147 2547 3372 2616 (etenim
3421 2561 3512 2600 se-

1933 2637 2174 2693 cundum
2239 2649 2526 2710 utramque
2561 2649 2808 2693 naturam
2840 2637 2914 2692 ita
2980 2647 3332 2708 comparatus
3386 2647 3505 2692 erat

1936 2741 1996 2787 ut
2036 2733 2197 2787 vellet
2224 2741 2278 2787 et
2307 2731 2674 2802 operaretur),
2729 2731 3056 2786 divisionem
3119 2745 3228 2784 non
3295 2729 3510 2783 inducit

1936 2823 2188 2895 (absit),
2239 2823 2332 2879 sed
2382 2839 2570 2879 earum
2624 2823 2891 2878 duntaxat
2973 2821 3137 2876 etiam
3188 2822 3243 2875 in
3299 2821 3505 2874 unione

1935 2915 2410 2969 conservationem
2432 2923 2486 2969 et
2521 2913 2953 2968 incolumitatem
2979 2911 3185 2988 prodit.
3217 2911 3507 2970 Naturales

1935 3005 2209 3076 siquidem
2245 3020 2387 3070 esse,
2416 3020 2479 3060 ac
2536 3019 2644 3060 non
2697 3008 3032 3080 personales,
3090 3007 3400 3062 voluntates
3459 3014 3516 3058 ct

1937 3099 2184 3154 actiones
2214 3098 2488 3173 dicimus;
2523 3103 2624 3158 hoc
2663 3112 2748 3158 est
2798 3103 2904 3156 vim
2964 3101 3135 3171 ipsam
3186 3098 3402 3153 volendi
3455 3106 3507 3152 et

1933 3189 2152 3261 agendi,
2181 3205 2280 3260 per
2302 3211 2466 3266 quam
2497 3195 2688 3250 volunt
2725 3202 2779 3249 et
2808 3202 2993 3264 agunt.
3020 3192 3076 3248 Si
3111 3191 3256 3244 enim
3320 3204 3508 3259 perso-

253 3281 480 3338 θέλοντα
507 3284 602 3337 καὶ
634 3284 992 3356 ἐνεργοῦντα.
1037 3285 1235 3357 Είζγὰρ
1273 3285 1615 3340 ύποστατικὰ
1647 3284 1829 3353 δῶμεν

1938 3283 2088 3342 nales
2115 3303 2236 3343 esse
2285 3287 2743 3351 concesserimus,
2802 3295 2916 3342 tres
2967 3293 3169 3341 sanctm
3225 3281 3512 3339 Trinitatis

252 3377 416 3440 αὐτὰ,
457 3378 796 3448 ὲτεροθελείς
824 3379 920 3432 καὶ
955 3379 1359 3448 ὲτεροενεργεῖς
1389 3380 1488 3441 τὰς
1525 3378 1672 3448 τρεῖς
1698 3377 1830 3430 ὑπο-

253 3468 472 3532 στάσεις
500 3469 596 3539 τῆς
631 3471 793 3537 ἁγίας
806 3471 1046 3542 ,Τριάδος
1064 3472 1243 3525 εἰπεῖν
1271 3469 1828 3542 ἀναγκασθησόμεθα.

248 3561 402 3623 Muci;
433 3560 543 3630 γὰρ
574 3561 929 3627 ὑποστάσεως
959 3564 1466 3635 χαρακτηριστικὸν
1495 3562 1556 3618 τὺ
1589 3563 1831 3622 ὑποσταο

246 3653 405 3705 τικόν
435 3669 491 3704 τε
517 3653 611 3708 καὶ
644 3654 945 3723 γνωμικόν.

335 3741 542 3797 ’ἰστέον
571 3743 682 3816 γὰρ
709 3745 786 3809 ὡς
807 3745 870 3799 οὐ
898 3743 1096 3799 ταύτόν
1129 3744 1268 3817 ἐστι,
1303 3747 1502 3816 θάλειν,
1564 3748 1662 3806 καὶ
1711 3749 1832 3813 πῶς

250 3830 455 3888 θέλειν.
477 3833 540 3888 τὺ
573 3833 674 3906 μὲν
707 3836 819 3906 γὰρ
854 3833 1052 3903 θέλειν,
1085 3833 1327 3909 φύσεως,
1376 3839 1570 3910 ὥσπερ
1618 3841 1716 3892 καὶ
1772 3839 1834 3894 τὸ

251 3924 410 3994 ὀρᾷνο
443 3925 580 3985 πᾶσι
604 3926 714 3995 γὰρ
747 3925 1056 3997 ἀνδρώποις
1098 3933 1396 4004 πρόσεστι·
1425 3930 1486 3984 τὸ
1507 3931 1563 3985 δὲ
1604 3931 1720 3995 πῶς
1748 3929 1836 3984 θέ-

252 4015 398 4081 λειν,
425 4016 487 4070 ού
512 4015 754 4084 φύσεως,
783 4016 924 4078 ἀλλὰ
943 4023 1041 4094 τῆς
1062 4022 1342 4094 ἡμετέρας
1361 4019 1610 4092 γνώμης,
1644 4020 1836 4094 ὥσπερ

253 4106 353 4162 καὶ
399 4107 460 4160 τὸ
486 4107 602 4172 πῶς
624 4111 780 4186 apati,
806 4115 991 4178 καλῶς
1021 4113 1056 4186 ἣ
1113 4113 1322 4176 κακῶς.
1382 4114 1458 4168 Οὑ
1490 4113 1600 4183 γὰρ
1632 4112 1837 4175 πάντες

250 4199 540 4269 ἄνθρωποι
556 4208 758 4276 ὁμοίιος
781 4207 1050 4272 θέλουσιν,
1077 4205 1187 4260 οὐδ’
1205 4203 1408 4276 ὁμοίως
1433 4206 1626 4275 ὁρῶσι.
1662 4204 1837 4260 Τοῦτο

250 4290 313 4345 δδ
350 4298 448 4352 καὶ
462 4299 560 4353 ἐπὶ
585 4297 698 4352 τῶν
715 4297 1009 4368 ἐνεργειῶν
1039 4296 1306 4367 δώσομεν.
1341 4295 1414 4350 Τὸ
1457 4297 1566 4368 γὰρ
1599 4296 1715 4360 πῶς
1747 4296 1840 4350 θέ-

253 4391 397 4454 λειν,
435 4391 550 4455 πῶς
584 4391 736 4461 ὀρᾷν,
799 4391 832 4461 ἢ
865 4389 982 4452 πῶς
1015 4390 1280 4460 ἐνεργεῖν,
1336 4391 1538 4461 τρόπος
1594 4390 1712 4443 ἐστὶ
1741 4390 1841 4458 τῆς

253 4478 356 4534 τοῦ
389 4479 587 4546 θέλειν,
614 4479 710 4534 καὶ
733 4479 890 4549 ὁρᾷν,
937 4480 1032 4534 καὶ
1063 4481 1310 4549 ἐνεργεῖν
1372 4479 1650 4550 χρήσεως,
1692 4478 1840 4548 μόνῳ

253 4571 337 4641 τῷ
367 4572 695 4643 κεχρημένῳ
744 4571 992 4641 προσὼν,
1024 4573 1120 4626 καὶ
1150 4571 1259 4623 τῶν
1282 4571 1461 4626 ἄλλων
1505 4571 1670 4625 αὑτὸν
1702 4571 1842 4624 κατὰ

251 4664 363 4735 τὴν
396 4665 594 4727 κοινῶς
624 4663 926 4734 λεγομένην
950 4663 1214 4733 διαφορὰν
1245 4664 1519 4734 χωρίζων.
1561 4678 1566 4682 ’

1935 3395 2200 3450 personas
2239 3380 2470 3434 diversa:
2497 3380 2652 3434 inter
2677 3393 2734 3434 se
2764 3378 3058 3432 voluntatis
3089 3385 3250 3446 atque
3279 3371 3513 3428 actionis

1933 3472 2246 3529 necessario
2268 3473 2534 3529 dicemus.
2573 3471 2748 3529 Unius
2789 3471 2932 3527 enim
2957 3483 3206 3539 persona:
3241 3467 3510 3520 rationem

1931 3565 2182 3637 designat
2210 3564 2355 3636 quod
2387 3565 2671 3635 personale
2703 3573 2757 3619 et
2788 3559 3100 3633 guomicum
3125 3567 3228 3615 est.

2010 3739 2078 3796 Ut
2111 3742 2354 3798 voluntas
2389 3756 2438 3798 et
2466 3745 2628 3809 actio,
2670 3753 2876 3798 natura:
2901 3759 2916 3811 ;
2956 3745 3059 3796 διο
3090 3739 3212 3793 talis
3270 3737 3513 3791 voluntas

1936 3842 2093 3904 atque
2123 3836 2277 3900 artic,
2301 3852 2556 3904 personae.
2591 3866 2660 3876 —
2683 3835 2976 3892 Sciendum
3037 3833 3184 3888 enim
3238 3841 3342 3893 est,
3403 3843 3513 3883 non

1940 3923 2085 3978 idem
2103 3939 2223 3978 esse
2251 3924 2410 3991 velle,
2435 3935 2600 3993 atque
2629 3924 2734 3979 hoc
2757 3924 2837 3978 vel
2867 3923 2960 3978 illo
2989 3920 3151 3976 modo
3179 3919 3335 3974 velle.
3364 3918 3514 3972 Velle

1938 4013 2212 4085 siquidem
2247 4024 2458 4069 natura:
2496 4024 2600 4081 est,
2631 4023 2690 4068 ut
2717 4023 2772 4069 et
2804 4012 3010 4067 videre.
3045 4009 3313 4066 Omnibus
3367 4008 3514 4063 enim

1940 4106 2258 4168 hominibus
2285 4106 2390 4162 hoc
2416 4106 2693 4162 convenit.
2722 4104 2791 4160 At
2820 4114 2970 4160 certo
2998 4102 3161 4157 modo
3208 4101 3370 4166 velle,
3397 4116 3504 4153 non

1939 4210 2154 4258 naturae
2175 4208 2281 4262 est,
2311 4201 2405 4276 sed
2434 4197 2603 4254 nostri
2629 4199 2840 4254 consilii
2875 4207 2930 4252 et
2950 4195 3235 4252 sententia:
3267 4211 3282 4250 :
3311 4209 3509 4264 quem-

1940 4293 2236 4347 admodum
2262 4301 2317 4347 et
2355 4302 2508 4347 certo
2534 4291 2698 4347 modo
2728 4291 2938 4357 videre,
2995 4290 3100 4345 hoc
3123 4299 3206 4344 est
3260 4289 3401 4344 bene
3437 4287 3518 4342 vel

1942 4387 2104 4442 male.
2129 4386 2248 4440 Non
2277 4385 2423 4440 enim
2452 4399 2642 4441 omnes
2676 4383 2927 4439 homines
2973 4383 3168 4438 eodem
3225 4382 3389 4436 modo
3419 4395 3510 4434 vo-

1944 4478 2084 4549 lunt,
2114 4494 2293 4548 neque
2323 4479 2516 4534 eodem
2555 4479 2723 4534 modo
2744 4477 2953 4532 vident.
2990 4475 3100 4532 [ioc
3129 4483 3311 4530 autem
3347 4475 3511 4529 etiam

1944 4573 2000 4628 in
2025 4572 2333 4628 actionibus
2394 4571 2782 4644 concedemus.
2816 4569 2951 4625 Nam
2980 4578 3133 4625 certo
3160 4568 3322 4623 modo
3354 4569 3512 4631 velle,

1813 4727 1815 4730 γ
1866 4653 1919 4717 D
1945 4674 2096 4724 certo
2125 4663 2286 4719 modo
2309 4664 2523 4729 videre,
2547 4672 2698 4719 certo
2726 4663 2888 4718 modo
2947 4676 3129 4731 agere,
3182 4659 3379 4714 modus
3430 4668 3514 4712 est

253 4773 374 4828 quo
406 4759 530 4828 quis
560 4759 844 4818 voluntate
877 4759 1069 4824 utitur,
1103 4774 1318 4815 necnon
1351 4755 1574 4814 videndi
1605 4767 1771 4828 atque
1801 4761 2000 4832 agendi
2035 4761 2326 4830 facultate,
2367 4777 2489 4833 quae
2509 4760 2614 4816 soli
2645 4758 2821 4815 utenti
2848 4757 3021 4825 adest,
3049 4771 3288 4827 eumque
3315 4769 3514 4809 secun-

256 4851 396 4906 dum
431 4850 704 4935 rationem
729 4851 1059 4908 diﬂ‘erentias
1082 4850 1462 4906 communiter
1484 4853 1648 4907 dicta:
1681 4852 1751 4908 ab
1773 4851 1901 4910 aliis
1931 4854 2195 4911 secernit.

714 5042 816 5098 Ἐκ
842 5038 949 5094 τοῦ
979 5035 1168 5094 αὑτοῦ
1200 5036 1410 5106 λόγου.

337 5137 405 5192 Et
437 5135 560 5190 κατ’
591 5132 776 5187 εἰκόνα
797 5133 896 5202 τῆς
919 5130 1199 5200 μακαρίας
1227 5129 1320 5182 καὶ
1351 5125 1686 5197 ὑπερουσῐου
1719 5121 1838 5176 θεύ-

257 5244 431 5300 τητος
489 5227 519 5278 ὁ
550 5223 840 5295 ἄνθρωπος
891 5224 1210 5291 γεγένηταν
1267 5217 1617 5284 αὑτεξούσιος
1663 5214 1720 5267 δὲ
1748 5212 1848 5283 cpti-

261 5339 355 5376 σει
397 5321 494 5374 καὶ
546 5318 808 5388 θελητικὴ
838 5317 869 5385 ἡ
904 5314 1026 5387 θεία
1086 5312 1276 5382 φύσις,
1327 5311 1435 5383 ἄρα
1463 5309 1602 5362 καὶὸ
1638 5305 1851 5377 ἄνθρω-

265 5429 398 5476 πος,
452 5411 528 5473 ὡς
577 5409 750 5477 αὐτῆς
794 5406 984 5473 εἰκὼν,
1039 5403 1392 5470 αὐτεξούσιος
1431 5400 1592 5470 φύσει
1624 5399 1720 5452 καὶ
1767 5394 1853 5449 θε-

261 5505 516 5578 λητικός.
570 5502 644 5558 Τὸ
688 5505 799 5572 γὰρ
853 5499 1230 5564 αὐτεξούσιον,
1287 5495 1509 5564 θέλησιν
1558 5490 1853 5560 ,ὡρίσαντο

275 5601 332 5652 οι
384 5599 646 5666 ιιατέρες.

350 5692 471 5744 Ἔτι
497 5691 555 5744 δὲ
585 5691 635 5743 εί
669 5689 836 5743 πᾶσιν
859 5683 1174 5755 ἀνθρώποις
1213 5679 1511 5749 ἐνυπάρχει
1559 5673 1621 5727 τὸ
1653 5671 1854 5735 θέλειν,

271 5787 378 5840 καὶ
404 5786 465 5838 ού
495 5785 610 5846 τοῖς
642 5783 742 5852 μὲν
773 5780 1094 5848 ἐνυπάρχει,
1135 5777 1251 5836 τοῖς
1298 5774 1355 5826 δὲ
1396 5772 1495 5824 οὐκ
1528 5764 1851 5834 ἐνυπάρχει·

273 5896 344 5936 το
364 5879 422 5934 δὲ
460 5875 654 5940 κοινῶς
693 5877 862 5930 πᾶσιν
890 5869 1349 5942 ὲνϐεωροόμενον,
1386 5863 1550 5938 φύσιν
1579 5872 1859 5932 χαρακτη-

2480 5025 2561 5080 Ex
2586 5023 2762 5080 eodem
2791 5026 2982 5094 capite.

1953 5145 1980 5161 κ
2019 5120 2076 5178 Si
2107 5121 2174 5177 ad
2201 5121 2374 5176 beata:
2399 5127 2456 5175 et
2499 5113 2972 5187 superessentialis
3015 5109 3321 5168 divinitatis
3386 5109 3526 5166 ima-

1949 5214 2134 5286 ginem
2191 5213 2444 5268 conditus
2497 5218 2583 5265 est
2633 5207 2818 5274 homo,
2879 5205 3125 5277 profecto
3172 5217 3296 5260 cum
3325 5210 3515 5256 natura

1951 5305 2137 5362 divina
2171 5303 2340 5359 libera
2371 5301 2462 5364 sit.
2492 5308 2548 5356 et
2577 5298 2778 5353 virtute
2827 5297 3042 5353 volendi
3071 5303 3262 5364 suapte
3325 5302 3520 5348 natura

1953 5395 2174 5466 polleat,
2200 5391 2365 5446 homo
2389 5403 2608 5460 quoque
2641 5388 2737 5460 qui
2769 5388 2890 5457 ejus
2929 5388 3121 5456 imago
3170 5392 3275 5446 est,
3328 5383 3524 5437 iisdem

1955 5504 1987 5544 a
2013 5495 2207 5542 natura
2233 5482 2496 5555 praeditus
2537 5481 2666 5537 erit.
2715 5478 2929 5535 Etenim
2964 5478 3152 5533 Patres
3177 5473 3414 5529 liberum
3446 5487 3534 5527 ar-

1965 5559 2189 5636 bitrium
2229 5573 2562 5628 voluntatem
2593 5583 2714 5626 esse
2737 5567 3092 5624 deﬁnierunt.

2035 5667 2117 5724 Ad
2172 5665 2290 5720 haec
2355 5665 2602 5732 insuper,
2659 5662 2705 5717 si
2759 5659 2974 5716 cunctis
3027 5654 3347 5714 hominibus
3394 5653 3531 5710 velle

1968 5761 2132 5826 inest,
2160 5773 2225 5814 ac
2256 5772 2366 5812 non
2407 5765 2466 5810 ut
2497 5752 2826 5825 quibusdam
2861 5751 3010 5816 insit,
3061 5748 3389 5821 quibusdam
3423 5763 3531 5802 non

1970 5855 2129 5922 insit;
2159 5850 2351 5924 procul
2384 5847 2576 5918 dubio,
2610 5861 2734 5904 cum
2766 5845 2818 5902 id
2856 5843 3002 5917 quod
3051 5841 3417 5902 communiter
3479 5839 3536 5895 in
