4052 6292
535 381 666 449 1151

1768 388 2145 450 ΕΗΊῚΙΥΜΙΙ
2195 394 2547 455 ΖΞΕΑΒΕΝΙ

3665 402 3811 465 1159'

531 501 792 556 omnibus
818 501 1221 569 consideratur,
1250 511 1458 558 natura:
1488 513 1672 558 notam
1746 503 1802 558 in
1855 501 2101 574 subjecti!

2219 506 2360 575 ρίζει
2398 508 2455 561 ὲν
2483 510 2592 573 τοῖς
2621 506 2715 562 ὑπ’
2741 509 2873 563 αὐτὸ
2901 509 3144 583 ἀτόμοις·
3190 511 3299 581 ἄρα
3339 511 3507 581 φύσει
3568 513 3789 585 θελητι-

531 607 586 650 et
619 595 915 652 individuis
943 599 1232 666 exprimat,
1290 597 1456 654 homo
1512 596 1733 653 voleudi
1787 595 2104 652 facultatem

534 689 718 745 habet.

604 786 679 837 Ac
710 799 918 850 rursus,
963 782 1008 839 si
1041 791 1234 837 natura
1270 799 1371 839 nec
1405 784 1597 855 magis,
1652 800 1758 839 nec
1801 784 1987 841 minus
2026 800 2111 839 re-

529 875 682 943 cipit,
712 890 844 930 sane
876 891 1000 930 cum
1024 875 1280 930 omnibus
1298 892 1553 946 peraeque
1570 877 1705 932 velle
1733 877 1885 943 insit,
1912 893 1975 933 ac
1997 891 2107 931 non

530 968 652 1021 aliis
686 966 934 1032 uberius,
954 968 1077 1022 aliis
1099 968 1431 1039 parcius,ex
1469 981 1666 1025 natura
1727 986 1824 1027 sua
1870 969 2107 1040 proinde

527 1060 749 1122 valendi
818 1061 1093 1116 facultate.
1125 1062 1385 1130 praeditus
1439 1071 1524 1116 est
1574 1063 1741 1119 homo
1798 1083 1814 1119 :
1875 1080 1940 1120 ex
1996 1080 2107 1134 quo

527 1153 784 1219 ellicitur,
815 1164 875 1208 ut
927 1169 1050 1208 cum
1110 1155 1274 1208 homo
1329 1156 1533 1210 virtute
1590 1156 1808 1211 voleudi
1878 1156 2107 1227 polleat,

525 1260 590 1299 ea
620 1244 810 1299 itidem
864 1244 1191 1299 naturaliter
1215 1244 1418 1314 polleat
1446 1245 1734 1311 Dominus,
1780 1262 1892 1303 non
1943 1247 2105 1306 modo

526 1351 635 1406 qua
668 1335 812 1391 Deus
841 1343 947 1405 est,
976 1336 1072 1391 sed
1101 1339 1269 1391 etiam
1294 1353 1402 1408 qua
1432 1337 1611 1392 factus
1640 1339 1827 1394 homo.

1023 1425 1105 1479 Ea:
1135 1426 1312 1481 eodem
1341 1428 1534 1495 capite.

592 1512 799 1569 Rerum
827 1512 1077 1568 omnium
1102 1512 1247 1568 Deus
1279 1521 1332 1567 et
1355 1513 1519 1568 Pater
1550 1512 1685 1578 vult,
1711 1513 1795 1569 vel
1828 1524 2105 1584 quatenus

521 1604 706 1669 Pater,
746 1604 829 1659 vel
859 1612 1132 1674 quatenus
1176 1601 1338 1659 Deus.
1373 1602 1433 1657 Si
1470 1611 1747 1675 quatenus
1786 1604 1960 1669 Pater,
1999 1607 2105 1662 alia

521 1696 630 1749 crit
666 1694 789 1764 ejus
824 1695 1101 1761 voluntas,
1142 1695 1246 1749 alia
1298 1694 1461 1759 Filii;
1498 1712 1680 1766 neque
1736 1696 1885 1751 enim
1945 1698 2106 1753 Pater

521 1783 696 1840 Filius
734 1791 838 1840 est.
871 1785 968 1838 Sin
992 1792 1175 1837 autem
1218 1793 1493 1855 quatenus
1550 1783 1719 1851 Deus,
1770 1794 1919 1842 certe
1977 1803 2101 1842 cum

523 1873 695 1930 Filius
714 1890 933 1945 quoque
966 1874 1108 1930 Deus
1139 1875 1232 1935 sit,
1273 1876 1515 1947 itemque
1581 1874 1822 1946 Spiritus
1877 1890 2103 1935 sanctus

522 1965 689 2031 Deus,
718 1966 1054 2021 voluntatem
1079 1976 1289 2020 natura:
1311 1982 1457 2032 esse,
1496 1968 1892 2035 naturalemve,
1925 1967 2104 2025 faten-

521 2058 654 2112 dum
676 2065 784 2115 est.

591 2149 841 2219 Insuper,
920 2149 968 2205 si
1008 2165 1249 2219 quorum
1307 2150 1565 2206 voluntas
1611 2167 1719 2207 una
1761 2162 1866 2217 est,
1906 2153 2103 2211 borum

520 2239 709 2304 etiam,
743 2248 802 2294 ut
824 2238 1014 2296 Patres
1040 2248 1358 2309 senserunt,
1379 2258 1483 2296 una
1515 2251 1599 2299 est
1627 2245 1869 2301 essentia
1902 2262 1918 2301 :
1946 2260 2103 2312 sane,

522 2332 569 2388 si
600 2347 706 2387 una
728 2331 1038 2389 divinitatis
1068 2333 1279 2390 Christi
1307 2342 1475 2404 atque
1508 2334 1874 2392 humanitatis
1896 2338 2097 2393 volun-

524 2433 609 2481 tas
647 2425 743 2491 sit,
798 2439 908 2481 una
964 2440 1187 2498 quoque
1238 2434 1294 2481 et
1317 2424 1509 2482 eadem
1548 2441 1740 2482 earum
1794 2428 2106 2485 substantia

522 2513 647 2569 erit.

589 2606 670 2661 Ac
704 2619 921 2671 rursus,
948 2606 994 2663 si
1020 2606 1087 2663 de
1110 2606 1346 2663 ‘Patrum
1407 2610 1707 2678 sententia,
1744 2619 1954 2668 natura
1989 2583 2120 2670 dis-i

520 2694 732 2749 crimen
753 2695 806 2748 in
839 2710 947 2749 una
982 2696 1268 2752 voluntate
1322 2713 1431 2753 non
1472 2699 1674 2765 elucet,
1709 2715 1938 2758 necesse
1995 2710 2103 2767 est,

521 2791 583 2839 ut
611 2785 693 2839 vel
725 2799 890 2838 unam
922 2784 1160 2840 dicendo
1200 2785 1571 2855 voluntatem,
1614 2790 1869 2846 naturale
1904 2791 2105 2847 discri-

520 2890 646 2933 men
699 2891 809 2931 non
860 2877 1130 2944 dicamus,
1163 2877 1249 2933 vel
1308 2889 1629 2935 naturarum
1692 2882 2103 2943 distinctionem

519 2967 910 3038 praedicantes,
942 2969 1286 3025 voluntatem
1317 2985 1480 3025 unam
1517 2987 1626 3027 non
1660 2980 1992 3032 statuamus.

589 3058 669 3113 Ac
706 3072 927 3123 rursus,
1009 3063 1056 3114 sl
1085 3058 1224 3114 utin
1254 3058 1444 3116 divino
1498 3060 1798 3132 Evangelia
1835 3064 2095 3129 habetur,

517 3147 802 3219 profectus
851 3146 1122 3204 Dominus
1155 3149 1207 3202 in
1251 3157 1435 3220 partes
1473 3146 1604 3221 Tyri
1642 3160 1698 3206 et
1755 3150 2003 3221 Sidonis,
2053 3166 2103 3211 et

2220 597 2313 662 κὸς
2346 601 2374 651 ὀ
2404 598 2718 671 ἅνθρωπος.

2285 784 2398 839 Καὶ
2423 782 2602 848 αὖθις·
2644 783 2695 837 εἰ
2739 782 2801 837 τὸ
2832 781 3032 854 μᾶλλον
3077 784 3170 838 καὶ
3215 780 3441 857 ἧττονή
3485 788 3651 855 φύσις
3692 788 3795 840 οὒκ
3887 783 3898 786 ”

2217 879 2547 949 ἐπιδέχεται,
2566 878 2759 947 ἐπίσης
2782 878 2838 931 δὲ
2861 879 3028 932 πᾶσιν
3047 880 3349 952 ἐνυπάρχει
3376 881 3436 934 τὸ
3468 880 3673 948 θέλειν,
3702 883 3795 937 καὶ

2215 966 2277 1020 οὐ
2303 969 2417 1030 τοῖς
2450 966 2551 1032 μὲν
2575 966 2759 1034 πλέον,
2795 970 2914 1032 τοῖς
2938 966 3000 1021 δὲ
3022 966 3263 1023 ἔλαττον·
3296 970 3405 1040 ἄρα
3436 971 3603 1040 φύσει
3636 972 3796 1042 θελη-

2211 1055 2363 1117 statim
2426 1056 2455 1107 ὁ
2493 1056 2805 1127 ἄνθρωπος’
2850 1056 2994 1111 ὥστε
3024 1061 3073 1112 εἰ
3105 1059 3267 1129 φύσει
3320 1060 3613 1131 θελητικὸς
3640 1065 3668 1115 ὁ
3697 1064 3794 1117 ἄν·

2216 1146 2456 1216 θρωπος,
2480 1164 2572 1201 και
2593 1149 2620 1202 ὁ
2652 1149 2875 1220 Κύριος,
2904 1150 2966 1203 οὐ
2990 1150 3152 1221 μόνον
3181 1151 3318 1206 καθὸ
3342 1152 3497 1219 Θεὸς,
3533 1153 3671 1207 ἀλλὰ
3698 1153 3795 1207 καὶ

2211 1238 2349 1295 καθὸ
2376 1239 2667 1312 ἄνθρωπος
2697 1240 2913 1311 γέγονε,
2949 1242 3109 1313 φύσει
3141 1243 3424 1315 θελητικός
3450 1246 3622 1299 ἐστιν.

2572 1423 2670 1477 Ἐκ
2722 1422 2830 1479 τοῦ
2852 1421 3044 1478 αὐτοῦ
3074 1423 3435 1493 κεφαλαίου.

2288 1515 2348 1570 '0
2381 1515 2491 1569 τῶν
2523 1515 2659 1568 ὅλων
2685 1514 2796 1585 γὰρ
2899 1512 3031 1577 Θεὸς
3065 1514 3159 1566 καὶ
3190 1512 3404 1583 Πατὴρ,
3431 1512 3465 1584 ἦ
3505 1512 3638 1567 καθὸ
3680 1514 3799 1569 Πα-

2204 1607 2309 1678 τὴρ
2343 1606 2507 1670 θέλει,
2559 1606 2592 1678 ἢ
2630 1606 2767 1659 καθὸ
2805 1604 2958 1669 Θεὸς.
3010 1604 3151 1659 Ἀλλ’
3186 1606 3233 1658 εἰ
3268 1605 3368 1676 μὲν
3411 1605 3545 1657 καθὸ
3574 1606 3795 1677 Πατὴρ,

2206 1700 2336 1756 ἄλλο
2371 1697 2539 1753 αὐτοῦ
2575 1698 2731 1752 ἔσται
2759 1698 2818 1751 τὸ
2842 1696 3057 1769 θέλημα
3088 1698 3239 1769 παρὰ
3292 1696 3353 1750 τὸ
3384 1696 3479 1750 τοῦ
3508 1696 3661 1750 Υἰοῦ,
3718 1697 3797 1751 0'3

2207 1794 2316 1865 γὰρ
2350 1793 2540 1864 Πατὴρ
2560 1795 2588 1847 ὁ
2617 1792 2770 1856 Υἱός.
2797 1791 2859 1845 Ei
2885 1791 2941 1844 δὲ
2974 1789 3109 1842 καθὸ
3138 1788 3288 1855 Θεὸς,
3339 1788 3469 1853 Θεὸς
3496 1790 3552 1842 δὲ
3578 1791 3607 1842 ό
3634 1790 3796 1853 Υἱὸς,

2205 1886 2341 1950 Θεὸς
2370 1887 2467 1939 καὶ
2493 1887 2557 1939 τὸ
2589 1885 2817 1953 Πνεῦμα
2848 1882 2910 1937 τὸ
2965 1882 3154 1952 ἅγιον·
3186 1882 3293 1953 ἄρα
3338 1880 3400 1935 τὸ
3438 1882 3647 1953 θέλημα
3685 1884 3797 1954 φύς

2208 1996 2369 2048 σεως,
2399 1980 2569 2051 ἤγουν
2603 1976 2852 2048 φυσικόν.

2277 2159 2427 2224 Ἔτι,
2446 2157 2495 2210 si
2522 2153 2665 2211 κατὰ
2694 2155 2821 2219 τοὺς
2846 2152 3124 2224 Πατέρας,
3144 2145 3219 2206 ὧν
3241 2150 3303 2205 τὸ
3324 2150 3532 2222 θέλημα
3558 2149 3640 2214 ἓν,
3662 2150 3797 2204 τοῦ-

2203 2269 2311 2307 των
2332 2249 2426 2305 καὶ
2453 2249 2489 2320 ἠ
2517 2247 2673 2303 οὐσία
2704 2245 2827 2317 μία,
2852 2245 2911 2298 ἓν
2936 2245 3032 2298 καὶ
3058 2243 3270 2315 θέλημα
3300 2246 3399 2315 τῆς
3419 2243 3667 2314 θεότητος
3692 2243 3795 2298 τοῦ

2203 2330 2471 2415 Χριστοῦ,
2505 2341 2601 2395 καὶ
2630 2342 2731 2410 τῆς
2780 2336 3202 2408 ἀνθρωπότητος
3252 2333 3421 2389 αὐτοῦ
3448 2350 3462 2366 ·
3514 2332 3627 2406 ἄρα
3687 2334 3795 2406 μία

2205 2435 2302 2489 καὶ
2329 2434 2363 2506 ή
2390 2431 2531 2504 αὑτὴ
2566 2428 2772 2486 τούτων
2804 2426 2960 2482 ἔσται
2989 2426 3086 2481 καὶ
3114 2428 3147 2497 ἡ
3186 2424 3364 2480 οὐσία.

2276 2608 2386 2662 Καὶ
2409 2606 2569 2662 πάλιν
2590 2620 2604 2634 ⁶
2641 2603 2713 2666 εἰ,
2744 2600 2887 2656 κατὰ
2914 2601 3042 2664 τοὺς
3068 2599 3339 2669 Πατέρας,
3387 2598 3420 2668 ἢ
3444 2596 3544 2667 τῆς
3566 2597 3794 2665 φύσεως

2204 2698 2441 2770 διαφορὰ
2475 2697 2554 2768 τῷ
2584 2696 2667 2749 ἐνὶ
2689 2694 2956 2764 θελήματι
2984 2690 3045 2744 οὐ
3085 2689 3446 2759 διαφαίνεται,
3472 2687 3717 2758 ἀνάγκην
3762 2689 3795 2759 ἢ

2205 2795 2265 2849 ἐν
2297 2791 2513 2861 θέλημα
2538 2788 2799 2857 λέγοντας
2825 2783 3064 2854 φυσικὴν
3106 2783 3166 2835 ὲν
3206 2779 3431 2851 Χριστῷ
3477 2779 3548 2849 μὴ
3603 2780 3796 2847 λέγειν

2204 2879 2488 2951 διαφορὰν,
2516 2876 2550 2948 ἢ
2584 2874 2822 2947 φυσικὴν
2842 2872 3103 2939 λέγοντας
3148 2867 3435 2939 διαφορὰν,
3466 2866 3523 2921 ἓν
3569 2866 3795 2939 θέλημα

2209 2972 2284 3045 μὴ
2310 2971 2516 3039 λέγειν.

2277 3065 2387 3118 Καὶ
2413 3059 2569 3126 αὖθις
2590 3076 2605 3092 ο
2640 3060 2689 3114 εἰ
2717 3056 2902 3121 καθώς
2939 3071 3075 3127 φησι
3126 3053 3190 3106 τὸ
3232 3052 3378 3107 θετον
3428 3051 3793 3120 Εὐαγγέλισν,

2204 3156 2374 3211 ἐλθὼν
2396 3156 2423 3209 ὁ
2454 3153 2659 3226 Κύριος
2687 3151 2764 3212 εἰς
2799 3150 2867 3203 τὰ
2899 3147 3042 3219 μέρη
3064 3146 3242 3217 Τύρου
3270 3145 3365 3198 καὶ
3402 3144 3651 3208 Σιδῶνος,
3681 3146 3797 3198 καὶ

517 3241 785 3308 ingressus
802 3241 1040 3305 domum,
1076 3244 1332 3299 neminem
1357 3244 1493 3298 scire
1542 3243 1727 3309 voluit,
1783 3262 1875 3300 nec
1924 3257 2096 3303 tamen

2212 3248 2494 3305 εισελθὼν
2525 3248 2614 3314 εἰς
2641 3241 2833 3308 οἷκον,
2862 3240 3083 3296 οὐδένα
3106 3239 3383 3334 ἠθέλησε
3396 3236 3635 3334 reuirat,
3680 3238 3793 3291 and

518 3331 681 3385 latere
699 3333 874 3400 potuit
908 3331 954 3397 ‘,
987 3333 1235 3402 profecto
1269 3348 1395 3387 cum
1428 3332 1612 3388 divina
1638 3335 1813 3405 ipsius
1842 3338 2099 3396 voluntas

2212 3343 2311 3395 οὐκ
2336 3337 2608 3408 ἠδυνήθη
2629 3333 2867 3391 λαϐεῖν’
2895 3333 2943 3385 si
2970 3330 3030 3385 τὸ
3053 3330 3198 3384 θεῖον
3221 3327 3387 3382 αὐτοῦ
3410 3327 3621 3397 θέλημα
3647 3344 3793 3379 mv-

518 3423 704 3477 omnia
770 3422 982 3492 possit,
1030 3423 1222 3478 volens
1260 3440 1392 3479 vero
1446 3426 1618 3481 latere
1669 3442 1778 3483 non
1839 3431 2099 3499 potuerit,

2198 3430 2521 3500 τοδύναμον,
2551 3426 2783 3497 θελήσας
2809 3424 2867 3478 δὲ
2894 3422 3078 3476 λαθεῖν
3099 3422 3161 3475 οὐ
3187 3418 3490 3489 δεδύνηταιο
3512 3418 3622 3488 ἄρα
3646 3419 3794 3471 καθὸ

519 3508 789 3577 sequitur,
822 3516 883 3562 ut
937 3517 1216 3579 quatenus
1248 3511 1411 3566 homo
1458 3511 1510 3566 id
1557 3513 1815 3581 voluerit,
1852 3532 1953 3573 nec
2002 3533 2101 3589 po-

2212 3519 2488 3591 Ξνθρωπος
2548 3517 2782 3587 θελήσας
2837 3514 2939 3568 οὐκ
2984 3508 3251 3583 ἠδυνήθη,
3284 3509 3381 3563 καὶ
3407 3507 3694 3578 θελητικὸς
3720 3503 3796 3577 ἦν

520 3597 701 3662 tuerit,
736 3603 899 3666 atque
925 3598 1084 3664 adeo,
1114 3605 1172 3651 ut
1194 3608 1466 3669 quatenus
1493 3600 1657 3655 homo
1686 3602 1900 3659 volendi
1926 3605 2104 3664 facul-

518 3695 697 3742 tatem
718 3688 995 3743 habuerit.

773 3779 851 3833 Ac
874 3794 1068 3834 rursus
1099 3818 1113 3841 ,
1167 3778 1297 3834 Cum
1331 3792 1569 3850 venisset,
1596 3784 1791 3854 inquit,
1807 3787 1875 3839 ad
1905 3786 2097 3856 locum,

518 3863 653 3920 dixit
668 3880 687 3919 :
706 3866 861 3923 Sitio.
884 3867 950 3923 Et
970 3873 1221 3924 dederunt
1237 3871 1286 3923 ei
1307 3871 1481 3926 tinum
1498 3873 1619 3942 felle
1642 3876 1857 3929 mistum
1876 3889 1896 3930 :
1918 3886 2101 3934 etcum

517 3967 801 4031 gustasset,
836 3960 1005 4015 noluit
1032 3960 1205 4018 bibere
1253 3956 1299 4015 '.
1327 3958 1502 4019 Porro
1531 3967 1602 4034 si,
1625 3977 1900 4039 quatenus
1932 3967 2099 4036 Deus,

515 4061 610 4119 siti
641 4069 929 4134 correptus
960 4069 1067 4127 est,
1096 4069 1300 4118 etcum
1330 4067 1620 4130 gustasset,
1656 4060 1834 4116 noluit
1858 4059 2092 4125 bibere;

520 4168 654 4225 ergo
674 4154 839 4210 etiam
881 4163 1154 4224 quatenus
1214 4153 1361 4208 Deus
1410 4150 1754 4221 passionibus
1815 4149 2098 4205 obnoxius

525 4256 688 4301 erat:
716 4247 1040 4312 suntenim,
1069 4256 1181 4302 tum
1211 4246 1353 4312 sitis,
1391 4255 1504 4302 tum
1560 4245 1822 4316 gustatio,
1875 4243 2097 4315 passio-

519 4351 643 4392 nes.
707 4337 805 4394 Sin
852 4348 1035 4393 autem
1090 4347 1362 4409 quatenus
1415 4339 1583 4392 homo
1640 4336 1836 4401 sitivit,
1892 4335 2087 4406 utique

521 4438 795 4498 quatenus
821 4429 985 4483 homo
1018 4430 1299 4484 voluntate
1331 4428 1635 4484 instructus
1665 4436 1802 4483 erat.

588 4519 658 4575 At
692 4535 824 4577 vero
863 4520 1194 4575 sententiam
1247 4527 1304 4575 et
1356 4519 1683 4576 electionem
1733 4519 1789 4573 in
1848 4518 2084 4575 Domino

2202 3613 2297 3669 καὶ
2327 3611 2463 3666 καθὸ
2493 3610 2801 3682 ἄνθρωπος.

2277 3784 2389 3839 Καὶ
2419 3783 2619 3836 πάλινο
2659 3766 2903 3846 moeri,
2937 3778 3227 3849 φησὶννεὲς
3260 3779 3375 3831 τὸν
3398 3776 3611 3835 τόπον,
3632 3768 3786 3826 alar

2208 3876 2389 3945 Διψῶ.
2429 3875 2537 3930 Καὶ
2568 3875 2803 3930 ἔδωκαν
2825 3874 2987 3939 αὐτῷ
3014 3868 3185 3927 οἶνον
3203 3869 3356 3939 μετὰ
3386 3865 3578 3937 χολῆς
3614 3882 3789 3935 μεμι-

2204 3967 2449 4039 γμένον,
2491 3966 2593 4020 καὶ
2617 3965 2989 4037 γευσάμενος
3019 3967 3132 4019 οὐκ
3155 3963 3339 4030 ἤθελε
3378 3959 3559 4013 πιεῖν.
3592 3958 3660 4010 Et
3689 3954 3791 4024 μὲν

2208 4055 2304 4113 οὖν
2334 4060 2470 4115 καθὸ
2503 4058 2637 4124 Θεὸς
2668 4058 2916 4130 ἐδίψησε,
2969 4057 3066 4111 καὶ
3095 4056 3442 4126 γευσάμενος
3490 4055 3595 4109 οὐκ
3626 4055 3793 4126 ἧθιλε

2206 4153 2375 4216 πιεῖν,
2403 4151 2658 4220 δμπαθὴς
2687 4152 2795 4219 ἄρα
2828 4150 2926 4205 καὶ¹
2955 4149 3089 4204 καθὸ
3132 4149 3290 4212 Θεός*
3340 4149 3513 4212 πάθος
3558 4149 3698 4217 γὰρ,
3756 4147 3793 4217 ἦ

2204 4258 2265 4296 τε
2294 4242 2444 4312 δεψα,
2475 4243 2570 4296 καὶ
2589 4243 2623 4312 ἡ
2662 4241 2859 4311 (εῦσις.
2886 4240 2948 4295 Et
2974 4241 3032 4295 δὲ
3056 4242 3120 4294 οὐ
3167 4240 3303 4294 καθὸ
3326 4240 3485 4303 Θεὸς,
3556 4240 3785 4301 πάντως

2212 4334 2348 4390 καθὸ
2376 4334 2665 4407 ἄνθρωπος
2694 4334 2940 4406 ἐδίψησε,
2982 4334 3083 4388 καὶ
3108 4332 3397 4405 θελητικὸς
3426 4328 3498 4403 ἦν
3525 4332 3626 4386 καὶ
3653 4329 3789 4385 καθὸ

2213 4427 2311 4482 ἄνθ
2319 4444 2522 4499 ρωπος.

2279 4519 2512 4591 Γνώμην
2540 4520 2597 4574 δὲ
2617 4522 2712 4575 καὶ
2744 4520 3075 4590 προαίρεσιν
3105 4518 3200 4573 ἐπὶ
3227 4516 3322 4573 τοῦ
3349 4517 3569 4588 Κυρίου
3600 4515 3783 4582 λέγειν

519 4608 705 4666 dicere
732 4625 841 4666 non
871 4626 1185 4682 possumus,
1223 4610 1267 4667 si
1299 4610 1521 4681 quidem
1554 4611 1774 4682 proprie
1793 4611 1942 4682 loqui
1979 4621 2094 4666 stu-

2212 4612 2491 4681 ἀδῦνατον,
2537 4613 3106 4684 εἷπερ’κυριολεκττῖν
3143 4610 3496 4681 βουλοίμεθα.
3542 4609 3613 4663 Ἥ
3653 4606 3787 4672 γνὼ-

470 4736 488 4751 ο
519 4703 771 4760 deamus.
808 4703 1091 4759 Sententia
1113 4702 1258 4758 enim
1298 4709 1423 4774 post
1453 4701 1652 4772 ignota:
1678 4702 1757 4757 rei
1790 4702 2094 4772 investiga-

519 4796 725 4851 tionem
750 4805 808 4853 et
838 4795 1313 4859 deliberationem,
1349 4792 1783 4849 consiliumve‘et
1801 4793 2100 4865 judicium,

519 4886 740 4942 aﬂectio
768 4897 823 4941 et
852 4886 1139 4956 dispositio
1174 4893 1258 4941 est
1283 4884 1338 4939 in
1366 4882 1422 4939 id
1464 4884 1611 4953 quod
1652 4882 1933 4939 decretum
1976 4884 2099 4940 fuit.

519 4978 691 5043 Quam
723 4978 946 5048 quidem
982 4978 1329 5035 aﬂectionem
1392 4981 1645 5047 sequitur
1676 4976 1874 5033 electio
1899 5016 1915 5044 ,
1977 4992 2102 5047 quae

520 5070 758 5127 alterum
794 5085 905 5139 pra:
931 5070 1106 5126 altero
1127 5070 1281 5142 eligit
1307 5082 1362 5128 et
1391 5068 1763 5140 amplectitur.
1794 5069 1967 5141 Ἁιαυί
1997 5071 2103 5127 Do-

520 5163 726 5227 minus,
750 5176 872 5216 cum
911 5177 1080 5233 purus
1108 5162 1273 5218 homo
1296 5178 1407 5217 non
1454 5169 1621 5230 esset,
1688 5178 1879 5219 verum
1931 5164 2099 5220 etiam

520 5254 690 5323 Deus,
717 5254 1015 5325 omniaque
1036 5263 1319 5325 perspecta
1348 5255 1601 5321 haberet,
1642 5269 1746 5310 nec
1773 5255 2100 5311 consider»

522 5349 695 5414 tione,
734 5363 837 5404 nec
871 5347 1248 5418 inquisitione,
1284 5363 1388 5405 nec
1425 5348 1827 5405 deliberatione
1882 5348 2100 5421 egebat,

519 5456 700 5511 neque
730 5440 897 5496 etiam
921 5438 1134 5511 judicio
1161 5456 1178 5506 ;
1205 5439 1565 5509 quamobrem
1604 5450 1798 5495 natura
1868 5454 2096 5511 compa.

520 5546 674 5589 ratus
703 5543 844 5597 erat,
871 5543 933 5587 ut
961 5531 1373 5589 necessitudine
1420 5531 1658 5602 quadam
1718 5532 1864 5589 bono
1915 5534 2101 5591 adita:-

522 5634 692 5691 reret,
730 5639 797 5681 ae
823 5640 1019 5681 rursus
1048 5624 1250 5680 armato
1298 5635 1663 5683 averteretur.
1695 5623 1786 5682 Sic
1840 5626 1990 5682 enim
2042 5636 2101 5684 et

520 5714 684 5773 Isaias
706 5718 975 5787 propheta
996 5718 1073 5774 ait
1109 5735 1125 5775 :
1159 5718 1459 5790 Antequam
1488 5720 1652 5774 ’θεῖαι
1707 5734 1837 5788 puer
1888 5718 2103 5789 puncti-

596 5905 614 5938 ¹
643 5906 808 5963 Marc.
838 5924 936 5975 vn,
963 5911 1053 5965 “24.

1156 5912 1177 5944 ³
1216 5910 1365 5968 Ioan.
1394 5926 1483 5966 xix
1510 5912 1614 5972 “28;
1643 5910 1833 5967 Matth.
1874 5925 2039 5965 xxvu.
2074 5910 2163 5966 δι.

2215 4723 2291 4777 μη
2316 4706 2426 4778 γὰρ
2465 4707 2604 4778 μετὰ
2625 4705 2722 4776 τὴν
2745 4707 2873 4777 περὶ
2900 4704 2994 4759 τοῦ
3033 4706 3402 4774 ἀγνοουμένου
3432 4702 3665 4773 ζήτησιν
3686 4698 3785 4752 καί

2212 4799 2521 4873 βοόλευσιν,
2549 4799 2671 4871 ἢτοι
2707 4797 2904 4868 βουλὴν
2932 4798 3028 4852 καὶ
3056 4797 3269 4867 κρεσιν,
3314 4795 3461 4863 πρὸς
3510 4795 3575 4848 τὸ
3600 4789 3778 4861 arpi“!

2209 4894 2328 4946 ἐστι
2367 4891 2627 4954 διάθεσις.
2668 4890 2807 4945 Μεθ’
2853 4890 2921 4962 ἢν
2965 4890 3000 4962 ἡ
3028 4888 3385 4960 προαερεσις,
3424 4884 3779 4956 ἐπιλεγομένη.

2212 4984 2312 5040 καὶ
2350 4964 2654 5055 αἰρουμένη
2712 4982 2820 5054 πρὸ
2868 4982 2964 5035 τοῦ
3016 4983 3207 5051 ἑτέρου
3260 4980 3323 5033 τὸ
3360 4979 3578 5049 ἕτερον.
3636 4972 3781 5028 Ὄδδ

2209 5075 2416 5149 Κύριος
2442 5076 2502 5130 οὐ
2541 5075 2696 5147 ψιλὸς
2731 5074 2808 5128 ὢν
2845 5072 3156 5145 ἄνθρωπος,
3208 5071 3346 5126 ἀλλὰ
3375 5072 3473 5125 καὶ
3501 5071 3650 5133 Θεὸς,
3676 5067 3785 5118 καὶ

2208 5167 2391 5223 πάντα
2415 5168 2597 5232 εἰδὼς,
2635 5166 2893 5235 ἀνενδεὴς
2927 5164 3197 5235 σκέψεως,
3224 5164 3331 5217 καὶ
3350 5164 3649 5234 ζητήσεως,
3680 5156 3788 5209 καὶ

2211 5259 2412 5333 βουλῆς
2441 5260 2679 5330 ὑπῆρχε,
2728 5258 2824 5311 καὶ
2874 5256 3136 5327 κρίσεως,
3194 5256 3290 5309 καὶ
3321 5253 3568 5318 φυσικῶς
3590 5252 3681 5318 τήν
3714 5263 3789 5299 τε

2212 5351 2351 5421 πρὸς
2378 5350 2442 5405 τὸ
2463 5351 2629 5407 καλὸν
2654 5344 2804 5421 εἶχεν
2832 5348 3137 5425 οἰκείοισιν,
3170 5347 3264 5400 καὶ
3293 5347 3399 5414 τὴν
3430 5343 3564 5415 πρὸς
3601 5341 3657 5394 τὸ
3674 5356 3796 5391 κα-

2218 5441 2315 5495 κὸν
2350 5440 2731 5511 ἀλλοτρίωσιν.
2772 5437 2932 5493 Οὕτω
2961 5437 3071 5507 γὰρ
3096 5435 3190 5489 καὶ
3226 5433 3463 5497 Ἠσαίας
3495 5430 3791 5503 προφήτης

2210 5533 2396 5601 φησὶν,
2438 5531 2531 5586 ὅτι
2584 5533 2736 5601 Πρὶν
2788 5530 2827 5598 ἢ
2866 5528 3093 5600 γνῶναι
3142 5527 3209 5582 τὸ
3245 5525 3490 5582 παιδίον
3536 5518 3792 5590 προευε-

2208 5620 2351 5681 σθὰι
2383 5625 2636 5695 πονηρὰ,
2688 5624 3000 5688 (insufﬂat
3063 5622 3130 5676 τὸ
3165 5620 3414 5689 ἀγαθόν·
3467 5618 3603 5670 διότι
3629 5610 3793 5677 πρὶν

2206 5717 2427 5792 γνῶναι
2463 5718 2526 5773 τὸ
2566 5716 2809 5773 παιδίον
2831 5715 3058 5786 ἀγαθόν
3090 5714 3129 5784 ἣ
3178 5712 3391 5779 κακὸν,
3421 5702 3636 5768 ἀπειθεῖ
3656 5714 3793 5755 εο-
