4054 6286
260 380 389 470 ιιιέτι
1173 391 1558 458 mmer
1597 382 2061 451 noenum.
2089 411 2160 423 —
2189 388 2337 453 mn
2380 391 2541 454 xxr.
3358 394 3498 460 usi

255 519 425 588 γηρίᾳ
455 520 557 573 τοῦ
607 518 975 582 ἐκλέξασθαι
1007 516 1072 568 τὸ
1098 513 1326 580 ἀγαθόν
1345 527 1359 542 ο
1393 509 1467 561 Τὸ
1492 508 1625 576 γὰρ,
1658 504 1823 571 πρὶν,
1851 542 1856 554 .

1928 517 2047 570 gere
2079 504 2246 571 mala,
2275 507 2430 577 eliget
2477 511 2669 563 bonum
2722 525 2743 564 :
2789 512 3038 580 quoniam
3080 516 3365 577 antvmmm
3413 524 3500 562 co-

258 608 391 677 δηλοὶ
421 609 503 660 ὅτι
530 606 593 658 οὐ
637 607 760 658 καθ’
790 606 934 674 ἡμᾶς
967 604 1210 671 ζητήσας
1239 601 1332 651 καὶ
1361 594 1819 667 βουλευσάμενος,

1924 607 2144 664 gnoscat
2190 616 2322 667 puer
2371 603 2561 657 bonum
2590 613 2638 657 et
2686 604 2906 663 malum,
2940 602 3198 655 malitiam
3250 607 3501 669 reproba-

259 702 378 756 ἀλλὰ
432 702 565 762 Θεὸς
609 699 706 763 ὢν,
740 699 833 751 καὶ
884 694 1081 757 θεῑκῶς
1138 693 1280 745 κατὰ
1331 691 1510 757 σάρκα
1558 684 1820 749 ὑποστὰς,

1925 691 2015 751 bit,
2064 691 2303 761 eligendo
2359 695 2567 748 bonum.
2656 694 2793 749 Haec
2840 710 2963 759 vox,
3033 703 3335 763 antequam,
3396 693 3500 748 hoc

268 794 503 849 τουτέστι
535 792 665 845 καθ’
694 790 999 843 ὑπόστασιν
1032 784 1312 858 ἡνωμένος
1344 786 1409 853 τῇ
1460 779 1646 850 σαρκὶ,
1674 775 1822 844 αὐτῷ

1926 783 2149 849 indicat,
2185 786 2330 852 quod
2361 801 2639 843 nonmore
2694 796 2887 842 nostro
2937 803 3004 840 ex
3072 785 3496 857 investigatione

271 888 330 958 τῷ
356 884 521 947 εἶναι,
572 885 670 940 καὶ
734 883 917 937 πάντα
953 882 1173 946 εἰδέναι,
1216 878 1277 933 τὸ
1310 878 1401 941 ιιιΔ
1431 874 1644 944 φύσεως
1679 868 1824 940 εἶχεν

1922 886 1980 930 et
2000 876 2395 933 deliberatione
2438 879 2657 949 praevia,
2687 881 2803 945 sed,
2860 887 2922 934 ut
2987 879 3080 949 qui
3129 878 3274 933 Deus
3329 886 3496 943 esset,

263 979 469 1048 ἀγαθόν.
1926 970 2223 1043 divinaque
2251 974 2414 1029 modo
2448 973 2855 1031 subsistentiam
2891 975 3043 1030 carni
3078 974 3365 1036 tribueret,
3408 976 3497 1028 cui

1926 1065 2225 1119 secundum
2267 1066 2603 1138 hypostasim
2626 1073 2745 1121 erat
2805 1064 3013 1127 unitus.
3064 1079 3131 1121 eo
3179 1065 3298 1135 ipso
3351 1064 3499 1135 quod

1924 1166 2061 1225 eral,
2080 1159 2371 1227 omniaque
2391 1166 2570 1223 norat,
2587 1164 2778 1226 suapte
2801 1163 2998 1210 natura
3019 1156 3221 1211 bonttm
3242 1154 3496 1210 habebat.

497 1246 611 1303 Τοῦ
639 1242 825 1299 αὐτοῦ
877 1241 947 1295 ἐκ
972 1240 1081 1296 τοῦ
1134 1239 1221 1294 οθ*
1248 1236 1604 1307 κεφαλαίου.

1398 1236 1604 1293 ιλαίου.
2330 1249 2585 1317 Eiusdem
2622 1266 2686 1303 ea:
2714 1249 2882 1317 capite
2910 1247 2999 1304 79.

328 1343 537 1412 Ὥσπερ
590 1338 685 1392 ἐπὶ
736 1337 834 1405 τῆς
883 1332 1392 1403 πεπυρακτωμένης
1446 1328 1721 1402 μαχαίρας
1763 1329 1823 1381 ai

1995 1343 2458 1412 Quemadmodum
2498 1344 2552 1398 in
2590 1343 2773 1415 gladio
2827 1343 2997 1414 ignito
3060 1342 3200 1410 ignis
3254 1348 3309 1396 et
3363 1338 3500 1398 ferri

262 1434 440 1509 φύσεις
470 1431 737 1494 σώζονται
800 1426 894 1481 τοῦ
934 1426 1127 1496 πυρὸς,
1162 1425 1258 1477 καὶ
1306 1423 1402 1477 τοῦ
1437 1422 1684 1492 σιδήρου,
1725 1420 1823 1474 καὶ

1925 1447 2132 1492 ποιοί-αι
2166 1447 2478 1502 servantur,
2515 1446 2568 1493 et
2600 1438 2843 1491 actiones
2874 1438 3013 1497 duae,
3038 1447 3341 1502 earumque
3370 1449 3498 1503 per-

260 1530 420 1585 αίόύο
484 1526 782 1597 ἐνέργειαι,
828 1525 925 1578 καὶ
986 1525 1057 1577 τὰ
1106 1519 1313 1574 τούτων
1380 1515 1820 1583 ἀποτελέσματαο

1925 1526 2214 1596 lectiones,
2244 1544 2367 1584 nam
2400 1530 2601 1584 ferrum
2626 1529 2843 1599 quidem
2873 1526 2982 1582 vim
3023 1526 3187 1582 habet
3257 1523 3497 1589 secandi,

261 1624 364 1693 εχει
401 1620 501 1690 μὲν
530 1621 641 1687 γὰρ
662 1618 689 1668 ὁ
716 1615 934 1685 σίδηρος
990 1612 1051 1666 τὸ
1080 1608 1368 1681 τμητικὸν,
1416 1606 1480 1659 τὸ
1519 1605 1577 1659 δὲ
1604 1604 1718 1674 πῦρ
1761 1603 1823 1656 τὸ

1927 1619 2064 1688 ignis
2095 1628 2272 1674 autem
2309 1620 2528 1683 urendi,
2562 1620 2833 1676 acsectio
2891 1618 3107 1688 quidem
3156 1616 3288 1672 ferri
3335 1614 3502 1669 actin-

261 1714 569 1770 καυστικόν·
602 1710 699 1764 καὶ⁹
753 1710 786 1775 ὴ
815 1706 957 1777 τομὴ
1005 1705 1104 1771 μὲν
1129 1704 1229 1773 τῆς
1269 1701 1362 1754 τοῦ
1415 1699 1639 1769 σιδήρου
1665 1696 1823 1766 ἐνέρ-

1926 1710 2010 1764 nis
2038 1708 2297 1779 perfectio
2318 1719 2420 1775 est,
2448 1710 2592 1766 ustio
2628 1720 2806 1765 autem
2833 1710 3003 1780 ignis,
3028 1722 3327 1777 earumque
3350 1703 3503 1759 diffe-

263 1824 410 1876 γειας
433 1803 583 1858 ἐστὶν
610 1802 983 1869 ἀποτέλεσμα,
1007 1799 1041 1868 ἡ
1066 1797 1121 1850 δὲ
1156 1794 1352 1857 καῦσις
1381 1792 1482 1861 τῆς
1509 1790 1605 1844 τόῦ
1628 1788 1821 1901 πυρρς,
1856 1843 1864 1899 Ι

1929 1804 2102 1857 rentia
2141 1805 2193 1858 in
2228 1812 2348 1858 usta
2379 1806 2627 1860 sectione
2657 1811 2712 1858 et
2741 1805 2796 1859 in
2829 1804 3043 1860 ustione
3059 1811 3207 1857 secta
3233 1808 3501 1862 servatur,

260 1900 350 1954 καὶ
371 1897 602 1961 σώζεται
634 1894 694 1948 τὸ
725 1892 933 1947 τούτων
974 1889 1233 1958 διάφορον
1287 1887 1345 1939 ιν
1398 1886 1466 1955 τῇ
1507 1880 1861 1951 aucupem"

1931 1894 2012 1950 sle
2062 1904 2118 1951 et
2150 1897 2202 1951 in
2223 1897 2465 1961 Christo,
2500 1896 2809 1951 divinitatis
2861 1896 3080 1965 quidem
3150 1893 3271 1961 ejus
3324 1891 3504 1945 divina

258 1992 414 2061 τομῇ,
443 1990 538 2043 καὶ
566 1989 624 2040 ὲν
644 1989 710 2056 τῇ
734 1982 1049 2052 τετμημένῃ
1080 1978 1277 2035 καῦσοι
1317 1976 1459 2030 οὕτω
1486 1974 1581 2029 καὶ
1616 1973 1710 2026 ἰπὶ
1733 1971 1828 2025 τοῦ

1911 1997 2092 2057 atque
2151 1991 2499 2059 omnipotens
2522 1989 2677 2044 actio
2738 1998 2844 2053 est,
2918 1986 3276 2042 humanitatis
3322 1992 3504 2039 autem

257 2077 515 2151 Χριστοῦ,
542 2075 643 2146 τῆς
685 2073 784 2143 μὲν
810 2072 1062 2141 θεότητος
1081 2065 1245 2121 αὑτοῦ
1274 2066 1308 2136 ή
1344 2064 1466 2118 θεία
1494 2063 1591 2116 καὶ⁵
1624 2075 1828 2151 ramo-

1930 2080 2191 2134 humana.
2226 2078 2502 2137 Perfectio
2532 2095 2668 2137 vero
2700 2080 2935 2135 actionis
2965 2080 3219 2134 humana:
3261 2076 3506 2147 quidem,

258 2148 491 2240 δόναμος
540 2167 813 2235 ἐνέργεια,
865 2162 964 2232 τῆς
1001 2160 1060 2213 δὲ
1106 2154 1528 2226 ἀνθρωπότητος
1573 2150 1746 2205 αὑτοῦ.
1791 2148 1827 2218 ἡ

1924 2173 2073 2241 quod
2104 2172 2275 2227 tenuit
2321 2171 2517 2241 puellae
2548 2188 2792 2241 manum,
2820 2180 2876 2227 et
2922 2170 3109 2233 traxit,
3161 2168 3358 2223 divinae
3413 2181 3508 2219 au-

260 2261 380 2318 καθ’
407 2261 577 2331 ἡμᾶς.
619 2255 999 2323 ’Λποτέλεσμα
1023 2250 1081 2305 δὲ
1126 2250 1227 2319 τῆς
1275 2248 1375 2319 μὲν
1399 2242 1748 2313 ἀνθρωπίνης
1770 2242 1831 2297 τὸ

1920 2271 2066 2329 tem,
2100 2265 2247 2333 quod
2298 2265 2443 2320 illam
2495 2267 2550 2319 in
2601 2264 2766 2318 vitam
2813 2262 3113 2320 revocavit.
3148 2260 3308 2315 Aliud
3359 2257 3504 2312 enim

259 2352 636 2425 κρατησθῆναι
655 2350 755 2419 τήν
776 2349 935 2418 χεῖρα
965 2344 1061 2398 τοῦ
1087 2341 1300 2407 παιδὸς,
1337 2338 1431 2395 καὶ
1479 2336 1830 2406 ἑλκυσθῆναι,

1929 2354 2175 2419 esthoc,
2213 2364 2267 2410 et
2296 2355 2442 2412 aliud
2470 2354 2638 2421 aliud,
2699 2355 2825 2410 licet
2885 2354 3029 2409 inter
3094 2367 3155 2409 se
3216 2351 3505 2422 conjuncta

258 2446 427 2515 τῆςδὲ
457 2443 611 2505 θείας
632 2442 701 2511 ῐῗή
725 2438 1077 2506 ζωοποίησις.
1133 2433 1300 2487 ’Λλλο
1346 2430 1455 2501 γὰρ
1490 2427 1671 2491 τοῦτο,
1728 2425 1831 2479 κὰ-

1928 2445 2046 2501 aint
2101 2460 2165 2501 ac
2192 2447 2416 2501 minime
2453 2456 2700 2516 separata
2753 2447 2806 2501 in
2844 2446 3062 2501 actione
3115 2444 3297 2500 divina
3344 2441 3505 2497 simul

260 2539 404 2591 κεῖνο
436 2536 645 2605 ἕτερον,
682 2532 731 2585 εἰ
768 2530 863 2583 καὶ
897 2528 1144 2596 ἀλλήλων
1175 2525 1468 2595 ἀχώριστοι
1493 2519 1833 2608 ὑπάρκουσιν

1935 2547 2100 2608 atque
2121 2537 2382 2594 humana.
2417 2538 2475 2594 Si
2510 2553 2674 2593 unam
2710 2538 2763 2593 in
2790 2537 3015 2593 Christo
3045 2537 3314 2593 actionem
3350 2535 3505 2589 dixe-

254 2633 321 2685 ὲν
351 2631 419 2698 τῇ
466 2625 758 2696 θεανδρικῇ
813 2622 1092 2693 ἐνεργείᾳ.
1146 2619 1209 2672 Εἰ
1243 2615 1373 2686 μίαν
1426 2614 1706 2682 ἐνέργειαν
1739 2607 1833 2662 επὶ

1933 2607 2129 2695 rimus,
2168 2638 2261 2684 aut
2289 2630 2499 2694 divina,
2522 2640 2614 2684 aut
2686 2630 2949 2694 humana,
2998 2636 3093 2682 aut
3142 2636 3331 2682 neutra
3377 2624 3503 2679 erit.

256 2720 354 2775 τοῦ
397 2719 603 2789 Κυρίου
656 2717 930 2785 εἴποιμεν,
966 2712 1001 2782 ἧ
1052 2710 1203 2765 θείαν
1255 2706 1480 2773 ταύτην
1508 2703 1756 2769 λέξομεν,

1936 2713 1994 2769 Si
2026 2716 2229 2782 divina,
2272 2731 2395 2772 eum
2423 2717 2685 2772 duntaxat
2747 2715 2916 2771 Deum
2973 2723 3179 2770 nostrae
3226 2722 3505 2785 expertem

255 2813 633 2885 ἀνθρωπίνην,
666 2811 700 2881 ἦ
735 2809 795 2862 οὐ
821 2807 1074 2876 δευτέραν,
1099 2802 1244 2857 ’Λ).λ’
1268 2800 1317 2854 εί
1343 2798 1440 2869 μὲν
1469 2796 1640 2861 θείαν,
1671 2791 1835 2885 αὐτὸν

1937 2806 2300 2861 humanitatis
2329 2812 2659 2862 asseremus.
2691 2805 2746 2861 Si
2778 2806 3040 2872 humana,
3067 2804 3273 2860 nudum
3329 2803 3509 2858 homi-

257 2884 422 2979 μόνον
447 2903 658 2973 γυμνὸν
722 2901 824 2971 τῆς
857 2898 982 2953 καθ’
1012 2897 1163 2966 ἡμᾶς
1205 2890 1631 2962 ἀνθρωπότητος
1685 2884 1835 2951 λέξο-

1935 2913 2061 2954 nem
2093 2898 2259 2969 impie
2289 2898 2703 2955 aﬂirmabimus.
2726 2899 2785 2954 Si
2840 2912 3020 2969 neque
3057 2897 3265 2963 divina,
3333 2908 3511 2965 neque

258 3012 384 3067 μεν’
424 2997 474 3048 εἰ
504 2994 562 3048 δὲ
589 2991 973 3060 ἀνθρωπίνην.
996 2985 1153 3056 ψιλὸν
1174 2982 1335 3038 αὑτὸν
1366 2979 1836 3051 βλασφημήσομεν

1936 2990 2195 3056 humana,
2254 3004 2356 3046 nec
2405 2989 2573 3046 Deum
2627 3006 2727 3047 nec
2778 2993 3054 3047 hominem
3114 2988 3359 3060 ejusdem
3415 2993 3512 3043 aut

252 3085 569 3158 ἄνθρωπον·
602 3083 653 3136 εἰ
679 3083 736 3137 δὲ
766 3080 830 3135 οὐ
895 3079 1071 3143 θείαν,
1128 3075 1249 3130 οὐδὲ
1272 3071 1660 3143 ἀνθρωπίνην,
1715 3067 1837 3162 οὐδὲ

1916 3096 2059 3137 cum
2093 3083 2280 3162 Patre,
2318 3092 2412 3138 aut
2473 3084 2755 3140 nobiscum
2808 3085 3063 3141 essentia:
3119 3083 3381 3139 dicemus.
3431 3082 3510 3136 Ex

251 3178 416 3241 Θεὸν,
446 3174 568 3229 οὐδὲ
599 3174 914 3243 ἄνθρωπον,
937 3169 1061 3222 οὐδὲ
1082 3167 1162 3238 τῷ
1194 3165 1372 3235 Πατρὶ
1400 3162 1521 3217 οὐδὲ
1550 3162 1683 3232 ἡμῖν
1707 3160 1844 3230 όμο-,

1907 3160 2322 3245 Lcoajunetione
2347 3177 2492 3231 enim
2524 3190 2666 3231 unus
2736 3186 2900 3248 atque
2962 3175 3105 3231 idem
3161 3175 3214 3229 in
3272 3188 3508 3244 persona

250 3267 461 3322 οῦσιον.
484 3268 583 3320 Ἕκ
609 3266 719 3336 γὰρ
743 3265 838 3333 τῆς
866 3261 1113 3322 ὲνώσεως
1142 3260 1176 3331 ή
1206 3256 1327 3312 καθ’
1362 3254 1663 3312 ὑπόστασιν
1710 3268 1834 3306 Ιταυ-

1922 3264 2119 3321 νῐοαυε
2148 3275 2251 3328 est,
2279 3280 2386 3321 non
2430 3275 2610 3321 autem
2638 3266 2853 3321 sublata
2877 3274 2960 3322 est
2981 3263 3287 3321 differentia
3345 3274 3508 3318 natu-

250 3360 425 3431 τότης
474 3358 723 3429 γέγονεν,
764 3356 827 3411 οὐ
862 3356 960 3425 μὶν
1008 3354 1066 3408 δὲ
1120 3354 1155 3423 ή
1188 3351 1421 3421 διαφορὰ
1456 3347 1566 3402 τῶν
1618 3345 1834 3415 φύσεων

1939 3372 2147 3413 rarum.
2200 3358 2512 3413 Diﬂ'erentia
2558 3368 2740 3413 autem
2818 3369 3136 3413 naturarum
3180 3368 3415 3423 servata,
3458 3368 3514 3413 et

248 3452 554 3524 ἀνῄρηται·
589 3452 704 3521 τῆςξ
722 3450 783 3503 δὲ
808 3448 1079 3517 διαφορᾶς
1104 3443 1424 3515 σωζομένης
1456 3441 1564 3495 τῶν
1592 3437 1832 3509 φύσεων,

1938 3463 2126 3504 earum
2158 3452 2400 3506 actiones
2427 3451 2925 3506 conservabuntur.
2956 3448 3163 3504 Natura
3185 3450 3332 3505 enim
3394 3464 3511 3505 non

249 3544 606 3615 σωθήσονται
639 3542 841 3613 δηλαδή
878 3539 976 3596 καὶ⁹
1009 3539 1066 3596 αἱ
1088 3536 1291 3592 τούτων
1314 3535 1609 3604 ἐνέργειαν
1641 3531 1704 3585 οὐ
1726 3528 1834 3605 γὰρ

953 3539 976 3593 ὶ
1009 3539 1066 3596 αἱ
1088 3536 1291 3592 τούτων
1314 3535 1609 3604 ἐνέργειαν
1641 3531 1704 3585 οὐ
1726 3528 1834 3605 γὰρ
1937 3545 2018 3597 est
2050 3554 2249 3612 expers
2305 3543 2554 3598 actionis,

246 3634 422 3705 φύσις
448 3632 834 3703 ἀνενέργητος.

490 3726 604 3781 Τοῦ
632 3722 822 3779 αὑτοῦ
850 3722 919 3776 ἐκ
949 3721 1060 3776 τοῦ
1080 3727 1178 3776 ara'
1198 3720 1556 3789 κεφαλαίου.

1452 3720 1556 3774 ἴου.
2371 3722 2629 3794 Ejusdem
2670 3742 2736 3781 ea:
2762 3727 2934 3798 capite
2962 3727 3053 3782 8|.

340 3819 407 3875 Ἦ
442 3819 541 3873 τοῦ
576 3818 782 3887 Κυρίου
824 3814 961 3883 σὰρξ
1004 3814 1103 3883 τῆς
1124 3813 1283 3874 ’θείας
1312 3812 1592 3881 ἐνεργείας
1637 3809 1831 3864 ἐπλού-

2017 3818 2229 3874 Domini
2260 3834 2390 3875 caro
2437 3830 2663 3889 propter
2709 3819 3053 3874 verissimam
3089 3815 3247 3872 verbi
3284 3817 3516 3890 conjun-

246 3928 393 3980 τησε
424 3911 512 3965 διὰ
535 3911 634 3979 τὴν
661 3909 798 3978 πρὸς
819 3907 912 3960 τὸν
934 3905 1094 3974 λόγον
1116 3904 1594 3974 ἀκραιφνεστατην
1618 3900 1835 3964 ἕνωσιν,

1941 3913 2179 3966 ctionem
2231 3910 2287 3963 in
2340 3925 2578 3978 persona
2628 3910 2832 3965 divinae
2883 3911 3118 3965 actionis
3164 3910 3391 3965 divitias
3429 3918 3516 3965 est

245 4003 380 4071 ἢτοι
411 4000 509 4069 τὴν
540 3997 663 4052 καθ’
706 3997 1029 4061 ὑπόστασιν,
1060 3993 1312 4063 οὐδαμῶς
1343 3992 1453 4046 τῶν
1496 3991 1638 4046 κατὰ
1668 3991 1834 4059 φύσιν

1942 4011 2258 4066 consecuta,
2291 4003 2442 4057 nullo
2486 4001 2650 4056 modo
2707 4000 2968 4057 excideris
3014 4002 3084 4056 ab
3128 4001 3197 4055 iis
3252 4018 3374 4072 quae
3418 4018 3517 4057 na-

249 4093 414 4145 ιδίων
475 4089 765 4142 ὑποστᾶσα
799 4087 1096 4140 ἔκπτωσιν.
1147 4086 1225 4137 Οὐ
1282 4084 1390 4153 γὰρ
1442 4082 1564 4137 κατ’
1624 4081 1834 4134 οἰκείαν

1946 4105 2086 4151 tura:
2116 4111 2227 4150 suae
2252 4102 2386 4149 sunt
2411 4095 2658 4163 propria.
2688 4092 2811 4147 Non
2850 4094 2994 4149 enim
3022 4096 3238 4149 actione
3263 4109 3383 4161 sua,
3418 4096 3514 4151 sed

245 4183 572 4252 ινέργειαν,
605 4179 742 4234 ἀλλὰ
776 4179 867 4232 διὰ
906 4177 999 4230 τὸν
1033 4176 1316 4247 ἡνωμένον
1367 4175 1509 4243 αὐτῇ
1563 4172 1740 4240 Λόγον
1769 4173 1838 4225 τὰ

1943 4194 2170 4257 propter
2225 4184 2581 4255 conjunctum
2631 4183 2891 4249 Verbum,
2949 4199 3070 4254 quae
3125 4184 3311 4239 divina
3363 4195 3513 4251 sunt,

248 4281 388 4335 θεῖα
420 4277 661 4347 ἐνήργει,
690 4272 788 4328 τοῦ
819 4272 999 4340 Λόγου
1032 4271 1102 4325 δι’
1145 4270 1316 4339 αὐτῆς
1360 4268 1460 4339 τὴν
1486 4268 1696 4321 οίκείαν
1745 4268 1835 4319 ὲν-

1928 4276 2204 4343 πῐαοίεικιι,
2235 4290 2361 4330 cnm
2399 4273 2641 4329 Verbum
2689 4290 2788 4345 per
2815 4276 2989 4346 ipsam
3032 4275 3312 4346 propriam
3347 4279 3519 4332 actio-

245 4371 614 4443 δεικνυμένου
668 4369 970 4439 ἐνέργειαν.
1029 4368 1140 4421 Καὶ
1196 4365 1245 4417 si
1294 4365 1395 4434 μὲν
1449 4363 1559 4434 γὰρ
1604 4364 1632 4416 ό
1665 4377 1840 4416 πεπν-

1944 4383 2070 4424 nem
2098 4366 2525 4422 demonstraret.
2561 4363 2685 4422 Urit
2712 4366 2858 4420 enim
2894 4366 3124 4437 ignitum
3152 4366 3381 4432 ferrum,
3408 4384 3515 4424 non

252 4465 623 4540 ρακτωμένος
664 4464 906 4532 σίδηρος,
940 4465 1001 4515 οὐ
1045 4458 1265 4530 φυσικῷ
1290 4457 1350 4513 δὲ
1380 4457 1524 4528 λόγῳ
1567 4456 1669 4527 τὴν
1696 4472 1835 4510 καυ-

1943 4466 2131 4513 tamen
2158 4458 2371 4513 ratione
2394 4456 2650 4523 naturali,
2685 4457 2779 4512 sed
2811 4457 2954 4528 ignis
2982 4459 3372 4531 conjunctione
3405 4461 3514 4515 vim

252 4529 476 4627 στικὴν-
497 4529 835 4626 κεκτημένος
868 4529 1173 4624 ἐνέργειαν,
1203 4549 1320 4605 ἀλλ’
1370 4552 1435 4603 ὲκ
1470 4550 1569 4619 τῆς
1612 4548 1749 4619 πρὸς
1777 4545 1839 4599 τὸ

1944 4550 2094 4604 illam
2144 4550 2387 4604 obtinuit
2435 4549 2816 4605 comburendi.
2859 4550 3046 4620 Itaque
3087 4529 3214 4606 cum
3268 4553 3518 4607 mortalis

247 4649 382 4720 πῦρ
404 4649 646 4714 ινώσεως
675 4649 833 4703 τοῦτο
867 4648 1232 4720 κτησάμενος.
1273 4644 1339 4697 Ἦ
1371 4641 1511 4714 αὐτὴ
1539 4638 1838 4710 τοιγαροῦν

1928 4651 2090 4698 esset
2110 4657 2317 4712 perae,
2346 4652 2573 4713 propter
2606 4641 2775 4699 Verbi
2814 4643 2870 4697 in
2911 4658 3147 4714 persona
3172 4645 3518 4715 conjunctio-

249 4744 436 4814 θνητή
467 4760 525 4796 τε
560 4738 628 4815 ἦν
671 4742 739 4795 δι’
774 4742 999 4811 ἑαυτὴν,
1025 4741 1120 4795 καὶ
1149 4738 1412 4804 ζωοποιδς
1438 4736 1658 4806 διὰ-τὴν
1702 4733 1841 4802 πρὸς

1938 4748 2090 4800 nem,
2110 4736 2237 4790 vita:
2259 4735 2564 4790 tribuendas
2582 4736 2825 4791 habebat
2856 4745 3207 4806 potestatem.
3249 4737 3517 4793 Similiter

248 4833 360 4888 τὸν
386 4833 559 4903 Λόγον
588 4830 713 4887 καθ’
741 4830 1039 4885 ὑπόστασιν
1072 4830 1292 4885 ῑνωσιν.
1336 4827 1573 4897 Ὁμοίως
1615 4825 1716 4895 τὴν
1745 4822 1841 4876 τοῦ

1930 4834 1999 4881 et
2036 4827 2335 4882 voluntatis
2361 4826 2707 4883 divinitatem
2734 4826 2991 4893 dicimus,
3024 4842 3137 4882 non
3166 4829 3313 4897 quod
3350 4838 3511 4883 natu-

247 4926 573 4996 θελήματος
626 4926 842 4986 θέωσιν,
875 4924 975 4994 οὐχ
1020 4922 1095 4985 ὡς
1148 4920 1586 4991 μεταὸληθείσης
1614 4920 1712 4989 τῆς
1746 4933 1845 4986 φυ-

1932 4919 2074 4975 -ralis
2102 4931 2285 4976 motus
2315 4929 2460 4977 esset
2508 4921 2848 4983 immutatus,
2887 4919 2983 4974 sed
3015 4919 3164 4991 quod
3203 4930 3351 4976 esset
3390 4937 3513 4977 cum

250 5009 432 5079 σικῆς
490 5010 759 5079 κινήσεως
816 5007 1071 5074 λέγομεν,
1128 5004 1244 5058 ἀλλ’
1295 5004 1370 5066 ὡς
1424 5004 1705 5074 ἡνωμένον
1763 5002 1844 5073 τῷ

1924 5003 2127 5058 divina
2181 5012 2347 5073 atque
2405 5002 2769 5072 omnipotenti
2823 5003 2997 5071 ipsius
3055 5005 3333 5060 voluntate
3382 5020 3516 5061 con-

253 5092 435 5160 θείῳ,
453 5095 546 5145 καὶ
577 5092 973 5158 παντοδυνάμῳ
1017 5088 1182 5141 αὑτοῦ
1232 5088 1519 5155 θελήματι,
1556 5087 1655 5139 καὶ
1686 5102 1844 5155 γεγο-

1936 5088 2155 5158 juncta,
2201 5086 2507 5157 etlectaque
2541 5086 2793 5140 voluntas
2836 5085 2931 5140 Dei
2982 5087 3258 5143 hominem
3314 5089 3512 5145 induti.

248 5179 425 5239 νότος
460 5176 595 5227 Θεοῦ
648 5172 1172 5240 ὲνανθρωπήσαντος
1229 5170 1465 5240 θέλημα,
1502 5170 1624 5223 ὅθεν
1672 5169 1842 5224 θέλων

1942 5170 2310 5234 Quamobrem
2358 5185 2482 5222 cum
2513 5168 2699 5233 vellet,
2731 5169 2898 5224 latere
2944 5186 3053 5225 non
3084 5172 3264 5240 potuit
3294 5181 3516 5242 propter

253 5261 372 5331 μὲν
396 5259 589 5312 λαθεῖν
616 5259 716 5310 οὐκ
747 5254 1015 5325 ἠδυνήθη,
1055 5253 1124 5306 δι’
1153 5254 1287 5308 αὐτὸ
1317 5244 1710 5324 εὑδοοιήσαντος
1747 5254 1842 5305 τοῦ

1936 5255 2141 5323 ipsam,
2174 5268 2297 5308 cum
2330 5253 2438 5310 Deo
2464 5251 2645 5308 Verbo
2678 5254 2921 5322 placeret
2959 5256 3255 5311 ostendere
3285 5270 3414 5311 vero
3464 5258 3517 5311 in

249 5342 409 5396 Θεοῦ
439 5343 610 5408 Λόγου
657 5340 935 5409 δειχθῆναι
982 5340 1040 5391 ὲν
1071 5338 1221 5407 αὑτῷ
1270 5338 1485 5409 ἀληθῶς
1516 5339 1758 5405 ὑπάρχον
1784 5336 1846 5389 τὸ

1936 5354 2003 5392 se
2047 5352 2167 5392 esse
2213 5336 2462 5390 humana!
2508 5336 2809 5393 voluntatis
2865 5336 3266 5394 inﬁrmitatem.
3320 5339 3519 5395 Volens

245 5424 498 5486 ἀσθενὲς
530 5422 625 5475 τοῦ
674 5420 1018 5489 ἀνθρωπίνου
1053 5420 1382 5491 θελήματος.
1420 5420 1601 5473 Θὲλων
1646 5420 1701 5473 δὲ
1750 5420 1846 5490 τὴν

1945 5434 2155 5483 autem,
2210 5421 2489 5489 leprosum
2542 5421 2755 5477 curavit
2803 5432 3027 5491 propter
3070 5423 3517 5492 conjunctionem

250 5507 369 5562 τοῦ
420 5506 628 5575 λεπροῦ
680 5508 955 5575 ἐνήργησε
1004 5506 1288 5576 κάθαρσιν,
1336 5505 1423 5558 διὰ
1455 5507 1553 5575 τὴν
1601 5504 1737 5573 πρὸς
1786 5505 1847 5556 τὸ

1946 5521 2072 5561 cum
2102 5505 2286 5559 divina
2333 5505 2638 5560 voluntate.
2670 5504 2967 5560 Sciendum
2994 5513 3081 5560 est
3105 5514 3288 5562 autem
3328 5521 3403 5561 ex,
3428 5522 3517 5573 eo,

253 5593 420 5647 θεῖον
460 5589 671 5659 θέλημα
718 5589 931 5642 ἕνωσιν.
978 5589 1175 5642 ’ἰστέον
1219 5591 1298 5653 δὲ,
1331 5587 1406 5650 ὡς
1457 5590 1489 5660 ή
1528 5587 1718 5650 θέωσις
1749 5587 1848 5655 τῆς

1946 5588 2091 5659 quod
2124 5599 2337 5654 natura,
2389 5589 2752 5659 voluntasque
2801 5588 2989 5643 divina
3036 5588 3249 5644 reddita
3278 5597 3384 5655 est,
3408 5590 3521 5644 cla-

250 5692 327 5727 τε
385 5674 624 5745 φύσεως,
675 5674 766 5726 καὶ
817 5675 912 5724 τοῦ
966 5674 1295 5742 θελήματα,
1345 5670 1844 5741 ὲμφαντικὼτατον,

1950 5671 2186 5733 rissime,
2212 5680 2266 5726 et
2320 5673 2664 5741 apertissime
2696 5687 2833 5727 uuas
2878 5680 3124 5737 naturas,
3157 5679 3214 5727 et
3253 5671 3391 5726 duas
3431 5685 3521 5727 vo-

253 5761 376 5813 καὶ
396 5758 817 5811 δεικτικώτατόν
844 5760 964 5810 ἐστι
988 5758 1098 5810 τῶν
1130 5773 1189 5809 τε
1219 5756 1314 5811 δύο
1342 5755 1579 5825 φύσεων,
1609 5753 1706 5808 καὶ
1739 5753 1847 5807 τῶν

1948 5755 2189 5811 luntates
2251 5755 2544 5812 declarari.
2605 5755 3079 5822 Quemadmodum
3124 5755 3269 5811 enim
3323 5753 3519 5825 iguitio

286 5908 292 5913 ,
352 5850 371 5881 ¹
405 5850 509 5907 lsa.
542 5861 636 5907 vlt.
674 5850 755 5907 15.
789 5865 903 5908 sec.
934 5848 1095 5904 LXX.
