4052 6292
239 358 371 425 1157

1222 354 1593 418 PANOPLIA
1629 354 2170 416 DOGMATICA.-
2203 354 2353 417 TIT.
2384 355 2546 416 XXI.

3364 356 3499 424 1158

237 478 319 545 ξιν
351 474 705 543 κινουμένην,
752 471 859 525 ὑπὸ
883 472 940 525 δέ
977 471 1071 526 τοῦ
1101 470 1275 539 Λόγου
1316 469 1596 541 ἀγομένην
1634 486 1693 522 τε
1724 472 1818 522 κα)⁸
1851 508 1860 530 λ

1967 469 2077 525 elut
2098 470 2286 527 virtuti
2320 471 2597 527 studentia
2630 471 2946 538 laudantur,
2977 487 3041 528 ac
3076 471 3237 528 beata
3266 488 3496 529 censen-

240 568 645 641 ρυθμιζομένην
673 564 768 617 ἐπὶ
809 564 918 617 τῶν
948 562 1334 633 φυλασσόντων
1366 561 1426 614 τὸ
1458 560 1598 615 κατὰ
1621 560 1781 628 φύσιν
1802 574 1819 591 ⁸

242 662 335 715 τοῦ
372 662 482 731 γὰρ
515 658 690 727 Λόγου
734 657 1060 729 προτέρημα
1092 654 1247 708 τοῦτό
1276 656 1445 721 ἐστιν,
1482 657 1513 725 ἡ
1548 654 1809 718 αὐτεξού-

243 772 355 816 σιος
389 753 631 823 θέλησις,
657 754 853 822 ἥντινα
891 749 1130 821 φυσικὴν
1185 752 1240 802 ἐν
1271 747 1350 818 τῷ
1381 746 1590 818 λογικῷ
1635 764 1821 819 φαμεν

1925 571 2055 631 tur;
2082 580 2184 620 nec
2213 577 2471 635 tanquam
2506 565 2708 620 malum
2734 566 2951 635 agentia
3012 568 3348 636 plectuntur.
3380 567 3504 622 Na-

1926 664 2047 711 tura
2086 673 2218 714 vero
2252 658 2539 714 rationalis
2571 657 2741 713 habet
2768 657 2990 727 quidem
3023 658 3331 712 naturalem
3397 673 3500 728 ap-

1930 753 2183 824 petitum,
2220 753 2313 823 qui
2347 761 2669 817 moveatur;
2706 749 2976 821 ejusmodi
3014 759 3216 816 tamen,
3258 761 3318 804 ut
3346 751 3400 804 in
3438 751 3507 806 iis

244 846 481 914 xivqetv'
516 843 600 897 διὸ
632 843 726 897 καὶ
750 841 824 905 ὡς
851 841 1055 913 ἀρετὴν
1084 839 1348 911 μετιοῦσα
1391 842 1702 894 ἐπαινεῖται
1733 841 1824 896 xei.

1967 860 2047 900 tm
2076 853 2288 899 naturae
2335 853 2761 898 consentaneam
2816 841 3204 897 rectitudincm
3262 852 3505 904 servant.

250 934 644 1005 μακαρίζεται,
683 934 776 988 καὶ
808 932 884 997 ὡς
908 934 1107 986 κακίαν
1139 930 1403 1004 μετιοῦσσ.
1444 932 1752 997 κολάζεται.

1931 951 1961 990 a
1991 936 2201 991 ratione
2221 935 2559 1005 gubernetur
2584 949 2648 990 ac
2667 942 3048 1003 componatur.
3081 934 3329 990 Rationis
3355 936 3507 991 enim

249 1025 617 1095 pra‘cellentia
655 1025 771 1078 haec
805 1034 909 1089 est,
943 1022 1131 1079 liberae
1156 1022 1449 1094 potestatis
1494 1023 1753 1079 voluntas
1789 1043 1803 1079 :
1844 1040 2005 1095 quam
2040 1025 2259 1095 quidem
2288 1026 2590 1081 naturalem
2642 1035 2848 1081 motum
2881 1026 2936 1080 in
2996 1026 3301 1081 substantia
3333 1027 3507 1083 ratio-

254 1119 364 1173 nali
398 1119 655 1173 dicimus.
688 1117 875 1187 anue
914 1117 981 1173 de
1007 1135 1171 1175 causa
1207 1130 1263 1174 et
1296 1134 1422 1174 cum
1456 1119 1723 1174 virtutem
1750 1119 1901 1182 colit,
1925 1120 2141 1176 laudem
2176 1120 2406 1188 obtinet,
2446 1136 2513 1177 ac
2563 1120 2721 1176 beata
2751 1120 3121 1190 praedicatur;
3150 1130 3207 1174 et
3267 1136 3392 1177 cum
3449 1135 3510 1178 se

248 1213 388 1265 vitio
424 1209 594 1275 dedit,
631 1211 880 1280 punitur.

322 1307 483 1359 Ὥστε
509 1304 667 1373 ἤθελε
697 1303 794 1372 μὲν
812 1302 1179 1367 αὐτεξουσίως
1207 1302 1504 1373 κινουμένη
1543 1304 1577 1373 ἡ
1607 1302 1698 1355 τοῦ
1721 1302 1830 1353 Κυ-

257 1397 373 1468 ρίου
405 1395 571 1464 ψυχὴ,
592 1394 706 1447 ἀλλ’
734 1395 916 1446 ἐκεῖνα
936 1394 1300 1459 αὐτεξουσίως
1324 1394 1539 1465 ἤθελεν,
1573 1393 1610 1449 ὃ.
1650 1397 1681 1462 ὴ
1714 1393 1836 1448 θεία.

255 1487 423 1541 αὑτοῦ
451 1487 668 1556 θέλησις
692 1484 849 1556 ἤθελε
892 1484 1066 1537 θέλειν
1112 1484 1306 1556 αὑτήν.
1344 1486 1418 1539 Οὐ
1452 1486 1562 1557 γὰρ
1605 1485 1834 1555 νεύματι

257 1581 351 1633 τοῦ
398 1580 574 1645 Λόγου
633 1579 666 1646 ἡ
700 1576 838 1644 σὰρξ
869 1578 1121 1629 ἐκινεῖτοο
1177 1580 1273 1629 καὶ
1332 1577 1570 1648 Μωῦσης
1604 1579 1710 1649 γὰρ
1742 1578 1835 1631 καὶ

257 1673 459 1734 πάντες
490 1671 538 1723 oi
569 1671 712 1738 ἅγιοι
731 1668 961 1738 νεύματι
989 1668 1120 1736 θείῳ
1152 1669 1453 1723 ἐκινοῦντοθ
1485 1671 1601 1723 ἀλλ’
1622 1673 1649 1724 ό
1674 1670 1835 1732 αὐτὸς

2018 1300 2215 1357 Divina:
2271 1312 2320 1357 et
2342 1302 2590 1358 humanm
2638 1304 2926 1358 voluntatis
2955 1304 3236 1359 discrimen
3274 1305 3329 1360 in
3359 1306 3515 1362 Chri-

1939 1404 2040 1448 sto.
2074 1425 2136 1435 -
2165 1396 2302 1465 Ergo
2337 1397 2552 1451 volebat
2582 1396 2807 1465 quidem
2840 1397 3055 1451 Domini
3100 1400 3280 1454 anima
3336 1399 3512 1456 libere

1940 1488 2197 1552 excitata,
2227 1489 2322 1543 sed
2354 1504 2418 1544 ea
2445 1488 2619 1543 libere
2640 1489 2861 1543 demum
2905 1490 3142 1555 volebat,
3179 1505 3302 1559 quae
3327 1491 3511 1546 divina

1943 1579 2113 1648 ipsius
2144 1580 2394 1635 voluntas
2433 1581 2570 1636 velle
2606 1595 2723 1635 eam
2745 1581 2980 1635 volebat.
3017 1581 3135 1636 Non
3168 1582 3315 1638 enim
3348 1580 3516 1638 Verbi

1943 1677 2081 1720 nutu
2117 1683 2246 1722 caro
2277 1671 2618 1735 movebatur,
2636 1671 2787 1742 juxta
2838 1687 2903 1726 ac
2968 1671 3150 1727 Moses
3220 1681 3275 1726 et
3330 1672 3512 1729 sancti

256 1757 335 1825 εἷς
357 1762 431 1815 ὢν
455 1762 587 1823 Θεός
618 1777 677 1812 τε
706 1762 800 1813 καὶ
840 1758 935 1811 ᾶνθ
947 1775 1150 1830 ρωπος,
1176 1758 1318 1812 κατά
1348 1775 1407 1810 τε
1437 1759 1536 1827 τὴν
1565 1758 1717 1812 Θείαν
1742 1759 1835 1810 καὶ⁵

1967 1774 2131 1813 tumes
2161 1758 2347 1813 divino
2375 1771 2515 1813 nutu
2545 1762 2906 1815 movebantur
2939 1778 2954 1815 :
2987 1777 3180 1816 verum
3214 1762 3356 1817 idem
3396 1765 3516 1833 ipse

258 1858 360 1925 τὴν
385 1852 740 1923 ἀνθρωπίνην
763 1851 921 1921 ἤθελε
942 1850 1184 1903 θέλησιν·
1214 1850 1295 1903 διὸ
1332 1851 1392 1905 ού
1423 1851 1637 1921 γνώμῃ,
1674 1867 1836 1919 φυσι-

261 1950 334 2019 κῇ
367 1948 423 2000 δέ
457 1946 657 2016 μᾶλλον
686 1943 941 2011 δυνάμει,
1002 1944 1056 1997 αἱ
1097 1941 1191 1995 δύο
1218 1943 1313 1995 τοῦ
1348 1941 1555 2012 Κυρίου
1585 1942 1835 2012 θελήσεις

262 2040 514 2107 διέφερον
535 2035 807 2106 ἀλλήλων.
845 2035 911 2087 Ἠ
959 2035 1056 2105 μὲν
1091 2034 1199 2104 γὰρ
1244 2033 1368 2087 θεία
1417 2034 1586 2088 αὑτοῦ
1619 2034 1835 2106 θέλησις

264 2130 503 2201 ᾶναρχός
531 2147 590 2183 τε
625 2129 721 2182 καὶ
744 2128 1082 2197 παντουργδς
1097 2123 1187 2195 ἦν,
1214 2125 1489 2196 ἑπομένην
1516 2127 1717 2198 ἔχουσα
1739 2130 1837 2199 τὴν

265 2224 526 2293 δύναμιν,
555 2226 652 2275 καὶ
689 2219 931 2295 ἀπαθήςῇ
953 2220 985 2288 ἡ
1009 2217 1063 2272 δὲ
1077 2217 1395 2289 ἀνθρωπίνη
1418 2220 1585 2271 αὐτοῦ
1608 2220 1826 2290 θέλησις

268 2317 381 2370 ἀπὸ
408 2314 599 2384 χρόνου
639 2310 865 2387 ἤρξατο,
894 2311 989 2363 καὶ
1027 2309 1167 2380 αὐτὴ
1191 2311 1259 2363 τὰ
1291 2312 1500 2378 φυσικὰ
1555 2314 1650 2367 καὶ
1690 2314 1840 2369 ἀδιά-

271 2407 449 2473 ϐλητα
472 2403 621 2474 πάθη
658 2402 943 2472 ὑπέμεινε,
977 2403 1071 2453 καὶ
1098 2402 1343 2469 φυσικῶς
1373 2403 1471 2472 μὲν
1492 2404 1549 2455 οὑ
1580 2404 1841 2457 παντοδύ-

270 2515 445 2568 ναμος
477 2492 566 2567 ἧν,
595 2494 672 2559 ὡς
703 2496 759 2549 δὲ
799 2494 893 2548 τοῦ
926 2491 1060 2546 Θεοῦ
1116 2494 1293 2561 Λόγου
1327 2495 1544 2566 ἀληθῶς
1579 2499 1671 2552 καὶ
1699 2497 1841 2551 κατὰ

273 2596 438 2660 φύσιν
468 2588 758 2658 γενομένη,
787 2586 882 2643 καὶ
912 2585 1337 2655 παντοδύναμος.

1941 1865 2067 1905 cum
2098 1861 2153 1906 et
2179 1851 2323 1906 Deus
2351 1862 2406 1906 et
2436 1853 2596 1906 homo
2623 1865 2788 1919 esset,
2816 1862 2931 1907 tum
2971 1854 3179 1919 divina,
3237 1863 3352 1909 tum
3407 1856 3515 1909 hu-

1943 1959 2102 1998 mana
2138 1945 2420 1999 voluntate
2450 1945 2686 2000 volebat.
2718 1944 2800 2000 Ob
2828 1959 2948 1998 eam
2980 1961 3203 2001 causam
3253 1962 3362 2001 non
3390 1961 3524 2002 con-

1943 2037 2067 2093 silio
2097 2051 2161 2092 ac
2188 2037 2483 2102 sententia,
2515 2038 2609 2092 sed
2672 2037 2945 2092 naturalis
3009 2039 3195 2107 potius
3243 2037 3523 2094 facultatis

1944 2129 2178 2193 ratione,
2210 2128 2330 2183 dum
2386 2127 2603 2183 Domini
2628 2127 2939 2183 voluntates
2993 2126 3137 2183 inter
3170 2142 3230 2182 se
3289 2128 3524 2185 disside-

1944 2217 2100 2274 bant.
2140 2216 2356 2272 Etenim
2403 2217 2590 2271 divina
2643 2219 2762 2286 ejus
2813 2218 3068 2273 voluntas
3125 2216 3380 2286 principii
3420 2233 3523 2272 ex-

1945 2304 2073 2380 pers
2095 2311 2380 2380 omnisque
2406 2311 2482 2367 rei
2512 2310 2759 2366 elfectrix
2796 2321 2913 2367 erat
2937 2322 3021 2378 ,ut
3085 2320 3213 2382 pote
3267 2312 3524 2367 comitem

1948 2403 2243 2473 potentiam
2281 2403 2511 2469 habens,
2542 2413 2598 2458 et
2625 2402 2733 2473 pati
2763 2404 2966 2459 nescia.
2996 2404 3063 2458 At
3095 2404 3334 2459 humana
3354 2403 3527 2473 ipsius

1949 2495 2224 2561 voluntas,
2261 2506 2372 2550 tum
2402 2496 2517 2566 ipsa
2546 2498 2601 2552 in
2642 2507 2888 2567 tempore
2919 2496 3137 2551 initium
3168 2495 3377 2561 habuit,
3408 2504 3522 2549 tum

1946 2602 2040 2643 cas
2066 2588 2348 2657 passiones
2380 2590 2657 2653 sustinuit,
2684 2604 2806 2660 quae
2844 2590 3121 2646 naturales
3161 2598 3215 2644 et
3277 2588 3530 2646 innocuae

271 2692 453 2743 erant.
481 2682 559 2737 Ac
585 2691 777 2736 natura
808 2676 1029 2752 quidem
1050 2682 1399 2753 omnipotens
1422 2697 1532 2737 non
1568 2695 1718 2750 erat;
1754 2689 1814 2737 ut
1847 2694 2029 2769 autent
2064 2684 2159 2740 Dei
2200 2682 2361 2739 Verbi
2413 2698 2541 2739 vere
2592 2698 2657 2738 ac
2713 2683 2981 2739 naturalis
3025 2683 3167 2739 facta
3220 2693 3356 2750 erat,
3387 2682 3527 2738 nihil

276 2788 498 2846 quoque
532 2772 650 2843 ipsa
683 2788 789 2827 non
814 2781 1047 2843 poterat.

614 2997 748 3052 ’Τοῦ
775 2996 964 3051 αὐτοῦ
993 2997 1337 3066 Κεφαλαίον
1362 2996 1479 3068 σῖγ’.

2477 3002 2726 3074 Ejusdem
2753 3016 2908 3073 caput
2944 3004 3032 3060 83.

371 3090 432 3144 '0
468 3089 737 3159 μακάριος
796 3088 1072 3151 Διονύσιος
1126 3091 1325 3150 καινήν
1354 3106 1477 3143 τινα
1519 3089 1848 3161 θεανδρικὴν

2032 3090 2167 3147 Cum
2196 3092 2389 3148 beatus
2414 3094 2704 3165 Dionysius
2727 3097 3001 3151 Christum
3026 3113 3219 3153 novam
3240 3100 3532 3170 quamdam

285 3186 575 3253 ἐνέργειαν
612 3184 794 3251 φήσας
820 3183 912 3234 τὸν
943 3182 1181 3253 Χριστὸν
1203 3183 1334 3249 ἡμῖν
1368 3181 1868 3251 πεπολιτευμένον,-

286 3277 391 3327 οὺκ
416 3274 655 3345 ἀναιρῶν
682 3275 783 3336 τὰς
817 3275 1049 3340 φυσικὰς
1070 3273 1374 3343 ἐνεργείας,
1406 3275 1533 3343 μίαν
1566 3273 1848 3343 ἐνέργειαν

286 3367 354 3418 ἐκ
381 3383 441 3418 τε
466 3367 563 3434 τῆς
586 3365 935 3434 ἀνθρωπίνης
960 3366 1055 3418 καὶ
1084 3363 1233 3427 θείας
1258 3366 1631 3435 γεγενημένην
1658 3364 1821 3434 φησίν
1844 3379 1858 3394 ·

285 3455 436 3509 οὕτω
472 3458 581 3525 γὰρ
613 3456 680 3508 ἂν
718 3454 811 3508 καὶ
850 3456 982 3521 μίαν
1026 3454 1190 3523 φύσιν
1235 3455 1488 3523 εἴποιμεν
1545 3456 1766 3523 καινὴν,
1799 3455 1863 3506 ἐκ

289 3550 446 3612 θείας
489 3567 551 3602 τε
596 3549 693 3600 καὶ
740 3545 1090 3617 ἀνθρωπίνης
1143 3547 1520 3615 γεγενημένην
1548 3561 1562 3575 ο
1623 3541 1699 3599 ὧν
1758 3546 1864 3616 γὰρ

286 3641 544 3712 ἐνᾶργεια
584 3640 703 3710 μία,
732 3638 940 3692 τούτων
993 3637 1089 3690 καὶ
1129 3639 1160 3707 ἠ
1194 3637 1349 3691 οὐσία
1383 3639 1501 3706 μία,
1538 3638 1685 3691 κατά
1739 3640 1866 3701 τοὺς

290 3737 488 3806 ἀγίους
508 3745 531 3769 ⁸
553 3735 804 3804 Πατέρας
824 3747 840 3763 ⁶
870 3732 1007 3787 ἀλλά
1038 3732 1208 3786 θέλων
1237 3732 1407 3795 δεῖξαι
1436 3732 1528 3785 τὸν
1554 3732 1742 3786 καινὸν
1772 3732 1869 3785 καὶ

292 3825 611 3898 ἀπόρρητον
643 3827 850 3897 τρόπον
907 3829 1008 3894 τῆς
1050 3825 1158 3877 τῶν
1209 3825 1457 3891 φυσικῶν
1491 3823 1586 3877 τοῦ
1625 3821 1866 3892 Χριστοῦ

296 3921 591 3991 ἐνεργειῶν
620 3920 956 3988 ἐκφάνσεως,
986 3916 1064 3986 τῷ
1090 3918 1387 3987 ἀπορρήτῳ
1423 3917 1611 3984 τρόπῳ
1653 3914 1756 3985 τῆς
1788 3920 1870 3979 είς

296 4013 506 4082 ἄλληλα
518 4012 625 4064 τῶν
644 4010 739 4064 τοῦ
760 4010 999 4080 Χριστοῦ
1018 4009 1235 4078 φύσεων
1257 4008 1682 4077 περιχωρήσεως
1704 4024 1874 4076 προσ-

298 4106 502 4175 φόρως,
530 4106 621 4156 καὶ
676 4102 778 4173 τὴν
829 4100 973 4155 κατά
1029 4100 1321 4167 ἄνθρωπον
1368 4098 1533 4151 αὐτοῦ
1590 4097 1871 4150 πολιτείαν

304 4197 465 4267 ξένην
520 4198 615 4250 καὶ
672 4193 994 4267 παράδοξον,
1057 4193 1156 4246 καὶ
1210 4194 1277 4262 τῇ
1344 4188 1506 4260 φύσει
1529 4189 1638 4243 τῶν
1700 4190 1871 4244 ὄντων

300 4292 603 4361 ἄγνωστον,
631 4292 722 4343 τόν
750 4306 807 4341 τε
848 4287 1050 4358 τρόπον
1097 4285 1198 4355 τῆς
1248 4283 1391 4336 κατά
1418 4283 1517 4352 τὴν
1551 4282 1872 4354 ἀπόρρητον

1967 3183 2365 3246 theandricam,
2396 3200 2491 3239 seu
2525 3186 2617 3240 Dei
2644 3188 2881 3241 simulet
2935 3188 3060 3254 viri,
3118 3189 3390 3244 actionem
3433 3207 3535 3243 no-

1968 3273 2177 3329 biscum
2210 3276 2411 3331 obiisse
2442 3276 2598 3340 dicit,
2663 3292 2769 3332 non
2837 3288 2895 3331 ut
2950 3282 3232 3335 naturales
3288 3284 3535 3336 actiones

1970 3364 2144 3429 tollat,
2205 3381 2365 3419 unam
2426 3382 2491 3421 ex
2542 3368 2778 3423 humana
2861 3379 2915 3424 et
2981 3370 3167 3425 divina
3262 3372 3532 3426 actionem

1969 3456 2257 3510 conﬂatam
2287 3459 2445 3513 docet
2476 3460 2560 3529 (ad
2602 3462 2745 3517 hunc
2773 3458 3170 3517 enim'tnodum
3200 3479 3363 3518 unam
3403 3480 3543 3534 quo-

1976 3564 2079 3618 quc
2109 3565 2306 3604 novam
2342 3564 2593 3607 naturam
2616 3570 2680 3608 ex
2706 3554 2889 3609 divina
2921 3564 2975 3609 et
3009 3555 3247 3610 humana
3290 3556 3542 3611 cll'ectam

1972 3641 2314 3709 diceremus;
2372 3643 2497 3712 quia
2555 3659 2789 3712 quorum
2833 3647 2975 3699 actio
3024 3662 3130 3700 una
3183 3656 3287 3711 est,
3345 3646 3541 3700 horum

1975 3730 2163 3795 etiam,
2196 3741 2255 3785 ut
2282 3733 2529 3786 sentiunt
2556 3732 2768 3800 Patres,
2807 3750 2911 3787 una
2963 3745 3048 3789 est
3106 3736 3390 3803 essentia),
3449 3752 3544 3789 ve-

1977 3838 2098 3875 rum
2132 3824 2204 3874 ita
2248 3824 2511 3893 loquitur,
2547 3836 2605 3877 ut
2632 3840 2832 3878 novum
2866 3825 2997 3879 illud
3031 3834 3088 3879 et
3117 3841 3377 3880 arcanum
3430 3841 3548 3879 mo-

1977 3913 2128 3978 dum,
2156 3929 2265 3980 quo
2289 3915 2563 3969 naturales
2594 3914 2800 3969 Christi
2825 3916 3071 3971 actiones
3132 3930 3190 3970 se
3245 3917 3545 3985 explicant,

1978 4021 2181 4059 arcano
2205 4007 2282 4061 illi
2312 4018 2514 4062 mutuae
2570 4019 2895 4062 naturarum
2956 4010 3128 4079 ipsius
3178 4009 3549 4065 immeationis

1982 4100 2144 4155 modo
2183 4110 2595 4170 congruentem,
2648 4102 2945 4155 humanum
3007 4103 3135 4157 item
3186 4104 3308 4157 vitae
3377 4120 3548 4175 genus

1981 4207 2182 4246 novum
2212 4203 2266 4247 et
2306 4192 2648 4260 admirabile,
2703 4198 2869 4266 inque
2921 4212 3105 4252 rerum
3160 4208 3353 4253 natura
3402 4201 3553 4255 inco-

1982 4286 2240 4355 gnitum;
2304 4302 2365 4339 ac
2395 4285 2630 4354 denique
2680 4288 2904 4341 alternae
2968 4290 3118 4343 illius
3177 4293 3555 4345 communica-

288 4387 491 4439 ἐνωσιν
519 4388 876 4449 ἀντιδόσεωςο
925 4388 985 4440 οὐ
1026 4385 1136 4457 γὰρ
1183 4383 1523 4456 διῃρημένας
1557 4384 1739 4453 φαμὲν
1774 4383 1860 4449 τὰς

1981 4379 2152 4434 tionis
2178 4418 2192 4444 ,
2222 4394 2345 4449 quae
2380 4396 2443 4435 ex
2477 4380 2745 4435 incll'ahili
2782 4380 3032 4453 unitione
3057 4379 3258 4440 oritur,
3294 4377 3563 4431 rationem

288 4477 596 4545 ἐνεργείας,
635 4477 759 4529 ούδέ
784 4477 1127 4548 διῃρημένως
1166 4475 1497 4545 ἐνεργούσας
1524 4474 1619 4538 τὰς
1659 4472 1871 4543 φύσεις,

290 4568 719 4637 ἀλλ’ἠνωμένως
760 4569 998 4637 ἑκάστην
1034 4567 1172 4637 μετά
1197 4568 1295 4636 τῆς
1332 4566 1560 4635 θατέρου
1591 4566 1875 4627 κοινωνίας

288 4658 628 4728 ἐνεργοῦσαν
652 4658 800 4711 τοῦθ’
824 4660 961 4729 ὅπερ
1010 4659 1142 4711 ῐδιον
1190 4658 1445 4726 ἔσχηκεν.
1496 4654 1636 4709 Οὔτε
1675 4655 1784 4727 γὰρ
1808 4656 1876 4707 τὰ

292 4751 625 4822 ἀνθρώπινα
704 4750 1060 4821 ἀνθρωπίνως
1117 4749 1419 4819 ἐνήργησεν
1442 4760 1459 4776 ⁸
1499 4747 1559 4799 ού
1586 4747 1654 4815 γὰ
1667 4764 1696 4817 ρ
1726 4746 1878 4816 ψιλὸς

294 4841 366 4916 ἦν
406 4844 728 4915 ἄνθρωπος·
773 4841 897 4896 οὔτε
936 4841 1009 4895 τὰ
1053 4841 1175 4895 θεῖα
1214 4841 1357 4895 κατὰ
1398 4839 1531 4892 Θεὸν
1577 4839 1737 4909 μόνον
1762 4854 1775 4869 °
1818 4837 1879 4891 ού

293 4937 417 5006 γὰρ,
446 4931 516 5007 ἦν
549 4933 755 5004 γυμνὸς
816 4924 970 4997 Θεὸς,
1011 4931 1146 4986 ἀλλά
1198 4932 1330 4995 Θεὸς
1366 4928 1505 5001 ὁμοῦ
1629 4926 1888 4997 ὑπάρχων

295 5028 398 5081 καὶ
433 5028 741 5097 ἄνθρωπος.
774 5026 985 5096 Ὠσπερ
1042 5025 1151 5096 γάρ
1188 5023 1297 5076 τῶν
1360 5023 1600 5092 φύσεων,
1647 5020 1745 5074 καὶ
1788 5018 1885 5089 τὴν

294 5122 521 5182 Ξειωσιν,
579 5120 673 5172 καὶ
730 5119 827 5189 τὴν
889 5118 1125 5188 φυσικὴν
1190 5116 1454 5186 διαφορὰν
1522 5110 1886 5183 ἐπιστάμεθα,

296 5212 569 5266 οὕτωκαὶ
637 5211 749 5265 τῶν
806 5210 1053 5279 φυσικῶν
1105 5208 1427 5279 θελημάτων
1478 5222 1537 5260 τε
1592 5206 1688 5259 καὶ
1731 5206 1887 5276 ἐνερο

297 5307 495 5377 γειῶν.

390 5398 591 5452 Ἰστέον
627 5396 942 5469 τοιγαροῦν,
974 5396 1048 5460 ὡς
1092 5396 1185 5447 ἐπὶ
1223 5390 1319 5445 τοῦ
1350 5390 1556 5461 Κυρίου
1586 5387 1743 5459 ἡμῶν
1791 5387 1893 5457 Ἰη-

305 5493 405 5549 σοῦ
465 5491 727 5564 Χριστοῦ,
769 5490 901 5543 ποτὲ
954 5491 1052 5560 μὲν
1101 5488 1174 5550 ὡς
1212 5485 1306 5540 ἐπὶ
1358 5484 1453 5537 δύο
1556 5481 1768 5551 φύσεων
1805 5480 1896 5532 τὸν

302 5589 469 5655 λόγον
499 5584 828 5653 ποιούμεθα,
871 5582 1001 5635 ποτὲ
1058 5581 1114 5634 δὲ
1143 5580 1217 5641 ὡς
1267 5579 1351 5646 ἐφ’
1402 5575 1520 5640 ἑνὸς
1574 5572 1897 5645 προσώπου,

306 5681 408 5733 καὶ
436 5676 594 5730 τοῦτο
620 5676 676 5728 δέ
710 5675 931 5727 κάκεῖνο
955 5674 1032 5734 είς
1061 5671 1189 5741 μίαν
1214 5668 1548 5738 ἀναφέρεται
1579 5665 1812 5718 ἔννοιαν·
1844 5664 1902 5716 ai.

303 5772 424 5839 γὰρ
449 5769 542 5823 δύο
576 5767 764 5838 φύσεις
796 5761 875 5831 εἷς
920 5767 1034 5819 ἐστι
1072 5761 1327 5831 Χριστὸς,
1360 5759 1457 5815 καὶ
1498 5760 1526 5813 ό
1558 5753 1639 5822 είς
1666 5755 1902 5830 Χριστὸς

1984 4469 2275 4524 indicaret.
2336 4469 2453 4525 Non
2495 4472 2641 4525 enim
2686 4480 2781 4524 aut
2814 4471 3095 4538 sejunctas
3130 4468 3417 4529 actiones,
3474 4472 3564 4519 aut

1986 4570 2217 4615 naturas
2248 4560 2468 4615 divisim
2512 4561 2729 4629 cperari
2774 4561 3018 4615 dicimus
3044 4598 3059 4625 ,
3096 4559 3190 4612 sed
3227 4556 3566 4625 conjunctim

1988 4658 2282 4720 utramque
2328 4665 2452 4704 cum
2510 4652 2740 4705 alterius
2790 4653 3179 4705 communione
3232 4646 3366 4701 illud
3421 4643 3567 4714 quod

1989 4757 2225 4812 quaeque
2256 4743 2542 4813 preprium
2581 4743 2745 4797 habet
2775 4758 2965 4812 agere.
3075 4739 3264 4809 Neque
3291 4739 3438 4791 enim
3470 4737 3568 4790 hu-

1993 4849 2156 4889 mana
2190 4836 2515 4891 humanitus
2547 4834 2855 4897 elliciebat,
2891 4848 3015 4886 cum
3050 4846 3226 4901 purus
3261 4829 3425 4883 homo
3462 4843 3569 4883 non

1993 4935 2183 4990 esset;
2238 4942 2340 4982 nec
2374 4942 2567 4980 rursus
2601 4926 2786 4979 divina
2818 4923 3007 4978 divino
3052 4923 3324 4977 duntaxat
3373 4921 3570 4986 modo,

1995 5018 2445 5087 quandoquidem
2479 5034 2586 5071 non
2620 5020 2798 5072 solum
2831 5013 2978 5069 Deus
3009 5021 3127 5067 erat
3148 5052 3163 5075 ,
3198 5014 3292 5067 sed
3322 5013 3467 5068 Deus
3499 5016 3571 5067 si-

1996 5110 2110 5163 mul
2142 5118 2197 5164 et
2245 5109 2427 5163 homo.
2458 5107 2593 5161 Nam
2640 5108 2718 5161 uti
2756 5114 3080 5159 naturarum
3124 5116 3238 5159 tum
3279 5106 3574 5170 unionem,

2000 5208 2112 5253 tum
2153 5202 2456 5253 naturalem
2496 5198 2908 5252 distinctionem
2946 5198 3251 5264 habemus,
3299 5200 3372 5252 ita
3411 5198 3576 5251 etiam

1948 5316 1949 5319 η
2000 5293 2334 5346 naturalium
2367 5293 2714 5345 voluntatum
2748 5301 2803 5345 ct
2835 5293 3236 5360 operationum.

2074 5385 2353 5437 Actionem
2383 5382 2581 5437 Christi
2608 5384 2817 5436 alterna
2845 5382 3274 5437 communicatio.
3306 5406 3372 5422 -
3392 5380 3579 5450 Itaque

2005 5477 2291 5532 sciendhm
2322 5487 2405 5531 est
2428 5515 2442 5539 ,
2477 5477 2531 5530 in
2565 5475 2796 5530 Domino
2834 5484 3029 5531 nostro
3052 5473 3189 5529 ‘Jesu
3226 5472 3452 5528 Christo
3483 5489 3581 5528 uos

2006 5569 2280 5624 interdum
2307 5607 2321 5631 ,
2366 5576 2629 5638 tanquam
2672 5567 2739 5623 dc
2769 5567 2985 5622 duabus
3022 5567 3240 5620 naturis
3271 5580 3583 5619 sermonem

2006 5660 2246 5723 habere,
2287 5659 2568 5714 interdum
2604 5671 2865 5727 tanquam
2902 5656 2971 5711 de
3019 5672 3125 5709 una
3177 5672 3454 5726 persona:
3505 5664 3583 5708 at-

2006 5767 2114 5824 que
2143 5752 2250 5808 hoc
2275 5758 2330 5808 et
2356 5749 2495 5806 illud
2524 5749 2593 5804 ad
2619 5747 2875 5804 eumdem
2910 5760 3132 5803 sensum
3164 5748 3422 5803 refertur.
3451 5744 3585 5801 Nam
