4052 6292
252 369 384 434 llﬁl

1207 365 1591 429 PANOPLIA
1632 364 2170 430 DOGMATICA;-
2207 367 2553 433 TIT..XXI.

3383 372 3516 437 11(2

248 483 347 536 τοῦ
377 497 437 534 τε
468 478 775 549 θελήματος
790 477 887 531 καὶ
917 476 1018 544 τῆς
1048 476 1328 548 ἐνεργείας
1347 479 1412 531 ἐκ
1435 478 1533 549 τῆς
1562 479 1809 549 διαφορᾶς

1933 481 2235 538 voluntatis
2302 491 2357 537 et
2418 480 2651 537 actionis
2717 480 3081 539 dill‘erentiam
3119 498 3195 540 ex
3257 486 3512 542 dill‘cren-

245 575 356 628 τῶν
391 573 607 642 φύσεων
640 571 1003 641 γνωρίζομενο
1029 563 1105 624 ὧν
1133 569 1241 641 γὰρ
1270 572 1303 640 ἡ
1330 570 1468 642 αὑτὴ
1491 572 1678 641 φύσις,
1708 572 1824 625 τού·

246 683 355 720 των
370 665 481 737 καὶ
509 665 543 734 ἡ
581 663 721 731 αὑτὴ
757 644 1004 733 θέλησιςῖ
1032 662 1126 715 καὶ
1156 662 1429 733 ἐνέργεια.
1488 657 1590 716 Ὧν
1627 663 1684 717 δὲ
1713 664 1825 716 διά-

247 772 413 828 φορος
444 758 480 825 ἠ
514 753 699 824 φύσις,
728 751 937 807 τούτων
975 753 1236 824 διάφορος
1287 755 1382 807 καὶ
1439 754 1687 825 θέλησις,
1726 756 1824 808 καὶ

252 846 752 917 ἑνέργεια.Φυσικὰ
779 846 859 909 δὲ,
887 844 982 899 καὶ
1002 846 1101 916 οὐχ
1134 846 1495 911 ὑποστατικὰ,
1521 848 1640 900 οὐδὲ
1660 864 1825 916 προσ-

250 938 435 991 ωπικὰ
462 937 584 990 οὐδὲ
612 937 870 1007 γνωμικά
902 954 1087 1007 φαμεν
1106 940 1265 990 ταυτὶ
1288 938 1356 990 τὰ
1392 936 1673 1009 θελήματα
1729 942 1824 992 καὶ

246 1032 346 1094 τὰς
374 1029 676 1100 ἐνεργείας.
708 1028 867 1096 Λέγω
889 1027 944 1080 δὲ
970 1028 1101 1098 μίαν
1141 1028 1239 1098 τὴν
1271 1027 1565 1098 θελητικὴν
1616 1045 1674 1082 τε
1728 1031 1824 1083 καὶ

246 1124 610 1193 ἐνεργητικὴν
629 1119 884 1190 δύναμιν,
911 1120 1003 1173 ἐπὶ
1029 1119 1128 1189 μὲν
1151 1121 1248 1188 τῆς
1272 1120 1432 1188 ἁγίας
1462 1119 1713 1190 Τριάδος,
1737 1121 1823 1175 ἵνα

249 1216 328 1285 μὴ
375 1214 709 1286 έτεροθελεῖς
737 1214 827 1265 καὶ
860 1214 1261 1282 ὲτεροενεργείς
1283 1213 1382 1275 τὰς
1411 1215 1562 1283 τρεῖς
1586 1214 1825 1269 ὑποστά-

248 1322 362 1366 σεις
422 1305 599 1358 εἰπεῖν
627 1302 1086 1373 ἀναγκασθῶμεν,
1136 1304 1232 1356 ἐπὶ
1262 1302 1319 1356 δὲ
1350 1304 1447 1374 τῆς
1483 1302 1636 1368 θείας
1665 1305 1824 1358 ὲναν-

246 1395 587 1467 θρωπήσεως
615 1392 833 1462 διπλῆν,
865 1392 953 1445 ἵνα
977 1393 1054 1462 μὴ
1084 1392 1550 1462 ἐτεριῦπόστατον
1572 1395 1631 1447 τὸ
1650 1397 1824 1463 πρόσ-

256 1487 456 1556 λημμα
511 1484 694 1553 λέγειν
723 1483 986 1553 δόξωμεν,
1021 1486 1116 1537 καὶ
1151 1484 1246 1537 δύο
1290 1485 1823 1556 συνομολογήσωμεν

243 1578 576 1640 ὑποστάσεις
602 1577 660 1629 ἂν
685 1566 764 1647 τῷ
795 1577 874 1628 ἑνὶ
901 1576 1146 1646 Χριστῷ.
1182 1578 1255 1630 Τὸ
1284 1577 1391 1647 γὰρ
1422 1578 1785 1634 ύποστατικὸν
1804 1620 1820 1647 ,

243 1671 277 1741 ἢ
298 1667 717 1740 προσωπικὸν,ἢ
743 1667 1012 1738 γνωμικὸν
1028 1668 1240 1739 θέλημα
1256 1669 1657 1723 ίδιοῦποστάτου
1678 1671 1823 1723 ἐστὶν

246 1763 475 1830 ἀτόμου.
506 1759 564 1813 Ὀ
584 1760 824 1828 δὲΛόγος
855 1760 952 1813 καὶ
979 1760 1113 1823 Θεὸς
1145 1758 1308 1829 φύσιν
1340 1762 1442 1831 μὲν
1477 1761 1693 1815 τελείαν
1725 1764 1819 1817 ἀν-

242 1853 468 1923 θρώπου
508 1851 898 1923 προσελάϐετο,
938 1852 1239 1916 ὑπόστασις
1296 1853 1356 1905 δὲ
1399 1852 1561 1917 αὐτὶς
1598 1854 1819 1922 ἐγένετο

237 1944 319 2015 τῷ
366 1943 784 2013 προσλήμματι.
846 1942 1116 2014 Καθάπερ
1157 1944 1215 1997 δὲ
1264 1943 1325 1997 τὸ
1374 1945 1670 2015 πρόϐλημα
1724 1946 1818 1998 καὶ

240 2038 528 2101 τεθέωται,
566 2037 662 2091 καὶ
718 2035 1018 2107 μεταϐολὴν
1046 2037 1107 2089 οὐ
1143 2036 1377 2089 πέπονθε
1412 2037 1511 2107 τῆς
1547 2037 1684 2101 ἰδίας
1712 2039 1817 2106 φύ-

239 2145 403 2192 σεωςο
461 2127 608 2181 οὕτω
655 2128 749 2179 καὶ
778 2127 840 2179 τὸ
873 2126 1087 2197 θέλημα
1141 2129 1232 2180 καὶ
1272 2128 1306 2198 ἡ
1335 2127 1592 2198 ἐνέργεια
1624 2128 1815 2182 τούτου

238 2220 338 2274 καὶ
375 2208 687 2285 τεθέωνται,
716 2217 811 2271 καὶ
842 2218 950 2271 τῶν
992 2218 1135 2272 ἰδίων
1175 2218 1274 2272 οὐκ
1302 2221 1602 2290 ἐξέστησαν
1646 2223 1812 2293 ὅρων.

320 2358 486 2411 ’Δλλο
528 2356 753 2426 θέλησις
798 2355 1028 2425 κυρίως,
1086 2356 1181 2409 κα.)⁸
1239 2355 1367 2409 ἄλλο
1414 2354 1692 2427 βούλησις,
1721 2358 1815 2410 καὶ

235 2452 366 2506 ἄλλο
400 2450 644 2519 θελητὺν,
677 2449 772 2502 καὶ
796 2448 924 2503 ἄλλο
956 2446 1267 2525 θελητικὸν,
1314 2446 1409 2500 καὶ
1451 2448 1641 2517 ἕτερον
1667 2449 1694 2500 6
1723 2447 1812 2499 θέ-

236 2544 368 2596 λων.
400 2542 633 2612 θέλησις
662 2541 762 2610 μὲν
784 2539 893 2608 γὰρ
925 2538 1078 2609 ἡτοῦ
1131 2537 1315 2602 ἁπλῶς
1349 2538 1524 2591 θέλειν
1557 2539 1812 2606 δύναμις,

235 2636 379 2705 ὅπερ
419 2633 536 2687 ἐστὶ
580 2631 798 2701 φύσεως
850 2630 946 2683 καὶ
1008 2628 1317 2683 καθολικόν.
1360 2629 1599 2701 Θελητδν
1640 2629 1698 2683 δὲ
1748 2632 1813 2684 τὸ

236 2730 309 2798 τῇ
343 2725 562 2796 θελήσει
612 2723 926 2778 ῦποπίπτον
981 2722 1236 2792 πρᾶγμα.
1294 2722 1590 2792 Θελητικὺν
1639 2723 1697 2775 δὲ
1754 2724 1814 2776 τὸ

234 2819 363 2888 ἕχον
405 2818 503 2887 τὴν
553 2814 844 2886 θελητικὴν
869 2812 1121 2883 δύναμιν,
1185 2809 1298 2867 οἷον
1326 2813 1356 2866 ό
1383 2813 1572 2877 ἁπλῶς
1597 2814 1810 2886 ἄνθρω-

234 2924 362 2968 πος.
392 2906 577 2959 Θέλων
628 2905 687 2958 δὲ
718 2906 747 2958 ό
772 2902 978 2957 τοιόσδε
1010 2902 1320 2975 ἄνθρωπος,
1354 2904 1380 2955 6
1413 2904 1697 2974 χρώμενος
1743 2906 1809 2974 τῇ

228 2999 415 3069 τοιᾷδε
453 2997 693 3069 θελήσει.

315 3288 384 3341 Ἢ
408 3286 645 3357 θέλησις,
665 3287 836 3359 ἤγουν
858 3288 918 3341 τὸ
937 3287 1175 3358 θέλημα,
1194 3287 1322 3339 ποτὲ
1355 3289 1452 3355 μὲν
1482 3287 1578 3359 τὴν
1595 3286 1811 3359 θελητι-

234 3379 340 3451 κῆν
371 3378 601 3448 δύναμιν
624 3379 801 3449 δηλοῖ,
865 3381 963 3434 καὶ
1013 3379 1231 3447 λέγεται
1286 3379 1501 3448 θέλημα
1580 3381 1812 3446 φυσικὸν

229 3474 329 3524 καὶ
362 3472 669 3526 καθολικόν⁶
724 3474 855 3525 ποτὲ
901 3472 959 3524 δὲ
1005 3471 1067 3524 τὸ
1117 3471 1366 3541 θελητὸν,
1417 3473 1511 3525 καὶ
1563 3472 1807 3526 καλεῖται

224 3564 441 3634 θέλημα
469 3564 749 3634 γνωμικόν
769 3581 829 3617 τε
867 3566 960 3618 καὶ
991 3565 1179 3619 ίδικόν.

315 3701 445 3754 Ἐπὶ
477 3704 574 3771 μὲν
597 3701 706 3755 τῶν
733 3701 1036 3773 ἀνθρώπων
1071 3700 1169 3771 μία
1208 3701 1307 3771 μὲν
1346 3703 1379 3773 η
1410 3703 1614 3773 φυσικὴ
1653 3701 1805 3773 θέλη-

228 3809 343 3855 σις,
375 3793 511 3845 διότι
572 3794 668 3846 καὶ
696 3793 797 3863 μία
835 3794 1041 3847 τούτων
1085 3798 1117 3863 ἡ
1152 3794 1333 3863 φύσις·
1384 3794 1575 3847 πολλαὶ
1620 3795 1677 3845 δὲ
1712 3796 1807 3847 καὶ

221 3886 474 3954 διάφοροι
502 3886 556 3938 sti
581 3888 877 3954 γνωμικαὶ,
909 3887 1091 3939 εῑτουν
1126 3886 1507 3938 ὑποστατικαίο
1542 3886 1676 3940 διότι
1709 3888 1805 3939 καὶ

224 3975 428 4030 πολλαὶ
484 3978 577 4030 καὶ
625 3978 873 4047 διάφοροι
905 3979 1110 4031 τούτων
1138 3980 1194 4031 αἱ
1250 3979 1573 4042 ὑποστάσεις
1622 3980 1714 4032 καὶ
1743 3981 1799 4033 αί

226 4067 471 4138 γνῶμαι·
508 4070 601 4121 ἐπὶ
624 4068 681 4122 δὲ
710 4071 805 4123 τοῦ
836 4071 1093 4140 Χριστοῦ,
1115 4071 1302 4141 ἐπειδὴ
1342 4073 1442 4139 μὲν
1468 4072 1713 4141 διάφοροι
1743 4073 1799 4125 al

225 4164 426 4233 φύσεις
478 4165 575 4232 τῆς
612 4182 670 4217 τε
706 4164 961 4235 θεότητος
1006 4166 1171 4219 αὑτοῦ
1214 4169 1306 4219 καὶ
1359 4167 1798 4238 ἀνθρωπότητοε,

222 4255 479 4323 διάφοροι
513 4255 605 4307 καὶ
634 4257 688 4308 αί
738 4246 965 4324 φυσικαὶ
989 4255 1241 4326 θελήσεις
1281 4256 1483 4308 αὐτῶνο
1522 4256 1711 4326 ἐπειδὴ
1744 4256 1801 4307 δὲ

232 4347 337 4413 μία
372 4347 576 4399 τούτων
609 4347 641 4416 ἡ
677 4348 997 4410 ὑπόστασις·
1033 4330 1127 4400 καὶ
1151 4341 1230 4410 εἷς
1257 4350 1283 4400 ὁ
1314 4346 1505 4411 θέλων,
1533 4348 1589 4400 ἓν
1614 4349 1710 4400 καὶ
1741 4347 1805 4399 τὸ

218 4438 442 4507 θέλημα
469 4437 695 4503 τούτων,
758 4439 853 4494 ἅτε
888 4440 978 4493 τοῦ
1022 4440 1330 4509 κρείττονος
1387 4441 1796 4510 ὲκνικήσαντος,

1935 573 2008 629 tia
2039 574 2348 652 colligimus
2377 584 2715 630 naturarum.
2749 574 2993 641 Quorum
3036 579 3180 632 enim
3252 595 3359 633 una
3420 587 3507 635 est

1935 675 2150 732 natura,
2198 681 2384 721 eorum
2424 682 2528 721 una
2565 676 2651 721 est
2704 677 2760 722 et
2819 666 3070 723 voluntas
3127 679 3179 723 et
3236 669 3379 724 actio
3413 683 3507 735 ;ct

1933 771 2163 824 quorum
2200 767 2284 813 est
2321 764 2514 812 natura
2543 757 2782 824 diversa,
2813 772 3000 813 eorum
3039 770 3094 812 et
3142 759 3398 813 voluntas
3451 772 3508 813 et

1932 848 2075 901 actio
2106 847 2319 903 diversa
2356 857 2461 902 est.
2517 846 2842 904 Voluntates
2891 859 3071 902 autem
3138 857 3193 903 et
3260 850 3505 905 actiones

1937 956 2043 995 non
2072 942 2138 994 ad
2175 941 2540 1011 hypostasim,
2573 952 2669 995 aut
2700 938 3009 1009 personam,
3072 957 3365 998 sensumve
3422 959 3505 998 re-

1934 1030 2182 1088 ferimus.
2208 1032 2383 1087 Unam
2414 1049 2540 1089 vero
2567 1034 2620 1090 in
2652 1046 2842 1091 sancta
2875 1035 3144 1091 Trinitate
3166 1037 3506 1091 voluntatem

1929 1128 1983 1173 et
2020 1118 2289 1172 actionem
2328 1118 2470 1185 dico,
2519 1134 2587 1174 ne
2617 1135 2877 1187 cogamur
2917 1121 3096 1175 dicere
3121 1131 3230 1176 tres
3254 1135 3512 1190 personas

1932 1210 2147 1265 diversa
2185 1209 2320 1264 velle
2370 1220 2532 1279 atque
2557 1225 2745 1282 agerc;
2782 1211 3051 1280 duplicem
3082 1223 3261 1267 autern
3288 1213 3342 1269 in
3378 1214 3515 1267 divi-

1932 1315 2003 1353 na
2031 1300 2384 1354 humanitatis
2436 1302 2829 1372 assumptione,
2890 1317 2959 1360 ne
3016 1306 3261 1361 diversas
3295 1306 3350 1359 in
3403 1322 3511 1360 ιιιιο

1930 1389 2150 1446 Christo
2175 1393 2493 1461 hypostases
2534 1400 2588 1446 et
2628 1408 2894 1459 personas
2934 1398 3069 1451 duas
3126 1398 3507 1451 eonliteautur.

1933 1479 2196 1536 Voluntas
2219 1482 2386 1544 enim,
2417 1497 2537 1552 qure
2580 1484 2648 1537 ad
2697 1485 3058 1554 hypostasim,
3115 1497 3169 1540 et
3216 1503 3511 1557 personati.

1931 1586 2260 1642 sensumque
2286 1573 2539 1640 refertur,
2570 1578 2790 1645 propria
2834 1587 2918 1632 est
2971 1579 3198 1648 subjecti
3223 1582 3506 1639 individui.

1939 1660 2177 1717 Verbum
2213 1675 2393 1718 autem
2424 1676 2478 1719 et
2534 1665 2681 1722 Deus
2720 1678 2965 1723 naturam
2998 1672 3219 1740 quidem
3272 1674 3509 1732 hominis

1931 1754 2228 1823 perfectam
2258 1759 2593 1827 assumpsit,
2650 1759 2749 1814 sed
2777 1762 2825 1815 ei
2860 1762 2975 1830 ipse
3013 1779 3242 1834 persona
3281 1766 3405 1823 fuit.
3435 1772 3507 1825 At

1853 1836 1898 1892 Β
1929 1849 2384 1916 quemadmodum
2410 1860 2693 1913 assumpta
2728 1853 3040 1911 humanitas
3073 1857 3151 1912 sic
3202 1860 3374 1915 ενςιεῑι
3403 1863 3499 1915 di-

1931 1940 2079 2003 vina,
2113 1948 2170 1990 ut
2192 1941 2425 2008 prepriae
2444 1950 2651 1996 natura:
2679 1959 2789 1997 non
2814 1949 3049 2001 senserit
3105 1952 3456 2007 mutationem
3482 1971 3497 2006 :

1926 2032 2006 2086 sic
2047 2033 2164 2102 ejus
2194 2043 2248 2087 et
2278 2034 2528 2089 voluntas
2552 2044 2607 2091 et
2632 2038 2775 2094 actio
2800 2040 2871 2094 ita
2929 2055 3227 2099 evaserunt
3276 2047 3499 2114 divina),

1929 2132 2037 2177 uta
2078 2125 2313 2194 proliriis
2367 2128 2614 2184 terminis
2653 2146 2760 2185 non
2795 2135 3143 2193 recesserint.

1992 2350 2152 2406 Aliud
2185 2358 2269 2407 est
2292 2350 2566 2418 voluntas,
2586 2360 2641 2407 et
2695 2354 2845 2410 aliud
2899 2365 2985 2411 est
3047 2358 3391 2427 deliberatio,
3442 2375 3499 2418 et

1923 2441 2067 2497 aliud
2095 2450 2180 2497 est
2213 2457 2322 2509 res,
2364 2458 2536 2510 quam
2570 2444 2774 2517 aliquid
2818 2449 2949 2514 vult,
2973 2459 3029 2504 et
3060 2450 3134 2516 id,
3161 2455 3306 2521 quod
3359 2458 3494 2521 vult,

1922 2543 1978 2589 et
2009 2535 2053 2587 is
2081 2534 2168 2602 qui
2195 2535 2331 2588 vult.
2394 2536 2655 2591 Voluntas
2694 2540 2836 2593 enim
2880 2540 3198 2609 simpliciter
3252 2556 3334 2599 est
3398 2563 3495 2602 vo-

1922 2624 2062 2680 lendi
2104 2627 2206 2692 vis,
2242 2642 2360 2696 quae
2385 2639 2592 2684 natura:
2612 2639 2693 2685 est
2740 2642 2793 2685 et
2815 2635 3139 2689 communis.
3164 2633 3493 2691 Deliberatio

1921 2729 2101 2771 autem
2137 2727 2221 2774 est.
2257 2720 2376 2774 talis
2432 2729 2486 2775 et
2517 2716 2643 2775 talis
2671 2722 2943 2789 voluntas,
2977 2733 3032 2779 et
3076 2726 3144 2780 ad
3205 2743 3490 2797 personam

1922 2812 2180 2877 refertur,
2234 2822 2288 2867 et
2324 2813 2619 2882 singularis
2672 2826 2773 2870 est.
2808 2815 2915 2873 Res
2952 2830 3129 2874 autem
3179 2836 3340 2892 quam
3392 2824 3494 2878 ali-

1919 2902 2049 2971 quid
2075 2907 2214 2969 vult,
2248 2912 2332 2959 est
2368 2905 2633 2960 voluntati
2662 2908 2925 2975 subjecta;
2960 2910 3015 2965 id
3052 2917 3332 2983 veroquod
3356 2920 3493 2979 vult,

1918 3005 2002 3050 est
2031 2994 2172 3063 quod
2200 2996 2362 3050 habet
2393 2996 2602 3052 voleudi
2636 2998 2977 3068 facultatem,
3040 3005 3272 3075 exempli
3318 2998 3502 3078 gratia.

1920 3086 2108 3141 homo.
2134 3093 2183 3143 Is
2214 3102 2400 3173 porro,
2431 3091 2525 3159 qui
2567 3092 2682 3146 vult
2724 3102 2805 3147 est
2840 3094 3037 3164 aliquis
3097 3096 3260 3153 homo
3304 3102 3501 3176 singua;

1837 3183 1884 3244 α
1919 3175 2068 3243 laris,
2110 3178 2205 3247 qui
2235 3176 2416 3248 aliqua
2448 3182 2709 3250 singulari
2738 3184 2910 3238 utitur
2978 3188 3276 3244 voluntate.

1987 3309 2250 3367 Voluntas
2283 3314 2573 3384 aliquando
2611 3316 2879 3386 signiﬁcat
2910 3320 3121 3375 volendi
3152 3323 3489 3392 facultatem,

1915 3412 1971 3456 et
2022 3403 2221 3457 dicitur
2267 3404 2516 3460 voluntas
2568 3407 2833 3463 naturalis
2904 3418 2958 3464 et
2991 3413 3492 3484 universalis;ali-

1913 3496 2133 3564 quando
2183 3507 2364 3549 autem
2398 3496 2473 3558 id,
2509 3498 2653 3565 quod
2690 3500 2959 3568 volumus,
3006 3513 3063 3559 et
3082 3506 3335 3564 voluntas
3357 3527 3493 3580 seu:

1914 3587 2097 3640 teutiae
2129 3597 2290 3655 atque
2348 3587 2643 3656 singularis
2673 3592 2996 3660 appellatur.

1982 3721 2101 3776 Una
2147 3722 2200 3775 in
2248 3722 2563 3779 horninibus
2594 3706 2865 3782 voluntas
2909 3739 2987 3785 est
3040 3737 3319 3803 naturalis,
3355 3755 3490 3807 quo-

1913 3814 2061 3866 niam
2093 3816 2285 3868 horum
2314 3831 2417 3869 una
2462 3818 2590 3870 item
2625 3828 2709 3873 est
2740 3831 2958 3877 natura.
3000 3825 3177 3881 Multa:
3208 3842 3388 3886 autem
3424 3846 3486 3888 et

1910 3905 2140 3959 diversa:
2177 3908 2478 3972 sententiae,
2511 3912 2770 3984 quoniam
2812 3915 2995 3970 multa:
3035 3933 3160 3973 sunt
3194 3924 3356 3978 etiam
3393 3916 3491 3980 νει-λ

1908 3997 2108 4065 rireque
2143 4012 2403 4065 personze.
2432 3998 2502 4051 At
2564 4000 2616 4053 in
2673 4000 2891 4060 Christo
2925 4009 3047 4076 quia
3103 4014 3332 4069 diversa:
3389 3993 3493 4072 na:

1910 4099 2041 4141 turre
2076 4096 2203 4142 sunt
2230 4088 2528 4146 divinitatis
2553 4100 2605 4147 et
2643 4094 2994 4154 humanitatis
3034 4101 3223 4169 ipsius,
3254 4107 3482 4165 diversae

1905 4190 2031 4231 sunt
2091 4179 2255 4233 etiam
2317 4183 2590 4237 naturales
2641 4197 2826 4239 earum
2884 4191 3211 4250 voluntates.
3286 4196 3479 4254 Verum

1903 4267 2027 4335 quia
2061 4283 2161 4319 una
2210 4277 2292 4321 est
2320 4268 2533 4323 illarum
2582 4287 2833 4342 persona,
2879 4288 2934 4332 et
2999 4290 3137 4336 unus
3201 4286 3291 4353 qui
3348 4288 3481 4351 \ult,

1906 4375 2009 4412 una
2069 4361 2229 4412 etiam
2254 4359 2498 4415 voluntas
2527 4372 2690 4433 atque
2719 4372 2986 4424 sententia
3044 4384 3145 4438 est,
3196 4392 3317 4431 eum
3388 4382 3474 4435 illa

1904 4465 2023 4517 quae
2052 4450 2396 4517 praestantior
2425 4463 2507 4505 est
2555 4454 2740 4508 vincat
2783 4469 2837 4512 ct
2868 4461 3198 4532 dominetur,
3243 4470 3477 4525 humana

216 4532 399 4600 ἡγουν
451 4531 732 4602 ἄρχοντος,
791 4534 885 4584 καὶ
938 4531 1032 4584 τοῦ
1092 4531 1432 4601 ἀνθρωπίνου
1496 4533 1797 4603 θελήματος

1915 4553 2083 4597 autem
2126 4544 2380 4601 voluntas
2435 4547 2673 4603 divinam
2742 4565 3022 4621 sequatur,
3092 4567 3145 4612 ct
3210 4577 3274 4617 ea
3352 4564 3478 4619 vel.t

213 4623 493 4693 ἑπομένου
525 4626 604 4694 τῷ
634 4624 784 4693 θείῳ,
842 4626 936 4679 καὶ
988 4624 1166 4677 ταῦτα
1214 4623 1487 4689 θέλοντος,
1522 4624 1559 4678 δι
1622 4629 1796 4679 ἐκεῖνο

213 4714 391 4769 θέλει.

306 4827 432 4879 Ἐπὶ
460 4827 594 4881 Θεοῦ
628 4829 847 4900 θέλησιν
872 4831 972 4901 μὲν
1003 4834 1256 4905 λέγομεν,
1310 4836 1403 4888 καὶ
1431 4835 1648 4905 βουλὴν,
1676 4837 1795 4905 ἢτοι

211 4918 505 4989 βούλησιν,
558 4920 787 4990 γνώμην
836 4924 894 4975 δὲ
973 4926 1004 4995 ἣ
1053 4930 1373 4997 προαίρεσιν
1428 4926 1489 4981 οὐ
1537 4929 1809 4996 λέγομεν.⁵

205 5010 419 5078 Γνώμη
446 5011 545 5078 μὲν
572 5012 681 5081 γὰρ
730 5015 923 5083 ἡμετὰ
960 5017 1059 5087 τὴν
1094 5020 1224 5089 περὶ
1270 5020 1363 5071 τοῦ
1424 5022 1790 5088 ἀγνςουμένου

196 5101 444 5170 ζήτησιν
488 5103 582 5153 καὶ
612 5103 793 5171 κρίσιν
818 5107 955 5175 πρὸς
983 5107 1042 5159 τὸ
1072 5108 1261 5177 κριθὲν
1293 5109 1556 5175 διάθεσις,
1583 5110 1703 5178 μιεο⁹
1723 5110 1789 5180 ἣν

192 5195 240 5260 ἡ
270 5189 597 5260 προαίρεσις
655 5191 995 5265 έκλεγομένη
1044 5199 1138 5251 καὶ
1174 5198 1473 5268 αἱρουμένη
1531 5198 1638 5264 πρὸ
1669 5199 1787 5250 ὲςέ-

191 5298 311 5354 pou
343 5280 407 5333 τὸ
436 5281 647 5351 ἕτερον.
706 5280 844 5336 Ὀδὲ
877 5285 1008 5348 Θεὸς
1060 5287 1312 5360 ἀνενδεὴς
1366 5289 1464 5343 καὶ
1516 5289 1785 5358 σκέψεως,

183 5373 305 5426 καὶ
369 5371 653 5443 ζητήσεως
690 5412 708 5439 ι
784 5375 879 5427 καὶ
947 5377 1180 5449 ἐκλογῆς
1212 5420 1227 5446 ,
1298 5382 1470 5434 πάντα
1542 5380 1788 5450 φυσικῶς

180 5486 218 5519 ε,
236 5466 389 5528 ίδὼς.

272 5582 367 5633 Διὸ
396 5580 516 5634 οὐδὲ
543 5582 758 5655 βουλὴν,
800 5585 920 5656 ἦτοι
946 5586 1252 5655 βούλευσιν,
1288 5586 1380 5640 ἐπὶ
1410 5588 1544 5642 Θεοῦ
1581 5608 1783 5662 φαμεν,

166 5675 246 5725 εἰ
296 5674 395 5725 καὶ
451 5673 950 5747 ἀνθρωποπρεπῶς
1006 5676 1399 5750 βουλευόμενον
1454 5682 1783 5756 πολλάκις-η

165 5768 321 5819 θεία
364 5766 556 5836 Γραφὴ
606 5768 794 5821 τοῦτον
845 5771 1176 5840 ὑπογράφει·
1245 5772 1592 5844 Ποιήσωμεν
1650 5778 1780 5848 γὰρ,

482 5865 752 5924 ΡΑΤιιοι.
793 5867 910 5930 Gtt.
951 5868 1195 5931 CXXX.

1901 4650 2022 4704 quae
2056 4637 2254 4692 divinae
2297 4638 2510 4706 placent
2559 4642 2871 4697 voluntati."

1970 4842 2313 4898 Vuluutatetn
2357 4845 2409 4899 in
2454 4847 2562 4901 Deo
2595 4849 2845 4909 dicimus.
2889 4855 3212 4907 sententiam
3288 4868 3469 4915 autem

1897 4945 1987 4989 aut
2051 4937 2365 4991 electionem
2402 4953 2503 4990 non
2550 4939 2797 4994 dicimus.
2843 4942 3123 4999 Sententia
3191 4949 3335 5004 enim
3391 4963 3477 5009 est

1896 5036 2016 5093 post.
2077 5028 2149 5080 rei
2207 5028 2467 5094 ignorata:
2531 5031 2886 5096 quaestionem
2967 5045 3130 5104 atque
3180 5039 3470 5112 judicium,

1895 5116 2106 5171 affectio
2137 5134 2263 5187 erga
2299 5119 2425 5171 illud
2450 5121 2593 5188 quod
2625 5120 2927 5187 juiicatum
2990 5139 3096 5195 est,
3146 5146 3308 5199 quam
3382 5151 3473 5189 se-

1894 5206 2081 5274 quitur
2114 5206 2331 5271 electio,
2355 5222 2475 5275 qua:
2507 5211 2749 5265 secernit
2810 5222 2858 5265 et
2894 5229 3061 5270 unum
3106 5220 3258 5274 alteri
3317 5232 3472 5277 ante-

1892 5300 2057 5367 ponit.
2101 5298 2208 5351 Deo
2240 5310 2417 5353 autem
2452 5316 2555 5354 non
2588 5312 2672 5356 est
2730 5318 2869 5375 opus
2900 5318 2959 5360 ut
3012 5312 3341 5376 consideret,
3375 5326 3471 5367 aut

1890 5388 2149 5459 iuquirat,
2181 5398 2272 5443 aut
2303 5391 2486 5460 eligat,
2513 5406 2638 5447 cum
2698 5396 2877 5449 omnia
2933 5398 3071 5452 sciat
3127 5402 3466 5457 naturaliter.

1961 5592 2321 5657 Quamoorem
2356 5607 2453 5647 nec
2508 5597 2963 5653 consultationem
3043 5600 3093 5653 in
3159 5602 3265 5656 Deo
3312 5607 3469 5674 poni—

1889 5698 2027 5747 mus,
2072 5684 2197 5739 licet
2229 5698 2349 5737 cum
2376 5701 2515 5755 δερμα
2541 5688 2833 5759 Scriptura:
2870 5692 3107 5747 humano
3142 5710 3295 5749 more
3334 5712 3468 5752 conv

1889 5778 2151 5837 suleutetu
2212 5779 2518 5837 describant
2557 5800 2569 5834 :
2607 5782 2892 5839 Faciamus
2920 5786 3083 5851 enim,
3123 5790 3318 5861 inquit,
3376 5794 3468 5847 Ito-

2981 5882 3055 5939 37
