4052 6292
219 419 349 485 11ῧὸ

1100 416 1472 478 ΡΑΝΟΡΗΑ
1512 405 1972 473 DOGMATICA.
2015 432 2083 443 -
2118 408 2266 468 ΤΙΤ.
2308 406 2506 471 ΧΧΙῘ.

3337 405 3470 471 1166

214 542 301 595 τοῦ
324 537 726 606 ἐντυπουμένου
757 534 820 589 τὸ
836 532 976 599 εἶδος
1005 535 1093 589 διὰ
1128 534 1227 603 τῆς
1251 530 1554 603 ὲμφερείας
1588 531 1784 583 ἐναπο-

1918 524 2006 579 ius
2037 524 2270 579 formam
2309 538 2406 592 per
2437 520 2669 591 eﬁigiem
2704 533 3015 591 expressam
3038 520 3092 574 in
3114 534 3173 575 se
3206 523 3471 589 continet,

217 633 544 706 ματτομένη,
573 630 650 700 τῷ
674 629 921 700 διαφόρῳ
947 630 1049 698 τῆς
1080 628 1273 689 οὐσίας
1319 625 1467 679 κατὰ
1516 624 1617 693 τὴν
1646 621 1784 690 ὓλην

221 726 380 792 μόνον
439 720 901 790 παραλλάττουσα
935 734 950 748 ⁸
985 720 1017 788 ἢ
1048 719 1280 788 μίμησις
1308 714 1642 785 ἀρχετύπου,
1699 711 1794 764 καὶ.

215 810 613 882 ἁπείκασμα,ἧ
645 811 841 881 τέχνης
866 809 1218 878 ἀποτέλεσμα
1257 807 1401 860 κατὰ
1434 806 1668 876 μίμησιν
1699 804 1792 855 τοῦ

216 892 525 979 ἀρχετύπου
550 902 986 973 είδοποιούμενον
1019 902 1084 973 τῇ
1112 901 1269 972 οὐσίᾳ
1292 898 1573 968 διαφέρον.

283 997 693 1066 Εἱκὼνλέγεται
709 997 862 1066 παρὰ
874 997 934 1050 τὸ
951 996 1209 1048 ἐοικέναι.
1232 993 1394 1046 ’Ἄλλο
1413 988 1615 1059 φυσικὴ
1629 987 1796 1041 εἰκὼ-ι

223 1089 455 1144 καὶᾶλλο
474 1088 819 1158 μιμητικήοὴ
844 1087 943 1155 μὲν
962 1087 1021 1139 ού
1048 1084 1286 1155 φυσικὴν
1306 1081 1573 1152 διαφορὰν
1597 1080 1796 1149 ἔχουσα

224 1182 363 1253 ⁴πρὸς
389 1179 450 1234 τδ
490 1178 688 1245 αἴτιον,
714 1178 813 1232 ἀλλ
829 1175 1379 1245 ’ύποστατικὴν,ῶςὸ
1399 1174 1526 1235 Υίδς
1549 1171 1685 1240 πρὸς
1709 1171 1801 1221 τὸν

220 1276 441 1345 Πατέρα
460 1290 474 1303 '
508 1271 609 1343 μία
638 1269 736 1343 μὲν
760 1271 870 1339 γὰρ
922 1268 1129 1322 τούτων
1146 1267 1331 1335 φύσις,
1353 1264 1447 1318 δύο
1474 1263 1531 1317 δὲ
1558 1260 1798 1315 ὑποστά-

221 1388 337 1435 σεις
374 1387 387 1400 ο
428 1369 461 1438 ἠ
496 1366 551 1421 δὲ
604 1364 914 1418 τούναντίον
973 1362 1072 1431 οὐχ
1119 1357 1490 1426 ὑποστατικὴν
1534 1353 1796 1424 διαφορὰν

219 1466 419 1535 ἔχουσα
443 1461 581 1531 πρὸς
611 1458 672 1511 τὸ
701 1457 1034 1528 ἀρχέτυπον,
1062 1454 1199 1506 ἀλλὰ
1245 1453 1506 1521 φυσικὴν,
1562 1448 1638 1511 ὡς
1661 1448 1694 1516 ἠ
1720 1447 1799 1498 εἰ-

221 1557 334 1609 κὼν
361 1553 454 1607 τοῦ
492 1548 734 1623 Χριστοῦ
766 1550 910 1618 πρὸς
935 1546 1029 1599 τδν
1057 1546 1317 1617 Χριστόν.
1376 1542 1490 1597 Μία
1565 1543 1663 1611 μὲν
1691 1540 1797 1607 γὰρ

219 1647 428 1702 τούτων
465 1647 786 1707 ὑπόστασις,
824 1640 916 1694 δύο
945 1639 1002 1693 δὲ
1027 1639 1236 1709 φύσεις.
1289 1636 1458 1705 Ἄλλη
1491 1636 1601 1703 γὰρ
1638 1633 1801 1703 φύσις

221 1736 583 1810 ὑλογραφίας,
610 1734 706 1788 καὶ
745 1733 882 1802 ἄλλη
940 1728 1187 1801 Χριστοῦ
1241 1730 1384 1783 κατὰ
1422 1727 1480 1782 τὸ
1518 1724 1798 1796 ἀνθρώπιο

221 1851 335 1896 νον,
363 1829 487 1884 καθ’
516 1826 545 1881 ὃ
582 1826 677 1881 καὶ
706 1825 1138 1895 περιγράφεται,
1199 1820 1292 1875 καὶ
1324 1819 1633 1891 ἀρχέτυπον
1660 1816 1804 1870 εἰκό-

222 1942 314 1986 νος
340 1920 685 1975 καθίσταται.
730 1917 855 1971 Ἐπὶ
914 1915 1014 1987 μὲν
1075 1913 1174 1982 τῆς
1236 1910 1543 1982 μιμητικῆς
1596 1908 1805 1969 εἰκόνος

224 2018 368 2069 κατᾶ
387 2015 486 2082 τὴν
510 2011 676 2077 ἰδέαν,
707 2010 825 2082 ἤτοι
861 2007 1074 2079 μορφὴν
1102 2009 1134 2076 ἡ
1179 2006 1465 2075 ὁμοίωσις⁸
1495 2003 1589 2055 ἐπὶ
1624 2001 1683 2054 δὲ
1707 1999 1807 2069 τῆς

224 2107 471 2178 φυσικῆς
489 2104 630 2160 κατᾶ
656 2106 751 2173 τὴν
783 2102 995 2166 ούσίαν,
1020 2100 1139 2171 ἦτοι
1183 2098 1412 2165 (ie/Icaro
1437 2094 1470 2164 ἠ
1496 2093 1764 2159 ταυτότης
1790 2102 1805 2118 °

224 2200 326 2252 καὶ
356 2201 450 2253 ἐπὶ
504 2197 604 2267 μὲν
638 2196 737 2265 τῆς
786 2194 1048 2263 φυσικῆς,
1106 2189 1241 2243 διότι
1295 2187 1395 2258 μία
1452 2184 1618 2255 φύσις
1672 2182 1809 2235 Tim?

224 2291 324 2344 καὶ
367 2287 600 2358 Πατρδς,
644 2286 733 2340 διὰ
779 2284 934 2338 τοῦτο
989 2284 1089 2353 μὶα
1137 2281 1233 2335 καὶ
1273 2278 1643 2350 προσκύνησις
1684 2274 1812 2328 τού·

224 2399 377 2447 των,
438 2379 557 2434 ἀλλ’
609 2378 669 2432 ού
725 2376 819 2430 δύο
883 2375 1024 2429 κατὰ
1079 2373 1139 2426 τὸ
1192 2372 1453 2441 διάφορον
1516 2369 1626 2421 τῶν
1675 2367 1811 2419 ὑπο-

227 2474 476 2529 στάσεων
524 2487 539 2503 ·
621 2470 714 2523 ἐπὶ
774 2468 832 2522 δὲ
904 2466 1003 2536 τῆς
1084 2463 1433 2536 μιμητικῆς,
1492 2461 1629 2514 διότι
1714 2458 1811 2527 μία

225 2567 532 2627 ὗπόστασις
588 2561 797 2622 εἰκόνος
861 2552 1102 2629 Χριστοῦ
1137 2598 1153 2623 ,
1191 2555 1287 2608 καὶ
1342 2553 1511 2606 αὐτοῦ
1547 2550 1809 2621 Χριστοῦ,

228 2658 337 2728 μία
416 2655 513 2708 καὶ
590 2651 969 2724 προσκύνησις
1050 2645 1288 2710 τούτων,
1388 2643 1503 2699 ἀλλ’
1577 2645 1645 2697 οὐ
1719 2643 1815 2697 δύο

226 2746 381 2801 κατὰ
415 2746 472 2798 τὸ
499 2743 756 2814 διάφορον
783 2741 889 2793 τῶν
914 2737 1153 2807 φύσεων.
1181 2737 1258 2789 Ού
1279 2736 1387 2805 γὰρ
1408 2734 1815 2792 ἰδιοῦπὸστατός

229 2843 391 2894 ἐστιν
437 2839 470 2908 ἡ
518 2834 794 2907 μιμητικὴ
828 2830 1014 2895 εἰκὼν,
1049 2827 1187 2882 ἀλλὰ
1218 2828 1313 2880 τοῦ
1352 2828 1664 2895 ἀρχετύπου
1716 2825 1816 2894 τὴν

228 2932 538 2986 ὑπόστασιν
593 2926 771 2996 φέρει,
828 2924 920 2978 καὶ
968 2922 1111 2977 κατὰ
1142 2919 1349 2988 ταύτην
1410 2917 1580 2969 εἰκὼν
1645 2915 1814 2969 αὑτοῦ

230 3024 417 3076 ἔστιν.
450 3019 782 3072 Ὑπόστασιν
817 3017 875 3070 δὲ
898 3015 994 3069 νῦν
1024 3015 1259 3083 λέγομεν
1291 3012 1352 3064 ού
1377 3012 1436 3063 τὸ
1465 3010 1656 3071 ἁπλῶς
1687 3010 1817 3076 ὑφε-

233 3111 410 3175 στὼς,
436 3109 745 3165 ἀλλὀύσίαν
782 3108 907 3162 τινὰ
939 3106 1079 3176 μετὰ
1112 3104 1444 3173 ἰδιωμάτων,
1477 3101 1603 3155 καθ’
1625 3101 1661 3155 ὃ.
1688 3102 1818 3156 δια-

1898 626 1953 672 et
1971 616 2223 673 essentia:
2254 614 2559 669 din‘erentia
2590 629 2687 683 per
2718 614 2999 668 materiam
3024 621 3231 668 tantum
3265 614 3474 669 discre-

1900 724 2014 785 pat,
2053 711 2172 767 sive
2209 708 2536 778 exemplaris
2570 708 2800 761 imitatio
2838 716 2891 760 et
2950 708 3320 773 adumbratio,
3360 708 3477 764 sive

1908 808 2044 861 artis
2081 819 2216 873 opus
2251 805 2392 871 quod
2429 803 2494 855 ad
2527 800 2859 868 exemplaris
2882 799 3240 854 imitationem
3260 815 3480 869 expresc

1902 909 2020 947 sum
2060 894 2294 948 essentia
2322 892 2519 946 diﬂ'et't.

1928 1011 1936 1018 -
1973 986 2152 1057 Imago
2174 985 2390 1048 dicitur,
2413 984 2554 1053 quod
2584 985 2845 1047 imitetur,
2869 992 2920 1038 et
2946 982 3358 1038 similitudinem
3383 1000 3478 1037 ex-

1902 1078 2122 1147 primat.
2150 1076 2333 1144 Imago
2364 1074 2621 1128 naturalis
2650 1073 2829 1129 diﬂ'ert
2855 1074 2924 1130 ab
2949 1076 3187 1147 imagine
3221 1093 3340 1145 qua:
3364 1089 3483 1130 arto

1904 1170 2147 1225 confecta
2177 1177 2293 1223 est:
2323 1167 2584 1221 naturalis
2615 1166 2759 1221 enim
2793 1182 2821 1219 a
2850 1181 3017 1223 causa
3045 1167 3209 1221 distat
3234 1183 3480 1235 persona:

1904 1260 2234 1325 diil’erentia,
2270 1270 2328 1312 ut
2357 1258 2527 1313 Filius
2555 1274 2582 1311 a
2620 1256 2803 1323 Patre,
2835 1272 3070 1325 quorum
3109 1275 3214 1313 una
3281 1268 3480 1314 natura

1904 1368 2031 1408 cum
2082 1353 2170 1415 sit,
2212 1353 2331 1405 duae
2369 1361 2498 1406 sunt
2530 1364 2796 1421 personae.
2854 1349 3056 1404 Contra
3116 1366 3245 1406 vero
3304 1352 3483 1421 imago

1904 1454 2022 1501 arte
2051 1444 2302 1499 confecta
2336 1445 2607 1513 discrepat
2636 1443 2707 1497 ab
2738 1442 3035 1509 exemplari
3097 1457 3204 1497 non
3237 1458 3485 1510 persona:

1907 1536 2229 1599 dilferentia,
2266 1537 2358 1589 sed
2388 1543 2616 1599 naturae,
2647 1548 2705 1589 ut
2736 1536 2913 1605 imago
2940 1534 3144 1590 Christi
3176 1550 3204 1589 a
3240 1533 3479 1591 Christo.

1910 1628 2026 1684 Una
2054 1628 2201 1683 enim
2230 1636 2314 1681 est
2346 1628 2583 1697 ipsorum
2621 1641 2873 1697 persona,
2935 1627 3028 1681 sed
3079 1634 3284 1681 natura:
3346 1628 3481 1683 duae.

1906 1724 2041 1778 Nam
2096 1723 2200 1778 alia
2234 1733 2319 1778 est
2386 1731 2577 1777 natura
2642 1723 2881 1778 materia:
2938 1721 3140 1778 Chriin
3199 1723 3486 1793 imaginem

1839 1854 1879 1907 Β
1908 1815 2219 1880 referentis,
2253 1814 2353 1869 alia
2384 1813 2584 1869 Christi
2618 1823 2885 1883 quatenus
2925 1814 3088 1869 homo
3112 1823 3216 1879 est,
3247 1823 3303 1868 et
3353 1831 3487 1884 qua-

1912 1915 2072 1960 tenus
2099 1905 2447 1967 describitur,
2481 1912 2535 1956 et
2560 1903 2840 1971 exemplar
2886 1903 3141 1970 imaginis
3197 1906 3489 1957 constitui-

1914 2008 2021 2051 tur.
2055 1997 2235 2065 Atque
2270 1993 2523 2064 imaginis
2579 1992 2801 2061 quidem
2833 2003 2949 2047 arte
2976 1991 3242 2048 confectae
3294 1995 3490 2049 simili-

1912 2090 2042 2143 tudo
2077 2088 2131 2141 in
2159 2087 2340 2158 specie
2380 2085 2623 2139 formave
2651 2083 2927 2139 consistit.
2960 2083 3232 2141 Naturalis
3298 2094 3484 2140 autem

1914 2183 1966 2236 in
1998 2180 2185 2237 eadem
2210 2177 2446 2235 essentia
2483 2191 2577 2231 seu
2640 2176 2968 2230 divinitate:
3024 2185 3078 2231 et
3134 2176 3186 2231 in
3257 2178 3492 2232 naturali

1911 2276 2155 2347 quidem,
2189 2272 2442 2343 qumiiam
2479 2285 2583 2324 una
2610 2280 2693 2324 est
2749 2268 2873 2329 Filii
2940 2270 3219 2339 Patrisque
3275 2281 3490 2336 natura,

1915 2365 2117 2421 idcirco
2141 2379 2246 2417 una
2273 2372 2355 2419 est
2389 2363 2556 2415 etiam
2596 2361 2788 2415 horum
2818 2362 3086 2427 atlnratio,
3141 2379 3246 2415 non
3307 2373 3489 2416 autem

1914 2459 2035 2513 duae
2059 2466 2281 2526 propter
2308 2454 2669 2510 ditl'erentiam
2700 2468 3080 2524 personarum.
3154 2454 3211 2508 In
3244 2470 3305 2510 ea
3341 2469 3489 2520 vero,

1915 2563 2036 2617 quae
2064 2548 2131 2601 ah
2166 2556 2283 2601 arte
2311 2545 2553 2613 proiecta
2582 2553 2689 2607 est,
2721 2542 2973 2609 quoniam
3036 2558 3144 2597 una
3180 2554 3262 2598 est
3302 2544 3495 2613 imagi-

1918 2637 2001 2690 nis
2056 2635 2262 2689 Christi
2309 2642 2365 2689 et
2422 2633 2592 2703 ipsius
2644 2632 2852 2687 Christi
2894 2648 3145 2703 persona,
3215 2635 3336 2690 ideo
3389 2652 3494 2691 una

1917 2738 2003 2780 est
2069 2726 2306 2792 ipsorum
2364 2725 2630 2788 adoratio,
2695 2740 2802 2780 non
2859 2734 3042 2781 autem
3101 2727 3222 2781 duae
3272 2739 3497 2797 propter

1917 2817 2273 2874 dill'erentiam
2310 2826 2650 2872 naturarum.
2682 2817 2867 2885 Imago
2894 2820 3041 2873 enim
3092 2831 3211 2875 arte
3244 2821 3495 2878 confecta

1920 2910 2122 2964 nullam
2172 2910 2335 2964 habet
2365 2910 2636 2978 propriam
2673 2924 2985 2978 personam,
3014 2911 3108 2967 sed
3162 2915 3498 2983 exemplaris

1920 3014 2207 3070 personam
2233 3003 2394 3071 gerit,
2428 3010 2850 3071 propterquam
2912 3002 3089 3074 imago
3157 3006 3327 3075 ipsius
3390 3019 3497 3064 est.

1921 3094 2214 3149 Personam
2244 3092 2331 3147 hic
2370 3092 2674 3157 accipimus
2741 3109 2849 3149 non
2881 3110 3004 3163 quae
3036 3097 3357 3166 simpliciter
3405 3114 3502 3166 per

230 3200 539 3275 χωρίζεται
595 3200 705 3252 τῶν
761 3197 1050 3268 ὁμοειδῶν.
1117 3194 1192 3248 Τὸ
1226 3192 1358 3262 γοῦν
1412 3191 1816 3244 ἰδιοῦηόστατον

1923 3198 1983 3241 se
2016 3193 2246 3248 constat,
2294 3184 2393 3239 sed
2419 3186 2708 3239 essentiam
2746 3185 3036 3254 quamdam
3065 3201 3188 3242 enim
3252 3190 3501 3258 proprie-

230 3294 346 3348 οὐκ
380 3291 565 3359 εἰκὼν,
592 3290 707 3344 ἀλλ’
731 3291 1064 3363 ἀρχέτυπον.

335 3565 402 3617 Ἦ
434 3563 530 3630 τῆς
553 3560 759 3622 εἰκόνος
796 3559 929 3629 τιμὴ
979 3559 1072 3611 ἐπὶ
1120 3559 1183 3611 τὸ
1214 3558 1573 3628 πρωτότυπον
1601 3556 1818 3611 διαϐαί-

231 3674 352 3719 νει,
382 3653 478 3707 καὶ
524 3652 640 3705 ἔστι
670 3650 881 3704 τούτων
938 3648 1038 3719 μία
1088 3649 1468 3719 προσκύνησις
1520 3650 1610 3703 διὰ
1634 3648 1727 3703 τὸν
1761 3650 1820 3701 ὲν

228 3750 454 3823 ἀμφοῖν
477 3745 575 3799 ἕνα
611 3743 959 3816 χαρακτῆρα.

321 3837 531 3899 Παντὸς
550 3833 865 3905 μιμητικῶς
889 3832 1298 3902 εἰκονιζομὲνου
1315 3832 1411 3901 οὐχ
1433 3834 1464 3901 ἡ
1489 3833 1671 3901 φύσις,
1702 3832 1821 3885 ἀλλ’

230 3932 280 4001 ἡ
318 3927 619 3987 ὑπόστασις
646 3921 995 3986 εἰκονίζεται,
1025 3923 1124 3975 καὶ
1164 3921 1254 3973 διὰ
1306 3921 1469 3974 τοῦτο
1503 3922 1702 3975 ταυτὸν
1744 3920 1821 3989 τῷ

231 4020 549 4090 ἀρχετύπῳ
594 4016 629 4084 ὴ
674 4012 841 4068 εἰκὼν
882 4011 1053 4066 αὐτοῦ
1094 4013 1157 4065 ού
1198 4016 1268 4083 τῇ
1339 4012 1524 4081 φύσει,
1566 4013 1701 4067 ἀλλὰ
1754 4016 1820 4084 τῇ

230 4106 574 4169 ὑποστάσει,
599 4104 767 4174 {now
792 4105 859 4173 τῇ
888 4103 1121 4172 μιμήσει
1150 4103 1250 4173 τῆς
1274 4104 1648 4167 ὑποστάσεως.

338 4198 431 4250 Ἐν
454 4197 520 4267 τῇ
550 4193 722 4247 εἰκόνι
750 4193 785 4263 ή
810 4192 1194 4262 εἰκονιζομινη
1219 4193 1314 4246 τοῦ
1350 4193 1662 4263 ἀρχετύπου
1688 4196 1824 4248 ὑπό-

230 4304 450 4350 στασις
476 4286 890 4357 προσκυνεῖται,
920 4284 1017 4336 καὶ
1044 4284 1147 4354 οὐχ
1184 4285 1218 4354 ἡ
1249 4283 1352 4353 ὕλη
1378 4284 1483 4354 τῆς
1516 4285 1727 4349 εἰκόνος
1749 4301 1760 4317 ·
1795 4289 1823 4339 ὁ

224 4375 794 4447 ἐναποσφραγισθεὶς
838 4376 978 4445 αὐτῇ
1023 4375 1339 4446 χαρακτὴρ,
1376 4378 1474 4431 καὶ
1519 4379 1621 4447 οὐχ
1655 4380 1689 4447 ἡ
1723 4379 1822 4447 τῆς

223 4474 466 4535 εἰκόνος
496 4470 677 4522 οὐσία.

330 4522 465 4618 ιοέέ
500 4563 601 4632 μὲν
630 4562 768 4629 πρὸς
796 4561 896 4632 τὴν
925 4562 1028 4631 τῆς
1052 4562 1262 4631 εἰκόνος
1294 4562 1459 4633 φύσιν
1502 4564 1687 4620 ἀπίδοι
1718 4581 1825 4629 τισν
1860 4522 1903 4579 ⁸

218 4659 315 4715 οὐ
351 4657 511 4726 μόνον
537 4655 598 4707 ού
627 4653 883 4723 Χριστὸν,
906 4653 1024 4705 ἀλλ’
1049 4653 1172 4706 οὐδὲ
1201 4655 1386 4707 είκόνα
1411 4655 1654 4725 Χριστοῦ
1684 4656 1827 4709 εἷποι

216 4751 324 4806 ἂν
358 4748 421 4801 τὸ
454 4744 768 4816 ὁρώμενον·
798 4744 918 4796 ἔστι
942 4743 1055 4813 γὰρ
1105 4744 1264 4809 ξύλον
1295 4744 1480 4815 τυχὸν,
1534 4746 1569 4815 ἢ
1602 4751 1823 4816 χρυσὸς,

1923 3278 2147 3342 tatibus,
2180 3291 2275 3346 per
2296 3289 2436 3345 quas
2465 3275 2534 3329 ab
2582 3274 2704 3329 aliis
2735 3274 2916 3330 differt
2973 3276 3216 3343 eiusdem
3258 3280 3497 3347 generis.

1923 3369 2282 3436 Quamobrem
2328 3372 2449 3434 ﬁnou
2495 3367 2701 3434 imago,
2740 3366 2836 3421 sed
2888 3369 3169 3436 exemplar
3222 3370 3497 3440 propriam

1923 3461 2083 3517 habet
2104 3464 2433 3531 personam.

2015 3552 2268 3620 lmaginis
2312 3554 2482 3606 honor
2531 3553 2583 3605 in
2646 3554 2923 3623 exemplar
2978 3555 3211 3617 recidit,
3261 3565 3313 3612 et
3392 3571 3500 3611 una

1923 3654 2007 3699 est
2048 3644 2332 3712 utriusque
2389 3644 2670 3708 adoratio,
2729 3646 2983 3714 quoniam
3027 3662 3131 3701 una
3161 3657 3248 3703 est
3300 3649 3505 3720 eliigiea

1926 3737 2228 3805 utriusque.

1994 3829 2260 3898 Quidquid
2319 3828 2385 3881 ab
2432 3836 2549 3880 arte
2599 3827 2944 3893 describitur,
2998 3829 3118 3896 ejus
3152 3845 3255 3884 non
3287 3841 3501 3896 natura,

1925 3922 2016 3975 sed
2032 3933 2258 3987 persona
2283 3916 2628 3972 describitur.
2655 3917 2715 3970 Et
2738 3919 2942 3974 idcirco
2967 3920 3142 3990 imago
3169 3922 3338 3991 ipsius
3360 3923 3500 3979 idem

1926 4025 2006 4070 est
2027 4029 2149 4067 eum
2189 4012 2502 4080 exemplari,
2563 4027 2667 4066 non
2717 4023 2932 4079 natura.
2978 4018 3071 4070 sed
3119 4032 3374 4086 persona,
3407 4035 3501 4074 seu

1900 4114 2172 4177 persona:
2197 4103 2576 4160 similitudine.

1999 4196 2333 4266 Exemplaris
2345 4210 2572 4265 persona
2594 4197 2825 4267 imagine
2843 4214 3117 4271 expressa,
3131 4217 3239 4256 non
3255 4204 3505 4273 imagin's

1928 4285 2457 4352 nvateriajadoratur,
2487 4302 2591 4341 non
2622 4287 2869 4357 imaginis
2889 4293 3142 4359 essentia,
3179 4306 3211 4350 s
3240 4294 3274 4348 (Ι
3307 4292 3504 4357 forma.

1927 4396 2046 4450 qua:
2075 4379 2127 4434 in
2161 4382 2273 4450 ipsa
2306 4379 2570 4448 descripta
2608 4388 2710 4436 cst.

2003 4565 2135 4620 Cum
2167 4563 2287 4633 quis
2305 4562 2369 4617 ad
2394 4562 2642 4633 imaginis
2668 4573 2914 4618 naturam
2956 4565 3193 4634 respicit,
3220 4581 3327 4619 nou
3348 4569 3510 4625 modo

1929 4652 2225 4717 Christum,
2246 4652 2339 4706 sed
2364 4667 2430 4706 ne
2450 4650 2659 4735 Christi
2679 4653 2893 4721 quidem
2924 4654 3211 4721 imaginem
3242 4664 3395 4710 Vocat
3428 4658 3506 4722 id,

1929 4746 2069 4815 quod
2091 4745 2253 4807 videt;
2288 4753 2370 4800 est
2390 4745 2533 4800 enim
2563 4744 2765 4816 lignum
2783 4740 3029 4807 fortasse.
3056 4757 3149 4800 aut
3179 4762 3391 4814 aurum,
3416 4757 3510 4803 aut

210 4844 267 4914 ἢ
319 4839 590 4910 ἄργυρος,
619 4835 653 4906 ἡ
679 4853 734 4888 τι
764 4834 875 4888 τῶν
902 4834 1080 4889 ἄλλων
1115 4835 1263 4888 ὑλῶν
1296 4851 1309 4865 ·
1341 4836 1430 4888 ὅτε
1456 4837 1516 4889 δὲ
1562 4838 1700 4906 πρὸς
1726 4837 1828 4908 τὴν

209 4932 323 4988 δι’
355 4928 758 4997 ὲκτυπώματος
793 4927 1057 4996 ὁμοίωσιν
1080 4926 1175 4980 τοῦ
1198 4927 1534 4997 ἀρχετύπου,
1568 4928 1666 4981 καὶ
1694 4927 1830 4997 Χρι-

210 5023 412 5087 στὸν,
446 5023 545 5075 καὶ
572 5018 836 5091 Χριστοῦ,
888 5019 1028 5074 ἀλλὰ
1062 5021 1301 5090 Χριστὸν
1336 5022 1435 5091 μὶν
1462 5021 1586 5074 καθ’
1616 5024 1831 5091 ὁμωνυ-

211 5117 414 5190 μίαν,
442 5112 682 5183 Χριστοῦ
708 5112 765 5166 δὲ
790 5113 932 5165 κατὰ
960 5113 1021 5166 τὸ
1060 5114 1196 5185 πρός
1221 5131 1297 5168 τ’..

1931 4847 2234 4907 argentum,
2267 4846 2359 4891 aut
2373 4838 2553 4908 aliqua
2583 4839 2687 4894 alia
2725 4838 2969 4893 materia.
3004 4838 3076 4891 At
3105 4853 3226 4893 cum
3247 4841 3508 4896 aderun-

1932 4930 2343 4999 plarissimiiitu
2368 4924 2528 4984 lineui
2560 4929 2789 4998 imagine
2821 4943 3130 4994 expressam
3184 4942 3241 4985 te
3272 4928 3422 4998 picit,
3454 4938 3509 4985 ιι

1932 5020 2230 5080 Christum,
2269 5027 2323 5069 et
2346 5017 2548 5071 Christi
2605 5016 2894 5085 imaginem
2923 5017 3153 5083 appellat
3185 5035 3198 5071 :
3233 5019 3508 5074 Christum

1933 5113 2150 5179 quidem
2178 5109 2470 5177 mirivoce,
2523 5108 2722 5191 Christi
2755 5118 2935 5163 autem
2977 5124 3045 5163 ex
3066 5125 3130 5165 eo
3152 5110 3292 5180 quod
3325 5110 3391 5165 ad
3413 5110 3507 5167 ali-

1935 5202 2064 5269 quid
2100 5200 2349 5255 refertur.

344 5288 412 5339 Ἡ
446 5287 613 5340 εἰκὼν
646 5286 837 5355 σχέσιν
860 5283 974 5353 ἔχει
1000 5284 1138 5352 πρὸς
1171 5285 1232 5335 τὸ
1264 5284 1598 5351 ἀρχέτυπον,
1626 5286 1716 5338 καὶ
1744 5287 1831 5339 αἱ·

196 5381 380 5438 τίον
412 5378 561 5430 ἐστὶν
588 5377 846 5430 αἰτιατόν.
891 5378 1133 5444 Ἀνάγκη
1158 5374 1254 5427 οῦν
1293 5374 1384 5428 διὰ
1412 5376 1572 5428 τοῦτο
1602 5379 1696 5431 καὶ
1725 5378 1834 5431 τῶν

209 5472 409 5543 πρός
432 5487 485 5523 τι
510 5464 653 5522 εἶναι
694 5468 902 5536 ταύτην
961 5470 1057 5521 καὶ
1097 5468 1376 5535 λέγεσθαι.
1437 5469 1559 5522 Τῶν
1593 5470 1729 5539 πρός
1782 5486 1834 5522 τι

188 5568 376 5639 γὰρ
397 5566 429 5631 ἡ
467 5561 679 5631 σχέσις,
719 5564 785 5615 τὰ
814 5562 871 5613 δὲ
903 5563 1039 5630 πρός
1067 5579 1120 5614 τι
1150 5562 1293 5616 αὐτὰ.
1344 5563 1491 5634 ἆπερ
1536 5563 1683 5615 ἐστὶν
1716 5564 1835 5616 ἐτέ-

202 5673 384 5733 ρων
408 5652 548 5708 εἶναι
578 5655 817 5722 λέγεται,
851 5656 945 5709 καί
967 5656 1321 5724 ἀντιστρέφει
1352 5657 1452 5727 τὴν
1484 5658 1670 5726 σχέσιν
1703 5657 1837 5727 πρὸς

2010 5294 2186 5363 Imago
2224 5292 2543 5344 relat’ouem
2587 5292 2746 5345 habet
2789 5293 2856 5347 ad
2904 5294 3202 5364 exemplar,
3252 5304 3306 5350 ot
3351 5297 3418 5350 ah
3446 5312 3513 5351 eo

1934 5393 2189 5451 tanquam
2218 5397 2247 5435 a
2274 5396 2435 5436 causa
2467 5382 2751 5449 dependit.
2780 5384 2965 5453 Itaque
2995 5398 3215 5441 necesse
3238 5392 3322 5439 est
3366 5396 3422 5440 ut
3444 5402 3513 5439 ex

1938 5491 2124 5530 eorum
2167 5476 2241 5529 sit
2266 5474 2583 5543 dicaturque
2612 5490 2854 5541 numero,
2897 5491 3015 5543 quae
3038 5475 3107 5528 ad
3137 5476 3336 5544 aliquid
3373 5476 3514 5531 refc-

1942 5576 2153 5620 rnntur.
2188 5567 2319 5630 Quae
2344 5576 2520 5620 autem
2557 5566 2623 5620 ad
2654 5567 2852 5636 aliquid
2890 5566 2976 5620 rei
3003 5578 3216 5629 runtur,
3261 5582 3348 5633 ea,
3376 5584 3514 5638 qna-

1944 5671 2100 5713 tenus
2130 5668 2282 5723 sunt,
2335 5659 2562 5712 aliorum
2593 5659 2843 5713 dicuntur
2876 5673 3021 5725 esse,
3072 5670 3364 5729 mutuoque
3396 5677 3518 5716 sese

1946 5749 2256 5819 τρεμίοἰυιιι.
2287 5748 2573 5815 Exemplar
2601 5750 2743 5803 enim
2766 5749 3014 5819 imaginis
3041 5750 3320 5819 exemplar
3334 5762 3439 5809 est.
3463 5760 3521 5808 ot

1952 5846 2130 5913 imago
2174 5853 2259 5898 est
2317 5842 2639 5911 exemplaris
2668 5844 2863 5910 imago.
2906 5840 3015 5895 Nec
3066 5842 3347 5913 quisquam
3380 5844 3516 5900 ima-

188 5751 351 5811 ἅλ)
369 5748 490 5819 ηλα.
536 5748 876 5818 Ἀρχὲτυπον
933 5748 1044 5818 γὰρ
1088 5749 1305 5811 εἰκόνος
1355 5749 1709 5820 ἀρχέτυπον·
1743 5750 1837 5803 καὶ

184 5870 224 5903 ε
244 5844 431 5902 istd»:
458 5845 770 5915 ἀρχετύπου
797 5843 982 5898 εἰκών.
1014 5843 1124 5895 Καὶ
1144 5844 1245 5895 οὐκ
1274 5843 1340 5897 ἄν
1369 5861 1454 5908 τις
1483 5844 1715 5913 ἄσχετον
1762 5846 1840 5895 εἰσ
