4052 6292
586 417 720 484 1167

1814 412 2202 475 EUTHYMII
2245 414 2602 476 ZIGABENI

3714 413 3846 479 1168

578 539 754 607 ginem
784 549 815 588 α
840 532 985 587 nulla
1006 548 1062 587 re
1080 532 1493 601 dependentem,
1522 528 1599 585 rei
1623 527 1852 601 alicujus
1879 530 2140 597 imaginen

2275 530 2411 583 κόνα
2452 529 2551 597 τὴν
2582 528 2729 591 τινὸς
2757 527 2942 582 εἰκόνα
2983 527 3141 599 φαίη.
3181 528 3330 595 ’Δμα
3360 527 3469 597 γᾶρ
3530 544 3595 580 συ
3616 530 3848 595 ιεισὰγε-

575 630 796 686 dixerit.
856 625 1028 681 Simul
1083 623 1225 680 enim
1290 623 1550 678 inducunt
1613 636 1755 687 sese,
1818 621 2165 689 vlci:simque

575 718 1008 777 considerantur.

646 814 791 881 Quot
805 808 1113 864 nominibus
1129 805 1405 875 exemplar
1420 813 1612 858 vocatu
1623 818 1664 869 r,
1693 803 1912 857 totidem
1934 813 2162 859 vocatur

574 918 629 964 et
655 909 830 974 imago
858 902 1049 972 ipsius.
1068 899 1172 952 Sed
1192 896 1319 951 illud
1341 895 1556 965 quidem
1578 903 1634 947 ut
1667 895 1967 963 exemplar,
1996 904 2045 947 et
2068 906 2163 960 per

573 1014 651 1063 se,
680 1005 735 1052 et
774 993 1011 1066 proprie;
1035 992 1149 1045 haec
1183 996 1360 1043 autem
1398 996 1454 1040 ut
1492 986 1609 1056 ejus
1629 986 1827 1054 imago,
1863 995 1914 1039 et
1945 996 2163 1054 propter

572 1093 771 1162 ipsum,
797 1097 851 1143 et
887 1085 1199 1156 improprie.

644 1182 777 1237 Cum
811 1179 1069 1233 adoratur
1096 1179 1291 1246 imago,
1314 1177 1573 1230 adoratur
1594 1172 1865 1234 Christus,
1889 1170 2046 1238 cujus
2070 1168 2157 1222 illa

569 1273 976 1330 similitudinem
1026 1271 1188 1341 gerit,
1247 1283 1348 1323 non
1396 1278 1575 1321 autem
1631 1264 1879 1324 materia,
1938 1263 1991 1316 in
2048 1277 2158 1331 qua

569 1368 866 1427 similitudo
888 1368 1151 1433 impressa
1175 1370 1277 1417 est.
1306 1359 1369 1413 Et
1390 1357 1843 1431 quemadmodum
1874 1353 2159 1423 inspeculo

566 1476 797 1534 persona
830 1455 1230 1527 quodammodo
1249 1454 1578 1509 describitur
1608 1451 1784 1520 ipsum
1814 1448 2157 1511 intuentis,et

568 1561 752 1610 manet
791 1566 820 1605 a
849 1547 1076 1603 materia
1121 1554 1394 1616 separata,
1443 1559 1507 1598 ac
1534 1544 1579 1598 si
1634 1543 1755 1612 quis
1803 1540 2071 1609 propriam
2104 1539 2155 1592 in

566 1644 782 1715 speculo
807 1640 1152 1710 conspicuam
1195 1638 1322 1691 velit
1376 1635 1663 1705 imaginem
1696 1632 1954 1697 osculari,
1993 1641 2159 1685 male.

566 1745 659 1794 ria:
684 1736 902 1807 quidem
937 1733 1187 1794 inhteret,
1245 1730 1341 1783 sed
1399 1726 1685 1796 imaginem
1745 1722 2047 1786 osculatur,
2104 1731 2158 1774 et

564 1832 678 1898 ipso
708 1826 1016 1890 recedente,
1039 1820 1197 1878 simul
1229 1821 1394 1875 etiam
1429 1817 1605 1873 avolat
1664 1818 1861 1883 imago,
1896 1812 2151 1884 quoniam

2264 639 2378 685 ται,
2414 624 2506 675 καὶ
2540 624 3034 691 συνεπιϐεωρεῖται
3064 621 3281 693 Θατὲρῳ
3308 622 3561 691 θάτερον.

2353 793 2419 846 Ὀ
2432 811 2538 857 σοις
2572 794 2804 865 ὀνόμασι
2832 797 2894 849 τὸ
2921 795 3234 865 ἀρχέτυπον
3268 794 3540 860 καλεῖται,
3571 794 3850 859 τοσούτοις

2266 884 2363 936 καὶ
2390 887 2418 953 ἡ
2460 886 2622 939 εἰκὼν
2658 886 2849 942 αὐτοῦ.
2905 886 3069 939 Ἀλλὰ
3094 887 3155 939 τὸ
3182 886 3283 955 μὲν
3313 886 3387 949 ὡς
3411 888 3733 957 ἀρχέτυπον
3757 886 3850 939 καὶ

2262 976 2329 1029 δι’
2364 976 2551 1043 ἑαυτὸ,
2607 979 2703 1032 καὶ
2740 979 2974 1048 κυρίως’
3009 981 3043 1049 ἡ
3077 979 3134 1032 δὲ
3189 978 3266 1043 ὡς
3311 978 3477 1032 εἰκὼν
3514 979 3711 1041 αὐτοῦ,
3759 980 3851 1031 καὶ

2260 1065 2329 1119 δι’
2368 1068 2566 1132 ἐκεῖνο,
2598 1069 2691 1121 καὶ
2720 1068 3205 1139 καταχρηστικῶς.

2331 1160 2826 1233 Προσκυνονμένης
2857 1162 2957 1232 τῆς
2990 1162 3220 1224 εἰκόνος,
3256 1163 3285 1215 ὁ
3314 1160 3556 1232 Χριστος
3597 1179 3848 1229 προσκυ-

2261 1253 2455 1319 νεῖται,
2488 1247 2550 1306 οὕ
2582 1255 2733 1306 ἐστιν
2760 1254 3046 1323 ὁμοίωσις,
3096 1255 3193 1307 καὶ
3224 1254 3323 1323 οὐχ
3376 1256 3411 1324 ἡ
3458 1252 3849 1323 ὑποδεξαμένη

2260 1344 2360 1412 τὴν
2392 1344 2653 1415 ὁμοίωσιν
2686 1345 2809 1415 ὕλη.
2869 1346 2976 1398 Καὶ
3008 1345 3197 1416 ὥσπερ
3240 1346 3338 1399 ἐπὶ
3376 1344 3471 1399 τοῦ
3530 1347 3847 1416 κατόπτρου

2258 1436 2619 1507 διαγράφεται
2650 1442 2858 1506 τρόπον
2882 1440 3006 1491 τινὰ
3046 1438 3105 1490 τὸ
3144 1439 3438 1509 πρόσωπον
3478 1438 3574 1491 τοῦ
3619 1437 3848 1508 βλέπον-

2257 1546 2349 1592 τος
2385 1529 2541 1595 αὐτὸ,
2597 1532 2691 1584 καὶ
2728 1531 2883 1600 μένει
2922 1530 3023 1599 τῆς
3061 1529 3193 1602 ὕλης
3238 1532 3689 1601 κεχωρισμένον·
3742 1532 3845 1583 κᾶν

2262 1621 2512 1692 θελήσειὲ
2559 1639 2645 1686 τις
2681 1621 3037 1677 ἀσπάσασθαι
3088 1622 3187 1693 τὴν
3228 1623 3645 1693 ἐμφαινομένην
3709 1622 3848 1697 ἰδίαν

2259 1711 2467 1776 εἰκόνα,
2500 1714 2568 1784 τῇ
2606 1714 2704 1783 μὲν
2735 1712 2838 1786 ὕλῃ
2874 1714 3147 1784 προσέφυ,
3172 1713 3273 1784 τὴν
3313 1712 3503 1767 εἰκόνα
3558 1714 3619 1767 δὲ
3648 1732 3838 1786 περιε-

2260 1804 2522 1871 πτύξατο,
2575 1806 2670 1865 καὶ
2719 1807 3100 1877 μεταστάντος
3155 1806 3345 1872 αὐτοῦ,
3385 1809 3711 1879 συναπέπτη
3754 1809 3843 1862 καὶ

562 1937 590 1974 a
616 1918 820 1989 speculi
852 1914 1073 1970 materia
1127 1914 1245 1984 ipsa
1300 1925 1532 1981 persona
1595 1919 1879 1977 separatur
1911 1925 1924 1961 :
1963 1906 2140 1961 eadem

2255 1896 2316 1947 τὸ
2352 1894 2586 1963 ίνδαλμα
2610 1896 2700 1950 διὰ
2726 1896 2788 1951 τὸ
2824 1897 3159 1969 κεχωρῖσοιι
3197 1898 3299 1968 τῆς
3350 1899 3489 1969 ὕλης
3516 1900 3617 1953 τοῦ
3672 1878 3839 1953 κατόο

562 2011 772 2067 ratione
798 2007 890 2077 qui
920 2004 1230 2061 Servatoris
1267 2011 1358 2057 aut
1393 2000 1487 2055 Dei
1519 1998 1839 2062 Genitricis,
1874 1996 2154 2051 aut'alicu-

561 2106 647 2171 jus
700 2110 1012 2157 sanctorum
1070 2098 1362 2165 imaginem
1426 2094 1725 2157 osculatur,
1760 2091 1880 2144 licet
1914 2090 2155 2145 materia:

561 2195 844 2253 inhaerent.
897 2187 1207 2256 imaginem,
1240 2199 1346 2238 non
1389 2181 1674 2236 materiam
1738 2178 2029 2232 osculatur.
2088 2175 2152 2230 Et

560 2284 797 2353 imagine
820 2280 1016 2343 deleta,
1052 2284 1270 2349 propter
1302 2289 1462 2344 quam
1500 2271 1857 2327 exhibebatur
1882 2269 2148 2337 adoratio,

559 2376 789 2432 materia
814 2382 1058 2427 remanet
1086 2384 1192 2423 non
1225 2366 1456 2436 amplius
1482 2364 1777 2427 adoranda,
1808 2361 2008 2430 quippe
2029 2374 2150 2429 qua:

558 2481 843 2525 commune
868 2479 993 2520 cum
1021 2459 1378 2517 similitudine
1410 2457 1542 2511 nihil
1580 2458 1764 2512 habet.

624 2559 793 2614 Detur
816 2555 1072 2619 annulus,
1098 2555 1150 2607 in
1168 2566 1275 2621 quo
1304 2550 1482 2619 imago
1510 2548 1582 2604 sit
1609 2547 1775 2616 regia.
1803 2547 2148 2616 lmprimatur

556 2654 610 2707 in
652 2666 798 2714 cera,
831 2659 884 2704 et
919 2649 972 2702 in
1011 2648 1150 2716 pice,
1202 2654 1258 2698 et
1306 2644 1357 2697 in
1389 2643 1522 2696 luto.
1581 2640 1641 2695 In
1679 2640 1764 2695 his
1794 2638 2009 2707 quidem
2044 2640 2147 2695 erit

556 2746 795 2813 signum,
829 2740 990 2809 idque
1018 2737 1160 2790 nulla
1191 2736 1400 2790 ratione
1444 2732 1720 2797 differens,
1759 2731 1883 2784 licet
1908 2732 2147 2785 materia:

556 2835 784 2889 diversa:
818 2832 947 2885 sint.
1003 2828 1139 2882 Cum
1172 2826 1259 2881 his
1307 2825 1451 2879 enim
1516 2824 1730 2892 signum
1793 2821 1924 2875 nihil
1985 2822 2144 2875 habet

556 2938 867 2986 commune,
898 2922 990 2976 sed
1019 2921 1085 2973 ab
1119 2919 1250 2984 ipsis
1276 2927 1605 2987 separatum,
1638 2924 1692 2967 et
1713 2914 1764 2966 in
1797 2914 2001 2967 annulo
2026 2927 2144 2966 ma-

558 3031 692 3073 nens
723 3015 902 3069 animo
939 3009 1368 3081 rogitationeque
1422 3005 1916 3075 comprehenditur.
1976 3003 2067 3059 Sic
2088 3011 2145 3059 et

554 3106 766 3163 Christi
799 3104 1122 3167 similitudo,
1156 3098 1408 3170 quamvis
1462 3113 1583 3152 eam
1645 3094 1884 3149 materiae
1915 3093 2142 3148 diversae

2257 2005 2430 2057 πτρου
2463 2005 2477 2021 ⁸
2513 1990 2603 2043 τὸν
2620 1991 2785 2044 αὐτὸν
2816 1993 3019 2062 τρόπον
3040 1992 3068 2044 ὁ
3101 1991 3200 2060 τὴν
3224 1992 3413 2045 εἰκόνα
3436 1992 3532 2045 τοῦ
3551 1994 3840 2060 Σωτῆρος,

2254 2081 2288 2153 ἢ
2329 2082 2431 2152 τῆς
2465 2081 2830 2153 Θεομήτορος,
2856 2084 2890 2154 ἦ
2921 2101 3064 2146 τινος
3093 2084 3202 2136 τῶν
3231 2083 3404 2152 ἁγίων
3432 2085 3840 2154 ἀσπαζόμενος,

2254 2177 2303 2228 εἰ
2333 2176 2427 2229 καὶ
2460 2175 2805 2246 προσφύεται
2852 2179 2920 2248 τῇ
2972 2176 3095 2248 ὕλῃ,
3137 2176 3236 2246 τὴν
3280 2176 3490 2242 εἰκόνα,
3516 2181 3612 2231 καὶ
3640 2179 3708 2231 οὐ
3751 2181 3840 2248 τὴν

2261 2270 2393 2338 ὕλην
2432 2268 2766 2331 ἀσπάζεται,
2803 2271 2897 2322 καὶ
2924 2271 3321 2338 ἀφανισθέντος
3367 2269 3461 2323 τοῦ
3496 2269 3841 2342 ἐκτυπώμα-

2252 2378 2369 2423 τος,
2398 2360 2485 2428 ἐφ’
2520 2354 2563 2428 ᾧ
2589 2362 2623 2431 ἡ
2655 2361 3053 2433 προσκύνησις,
3081 2363 3301 2432 ἔμεινεν
3336 2352 3767 2433 ἁπρόσκῦνητος
3808 2368 3836 2434 ἡ

2258 2452 2380 2520 ὕλη,
2416 2454 2584 2523 μηδὲν
2614 2470 2666 2506 τι
2702 2453 3037 2508 κοινωνοῦσα
3062 2454 3141 2524 τῷ
3180 2452 3535 2524 ὁμοιώματα

2326 2548 2508 2600 Ἔστω
2536 2546 2821 2610 δακτύλιος
2854 2545 3338 2616 ἐγκεχαραγμένας
3383 2546 3566 2598 εἰκόνα
3616 2544 3836 2615 sum.

2249 2638 2379 2708 κὴν,
2408 2634 2527 2691 εἶτα
2564 2638 2884 2692 ὲκτυπούτω
2916 2639 2975 2689 ὲν
3008 2637 3186 2707 κηρῷ,
3218 2636 3312 2689 καὶ
3337 2638 3391 2690 ὲν
3415 2637 3607 2707 πίσση,
3638 2640 3753 2689 καὶ
3783 2641 3834 2690 ἐν

2248 2730 2427 2801 πηλῷ.
2470 2730 2532 2785 ἸΙ
2576 2731 2675 2799 μὲν
2704 2729 2797 2783 οὕν
2831 2728 3070 2799 σφραγὶς
3100 2730 3199 2798 μία
3261 2730 3353 2781 καὶ
3402 2730 3835 2799 ἀπαράλλακτος

2246 2823 2305 2876 ὲν
2331 2822 2560 2887 τούτοις,
2621 2825 2676 2876 αἰ
2715 2822 2772 2876 δὲ
2807 2822 2928 2875 ὕλαι
2989 2822 3264 2891 διάφοροι,
3315 2821 3403 2874 διὰ
3457 2822 3517 2873 τὸ
3562 2820 3753 2890 μηδὲν
3783 2837 3833 2873 τι

2244 2916 2365 2976 ταῖς
2394 2912 2547 2976 ὕλαις
2579 2912 2679 2984 τὴν
2709 2913 2979 2983 σφραγῖδα
3004 2914 3303 2977 κοινωνεῖν,
3331 2912 3447 2964 ἀλλ’
3468 2908 3610 2965 εἰναι
3644 2911 3833 2983 αὐτὴν

2244 3010 2311 3077 τῇ
2346 3008 2560 3077 ἐπινοίᾳ
2586 3008 2797 3061 τούτων
2852 3008 3275 3077 κεχωρισμένην
3329 3010 3387 3060 ὲν
3414 3007 3491 3075 τῷ
3540 3007 3831 3077 δακτυλίῳ

2247 3098 2537 3168 μένουσαν.
2573 3097 2760 3160 Οὕτως
2783 3098 2876 3152 οὖν
2902 3099 2997 3153 καὶ
3036 3100 3098 3152 τδ
3136 3098 3230 3151 τοῦ
3260 3098 3497 3166 Χριστοῦ
3534 3098 3832 3170 ὁμοίωμα,

554 3198 792 3253 referant
852 3209 1164 3263 expressam
1197 3231 1212 3255 ,
1274 3190 1409 3244 nihil
1433 3189 1593 3243 habet
1627 3196 1806 3240 tamen
1843 3197 2134 3238 commune

2243 3193 2291 3244 εἰ
2336 3193 2429 3243 καὶ
2465 3193 2526 3243 ὲν
2571 3191 2851 3261 διαφόροις
2894 3190 3047 3253 ὕλαις
3103 3191 3421 3261 ὲκτυπωοῇ,
3451 3190 3833 3261 ἀκοινώνητόν

554 3303 675 3342 cum
701 3286 830 3350 illis,
853 3286 947 3340 sed
976 3285 1029 3337 in
1050 3282 1253 3338 Christi
1290 3289 1471 3333 manet
1506 3292 1767 3347 persona.

632 3380 822 3432 Sacrae
841 3377 1105 3444 imagines
1127 3372 1531 3433 constituimus,
1556 3378 1635 3433 ut,
1656 3383 1747 3422 eas
1765 3365 2136 3436 contemplan-

557 3480 660 3535 tes,
694 3470 931 3538 ipsarum
958 3464 1283 3532 exemplaria
1310 3461 1467 3516 nobis
1498 3461 1780 3515 videamur
1808 3458 2025 3521 intueri,
2044 3472 2136 3511 eo-

564 3570 793 3630 rumque
820 3557 973 3610 unbis
997 3564 1110 3609 tum
1143 3554 1456 3609 memoriam
1482 3560 1761 3615 renovent,
1784 3560 1899 3605 tum
1919 3548 2132 3604 deside-

556 3653 692 3706 rium
722 3648 945 3703 leniant.

618 4018 800 4073 Beatae
846 4013 1099 4068 Trinitati
1128 4013 1197 4067 ab
1244 4010 1560 4065 orthodoxis
1589 4009 1745 4063 latria
1787 4007 2045 4062 tribuitur
2075 4009 2131 4062 in

549 4110 744 4180 Spiritu
793 4116 849 4163 ct
882 4107 1144 4172 veritate;
1212 4106 1416 4158 sanctis
1459 4109 1637 4156 autem
1679 4101 2000 4170 imaginibus
2027 4116 2130 4155 non

548 4199 704 4253 latria
734 4195 976 4259 omnino,
994 4192 1087 4249 sed
1105 4194 1369 4256 adoratio,
1387 4203 1439 4246 et
1470 4191 1831 4255 deosculatio,
1858 4200 1913 4246 et
1939 4191 2129 4245 honor.

545 4290 696 4345 Licet
724 4288 867 4344 enim
902 4286 1150 4353 imaginis
1178 4286 1342 4339 etiam
1382 4287 1559 4340 honor
1598 4293 1841 4339 transeat
1861 4284 1926 4337 ad
1948 4297 2133 4337 exem-

547 4383 683 4451 plar,
704 4379 856 4433 latria
874 4388 1047 4430 tamen
1070 4391 1174 4429 non
1189 4376 1416 4431 debetur
1442 4376 1764 4431 venerandis
1784 4375 2130 4441 imaginibus,

546 4472 639 4527 sed
666 4469 763 4525 soli
793 4470 965 4522 beata:
1022 4466 1296 4533 'l‘rinitati,
1356 4482 1421 4521 ne
1448 4468 1608 4521 rebus
1655 4465 1947 4536 procreatis
1976 4476 2028 4519 et
2060 4480 2128 4520 ex

2240 3284 2355 3334 ἐστι
2389 3282 2499 3335 τῶν
2532 3282 2672 3335 ὑλῶν
2699 3284 2759 3336 ὲν
2797 3286 2863 3353 τῇ
2892 3283 3262 3353 τοῦΧριστοῦ
3296 3286 3458 3353 μένον
3490 3282 3825 3337 ὑποστάσει.

2311 3372 2423 3437 Τὰς
2485 3374 2635 3443 ἱερὰς
2701 3375 2917 3437 εἰκόνας
2964 3374 3398 3445 ἁναστηλοῦμεν,
3468 3374 3554 3425 ἵνα
3602 3372 3824 3437 ταύτας

2237 3462 2471 3531 ὁρῶντες
2504 3464 2575 3516 δι’
2599 3464 2780 3517 αὐτῶν
2803 3464 3050 3534 δοκῶμεν
3104 3468 3239 3537 ὁρᾷν
3278 3466 3348 3518 τὰ
3400 3465 3608 3517 τοίτων
3639 3464 3824 3536 ἀρχέ-

2240 3569 2412 3617 τυπα,
2454 3552 2546 3605 καὶ
2577 3554 2821 3619 γίνονται
2849 3556 2979 3623 ἡμῖν
3005 3556 3407 3624 ὑπομνήματα,
3430 3555 3523 3606 καὶ
3558 3571 3823 3624 παρηγο-

2238 3646 2330 3714 ρία
2355 3644 2450 3699 τοῦ
2488 3645 2653 3698 πόθου
2684 3646 2779 3699 τοῦ
2809 3646 2945 3717 πρὸς
2972 3650 3042 3700 τὰ
3082 3647 3286 3699 τούτων
3316 3645 3682 3717 πρωτότυπα.

2304 3738 2468 3790 Ὅσον
2521 3738 2762 3808 συνεχῶς
2800 3740 2856 3792 αἰ
2905 3740 3112 3807 εἰκόνες
3164 3739 3419 3809 ὁρῶνται,
3456 3738 3723 3791 τοσοῦτον
3766 3739 3816 3791 οἱ

2232 3832 2435 3897 ταύτας
2475 3834 2711 3903 δρῶντες
2736 3835 3109 3889 διανίστανται
3141 3835 3274 3905 πρὸς
3300 3834 3399 3905 τὴν
3425 3834 3540 3887 τῶν
3568 3834 3816 3905 ἀρχετύ-

2236 3941 2353 3978 πων
2389 3927 2615 3997 μνήμην
2650 3928 2747 3980 καὶ
2779 3926 3130 3998 ἐπιπόθησιν.

2319 4016 2380 4070 Ἦ
2398 4018 2496 4087 μὲν
2514 4021 2572 4072 ἐν
2592 4019 2862 4088 πνεύματι
2880 4019 2974 4072 καὶ
2988 4019 3218 4091 ἀληθεία
3232 4019 3457 4090 λατρεία
3474 4022 3539 4090 τῇ
3559 4021 3814 4091 μαηρὲᾳ

2234 4109 2424 4178 Τριάδι
2465 4110 2616 4177 παρὰ
2650 4110 2758 4164 τῶν
2794 4109 3089 4179 ὀρθοδόξων
3119 4112 3557 4181 ἁπονενέμηται·
3593 4114 3716 4173 ταῖς
3753 4114 3812 4164 δὲ

2232 4204 2416 4270 ἁγίαις
2436 4204 2646 4257 εἰκόσιν
2677 4204 2740 4256 οὕ
2772 4203 3003 4273 λατρεία
3033 4204 3275 4269 πάντως,
3320 4204 3456 4257 ἀλλὰ
3491 4203 3810 4275 προσκύνη-

2234 4314 2339 4359 σις,
2367 4297 2462 4351 καὶ
2493 4298 2808 4368 ἀσπασμὸς,
2865 4300 2961 4352 καὶ
2994 4299 3151 4368 τιμή.
3185 4298 3248 4351 Εἰ
3284 4298 3395 4368 γὰρ
3440 4297 3536 4351 καὶ
3585 4299 3621 4368 ὴ
3669 4299 3808 4365 τιμὴ

2230 4387 2331 4457 τῆς
2389 4389 2600 4452 εἰκόνος
2650 4390 2745 4441 ἐπὶ
2795 4390 2856 4442 τὸ
2891 4390 3248 4460 πρωτότυπον
3300 4388 3587 4451 διαϐαίνει,
3621 4388 3737 4442 ἁλλ’
3771 4390 3804 4457 ἡ

2230 4479 2458 4549 λατρεία
2492 4480 2589 4549 τῆς
2643 4480 2915 4549 μακαρίας
2955 4480 3070 4531 ὲστὶ
3131 4479 3301 4549 μόνης
3333 4479 3589 4548 Τριὰδος,
3623 4481 3715 4531 καὶ
3737 4479 3801 4530 οὐ

545 4558 770 4615 materia
800 4554 1178 4612 constantibus
1207 4555 1381 4609 latria:
1420 4555 1623 4610 cultum
1656 4554 1893 4609 tribucre
1940 4554 2118 4609 videa-

2243 4574 2343 4628 τῶν
2384 4576 2601 4628 σεπτῶν
2647 4575 2896 4637 εἰκόνων,
2936 4574 3025 4627 ἴνα
3072 4572 3148 4643 μὴ
3183 4572 3655 4643 κτισματολὰτραι
3702 4573 3800 4624 καὶ

544 4666 686 4706 mur.
790 4666 800 4675 '
1952 4664 1971 4689 ⁸

616 4766 672 4821 In
687 4766 804 4836 ipso
826 4762 1042 4818 Christo
1061 4769 1145 4818 est
1164 4761 1586 4815 adoratioiatriae
1605 4771 1658 4816 et
1686 4764 1965 4831 naturalis;
1983 4780 2124 4819 unus

540 4859 683 4913 enim
700 4864 994 4913 cstsaneta
1010 4850 1293 4908 Trinitatis
1311 4868 1397 4922 per
1419 4852 1652 4907 divinam
1671 4853 1834 4923 ipsius
1854 4864 2121 4908 naturam.

541 4951 593 5003 In
626 4949 861 5003 imainne
891 4962 1017 5001 vero
1046 4945 1246 5000 Christi
1275 4955 1356 4999 est
1388 4944 1608 4999 relativa
1641 4956 1696 4999 et
1729 4946 2037 5014 :eqnivoca:
2069 4948 2121 5001 in

538 5043 652 5110 ipsa
689 5040 830 5093 enim
861 5038 1025 5092 adoro
1050 5036 1347 5103 Christum,
1381 5036 1470 5105 qui
1499 5037 1752 5106 quoniam
1784 5053 2002 5091 carnem
2042 5040 2121 5091 in-

534 5130 671 5188 duit,
735 5125 967 5193 imagine
994 5126 1343 5193 exprimitur,
1401 5139 1661 5194 quantum
1687 5126 1753 5179 ad
1801 5141 2120 5195 corporeum

530 5216 649 5285 ejus
676 5225 951 5282 aspectum
978 5212 1189 5275 attinet,
1216 5228 1337 5282 qua:
1355 5214 1571 5282 quidem
1600 5214 1843 5269 adoratio
1868 5225 1949 5268 est
1980 5216 2118 5270 rela-

531 5304 693 5362 tionis
746 5314 910 5374 atque
944 5318 1204 5373 personue.

598 5393 1067 5462 Quemadmodum
1089 5392 1241 5459 ﬁdes,
1266 5392 1343 5447 sic
1386 5403 1438 5449 et
1457 5394 1613 5450 latria
1646 5403 1845 5448 sanctae
1868 5395 2119 5450 tnbuitnr

528 5488 804 5541 'i‘rinitati.
849 5484 1027 5549 Quare
1075 5486 1167 5553 qui
1211 5483 1411 5538 Christi
1470 5486 1687 5554 imagini
1722 5485 1889 5539 latrize
1912 5487 2112 5540 cultum

526 5577 766 5644 exhibet,
796 5576 841 5630 is
861 5578 1276 5644 quaternitatem
1303 5575 1455 5629 latria
1482 5577 1656 5631 colere
1675 5578 2111 5644 deprehenditur,

525 5669 655 5723 etin
683 5681 869 5722 sancta
903 5665 1169 5721 Trinitate
1204 5667 1491 5735 imaginem
1520 5669 1819 5723 collocare:
1860 5659 2123 5730 Trinitati,

525 5758 695 5819 enim,
727 5767 787 5809 ut
812 5757 1011 5811 dictum
1042 5766 1148 5821 est,
1173 5757 1326 5811 latria
1356 5758 1601 5813 debetur.

599 5844 658 5899 Si
680 5846 923 5911 corporis
946 5845 1131 5898 umbra
1154 5847 1390 5916 separari
1417 5863 1521 5902 non
1545 5858 1739 5916 potest,
1759 5866 1878 5905 cum
1898 5866 2109 5923 semper

2230 4670 2523 4740 ὖλολὰτραι
2561 4670 2823 4738 δόξωμεν.

2310 4762 2429 4815 Ἐπ’
2458 4761 2627 4815 αὐτοῦ
2657 4762 2756 4831 μὲν
2790 4760 2884 4813 τοῦ
2923 4759 3156 4830 Χριστοῦ
3194 4760 3522 4830 λατρευτικὴ
3560 4762 3593 4830 ὴ
3628 4776 3793 4827 προσ-

2224 4853 2454 4923 κύνησις
2505 4854 2600 4907 καὶ
2656 4854 2860 4924 φυσική
2885 4860 2900 4883 °'
2922 4847 3001 4914 εἷς
3058 4854 3168 4921 γάρ
3202 4854 3317 4905 ἐστι
3348 4852 3448 4922 τῆς
3485 4852 3641 4918 ἁγίας
3666 4851 3792 4916 Τρο-

2228 4947 2351 5008 άδος
2374 4948 2513 5000 κατὰ
2535 4947 2634 5014 τὴν
2664 4947 2819 4999 θείαν
2842 4945 3012 4999 αὐτοῦ
3057 4946 3223 5012 φύσιν
3248 4962 3262 4975 ο
3295 4946 3388 4997 ἐπὶ
3428 4944 3484 4996 δὲ
3515 4944 3611 5011 τῆς
3650 4940 3791 4993 εἰκό-

2224 5052 2311 5098 νος
2337 5035 2431 5089 τοῦ
2462 5036 2699 5106 Χριστοῦ
2733 5037 2956 5105 σχετικὴ
2984 5037 3077 5088 καὶ
3106 5035 3462 5104 ὁμωνυμική.
3500 5029 3794 5101 Προσωνῶ

2226 5130 2333 5196 γὰρ
2361 5129 2451 5179 τὸν
2485 5132 2543 5180 ἐν
2569 5130 2706 5197 αὐτῇ
2732 5127 2991 5197 Χριστὸν,
3026 5127 3115 5179 τὸν
3136 5126 3226 5179 διὰ
3257 5127 3319 5178 τὸ
3342 5124 3687 5194 σαρκωθῆναι
3715 5122 3794 5171 εἰσ

2225 5219 2570 5288 κονιζόμενον
2600 5220 2742 5273 κατὰ
2766 5220 2866 5289 τὴν
2898 5218 3239 5288 σωματοειδῆ
3270 5218 3401 5270 θέαν
3438 5216 3619 5276 αὐτοῦ,
3647 5214 3794 5281 ὅπερ

2221 5311 2338 5362 ἐστὶ
2364 5311 2587 5380 σχετικὴ
2609 5311 2980 5379 προσκύνησις
3028 5311 3123 5362 καὶ
3144 5309 3507 5374 ὕποστκτική.

2294 5400 2507 5469 Ὥσπερ
2558 5402 2590 5468 ἡ
2620 5401 2823 5461 πίστις,
2879 5398 3023 5451 οὕτω
3072 5400 3167 5450 καὶ
3196 5400 3229 5467 ἡ
3288 5396 3513 5463 λατρεία
3560 5391 3792 5461 ﬁeri;

2221 5493 2415 5562 Τριὰδι
2447 5492 2925 5560 ἀποκεκλήρωται.
2968 5491 3026 5542 '0
3052 5491 3184 5558 γοῦν
3208 5488 3487 5559 λατρεύων
3512 5489 3572 5555 τῇ
3608 5482 3789 5545 εἰκόνι

2217 5580 2456 5651 Χριστοῦ
2494 5581 2852 5651 εὑρεθήσεται
2876 5581 3091 5651 τετρὰδι
3125 5581 3427 5650 λατρεύων,
3446 5577 3535 5631 καὶ
3572 5589 3787 5626 συνεισ-

2218 5672 2421 5741 κρίνων
2485 5675 2551 5742 τῇ
2597 5673 2730 5743 ἁγίᾳ
2761 5670 2948 5743 Τριάὂι
2984 5677 3075 5724 καὶ
3105 5674 3203 5739 τὴν
3231 5673 3433 5723 ciui-Ia.
3469 5668 3574 5735 Της
3601 5662 3783 5731 Τριάο

2215 5764 2303 5825 δος
2333 5762 2462 5832 γὰρ,
2487 5763 2558 5825 ὡς
2594 5764 2829 5833 εἴρηται,
2868 5766 2925 5816 τὸ
2955 5761 3333 5830 inspexissent.

2288 5855 2349 5907 Ei
2376 5855 2627 5923 σώματος
2670 5856 2828 5907 σκιὰν
2872 5854 3197 5926 μερισθῆναι
3232 5853 3331 5922 οὐχ
3360 5848 3470 5904 οἷόν
3512 5865 3565 5901 τε
3618 5858 3777 5913 περ·

3868 654 3879 727 ξ
