4020 6284
262 446 372 507 1159

1136 440 1510 502 i’ANOPLIA
1556 440 2006 502 DOGMATIL‘A.
2040 465 2105 473 -
2146 439 2291 502 ΤΙΤ.
2336 441 2529 502 XXII.

3349 438 3491 509 11Ἷο

257 550 555 620 υφιστῶσαν
584 550 734 621 αύτῷ
763 550 1015 615 πάντοτε,
1038 549 1139 602 κᾶν
1172 549 1248 618 μὴ
1270 548 1532 616 φαίνοιτο,
1565 550 1686 602 οἱδὶ
1708 549 1805 616 τὴν

1930 547 2049 601 ιιΙεῙι
2100 561 2220 601 cum
2272 562 2526 618 corpore,
2580 548 2705 601 licet
2736 561 2840 601 non
2900 549 3167 613 videatur,
3192 566 3259 605 ne
3315 552 3493 622 imago

253 643 413 696 είκόνα
448 640 686 710 Χριστοῦ
739 641 967 695 δυνατὸν
1022 641 1365 710 διαιρεθῆναι
1422 640 1612 694 αὐτοῦ.
1659 640 1800 695 Ἀλλ’

249 733 418 803 ὥσπερ
451 734 483 801 ὴ
516 734 646 785 σκιά
669 734 734 802 τῇ
769 732 863 784 τοῦ
902 732 1055 801 ἡλίου
1117 731 1281 800 βολίδι
1342 733 1615 800 φαίνεται,
1658 734 1802 786 οὕτω

252 825 381 890 καὶὴ
410 822 648 893 Χριστοῦ
686 822 851 876 εἰκὼν
879 828 944 894 τῇ
965 823 1299 876 διατυπώσει
1333 826 1432 893 τῆς
1467 825 1622 896 ὔλης.

320 916 412 970 Δύο
439 915 646 969 τούτων
677 916 849 969 ὅντων
881 917 1011 985 περὶ
1037 914 1100 970 τὸ
1139 917 1324 987 σῶμα,
1357 921 1513 982 σκιᾶς
1544 920 1637 971 καὶ
1661 918 1805 972 είκό-

252 1004 413 1073 νος-,ἠ
469 1002 570 1066 μὲν
612 1002 741 1055 σκιά
785 1003 1068 1072 σημασίαν
1102 1004 1350 1075 ἀμυδρὰν
1404 1023 1528 1059 τινα
1571 1006 1665 1059 τοῦ
1706 1008 1800 1060 ἀν-

250 1094 456 1165 θρώπου
487 1094 779 1159 δείκνυσιν,
812 1096 845 1164 ὴ
876 1096 933 1148 δὲ
965 1096 1133 1149 είκὼν
1167 1096 1580 1167 ἀριδηλοτέραν.
1614 1097 1677 1150 Ei
1708 1098 1802 1152 οῦν

245 1185 305 1238 τὸ
328 1185 409 1239 ἀεὶ
438 1185 532 1239 τοῦ
572 1186 729 1250 ποτὲ,
784 1187 880 1239 καὶ
926 1187 989 1240 τὸ
1038 1189 1164 1241 καθ’
1222 1189 1457 1258 ὓπαρξιν
1502 1191 1598 1245 τοῦ
1660 1194 1804 1245 κατὰ

247 1278 505 1347 στέρησιν,
540 1279 636 1331 καὶ
664 1277 727 1331 τὸ
752 1279 1027 1348 τηλαυγὲς
1048 1280 1146 1332 τοῦ
1170 1283 1414 1352 ἀμυδροῦ
1445 1284 1676 1354 βέλτιον,
1706 1286 1803 1339 xui.

248 1369 455 1436 ἡείιιὼν
480 1368 588 1437 ἄρα
628 1368 855 1439 βελτίων
886 1370 987 1439 τῆς
1017 1374 1196 1436 σκιᾶς.
1260 1374 1423 1427 Ἀλλά
1474 1376 1581 1445 μὴν
1615 1378 1669 1429 αί
1695 1376 1805 1431 τῶν

245 1459 411 1524 ἁγίων
441 1459 594 1512 σκιαὶ
628 1460 726 1512 καὶ
764 1462 920 1527 ἅγιαι
957 1462 1052 1514 καὶ
1091 1464 1409 1534 ὁνησιφόροι
1432 1482 1446 1496 ⁸
1486 1467 1545 1519 αἱ
1597 1469 1804 1533 εἰκόνες

241 1550 415 1602 αὐτῶν
450 1550 556 1620 ἄρα
589 1551 769 1621 πολλῷ
806 1552 1011 1621 μᾶλλον
1042 1555 1342 1625 ἁγιώτεραι
1369 1556 1464 1609 καὶ
1496 1557 1806 1629 σεϐασμιώ-

241 1657 410 1710 τεραι.

325 1733 380 1784 '0
410 1733 507 1800 μὲν
539 1733 777 1803 Χριστὸς
809 1736 1003 1804 ὁρᾶται
1042 1737 1100 1789 ἰν
1121 1739 1187 1807 τῇ
1234 1738 1400 1792 εικόνι
1440 1738 1630 1805 αὑτοῦ,
1668 1740 1806 1811 αὐτὴ

238 1822 297 1875 δὲ
322 1823 610 1890 ὑφίσταται
634 1826 691 1878 ἐν
725 1827 895 1896 αὐτῷ.

1905 640 2120 709 quidem
2157 641 2355 697 Christi
2390 643 2454 696 ab
2482 644 2596 709 ipso
2630 643 3039 713 sejungi}potest
3060 684 3075 707 ,
3106 646 3200 700 sed
3229 646 3491 714 quemad-

1905 726 2122 780 modum
2186 727 2373 782 umbra
2423 728 2551 783 solis
2607 744 2829 785 accessu
2904 733 3252 803 perspicitur,
3306 733 3388 790 sic
3437 744 3491 793 et

1906 816 2083 885 imago
2103 817 2301 873 Christi
2327 820 2565 873 materize
2614 821 2989 888 impressione.

1974 907 2105 961 Cum
2143 909 2251 964 duo
2295 911 2438 965 circa
2494 928 2692 981 corpus
2740 915 3173 981 considerentur,
3219 919 3408 973 umbra
3439 926 3495 975 et

1906 997 2107 1066 imago,
2156 1001 2343 1056 umbra
2388 1002 2603 1071 quidem
2635 1001 2907 1058 hominem
2963 1006 3267 1070 obscurius,
3312 1008 3492 1078 imago

1906 1097 2086 1142 autem
2111 1088 2308 1145 clarius
2332 1090 2526 1154 refert;
2552 1092 2735 1161 itaque
2763 1092 2806 1147 si
2827 1092 2879 1147 id
2895 1096 3034 1163 quod
3065 1111 3278 1163 semper
3305 1105 3494 1161 est,eo

1905 1181 2049 1247 quod
2073 1190 2158 1235 est
2188 1181 2512 1251 aliquando;
2544 1193 2599 1238 et
2621 1184 2673 1239 id
2704 1188 2845 1253 quod
2870 1201 2968 1255 per
2985 1188 3277 1241 essentiam
3303 1197 3409 1251 est,
3429 1203 3494 1243 eo

1906 1272 2045 1336 quod
2076 1282 2155 1325 est
2181 1288 2276 1339 per
2310 1274 2691 1343 privationem;
2726 1287 2779 1331 et
2812 1278 2861 1330 id
2889 1279 3029 1346 quod
3068 1288 3149 1333 est
3178 1280 3403 1343 clarum,
3429 1295 3493 1334 eo

1905 1362 2046 1429 quod
2060 1365 2463 1430 estobscurum,
2487 1370 2824 1437 praestantius
2844 1379 2920 1423 est
2951 1387 2965 1423 :
2990 1385 3084 1424 san
3122 1380 3293 1424 turum
3316 1380 3493 1426 autem

1907 1455 2110 1508 umbras
2133 1466 2185 1509 et
2215 1466 2412 1512 sancire
2451 1468 2577 1513 sunt
2630 1467 2681 1514 et
2728 1458 3040 1525 salutiferas,
3104 1460 3366 1528 imagines
3414 1462 3494 1531 ip-

1905 1564 2087 1602 sorum
2110 1552 2291 1620 utique
2321 1552 2618 1607 sanctiores
2658 1562 2819 1606 erunt
2851 1551 3017 1606 multo
3047 1561 3100 1606 et
3132 1550 3496 1635 venerabilio-

1915 1652 2025 1692 res.
2690 1702 2704 1713 _

1976 1730 2233 1785 Christus
2254 1724 2415 1785 in’sua
2450 1732 2620 1801 ipsius
2647 1731 3158 1802 cerniturimagine;
3196 1732 3373 1803 imago
3402 1746 3498 1789 au-

1909 1830 2015 1877 tem
2051 1824 2102 1877 in
2131 1823 2246 1891 ipso
2277 1823 2551 1878 consistit.

312 1889 420 1983 Ούχ
451 1913 525 1976 ὡς
574 1914 732 1978 θεοὺς
762 1889 863 1980 τὰς
909 1918 1126 1982 είκόνας
1187 1921 1633 1991 προσκυνοῦμεν,
1677 1924 1800 1977 οὐδὲ

1976 1912 2238 1981 Imagines
2264 1928 2368 1967 non
2390 1914 2680 1969 adoramus
2708 1922 2765 1968 ut
2791 1914 2941 1980 deos,
2973 1926 3071 1967 nec
3115 1915 3304 1968 salutis
3346 1929 3497 1983 spem

237 2004 335 2065 τὰς
372 2004 594 2067 ἐλπίδας
628 2005 728 2072 τῆς
772 2009 1052 2079 σωτηρίας
1097 2012 1155 2062 ὲν
1207 2011 1398 2074 αὐταῖς
1427 2012 1649 2083 ἔχομεν,
1680 2014 1803 2068 οὐδε

237 2095 298 2147 τὸ
336 2096 478 2147 θεῖον
506 2095 669 2158 σέϐας
695 2099 1068 2168 ἀπονέμομενο
1105 2098 1267 2152 τοῦτο
1301 2102 1409 2169 γάρ
1436 2102 1486 2153 oi
1508 2103 1803 2167 Ἕλληνεςο

236 2186 374 2237 ἀλλὰ
409 2187 571 2257 μόνον
620 2185 718 2257 τὴν
749 2188 937 2256 σχέσιν
965 2191 1056 2242 καὶ
1102 2191 1205 2259 τὴν
1245 2193 1467 2260 ἀγάπην
1516 2193 1613 2261 τῆς
1647 2193 1807 2263 ἡμῶν

237 2278 437 2347 ψυχῆς,
484 2278 551 2348 ἢν
591 2277 789 2347 ἔχομεν
840 2281 978 2348 πρὸς
1028 2283 1096 2334 si
1138 2284 1499 2351 πρωτότυπα,
1558 2286 1650 2339 διὰ
1703 2288 1805 2357 τῆς

235 2369 497 2438 τοιαύτης
545 2375 979 2439 προσκυνήσεως
1033 2374 1427 2443 ὲμφανίζομεν.
1501 2378 1666 2430 Ὅθεν
1714 2378 1810 2431 τοῦ

236 2462 589 2528 χαρακτῆρος
630 2459 991 2527 λειανθέντος,
1026 2462 1103 2525 ὡς
1150 2462 1304 2527 ξύλον
1339 2465 1508 2535 ἀργὸν
1541 2470 1639 2537 την
1672 2483 1808 2522 ποτε

234 2550 623 2617 κατακαίομεν
664 2551 875 2607 εἰκόνα.

309 2642 415 2693 Τὸν
437 2643 531 2693 τοῦ
576 2643 815 2710 σταυροῦ
849 2643 1017 2697 τύπον
1049 2647 1114 2698 ἐκ
1151 2645 1246 2698 δύο
1285 2645 1463 2712 ξύλων
1502 2648 1806 2703 συνάπτον-

232 2750 354 2799 τες,
390 2733 553 2803 ἡνίκα
579 2751 659 2797 τις
701 2737 831 2804 ἡμῖν
879 2736 988 2788 τῶν
1036 2738 1287 2791 ἀπίστων
1329 2740 1702 2807 ἐγκαλέσειεν,
1735 2742 1811 2804 ὡς

233 2825 404 2890 ξύλον
431 2827 819 2895 προσκυνοῦσι,
850 2828 1130 2897 δυνάμεθα
1155 2831 1223 2884 τὰ
1255 2830 1348 2884 δύο
1379 2832 1509 2895 ξύλα
1540 2835 1813 2903 χωρίσαν-

227 2936 354 2983 τες,
383 2920 477 2971 καὶ
504 2919 597 2972 τὸν
636 2919 808 2972 τύπον
836 2918 929 2971 τοῦ
964 2921 1202 2991 σταυροῦ
1244 2921 1613 2987 διαλύσαντες,
1645 2924 1815 2977 ταῦτα

229 3009 492 3077 νομίζειν
524 3010 671 3079 ἀργὰ
698 3009 853 3073 ξύλα,
889 3012 985 3061 καὶ
1019 3011 1109 3062 τὸν
1153 3011 1381 3064 ἄπιστον
1410 3013 1812 3082 ἐπιστομίζειν,

226 3100 324 3153 ὃτι
356 3100 420 3152 ού
453 3099 514 3153 τὸ
554 3099 732 3166 ξύλον,
776 3101 912 3154 ἀλλά
954 3101 1044 3154 τὸν
1085 3100 1177 3154 τοῦ
1235 3101 1472 3173 σταυροῦ
1505 3106 1677 3157 τύπον
1722 3120 1816 3157 σε·

228 3189 482 3259 ϐόμεθα.

312 3282 427 3335 Σὺν
457 3281 606 3351 φόϐῳ
634 3281 725 3335 καὶ
757 3280 988 3352 ἀληθείᾳ
1015 3283 1329 3353 προσιτέον,
1357 3290 1453 3338 καὶ
1493 3303 1805 3357 προσκυνηο

230 3372 369 3424 τέον
392 3374 490 3435 τὰς
512 3372 673 3441 ἁγίας
696 3372 939 3436 είκόνας,
975 3375 1071 3426 καὶ
1105 3377 1425 3430 πιστευτέον
1468 3378 1629 3448 χάριν
1655 3379 1809 3433 θείαν

226 3463 536 3533 ἐπιφοιτᾷν
566 3464 755 3526 αὑταῖς
787 3464 1068 3534 ἁγιασμοῦ
1112 3466 1498 3537 μεταδοτικήν.

316 3556 535 3624 ’Ὠσπερ
584 3556 727 3609 κατά
792 3556 954 3625 φύσιν
1023 3558 1328 3628 ἀχωρίστου
1384 3559 1656 3632 μενούσης
1710 3562 1811 3632 τῆς

227 3643 415 3711 ἁγίας
435 3642 683 3712 Τριάδος,
709 3645 942 3714 ὲπειδὴό
968 3646 1096 3709 Υἱὸς
1122 3648 1436 3719 ὲσαρκώθη,
1468 3652 1529 3702 οὐ
1553 3651 1639 3705 διὰ
1655 3650 1814 3705 τοῦτο

223 3736 416 3803 φήσει
450 3752 534 3796 τις
565 3736 660 3787 καὶ
689 3734 778 3786 τὸν
812 3735 1048 3804 Πατέρα,
1086 3738 1261 3789 καὶτὸ
1286 3739 1509 3809 Πνεῦμα
1532 3743 1817 3812 σεσαρκῶ-

229 3827 396 3880 σθαι·
447 3825 588 3880 οὕτω
623 3826 745 3879 καθ’
772 3826 1068 3880 ὑπόστασιν
1102 3829 1400 3899 ὲνωθείσης
1420 3832 1519 3901 τῆς
1563 3831 1817 3901 θεότητος

225 3923 312 3989 τῇ
352 3920 737 3989 ἀνθρωπότητι
771 3918 866 3971 τοῦ
892 3920 1044 3985 Υἱοῦ,
1072 3922 1165 3972 καὶ
1194 3922 1501 3991 ἀδιαιρέτου
1528 3925 1815 3993 μενούσης,

225 4012 352 4065 οὐκ
377 4011 567 4079 ἐπειδὴ
599 4012 659 4063 τὸ
691 4010 1033 4078 ἀνθρώπινον
1062 4012 1229 4064 αὑτοῦ
1266 4015 1693 4083 περιγράφεται,
1722 4018 1818 4067 καὶ

222 4102 526 4172 γράφεται
555 4102 612 4154 ἐν
637 4102 824 4167 είκόνι,
848 4102 937 4155 διὰ
964 4103 1123 4155 τοῦτο
1146 4103 1242 4157 καί⁸
1261 4104 1361 4172 τὴν
1404 4104 1633 4172 θεότητα
1654 4106 1820 4159 αὑτοῦ

229 4189 692 4261 περιγράρεσθαι
743 4194 838 4245 καὶ
874 4193 1185 4261 γράφεσθαι
1232 4194 1396 4262 φήσει
1432 4211 1536 4258 τις,
1566 4197 1681 4247 ἐκεῖ
1721 4199 1821 4265 μὲν

228 4282 351 4351 τῆς
379 4283 520 4336 κατά
555 4284 717 4351 φύσιν
753 4286 1051 4353 συναφείας
1077 4284 1151 4354 μὴ
1183 4287 1521 4356 συγχεούσης
1554 4287 1649 4349 τὰς
1688 4288 1823 4340 ὑπο·

235 4372 508 4440 στάσεις,
538 4374 774 4427 ἐνταῦθα
803 4376 860 4428 δὲ
909 4378 1009 4445 τῆς
1039 4375 1163 4428 καθ’
1216 4377 1515 4431 ὑπόστασιν
1576 4378 1823 4443 ὲνώσεως

236 4461 335 4531 μὴ
375 4462 668 4533 ὲξιστώαη,
698 4465 806 4516 τῶν
854 4464 1072 4517 οἰκείων
1108 4467 1249 4535 ὅρων
1277 4466 1375 4528 τὰς
1402 4465 1613 4533 φύσεις.
1658 4468 1823 4537 Ὅρος

1916 2005 1974 2058 in
2001 2004 2325 2074 imaginibus
2373 2006 2602 2075 positam
2658 2013 2713 2059 et
2742 2004 3057 2059 collocatam
3088 2005 3367 2071 habemus,
3403 2022 3502 2061 nec

1908 2095 2150 2164 gentium
2181 2110 2331 2150 more
2362 2096 2597 2151 divinum
2628 2096 2736 2152 illis
2784 2096 3042 2150 honorem
3070 2096 3374 2161 tribuimus;
3399 2100 3495 2150 sed

1908 2201 1999 2241 eas
2033 2197 2357 2242 venerantes
2387 2188 2549 2241 animi
2591 2188 2762 2243 nostri
2789 2186 3126 2242 aﬂectiouent
3173 2196 3227 2242 et
3254 2188 3499 2242 Charita-

1913 2286 2018 2331 tem
2048 2292 2172 2344 erga
2200 2277 2524 2347 exemplaria
2550 2278 3007 2333 demonstramus.
3054 2279 3108 2333 icl
3134 2294 3198 2333 ex
3227 2294 3291 2333 eo
3316 2280 3495 2348 colligi

1911 2375 2112 2435 potest,
2142 2370 2283 2436 quod
2312 2369 2543 2437 imagine
2575 2384 2604 2423 e
2634 2369 2776 2438 ligno
2804 2409 2819 2433 ,
2854 2370 2998 2439 quod
3031 2385 3149 2423 eam
3207 2371 3500 2437 aliquando

1912 2458 2349 2526 gerebatdeleta,
2415 2461 2615 2530 lignum
2654 2461 2826 2529 ipsum
2886 2470 2944 2516 ut
2976 2461 3167 2516 inutile
3213 2462 3265 2515 in
3319 2462 3498 2530 ignem

1912 2556 2255 2623 conﬁchnus.

1984 2644 2116 2699 Cum
2151 2644 2329 2701 crucis
2371 2646 2579 2716 signum
2615 2645 2826 2700 duobus
2858 2660 2887 2700 e
2911 2646 3070 2715 lignis
3123 2648 3501 2714 conliciamus,

1913 2739 2132 2804 quando
2156 2751 2256 2791 nos
2298 2737 2598 2791 inﬁdelium
2627 2737 2825 2805 aliquis
2848 2737 3217 2805 reprehendit,
3255 2742 3397 2808 quod
3433 2741 3501 2792 Ii-

1913 2840 2073 2896 gnum
2107 2827 2435 2893 adoremus,
2456 2826 2600 2897 ligna
2632 2834 2968 2900 separantes,
2996 2836 3049 2881 et
3076 2829 3253 2883 crucis
3281 2829 3495 2897 signum

1915 2917 2293 2982 dissolventes,
2327 2932 2701 2986 eapossumus
2728 2928 2783 2973 ut
2810 2918 2952 2988 ligna
3003 2919 3213 2973 inutilia
3274 2921 3499 2974 demon-

1916 3016 2129 3073 strare;
2161 3018 2321 3077 atque
2362 3008 2435 3060 ita
2490 3022 2552 3061 os
2586 3007 2882 3061 inﬁdelium
2922 3007 3160 3075 ipsorum
3193 3009 3501 3070 obstruere,

1918 3111 2040 3153 cum
2079 3098 2257 3153 crucis
2294 3099 2529 3169 signum,
2556 3114 2665 3153 non
2711 3111 2887 3154 autem
2924 3099 3127 3169 lignum
3161 3114 3503 3155 veneremur.-

1985 3279 2121 3334 Cum
2175 3281 2369 3335 timore
2410 3288 2464 3335 et
2516 3280 2744 3335 veritate
2792 3289 2998 3334 sancire
3063 3280 3321 3347 imagines
3382 3284 3510 3335 sunt

1918 3371 2176 3427 adeundae
2209 3372 2600 3434 etadorandac,
2652 3381 2705 3425 et
2758 3372 3083 3425 credendum
3143 3378 3227 3424 est
3269 3369 3506 3424 divinant

1919 3463 2811 3534 gratiamsanctitatislargitricem
2842 3464 3115 3517 assiduam
3150 3462 3204 3515 in
3236 3463 3343 3518 illis
3363 3477 3505 3518 esse.

1990 3556 2450 3622 Quemadmodum
2484 3570 2605 3610 emn
2656 3564 2842 3610 sancta
2899 3555 3181 3609 Trinitatis
3212 3566 3405 3609 natura
3435 3557 3510 3610 sit

1921 3646 2317 3716 inseparabilis,
2348 3646 2483 3700 Filio
2510 3661 2727 3701 carnem
2762 3647 2971 3712 induto,
3011 3662 3170 3701 nemo
3204 3646 3416 3700 Patrem
3456 3659 3511 3700 et

1925 3736 2186 3806 Spiritum
2216 3751 2432 3792 carnem
2473 3736 2672 3791 dixerit
2707 3738 2968 3802 induisse,
3011 3738 3087 3791 ita
3108 3737 3389 3791 divinitate
3415 3752 3513 3804 per

1924 3822 2209 3895 personant
2243 3824 2365 3879 Filii
2392 3826 2712 3881 humanitati
2744 3827 3057 3894 conjuncta,
3090 3836 3146 3881 et
3195 3825 3508 3880 indivisibili

1926 3928 2298 3989 permanente,
2343 3919 2593 3986 quamvis
2616 3919 2927 3974 humanitas
2947 3919 3068 3987 ejus
3087 3918 3508 3971 circumscriba-

1928 4018 2017 4063 tur
2067 4018 2120 4063 et
2144 4009 2480 4075 exprimatur
2502 4009 2756 4078 imagine,
2788 4025 2896 4064 non
2927 4020 3104 4064 tamen
3146 4010 3348 4063 idcirco
3373 4007 3511 4061 divi-7

1930 4102 2072 4156 nitas
2100 4101 2262 4155 etiam
2298 4099 2466 4167 ipsius
2518 4100 2891 4154 circumscribi
2926 4111 2981 4155 et
3011 4101 3248 4169 imagine
3275 4100 3507 4167 exprimi

1930 4204 2125 4265 potest.
2157 4194 2270 4247 llltc
2295 4191 2436 4246 enim
2466 4191 2778 4260 coniunctio
2802 4192 3065 4246 naturalis
3096 4208 3200 4244 non
3224 4191 3512 4245 confundit

1932 4298 2226 4356 personas;
2261 4283 2347 4336 hic
2391 4289 2573 4334 autent
2622 4281 2749 4335 uuio
2779 4296 2876 4350 per
2914 4296 3199 4351 personam
3237 4290 3512 4335 naturasc
3576 4272 3581 4277 ’

1934 4375 2168 4444 propriis
2195 4372 2438 4426 terminis
2461 4387 2567 4425 non
2595 4372 2855 4426 excludit.
2890 4372 3200 4426 Diviniutis
3226 4373 3370 4427 enim
3405 4381 3513 4426 ter-

1933 4469 2109 4522 minus
2137 4474 2239 4530 est,
2270 4474 2325 4518 ut
2350 4466 2449 4517 sub
2478 4472 2755 4531 aspectum
2781 4478 2885 4517 non
2915 4464 3093 4528 cadat,
3126 4479 3225 4518 nec
3280 4465 3512 4516 circum-

233 4559 369 4624 γαρ
403 4554 659 4623 θεότητος
689 4557 785 4624 μὲν
809 4556 870 4607 τὸ
898 4558 1131 4626 ἀόρατόν
1163 4574 1221 4609 τε
1263 4560 1357 4609 καὶ
1378 4560 1813 4628 ιδιτιερίγραπτον1

1932 4556 2201 4612 scribatur
2235 4573 2250 4610 :
2287 4556 2636 4610 humanitatis
2665 4564 2868 4621 autem,
2904 4566 2962 4610 ut
2998 4566 3054 4609 et
3086 4554 3313 4623 perspici
3342 4554 3515 4622 possit

231 4645 670 4714 ἁνθρωπότητος
699 4645 753 4697 δὲ
785 4644 846 4697 τὺ
873 4645 1067 4715 ὁρατὸν
1092 4647 1187 4699 καὶ
1218 4648 1616 4717 περιγραπτόν.

331 4738 516 4791 Εἰδιὰ
572 4738 632 4789 τὸ
674 4738 761 4790 τὸν
815 4738 1050 4807 Χριστὸν
1104 4740 1270 4808 σαρκὶ
1332 4740 1715 4811 ἐσταυρῶσθαι
1770 4743 1831 4795 τὸ

238 4830 710 4895 συμπεπονθέναι
742 4830 837 4883 καὶ
865 4833 966 4899 τὴν
995 4829 1224 4899 θεότητα
1255 4832 1436 4898 λέγειν
1471 4826 1686 4896 ἀσεϐὲς,
1720 4838 1829 4903 ἄρα

238 4922 359 4975 καὶ
396 4921 483 4973 διὰ
508 4922 568 4974 τὸ
598 4922 765 4991 σαρκὶ
793 4922 1231 4992 περιγράφεσθαι
1259 4924 1422 4978 αὑτὸν
1449 4926 1510 4977 τὸ
1550 4942 1829 4995 συμπερι-

235 5012 572 5081 γράφεσθαι
598 5013 690 5065 καὶ
734 5012 830 5081 τὴν
879 5013 1108 5083 θεότητα
1168 5014 1347 5081 λέγειν
1383 5017 1583 5088 ὁμοίως
1613 5019 1830 5084 ἀσεϐὲς,

240 5104 490 5159 κάκεῖνο
520 5105 619 5173 μὲν
645 5103 1055 5172 Θεοπασχιτῶν,
1087 5103 1243 5156 τοῦτο
1263 5104 1319 5156 δὲ
1350 5106 1756 5177 Είκονομάχων.

335 5368 422 5437 Τῇ
454 5365 624 5435 πολλῇ
653 5367 747 5418 καὶ
781 5364 1045 5434 ἀφράστῳ
1078 5363 1212 5434 πρὸς
1234 5364 1323 5416 τὸν
1370 5367 1604 5437 Χριστὸν
1630 5372 1832 5443 στοργῇ

240 5459 567 5529 σεϐόμεθα,
602 5459 693 5509 καὶ
726 5456 1142 5527 προσκυνοῦμεν
1170 5456 1262 5509 καὶ
1293 5458 1418 5520 τοὺς
1469 5458 1667 5523 τύπους
1708 5459 1834 5515 ἔνθα

237 5551 702 5623 περιεπάτησεν,
728 5550 760 5618 ἦ
789 5549 1066 5611 ἐκάθισεν,
1101 5550 1163 5602 οὐ
1202 5550 1326 5612 τοὺς
1359 5552 1559 5615 τόπους
1594 5568 1836 5622 προσκυ-

236 5643 488 5702 νοῦντες
514 5638 718 5701 ἁπλῶς.
749 5639 885 5692 ἀλλὰ
911 5638 980 5691 δι’
1026 5639 1205 5692 αὐτῶν
1234 5640 1327 5692 τὸν
1362 5642 1418 5694 ὲν
1470 5643 1653 5705 αὐτοῖς
1707 5645 1835 5697 ἀναν

247 5731 611 5800 στραφέντα,
656 5728 750 5781 καὶ
795 5727 881 5782 διὰ
930 5729 1035 5783 τῶν
1068 5729 1243 5784 τόπων
1276 5731 1472 5801 ἐκείνῳ
1527 5732 1624 5802 τὴν
1671 5738 1836 5805 τιμὶμ

244 5824 663 5892 ἀναφέροντες.

1932 4660 1983 4703 et
2014 4647 2415 4701 circumscribi.

2004 4738 2233 4805 Si,qnia
2253 4736 2501 4791 Christus
2518 4735 2810 4792 cruciﬁxus
2841 4744 2925 4790 est
2962 4749 3144 4795 carne,
3174 4735 3519 4789 divinitatem

1933 4828 2272 4883 simuletiam
2314 4842 2525 4897 passam
2550 4843 2671 4882 esse
2698 4828 2879 4881 dicere
2903 4826 3125 4893 impium
3154 4835 3260 4891 est,
3287 4825 3517 4893 impium

1934 4920 2059 4973 item
2111 4929 2195 4972 cst
2225 4919 2401 4971 dicere
2431 4918 2771 4971 divinitatem
2832 4917 3222 4979 circumscribi,
3253 4919 3509 4985 quoniam

1936 5012 2048 5078 ipse
2082 5023 2243 5065 carne
2269 5008 2758 5063 circumscribitur.
2806 5007 2940 5061 illud
2973 5008 3115 5060 enim
3150 5007 3225 5061 illi
3262 5008 3513 5062 sentiunt

1936 5100 2196 5164 haeretici,
2226 5099 2317 5168 qui
2351 5099 2513 5151 Deum
2543 5098 2814 5166 patibilem
2844 5105 3113 5159 asserunt,
3144 5108 3199 5151 et
3226 5109 3509 5169 propterea

1934 5202 2197 5248 vocantur
2229 5187 2655 5257 Thcopaschitat.
2693 5188 2808 5243 Hoc
2847 5197 3024 5242 autem
3048 5188 3290 5243 sentiunt
3320 5191 3510 5259 imagi-

1936 5296 2060 5334 num
2093 5286 2512 5346 Oppugnatores,
2544 5276 2634 5345 qui
2674 5274 3011 5330 lconomachi
3034 5279 3404 5333 nominantur.

2003 5370 2193 5439 Magna
2217 5380 2374 5438 atque
2394 5368 2691 5423 incredibili
2712 5384 2835 5437 erga
2853 5368 3125 5423 Christum
3146 5369 3513 5425 benevolentia

1936 5461 2149 5516 adducti
2184 5473 2501 5515 veneramur
2523 5468 2577 5514 et
2592 5460 2897 5541 adoramus
2933 5460 3100 5515 etiam
3140 5461 3281 5524 loca,
3308 5460 3362 5541 in
3390 5465 3511 5529 qui-

1936 5553 2036 5607 bus
2076 5551 2188 5620 ipse
2239 5550 2529 5605 ambulavit
2582 5534 2636 5605 et
2682 5553 2848 5616 sedit,
2898 5567 3007 5607 non
3043 5561 3219 5607 tamen
3263 5534 3337 5606 ea
3397 5553 3516 5608 loca

1937 5646 2249 5714 simpliciter
2274 5644 2581 5709 adorantes,
2631 5643 2729 5700 sed
2748 5661 2841 5715 per
2866 5645 2975 5712 ipsa
3004 5645 3250 5713 eumqui
3306 5645 3359 5698 in
3384 5645 3517 5712 ipsis
3592 5630 3600 5636 ’

1939 5747 2181 5795 versatus
2200 5745 2303 5796 est.
2335 5738 2509 5809 Atque
2531 5739 2600 5794 ita
2632 5754 2725 5809 per
2754 5739 2867 5792 loca
2910 5737 3168 5792 honorem
3190 5738 3292 5806 ipsi
3326 5737 3515 5791 tribuis

1942 5848 2059 5883 "HIS
2076 5865 2084 5875 -
