4052 6292
538 369 675 434 11ῗῦ

1762 384 2148 446 EUTHYMII
2197 392 2559 454 ZIGABENI

3660 388 3684 450 1
3696 387 3799 450 176

532 481 724 534 horum
759 480 941 535 faciat.
975 482 1239 539 Praeterea
1269 485 1478 554 dicunt,
1500 503 1717 546 carnem
1746 492 1917 561 ipsius
1945 495 1997 548 in
2027 496 2109 550 di-

2218 501 2468 573 θεότητος
2521 504 2733 574 ἐτράπη
2780 504 2875 558 καὶ
2916 505 3207 577 ὀμοούσιος
3256 504 3397 575 αὐτῇ
3435 500 3652 570 γέγονε.
3681 501 3799 553 Καὶ

532 572 582 625 vi
625 572 643 628 Ι
669 589 697 626 a
727 589 810 627 em
846 589 965 629 esse
991 592 1330 641 conversam,
1356 589 1410 635 et
1439 582 1677 648 eiusdem
1712 585 1907 640 factam
1936 601 2113 642 essen-

535 664 643 729 ιίιιι,
706 666 859 735 cujus
914 674 998 721 est
1036 668 1148 737 ipsa
1210 670 1485 726 divinitas.
1539 672 1602 727 Et
1661 678 2112 741 quemadmrdum

534 756 709 811 mellis
760 759 967 813 acetive
998 768 1174 828 gutta,
1212 763 1333 817 siin
1383 780 1533 820 mare
1587 768 1952 838 demergatur,
2004 786 2111 825 non

532 846 761 915 amplius
790 852 1050 913 cernitur,
1087 867 1187 906 nec
1237 855 1500 920 subsistit,
1556 858 1635 914 sic
1684 861 1849 916 etiam
1913 877 2114 931 corpus

535 937 664 993 illul
699 940 751 992 in
791 938 1089 996 divinitatis
1114 943 1299 1013 pelago
1330 948 1671 1004 rommistum
1712 962 1872 1020 atque
1904 954 2113 1009 demer-

533 1045 651 1084 sum
668 1046 776 1086 non
801 1034 1026 1102 amplius
1044 1050 1197 1091 suam
1227 1035 1395 1106 ipsius
1417 1047 1684 1106 naturam,
1705 1054 1794 1097 aut
1814 1045 2114 1113 proprieta—

532 1133 640 1178 tem
672 1139 1020 1192 conservare,
1053 1137 1107 1181 et
1127 1129 1333 1186 idcirco
1356 1147 1463 1186 non
1493 1148 1616 1188 esse
1649 1136 1783 1191 duas
1807 1137 1861 1190 in
1888 1138 2111 1194 Christo

528 1224 770 1279 naturas,
788 1214 878 1269 sed
917 1232 1096 1275 unam.
1137 1230 1191 1273 et
1221 1226 1461 1276 eamdem
1483 1234 1646 1279 totam
1668 1242 1785 1295 qum
1814 1229 2111 1286 divinitatis

529 1313 633 1355 est.
656 1304 733 1357 Ex
754 1320 860 1374 quo
877 1307 1205 1363 sacrificium
1231 1313 1393 1365 etiam
1412 1315 1567 1381 panis
1594 1316 1770 1372 carnis
1794 1319 1991 1375 Christi
2016 1338 2112 1377 ne-

530 1403 653 1460 gant
682 1409 801 1448 esse
818 1411 1013 1464 corpus
1034 1398 1258 1467 Christi,
1283 1406 1375 1457 sed
1418 1403 1720 1463 divinitatis
1745 1424 1938 1478 corpus
1990 1427 2112 1467 esse

529 1485 734 1542 dicunt.
760 1487 913 1554 Quod
955 1490 998 1543 si
1024 1492 1322 1548 rationibus
1359 1496 1481 1550 victi
1513 1500 2107 1567 coaetique,Chrismm

529 1593 646 1632 esse
670 1579 831 1633 Deum
883 1591 1044 1652 atque
1067 1584 1339 1640 hominem
1369 1587 1660 1655 fateantur,
1690 1568 1739 1645 id
1764 1591 2109 1649 simulatione

527 1677 711 1735 agunt.
742 1668 1020 1734 Quomodo
1072 1675 1213 1728 enim
1268 1678 1541 1733 imminent
1586 1696 1706 1735 esse
1737 1696 1862 1737 vere
1911 1694 2111 1752 queant

529 1760 843 1825 concedere,
868 1763 1020 1832 cujus
1048 1768 1363 1831 essentiam,
1385 1777 1443 1821 ut
1473 1770 1732 1835 diximus.
1760 1788 1791 1826 a
1818 1786 1997 1830 nostra
2027 1777 2108 1830 di-

2215 594 2471 663 καθάπερ
2502 597 2721 665 σταγὼν
2762 598 2979 669 μέλιτος
3010 598 3043 668 ἢ
3071 596 3251 663 ὄξους,
3282 593 3797 651 καταποντισθεῖσα

2213 687 2293 756 τῷ
2344 689 2576 758 πελάγει
2621 692 2720 757 τῆς
2769 690 3069 758 θαλάσσης,
3127 693 3229 744 οὐκ
3273 689 3355 743 ἔτι
3395 689 3621 761 ὁρᾶται,
3666 684 3796 738 οὕτε

2216 773 2528 841 ὑφίσταται·
2572 776 2716 830 οὕτω
2741 777 2921 830 καὶτὸ
2980 778 3143 849 σῶμα
3169 780 3347 832 ἐκεῖνο
3380 774 3799 845 συνανακραθὲν

2216 867 2309 917 καὶ
2372 868 2801 923 καταποντισθὲν
2864 872 2922 923 ὲν
2959 870 3037 939 τῷ
3080 872 3314 937 πελάγει
3368 870 3469 939 τῆς
3532 868 3797 935 θεότητος

2214 956 2313 1008 οὐκ
2338 957 2419 1010 ἔτι
2447 958 2613 1024 σώζει
2635 959 2732 1031 τὴν
2754 960 2953 1015 ἑαυτοῦ
2980 961 3166 1030 φύσιν,
3198 959 3326 1014 οῦτε
3386 958 3657 1028 φυλάττει
3695 956 3796 1026 τὴν

2214 1048 2425 1101 οἰκείαν
2488 1050 2752 1118 ἰδιότητα,
2803 1053 2900 1106 καὶ
2950 1053 3041 1106 διὰ
3068 1051 3243 1106 τοῦτο
3288 1053 3388 1105 οὐκ
3418 1052 3566 1103 εἰσὶν
3604 1053 3665 1103 ἐν
3716 1049 3798 1116 τῷ

2213 1144 2435 1214 Χριστῷ
2459 1145 2552 1198 δύο
2577 1146 2789 1214 φύσεις,
2811 1146 2948 1202 ἀλλὰ
2970 1148 3069 1214 μία
3099 1148 3197 1201 καὶ
3215 1146 3355 1216 αὐτὴ
3385 1146 3482 1215 ὅλη
3511 1143 3796 1206 θεότητος.

2226 1236 2391 1289 una
2440 1238 2699 1308 θεότητος
2731 1239 2895 1310 σῶμα
2916 1240 3189 1308 λέγουσιν,
3218 1241 3307 1293 ὅτε
3330 1239 3389 1291 δὲ
3407 1239 3521 1297 τοῖς
3551 1234 3799 1302 ἐλέγχοις

2215 1327 2533 1398 βαλλόμενοι
2573 1330 3123 1398 καταναγκασθῶσιν,
3168 1328 3493 1423 ὁμολογοῦσι
3541 1325 3642 1423 μὲν
3661 1324 3799 1423 Θεὸν

2213 1417 2310 1470 καὶ
2332 1417 2617 1487 ἄνθρωπον
2675 1420 2767 1473 τὸν
2796 1419 3055 1488 Χριστὸν,
3081 1422 3142 1474 ὲν
3191 1418 3480 1489 ὑποκρίσει
3539 1417 3598 1469 δὲ
3638 1417 3800 1467 τοῦτο

2213 1508 2537 1578 πράττουσι.
2559 1511 2679 1575 Πῶς
2694 1512 2803 1583 γὰρ
2818 1512 3105 1582 ἄνθρωπον
3128 1514 3187 1567 ὲν
3207 1510 3434 1580 ἀληθείᾳ
3446 1508 3723 1576 λέγουσιν,
3738 1504 3801 1556 ὃν

2212 1599 2559 1668 ἑτεροούσιον
2591 1603 2771 1671 ἡμῶν,
2818 1602 2895 1667 ὡς
2929 1604 3279 1675 προείρηται,
3317 1599 3799 1671 δογματίζουσινὶ

2223 1690 2365 1743 Ἀλλ’
2393 1692 2495 1745 ὅσα
2537 1694 2638 1762 μὲν
2679 1696 2823 1749 κατὰ
2858 1695 2972 1751 τῶν
3016 1695 3415 1767 Μονοφυσιτῶν
3463 1695 3583 1754 τοῖς
3621 1690 3803 1757 ἁγίοις

2210 1782 2371 1853 ἡμῶν
2414 1785 2695 1854 Πατράσιν
2741 1786 3005 1858 ὲπονήθη,
3060 1785 3458 1856 κεφαλαιωδῶς
3506 1780 3800 1852 προεγράο

528 1864 736 1903 versam
765 1868 885 1908 esse
924 1858 1297 1914 contendunt?
1322 1857 1518 1914 Verum
1551 1877 1672 1930 qua:
1696 1878 1726 1917 a
1774 1868 1977 1922 sanctis
2009 1868 2108 1922 Pa-

2218 1840 2392 1944 φησαν
2427 1875 2484 1928 ἐν
2508 1840 2585 1946 si}:
2618 1877 2764 1930 κατὰ
2787 1840 3310 1948 τῶίΜοονοφυισιτῶν
3339 1876 3503 1945 τίτλῳ
3524 1874 3622 1926 τοῦ
3651 1888 3801 1941 παρ·

528 1942 702 1998 tribus
756 1946 953 2000 nostris
1003 1948 1261 2005 adversus
1339 1950 1743 2023 Monophysitas
1807 1960 2108 2027 excogitata

525 2046 738 2100 sunt,ea
768 2055 866 2094 nos
891 2040 940 2092 in
959 2055 1025 2096 eo
1048 2042 1202 2113 hujus
1230 2045 1408 2114 operis
1433 2045 1610 2108 titulo,
1635 2062 1741 2115 quo
1769 2047 2115 2121 Monophysi-

527 2136 611 2183 tas
634 2130 1052 2199 confutavimus,
1076 2134 1309 2191 breviter
1330 2139 1721 2193 recensuimus.
1745 2141 2112 2206 Quamobrem

2208 1969 2361 2031 ὄντος
2427 1971 2832 2040 συντάγματος·
2880 1971 2976 2026 καὶ
3029 1971 3293 2042 ζητητέον
3336 1971 3395 2023 ὲν
3449 1967 3648 2033 ἐκείνῳ
3692 1965 3801 2026 τὰς

2213 2058 2517 2122 πολυειδεῖς
2574 2061 2668 2112 καὶ
2700 2063 2952 2123 ποικίλας
2993 2060 3305 2130 ἀνατροπάς
3353 2059 3449 2113 καὶ
3491 2057 3593 2125 τῆς
3626 2053 3805 2121 αὐτῆς

2212 2149 2498 2220 αἱρέσεωΐ
2526 2149 2759 2221 ὲροῦμεν
2792 2152 2851 2205 δὲ
2871 2154 2974 2209 καὶ
3001 2152 3096 2207 νῦν
3128 2153 3306 2220 ὀλίγα,
3360 2149 3461 2203 καὶ
3502 2144 3807 2206 παντελῶς

526 2232 589 2270 ex
646 2233 712 2272 eo
760 2219 920 2275 titulo
974 2223 1218 2290 petendae
1267 2236 1394 2280 sunt
1447 2228 1688 2284 rationes
1737 2231 1900 2285 variae
1953 2242 2109 2302 atque

2218 2219 2610 2312 ἀνναπίρῤητα.

527 2312 870 2381 multiplices,
907 2316 1106 2384 quibus
1160 2318 1274 2373 haec
1327 2320 1549 2377 hairesis
1598 2334 1891 2380 evertatur.
1943 2325 2121 2385 Pauca
2165 2340 2347 2388 tamen
2412 2337 2662 2404 quaedam
2713 2336 2804 2393 hic
2850 2338 3014 2393 etiam
3067 2337 3636 2400 commemorabimus,
3687 2344 3807 2401 quo

525 2409 737 2476 penitus
764 2410 1081 2477 proﬂigetur
1111 2422 1164 2466 et
1190 2415 1568 2470 c0nvincatttr.
1660 2470 1661 2473 η

598 2498 652 2551 Si
680 2499 775 2552 Dei
808 2499 965 2555 Verbi
1022 2512 1076 2555 et
1104 2505 1286 2558 carnis
1318 2506 1486 2573 ipsius
1521 2523 1626 2563 una
1660 2521 1857 2565 natura
1881 2523 1986 2578 est,
2020 2515 2115 2571 Dei

525 2602 703 2645 autem
735 2588 892 2647 Verbi
914 2604 966 2663 et
993 2593 1170 2649 Patris
1198 2611 1299 2649 una
1326 2606 1411 2652 est
1438 2610 1649 2665 natura,
1674 2604 1764 2672 qui
1798 2604 1913 2659 fieri
1937 2617 2115 2675 potest

525 2693 585 2736 ut
613 2700 716 2739 non
751 2700 854 2737 una
884 2686 955 2740 sit
1005 2684 1207 2753 Patris,
1237 2698 1292 2742 et
1324 2687 1504 2757 Verbi,
1538 2704 1590 2747 ct
1637 2697 1818 2751 carnis
1872 2703 2112 2756 natura?

598 2860 656 2914 Si
716 2859 965 2917 Christus
1019 2874 1140 2933 post
1170 2867 1605 2938 coniunctionem
1651 2881 1732 2926 est
1784 2890 1888 2929 una
1918 2884 2108 2931 natura

523 2954 841 3022 composita,
874 2954 1035 3010 Pater
1067 2967 1247 3012 autem
1288 2975 1390 3013 non
1429 2971 1514 3015 est
1541 2965 1696 3017 unius
1732 2975 1936 3020 naturze
1961 2984 2109 3021 com-

524 3046 735 3111 positae,
760 3048 1029 3115 quomodo
1055 3047 1307 3106 Christus
1340 3064 1462 3120 post
1495 3054 1930 3121 conjunctionem
1962 3059 2107 3128 ejus-

525 3139 645 3191 dem
672 3137 742 3191 .«it
775 3140 1024 3194 essentia:
1052 3156 1173 3195 cum
1196 3141 1401 3197 Patre?

599 3227 654 3281 Si
707 3229 957 3285 Christus
1008 3241 1128 3301 post
1178 3235 1613 3302 coniunctionem
1680 3238 1820 3295 Deus
1850 3250 1905 3297 et
1950 3243 2110 3299 homo

524 3333 644 3373 esse
664 3322 997 3387 conceditur,
1040 3341 1145 3378 non
1173 3337 1352 3380 autem
1377 3344 1481 3396 qua
1514 3340 1707 3385 natura
1737 3332 1877 3387 Deus
1907 3343 2011 3400 est,
2047 3350 2110 3390 ea

526 3420 611 3464 est
644 3411 823 3473 homo,
868 3417 1134 3481 quoinodo
1180 3433 1282 3472 non
1338 3420 1459 3475 dua:
1493 3430 1698 3476 naturae
1746 3423 1817 3477 sit
1844 3424 2110 3495 Christus,

527 3502 732 3570 quibus
767 3503 905 3557 Deus
934 3516 1015 3559 est
1038 3514 1092 3558 et
1120 3508 1280 3564 homo
1304 3509 1327 3563 ?

600 3591 657 3646 Si
687 3609 789 3648 una
820 3594 1065 3651 Christus
1092 3611 1281 3653 natura
1314 3612 1418 3668 cst,
1442 3614 1493 3658 et
1525 3605 1636 3662 lucc
1664 3618 1745 3663 est
1764 3618 1871 3664 tota
1914 3610 2111 3666 divini-

531 3692 634 3746 tas,
662 3684 859 3740 Cl'risti
892 3698 1068 3742 autem
1118 3700 1305 3746 natura
1339 3712 1364 3747 a
1400 3696 1560 3752 Patre
1612 3701 1853 3769 separari
1880 3718 1982 3756 non
2012 3718 2112 3769 μου

532 3783 691 3839 terat,
718 3777 1068 3847 perspicuum
1096 3790 1179 3833 est
1233 3796 1452 3837 carnem
1508 3787 1669 3841 etiam
1723 3790 1945 3855 Christi,
1979 3806 2104 3845 cum

526 3878 671 3920 esset
705 3885 867 3923 unum
925 3886 1044 3925 cum
1102 3872 1320 3929 Christo
1373 3887 1588 3947 natura,
1633 3884 1822 3936 mortis
1872 3895 2112 3949 tempore

524 3975 628 4013 non
660 3958 823 4016 fuisse
876 3974 1180 4033 separatam
1209 3982 1238 4021 a
1272 3967 1449 4026 Patre.
1504 3973 1782 4038 Quomodo
1823 3975 1987 4043 igitur
2022 3977 2111 4032 hic

528 4053 916 4121 comprehensa
973 4056 1093 4123 fuit,
1131 4068 1185 4113 et
1236 4063 1540 4133 verberata,
1576 4076 1629 4119 et
1660 4066 1897 4129 concisa.
1935 4079 1989 4123 et
2008 4073 2109 4123 hu-

528 4157 922 4200 mana'uaturm
948 4149 1098 4219 signa
1128 4152 1444 4221 sanguinem
1492 4164 1548 4209 et
1580 4171 1775 4225 aquam
1827 4159 2062 4227 profudit
2092 4199 2108 4221 .

521 4247 576 4292 et
625 4255 749 4293 vere
783 4253 989 4296 mortua
1049 4255 1148 4309 est,
1177 4246 1311 4304 etin
1358 4249 1608 4318 sepulcro
1644 4266 1875 4321 mortua,
1944 4263 2109 4326 atque

522 4332 817 4389 immobilis
863 4344 914 4387 et
954 4336 1361 4408 circumscripta
1382 4339 1605 4408 jacuit?

592 4510 646 4565 Si
685 4512 882 4567 Christi
937 4530 1064 4568 caro
1124 4517 1378 4572 divinitas
1412 4519 1548 4575 facta
1580 4531 1684 4585 est,
1716 4527 1987 4593 quomodo
2028 4527 2110 4582 di-

520 4605 598 4657 xit
628 4605 740 4672 ipse
771 4606 1018 4661 Christus
1050 4624 1064 4660 :
1101 4608 1234 4661 Deus
1266 4627 1428 4669 meus.
1466 4613 1602 4666 Deus
1656 4632 1819 4681 meus,
1847 4634 1939 4670 cur
1957 4620 2103 4674 dere-

520 4697 721 4768 liquisti
780 4715 855 4751 me
886 4701 899 4729 ¹
925 4700 948 4752 ?
979 4699 1256 4765 Quoinodo
1304 4720 1514 4758 rursum
1567 4707 1700 4761 dixit
1734 4713 1797 4762 ad
1836 4711 2056 4767 Mariam
2090 4733 2105 4770 :

521 4789 605 4842 Ne
633 4806 713 4844 me
745 4791 993 4859 tetigeris,
1036 4790 1269 4846 nondum
1322 4796 1454 4849 enim
1516 4802 1727 4853 ascendi
1773 4803 1841 4854 ad
1898 4804 2108 4862 Patrem

522 4898 690 4934 meum
751 4882 819 4936 '?
878 4882 985 4936 Aut
1044 4885 1313 4952 quomodo
1372 4887 1507 4941 dixit
1558 4891 1622 4943 ad
1672 4893 1941 4960 apostolos
1993 4906 2113 4964 post

525 4973 982 5027 resurrectionem
1034 4974 1301 5044 :Palpale
1365 4995 1467 5041 me,
1507 4990 1554 5033 et
1607 4985 1792 5050 videte,
1861 4991 2108 5055 quoniam

520 5063 736 5130 spiritus
760 5080 968 5117 carnem
993 5075 1037 5117 et
1068 5082 1186 5119 ossa
1215 5084 1313 5120 non
1339 5069 1513 5133 habet,
1542 5072 1673 5125 sicut
1701 5090 1780 5127 me
1801 5076 1983 5131 videtis
2007 5079 2106 5131 Ιια-

520 5156 635 5209 bere
662 5157 702 5221 ³,
752 5165 804 5209 et
838 5155 937 5209 alia
983 5157 1250 5226 ejusmodi
1307 5163 1741 5229 innumerabilia,
1796 5169 2109 5237 quibusint-

525 5250 755 5301 munitas
780 5249 988 5317 ahipso
1042 5264 1319 5320 assumpta
1368 5256 1651 5325 perspicue
1705 5267 1759 5311 et
1828 5260 1946 5313 sine
1999 5262 2104 5315 ulla

520 5343 892 5397 controversia
936 5344 1267 5407 declaratur,
1302 5347 1438 5413 apud
1478 5363 1571 5401 eos
1612 5349 1824 5415 quidem
1858 5354 1947 5420 qui
1978 5368 2108 5422 pru-

519 5434 707 5486 dentes
730 5443 872 5498 snnt,
912 5449 1015 5487 non
1044 5445 1225 5489 autem
1265 5436 1420 5503 plane
1454 5439 1600 5491 stulti
1627 5440 1649 5492 ?

590 5544 705 5606 isti,
756 5546 847 5615 qui
878 5546 1082 5601 Christi
1133 5556 1315 5604 ortum
1370 5550 1422 5602 iu
1460 5565 1648 5613 carne.
1708 5567 1955 5623 vermque
2007 5556 2105 5609 hu—

519 5638 798 5692 manitatis
828 5653 1121 5710 assumpta:
1158 5642 1475 5712 mysterium
1531 5644 1800 5711 rejiciunt,
1836 5660 2107 5701 rennuen-

595 5800 614 5832 ⁸
653 5798 842 5877 Matth.
883 5816 1049 5867 um,
1094 5803 1179 5855 ili.

2290 2522 2355 2574 Et
2400 2521 2498 2590 μία
2555 2523 2717 2590 φύσις
2757 2520 2850 2573 τοῦ
2881 2521 3018 2573 Θεοῦ
3063 2520 3260 2588 Λόγου,
3306 2520 3398 2572 καὶ
3445 2519 3546 2597 τῆς
3586 2522 3811 2589 σαρκὸς

2214 2613 2407 2681 αὐτοῦ,
2440 2614 2537 2683 μία
2566 2613 2622 2665 δὲ
2652 2611 2813 2680 φύσις
2829 2611 2925 2664 τοῦ
2960 2610 3095 2663 Θεοῦ
3139 2611 3338 2678 Λόγου,
3398 2611 3499 2663 καὶ
3547 2611 3642 2663 τοῦ
3680 2613 3811 2664 Πα-

2209 2707 2340 2777 τρός
2366 2723 2383 2740 ·
2409 2705 2525 2768 πῶς
2555 2708 2616 2757 οὐ
2647 2705 2744 2774 μία
2791 2704 2956 2772 φύσις
2986 2703 3081 2756 τοῦ
3137 2703 3372 2772 Πατρὸς,
3405 2702 3499 2755 καὶ
3536 2702 3631 2755 τοῦ
3682 2705 3810 2758 Λό-

2209 2813 2336 2868 γου,
2365 2797 2461 2850 καὶ
2491 2794 2590 2865 τῆς
2618 2793 2823 2864 σαρκός
2848 2810 2865 2860 ;

2284 2887 2348 2939 Et
2382 2887 2481 2955 μία
2506 2885 2669 2953 φύσις
2697 2883 2952 2946 σύνθετος
2982 2885 3011 2936 ὁ
3034 2881 3270 2946 Χριστὸς
3293 2879 3434 2949 μετὰ
3452 2880 3549 2950 τήν
3564 2880 3805 2947 ἕνωσιν,

2216 2980 2277 3032 οὐ
2316 2981 2444 3044 μιᾶς
2491 2978 2547 3031 δὲ
2578 2978 2837 3031 συνθέτου
2871 2976 3136 3045 φύσεωςὸ
3186 2973 3398 3044 Πατὴρ,
3451 2973 3569 3037 πῶς
3632 2972 3808 3027 ἔσται

2213 3069 2501 3140 (JF-0°56");
2528 3069 2606 3139 τῷ
2638 3069 2816 3141 Ila.th
2859 3066 3000 3138 μετὰ
3028 3066 3128 3137 τὴν
3158 3066 3355 3119 ἕνωσιν
3384 3064 3413 3117 ὁ
3440 3065 3672 3136 Χριστός
3697 3081 3718 3131 ;

2288 3250 2352 3302 Εἰ
2378 3248 2511 3311 Θεὸς
2541 3248 2638 3301 καὶ
2682 3247 2971 3317 ἄνθρωπος
3004 3246 3033 3299 ὁ
3066 3243 3304 3314 Χριστὸς
3350 3242 3493 3312 μετὰ
3525 3242 3621 3312 τὴν
3646 3242 3803 3297 ἕνω-

2215 3359 2302 3395 σιν
2329 3341 2699 3412 ὁμολογεῖται,
2729 3341 2791 3392 οὐ
2841 3341 2907 3408 τῇ
2948 3339 3086 3409 αὐτῇ
3120 3337 3176 3390 δὲ
3207 3336 3391 3405 φύσει,
3428 3329 3603 3408 ᾖὲστι
3628 3334 3803 3400 Θεὸς,

2218 3434 2390 3503 ταύτῃ
2432 3432 2552 3483 ἐστὶ
2583 3429 2678 3483 καὶ
2711 3429 3019 3502 ἄνθρωπος·
3074 3428 3190 3491 πῶς
3227 3428 3290 3481 ού
3313 3427 3407 3481 δύο
3441 3427 3656 3497 φύσεις,
3696 3423 3805 3492 αἷς

2213 3523 2341 3583 θεὸς
2366 3523 2458 3576 καὶ
2486 3520 2773 3592 ἄνθρωπος
2809 3522 2837 3573 ὁ
2875 3519 3109 3590 Χριστός
3134 3535 3153 3579 ;

2288 3617 2351 3669 Ei
2384 3616 2483 3685 μία
2514 3614 2677 3682 φύσις
2700 3615 2726 3666 ὁ
2770 3612 3026 3683 Χριστὸς,
3054 3611 3151 3664 καὶ⁵
3191 3611 3333 3681 αῦτη
3364 3610 3459 3681 ὅλη
3506 3610 3730 3680 θεότης,
3770 3612 3810 3681 ἠ

2212 3709 2270 3762 δὲ
2299 3707 2393 3760 τοῦ
2442 3703 2683 3776 Χριστοῦ
2734 3703 2895 3771 φύσις
2943 3703 3040 3756 τοῦ
3096 3704 3311 3775 llatpr
3351 3701 3663 3773 ἁχὼριστος
3701 3699 3805 3773 ἦν·

2214 3798 2502 3871 πρόδηλον,
2556 3798 2639 3848 ὃτι
2690 3796 2785 3849 καὶ
2821 3796 2855 3864 ἡ
2896 3794 3031 3862 σὰρξ
3072 3796 3168 3847 τοῦ
3224 3794 3464 3865 Χριστοῦ
3516 3795 3673 3848 κατὰ
3704 3795 3808 3849 τὸν

2214 3890 2407 3960 καιρὸν
2435 3888 2527 3942 τοῦ
2579 3887 2788 3949 πάθους
2836 3886 2895 3940 ἓν
2933 3884 3069 3940 οὖσα
3100 3886 3235 3957 πρὸς
3269 3888 3371 3957 τὴν
3410 3886 3506 3939 τοῦ
3550 3887 3805 3957 Χριστοῦ

2215 3984 2398 4054 φύσιν,
2435 3980 2737 4050 ἀχώριστος
2768 3974 2836 4049 ἦν
2860 3976 2956 4030 τοῦ
2999 3978 3238 4047 Πατρός.
3277 3978 3529 4042 Καὶπῶς
3582 3978 3802 4047 ἔπασχε

2215 4079 2366 4133 κάτω
2418 4073 2793 4146 κρατουμένη,
2834 4074 2928 4125 καὶ
2988 4072 3391 4142 μαστιζομένη,
3449 4072 3551 4124 καὶ
3596 4088 3807 4141 τεμνο-

2219 4170 2377 4241 μένη,
2436 4167 2533 4220 καὶ
2589 4165 2660 4218 τὰ
2709 4161 2956 4233 σύμϐολα
2992 4162 3091 4231 τῆς
3147 4162 3497 4232 ἀνθρωπίνης
3555 4161 3805 4231 φύσεως,

2213 4267 2276 4319 τὸ
2331 4257 2471 4333 αἷμα
2530 4260 2624 4313 καὶ
2668 4257 2729 4311 τὸ
2772 4256 2917 4327 ὕδωρ
2952 4257 3322 4327 ἀπορρέουσα,
3362 4256 3459 4307 καὶ
3487 4254 3630 4307 κατᾶ
3659 4256 3803 4325 dli;-

2213 4360 2367 4412 θειαν
2398 4354 2842 4422 ἀποθνῄσκουσα,
2892 4351 2982 4403 καὶ
3030 4351 3091 4403 ὲν
3150 4349 3229 4419 τῷ
3275 4349 3435 4419 τάφῳ
3478 4348 3674 4418 νεκρὰ,
3696 4349 3799 4401 καὶ

2214 4448 2497 4518 ἀκίνητος,
2526 4446 2625 4499 καλ⁸
2658 4445 3017 4513 περιγραπτὴ
3039 4441 3303 4510 κειμένης

2290 4541 2463 4609 Είπερ
2515 4539 2548 4607 ἡ
2580 4534 2719 4606 σὰρξ
2748 4533 2841 4587 τοῦ
2869 4532 3102 4603 Χριστοῦ
3149 4531 3345 4600 θεότης
3393 4531 3615 4600 γέγονε,
3666 4531 3791 4592 πῶς

2214 4631 2378 4694 αὐτὸς
2438 4630 2466 4682 ὁ
2521 4627 2759 4697 Χριστὸς
2815 4626 2988 4694 ελεγεο
3057 4624 3163 4677 Θεέ
3248 4640 3389 4693 μου,
3473 4624 3583 4677 Θεέ
3644 4640 3795 4692 μου,

2208 4723 2369 4778 irati
2387 4738 2463 4792 με
2487 4719 2915 4791 ἐγκατέλιπεςς
2964 4717 3087 4780 [Ιῶς
3116 4717 3172 4769 δὲ
3212 4720 3306 4771 καὶ
3352 4717 3492 4787 πρδς
3544 4716 3643 4786 τὴν
3668 4717 3797 4769 Μαι

2213 4817 2335 4885 ρίαν
2361 4814 2520 4869 πάλιν
2546 4814 2723 4880 ἔλεγε,
2754 4810 2848 4877 Μή
2865 4829 2981 4881 μου
3014 4810 3229 4867 ἅπτου·
3277 4810 3447 4864 οὔπω
3491 4810 3600 4879 γὰρ
3639 4808 3795 4862 dra-

2211 4910 2429 4975 ϐἐϐηκα
2464 4908 2612 4975 πρὸς
2644 4906 2750 4959 τὸν
2787 4905 3019 4973 Πατέρα
3042 4922 3161 4973 μου
3185 4920 3205 4969 ;
3233 4903 3354 4966 [Ιῶς
3403 4904 3462 4957 δὲ
3509 4902 3608 4957 καὶ
3652 4903 3797 4971 πρὸς

2209 4998 2693 5061 τοὺςὰποστὸλους
2729 5000 2869 5066 μετὰ
2906 4996 3004 5066 τὴν
3032 4995 3338 5048 ἀνάστασιν
3373 4992 3553 5060 ἔλεγε,
3586 4993 3794 5057 '1'an-

2209 5090 2448 5163 φήσατέ
2484 5109 2579 5160 με,
2642 5091 2742 5145 καί
2795 5090 2972 5155 ἴδετε,
3034 5088 3125 5141 ὅτι
3180 5087 3417 5155 πνεῦμα
3457 5102 3644 5153 capta
3684 5086 3795 5137 καὶ

2210 5183 2395 5237 ὀστέα
2431 5185 2545 5236 οὐκ
2580 5182 2728 5251 ἔχει,
2774 5181 2968 5245 καθὼς
3011 5179 3116 5249 ἐμὲ
3183 5179 3453 5247 θεωρεῖτε
3522 5177 3745 5245 ἔχοντα
3774 5217 3792 5239 .

2208 5279 2303 5331 καὶ
2360 5275 2532 5347 μυρία
2561 5275 2785 5328 τοιαῦτα
2812 5276 2911 5344 τὴν
2957 5272 3374 5344 ὲνανθρὼπησιν
3403 5269 3563 5323 αὑτοῦ
3607 5285 3798 5337 πραγο

2214 5369 2465 5440 ματικῶς
2549 5368 2906 5440 παριστῶντα
2984 5369 3081 5420 καὶ
3166 5364 3585 5435 ἁναμφισϐήτως
3650 5361 3795 5416 ὅσον

2208 5460 2344 5530 πρὸς
2373 5460 2677 5522 συνιέντας,
2707 5458 2802 5511 καὶ
2831 5456 2905 5527 μὴ
2942 5457 3116 5524 πάντη
3149 5454 3522 5524 μωραίνοντας
3548 5467 3563 5513 ;
3756 5540 3783 5552 -

2285 5550 2629 5613 Ἀθετοῦντες
2651 5546 2796 5604 οὗτοι
2836 5549 2933 5618 τὴν
2986 5548 3128 5601 κατὰ
3171 5546 3350 5616 σάρκα
3392 5546 3627 5613 γέννησιν
3678 5546 3788 5593 τοῦ

2216 5645 2479 5714 Χριστοῦ,
2509 5646 2604 5699 καὶ
2635 5645 2697 5698 τὸ
2738 5643 2835 5713 τῆς
2860 5640 3094 5712 ἀληθοῦς
3144 5640 3595 5709 ἐνανθρωπήσεως
3670 5651 3789 5703 με-

1280 5806 1301 5833 '-’
1326 5802 1461 5857 Joan
1517 5819 1600 5872 ιιι,
1651 5805 1734 5859 17.
1806 5807 1821 5837 ³
1857 5803 1987 5859 Luc.
2022 5820 2169 5871 μιν,
2198 5807 2286 5861 59.
