4052 6292
523 353 660 431 1119

1750 370 2101 431 EUTHYMI
2114 370 2138 430 Ι
2179 371 2511 435 ZlGABEN
2520 374 2548 435 Ι

3669 378 3695 443 1
3708 380 3806 445 180

592 474 728 528 Cum
779 471 973 528 mortis
1002 483 1242 545 tempore
1275 476 1515 547 legamus
1565 478 1845 535 Christum
1899 495 2109 546 orasse,

2284 482 2392 536 Τοῦ
2419 483 2654 555 Χριστοῦ
2691 482 2833 538 κατὰ
2864 483 2961 537 τὸν
2988 484 3180 554 καιρὸν
3228 483 3323 541 τοῦ
3360 486 3572 552 πάθους
3621 504 3802 555 προσ-

519 575 576 617 et
608 568 834 618 sudores
909 574 1161 634 tanquam
1211 574 1394 638 guttas
1449 570 1736 643 sanguinis
1765 586 1830 624 ex
1891 570 2112 641 proprio

519 668 749 725 carpere
779 654 1105 725 profudisse,
1145 673 1253 728 quo
1286 669 1535 716 naturam
1593 662 1779 719 carnis
1803 678 1915 718 sum
1966 677 2115 721 cout-

522 748 796 815 probaret,
829 750 1069 805 Armenii
1109 750 1303 808 callide
1332 754 1557 810 sudores
1585 769 1650 810 ex
1702 755 2115 826 Evangeliorum

524 839 681 897 libris
703 841 1038 905 deleverunt,
1070 852 1128 896 ut
1158 856 1533 915 argumentum
1587 858 1881 919 assumpta:
1934 850 2117 905 carnis

514 947 584 984 ex
608 931 848 999 Virgins,
879 934 1023 1001 quod
1055 935 1181 991 inde
1207 937 1459 1003 sumitur,
1496 940 1785 1006 evitareut,
1831 950 1886 997 et
1912 942 2115 997 Serva-

520 1018 655 1075 toris
710 1030 960 1078 naturam
1017 1024 1292 1079 hominum
1379 1039 1585 1083 naturae
1655 1039 1914 1099 negarent
1993 1046 2117 1088 esse

514 1112 769 1169 similem.
810 1114 1009 1170 Verum
1043 1131 1136 1173 eos
1163 1117 1321 1172 aliter
1354 1119 1549 1176 Paulus
1566 1122 1860 1192 redarguit,
1889 1123 2113 1179 dicens:

520 1202 627 1270 Qui
661 1206 718 1260 in
748 1207 931 1262 diebus
960 1211 1136 1264 carnis
1165 1226 1280 1266 sum
1316 1214 1558 1278 precibus
1598 1224 1645 1269 et
1670 1214 2114 1270 obsecrationibus

516 1297 651 1365 [usis
680 1300 748 1352 ad
784 1316 929 1363 eum,
980 1302 1067 1372 qui
1096 1314 1298 1371 poterat
1330 1305 1499 1374 ipsum
1530 1324 1563 1361 α
1639 1314 1806 1362 morte
1871 1323 2110 1372 servare,

517 1404 637 1442 cum
664 1389 894 1445 clamore
927 1410 1120 1461 magno
1142 1403 1192 1449 et
1223 1395 1472 1465 larrymis
1503 1406 1558 1454 et
1602 1413 1722 1465 qum
1742 1408 2046 1468 sequuntur
2072 1399 2113 1453 ⁸.

519 1478 715 1532 Preces
746 1482 912 1547 enini,
941 1494 995 1538 et
1025 1485 1455 1550 obsecrationes,
1506 1496 1562 1540 (τι
1591 1488 1769 1558 magni
1828 1489 2114 1553 clamores,

518 1573 575 1621 et
606 1565 863 1637 lat-rymae
897 1584 1216 1641 argumento
1258 1575 1562 1631 certissimo
1610 1577 1864 1645 probant,
1894 1592 2114 1635 carnem

518 1659 638 1720 ejus
677 1668 875 1715 nostra;
926 1663 1157 1718 similem
1220 1667 1513 1736 exstitisse,
1575 1683 1696 1725 cum
1735 1670 1852 1738 ipsa
1898 1685 2116 1742 quoque

522 1748 903 1809 ali’ectionibus
929 1765 1075 1810 esset
1103 1755 1335 1815 obnoxia
1366 1759 1485 1815 siue
1513 1770 1759 1830 peccato.

593 2046 670 2102 De
703 2049 998 2118 ndditione,
1025 2070 1186 2124 quam
1230 2056 1478 2129 Trisagio
1498 2064 1711 2118 cantico
1739 2062 1927 2119 Petrus
1964 2063 2116 2121 Fullo

524 2140 764 2196 adhibuit
795 2145 846 2198 in
885 2148 1041 2202 titulo
1077 2150 1336 2207 adversus
1359 2152 1806 2222 'l‘heopasclritas,
1869 2157 1957 2225 qui
1980 2155 2119 2211 divi—

525 2232 750 2286 nitatem
782 2250 996 2302 passam
1039 2253 1316 2309 asserunt,
1341 2244 1551 2299 dicturn
1597 2256 1701 2300 est.
1748 2246 1989 2301 Armenii
2018 2262 2119 2300 au-

522 2331 631 2379 tem
664 2327 804 2382 banc
855 2328 958 2398 ipsi
1016 2346 1233 2403 quoque
1299 2334 1632 2393 additionem
1684 2338 1738 2392 in
1788 2351 1855 2393 eo
1906 2339 2120 2394 cantiio

524 2420 906 2489 pronuntiant,
940 2438 1045 2492 qua
1076 2426 1292 2494 quidem
1322 2428 1375 2481 in
1415 2442 1478 2484 re
1540 2438 1670 2483 sunt
1707 2430 1994 2484 admodum
2040 2430 2117 2483 ri-

521 2510 713 2575 diculi,
744 2514 835 2580 qui
866 2526 989 2567 cum
1026 2516 1229 2571 Christi
1259 2532 1459 2589 corpus
1477 2520 1662 2575 dicant
1691 2521 2116 2591 incorruptibile,

522 2608 578 2655 et
612 2602 929 2671 impatibile.
976 2615 1031 2661 et
1091 2608 1420 2675 immortale,
1448 2611 1786 2666 divinitatem
1845 2613 1967 2682 ejus
2026 2627 2121 2679 pa-

521 2692 728 2750 tibilem
765 2697 1157 2768 mortalemque
1221 2702 1455 2755 tradant.
1511 2702 2118 2772 Aphtliartodocitarum

520 2787 664 2841 enim
700 2789 941 2844 simulet
997 2790 1522 2861 Theonascliitarum
1584 2794 1772 2849 morbo
1816 2794 2114 2861 insaniunt;

520 2876 590 2930 de
628 2878 821 2947 quibus
861 2895 979 2949 (ιντο
1023 2883 1134 2937 visa
1174 2892 1298 2938 sunt
1353 2896 1675 2953 opportuna,
1707 2885 1823 2940 suis
1850 2886 1908 2940 in
1950 2885 2121 2941 titulis

520 2973 937 3047 disputavimus.
980 2982 1037 3036 lu
1074 2980 1179 3037 illis
1218 2980 1382 3052 igitur
1421 2982 1771 3051 quaerendum
1814 2991 1921 3036 est.

595 3091 886 3163 Origenem
922 3095 973 3150 in
1007 3094 1194 3164 primis
1216 3094 1437 3166 impium
1472 3094 1668 3166 partim
1697 3094 1967 3165 rejiciunt,
1993 3109 2120 3164 par-

2216 575 2546 648 ευχομένου,
2615 575 2713 631 καὶ
2760 575 2996 647 ἱδρῶτας
3059 577 3196 631 ὡσεὶ
3237 578 3522 649 θρόμϐους
3567 581 3807 651 αἵματος

2218 668 2283 723 ἐκ
2306 666 2401 721 τοῦ
2436 667 2570 723 ίδίου
2601 668 2862 736 σώματος
2902 664 3228 735 ῥεύσαντος,
3254 667 3353 721 xui.
3381 668 3484 736 τὴν
3510 668 3677 737 φύσιν
3702 670 3802 737 τῆς

2219 757 2419 827 σαρκὸς
2460 755 2628 812 αὑτοῦ
2659 755 3088 828 βεσαιώσαντος,
3118 759 3166 811 οἱ
3214 758 3494 830 Ἀρμένιοι
3514 761 3807 828 κακοήθως

2217 848 2529 918 ἀπήλειψαν
2563 850 2687 911 τοὺς
2742 846 2975 918 ἱδρῶτας
3015 849 3079 903 ὲκ
3116 850 3217 917 τῆς
3276 848 3469 918 βίϐλου
3538 852 3650 905 τῶν
3701 851 3806 905 Εὐ-

2219 942 2514 1011 αγγελίων,
2556 941 2858 1012 φεύγοντες
2900 940 2995 994 τὸν
3031 940 3287 996 ἐντεῦθεν
3333 942 3558 1011 ἔλεγχον
3597 944 3699 1012 τῆς
3741 945 3803 996 ὲκ

2219 1034 2498 1106 Παρθένου
2532 1032 2890 1105 σαρκώσεως,
2920 1034 3015 1087 καὶ
3050 1033 3375 1098 ἀθετοῦντες
3407 1036 3509 1105 τὴν
3559 1035 3802 1106 ὁμογενῆ

2217 1126 2327 1186 τοῖς
2358 1122 2667 1194 ἀνθρώποις
2700 1123 2862 1193 φύσιν
2912 1122 3006 1177 τοῦ
3041 1125 3315 1195 Σωτῆρος.
3382 1126 3522 1179 ’Δλλ⁹
3584 1127 3802 1198 ἐλέγχει

2215 1215 2442 1279 τούτους
2472 1217 2676 1286 ἑτέρως
2707 1217 2735 1269 ὁ
2767 1216 3067 1279 ἀπόστολος
3099 1216 3311 1280 Παῦλος
3342 1217 3544 1285 λέγων,
3585 1221 3683 1284 ’ος
3731 1220 3804 1274 ἐν

2219 1308 2349 1375 ταῖς
2374 1308 2620 1377 ἡμέραις
2641 1307 2750 1377 τῆς
2768 1308 3001 1377 σαρκὸς
3015 1308 3204 1365 αὑτοῦ
3221 1309 3467 1377 δεήσεις
3488 1326 3551 1361 τε
3563 1310 3661 1363 καί
3683 1313 3807 1363 ικε-

2216 1402 2423 1468 τηρίας
2454 1399 2603 1469 ,πρὸς
2624 1400 2731 1453 τὸν
2754 1400 3099 1469 δυνάμενον
3136 1400 3347 1461 σώζειν
3375 1401 3563 1456 αὑτὸν
3594 1402 3665 1455 ἐκ
3698 1405 3800 1455 θα-

2215 1492 2401 1549 νάτου
2422 1492 2569 1560 μετὰ
2596 1507 2747 1560 atan
2758 1491 2864 1561 τῆς
2885 1492 3142 1560 ίσχιιφᾶς
3156 1493 3254 1550 καὶ
3282 1492 3559 1561 δακρύων
3580 1495 3802 1561 προσέ·

2216 1584 2457 1651 νέτκας,
2490 1584 2584 1637 καὶ
2614 1584 2683 1636 τὰ
2715 1582 2865 1652 ἑξῆς.
2894 1583 2961 1635 Ai
2993 1582 3207 1653 δεήσεις
3230 1574 3364 1653 γὰρ’,
3406 1584 3499 1639 καὶ
3529 1584 3590 1637 αἱ
3622 1585 3806 1651 ἱκετη-

2219 1675 2355 1743 ρίαι,
2387 1675 2484 1729 καὶ
2512 1676 2569 1727 αί
2609 1676 2828 1747 ἰσχυραὶ
2854 1675 3120 1744 κραυγαὶ,
3172 1677 3267 1733 καὶ
3338 1675 3407 1729 τὰ
3443 1675 3666 1746 δάκρυα
3717 1677 3807 1729 πί-

2219 1766 2426 1830 στωσίς
2456 1768 2596 1820 εἰσιν
2617 1767 3017 1837 ἀναντίρῤητος
3041 1766 3143 1836 τῆς
3180 1766 3481 1836 συγγενοῦς
3503 1769 3636 1838 ἡμῖν
3670 1783 3807 1837 σαρ-

2135 1851 2182 1910 Ῑι
2215 1859 2313 1922 κὸς
2339 1858 2530 1924 αὐτοῦ,
2564 1862 2677 1923 τοῖς
2701 1860 2913 1930 ὁμοίοις
2944 1858 3041 1913 καὶ
3071 1859 3246 1929 αὐτῆς
3284 1859 3517 1917 πάθεσιν
3574 1861 3802 1913 ὑποκει-

2221 1953 2389 2024 μένης
2413 1951 2583 2023 χωρὶς
2618 1953 2919 2023 ἁμαρτίας.
3828 2022 3838 2030 .

2276 2067 2429 2138 Περὶ
2455 2068 2555 2134 τῆς
2607 2070 2666 2120 ὲν
2702 2068 2783 2138 τῷ
2812 2072 3086 2139 τρισαγίῳ
3134 2069 3294 2139 ὕμνῳ
3341 2067 3669 2138 προσθήκης
3702 2067 3807 2122 1ἰέ-

2217 2176 2353 2229 τρου
2386 2159 2483 2212 τοῦ
2516 2159 2783 2228 Κναφέως
2820 2161 3251 2231 προγέγραπται
3310 2163 3371 2213 ὲν
3399 2160 3480 2228 τῷ
3515 2161 3663 2213 κατὰ
3690 2159 3802 2211 τῶν

2217 2252 2607 2322 Θεοπισχιτῶν
2634 2252 2940 2322 τίτλῳ.Καὶ
2970 2255 3080 2323 γὰρ
3108 2254 3207 2307 καὶ
3234 2254 3513 2323 ’Δρμένιοι
3534 2253 3677 2322 μετὰ
3703 2253 3805 2318 τῆς

2219 2344 2452 2405 ἀσεϐοῦς
2480 2344 2687 2415 ταύτης
2710 2344 3035 2415 προσθήκης
3071 2346 3166 2399 τδν
3190 2344 3360 2413 ὕμνον
3400 2346 3596 2399 τοῦτον
3667 2360 3804 2414 προ-

2220 2439 2469 2507 φέρουσι.
2505 2437 2917 2505 Καταγέλαστοι
2944 2439 3003 2492 δὲ
3043 2439 3287 2504 πάντως,
3327 2437 3377 2491 οἶ
3411 2438 3479 2491 τὸ
3510 2438 3613 2507 μιν
3641 2437 3804 2504 σῶμα

2220 2529 2315 2581 τοῦ
2344 2528 2583 2598 Χριστοῦ
2637 2529 2891 2597 λέγουσιν
2939 2530 3243 2600 ἄφθαρτον,
3297 2529 3393 2584 καὶ
3439 2529 3678 2590 ἀπαθὲς,
3711 2528 3807 2580 καὶ

2221 2620 2515 2685 ἀθάνατον,
2559 2619 2660 2689 τὴν
2680 2619 2915 2691 θεότητα
2962 2620 3022 2675 δὲ
3052 2621 3224 2677 αὑτοῦ
3274 2620 3532 2689 παθητὴν
3562 2620 3809 2688 3&1qu-

2221 2712 2322 2782 τὴν
2356 2712 2594 2781 μάλιστα
2642 2713 3062 2783 δογματίζουσι.
3102 2714 3215 2768 Καὶ
3256 2713 3370 2784 γὰρ
3410 2712 3510 2767 καὶ
3564 2711 3667 2781 τὴν
3691 2711 3806 2765 τῶν

2236 2802 2759 2873 Ἀφθαρτοδοκητῶν
2789 2803 3005 2858 νοσοῦσι
3039 2804 3265 2873 μανίαν,
3283 2804 3377 2857 καὶ
3396 2802 3499 2873 τὴν
3527 2801 3641 2854 τῶν
3677 2801 3813 2853 Θω-

2230 2892 2540 2961 πασχιτῶν,
2563 2894 2697 2961 περὶ
2748 2887 2825 2948 ὧν
2877 2895 2935 2950 tv
2982 2896 3095 2956 τοῖς
3145 2894 3268 2949 κατ’
3306 2892 3535 2949 ἐκείνων
3600 2892 3816 2955 τίτλοις

2223 2984 2550 3057 προεγράφη
2579 2986 2646 3040 τὰ
2683 2984 2897 3049 δέοντα,
2928 2988 3025 3039 καὶ
3045 2986 3312 3057 ζητητέον
3341 2987 3481 3041 ἐκεῖ.

2294 3098 2401 3153 Τὸν
2450 3098 2879 3155 δυσσεϐέστατον
2930 3098 3180 3167 Ὠριγένη
3226 3100 3285 3151 έν
3325 3098 3481 3168 μέρει
3515 3097 3617 3166 μὲν
3666 3098 3811 3149 ἅπτου

522 3187 619 3240 tim
655 3197 712 3239 ut
752 3203 1000 3261 maguum
1060 3191 1336 3243 doctorem
1376 3190 1426 3242 in
1486 3186 1771 3243 sacrificiis
1811 3187 1926 3241 suis
1979 3186 2111 3241 reci-

2219 3188 2526 3252 6άὶ.λονται,
2552 3192 2608 3245 ἐν
2635 3190 2793 3261 μέρει
2822 3189 2879 3243 δὲ
2900 3190 3269 3260 ἀναφέρουσιν
3314 3190 3373 3241 έν
3432 3191 3555 3253 ταῖς
3590 3190 3817 3258 ἱερουρ-

522 3279 779 3351 piuut.Et
806 3296 928 3335 eum
964 3282 1031 3334 ab
1059 3280 1378 3337 orthodoxis
1407 3279 1898 3349 reprehenduntur,
1915 3288 1968 3335 et
1986 3278 2113 3333 Ori-

521 3388 714 3443 genem
742 3373 937 3440 ipsum,
974 3383 1027 3427 et
1056 3371 1377 3441 Eutychem,
1401 3381 1453 3424 et
1484 3370 1795 3424 Dioscorum
1822 3384 2116 3425 exsecran-

523 3476 632 3527 tur,
664 3464 757 3517 sed
812 3462 1006 3533 impias
1070 3473 1246 3519 tamen
1302 3477 1485 3518 eorum
1535 3460 1821 3535 opiniones
1876 3468 2118 3529 tuentur,

521 3554 893 3626 doctrimeque
951 3556 1201 3611 credunt.

1138 3785 1216 3840 De
1265 3786 1486 3857 azymis.

602 3917 664 3973 ιιι
696 3917 878 3973 oﬂicio
909 3926 1098 3974 saneto
1130 3934 1240 3975 non
1288 3922 1553 3978 adhibent
1589 3940 1807 3994 panem,
1861 3928 1940 3982 uti
1985 3943 2107 3995 nos,

529 4009 627 4067 sed
679 4025 955 4080 azymum.
1001 4010 1287 4066 Judaicum
1344 4026 1525 4072 autem
1585 4032 1815 4086 prorsus
1848 4029 1935 4075 est
1983 4036 2108 4093 azy-

526 4118 698 4157 mum.
726 4102 987 4168 Quamvis
1005 4103 1299 4172 Apostolus
1329 4106 1530 4162 Paulus
1550 4117 1603 4163 et
1620 4109 1917 4181 Gregorius
1940 4111 2113 4167 Theo-

524 4196 683 4265 lugus
718 4196 960 4253 dixerint
993 4214 1006 4250 :
1040 4198 1272 4269 Antiqua
1323 4205 1729 4270 prwterierunt;
1777 4221 1890 4258 ecce
1926 4207 2107 4259 omnia

525 4300 559 4338 ιι
580 4301 682 4340 ›υα.
713 4283 781 4339 Et
813 4284 1065 4355 quamvis
1096 4285 1523 4356 Chrysostomus
1551 4289 1618 4347 de
1646 4292 1841 4348 Vetere
1871 4304 1925 4353 et
1950 4294 2103 4350 Novo

524 4372 882 4431 Testamento
933 4377 1118 4435 dicat:
1163 4379 1280 4435 Illic
1312 4380 1513 4444 littera,
1564 4383 1648 4435 hic
1688 4384 1905 4452 spiritus
1940 4400 1958 4439 :
1991 4385 2103 4439 illic

2218 3282 2369 3351 γίαις
2392 3282 2594 3346 αὐτῶν,
2622 3284 2699 3345 ὡς
2739 3282 2915 3353 μέγαν
2942 3282 3284 3336 διδάσκαλον.
3318 3282 3491 3335 Ὅταν
3534 3281 3594 3334 δὲ
3650 3281 3814 3349 ταρὰ

2219 3375 2329 3429 τῶν
2375 3374 2603 3437 ἐνδόξων
2656 3373 3009 3445 ἐλεγχθῶσιν,
3062 3373 3525 3439 ἀναθεματίζουσι
3564 3373 3665 3442 μὲν
3716 3373 3816 3426 καὶ

2230 3463 2504 3534 Ὦριγένη,
2536 3464 2630 3517 καὶ
2663 3464 2900 3535 Εὐτυχῆ,
2939 3463 3037 3516 καὶ
3064 3463 3354 3533 Διόσκορον
3374 3478 3390 3495 ο
3422 3464 3491 3516 τὰ
3521 3463 3579 3514 δὲ
3601 3463 3815 3515 τούτων

2220 3556 2519 3626 βλάσφημα
2547 3556 2795 3625 δόγματα
2817 3556 3293 3627 παρακατέχουσι,
3329 3556 3429 3609 καὶ
3466 3554 3681 3616 τούτοις
3719 3569 3816 3606 πι-

2220 3648 2529 3701 στεύουσιν.

2698 3783 2838 3852 Περί
2871 3781 2992 3837 τῶν
3038 3781 3323 3853 Ἀζύμωνρ

2302 3920 2392 3973 Ἐν
2414 3922 2534 3981 ταῖς
2563 3918 2905 3989 ἱερουργίαις
2928 3918 2989 3970 οὐ
3046 3918 3451 3987 προσφέρουσιν
3503 3918 3689 3985 ἄρτον,
3732 3918 3812 3981 ὡς

2216 4013 2401 4083 ἡμεῖς,
2429 4009 2565 4064 ἀλλὰ
2599 4010 2830 4079 ἄζυμον.
2866 4008 3161 4063 Ἰουδαϊκὸν
3201 4009 3259 4061 δὲ
3294 4011 3517 4072 πάντως
3568 4010 3630 4061 τὸ
3678 4012 3813 4073 ἄζυ-

2221 4121 2341 4174 μον.
2374 4101 2568 4157 Καίτοι
2591 4101 2686 4153 τοῦ
2709 4101 3015 4155 ἀποστόλου
3040 4101 3279 4163 Παύλου,
3312 4101 3404 4153 καὶ
3425 4100 3809 4167 τοῦθεολόγου

2212 4195 2517 4265 Γρηγορίου
2545 4194 2834 4261 λεγόντων,
2896 4193 2975 4248 Τὰ
3019 4194 3241 4261 ἀρχαῖα
3289 4192 3604 4261 παρῆλθεν
3628 4209 3645 4224 ·
3674 4192 3806 4245 ww

2209 4286 2422 4358 γέγονε
2450 4287 2523 4340 τὰ
2555 4286 2754 4339 πάντα
2778 4284 2977 4340 καινά.
3019 4287 3125 4339 Καὶ
3167 4284 3262 4337 τοῦ
3294 4286 3688 4354 Χρυσοστόμου
3717 4283 3806 4335 lto

2207 4396 2396 4450 γοντος
2434 4378 2564 4448 περὶ
2594 4380 2696 4447 τῆς
2750 4378 2993 4439 “alma;
3018 4377 3114 4429 καὶ
3162 4378 3261 4446 τῆς
3284 4377 3453 4441 Νέας,
3484 4395 3507 4428 ι
3551 4377 3716 4430 Ἐκεῖ
3733 4374 3800 4427 τὸ

522 4483 674 4533 arca,
709 4469 793 4521 hic
815 4470 962 4539 virgo
990 4485 1008 4523 :
1037 4469 1146 4525 illic
1175 4470 1392 4525 baculus
1426 4473 1676 4536 Aaronis,
1713 4476 1793 4529 hic
1824 4492 1953 4529 crux
1980 4493 1999 4530 :
2032 4476 2099 4530 il-

2216 4470 2468 4541 γράμμα,
2507 4465 2622 4523 ὦδε
2651 4467 2715 4521 τὸ
2740 4466 2981 4535 πνεῦμα
3034 4484 3046 4497 ο
3088 4467 3219 4522 ἐκεῖ
3243 4469 3281 4536 ἡ
3313 4468 3594 4533 Κιϐωτὸς,
3621 4462 3733 4520 ὦδε
3764 4466 3798 4530 ἠ

524 4563 594 4614 lic
640 4579 855 4634 azyma,
913 4564 997 4618 hic
1030 4567 1203 4631 panis.
1255 4566 1346 4629 At,
1403 4567 1679 4637 inquiunt,
1731 4570 1887 4638 panis
1937 4587 2100 4640 quem

2216 4560 2510 4630 Παρθένος
2536 4576 2551 4591 ⁶
2589 4560 2721 4614 ἐκεῖ
2731 4560 2958 4627 ῥάϐδος
2993 4560 3239 4629 Ἀαρὼν,
3274 4555 3393 4613 ὧδε
3429 4562 3464 4615 ὁ
3493 4560 3757 4626 zu,va
3781 4573 3797 4588 .

522 4654 957 4710 communicavit
1021 4654 1278 4712 Christus
1342 4658 1645 4727 aposwlis.
1696 4674 1918 4731 azymus
1973 4661 2095 4717 fuit.

526 4745 640 4800 lloe
678 4745 936 4799 nimirum
971 4754 1101 4801 tunc
1132 4746 1446 4816 requirebat
1479 4758 1715 4819 tempus,
1752 4760 1805 4806 et
1848 4763 2095 4821 propter-

521 4846 587 4886 ea
621 4847 723 4886 nos
753 4847 973 4902 quoque
1004 4850 1262 4905 azymum
1299 4835 1585 4891 oll‘erimus
1638 4838 1701 4892 ad
1736 4840 2091 4894 sacriﬁcium.

524 4925 736 4991 Quibus
786 4942 887 4981 nos
939 4927 1338 4997 respondemus
1390 4944 1403 4983 :
1446 4927 1675 4984 Etiamsi
1743 4930 2097 4986 concedimus

522 5034 634 5072 non
667 5018 1056 5077 fermentatum
1095 5036 1215 5076 esse
1261 5021 1413 5076 illum
1449 5036 1666 5089 panem,
1718 5020 1974 5077 Christus
2026 5034 2104 5077 ta—

526 5125 677 5176 men;
729 5124 827 5178 pro
862 5111 1127 5180 temporis
1160 5112 1593 5176 necessitudine,
1648 5129 1889 5168 ncnova:
1936 5130 2106 5168 omnm.

524 5200 846 5271 mysterium
880 5199 1408 5261 incommunicatum
1456 5218 1703 5261 maneret
1758 5208 2103 5277 (paulo_pust

520 5294 668 5348 enim
703 5293 907 5350 ludatis
933 5295 1232 5349 tradendus
1276 5296 1420 5365 fuit),
1484 5299 1701 5367 qualem
1735 5298 1945 5352 invenit
2011 5316 2105 5367 pa.

520 5401 647 5441 nem
674 5425 690 5450 ,
742 5388 904 5442 talem
964 5387 1270 5453 distribuit,
1309 5399 1368 5442 ut
1410 5404 1477 5444 ne
1529 5390 1755 5444 omnino
1794 5391 1888 5445 tali
1932 5390 2108 5445 salute

520 5478 895 5547 privaremur.
926 5479 1195 5549 Discipuli
1234 5489 1419 5534 autem
1465 5481 1584 5551 ejus
1638 5491 1698 5536 et
1724 5481 1983 5551 deinceps
2011 5482 2107 5551 qui

519 5571 860 5638 prmfuerunt
905 5572 1166 5627 Ecelesiis
1194 5572 1381 5628 Patres
1428 5573 1606 5629 sant-ti
1657 5590 1849 5643 panem
1888 5577 2108 5629 obtule-

522 5668 654 5718 runt
701 5662 756 5715 in
807 5662 1157 5732 sacriﬁcium,
1206 5680 1345 5735 quos
1395 5678 1496 5721 nos
1550 5679 1770 5736 quoque
1814 5675 2108 5737 sequentes

598 5827 615 5858 ¹
647 5823 814 5878 ιιυιπ.
842 5842 896 5889 v,
930 5827 982 5877 '7.

2207 4653 2337 4707 ἐκεῖ
2355 4654 2427 4707 τὰ
2457 4652 2666 4721 ἇζυμα,
2694 4646 2812 4705 ὦδε
2839 4654 2870 4706 d
2896 4650 3102 4720 ἄρτος.
3121 4672 3140 4705 ›
3162 4652 3313 4705 Ἀλλ’
3341 4654 3370 4706 ὁ
3404 4653 3591 4723 ἄρτος,
3621 4652 3796 4720 φασὶν,

2206 4744 2269 4799 οὐ
2301 4745 2607 4813 μετέδωκεν
2654 4745 2682 4796 ὁ
2738 4744 2977 4813 Χριστὸς
3033 4747 3147 4807 τοῖς
3191 4745 3534 4807 ἀποστόλοις,
3596 4744 3797 4807 ἄζυμον

2206 4834 2294 4909 ἧν.
2325 4837 2498 4891 Τοῦτο
2521 4836 2629 4906 γὰρ
2657 4838 2685 4888 ὁ
2711 4835 3012 4906 τηνικαῦτα
3046 4837 3234 4906 καιρὸς
3276 4836 3501 4906 ἀπῄτει,
3560 4842 3653 4889 καὶ
3697 4835 3789 4886 διὰ

2206 4930 2365 4983 τοῦτο
2425 4930 2519 4983 καὶ
2569 4930 2732 4999 ἡμεῖς
2773 4928 2982 4999 ἄζυμον
3038 4928 3426 4999 προσφέρομεν
3476 4932 3555 4991 εἰς
3590 4928 3797 4981 θυσίαν.

2210 5021 2355 5091 Πρὸς
2390 5022 2485 5085 οὒς
2516 5021 2895 5091 ἀντιλέγομεν,
2950 5021 3067 5082 ὅτι,
3103 5023 3152 5073 εἰ
3216 5023 3310 5073 καὶ
3367 5022 3547 5089 δῶμεν
3597 5020 3799 5086 ἄζυμον

2212 5108 2354 5166 εἶναι
2383 5112 2476 5164 τὸν
2500 5112 2667 5180 ἄρτον
2698 5113 2928 5178 ἐκεῖνον,
2952 5114 2980 5163 ό
3011 5111 3110 5181 μὲν
3137 5112 3375 5180 Χριστὸς
3425 5112 3569 5167 κατὰ
3622 5127 3797 5163 στενο-

2216 5205 2421 5274 χωρίαν
2456 5203 2549 5255 τοῦ
2583 5202 2806 5273 καιροῦ,
2840 5202 2928 5257 ἵνα
2969 5204 3044 5273 μὴ
3077 5203 3427 5273 ἀπαράδοτον
3466 5200 3794 5268 καταλειφθῇ

2214 5298 2276 5350 τὸ
2310 5296 2402 5349 τοῦ
2437 5295 2625 5349 καινοῦ
2657 5297 2878 5350 δείπνου
2921 5298 3245 5367 μυστήριον,
3294 5297 3432 5367 μετὰ
3470 5298 3657 5367 μικρὸν
3681 5295 3797 5359 γὰρ

2218 5388 2595 5458 παραδοθῆναι
2619 5390 2732 5451 τοῖς
2771 5388 3047 5451 Ἰουδαίοις
3072 5389 3316 5459 ἔμελλεν,
3343 5387 3457 5442 οἷον
3477 5388 3637 5455 εὗρεν
3682 5384 3793 5452 ἄρα

2215 5498 2330 5545 τον,
2361 5479 2601 5532 τοιοῦτον
2631 5482 2727 5533 καὶ
2750 5481 3189 5552 μετεχειρίσατο,
3220 5480 3362 5533 ὥστε
3383 5480 3459 5551 μὴ
3515 5478 3797 5531 navalis-.3-

2218 5590 2305 5625 σιν
2334 5573 2482 5642 ἡμᾶς
2509 5572 2955 5643 ἀποστερηθῆναι
2985 5576 3084 5642 τῆς
3125 5572 3457 5642 τηλικαύτης
3486 5566 3749 5637 σωτηρίας
3769 5581 3788 5598 ⁵

2217 5666 2265 5719 οἱ
2292 5665 2533 5737 μαθηταὶ
2561 5665 2617 5719 δὲ
2644 5666 2838 5722 τούτου
2872 5665 2966 5721 καὶ
2995 5664 3237 5737 καθεξῆς
3279 5669 3329 5722 oi
3351 5666 3461 5722 τῶν
3492 5659 3792 5729 ἐκκλησιῶν
