4052 6292
325 403 462 471 1185

1190 409 1568 475 PANOPLIA
1611 406 2175 473 DOGMATICAC—
2208 412 2355 476 TlT.
2404 415 2632 476 XXIII.

3448 420 3586 488 1186

321 513 735 584 ρὸςτυποῦντες
768 516 861 570 τὸν
910 521 1148 590 σταυρὸν
1174 523 1266 576 ἐπὶ
1307 522 1403 576 τοῦ
1459 523 1735 594 μετώπου,
1803 522 1895 576 καὶ

2005 520 2179 578 fronte
2207 538 2424 579 crucem
2459 540 2623 579 manu
2665 522 2971 595 designent,
3018 536 3071 581 et
3101 529 3153 582 in
3202 530 3488 600 baptismo,
3529 535 3584 590 οι

318 606 412 658 ἐπὶ
440 605 535 658 τοῦ
559 606 963 678 βαπτίσματος,
1010 616 1103 666 καὶ
1137 615 1230 667 ἐπὶ
1264 616 1363 685 τῆς
1420 617 1751 686 ἱερουργίας,
1797 615 1895 669 καὶ⁸

317 698 375 750 ὲν
406 698 588 764 ἄλλοις
620 700 854 766 πολλοῖς.
888 699 1105 773 ’Λλλ’,ὧ
1126 707 1346 773 μάταιοι
1372 709 1466 762 καὶ
1485 709 1891 779 φρενοόλαῦεἰς,

317 788 487 859 φαίην
525 790 594 843 ἂν
618 792 756 859 πρὸς
788 795 1006 858 αὐτοὺς,
1040 798 1200 869 ειπερ
1253 801 1280 852 6
1320 799 1410 854 διὰ
1462 802 1647 871 χειρὸς
1711 802 1893 867 άΰλως

316 880 657 952 τυπούμενος
691 887 927 956 σταυρὸς
969 889 1219 957 ἁγιάζειν
1261 893 1459 956 πάντα,
1496 889 1577 957 οἷς
1606 892 1894 947 ἐπιϐάλλε-

314 988 429 1037 ται,
455 972 520 1027 τὸ
550 973 695 1047 ὕδωρ
723 976 866 1046 λέγω
894 978 988 1031 τοῦ
1025 982 1423 1054 βαπτίσματος,
1471 988 1562 1039 καὶ
1593 986 1654 1039 τὸ
1689 987 1888 1051 ἔλαιον,

315 1065 413 1117 καὶ
433 1065 494 1118 τὸ
525 1067 716 1138 μύρον,
749 1071 844 1124 καὶ
872 1072 941 1125 τά
962 1073 1232 1143 πρόσωπα
1257 1076 1369 1128 τῶν
1414 1078 1720 1148 ἀνθρώπων
1782 1081 1892 1133 τῶν

315 1158 707 1223 πιστευόντων,
734 1164 827 1215 καὶ
856 1164 948 1217 τὸν
980 1171 1247 1232 μυστικὸν
1276 1168 1462 1239 ἄρτον,
1497 1172 1594 1225 καὶ
1637 1173 1699 1225 τὸ
1750 1175 1893 1244 ἱερὸν

317 1254 597 1320 ποτήριον,
632 1255 726 1307 καὶ
752 1257 945 1319 τᾶλλα,
976 1259 1065 1312 ἶνα
1096 1262 1171 1331 μὴ
1203 1261 1328 1315 καθ’
1353 1263 1587 1317 ἕκαστον
1646 1267 1885 1336 ἀπαριθ-

319 1343 591 1411 μούμενος
630 1347 859 1418 μηκύνω
889 1351 983 1403 τὸν
1011 1351 1193 1420 λόγον,
1228 1356 1345 1418 πῶς
1368 1358 1397 1410 6
1422 1357 1511 1412 διὰ
1549 1358 1649 1427 τῆς
1671 1359 1891 1430 οἱασδή-

314 1452 449 1488 ποτε
491 1437 623 1506 ὕλης
656 1442 828 1504 τύπος
865 1442 962 1496 τοῦ
1008 1448 1263 1517 σταυροῦ,
1289 1448 1364 1510 ὡς
1388 1451 1565 1504 κοινόν
1590 1469 1643 1505 τι
1681 1454 1772 1505 καὶ
1800 1452 1892 1523 βέ-

315 1527 479 1593 ϐηλον
500 1529 590 1583 διά
613 1548 671 1583 τε
697 1532 1099 1603 βαπτίσματος,
1124 1540 1218 1593 καὶ
1237 1540 1366 1609 ἧλου
1393 1544 1486 1597 καὶ
1509 1543 1743 1614 αἵματος
1767 1545 1892 1599 καθ’

315 1617 462 1683 ὑμᾶς
499 1621 822 1691 άγιάζεται;
854 1627 977 1690 Πῶς
1008 1628 1064 1681 δὲ
1088 1632 1116 1683 6
1142 1632 1236 1684 καὶ
1265 1634 1327 1686 τὸ
1367 1634 1651 1705 βάπτισμα
1669 1638 1763 1691 καὶ
1793 1638 1891 1708 τὴν

310 1711 502 1765 οὐσίαν
522 1715 766 1781 ἁγιάζων
797 1723 1025 1791 σταυρὸς
1045 1722 1150 1777 ὑπὸ
1166 1727 1275 1779 τῶν
1300 1728 1892 1799 ἀγιαζομένωντούτων

309 1804 640 1875 ἁγιάζεται;
667 1809 882 1881 Ὠσπερ
914 1815 1019 1883 γάρ
1050 1817 1155 1885 πρὸ
1210 1818 1305 1870 τοῦ
1360 1822 1740 1891 σταυρωθῆναι
1799 1824 1891 1878 τὸν

2000 609 2051 664 in
2086 615 2371 680 sacriﬁcio,
2395 625 2448 669 et
2470 616 2589 670 aliis
2615 617 2795 671 multis
2820 618 2873 671 in
2904 619 3085 673 rebus.
3115 619 3334 686 Verum,
3354 639 3387 677 ο
3434 626 3582 682 stulti

1996 712 2049 756 et
2079 713 2256 758 mente
2280 707 2443 775 capti,
2472 707 2549 761 sic
2578 709 2721 761 enim
2750 724 2845 763 eos
2861 710 3108 780 alloquar
3132 751 3144 778 ,
3182 714 3225 767 si
3253 729 3385 769 crux
3422 733 3584 772 manu

1998 794 2278 864 designata
2325 812 2412 853 res
2448 812 2635 855 omnes
2683 800 2985 856 sanctificat
3020 803 3216 870 quibus
3276 807 3585 874 adhibetur,

1997 892 2054 936 ut
2086 899 2278 954 aquam
2320 889 2591 958 baptismi,
2615 898 2668 943 et
2698 891 2903 957 oleum,
2931 902 2985 946 et
3014 903 3363 963 unguentum,
3389 908 3443 951 et
3468 899 3585 951 vul-

1998 982 2085 1030 tus
2116 977 2388 1033 hominum
2426 981 2784 1049 credentium,
2818 992 2873 1036 et
2926 998 3116 1052 panem
3150 988 3463 1057 mysticum,
3530 1001 3584 1044 et

1996 1081 2209 1121 sacrum
2269 1072 2609 1140 sanguinem,
2642 1084 2696 1127 et
2738 1074 2966 1143 reliqua,
3010 1090 3129 1144 quae
3181 1092 3286 1131 non
3324 1094 3586 1134 enumero

1996 1158 2290 1227 sigillatitn,
2321 1178 2385 1216 ne
2419 1162 2628 1233 longior
2654 1164 2781 1229 sint,
2823 1182 2919 1219 cur
2959 1169 3101 1235 apud
3135 1183 3232 1223 vos
3261 1170 3423 1240 ﬁgura
3461 1186 3588 1232 cru-

1995 1249 2075 1303 cis
2108 1265 2175 1304 ex
2214 1252 2405 1318 quavis
2445 1256 2663 1308 tuateria
2698 1256 2963 1318 confecta,
2993 1267 3246 1328 tanquam
3279 1276 3367 1316 res
3403 1263 3583 1332 aliqua

1996 1344 2294 1395 communis
2324 1357 2386 1396 ac
2423 1344 2673 1412 profana,
2707 1347 2981 1402 ablutione
3014 1360 3068 1402 et
3094 1351 3249 1403 clavo
3280 1360 3333 1406 et
3360 1357 3579 1422 sangui-

1996 1445 2063 1484 ne
2084 1433 2452 1489 sanctiﬁcatnr
2479 1476 2493 1499 ,
2523 1448 2615 1491 aut
2637 1440 2905 1507 quomodo
2926 1455 3081 1505 crux,
3138 1457 3255 1510 qua:
3291 1453 3344 1497 et
3379 1445 3585 1513 baptis-

1998 1537 2163 1589 mum,
2216 1536 2270 1579 et
2331 1527 2658 1582 sacriﬁcium
2710 1530 3030 1595 sanctiﬁcat,
3087 1536 3155 1587 ab
3202 1535 3409 1588 eisdem
3467 1537 3578 1605 ipsa

1994 1615 2365 1670 sanctiﬁcelur
2385 1618 2407 1672 ?
2430 1619 2891 1685 Quemadmodum
2914 1627 3055 1676 enim
3106 1635 3393 1694 antequam
3418 1625 3582 1681 Chri-

1993 1714 2108 1761 stus
2140 1707 2191 1760 in
2227 1722 2442 1762 crucem
2480 1720 2752 1779 ageretur.
2795 1714 2909 1782 ipsa
2976 1717 3166 1769 mortis
3211 1726 3325 1769 erat
3376 1717 3579 1771 instru-

1996 1805 2236 1850 mentum
2261 1800 2609 1863 exsecrabile,
2643 1812 2696 1854 et
2721 1803 2837 1871 ejus
2860 1802 3023 1873 ﬁgura
3058 1804 3307 1873 fugienda
3366 1822 3430 1860 ac
3483 1809 3579 1862 de-

309 1868 551 1967 Χριστὸν
580 1902 608 1952 6
626 1868 880 1975 ⁷σταυρὸς
916 1868 1150 1977 θργανον
1296 1868 1531 1966 θανάτοῦ
1574 1868 1892 1988 κατηραμέ-

2000 1888 2262 1949 testantia,
2314 1888 2386 1940 ita
2452 1868 2798 1957 posteaquam
2835 1892 3082 1947 Christus
3139 1896 3188 1948 ei
3230 1895 3329 1948 fuit
3359 1896 3569 1964 afﬁxus,

308 2007 425 2053 νον,
459 1993 552 2045 καὶ
588 1995 617 2046 6
642 1996 812 2060 τύπος
840 1999 1003 2053 αὐτοῦ
1030 2004 1265 2069 φευκτός
1286 2022 1346 2058 τε
1378 2006 1473 2058 καὶ
1503 2007 1895 2077 ἀποτρόπαιοςο

307 2082 455 2137 οὕτω
485 2087 621 2153 μετὰ
645 2089 706 2140 τδ
743 2092 1165 2163 προσηλωθῆναι
1203 2095 1296 2148 τὸν
1327 2099 1559 2168 Χριστὸν
1587 2102 1757 2172 αὐτῷ,
1802 2105 1898 2157 καὶ

308 2177 761 2248 καταρῤανθῆναι
805 2181 994 2234 τοῦτον
1044 2184 1121 2252 τῷ
1180 2186 1498 2259 Δεσποτικῷ
1560 2192 1751 2261 αἵματι
1806 2195 1898 2248 καὶ

309 2265 489 2329 ὕδατι,
527 2268 688 2330 αὑτός
718 2288 777 2323 τε
801 2273 1058 2342 ἡγιάσθη,
1085 2278 1176 2330 καὶ
1198 2278 1225 2329 6
1246 2278 1413 2343 τύπος
1442 2281 1606 2335 αὑτοῦ
1629 2285 1898 2353 άγιαστή-

311 2372 430 2426 ριον
455 2360 587 2410 πᾶσι
617 2362 726 2423 τοίς
755 2364 966 2428 πιστοῖς
995 2367 1255 2435 κατέστη,
1279 2370 1543 2437 πρότερον
1563 2373 1659 2438 μὲν
1691 2373 1901 2442 ἀνθρώ-

308 2463 451 2509 πους
482 2449 850 2517 ἀναιροῦντος,
879 2451 1105 2523 ὕστερον
1148 2455 1205 2508 δὲ
1233 2458 1357 2521 τοὺς
1388 2459 1665 2530 δαίμονας.
1708 2465 1770 2517 Ei
1806 2461 1898 2519 οὖν

306 2538 378 2590 τδ
401 2542 753 2608 πρωτότυπον
774 2544 998 2611 γέγονεν
1032 2545 1207 2614 ἅγιον,
1241 2548 1315 2612 ὡς
1342 2549 1576 2621 εἴρηται,
1613 2556 1897 2626 προσηλω-

308 2629 505 2693 θέντος
535 2634 681 2702 αὐτῷ
710 2635 803 2688 τοῦ
836 2638 1106 2691 Δεσπότου
1125 2678 1139 2702 ,
1167 2641 1351 2705 καθὼς
1372 2645 1398 2696 6
1452 2645 1617 2697 Δαὸὶδ
1658 2647 1896 2714 ἐδίδαξεν

308 2723 507 2786 εἰπὼν,
536 2724 639 2779 Kal
675 2729 1073 2792 προσκυνεῖτε
1106 2731 1186 2795 τῷ
1215 2734 1526 2799 ὑποποδίῳ
1547 2735 1664 2789 τῶν
1695 2738 1897 2792 ποδῶν

309 2816 527 2879 αὐτοῦ,
558 2818 646 2870 ὅτι
704 2819 876 2888 ἅγιόν
916 2821 1047 2874 ἐστι
1081 2839 1097 2855 ο
1130 2822 1287 2876 τοῦτο
1324 2826 1431 2895 γὰρ
1475 2828 1568 2879 νῦν
1618 2828 1896 2899 ὠνόμασεν

310 2909 608 2962 ὕππόδιον
630 2911 714 2963 διὰ
748 2911 808 2963 τὸ
822 2913 1208 2983 προσπαγῆναι
1237 2916 1409 2983 τούτῳ
1433 2919 1555 2982 τοὺς
1588 2938 1897 2994 προσκυνη-

306 3001 444 3062 τοὺς
471 3002 637 3055 αὐτοῦ
663 3003 859 3067 πόδας·
889 3004 1046 3073 ἅγιος
1091 3007 1197 3077 ἄρα
1237 3010 1332 3062 καὶ
1365 3013 1472 3074 πᾶς
1512 3012 1678 3076 τύπος
1709 3015 1893 3082 αὐτοῦ,

310 3092 423 3145 κᾶν
460 3094 545 3146 διὰ
568 3096 747 3166 χειρὸς
763 3097 941 3160 ἀΰλως
965 3101 1263 3172 τυπωθείη,
1291 3103 1396 3156 κᾶν
1431 3105 1499 3157 δι’
1542 3104 1673 3176 ὕλης
1731 3109 1893 3172 τινός.

312 3184 540 3246 Εἱκόνες
561 3186 669 3256 γάρ
695 3188 800 3239 εἰσι
821 3203 834 3217 ⁶
854 3187 1027 3242 ταῦτα
1051 3190 1144 3244 τοῦ
1172 3194 1555 3263 πρωτοτύπου,
1591 3201 1684 3251 καὶ
1707 3200 1854 3253 ὥσπε
1864 3219 1894 3271 ρ
1922 3216 1964 3274 c

308 3277 345 3344 ὴ
372 3274 466 3327 τοῦ
498 3276 732 3345 Χριστοῦ
769 3278 934 3332 είκὼν
960 3281 1090 3348 ἁγία
1113 3283 1280 3348 ἐστὶν,
1308 3286 1368 3338 οὐ
1399 3287 1486 3340 διὰ
1514 3289 1613 3360 τὴν
1638 3291 1897 3357 ὑποδεξα-

311 3366 486 3436 μένην
518 3368 654 3439 αὐτῇ
685 3368 837 3438 ὓλην,
861 3371 995 3425 ἀλλὰ
1017 3373 1104 3426 διὰ
1143 3375 1238 3428 τὸν
1283 3379 1618 3450 χαρακτῆρα
1666 3384 1761 3435 καὶ
1801 3385 1899 3454 τὴν

311 3459 531 3528 μορφὴν
557 3460 652 3513 τοῦ
683 3460 915 3530 Χριστοῦ
944 3478 959 3492 ’
982 3463 1123 3516 οὕτω
1144 3468 1241 3520 καὶ
1264 3468 1294 3519 6
1337 3468 1430 3524 τοῦ
1478 3473 1711 3543 σταυροῦ
1732 3476 1898 3539 τύπος

308 3549 482 3604 εἰκών
506 3553 621 3604 ἐστι
671 3554 765 3605 τοῦ
795 3557 1154 3620 πρωτοτύπου
1197 3560 1286 3612 διὰ
1328 3561 1388 3615 τὸ
1413 3565 1595 3634 σχῆμα
1647 3568 1741 3620 καὶ
1801 3570 1902 3637 τὴν

306 3638 596 3708 ὁμοίωσιν,
627 3642 722 3694 καὶ
749 3642 837 3695 διὰ
866 3644 1024 3697 τοῦτο
1054 3648 1249 3710 σεπτδς
1274 3650 1364 3703 καὶ
1387 3652 1586 3720 τίμιος.
1664 3657 1727 3707 ’Π
1791 3657 1896 3727 γὰρ

304 3732 450 3800 τιμὴ
489 3732 589 3798 τῆς
618 3734 825 3797 εἰκόνος
849 3735 942 3787 ἐπὶ
970 3736 1031 3788 τὸ
1078 3740 1432 3808 πρωτότυπον
1485 3745 1767 3812 διαϐαίνει,
1823 3749 1902 3803 διὸ

307 3823 415 3875 καὶ
435 3822 464 3875 6
485 3822 625 3886 θεῖος
644 3823 941 3895 Γρηγόριος
968 3829 995 3880 6
1017 3828 1116 3898 τῆς
1138 3830 1398 3901 Μεγάλης
1449 3834 1737 3904 Ἀρμενίας
1793 3840 1899 3911 πρὸ

308 3914 536 3968 πάντων
565 3918 827 3985 σταυροὺς
865 3918 1110 3984 ξυλίνους
1171 3923 1229 3974 ὲν
1282 3923 1467 3987 τόποις
1510 3927 1621 3978 τισὶ
1672 3930 1893 3998 στήσας,

309 4005 535 4059 ἐκέλευε
566 4013 905 4076 προσκυνεῖν,
931 4011 1025 4062 καὶ
1060 4013 1431 4083 καταφεύγειν
1458 4016 1551 4069 ἐπὶ
1579 4019 1796 4082 τούτους
1820 4021 1895 4083 ὡς

307 4098 679 4166 ἁγιαστήρια,
710 4101 884 4152 καίτοι
921 4102 993 4171 μή
1027 4120 1112 4154 πω
1140 4107 1538 4175 χειροτονηθεὶς
1581 4112 1894 4181 ἀρχιερεὺς,

314 4188 457 4257 μήτε
485 4189 595 4240 τινὶ
627 4189 983 4258 βαπτίσματι,
1012 4194 1201 4263 ἢῆλῳ,
1235 4195 1267 4265 ἢ
1327 4197 1519 4268 αἵματι
1554 4202 1894 4268 καθοσιώσας

310 4275 534 4336 αὐτούς.
571 4276 973 4345 Ἐμπηγνύουσι
1005 4279 1061 4332 δὲ
1101 4282 1191 4334 τὸν
1218 4279 1347 4353 ἧλον
1393 4287 1471 4354 τῷ
1534 4290 1754 4360 σταυρῷ
1811 4293 1892 4354 εἰς

307 4366 488 4430 ὖνομα
518 4367 612 4419 τοῦ
639 4368 896 4436 Χριστοῦ,
932 4369 1243 4439 δηλοῦντες,
1269 4375 1354 4426 ὅτι
1400 4370 1480 4438 εἷς
1514 4377 1615 4446 τῆς
1663 4381 1890 4449 ’τριάδος

308 4453 659 4523 ζσταυρὼθη,
692 4455 967 4509 τουτέστιν
1016 4460 1047 4526 ἡ
1075 4458 1194 4511 θεία
1228 4460 1388 4528 φύσις
1414 4464 1599 4519 αὑτοῦ.
1651 4467 1801 4520 Ἐπεὶ
1830 4470 1888 4522 δὲ

1999 1976 2260 2043 sanguine
2290 1986 2342 2030 et
2372 1991 2508 2045 aqu-.1
2546 1978 2754 2030 Domini
2806 1981 3134 2035 sanctificata
3194 1997 3287 2049 per
3343 1984 3572 2051 ﬁguram

1999 2079 2151 2118 suam
2210 2069 2423 2122 cunctis
2484 2069 2731 2125 ﬁdelibus
2789 2072 3007 2127 exhibet
3076 2076 3578 2135 sanctiﬁcationem.

1999 2157 2177 2225 Atque
2209 2157 2280 2211 ita
2304 2173 2458 2223 crux,
2487 2174 2605 2228 qua:
2638 2164 2786 2229 prius
2829 2165 3074 2219 homines
3103 2166 3341 2229 tollebat,
3393 2179 3579 2237 postea

2000 2246 2273 2303 όαιιιιοιιοε
2304 2248 2464 2314 ejecit
2522 2260 2684 2318 atque
2722 2252 2945 2321 expulit.
2982 2254 3036 2307 Si
3070 2254 3231 2322 igitur
3260 2258 3433 2325 prima
3488 2259 3577 2313 illa

1999 2354 2154 2405 crux,
2183 2355 2304 2409 quae
2344 2342 2442 2395 fuit
2468 2344 2763 2409 exemplar,
2805 2343 2947 2399 facta
2999 2357 3082 2402 est
3119 2360 3331 2412 sancta,
3387 2362 3445 2405 ut
3498 2353 3579 2405 di-

1999 2445 2145 2486 csum
2165 2441 2268 2495 est.
2293 2434 2548 2501 quoniam
2570 2436 2620 2488 in
2644 2450 2706 2488 ea
2733 2436 2980 2493 conﬁxus
3011 2438 3271 2494 Dominus
3302 2444 3574 2510 pependit,

2002 2532 2058 2574 ut
2086 2521 2253 2575 David
2288 2525 2572 2587 ostendit,
2625 2524 2875 2591 Adorate,
2933 2529 3202 2596 inquiens,
3292 2531 3575 2584 scabellnm

1997 2612 2185 2678 pedum
2239 2615 2373 2681 eius,
2411 2617 2657 2684 quoniam
2688 2627 2926 2671 sanctum
2954 2634 3030 2673 eu
3062 2618 3100 2681 ⁸,
3133 2634 3252 2674 eam
3281 2622 3423 2675 enim
3477 2623 3581 2679 hoc

2000 2702 2115 2755 loco
2137 2702 2428 2756 scabellnm
2468 2704 2779 2772 appellarit,
2810 2706 2937 2773 quia
2968 2707 3128 2774 pedes
3154 2708 3321 2776 ipsius
3345 2710 3580 2762 adoran-

1999 2793 2049 2844 di
2091 2792 2143 2845 in
2174 2808 2291 2846 eam
2314 2792 2484 2847 sufﬁxi
2519 2802 2667 2861 sunt;
2690 2805 2876 2849 sancta
2916 2797 3170 2851 nimirum
3207 2807 3292 2853 est
3317 2810 3370 2853 et
3399 2801 3579 2854 omnis

1997 2882 2166 2953 ﬁgura
2224 2884 2393 2951 illius,
2433 2888 2548 2939 sive
2577 2901 2761 2949 manu,
2802 2886 2916 2941 sive
2970 2891 3193 2943 materia
3242 2890 3575 2960 designetur,

1998 2975 2113 3031 sive
2145 2990 2211 3029 ex
2276 2979 2498 3030 materia
2538 2977 2715 3045 aliqua
2754 2978 3089 3032 conﬁciatur.
3125 2979 3248 3035 llwc
3277 2983 3418 3035 enim
3451 2992 3579 3036 sunt

1998 3065 2258 3135 imagines
2277 3068 2693 3134 exentplaris.Et
2710 3070 3156 3136 quemalmodntn
3176 3071 3355 3142 imago
3370 3072 3574 3127 Christi

1997 3166 2185 3210 sancta
2249 3166 2375 3220 est,
2447 3173 2553 3212 non
2612 3170 2826 3227 propter
2890 3164 3171 3212 materiam
3230 3176 3357 3230 qum
3424 3162 3571 3215 illam

2002 3246 2266 3316 suscepit,
2300 3250 2392 3302 sed
2419 3258 2638 3318 promer
2674 3248 2950 3319 exemplar
2995 3249 3328 3320 formamque
3353 3252 3573 3321 Christi,

1999 3340 2077 3394 sic
2100 3349 2154 3392 et.
2191 3339 2368 3393 crucis
2408 3340 2573 3407 ﬁgura
2617 3342 2793 3406 imago
2837 3348 2921 3393 est
2975 3340 3297 3407 exemplaris
3358 3354 3576 3411 propter

1997 3432 2227 3501 efﬁgiem
2279 3441 2335 3485 et
2394 3432 2822 3484 similitudinem.
2878 3430 2943 3485 Et
3006 3432 3208 3484 idcirco
3258 3433 3578 3487 venerabilis

2000 3534 2173 3579 estet
2233 3524 2486 3593 pretiosa.
2532 3522 2710 3577 Honor
2773 3525 2914 3577 enim
2978 3522 3190 3577 habitus
3243 3523 3484 3592 imagini,
3518 3533 3577 3579 ut

2003 3633 2231 3686 magnus
2261 3618 2335 3669 ait
2381 3616 2633 3677 Basilius,
2668 3616 2733 3668 ad
2793 3615 3072 3685 exemplar
3125 3617 3337 3671 transit.
3389 3616 3575 3683 Itaque

2002 3712 2161 3766 divus
2194 3708 2354 3763 etiam
2373 3708 2684 3774 Gregorius,
2708 3705 2906 3774 Magnae
2929 3706 3120 3773 ιιι-ωειλ]
3138 3706 3432 3773 Armenia‘,
3453 3720 3576 3759 ante

2003 3801 2388 3869 omnesjnssit.
2421 3814 2612 3852 cruces
2647 3798 2860 3865 ligneas
2905 3798 3222 3863 quibusdam
3268 3798 3320 3851 in
3382 3799 3512 3851 lucis
3542 3814 3575 3853 ιι

1999 3908 2060 3949 se
2088 3892 2377 3946 collocatas
2412 3890 2649 3950 adorari,
2684 3891 2749 3940 ad
2787 3903 2987 3955 easque
3017 3897 3274 3957 tanquam
3311 3892 3377 3942 ad
3418 3904 3572 3942 sacra

2000 3984 2248 4053 profugis
2289 3983 2562 4044 concurri,
2626 3982 2787 4048 idque
2814 3964 2948 4035 cum.
2983 3981 3216 4033 nondum
3256 3990 3399 4035 esset
3436 3996 3571 4049 pon-

2002 4077 2133 4131 tifex
2176 4075 2508 4137 declaratus,
2583 4087 2785 4140 easque
2812 4087 2908 4126 nec
2942 4072 3235 4134 ablutione,
3271 4086 3368 4127 nec
3394 4072 3568 4133 clavo,

2000 4180 2102 4226 nec
2137 4166 2403 4231 sanguine
2437 4163 2737 4230 expiasset.
2780 4162 3044 4216 Caeterum
3092 4161 3210 4214 ideo
3271 4161 3478 4216 clavum
3518 4164 3571 4217 in

1999 4271 2162 4312 cruce
2198 4255 2366 4325 figunt
2401 4253 2452 4307 in
2492 4252 2694 4307 Christi
2727 4253 2959 4315 nomine,
2989 4261 3046 4305 ut
3077 4252 3368 4307 ostendant
3408 4269 3570 4307 unum

1998 4356 2201 4403 sanctae
2239 4345 2521 4400 Trinitatis
2549 4360 2672 4400 esse
2700 4345 3041 4409 cruciﬁxum,
3076 4345 3152 4399 .id
3175 4354 3281 4409 est,
3335 4345 3571 4399 divinam

1996 4440 2115 4509 ejus
2173 4446 2440 4493 naturam.
2473 4437 2658 4506 Itaque
2690 4452 2811 4493 cum
2877 4436 3055 4490 divina
3108 4435 3310 4490 Christi
3361 4449 3571 4500 natura,

309 4547 343 4615 ἡ
378 4545 473 4597 τοῦ
500 4545 737 4613 Χριστοῦ
766 4545 883 4599 θεία
911 4547 1092 4614 φύσις,
1123 4552 1218 4603 καὶ
1247 4554 1340 4605 τοῦ
1384 4555 1616 4625 Πατρὸς,
1655 4558 1749 4611 καὶ
1796 4561 1888 4612 τοῦ

1997 4531 2167 4587 Patris
2196 4531 2382 4591 etiam,
2416 4540 2470 4584 et
2492 4529 2664 4584 sancti
2721 4528 2954 4598 Spiritus
2994 4539 3184 4582 natura
3208 4531 3300 4595 sit,
3358 4528 3570 4586 Ratrcm

310 4636 474 4704 ἁγίου
536 4635 851 4705 ῐΙνεύματός
909 4638 1024 4689 ἐστι
1072 4639 1252 4706 φύσις,
1285 4645 1679 4714 συσταυροῦσιν
1722 4649 1893 4718 αὐτῷ,

308 4726 420 4779 κᾶν
450 4726 525 4795 μὴ
553 4727 804 4795 φανερῶς
827 4725 1156 4795 ὁμολογῶσι,
1187 4733 1280 4783 καὶ
1308 4734 1401 4786 τὸν
1431 4735 1648 4806 Πατέρα
1688 4740 1783 4791 καὶ
1834 4740 1895 4793 τὸ

309 4815 470 4882 ἅγιον
499 4816 741 4885 Πνεῦμα.
776 4819 1043 4887 Εὑρήσεις
1081 4819 1136 4871 δὲ
1167 4825 1293 4889 περὶ
1317 4824 1412 4878 τοῦ
1461 4829 1698 4899 σταυροῦ
1755 4831 1893 4884 πλα-

306 4907 537 4975 τύτερον
583 4909 640 4959 ὲν
670 4908 749 4978 τῷ
799 4910 995 4980 ἑφεξῆς
1045 4914 1206 4982 τίτλῳ
1251 4918 1387 4969 κατὰ
1417 4917 1476 4969 τὸ
1508 4919 1819 4987 κεφάλαιον,
1848 4917 1893 4989 ᾧ

308 4997 721 5066 ἐπιγέγραπται
750 5001 885 5069 Περὶ
915 5001 1006 5054 τοῦ
1034 5005 1295 5072 σταυροῦ.

388 5089 664 5159 Σταυροὺς
689 5094 835 5161 τρεῖς
873 5094 1115 5158 ξυλίνους
1162 5097 1507 5165 ποιήσαντες,
1556 5101 1652 5154 καὶ
1703 5101 1892 5165 συζεύ-

312 5179 505 5243 ξαντες
531 5181 780 5252 ἀλλήλοις
809 5184 973 5250 ἁγίαν
1006 5186 1212 5255 Τριάδα
1244 5188 1468 5252 τούτους
1506 5191 1889 5260 ὀνομάζουσιν,

312 5272 376 5322 οὐ
409 5271 725 5341 φρίττοντες
766 5275 1199 5339 κατασκευάζειν
1224 5278 1445 5342 εἰκόνας
1483 5280 1581 5349 τῆς
1621 5284 1892 5351 μακαρίας

311 5362 547 5432 Τριάδος
570 5365 668 5432 τῆς
698 5365 865 5435 μόνης
886 5367 1163 5431 ἀκτίστου,
1201 5369 1294 5421 καὶ
1325 5370 1577 5439 ἀπείρου,
1614 5374 1707 5425 καὶ
1728 5374 1889 5440 ,ἀορίο

312 5470 469 5518 στου,
498 5456 590 5508 καὶ
617 5455 757 5519 ὅλως
787 5457 1128 5526 ἀνεννοήτου.
1161 5459 1227 5511 Δί
1277 5460 1384 5526 γὰρ
1428 5462 1631 5525 εἰκόνες
1679 5465 1887 5532 ὁρατῶν

309 5544 411 5597 καὶ
440 5548 868 5615 πεπερασμένων
914 5564 1054 5601 εισιν
1096 5548 1327 5612 εἰκόνες.
1366 5550 1487 5613 Πῶς
1526 5552 1571 5604 δ’
1601 5551 1666 5604 ἄν
1702 5571 1782 5616 τις
1812 5557 1886 5606 εἰ-

308 5633 449 5685 κόνα
498 5638 977 5703 κατασκευάσειεν,
1014 5632 1075 5691 οὗ
1132 5639 1192 5693 τὸ
1256 5642 1607 5711 πρωτὸτυπον
1656 5643 1883 5701 ἀθέατόν

392 5808 411 5837 ¹
447 5807 582 5864 Psal.
637 5826 820 5875 xcvm.
854 5815 906 5869 5.

1994 4623 2265 4685 etiam,et
2323 4620 2583 4689 Spiritum
2640 4633 2917 4685 sanctum,
2950 4620 3074 4675 licet
3131 4621 3181 4674 id
3228 4631 3413 4689 aperte
3465 4636 3573 4678 non

1992 4712 2288 4774 fateantur,
2322 4726 2427 4765 una
2459 4726 2580 4766 cum
2612 4710 2728 4776 ipso
2755 4709 3095 4775 cruciﬁgunt.
3138 4706 3331 4762 Verum
3362 4712 3426 4762 de
3448 4725 3572 4762 cru-

1989 4820 2052 4861 ce
2081 4805 2241 4860 latins
2261 4804 2588 4858 disseremus
2624 4802 2674 4854 in
2706 4802 2949 4869 sequenti
2979 4799 3159 4862 titulo,
3188 4800 3241 4853 in
3297 4815 3363 4854 eo
3393 4803 3572 4868 capite

1989 4897 2131 4967 quod
2156 4896 2468 4962 inscriptum
2502 4903 2586 4947 est
2612 4892 2686 4945 De
2716 4907 2888 4945 cruce.

2060 5096 2194 5148 Tres
2220 5094 2422 5161 ligneas
2463 5093 2799 5147 constituunt
2853 5107 3064 5160 cruces,
3100 5109 3299 5166 easque
3323 5096 3462 5151 inter
3512 5109 3572 5150 se

1989 5189 2306 5257 conjunctas
2336 5186 2654 5241 Trinitatem
2696 5198 2935 5243 sanctam
2975 5191 3271 5260 appellant.
3320 5191 3429 5247 Nec
3476 5206 3571 5245 exn

1993 5282 2317 5335 horrescunt
2377 5279 2547 5333 beatae
2590 5278 2871 5334 Trinitatis
2930 5282 3220 5351 imaginem
3278 5282 3570 5349 conﬁcere,

1993 5384 2112 5439 quae
2157 5370 2270 5424 sola
2303 5372 2538 5425 increala
2568 5378 2670 5437 est,
2710 5380 2763 5425 et
2796 5371 3029 5437 infinita,
3091 5385 3141 5427 et
3168 5372 3468 5439 indefinita,
3518 5384 3572 5427 et

1993 5476 2215 5532 prorsus
2246 5462 2537 5531 incognita.
2569 5460 2774 5516 Rerum
2830 5464 2994 5527 enim,
3040 5479 3158 5533 qua:
3218 5462 3384 5516 finitae
3423 5471 3568 5525 sunt,

1993 5554 2253 5623 imagines
2305 5554 2684 5609 conficiuntur.
2727 5554 2895 5623 Cujus
2944 5563 3122 5608 autem
3182 5554 3257 5607 rei
3296 5552 3571 5621 exemplar

1991 5646 2090 5701 sub
2109 5652 2389 5715 aspectum
2411 5646 2879 5717 cognitionemque
2901 5659 3121 5717 prorsus
3139 5660 3243 5700 non
3268 5645 3430 5711 radit,
3449 5644 3571 5716 ejus
