4052 6292
258 413 399 478 1189

1195 408 1580 471 PANOPLIA
1622 403 2082 469 DOGMATICA.
2128 429 2194 443 -
2233 403 2383 470 TIT.
2422 401 2636 464 XXIV.

3394 403 3416 460 i
3435 399 3536 462 190

259 525 474 598 μέλλων
539 523 737 588 αὐτοὺς
801 521 1064 595 βαπτίσαι
1131 522 1608 594 τριακονθήμερον
1664 523 1848 584 αὐτοῖς

1961 519 2233 574 memorize
2290 519 2561 588 proditum
2615 525 2719 571 est.
2758 511 3021 568 Neutrum
3070 519 3250 566 autem
3311 513 3542 570 istorum

255 615 495 681 ἐπέταξε
523 616 802 686 νηστείαν,
841 617 918 680 ὠς
947 618 1050 668 κᾶν
1076 617 1194 679 ταῖς
1241 614 1595 686 ’Δρμενικατς
1639 614 1840 680 ἀναγέο

255 724 502 780 γραπται
537 707 763 778 βίϐλοις,
799 709 894 761 καὶ
924 706 1152 776 οὐδεμία
1185 704 1393 760 τούτων
1434 709 1468 777 ή
1494 705 1588 760 τοῦ
1627 704 1843 777 Ἀρτξι-

257 799 500 872 δούρτζη
551 801 722 853 ἐστίν.
769 799 1232 868 Ἀνατρεπόμενοι
1292 799 1350 852 δέ
1400 798 1697 853 κάντεῦθεν
1749 795 1841 851 τοῦ

263 885 509 963 μεγάλου
542 891 962 944 Κωνσταντίνου
991 891 1197 960 ταύτην
1233 888 1374 945 εἷναί
1402 907 1587 960 φασιν,
1619 893 1684 962 ἢν
1716 890 1844 960 ἐνή-

261 999 457 1036 στευσε
492 981 857 1053 βαπτισθῆναι
917 982 1150 1052 μέλλων.
1199 984 1309 1036 Καὶ
1360 982 1518 1036 τοῦτο
1564 982 1620 1035 δὲ
1667 983 1843 1054 πάντη

261 1072 482 1142 ψευδές.
519 1071 586 1125 τί
633 1074 743 1142 γὰρ
777 1071 912 1141 πρὸς
943 1071 1074 1142 ὃλην
1115 1071 1214 1143 τὴν
1261 1073 1587 1144 οἰκουμένην
1618 1072 1651 1144 ἡ
1691 1072 1846 1144 βασι-

1939 613 2274 682 jejunioruut
2308 608 2635 664 Artziburtzi
2663 614 2918 662 vocatum
2949 612 3053 658 est.
3115 603 3254 659 Hinc
3281 604 3410 658 item
3445 601 3545 654 dep

1947 703 2084 772 pulsi
2117 700 2304 756 dicunt
2356 713 2476 754 esse
2523 696 2788 768 jejunium
2843 693 3209 760 Constantini,
3272 691 3412 760 quod
3452 689 3548 744 ille

1945 793 2181 850 servavit
2208 807 2328 847 cum
2389 799 2532 845 esset
2562 789 2888 858 baptismum
2937 797 3310 856 suscepturus.
3347 783 3409 837 Et
3440 783 3546 838 hoe

1948 887 2108 956 plane
2137 883 2333 939 falsum
2361 892 2442 938 est
2467 900 2480 937 :
2512 881 2642 952 quid
2671 881 2815 935 enim
2844 879 3004 934 unius
3032 879 3383 948 imperatoris
3403 874 3545 945 jeju-

1951 979 2096 1032 nium
2130 978 2364 1046 pertinet
2396 977 2462 1029 ad
2493 973 2801 1029 universam
2852 972 3151 1027 Ecciesiam
3183 969 3206 1022 ‘i
3269 970 3539 1024 Praeterea

1949 1073 1993 1126 si
2016 1073 2087 1125 ita
2121 1083 2210 1124 res
2237 1078 2342 1135 est,
2373 1081 2472 1122 cur
2497 1066 2659 1136 hujus
2679 1065 2874 1135 jejuuii
2898 1079 3000 1119 nec
3031 1063 3199 1118 ullum
3228 1061 3543 1126 conuii-um,

264 1166 402 1228 λέως
438 1165 558 1228 ἐνὸς
594 1163 854 1233 moesia;
887 1163 1012 1227 Πῶς
1039 1163 1094 1216 δὲ
1127 1167 1221 1216 καὶ
1253 1160 1430 1225 οὐδεὶς
1457 1165 1564 1218 τῶν
1594 1167 1734 1234 μετὰ
1756 1164 1848 1220 τὸν

1961 1178 2051 1218 nec
2102 1170 2414 1216 sanctorum
2451 1161 2671 1215 Patrum
2701 1157 2969 1228 quispiam
3003 1157 3328 1211 mentionem
3372 1154 3546 1209 fecit?

266 1259 461 1326 Μέγαν
505 1255 910 1310 Κωνσταντϊνον
964 1256 997 1327 ἢ
1051 1245 1348 1324 συνόδωνῆ
1386 1255 1649 1327 Πατέρων
1689 1255 1849 1318 ἄλλος

273 1349 441 1415 ἁγίων
475 1346 666 1416 μνείαν
700 1345 872 1416 αὐτῆς
899 1346 1231 1415 ἐποιήσατο;
1270 1343 1472 1399 Τοῦτον
1508 1345 1565 1399 δέ
1602 1345 1694 1399 τὸν
1723 1345 1850 1416 τρό-

272 1455 373 1492 πον
399 1437 590 1492 ἄλλοτε
630 1436 765 1489 ἄλλα
797 1436 1071 1505 λέγοντες,
1126 1439 1221 1489 καὶ
1262 1438 1540 1506 πανταχοῦ
1596 1454 1850 1508 περιτρε-

270 1531 524 1600 πόμενοι,
588 1529 682 1582 καὶ
738 1527 934 1596 στῆναι
999 1527 1229 1597 βεϐαίως
1277 1528 1338 1581 ού
1387 1529 1847 1599 συγχωρούμενοι,

268 1619 510 1676 διδόασιν
532 1619 666 1688 ἡμῖν
689 1616 912 1682 ἐννοεῖν,
931 1615 1011 1670 δτι
1041 1613 1271 1687 βδελυρά
1297 1617 1378 1680 τίς
1400 1618 1601 1688 ἐστινὴ
1625 1619 1848 1690 τοιαύτη

270 1711 498 1779 νηστεία
551 1711 647 1762 καὶ
690 1706 892 1771 ἀναξία
923 1709 1317 1780 Χριστιανικῆς
1367 1712 1558 1781 ἀκοῆς.
1615 1709 1760 1779 Ἐγὼ
1792 1712 1850 1765 δὲ

1950 1256 2084 1312 Cum
2116 1254 2280 1324 igitur
2307 1255 2378 1308 ita
2416 1266 2475 1308 se
2503 1260 2710 1323 gerant,
2738 1259 2791 1305 et
2832 1250 2992 1304 modo
3029 1250 3152 1314 huc,
3193 1247 3354 1303 modo
3418 1247 3547 1300 illae

1951 1361 2071 1403 sese
2098 1353 2443 1411 convertant,
2485 1359 2584 1398 nec
2619 1345 2921 1398 consistere
2958 1342 3189 1406 valeant,
3228 1339 3409 1393 facere
3431 1353 3542 1393 nan

1951 1456 2265 1512 possumus,
2299 1439 2426 1508 quin
2459 1437 2800 1507 suspicemur
2835 1435 3101 1505 jejunium
3160 1433 3306 1486 istud
3378 1445 3542 1484 exse-

1953 1532 2213 1586 crandum
2246 1543 2370 1584 esse
2401 1539 2455 1583 et
2482 1527 2810 1582 Christianis
2841 1526 3062 1579 auribus
3104 1524 3407 1593 indignuu'.
3436 1522 3546 1590 ligo

1952 1630 2132 1677 autem
2157 1619 2238 1675 sic
2267 1621 2332 1674 de
2367 1619 2459 1673 illo
2489 1619 2698 1687 accepi,
2730 1616 2902 1671 fuisse
2933 1615 3182 1683 Sergium
3233 1615 3544 1682 quemdam,

1951 1713 2255 1769 Armeniae
2286 1710 2510 1766 haeresis
2536 1710 2836 1771 doctorem,
2869 1707 2959 1777 qui
3010 1721 3132 1762 cum
3193 1704 3418 1759 haberet
3448 1717 3545 1756 ca-

268 1800 513 1855 τοιοῦτόν
559 1817 612 1853 τι
657 1804 787 1872 περὶ
818 1802 1027 1871 ταύτης
1071 1802 1312 1873 ἀκήκοα,
1365 1803 1447 1857 ὅτι
1498 1803 1722 1874 Σέργιός
1767 1821 1852 1866 τις

1961 1823 2102 1874 nem,
2152 1805 2234 1859 cui
2272 1819 2464 1859 nomen
2499 1804 2601 1856 hoc
2629 1800 2959 1855 Artziburtzi
2990 1799 3362 1866 imposuisset,
3416 1807 3541 1849 eum

267 1890 588 1953 διδάσκαλος
603 1890 703 1960 τῆς
739 1887 1076 1960 Ἀρμενικῆς
1104 1889 1371 1960 αἱρέσεως
1388 1891 1701 1961 γενόμενος,
1733 1887 1848 1961 εἶχε

271 1982 411 2036 κύνα
440 1981 780 2052 καλούμενον
819 1976 996 2043 οὕτως
1052 1976 1520 2052 ’Δρτζιϐούρτζην
1553 1997 1568 2012 ο
1607 1981 1760 2052 δηλοῖ
1794 1982 1850 2034 δὲ

269 2075 304 2144 ή
338 2071 486 2138 λέξις
513 2073 608 2126 τὸν
661 2070 1087 2142 Προμιτάτωρα.
1122 2068 1313 2142 Τούτῳ
1363 2075 1578 2143 μηνυτῇ
1628 2073 1722 2125 καὶ
1755 2089 1851 2141 ση-

275 2167 506 2236 μάντορι
555 2164 654 2234 τῆς
698 2161 993 2234 ἐπιδημίας
1043 2162 1208 2216 αὑτοῦ
1261 2164 1525 2228 πολλάκις
1554 2166 1582 2218 ὁ
1623 2163 1852 2235 Σέργιος

268 2257 540 2326 ἐκέχρητο
585 2254 740 2326 παρὰ
773 2255 1028 2324 δαίμονος
1057 2254 1458 2326 ἐνεργουμένῳ,
1491 2256 1707 2327 μέλλων
1730 2258 1853 2311 ἐπι-

266 2345 516 2417 δημῆσαί
549 2361 657 2399 τινι
689 2345 802 2399 τῶν
831 2343 1162 2415 πολυχνίων,
1197 2343 1255 2416 ῆι
1277 2346 1503 2414 κωμῶν,
1555 2347 1588 2419 ἢ
1632 2347 1853 2418 χωρίων

268 2441 327 2492 ἐν
359 2433 444 2503 οἷς
492 2437 672 2509 ᾤκουν
725 2437 773 2491 0i
835 2437 1078 2507 μαθηταὶ
1111 2435 1207 2490 καὶ
1263 2438 1484 2507 μέτοχοι
1535 2437 1636 2508 τῆς
1670 2438 1852 2510 λύμης

268 2528 462 2585 αὐτοῦ.
516 2529 630 2582 Καὶ
662 2529 752 2582 ὅτε
803 2529 900 2581 τὺν
945 2527 1083 2582 κύνα
1135 2527 1326 2582 τοῦτον
1368 2525 1531 2596 εἶδον,
1572 2529 1854 2602 ἐξεχέοντο

275 2625 414 2692 μετὰ
452 2621 582 2691 μίαν
610 2620 824 2691 ἡμέραν
851 2619 959 2689 πρὸ
992 2619 1190 2686 μιλίων
1229 2621 1393 2674 τινῶν
1436 2623 1515 2685 είς
1545 2622 1853 2695 ἀπάντησιν

268 2715 368 2768 τοῦ
394 2713 742 2768 διδασκάλου.
795 2713 934 2766 Ποτέ
983 2713 1043 2765 δέ
1091 2715 1230 2785 πρὸς
1277 2714 1376 2786 τὴν
1410 2715 1619 2788 συνήθη
1647 2717 1853 2789 ταύτην

273 2807 623 2877 λειτουργίαν
647 2807 675 2858 ὁ
697 2805 852 2858 κύων
885 2805 1228 2874 ἐκπεμφθεὶς
1256 2805 1362 2860 ὐπὸ
1391 2807 1575 2861 λύκων
1609 2808 1852 2880 ἐϐρώθη,

274 2898 371 2950 καὶ
416 2897 557 2967 μετά
599 2896 700 2966 τὴν
728 2893 993 2948 ἐπιοῦσαν
1034 2895 1256 2964 ἡμέραν
1292 2895 1540 2952 ἐσάδισεν
1571 2900 1601 2952 δ
1630 2901 1855 2972 Σέργιος

273 2987 364 3058 ἐφ’
401 2987 498 3053 οὓς
543 2986 837 3040 ἀπέστειλε
868 2987 960 3038 τὸν
995 2985 1154 3042 κύνα.
1202 2986 1451 3057 Μηδενὸς
1497 2989 1556 3043 δέ
1591 2993 1734 3047 κατὰ
1763 2993 1857 3047 τὸν

273 3081 454 3134 τύπον
495 3078 1046 3151 προϋπαντήσαντος,
1075 3077 1486 3152 ἐδεινοπάθησε,
1534 3084 1627 3137 καὶ
1661 3085 1854 3158 ἐπιδη-

1953 1913 1985 1953 a
2019 1897 2262 1952 dmmoue
2321 1904 2528 1950 rectum
2576 1893 2786 1947 itineris
2814 1891 2897 1946 sui
2942 1889 3133 1944 ducem
3165 1897 3220 1943 et
3288 1897 3546 1955 tanquam

1955 1987 2326 2046 consiliarium
2349 1987 2608 2050 habebat,
2659 1983 2876 2054 quoties
2917 1985 2983 2038 ad
3012 1982 3294 2053 oppidum,
3331 1988 3424 2034 aut
3454 1994 3552 2049 pa-

1953 2098 2101 2152 gum,
2137 2087 2230 2136 aut
2264 2078 2451 2133 urbem
2484 2074 2718 2148 aliquam
2765 2084 2884 2133 erat
2912 2076 3278 2146 profecturus,
3312 2075 3368 2127 itt
3420 2074 3548 2142 qui-

1953 2176 2054 2232 bus
2091 2173 2351 2228 doctrinae
2377 2185 2488 2226 suae
2537 2168 2810 2240 pestiferae
2835 2167 3084 2238 discipuli
3134 2168 3468 2234 habitabant,
3494 2176 3552 2221 et

1953 2284 2076 2326 cum
2114 2266 2263 2321 illum
2297 2279 2486 2320 canem
2521 2263 2846 2332 aspicerent,
2888 2269 3009 2330 post
3037 2260 3177 2314 diem
3222 2273 3388 2312 unum
3452 2258 3553 2312 ali-

1954 2369 2084 2432 quot
2101 2370 2356 2429 passuum
2381 2353 2613 2409 millibus
2635 2351 2850 2407 obviam
2873 2351 3131 2422 magistro
3154 2349 3542 2420 procedi-baut.

1957 2446 2158 2506 Verum
2195 2462 2314 2500 cum
2349 2443 2640 2514 aliquando
2667 2443 2733 2496 ad
2770 2441 2896 2495 illud
2927 2455 3123 2495 munus
3169 2442 3322 2496 cauis
3363 2440 3556 2494 mitte-

1956 2554 2132 2606 retur,
2168 2556 2196 2592 a
2226 2539 2365 2606 lupis
2394 2537 2687 2592 devoratus
2716 2543 2838 2601 est;
2899 2531 3162 2604 postridie
3217 2540 3395 2586 autent
3425 2545 3546 2586 cum

1955 2637 2022 2690 ad
2057 2648 2149 2689 eos
2179 2627 2402 2701 Sergius
2422 2626 2887 2698 proﬁcisceretur,
2913 2623 2983 2677 ad-
3011 2635 3148 2693 quos
3176 2635 3363 2676 canem
3383 2623 3550 2676 mise-

1958 2737 2062 2792 rat,
2093 2733 2148 2780 et
2180 2737 2336 2776 nemo
2385 2721 2451 2775 de
2490 2733 2643 2773 more
2676 2719 2884 2771 veniret
2938 2715 3176 2779 obviam,
3244 2713 3553 2783 indignatus

1956 2830 2060 2885 est,
2095 2825 2325 2886 cumque
2359 2813 2424 2868 ad
2475 2811 2598 2866 illos
2653 2809 3012 2878 pervenisset,
3059 2805 3550 2876 intellexissrtquv',

1957 2927 2145 2970 canem
2180 2919 2575 2981 prazcursorem
2624 2913 2782 2957 suum
2835 2899 2902 2956 ad
2945 2913 3040 2955 eos
3064 2913 3174 2955 non
3228 2901 3550 2967 accessisr,

1958 3005 2128 3069 misit,
2163 3001 2252 3071 qui
2311 2997 2460 3055 illum
2493 3001 2821 3064 quaererent,
2874 2992 2966 3047 sed
3018 3005 3139 3046 cum
3201 3005 3266 3045 ex
3333 2991 3550 3045 ossibus

1963 3095 2194 3152 inventis
2227 3089 2558 3164 agnovisset,
2584 3102 2707 3140 eum
2739 3099 2768 3139 a
2831 3084 2969 3154 lupis
3000 3083 3166 3138 fuisse
3206 3081 3550 3148 dilaniatum,

278 3176 466 3246 μήσας
491 3175 694 3239 αὐτοῖς,
719 3170 910 3243 ἐπειδὴ
941 3171 1291 3242 μεμάθηκεν,
1311 3174 1396 3227 ὅτι
1427 3175 1857 3248 ού-παρεγένετο

1968 3187 2166 3244 indixit
2204 3181 2460 3240 omnibus
2493 3176 2764 3232 Armeniis
2793 3174 3056 3246 jejunium
3082 3189 3178 3242 pro
3205 3171 3352 3227 canis
3374 3173 3553 3239 obitu,

274 3270 416 3339 πρὸς
457 3265 659 3331 αὐτοὺς
694 3269 722 3319 ὁ
753 3262 1066 3336 πρόδρομος
1093 3263 1262 3318 αὑτοῦ
1291 3267 1462 3335 κύων,
1498 3267 1750 3340 ἐπεμψεν
1779 3274 1860 3337 είς

1961 3277 2258 3349 iussitque,
2291 3286 2346 3328 ut
2374 3271 2638 3341 praefinito
2668 3267 2874 3322 dierum
2906 3264 3080 3336 Spatio
3121 3264 3347 3333 singulis
3397 3265 3557 3318 anuis

276 3365 641 3436 ἀναζήτησιν,
667 3367 760 3415 καὶ
779 3356 1031 3427 διαγνοὺς
1059 3357 1224 3411 αδτδν
1246 3359 1353 3413 ἀπὸ
1381 3359 1482 3430 τῆς
1518 3361 1628 3415 τῶν
1656 3362 1857 3422 ὀστέων

1967 3370 2189 3426 inluetu
2223 3377 2277 3422 et
2309 3365 2560 3435 squalore
2607 3369 2978 3415 versarentur.
3020 3358 3086 3411 Et
3106 3357 3374 3428 jejunium
3423 3355 3557 3411 illud

277 3459 554 3528 εὑρέσεως
608 3453 952 3523 λυκόϐρωτον
1004 3453 1311 3523 γεγονότα,
1365 3453 1668 3523 προσέταξε
1720 3461 1856 3514 πᾶσι

1963 3460 2291 3518 At'tziburtzi
2345 3457 2774 3529 appellaverunt.

278 3555 398 3614 τοῖς
451 3549 762 3621 ’Δρμενίοις
788 3550 1075 3621 νηστεύειν
1133 3550 1274 3617 ὕπέρ
1303 3547 1405 3618 τῆς
1439 3548 1697 3623 τελευτῆς
1738 3555 1903 3611 αὐτοῦ
1945 3559 2041 3613 καὶ
2075 3557 2371 3629 κατηφιᾷν,
2441 3551 2535 3605 καὶ
2567 3547 2990 3622 σκυθρωπάζειν
3024 3547 3091 3616 ἐφ
3146 3547 3380 3619 ἡμέραις
3424 3547 3560 3616 ὡρι-

286 3645 519 3715 σμέναις
560 3645 686 3696 κατ’
731 3643 1002 3708 ἐνιαυτὸν,
1059 3644 1156 3698 καὶ
1207 3640 1306 3713 τὴν
1358 3643 1618 3712 νηστείαν
1663 3650 1868 3722 ταύτην
1919 3649 2382 3726 Ἀρτζιόούρτζην
2408 3645 2682 3714 ὠνόμασε.

865 3760 1116 3814 ἸΊΤΛΟΣ
1154 3761 1279 3815 KA’.

2500 3751 2802 3816 TiTULUS
2832 3752 3028 3810 XXIV.

278 3850 446 3905 Κατὰ
473 3846 1413 3918 τῶν-λεγομένωνίηαυλικιὰνων
1465 3853 1534 3907 ἐκ
1577 3851 1694 3907 τῶν
1745 3857 1857 3910 Φω-

1962 3858 2220 3913 Aduersus
2255 3851 2620 3911 Paulict'anos,
2651 3864 2716 3901 ex
2743 3847 2951 3918 scriptis
3014 3844 3197 3918 Pltotit'
3233 3847 3556 3914 patriarcha

355 3921 490 3974 τίου
522 3916 628 3972 τοῦ
645 3915 1104 3988 μὶυὶαριωτάτου
1135 3919 1508 3991 πατριάρχου
1541 3927 1857 3979 Κώνσταν-α

354 3991 784 4054 τιγουπόλεως.

2461 3915 3058 3984 ϐοηειαηιὶηοροίὶῑαηὶ.

353 4098 649 4168 Σαμόσατα
671 4096 824 4160 πόλις
853 4097 969 4150 ἐστὶ
1006 4098 1104 4168 τῆς
1141 4098 1363 4170 Συρίας,
1399 4099 1522 4156 καθ’
1583 4095 1650 4172 ἧς
1700 4100 1857 4159 πάλαι

2042 4102 2320 4162 Samosata
2354 4113 2437 4156 est
2495 4098 2749 4168 oppidum
2779 4093 2970 4169 Syriae,
3039 4095 3093 4150 in
3116 4112 3222 4169 qua
3280 4099 3552 4169 quondam

281 4189 346 4242 τὸ
365 4188 682 4260 Μανιχαίων
709 4188 1050 4260 εἰσεκώμασε
1077 4191 1354 4262 φρόνημα.
1399 4193 1541 4266 Γυνὴ
1577 4194 1632 4248 δέ
1667 4212 1752 4260 τις
1803 4197 1857 4252 ἐν

1971 4196 2144 4268 viguit
2168 4207 2322 4250 error
2375 4191 2817 4248 Manichaeorum.
2869 4192 2927 4247 Iu
2957 4193 3057 4250 hoc
3112 4193 3309 4264 oppido
3365 4193 3560 4254 mulier

281 4285 458 4356 ταύτῃ
483 4285 782 4356 Καλλινίκη
813 4284 1052 4358 τοῦνομα
1079 4286 1173 4342 τδν
1227 4288 1485 4362 βόρϐορον
1526 4291 1626 4362 τῆς
1686 4294 1857 4348 Μανι-

1973 4287 2218 4357 quaadam
2255 4283 2358 4339 fuit
2414 4283 2636 4338 nomine
2687 4281 2970 4339 Cailinice.
3036 4282 3163 4338 Haec
3219 4300 3338 4339 cum
3383 4292 3555 4338 totum

282 4377 482 4448 χαῖκῆς
507 4376 772 4448 αἱρέσεως
799 4377 918 4432 ὅλον
961 4377 1245 4443 ἐκπιοῦσα.
1293 4382 1387 4436 δύο
1428 4376 1601 4437 τίκτει
1647 4386 1864 4456 παῖδας,

285 4467 500 4524 Παῦλον
531 4469 626 4522 καὶ
670 4465 1112 4538 Ίωάννην.οῦτοι
1138 4472 1237 4543 τὴν
1263 4473 1478 4545 μητέρα
1503 4473 1864 4546 ζηλώσαντες,

1975 4377 2394 4432 Μοηίοιιωοτυιῐι
2424 4375 2592 4430 lutum
2649 4375 2936 4440 hausisset,
2987 4377 3121 4432 duos
3151 4375 3357 4446 peperit
3414 4375 3557 4433 tilios

1975 4468 2200 4524 Paulum
2233 4478 2285 4523 et
2335 4468 2621 4534 Joannem,
2677 4469 2768 4538 qui
2809 4475 3038 4523 matrem
3099 4467 3290 4523 imitati
3350 4482 3558 4523 merum

282 4558 524 4628 ἄκρατον
547 4561 645 4626 τῆς
676 4559 1013 4624 ἀποστασίας
1041 4561 1244 4631 ταύτης
1275 4565 1368 4617 τὸν
1400 4563 1479 4618 ἰὸν
1501 4565 1857 4635 εἰσεδέξαντο.

1974 4563 2128 4618 istius
2167 4561 2447 4632 apostasia:
2479 4575 2744 4614 venenum
2795 4559 3065 4616 biberunt.
3091 4558 3200 4615 llos
3243 4559 3434 4628 reliqui
3467 4575 3562 4612 ve-

287 4650 626 4720 Θιασὰμενοι
648 4649 704 4703 δέ
733 4649 956 4714 τούτους
987 4651 1037 4704 oi
1073 4653 1471 4708 συναποττάται
1511 4655 1870 4729 διαφέροντας

286 4743 380 4795 ἐπὶ
401 4744 466 4813 τῇ
486 4741 777 4813 δυσσεϐείᾳ
800 4743 895 4796 καί
919 4743 1302 4815 δραστηρίους,
1335 4746 1584 4817 κήρυκας
1630 4751 1870 4819 προϐάλ-

286 4834 471 4888 λονται
525 4835 618 4888 καὶ
653 4837 1066 4907 μυσταγωγούς.
1093 4831 1255 4894 Οὗτοι
1287 4840 1342 4893 δὲ
1371 4841 1462 4895 καὶ
1511 4841 1646 4895 ἄλλα
1685 4861 1872 4915 προσε-

288 4926 646 4996 πινοήσαντες
674 4926 872 4993 ἄτοπα,
897 4927 992 4981 καὶ
1028 4930 1222 5000 μιαρὰ,
1257 4931 1348 4984 καὶ
1376 4931 1594 5003 ὀλέθρια
1627 4934 1873 5004 δόγματα

289 5015 388 5086 τὴν
419 5017 526 5070 τῶν
563 5018 937 5072 Παυλικιάνων
969 5020 1178 5090 αἵρεσιν
1206 5023 1624 5092 συνεστήσαντο,
1677 5029 1873 5096 μοῖραν

293 5107 394 5175 μὲν
419 5107 519 5176 τῆς
544 5108 856 5179 Μανιχαίων
886 5111 1082 5178 μανίας
1112 5105 1300 5174 οὖσαν,
1334 5112 1446 5164 τισὶ
1464 5112 1519 5166 δὲ
1538 5113 1875 5184 προσθήκαις

293 5198 740 5268 συναυξηθεῖσαν.
771 5199 905 5253 Ἀπὸ
931 5201 1136 5255 τούτων
1165 5201 1222 5254 δὲ
1247 5200 1354 5254 τῶν
1377 5202 1490 5269 δύο,
1526 5204 1736 5258 Παύλου
1778 5208 1877 5260 καὶ

300 5289 572 5357 Ἰωάννου,
607 5295 718 5353 τοῖς
751 5287 1019 5363 μαθηταῖς
1049 5293 1226 5346 αὐτῶν
1279 5295 1312 5364 ἡ
1371 5299 1726 5368 προσωνυμία
1767 5298 1877 5352 τῶν

290 5380 946 5452 Παυλικιάνωνέπετέθη,
1000 5383 1316 5439 συντεθεῖσα
1371 5385 1875 5460 βαρϐαρικώτερον,

289 5473 384 5524 καὶ
407 5473 529 5524 ἀντὶ
554 5473 647 5525 τοῦ
703 5474 1105 5528 Παυλοῖωάνναι
1160 5475 1514 5531 Παυλικιοὶνοι
1577 5481 1866 5550 κατονομάο

291 5561 491 5627 ζονται.
525 5564 732 5634 Χρόνου
779 5565 833 5619 δὲ
884 5565 1260 5638 διαρῤυέντος,
1316 5568 1503 5639 ἕτερον
1552 5568 1763 5635 ἑαυτοῖς
1813 5573 1874 5625 τὸ

287 5656 385 5724 τῆς
411 5656 747 5720 ἁποστασίας
793 5658 1066 5728 συνέδριον
1112 5663 1476 5731 χειροτονοῦσι
1533 5662 1870 5728 διδάσκαλον,

291 5743 346 5806 ὃς
381 5747 781 5810 Κωνσταντῖνος
808 5749 1208 5819 ὀνομαζόμενος
1235 5753 1315 5816 είς
1341 5753 1634 5806 Σιλουανδν
1679 5755 1872 5808 ἑαυτὸν

292 5838 663 5908 μετωνόμασε,
696 5841 785 5894 καί
813 5858 872 5908 γε
919 5841 1102 5896 τοῦτον
1134 5843 1312 5912 πολλῷ
1372 5845 1478 5899 τῶν
1538 5845 1869 5915 Καλλινίκης

1975 4654 2154 4708 ritatis
2189 4655 2486 4708 desertores
2513 4652 2808 4723 conspicati
2849 4652 3130 4724 impietate
3181 4652 3431 4718 eximios,
3481 4663 3562 4705 at-

1975 4761 2079 4814 que
2109 4753 2448 4816 praestantes,
2487 4758 2550 4796 ac
2577 4751 2862 4808 strenuos;
2883 4742 3280 4796 constituerunt
3303 4756 3398 4796 eos
3421 4756 3558 4810 pm:-

1975 4853 2141 4892 cones
2165 4845 2220 4891 et
2247 4833 2438 4890 duces.
2468 4834 2557 4888 isti
2582 4850 2701 4887 cum
2727 4833 2828 4886 alia
2854 4832 3084 4886 absurda
3132 4841 3188 4886 et
3226 4833 3557 4887 exsecranda

1976 4945 2040 4984 ac
2070 4930 2369 4997 perniciosa
2391 4929 2663 4997 dogmata,
2685 4933 2793 4978 tum
2823 4921 3258 4977 Paulicianortun
3283 4923 3561 4990 haeresim,

1977 5036 2095 5089 quae
2136 5019 2552 5073 Manicbarorum
2611 5015 2833 5069 insania:
2864 5030 2988 5084 pars
3020 5025 3122 5079 est,
3156 5027 3208 5070 et
3237 5016 3560 5086 quibusdam

1977 5112 2139 5162 etiam
2198 5105 2600 5161 accessionibus
2635 5104 2986 5170 cumulatior,
3037 5107 3430 5176 excogitarunt.
3487 5108 3561 5163 Ex

1979 5196 2185 5251 duobus
2210 5207 2388 5250 autem
2425 5194 2542 5248 istis
2579 5193 2896 5249 nominibus
2924 5195 3090 5252 Paulo
3119 5207 3172 5252 et
3197 5199 3401 5252 Joanne
3429 5196 3565 5250 Pau-

1979 5291 2295 5346 iicianoruut
2326 5289 2640 5344 vocabulum
2665 5292 2894 5347 barbare
2917 5307 3045 5346 sane
3072 5295 3428 5361 compositum
3458 5303 3562 5356 est,

1982 5393 2041 5439 ut
2073 5398 2194 5438 cum
2227 5381 2649 5440 PauliJoannes
2677 5386 2941 5456 appellari
2973 5385 3229 5448 debeant,
3265 5383 3566 5440 Paul'ciaui

1981 5474 2346 5531 nominentur.
2379 5475 2483 5532 Sed
2511 5479 2767 5546 temporis
2785 5492 3068 5549 progressu
3093 5476 3256 5530 ali-un
3303 5476 3404 5532 sibi
3439 5492 3566 5546 apo-

1983 5568 2166 5622 Stasime
2198 5569 2402 5624 socium
2447 5577 2502 5623 ct
2533 5571 2847 5640 magistrqu
2879 5571 3268 5635 adhibuerunt,
3322 5571 3410 5640 qui
3439 5587 3563 5626 cum

1983 5673 2268 5718 vocaretur
2295 5662 2714 5728 Constantinus,
2755 5663 2923 5717 voluit
2963 5661 3234 5730 Sylvanus
3283 5665 3435 5734 apgel
3463 5663 3562 5720 ari.

1982 5753 2048 5808 Et
2079 5753 2220 5809 hunc
2249 5753 2464 5822 quidem
2509 5753 2792 5822 apostasia:
2834 5752 3096 5806 sa'ellltes
3139 5753 3410 5808 Citii-nica:
3445 5753 3494 5805 t'al
3524 5769 3566 5806 IS

1984 5850 2137 5915 longe
2159 5857 2511 5917 anteponunt.
2543 5845 2751 5914 Quippe
2774 5847 2866 5915 qui
2905 5855 2959 5901 ut
2985 5848 3356 5901 ιιδιυῑὲδδὶιιιυς
3386 5848 3450 5899 ad
3480 5863 3563 5904 ea.
3656 5841 3666 5858 “
