4052 6292
563 386 699 454 ιωι
1794 373 2184 437 summu
2226 374 2594 434 ZIGABENI
3625 378 3734 442 1192

559 523 679 578 quae
711 502 997 564 sentiebat,
1020 494 1385 570 propaganda,
1423 508 1524 548 non
1554 500 1638 547 est
1668 505 1834 545 ausus
1862 489 2146 558 Opiniones

2132 503 2146 542 ς
2175 494 2221 551 Α
2252 486 2456 539 παίδων
2501 488 2550 538 οἰ
2586 485 2684 555 τῆς
2733 483 3070 547 ἀποστασίας
3114 484 3430 540 ὑπασπισταὶ
3468 488 3732 561 ἐπίπροσθεν

560 568 840 655 haereticas
874 590 1235 646 monumentis
1267 587 1502 647 tradere,
1544 585 1636 637 sed
1664 596 1763 636 usu
1810 590 1867 633 et
1919 579 2138 634 assidua

2132 599 2138 631 l
2251 577 2495 645 ἄγουσιν.
2529 568 2696 639 Οὗτος
2725 575 2790 645 δὴ
2820 569 2974 638 οὗτος
3011 577 3039 627 ὁ
3087 575 3377 638 δεινότατος
3424 583 3732 651 κακουργῆσαι

556 690 801 747 doctrina
842 684 1132 744 discipulos
1166 693 1291 735 suos
1324 674 1597 738 erudiens,
1641 670 1932 740 impietatis
1986 666 2139 720 insti-

2133 694 2139 704 -
2249 669 2320 721 τὰ
2361 668 2660 737 ἀτόλμητα,
2697 668 2763 718 τά
2816 666 2915 735 μὲν
2963 666 3210 736 αἱρετικὶι
3250 667 3541 737 φρονήματα
3592 677 3733 744 γραφῇ

559 792 671 833 tuta
711 778 777 831 ab
806 770 1204 844 oppugnatione
1237 776 1348 821 tnta
1394 777 1613 819 servare
1645 770 1868 815 conatus
1906 766 2008 813 est.
2041 756 2136 808 At-

2135 785 2136 788 η
2251 759 2587 830 παραδοῦναι
2617 760 2716 812 οὐκ
2747 760 3062 828 ἐτόλμησεν,
3086 759 3194 812 ἔθει
3229 760 3283 813 δὲ
3318 764 3406 813 xui
3459 766 3637 832 συνεχεί
3679 765 3735 818 δι-

556 886 663 940 qne
692 867 1037 938 Evangelinm
1072 862 1286 929 quidem
1318 867 1375 913 et
1405 854 1740 924 Apostolum,
1795 867 1916 922 quas
1967 850 2139 905 ﬁdelis

2134 870 2139 902 ι
2253 851 2521 921 δασκαλίᾳ
2549 851 3117 919 κατασφαλισάμενος,
3165 854 3273 913 τοῖς
3329 854 3734 923 μυσταγωγηθείοι

555 964 718 1015 etiam
760 958 1193 1013 Christianorum
1233 949 1464 1021 populus
1499 946 1876 1016 complectitur
1908 954 1961 998 et
1986 944 2135 1009 colit,

2251 945 2501 1011 κατέχειν
2531 941 2905 1011 άπαράτρωτα
2946 941 3015 994 τὰ
3053 940 3151 1011 τῆς
3194 941 3432 1005 ἀσεϐείας
3486 961 3737 1011 παρακατι-

555 1055 753 1121 scripta
787 1048 1085 1118 proposuit,
1126 1045 1259 1100 nihil
1291 1041 1575 1096 admodum
1609 1050 1866 1107 quantum
1894 1038 1958 1090 ad
2016 1051 2138 1091 ver-

2136 1065 2138 1073 »
2250 1033 2462 1103 τίθησιν
2488 1033 2665 1103 ὄργια.
2692 1035 2719 1085 Ί
2737 1034 2765 1087 δ
2800 1034 2983 1104 μέντοι
3012 1034 3331 1102 Εὑαγγέλιον
3390 1035 3475 1089 καὶ
3501 1037 3577 1089 τὸν
3619 1036 3736 1090 Ἀπό-

554 1147 623 1199 ha
658 1144 912 1214 pertinet,
938 1150 1170 1201 mutans,
1191 1150 1312 1201 nec,
1334 1132 1786 1202 quemadmodum
1811 1131 1919 1199 egit
1946 1129 2140 1182 Valen-

2139 1160 2140 1165 η
2254 1125 2456 1187 στολον,
2493 1126 2529 1177 δι
2560 1126 2648 1177 xui
2678 1126 2738 1177 τδ
2756 1125 2903 1178 θεῖον
2923 1126 3345 1195 περιπτύσσεται
3375 1128 3462 1180 καὶ
3501 1132 3615 1199 τιμᾷ
3658 1131 3739 1185 τῶν

556 1213 701 1291 tinus
753 1244 806 1288 et
866 1232 982 1297 alii,
1049 1227 1314 1282 sermonis
1376 1226 1597 1295 ligurum
1661 1231 1991 1292 pervertens,
2043 1220 2139 1273 sed

2135 1229 2139 1273 γ
2252 1213 2594 1284 Χριστιανῶν
2622 1215 2928 1285 σύνταγμα,
2956 1217 3243 1288 ἐγγράφως
3268 1217 3462 1282 τούτοις
3508 1222 3735 1291 παρέθετο,

556 1329 727 1397 ipsum
761 1326 975 1395 pietatis
1014 1336 1235 1376 sensum
1300 1321 1625 1384 detorquens
1692 1323 1853 1381 atque
1911 1310 2144 1377 perfrin-

2137 1339 2144 1352 .
2250 1309 2362 1370 τοῖς
2395 1309 2601 1378 ῥήμασι
2629 1307 2728 1376 μὲν
2756 1308 2851 1360 καὶ
2877 1309 3135 1379 ὀνόμασιν
3163 1309 3311 1363 οὐδὲν
3338 1309 3472 1378 μέγα
3496 1313 3737 1382 παραλλάτ-

555 1436 705 1489 ιςειιο,
729 1428 783 1473 et
820 1418 886 1470 ad
922 1412 1201 1481 apostasia:
1235 1424 1344 1463 sua:
1373 1406 1682 1475 opinionem
1724 1411 2043 1456 convertens
2084 1412 2139 1454 et

2137 1440 2139 1450 .
2251 1417 2382 1463 των,
2442 1399 2563 1452 οὐδὲ
2623 1399 3097 1469 κατακιῶηλεύων
3153 1401 3246 1454 τοῦ
3295 1401 3444 1469 λόγου
3483 1402 3537 1456 τὸ
3582 1404 3737 1473 σχῆμα,

557 1513 798 1567 trahens.
826 1509 903 1562 Ac
932 1507 1092 1559 verba
1120 1501 1358 1572 quidem,
1400 1510 1457 1552 ut
1479 1499 1733 1556 diximus,
1759 1493 1923 1547 divini
1958 1490 2136 1544 Evane

2252 1493 2502 1561 καθάπερ
2531 1491 2876 1554 Οὐαλεντῖνος
2894 1494 2987 1546 xui
3018 1493 3215 1563 ἕτεροι,
3234 1494 3349 1547 ὅλον
3372 1494 3423 1546 δὲ
3445 1496 3523 1545 τὸν
3543 1494 3642 1548 νοῦν
3668 1496 3739 1565 τῆς

554 1602 676 1673 gchi
699 1609 757 1654 et
786 1596 1048 1666 Apostoli,
1078 1591 1368 1652 concessit,
1397 1596 1454 1640 ut
1483 1584 1823 1646 haherent,et
1880 1578 2011 1634 nihil
2039 1577 2141 1631 im-

2251 1581 2528 1645 εὺσεὸείας
2549 1582 2909 1653 διαστρέφων,
2941 1583 3034 1635 xui
3066 1583 3435 1653 καταθραύων,
3487 1586 3568 1636 καὶ
3610 1586 3742 1639 πάντα

552 1658 1136 1763 pudenter-subtraxit
1193 1689 1285 1735 aut
1337 1677 1616 1747 adjunxit;
1675 1686 1860 1727 verum
1932 1683 2024 1723 eos
2062 1667 2139 1721 illi

2256 1676 2447 1738 ποιῶν,
2472 1676 2568 1727 xui
2596 1674 2902 1745 περιέλκων
2930 1674 3067 1745 πρὸς
3094 1675 3156 1727 τὸ
3180 1674 3276 1744 τῆς
3303 1673 3600 1735 ἀποστασίας
3622 1673 3744 1727 αὑτοῦ
3814 1658 3816 1663 ’

552 1757 749 1837 sensus
780 1775 1025 1832 attribuit
1075 1784 1130 1825 et
1164 1766 1617 1829 accommodavit,
1653 1762 1850 1831 quibus
1877 1757 2019 1813 nulla
2047 1771 2139 1811 sa-

2182 1837 2196 1838 i
2254 1768 2533 1838 φρόνημα.
2566 1770 2672 1821 Καὶ
2700 1768 2766 1821 τὰ
2792 1769 2891 1836 μὲν
2935 1768 3177 1837 ῥήματα,
3224 1766 3298 1828 ὼς
3351 1767 3565 1835 εἴρηται,
3608 1766 3744 1819 δίδωσι

557 1889 649 1926 cra
675 1870 836 1924 verba
870 1866 1217 1920 conveniunt.
1252 1863 1499 1928 Pugnant
1527 1858 1670 1911 enim
1708 1859 1849 1909 inter
1876 1867 1961 1916 se,
2029 1864 2147 1903 mu-

2146 1880 2147 1886 ‘
2179 1837 2221 1894 θ
2252 1837 2503 1929 κατέχειν
2527 1850 2618 1912 τοῦ
2641 1877 2698 1911 τε
2721 1860 2863 1913 θείου
2892 1859 3225 1928 Εὐαγγελίου
3247 1859 3337 1912 καὶ
3361 1857 3447 1910 τοῦ
3479 1856 3746 1920 ’Δποστόλου,

556 1974 755 2031 tuoque
788 1972 849 2012 se
880 1963 1147 2017 evertunt,
1181 1961 1238 2006 ut
1272 1950 1404 2004 nihil
1440 1948 1566 2003 inde
1606 1944 1862 2014 consequi
1914 1957 2143 1997 consen-

2252 1952 2394 2022 μήτε
2429 1952 2769 2021 προσθήκαις
2806 1952 2945 2020 μήτε
2975 1950 3326 2027 ύφαιρέσεσιν
3368 1949 3566 2018 ἀναίδην
3604 1948 3747 2017 λυμαι-

554 2022 771 2108 tandum
804 2048 990 2120 possit.
1024 2045 1149 2099 llaec
1177 2042 1265 2097 ille
1316 2044 1416 2096 hoc
1451 2039 1610 2093 modo
1665 2034 1964 2100 constituit,
2027 2030 2145 2086 nul-

2247 2045 2470 2115 νόμενος
2492 2060 2506 2075 ·
2533 2043 2839 2113 προσάπτει
2872 2043 2929 2096 δὲ
2963 2022 3175 2106 τούτοις
3226 2043 3318 2095 καὶ
3367 2040 3623 2096 medus:
3663 2042 3749 2110 νοή-

510 2140 515 2147 ’
556 2146 988 2215 lumqnedOgma
1027 2139 1133 2193 illis
1191 2146 1382 2207 prater
1417 2130 1765 2199 Evangelium
1802 2138 1856 2183 et
1919 2124 2110 2181 Paulur

2250 2154 2416 2205 ματα,
2444 2132 2524 2198 οἷς
2559 2135 2790 2205 ἁρμόζει
2825 2135 2924 2204 μὲν
2966 2135 3120 2189 οὐδὲν
3173 2135 3281 2188 τῶν
3339 2134 3487 2204 ίερῶν
3531 2133 3748 2204 ῥημάτων,

559 2240 739 2307 legere
763 2232 1030 2304 permisit.
1074 2228 1271 2283 Verum
1313 2236 1364 2279 et
1411 2225 1514 2276 iste
1540 2230 1662 2292 post
1689 2219 1903 2290 aliquod
1936 2227 2145 2285 tempus

2247 2228 2472 2298 οὐδεμία
2499 2228 2554 2281 δὲ
2585 2229 2797 2291 τούτοις
2844 2228 3139 2281 ἀκολουθία
3174 2229 3438 2298 ἐνορᾶται,
3493 2229 3680 2298 μάχεται
3710 2226 3749 2279 ἃ

560 2329 789 2392 interiit,
849 2334 905 2381 et
931 2324 1110 2377 anima
1174 2317 1390 2389 quidem
1451 2314 1619 2383 magis
1675 2327 1836 2380 quam
1894 2322 2144 2377 corpore.

2248 2319 2385 2387 πρὸς
2408 2318 2633 2388 ἄλληλα,
2668 2318 2760 2371 xui
2780 2318 3251 2372 ἁντικαθίσταται.
3280 2318 3455 2371 Ταῦτα
3486 2317 3597 2385 γοῦν
3614 2334 3749 2386 παρα·

560 2424 686 2478 I'ost
716 2421 1007 2490 Sylvanum
1038 2413 1254 2467 Simeou
1282 2408 1374 2476 qui
1414 2421 1473 2461 se
1506 2405 1685 2460 Titum
1716 2400 1899 2456 vocari
1937 2400 2144 2464 maluit,

2247 2410 2614 2480 καταθέμενος
2643 2409 2810 2481 μηδὲν
2833 2409 3020 2480 ἕτερον
3040 2410 3222 2463 αὐτῶν
3246 2408 3610 2479 ἀναγινώσκειν
3634 2407 3747 2478 παρά

560 2514 665 2567 illis
729 2489 906 2578 impia:
944 2502 1205 2560 doctrinae
1259 2500 1518 2569 magister
1549 2496 1670 2549 fuit.
1728 2492 1931 2547 Deinde
1959 2489 2148 2544 Arme-

2246 2520 2307 2557 τε
2336 2503 2397 2556 τὸ
2424 2504 2759 2572 Εύαγγὲλιον
2780 2505 2876 2558 καὶ
2908 2505 3001 2557 τὸν
3045 2503 3366 2558 ’Δπόστολον
3397 2503 3555 2573 δόγμα
3573 2503 3749 2570 τίθησιν,

564 2606 682 2659 nius
717 2602 933 2670 quidam
963 2596 1183 2653 nomine
1208 2590 1494 2650 Grncsius,
1540 2587 1632 2656 qui
1675 2600 1833 2641 suum
1868 2581 1921 2636 in
1964 2581 2147 2635 Timo-

2259 2595 2401 2648 Ἀλλ’
2433 2596 2461 2648 ὁ
2497 2596 2599 2663 μὲν
2631 2598 2770 2664 μετὰ
2805 2596 2995 2664 χρόνον
3012 2595 3309 2665 ἁπεφθάρη
3338 2596 3432 2663 τὴν
3460 2595 3613 2664 ψυχὴν
3632 2592 3751 2645 πλέον

563 2697 742 2751 theutn
770 2703 962 2748 nomen
990 2684 1360 2743 commutavit.
1386 2679 1521 2737 Tum
1548 2676 1772 2748 Joseph,
1802 2675 1892 2747 qui
1928 2676 1980 2729 in
2011 2672 2149 2743 Epa-

2248 2688 2343 2741 τοῦ
2377 2686 2656 2758 σώματος,
2698 2688 2840 2758 μετὰ
2869 2688 2926 2741 δὲ
2962 2688 3053 2741 τὸν
3078 2688 3363 2741 Σιλουανδν
3397 2686 3595 2756 Συμεὼν
3618 2683 3753 2738 αὐτῶν

566 2786 875 2856 phroditum
913 2788 1148 2835 mutatus
1178 2786 1282 2831 est.
1348 2774 1474 2829 Post
1503 2772 1821 2835 Zacharias,
1856 2783 2013 2837 quem
2038 2782 2144 2820 non

2248 2781 2343 2836 τοῦ
2382 2780 2674 2845 δυσσεϐοῦς
2736 2781 3115 2835 διδασκαλείου
3167 2782 3492 2852 προΐσταται,
3528 2779 3657 2831 Τίτον
3686 2776 3754 2829 xui

568 2882 788 2934 minima
852 2873 1074 2929 haeresis
1119 2884 1247 2941 pars
1306 2865 1703 2921 mercenarium
1754 2862 2050 2924 existimat,
2095 2868 2150 2913 et

2249 2874 2411 2936 αὐτὸς
2442 2873 2634 2927 ἑαυτὸν
2666 2872 3203 2942 μιτονομασάμενος.
3243 2871 3399 2941 Ἑξῆς
3449 2869 3502 2922 δὲ
3532 2868 3754 2938 Ἀρμένιος

565 2963 863 3036 indignum,
897 2961 986 3031 qui
1011 2955 1236 3014 docendi
1267 2969 1461 3009 munus
1485 2954 1626 3024 apud
1669 2953 1813 3022 ipsos
1832 2950 2148 3005 obtinuerit.

2251 2965 2498 3029 Γενέσιος
2552 2963 2810 3034 τοῦνομα,
2860 2961 3220 3031 μετακληθεὶς
3270 2960 3349 3022 είς
3405 2959 3652 3029 Τιμόθεον,
3686 2954 3756 3008 καὶ

568 3056 747 3135 μοιιεε
783 3063 1040 3122 praetcrea
1078 3049 1239 3103 homo
1269 3045 1519 3101 sordidus
1544 3043 2151 3099 accessit.P0stremum

2252 3058 2511 3128 τέταρτος
2554 3056 2749 3125 Ἰωσὴφ
2781 3056 2809 3107 ὁ
2836 3057 2916 3119 είς
2978 3054 3369 3125 Ἐπαφρόδιτον
3425 3047 3756 3123 μεταϐεϐλημέ-

570 3130 767 3225 nialum
796 3140 1014 3209 Sergius
1050 3137 1248 3201 attulit,
1275 3136 1367 3206 qui
1398 3135 1503 3190 sibi
1536 3133 1755 3204 Tychici
1790 3146 1985 3188 nomen
2015 3130 2155 3185 asci-

2181 3168 2224 3228 c
2256 3166 2365 3213 νος.
2403 3145 2533 3202 Εἶτα
2566 3149 2861 3218 Ζαχαρίας,
2890 3147 2949 3199 ὃν
2977 3148 3078 3199 οὒκ
3108 3147 3366 3215 ἐλαχίστη
3412 3145 3560 3213 μοῖρα
3592 3140 3670 3211 τῆς
3692 3138 3755 3190 al-

569 3240 665 3292 vit.
710 3236 789 3290 Ac
843 3231 1160 3288 deiectionis
1212 3230 1429 3299 quidem
1474 3227 1711 3297 ipsorum
1759 3225 2021 3293 magistri,
2088 3238 2156 3277 ex

2193 3225 2212 3228 ᾔ
2260 3241 2461 3312 ρέσεως
2496 3239 2766 3309 μισθωτόν
2795 3255 2854 3290 τε
2903 3239 3144 3306 ἡγεῖται,
3186 3236 3280 3290 καὶ
3305 3237 3399 3304 τῆς
3443 3226 3756 3295 διδᾱσκιλικῆς

568 3328 915 3400 quolncresis
951 3326 1117 3383 istaa
1165 3322 1331 3376 Paulo
1365 3331 1419 3375 et
1443 3318 1653 3373 Joanne
1712 3333 2011 3386 cognomen
2072 3324 2159 3370 est

2157 3355 2159 3363 ν
2259 3332 2424 3401 αὐτὸν
2456 3332 2746 3403 προεδρίας
2785 3329 3023 3393 ἀνάξιον.
3066 3329 3269 3391 Ἕκτος
3311 3327 3483 3388 αὐτοῖς
3524 3322 3757 3389 ἐπιγίνεται

569 3428 881 3481 consecuta,
904 3417 968 3468 ad
1002 3420 1103 3469 hoc
1128 3427 1298 3480 usque
1329 3421 1541 3479 tempus
1604 3420 1681 3464 tot
1706 3410 2057 3463 exstiterunt.
2086 3408 2156 3461 ll-

2259 3424 2474 3494 Βιάνης
2508 3425 2537 3476 6
2567 3422 2843 3490 ῥυπαρὸς,
2873 3422 2958 3489 ἐφ’
2986 3416 3069 3484 οἷς
3115 3421 3343 3488 ἕϐδομον
3385 3419 3474 3472 xui
3517 3414 3758 3467 τελευταῖον

570 3511 662 3563 Iud
699 3517 879 3562 autem
914 3506 1190 3561 scie‘ndum
1219 3515 1324 3568 est,
1351 3518 1444 3557 eos
1466 3501 1554 3571 qui
1587 3500 1813 3556 haeresis
1839 3500 1996 3554 istius
2029 3509 2146 3553 slu-

2259 3513 2428 3567 κακὸν
2459 3514 2682 3583 Σέργιος
2720 3513 3017 3581 ἀναφύεται
3042 3529 3057 3544 ο
3094 3513 3177 3575 είς
3199 3511 3429 3581 Τυχικδν
3447 3509 3498 3560 δὲ
3519 3524 3600 3559 και
3644 3499 3758 3562 οὗτος

568 3602 707 3655 diosi
737 3608 889 3663 sunt,
927 3597 971 3651 si
998 3597 1119 3667 quis
1144 3602 1393 3666 petat,ut
1413 3605 1667 3649 auctores
1711 3594 1828 3665 ejus
1859 3593 2156 3662 nugatorias

2259 3606 2451 3661 ἑαυτὸν
2476 3605 2861 3675 μετεκάλεσεν.
2927 3601 3072 3658 Ἀλλ’
3118 3605 3169 3656 ei
3207 3604 3308 3674 μὲν
3356 3602 3448 3671 τῆς
3489 3594 3761 3654 umorum;

567 3705 727 3748 secta
758 3689 1041 3758 repudient
1076 3696 1237 3758 atque
1266 3687 1586 3757 improbent,
1651 3685 1808 3740 facile
1855 3684 2153 3748 Manetem,

2259 3697 2439 3751 αὐτῶν
2460 3696 2796 3762 διδάσκαλοι,
2829 3695 2922 3764 ἀφ’
2958 3688 3018 3749 οῦ
3057 3695 3160 3765 τῆς
3193 3694 3399 3747 Παύλου
3434 3694 3520 3745 καὶ
3569 3690 3761 3742 Ἰωάννου

568 3794 622 3838 ct
659 3783 907 3847 Paulum,
946 3790 1000 3835 et
1028 3779 1289 3835 Joannem
1321 3787 1375 3833 et
1421 3776 1679 3847 quosdam
1710 3777 1844 3831 alios
1874 3776 2153 3839 detestari,

2262 3808 2471 3861 μετωνυ
2480 3791 2605 3858 μίας
2622 3788 2783 3857 ἔλαχε
2810 3788 2872 3841 τὸ
2896 3787 3260 3840 ἁποστατικδν
3287 3786 3441 3839 τοῦτο
3465 3782 3549 3837 xui
3568 3779 3763 3853 μισόχρι·

569 3879 977 3935 Coustantinum
1001 3887 1202 3939 autem,
1228 3889 1384 3944 quem
1414 3884 1467 3928 et
1522 3871 1814 3942 Sylvanum
1845 3881 2068 3937 vocant,
2100 3881 2158 3927 et

2258 3902 2380 3938 οτον
2414 3883 2696 3952 σύνταγμα
2733 3884 2892 3951 μέχρι
2921 3880 3015 3934 τοῦ
3043 3879 3166 3932 καθ’
3196 3880 3337 3950 ἡμᾶς
3358 3879 3564 3949 ἥκοντος
3588 3873 3758 3943 χρόνον.

570 3972 875 4027 Simeonem
923 3985 1017 4023 seu
1031 3968 1232 4031 Titum,
1249 3978 1302 4022 et
1316 3965 1601 4021 Genesium
1617 3964 2153 4029 sireTimothenm,et

2256 3978 2349 4029 ἐπὶ
2378 3976 2630 4029 τοσοῦτον
2664 3974 3041 4045 προήχθησαν.
3078 3969 3291 4024 Ἐκεῖνο
3330 3971 3384 4022 δὲ
3412 3968 3485 4021 δεῖ
3510 3963 3758 4033 γινώσκειν.

569 4065 858 4134 Joscphum
894 4076 986 4115 seu
1027 4058 1478 4130 Epaphroditum,
1509 4065 1563 4112 et
1599 4057 1876 4113 sordidum
1920 4057 2151 4114 Baancm

2256 4069 2332 4132 ὼς
2360 4070 2408 4123 οἱ
2436 4066 2528 4120 νῦν
2554 4068 2653 4137 τῆς
2692 4066 3045 4126 ἀποστάσεως
3102 4061 3307 4130 ταύτης
3364 4059 3556 4120 παῖδες,
3590 4049 3758 4106 ἐπειδὰν

571 4170 624 4211 et
678 4151 1251 4226 Serginm'l‘yebicmu
1282 4151 1426 4204 nullo
1469 4150 1629 4204 modo
1659 4148 1855 4205 adduci
1889 4164 2049 4219 posse
2096 4159 2155 4225 ut

2256 4159 2452 4223 αὐτούς
2475 4176 2557 4222 τις
2584 4158 2838 4226 ἁπαιτοίη
2871 4156 2996 4217 τοὺς
3021 4154 3287 4224 ἐξάρχους
3307 4152 3403 4221 τῆς
3431 4148 3649 4215 τοιαύτης
3663 4145 3759 4196 ἀτω-

572 4251 935 4310 dctesteutur;
974 4245 1102 4313 quin
1139 4245 1304 4297 etiam
1342 4244 1464 4299 illos
1498 4254 1557 4297 ut
1607 4242 1813 4297 Christi
1878 4243 2154 4312 apostolos

2255 4246 2565 4318 πέμπεσθαι
2598 4244 2899 4314 βδελυρίας,
2932 4243 3187 4296 Μάνεντα
3223 4244 3343 4311 μὲν,
3367 4244 3452 4295 καὶ
3476 4237 3669 4295 Παῦλον,
3692 4230 3759 4318 καὶ

570 4340 907 4399 existimare,
965 4347 1022 4389 et
1046 4346 1301 4402 tanquam
1330 4334 1431 4402 piae
1449 4334 1707 4388 doctrinae
1732 4335 2020 4403 magistros
2036 4350 2151 4385 am-

2268 4340 2543 4406 Ἰωάννην,
2592 4337 2688 4390 καί
2732 4352 2885 4394 τινας
2926 4334 3116 4396 ἄλλους
3162 4332 3451 4402 προθύμως
3500 4316 3758 4391 ἀναθεματί-

573 4430 732 4501 plecti
788 4439 949 4494 atque
1013 4427 1316 4493 suscipere.
1383 4422 1494 4478 Nec
1534 4425 1770 4478 universi
1826 4435 2005 4478 tamen
2059 4438 2153 4478 eos

2257 4431 2409 4495 ζουσι
2438 4447 2449 4461 ·
2483 4429 2888 4483 Κωνσταντῐνον
2916 4427 2972 4479 δὲ
3005 4426 3064 4480 ὃν
3118 4431 3210 4481 καὶ
3242 4424 3516 4478 Σιλουανδν
3567 4414 3755 4472 καλοῦσιν

573 4536 710 4589 quos
747 4517 1313 4581 commemoravimus,
1340 4516 1542 4585 pariter
1568 4512 2025 4587 complectuntur,
2055 4516 2149 4571 sed

2182 4502 2225 4557 D
2256 4522 2348 4572 xui
2378 4520 2641 4588 Συμεῶνα
2665 4519 2753 4570 τὸν
2790 4520 2967 4584 Τῖτον,
3001 4519 3090 4570 καὶ
3125 4518 3370 4570 Γενέσιον
3403 4512 3489 4565 τὸν
3532 4506 3756 4577 Τιμόθεον.

571 4612 750 4667 cuncti
778 4622 1027 4679 tanquam
1060 4607 1191 4663 deos
1218 4607 1696 4663 veneranturillos
1727 4622 1898 4677 usque
1922 4607 1991 4661 ad
2014 4609 2147 4662 Baa—

2252 4614 2345 4664 xui
2378 4611 2574 4679 'lwahcp
2603 4611 2692 4661 τὸν
2731 4610 3138 4679 Ἐπαφρόδιτον,
3172 4610 3266 4662 xui
3294 4608 3383 4659 τὸν
3422 4602 3639 4674 ῥυπαρὸν
3676 4596 3757 4647 Βι-

575 4718 695 4756 nem
725 4710 779 4755 et
825 4701 1095 4768 Sergium.
1125 4697 1251 4751 Post
1281 4706 1459 4751 autem
1495 4696 1547 4749 in
1574 4696 1710 4751 duas
1766 4707 1948 4767 partes
2014 4714 2148 4752 con-

2252 4703 2407 4773 άνην,
2441 4704 2533 4755 xui
2566 4703 2788 4772 Σέργιον
2833 4700 2923 4753 τὸν
2971 4701 3206 4771 Τυχικὺν
3246 4697 3488 4767 οὐδαμῶς
3542 4691 3756 4757 ἀναθεμα·

577 4794 769 4847 trurias
793 4790 978 4855 leiSl,
1013 4790 1103 4844 alii
1140 4788 1500 4849 Baancm,a|ii
1540 4788 1787 4857 Sergium
1815 4788 1870 4841 in
1901 4789 2145 4842 divorum

2249 4796 2397 4848 τίςαι
2431 4796 2840 4865 κατοδέχονται,
2868 4798 2981 4850 ἀλλ’
3010 4793 3099 4849 οἷα
3136 4797 3201 4866 δὴ
3232 4791 3461 4864 Χριστοῦ
3499 4784 3758 4841 ἀποστόλους

575 4898 857 4937 numerum
899 4881 1161 4948 referunt,
1198 4895 1304 4951 qua
1331 4880 1548 4949 quidem
1582 4878 1636 4931 in
1670 4879 2021 4933 contentione
2084 4895 2149 4932 co

2252 4888 2346 4938 xui
2392 4888 2486 4955 τῆς
2541 4886 3203 4954 εὐσεϐείαλδιδασκάλους
3252 4879 3570 4946 ἀσπάζονταί
3607 4890 3655 4925 τε
3695 4864 3758 4921 καὶ

574 4988 745 5041 usque
768 4972 1203 5042 progrediuntur,
1233 4979 1291 5023 ut
1319 4969 1387 5023 ad
1418 4985 1566 5022 arma
1602 4968 1881 5037 caedesque
1907 4971 2146 5024 veniant.

2251 4976 2623 5045 ἀποδέχονται.
2659 4976 2735 5029 Οὐ
2768 4977 2970 5040 πάντες
3029 4976 3108 5038 δὲ,
3152 4976 3275 5029 οὐδὲ
3330 4975 3451 5034 τοῦς
3504 4963 3758 5038 εἰρημένους

575 5064 683 5117 Sex
718 5071 894 5115 autem
932 5062 1203 5117 Ecclesias
1232 5071 1511 5116 recensent
1538 5076 1686 5122 suas,
1727 5076 1958 5129 quarunt
1985 5076 2147 5114 unam

2255 5066 2461 5130 πάντας
2491 5066 2691 5136 ὁμοίως
2725 5068 3101 5135 περιέπουσιν,
3150 5066 3286 5119 ἀλλά
3335 5065 3455 5125 τοὺς
3510 5060 3597 5129 μὲν
3641 5051 3757 5121 μέχρι

574 5150 941 5207 Macedoniam
961 5162 1177 5215 vocant,
1210 5151 1435 5204 alteram
1466 5151 1752 5215 Achaiam,
1784 5152 2001 5205 tertiam
2026 5151 2149 5205 Phi-

2253 5158 2461 5212 Βαάνου
2498 5158 2591 5209 καὶ
2624 5157 2853 5227 Σεργίου
2887 5157 3292 5226 καταγομένους
3347 5154 3403 5219 ἐξ
3442 5152 3544 5203 ἴσου
3570 5143 3757 5204 θειάζον-

575 5242 920 5313 lippensium,
946 5250 1196 5312 quartam
1225 5240 1660 5305 Laodicensium,
1694 5241 1937 5310 quintam
1972 5243 2150 5312 Ephe-

2255 5268 2360 5316 σιν,
2393 5248 2599 5302 ἐκεῖθεν
2628 5249 2684 5302 δὲ
2720 5250 2981 5319 ραγέντες
3011 5251 3091 5312 εἰς
3120 5245 3442 5307 ἀντιπάλους
3471 5240 3554 5293 δύο
3567 5231 3757 5319 μερίδιςρ

572 5335 798 5400 ciorum,
835 5332 1235 5389 Colossensium
1279 5342 1603 5387 extremam.
1649 5331 1845 5387 Verum
1884 5339 1998 5387 haec
2027 5344 2153 5388 sunt

2252 5345 2301 5395 oi
2336 5343 2432 5413 μὲν
2458 5342 2549 5394 τὸν
2588 5318 2827 5411 Βαάνην,
2852 5342 2902 5394 οἱ
2928 5342 2984 5393 δὲ
3010 5339 3317 5394 θεοποιοῦσι
3351 5340 3435 5390 τὸν
3475 5333 3663 5401 Σέργιον
3691 5318 3759 5413 ἐξιὶ

574 5428 789 5482 urbium
832 5427 1070 5493 nomina,
1113 5426 1180 5480 de
1213 5427 1411 5494 quibus
1439 5434 1549 5479 tum
1574 5434 1727 5480 vetus
1756 5426 2000 5492 historia,
2037 5436 2151 5481 tum

2253 5434 2505 5487 τοσοῦτον
2538 5435 2637 5504 τὴν
2666 5433 2785 5486 κατ’
2816 5433 3059 5503 ἀλλήλων
3089 5433 3203 5502 ἔριν
3242 5430 3336 5485 xui
3385 5427 3559 5480 στάσιν
3597 5408 3757 5504 κρατὺς

574 5516 778 5572 Paulus
806 5518 1075 5573 meminit.
1114 5517 1209 5572 Isti
1239 5531 1389 5581 vero,
1447 5516 1536 5584 qui
1587 5517 1720 5570 nihil
1772 5518 1889 5573 sine
1924 5518 2047 5573 dolo
2101 5528 2154 5572 et

2254 5544 2459 5590 νοντεςν
2516 5498 2603 5588 ὡς.
2631 5526 2723 5577 καὶ
2778 5498 2947 5596 μέχρι
2969 5498 3180 5593 σφαγῆς
3216 5522 3396 5581 αὐτοῖς
3436 5510 3689 5596 προχωρεῖγ
3715 5498 3757 5551 τὸ

573 5620 783 5677 quaestu
814 5621 1081 5664 conantur
1113 5622 1296 5678 agere,
1322 5622 1389 5662 ne
1414 5607 1503 5661 illa
1551 5610 1792 5677 quidem,
1818 5623 1938 5678 qua:
1980 5610 2152 5664 oculis

2256 5616 2580 5686 φιλόνεικον.
2619 5617 2718 5679 Ἓξ
2747 5594 2802 5668 δὲ
2827 5594 3008 5668 αὐτῶν
3048 5610 3459 5684 ἀνομολογοῦσιν
3505 5594 3754 5686 ἐκκληπίῆεῖ.

573 5711 1228 5768 eoargnuntur,verentur
1255 5698 1546 5755 alIirmarc.
1570 5701 1938 5755 Macedoniam
1972 5704 2153 5771 appel-

2257 5704 2332 5760 ὧν
2363 5708 2463 5776 τὴν
2516 5707 2614 5777 μὲν
2660 5707 2999 5760 Μακεδονίαν
3042 5705 3318 5768 καλοῦσιν,
3383 5698 3580 5769 ’Λχαῖαν
3621 5682 3756 5748 Sirio"

578 5791 950 5846 lanttlolouia:
972 5792 1312 5871 oppidulum,
1360 5794 1447 5849 cui
1506 5808 1700 5848 nomen
1732 5801 1811 5847 est
1873 5794 2145 5865 Cimossa,

2259 5798 2534 5869 δευτέραν,
2564 5798 2656 5851 xui
2686 5799 2877 5868 τρίτην
2904 5798 3002 5867 τὴν
3048 5798 3436 5864 Φιλιππησῐων,
3479 5789 3553 5853 ἐφ’
3589 5778 3652 5843 οἷς
3685 5773 3754 5835 τὴν
