4052 6292
400 391 537 453 1193

1318 391 1701 452 PANOPLIA
1739 385 2194 449 DOGMATICA.
2237 409 2303 417 ’-
2346 383 2491 442 ἸῚΤ.
2538 383 2746 443 XXIV.

3512 384 3649 450 1194

391 497 723 554 Λαοδικέων.
761 499 853 552 καὶ
878 499 1136 568 πέμπτην
1171 503 1266 567 τὴν
1295 500 1402 552 τῶν
1445 501 1732 568 Ἐφεσίων,
1787 499 1976 551 τελευ-

2101 513 2130 545 ii
2191 510 2297 561 quo
2357 494 2676 549 defectionis
2732 493 3032 548 (lecti-inani
3092 495 3356 565 Sylvanus
3411 500 3648 552 tradidit.

390 595 549 642 ταίαν
582 589 636 641 δέ
661 589 759 659 τὴν
789 589 895 642 τῶν
925 590 1296 642 Κολοσσαέων.
1326 589 1485 644 Ἀλλὰ
1516 592 1585 644 τὰ
1605 593 1704 661 μέν
1737 591 1978 660 ὀνόματά

389 687 505 735 ἐστι
563 683 792 747 πόλεων,
856 676 931 735 ὧν
984 684 1076 736 καὶ
1124 684 1396 753 ἠπαλαιὰ
1449 687 1548 752 τὴν
1598 686 1800 754 γνῶσιν
1833 682 1977 756 εἶχεν

393 776 626 844 ἱστορία,
664 778 756 828 καὶ
783 777 810 828 ὁ
841 776 981 839 Θεῖος
1008 776 1380 846 ἐμνημόνευσε
1415 778 1622 840 Παῦλος
1651 794 1664 807 '
1689 779 1738 830 οἱ
1773 780 1830 831 δὲ
1873 797 1977 848 μη·

393 867 479 917 δέν
501 867 685 920 ἄδολον
737 867 856 937 μηδ’
904 869 1281 936 άκαπή).ευτον
1333 868 1763 937 φιλονεικοῦντες
1810 888 1979 926 κατα-

391 961 588 1021 λιπεῖν,
627 959 750 1028 μηδ’
777 960 876 1012 ὅσα
928 960 1049 1028 ὄψει
1099 960 1456 1030 διελέγχεται,
1489 961 1624 1030 μηδέ
1656 961 1827 1015 ταῦτα
1859 962 1980 1015 δυσ-

393 1048 702 1116 ωπούμενοι
766 1048 1100 1102 Μακεδονίαν
1163 1051 1262 1120 μὲν
1325 1051 1647 1120 ὀνομάζουσι
1710 1052 1981 1123 πολίχνιόν

395 1159 450 1193 τι
479 1139 781 1203 Κολωνείας
828 1141 1159 1210 καλούμενον
1208 1142 1468 1208 Κίϐοσαν,
1497 1145 1553 1195 ἐν
1693 1146 1982 1198 Κωνστανο

397 1237 536 1293 τίνος
572 1235 599 1284 ὀ
629 1231 913 1294 Σιλουανὸς
939 1233 1038 1299 τὴν
1067 1233 1403 1286 ἀποστασίαν
1441 1234 1666 1300 ἐδίδαξε.
1721 1235 1895 1305 Κώμη
1925 1238 1982 1290 δὲ

398 1325 733 1392 Σαμοσάτων
765 1325 912 1376 ἐστὶν
949 1327 981 1394 ἠ
1018 1326 1286 1390 Μάναλις,
1310 1327 1432 1395 ἣτις
1472 1328 1573 1396 τῆς
1604 1328 1856 1381 Γενεσίου
1887 1330 1980 1382 τοῦ

399 1413 790 1484 καιτιμοθέου
813 1415 1158 1479 διδασκαλίας
1190 1418 1559 1486 ἐχρημάτισεν
1595 1420 1980 1490 ἐργαστήριον.

403 1509 590 1577 Ταύτῃ
616 1507 672 1559 δὲ
701 1509 800 1578 τὴν
825 1508 1052 1576 Ἀχαΐαν
1083 1509 1530 1576 ἐπιφημίζουσιν.
1575 1510 1728 1564 Ὅσοι
1759 1513 1813 1565 δέ
1873 1513 1983 1566 Ἰω-

402 1601 508 1670 σὴφ
536 1601 628 1652 τοῦ
674 1600 1067 1671 Ἐπαιρροδίτου
1088 1642 1102 1664 ,
1133 1604 1225 1654 καὶ
1257 1603 1527 1672 Ζαχαρίου
1566 1603 1658 1656 τοῦ
1715 1605 1983 1673 μισθωτοῦ

401 1691 522 1741 κατ’
586 1689 781 1750 αὐτοὺς
839 1689 1094 1759 ποιμένος
1152 1691 1388 1760 μαθηταὶ
1429 1693 1829 1762 ἐχρημάτισαν,
1865 1696 1988 1748 τού-

398 1795 512 1839 τοις
569 1779 668 1846 τὴν
717 1779 826 1829 τῶν
871 1778 1254 1848 Φιλιππησίων
1305 1779 1689 1849 ἐπιγράφουσι.
1744 1784 1866 1845 Τοῖς
1928 1785 1985 1836 δέ

2080 584 2252 652 Pagiis
2273 596 2356 640 est
2378 585 2837 639 Samosatensiuin
2861 586 3109 648 Manalis,
3136 589 3222 639 ubi
3251 588 3540 654 Genesins,
3560 565 3687 658 qui,

2079 688 2134 730 et
2169 676 2506 743 Timotheus,
2552 678 2778 732 docendi
2804 677 2986 730 ludum
3021 679 3255 742 aperuit.
3287 677 3486 748 Pagnm
3511 680 3656 732 hunc

2080 769 2166 823 isti
2196 771 2458 823 Achaiam
2483 779 2701 824 vocant.
2742 770 2842 836 Qui
2895 785 3027 824 vero
3078 770 3318 839 Joscplii,
3366 789 3461 826 seu
3518 771 3658 842 Epa-

2081 861 2340 928 pliroditi,
2377 870 2430 913 et
2462 861 2738 914 Zachariae
2775 863 3095 915 mercenarii
3133 865 3272 930 apud
3300 862 3446 930 ipsos
3475 871 3658 928 pasto-

2081 951 2158 1004 ris
2194 951 2440 1020 discipuli
2487 951 2728 1015 fuerunt,
2779 953 2830 1005 lii
2875 953 2975 1006 sibi
3006 953 3432 1020 Philippensium
3471 953 3656 1005 Eccle-

2083 1040 2214 1092 siain
2243 1054 2517 1110 arrogant.
2549 1043 2612 1094 At
2645 1043 2719 1097 illi
2748 1044 2843 1112 qui
2876 1043 2928 1096 in
2983 1044 3146 1112 ΑΓεοὶ
3185 1043 3442 1109 cppidulo
3495 1045 3657 1096 habi-

2084 1141 2217 1196 tant,
2237 1131 2654 1188 Laodicensium
2691 1135 2989 1189 Ecclesium
3053 1135 3154 1188 sibi
3220 1137 3518 1190 vindicant.
3553 1137 3656 1202 Qui

2084 1235 2264 1279 autem
2328 1227 2380 1280 in
2433 1227 2782 1295 MopsueStia,
2848 1228 2900 1280 in
2951 1227 3309 1294 Ephesiorum
3363 1227 3657 1281 Ecclesiaui

2085 1316 2423 1384 rediguntur.
2461 1321 2690 1371 letarum
2732 1319 2894 1371 triuin
2959 1318 3323 1373 Ecclesiaruin
3368 1335 3661 1389 congregat-

2085 1405 2284 1460 tionem
2329 1409 2958 1491 doctrinamqueﬁergio
2993 1411 3122 1463 item
3148 1426 3243 1464 seu
3270 1412 3506 1481 'l‘ycliico
3559 1412 3659 1464 tri-

2086 1496 2276 1552 buunt.
2336 1501 2513 1569 Atque
2547 1502 2635 1555 isti
2669 1502 2884 1571 quidem
2915 1517 3102 1557 eorum
3141 1503 3385 1572 magistri
3447 1512 3500 1556 ct
3555 1503 3662 1555 Ec-

2087 1589 2266 1645 clesize
2297 1591 2552 1645 dicuntur
2583 1607 2727 1656 esse,
2760 1592 3036 1662 multiplex
3066 1603 3246 1645 autem
3274 1592 3512 1661 ipsorum
3548 1593 3662 1644 liue-

2087 1683 2226 1736 resis
2258 1699 2362 1738 non
2390 1699 2455 1736 ex
2493 1699 2602 1737 uno
2659 1699 2867 1749 errore,
2897 1686 2989 1737 sed
3044 1700 3109 1737 ex
3167 1685 3350 1736 multis
3390 1685 3664 1750 variisque

2088 1785 2319 1829 conStat.
2349 1774 2483 1828 Nam
2507 1777 2614 1830 duo
2633 1775 2873 1830 fatentur
2897 1775 3181 1844 principia,
3207 1775 3660 1843 quemadmodum

399 1871 458 1922 ἐν
488 1869 685 1938 Ἀργαῒ
711 1871 776 1940 τῇ
811 1870 1049 1940 πολύχνῃ
1077 1871 1174 1941 τὴν
1202 1872 1505 1926 Λαοδικέων
1534 1874 1981 1946 ἐπικηρύττουσι,

2095 1878 2144 1922 et
2167 1867 2677 1937 Manicliaei.Atque
2733 1867 2966 1922 alterum
3032 1866 3251 1937 quidem
3300 1866 3495 1935 dicunt
3541 1881 3665 1920 esse

399 1962 490 2014 καὶ
518 1964 644 2024 τοὺς
674 1963 728 2014 ἐν
757 1961 1098 2032 Μοψουεστία
1129 1965 1207 2024 είς
1233 1963 1330 2032 τὴν
1362 1963 1625 2033 Ἐφεσίων
1653 1967 1968 2034 μεταπλάτ-

399 2069 606 2117 τουσιν,
637 2057 825 2125 ὥσπερ
855 2057 947 2108 καὶ
973 2057 1100 2117 τοὺς
1127 2057 1455 2126 λεγομένους
1483 2059 1868 2130 Κυνοχωρίτας
1894 2061 1973 2123 εἰς

401 2145 498 2214 τὴν
538 2147 649 2200 τῶν
695 2148 1054 2200 Κολοσσαὲων
1097 2149 1455 2218 ἀναφέρουσι.
1501 2150 1722 2203 Τούτων
1763 2152 1818 2202 δέ
1866 2151 1976 2204 τῶν

403 2237 570 2308 τριῶν
601 2238 910 2309 ἐκκλησιῶν
940 2241 1033 2292 καὶ
1061 2241 1121 2293 τὸ
1153 2241 1433 2310 σύστημα,
1467 2244 1561 2295 καὶ
1589 2243 1685 2312 τὴν
1715 2243 1973 2295 διδασκα-

405 2329 524 2382 λίαν
565 2331 775 2402 Σεργίῳ
819 2332 898 2403 τῷ
939 2332 1036 2385 καὶ
1076 2331 1300 2404 Τυχικῷ
1345 2333 1715 2389 ἀνατιθέασιν.
1759 2335 1898 2387 Ἀλλ’
1929 2337 1978 2388 οῑ

409 2424 508 2492 μέν
545 2424 879 2490 διδάσκαλοι,
918 2425 1015 2478 καὶ
1051 2427 1106 2478 αἱ
1140 2426 1433 2494 λεγόμεναι
1468 2426 1650 2479 αὐτῶν
1687 2427 1978 2496 ἐκκλησίαι

406 2517 464 2565 ἐν
500 2514 710 2578 τούτοις
737 2532 751 2546 ·
794 2511 892 2568 οὑκ
935 2519 996 2568 ἐκ
1041 2517 1171 2586 μιᾶς
1219 2516 1277 2568 δέ
1317 2534 1461 2580 τινος
1504 2517 1734 2586 πλάνης,
1774 2517 1886 2570 ἀλλ’
1917 2521 1980 2570 ἐκ

409 2609 622 2660 πολλῶν
648 2609 740 2663 καὶ
770 2611 1032 2661 ποικίλων
1062 2610 1120 2661 τὸ
1152 2609 1492 2662 πολύπλοκον
1521 2610 1680 2663 τοῦτο
1710 2609 1806 2678 τῆς
1834 2611 1984 2680 αἱρέ-

411 2716 549 2762 σεως
588 2703 884 2771 συνέστηκε
922 2702 1197 2770 φρόνημα.
1229 2704 1332 2753 Δύο
1369 2702 1468 2771 μὲν
1498 2703 1607 2774 γάρ
1641 2688 1816 2772 ἀρχὰς
1849 2707 1980 2772 ὁμο-

409 2791 691 2858 λογοῦσιν,
717 2794 789 2856 ὡς
820 2794 868 2844 οἱ
899 2795 1193 2863 Μανιχαῖοι
1213 2809 1226 2823 °
1261 2794 1393 2860 φασὶ
1418 2796 1474 2846 δὲ
1501 2795 1689 2862 ἕτερον
1720 2797 1818 2864 μὲν
1845 2791 1985 2848 εἶναι

411 2884 544 2936 Θεὸν
579 2886 668 2937 τὸν
706 2885 1031 2952 ἐπουράνιον
1065 2886 1315 2954 Πατέρα,
1349 2886 1409 2939 ὃν
1443 2887 1534 2940 καὶ
1568 2888 1668 2956 τῆς
1702 2887 1855 2941 τοῦδε
1890 2889 1983 2941 τοῦ

415 2979 616 3040 παντὸς
646 2980 896 3044 ἐξουσίας
930 2979 1350 3050 ὑπερορίζουσι,
1383 2979 1476 3030 τοῦ
1513 2979 1797 3049 μέλλοντος
1827 2981 1987 3052 μόνον

417 3072 478 3120 τὸ
521 3069 722 3137 κράτος
768 3068 916 3139 αύτῷ
959 3069 1398 3138 ἐγχειρίζοντες’
1446 3068 1634 3142 ἕτερον
1671 3070 1726 3123 δέ
1767 3075 1858 3123 τὸν
1895 3074 1990 3141 δη-

418 3162 678 3230 μιουργὸν
707 3161 801 3213 τοῦ
838 3162 1045 3230 κόσμου
1065 3202 1079 3225 ,
1110 3156 1151 3229 ᾧ
1185 3163 1278 3214 καὶ
1306 3162 1365 3214 τὸ
1399 3162 1568 3232 κῦρος
1596 3162 1691 3215 τοῦ
1725 3165 1990 3234 παρόντος

417 3254 610 3315 αἰῶνος
641 3254 973 3325 χαρίζονται.
1004 3255 1114 3306 Καὶ
1140 3257 1266 3316 τοὺς
1299 3256 1398 3323 μὲν
1423 3255 1638 3323 ἀληθῶς
1666 3256 1824 3319 ὄντας
1856 3258 1991 3328 Χρι-

421 3345 668 3406 στιανοὺς
707 3343 1012 3413 Ῥωμαίους
1058 3345 1105 3396 οἱ
1150 3344 1552 3415 τρισαλιτήριοι
1601 3345 1991 3413 ὀνομάζουσιν,

417 3435 630 3496 ἑαυτοῖς
660 3435 715 3486 δέ
743 3438 841 3504 τὴν
875 3436 1089 3502 κλησιν,
1121 3435 1185 3505 ἧς
1218 3437 1488 3506 ἀλλότριοι
1521 3439 1800 3500 παντελῶς
1833 3439 1993 3491 καθε-

421 3533 687 3597 στήκασι,
721 3530 826 3582 τῶν
861 3529 1206 3599 Χριστιανῶν
1243 3531 1628 3600 περιάπτουσι.
1667 3531 1900 3599 Λέγουσι
1935 3533 1993 3584 δὲ

419 3621 659 3689 Πατέρα,
704 3621 799 3673 καὶ
844 3620 991 3686 Υἱὸν,
1036 3622 1130 3674 καὶ
1179 3622 1334 3691 ἅγιον
1381 3622 1626 3691 Πνεῦμα,
1673 3621 1846 3687 λέξεις
1894 3624 1994 3692 μέν

420 3711 663 3772 εὐσεϐεῖς
684 3751 699 3774 ,
731 3712 1096 3765 ὑποϐάλλουσι
1131 3713 1186 3766 δέ
1219 3718 1442 3776 ταύταις
1471 3714 1567 3786 τὴν
1599 3716 1835 3787 ἐσχάτην
1865 3716 1992 3769 ἀσέ-

419 3801 597 3856 ϐειαν.
631 3803 702 3854 Ού
735 3805 844 3872 γάρ
874 3805 947 3866 ὡς
979 3805 1011 3874 ἡ
1041 3804 1138 3855 τοῦ
1173 3805 1309 3857 Θεοῦ
1343 3806 1603 3874 noema,
1636 3809 1732 3859 καὶ
1760 3810 1998 3860 ἀποστο-

422 3894 547 3963 λικὴ
574 3894 892 3964 Ἐκκλησία,
919 3894 1062 3948 οὕτω
1091 3897 1185 3948 καὶ
1207 3888 1353 3949 οὗτοι
1378 3897 1704 3966 φρονοῦντες
1725 3899 1996 3966 λέγουσιν,

423 3984 560 4038 ἀλλὰ
591 3987 690 4048 τὰς
722 3987 900 4052 λέξεις
933 3989 1144 4040 ἐκεῖθεν
1176 3987 1672 4057 ἀποσπαράξαντες
1693 4030 1706 4054 ,
1739 3991 1998 4043 δυσσεϐε-

427 4077 650 4141 στάταις
697 4081 930 4144 ἐννοίαις
976 4078 1182 4142 ταύτας
1234 4081 1668 4151 ἐπιφημίζουσι,
1719 4085 1815 4136 καί
1863 4101 1996 4153 φασι

427 4169 744 4240 προθύμως,
779 4172 853 4235 ὡς
885 4172 1137 4242 ἀνάθεμα
1168 4173 1360 4242 εἴησαν
1389 4174 1503 4227 ὅσοι
1540 4173 1616 4245 μὴ
1648 4176 1999 4230 πιστεύουσιν

427 4263 509 4325 είς
539 4264 780 4334 Πατέρα,
812 4267 906 4319 καὶ
935 4266 1084 4329 Υίὺν,
1115 4267 1207 4321 καὶ
1238 4268 1391 4334 ἅγιον
1422 4268 1668 4338 Πνεῦμα,
1697 4271 1914 4340 Πατέρα
1940 4273 1999 4325 ού

427 4355 523 4408 τὸν
565 4360 1000 4428 παντοκράτορα,
1049 4360 1140 4411 καὶ
1187 4361 1416 4430 ποιητὴν
1462 4361 1686 4430 ούρανοῦ
1737 4363 1831 4415 καὶ¹
1878 4365 2000 4433 γῆς,

429 4450 641 4518 ὁρατῶν
686 4468 746 4502 τε
801 4453 1019 4504 πάντων
1070 4452 1165 4504 καὶ
1218 4453 1464 4522 ἀοράτων
1514 4456 2001 4524 ἁνακηρύττοντες,

2079 1958 2274 2023 Deum,
2300 1959 2572 2013 caelestem
2609 1959 2844 2024 Patrem,
2878 1975 3038 2028 quem
3065 1967 3118 2012 et
3146 1959 3305 2028 hujus
3335 1975 3513 2014 rerum
3548 1962 3665 2013 uni-

2075 2050 2345 2105 versitatis
2377 2061 2644 2119 potestate
2694 2052 3124 2122 praestantiorem
3189 2067 3476 2120 asserunt;
3509 2055 3663 2108 alteri

2076 2144 2264 2198 mundi
2300 2145 2543 2198 tribuunt
2573 2145 2876 2214 opiﬁcium.
2905 2146 2982 2199 illi
3018 2158 3224 2201 tantum
3253 2147 3423 2201 futuri
3492 2147 3665 2215 inipco

2079 2233 2225 2286 rium
2245 2235 2546 2298 ascribunt,
2573 2235 2699 2288 huic
2762 2237 2945 2290 mundi
3001 2237 3181 2307 opiiici
3234 2239 3516 2306 praesentis
3557 2254 3663 2290 διυ-

2083 2327 2192 2380 culi
2237 2336 2562 2396 potestatem
2597 2329 2922 2383 concedunt.
2957 2329 3020 2382 Et
3062 2344 3156 2383 eos
3185 2331 3277 2398 qui
3337 2346 3463 2384 vere
3501 2332 3664 2384 Chri-

2080 2421 2243 2474 stiani
2275 2431 2422 2483 sunt,
2447 2417 2719 2475 Romanos
2749 2421 3040 2489 appellant,
3066 2421 3318 2476 homines
3347 2422 3517 2490 impii,
3557 2423 3662 2477 sibi

2081 2522 2261 2566 autem
2287 2511 2722 2568 Christianorum
2761 2525 3017 2583 arrogant
3059 2530 3278 2578 nomen,
3319 2530 3440 2568 cum
3497 2517 3564 2570 ab
3597 2532 3666 2570 eo

2085 2603 2286 2657 distent
2348 2619 2508 2669 quam
2553 2604 2887 2673 longissime.
2946 2605 3140 2658 Dicunt
3182 2604 3257 2658 illi
3295 2605 3514 2672 quidem
3559 2607 3676 2660 Pa!

2088 2704 2246 2760 trem,
2279 2706 2333 2749 et
2361 2695 2579 2756 Filium,
2615 2708 2666 2748 et
2696 2696 2954 2762 Spiritum
2983 2708 3260 2759 sanctum,
3288 2714 3406 2767 qua:
3434 2701 3652 2768 quidem

2087 2803 2245 2842 voces
2275 2797 2402 2842 sunt
2429 2788 2552 2858 pias,
2589 2788 2682 2842 sed
2720 2788 2826 2842 illis
2856 2798 3156 2842 extremam
3209 2790 3420 2844 addunt
3468 2792 3668 2859 impie-

2089 2892 2276 2937 tatem.
2302 2880 2419 2935 Non
2445 2880 2588 2934 enim
2632 2881 2825 2935 eodem
2877 2895 3067 2947 sensu,
3106 2897 3212 2950 quo
3264 2884 3538 2939 catholica
3610 2898 3669 2940 et

2090 2975 2384 3044 apostolica
2417 2975 2682 3041 Ecclesia,
2721 2991 2812 3030 eas
2847 2976 3220 3042 pronuntiant,
3253 2979 3344 3030 sed
3378 2978 3666 3034 admodum

2092 3068 2304 3120 diverso
2327 3082 2389 3120 ac
2412 3067 2752 3121 delestando.
2797 3066 2930 3120 Cum
2985 3073 3130 3121 enim
3197 3072 3488 3124 anathema
3547 3090 3672 3129 esse

2095 3161 2298 3224 dicant,
2327 3161 2636 3230 quicunque
2671 3178 2774 3214 non
2809 3161 2984 3215 credit
3039 3166 3089 3216 in
3126 3163 3339 3219 Patrem
3369 3176 3422 3219 et
3475 3165 3668 3222 Filium

2095 3265 2148 3309 et
2181 3253 2440 3324 Spiritum
2463 3265 2732 3317 sanctum,
2773 3254 2985 3309 Patrem
3019 3273 3123 3310 non
3152 3261 3502 3325 pronuntiant
3550 3277 3671 3314 oni-

2101 3347 2456 3416 nipotent'em,
2495 3346 2754 3401 factorem
2815 3348 2937 3401 coili
2976 3357 3030 3401 et
3083 3358 3259 3412 terrm,
3301 3351 3588 3404 visibilium
3617 3360 3672 3407 ct

2101 3439 2473 3506 invisibilium,
2502 3439 2594 3493 sed
2617 3455 2735 3492 cum
2768 3438 3254 3508 Patremdixerint,
3285 3444 3466 3497 statim
3499 3446 3672 3514 subji-

2098 3533 2267 3598 ciunt,
2298 3531 2596 3594 cwleslem,
2630 3533 2716 3586 cui
2754 3533 2896 3586 nullo
2920 3537 3075 3586 modo
3099 3536 3222 3588 οωΙὶ
3255 3546 3307 3590 et
3333 3552 3516 3589 eorum
3553 3553 3672 3605 qna-

2102 3625 2221 3678 coeli
2257 3625 2460 3677 ambitu
2516 3626 2884 3691 continentur,
2931 3627 3267 3682 dominatum
3327 3629 3571 3684 tribuunt
3619 3641 3675 3685 et

2103 3723 2443 3783 potestatem.
2484 3717 2713 3784 Quidam
2779 3727 2958 3772 tamen
2987 3721 3106 3773 caeli
3163 3721 3330 3773 etiam
3379 3721 3670 3790 imperium

2101 3809 2372 3871 tribuunt,
2408 3825 2594 3862 eorum
2622 3825 2748 3863 vero
2772 3826 2892 3878 qua:
2956 3811 3094 3864 malo
3133 3812 3673 3878 comprehenduntur

2089 3893 2207 3954 'non
2241 3903 2386 3954 item.
2432 3901 2508 3955 Ac
2571 3905 2804 3970 primum
2848 3905 3067 3970 quidem
3123 3913 3204 3956 est
3233 3904 3334 3957 hoc
3373 3904 3673 3974 impietatis

2104 3989 2349 4059 ipsorum
2378 4002 2560 4058 caput.
2594 3991 2650 4044 lii
2699 3991 3104 4046 sanctissimam
3150 4002 3332 4045 autem
3385 3993 3671 4047 Dominam
3747 3981 3756 3990 ’

2105 4092 2343 4135 nostram
2365 4083 2454 4135 Dei
2485 4080 2812 4137 Genitricem
2839 4098 2899 4136 ea
2937 4084 3222 4136 maledicta
3253 4084 3555 4152 conjiciunt
3576 4089 3674 4138 ho-

2107 4173 2280 4227 mines
2311 4173 2797 4242 uel‘arii.qu:eiiec
2855 4175 3118 4240 scribere,
3199 4191 3297 4231 nec
3345 4177 3531 4230 audire
3591 4175 3677 4232 fas

2106 4272 2208 4317 est.
2237 4263 2545 4329 Credimus,
2582 4266 2854 4335 inquiunt,
2886 4269 2936 4320 in
2971 4278 3219 4323 Sanctam
3287 4270 3381 4323 Dei
3434 4268 3674 4324 Gcnitri—

2107 4372 2249 4420 cem,
2279 4359 2329 4410 iii
2360 4373 2521 4427 quam
2549 4360 2832 4428 ingressus
2884 4373 2989 4425 est,
3034 4369 3088 4414 et
3130 4377 3195 4413 ex
3251 4377 3358 4430 qua
3417 4362 3678 4417 Dominus

2108 4463 2359 4517 egressus
2406 4461 2510 4514 est,
2563 4464 2615 4505 et
2679 4451 2758 4504 liis
2801 4454 2983 4512 verbis
3021 4452 3319 4514 .cmlestem
3372 4453 3680 4524 intelligunt

429 4541 568 4593 ἀλλὰ
597 4543 813 4610 Πατέρα
842 4543 1072 4612 φάμενοι
1102 4544 1190 4595 τὸν
1218 4546 1539 4614 ἐπουράνιον
1564 4545 1724 4606 εὐθὺς
1753 4549 1990 4602 ἐπισυνά-

2111 4535 2434 4600 Jerusalem,
2469 4539 2521 4592 in
2547 4555 3028 4609 quamprmcnrsor
3073 4557 3171 4611 pro
3230 4545 3384 4597 nobis
3427 4545 3679 4599 Christus

431 4652 680 4700 πτουσιν,
785 4637 880 4688 καὶ
913 4635 1010 4706 τὴν
1042 4637 1361 4707 κυριότητα,
1390 4639 1480 4690 καὶ
1512 4637 1609 4708 τὴν
1639 4640 1886 4704 ἐξουσίαν
1912 4642 2007 4694 τοῦ

432 4726 664 4795 ούρανοῦ
700 4743 758 4778 τε
796 4729 888 4779 καὶ
924 4728 1028 4779 τῶν
1062 4728 1120 4779 ἐν
1157 4725 1304 4795 αὐτῷ
1343 4728 1554 4798 οὐδαμῆ
1597 4729 1846 4799 οὐδαμῶς
1887 4733 2008 4784 ἐπι-

431 4821 718 4889 τρέπουσι.
753 4820 907 4882 Τινὲς
941 4820 996 4871 δὲ
1033 4819 1126 4870 τοῦ
1167 4819 1264 4886 μὲν
1298 4819 1526 4888 ούρανοῦ
1561 4820 1657 4888 τὴν
1693 4821 2011 4873 ἐπιστασίαν

439 4910 588 4978 αὐτῷ
619 4910 1012 4978 ἐγχειρίζουσι,
1044 4909 1152 4961 τῶν
1181 4909 1237 4960 δέ
1269 4909 1749 4978 ἐμπεριεχομένων
1779 4911 1878 4962 οὐκ
1907 4910 2008 4966 ἐτι.

442 5003 552 5054 Καὶ
581 5003 641 5053 τὺ
675 5003 770 5068 μὲν
804 5002 1019 5071 πρῶτον
1049 4999 1230 5052 αὐτῶν
1261 5000 1356 5068 τῆς
1389 5000 1706 5064 δυσσεόείας
1735 5003 1972 5056 τοιοῦτον
1995 5019 2008 5032 ’

438 5093 890 5163 βλασφημοῦντες
935 5092 990 5144 δὲ
1029 5091 1126 5160 τὴν
1167 5091 1473 5159 ὑπεραγίαν
1512 5091 1813 5144 Δέσποιναν
1852 5094 2011 5162 ἡμῶν

436 5185 722 5249 Θεοτόκον,
757 5183 792 5237 ἃ.
830 5185 966 5254 μήτε
1001 5177 1190 5253 γραφῇ
1231 5183 1370 5252 μήτε
1407 5184 1543 5252 ἀκοῇ
1582 5182 1801 5251 θεμιτὸν
1837 5200 2011 5250 παρα-

435 5279 640 5342 δοῦναι,
676 5278 736 5330 οῦ
775 5277 1107 5346 πεφρίκασιν
1141 5277 1189 5328 οί
1223 5275 1626 5344 τρισαλιτήριοι
1662 5275 1838 5342 λέγειν
1861 5289 1874 5304 °
1914 5278 2014 5328 Πι-

441 5375 706 5441 στεύομεν
733 5377 812 5435 είς
840 5371 936 5442 τὴν
965 5371 1238 5440 παναγίαν
1264 5370 1547 5433 Θεοτόκον,
1574 5371 1650 5431 είς
1678 5369 1744 5440 ἢν
1771 5370 2005 5440 είσῆλθε,

440 5468 536 5519 καὶ
572 5465 793 5534 ἐξῆλθεν
822 5465 850 5515 ὁ
885 5464 1109 5534 Κύριος.
1144 5463 1254 5514 Καὶ
1283 5463 1394 5524 τοῖς
1429 5462 1635 5530 ῥήμασι
1668 5461 1876 5522 τούτοις
1905 5460 2007 5529 τὴν

440 5557 555 5611 ἄνω
586 5557 977 5610 ὑποϐάλλονται
1007 5551 1384 5624 Ἰερουσαλὴμ,
1417 5551 1510 5604 καί
1542 5567 1705 5619 φασιν
1736 5551 1814 5612 εἰς
1842 5550 2010 5620 αὐτὴν

440 5649 750 5720 πρόδρομον
777 5648 917 5716 ὑπὲρ
943 5647 1100 5716 ἡμῶν
1128 5643 1389 5699 εἰσελθεῖν
1415 5643 1504 5698 τὸν
1533 5640 1785 5712 Χριστὸν,
1813 5641 1887 5704 ὡς
1917 5641 2011 5694 καὶ

532 5823 752 5882 ¹ΜιιιῑΙι.
785 5841 934 5888 xxvi,
960 5825 1050 5888 26,
1074 5824 1162 5878 ‘27.

731 5928 1000 5990 ΓΑτιιοι..
1037 5925 1155 5984 Gtt.
1195 5921 1431 5984 CXXX.

2111 4629 2427 4690 introiverii,
2446 4631 2898 4699 quemadmodum
2915 4633 3076 4686 etiam
3101 4632 3348 4706 dirusait
3364 4633 3678 4701 Apostolus.

2109 4722 2414 4791 Aliquando
2439 4726 2613 4778 coacti
2643 4727 2886 4779 conliteri
2913 4740 2974 4778 ex
3013 4723 3231 4792 Viigitte
3252 4725 3524 4778 Christum
3552 4741 3682 4796 pro-

2111 4816 2297 4880 diisse,
2331 4831 2526 4884 corpus
2559 4831 2588 4869 e
2617 4817 2754 4870 ccelo
2785 4817 3090 4883 suscepisse
3114 4816 3326 4877 dicunt,
3350 4832 3446 4885 per
3477 4819 3680 4888 ipsam-

2110 4922 2216 4975 que
2251 4918 2502 4978 tanquam
2543 4923 2637 4976 per
2668 4909 2912 4961 canalem
2946 4907 3250 4961 transiisse.
3285 4905 3350 4960 Et
3408 4908 3678 4964 immacu-

2115 5002 2273 5052 latani
2306 5013 2360 5053 et
2383 5001 2740 5053 castissimain
2772 4995 3048 5066 Virginem
3107 4999 3243 5053 alios
3277 5001 3438 5056 etiam
3472 5017 3536 5057 ex
3595 5002 3688 5057 Jo-

2113 5093 2241 5160 St‘pll
2271 5093 2468 5146 liberos
2493 5102 2613 5160 post
2649 5101 2860 5158 partum
2905 5091 3050 5144 illuni
3079 5093 3368 5148 salutarem
3411 5095 3685 5163 pcperisw

2115 5185 2465 5236 contendunt.
2513 5184 2775 5236 Similiter
2828 5195 2883 5236 et
2951 5186 3384 5239 communionem
3459 5183 3684 5252 pretiosi

2114 5273 2432 5340 corporiset
2463 5273 2742 5341 sanguinis
2784 5273 2984 5329 Christi
3026 5274 3116 5328 Dei
3151 5275 3319 5327 nostri
3368 5275 3685 5328 innumera»

2117 5363 2316 5417 bilibus
2345 5363 2696 5416 contumeliis
2725 5363 3022 5436 allicientes
3055 5379 3111 5416 se
3136 5364 3324 5416 dicunt
3377 5363 3680 5429 suscipere,

2116 5471 2236 5509 cuni
2253 5469 2450 5524 corpus
2465 5464 2517 5508 et
2534 5456 2845 5524 sanguinein
2864 5456 3044 5508 dicant
3061 5469 3178 5507 esse
3196 5454 3349 5506 verba
3371 5451 3684 5518 ἱΙΙςι,[)οιηειιί

2117 5564 2235 5617 qua:
2288 5562 2410 5600 cum
2470 5547 2748 5616 discipulis
2797 5550 3072 5612 traderet,
3131 5546 3316 5599 dicunt
3376 5545 3688 5615 protulisse.

2120 5653 2336 5709 nempe:
2370 5639 2622 5709 Accipite,
2663 5640 2938 5704 comedite,
2982 5648 3030 5691 et
3074 5638 3230 5692 bibite
3258 5639 3272 5667 ¹
3303 5654 3316 5703 ;
3345 5652 3517 5706 neque
3544 5636 3691 5691 enim

3285 5907 3358 5970 38
