4052 6292
463 317 598 381 1.95

1704 315 2093 400 ΕΙΓΓΗῩΜΙΙ
2134 320 2497 381 ZIGABENI

3599 321 3741 388 1196

456 447 649 502 panem
669 439 760 484 aut
783 430 964 485 vinum
983 429 1312 487 adhibuisse.
1335 429 1564 485 Crucem
1585 432 1738 498 item,
1759 446 1920 501 quam
1937 433 2038 486 adol

2166 437 2194 487 ὀ
2232 437 2376 500 θεῖος
2413 433 2710 497 ἀπόστολος
2745 432 2868 505 ἔφη.
2898 432 3050 486 Ἐσθ“
3072 434 3160 486 ὅτε
3193 433 3250 486 δὲ
3285 435 3742 505 συνελαυνόμενοι

455 536 577 574 rare
607 535 665 574 se
693 519 901 583 dicunt,
940 518 1176 574 alliciunt
1241 518 1560 587 ignominia.
1593 517 1823 574 Crucem
1886 521 2032 575 enim

455 612 706 667 homines
758 611 1085 666 fraudulenti
1148 619 1202 665 et
1259 612 1584 679 impostores
1642 610 1854 683 lingunt
1912 626 2034 666 esse

455 705 757 759 Christum.
790 704 912 773 Ipse
943 703 1109 767 enim,
1180 702 1448 770 inquiunt.
1507 719 1698 756 tnanns
1754 705 1806 757 in
1853 705 2034 758 crucis

454 798 680 864 ﬁguram
710 793 970 849 extendit.
1003 792 1195 847 Veram
1232 803 1406 847 autem
1440 808 1656 848 crucem
1683 793 1886 865 lignum
1935 809 2029 862 apo

453 886 742 956 pellant,'et
757 885 1146 939 sceleratorum
1169 885 1585 938 instrumentum
1603 885 1854 954 supplicii
1881 898 2030 942 esse.

452 982 788 1038 crationibus
839 980 1150 1043 obnoxium,
1181 989 1234 1032 et
1267 979 1472 1034 idcirco
1506 994 1612 1034 non
1643 994 1762 1034 esse
1792 979 2026 1046 adoran-

454 1077 599 1138 dam,
626 1088 723 1128 nec
753 1071 1180 1141 suspiciendam.
1219 1073 1412 1125 Sacros
1442 1071 1570 1139 quin
1601 1072 1762 1126 etiam
1795 1069 2028 1139 prophe—

453 1178 538 1223 tas
563 1178 615 1220 et
647 1181 865 1221 onmem
913 1165 1195 1233 antiquam
1261 1163 1628 1231 Scripturam,
1681 1172 1735 1216 et
1795 1161 2031 1226 reliquos

454 1269 675 1315 sanctos
713 1257 1072 1327 rejiciunl,et
1116 1255 1353 1309 latrones
1409 1270 1473 1308 ac
1532 1254 1681 1308 fures
1733 1253 2026 1322 appellant.

454 1351 516 1405 In
542 1350 728 1418 primis
753 1357 927 1402 autem
971 1345 1335 1414 apostolorum
1373 1345 1669 1414 principem
1697 1343 1913 1398 Petrum
1937 1358 2033 1395 ex-

454 1450 761 1504 secrantur,
791 1439 932 1510 quod
964 1437 1120 1492 {idem
1153 1438 1206 1490 in
1243 1437 1564 1504 magistrum
1615 1435 1889 1489 Christum
1924 1433 2023 1487 ab-

461 1533 700 1602 negavit.
753 1529 1012 1596 Quamvis
1057 1528 1248 1582 doctor
1299 1527 1538 1597 ipsorum
1603 1523 1786 1580 Manes
1846 1534 2032 1592 aperte

456 1625 655 1679 clamet
687 1639 750 1677 ac
779 1621 925 1676 dicat
958 1636 974 1676 :
1004 1619 1118 1675 Non
1150 1634 1269 1672 sum
1303 1632 1401 1687 ego
1433 1632 1463 1670 a
1493 1615 1866 1671 misericordia
1900 1614 2032 1669 alie-

458 1731 581 1777 nus,
613 1711 1068 1784 quemadmodum
1133 1708 1381 1775 Christus
1433 1708 1616 1760 dixit:
1655 1704 1902 1776 Quisquis
1954 1719 2034 1756 me

2143 529 2480 598 διομολογεῖν
2510 533 2570 581 ἐκ
2597 529 2694 597 τῆς
2729 525 3007 596 Παρθένου
3039 525 3326 595 προελθεῖν
3352 527 3444 579 τὸν
3472 527 3738 599 Χριστὸν,

2146 621 2367 674 ἐπειδὰν
2390 620 2526 682 ὅλως
2554 617 3096 686 συναναγκασθῶσιν,
3125 616 3330 670 ἄνωθεν
3360 618 3460 683 μὲν
3486 620 3548 670 τὸ
3576 620 3741 688 σῶμα

2148 712 2606 780 συγκατενεγκεῖν
2631 709 2793 761 αὐτὸν
2817 706 3254 779 τερατολογοῦσι,
3282 707 3349 761 δι’
3375 709 3545 780 αὐτῆς
3575 709 3635 763 δὲ
3663 710 3742 774 ὡς

2143 797 2234 850 διὰ
2274 796 2510 867 σωλῆνος
2548 794 2961 866 διεληλυθέναι,
2996 797 3095 850 καὶ
3125 796 3334 866 ταύτην
3368 797 3467 868 τὴν
3501 798 3738 852 ἄσπιλον

2145 891 2240 945 καὶ
2269 890 2516 962 καθαρὰν
2543 888 2821 959 Παρθένον
2848 890 2988 960 μετὰ
3009 889 3101 943 τὸν
3128 892 3400 961 σωτήριον
3425 892 3590 945 τόκον
3616 892 3740 945 ἑτέ-

2148 998 2274 1051 ρους
2318 980 2470 1044 υἱοὺς
2508 981 2574 1033 ὲκ
2611 980 2706 1033 τοῦ
2746 980 2948 1051 Ἰωσὴφ
2993 981 3410 1052 παιδοποιῆσαι.
3455 983 3741 1047 Ὡσαύτως

2147 1070 2244 1126 καὶ
2273 1071 2374 1142 τὴν
2407 1072 2694 1125 κοινωνίαν
2729 1071 2822 1125 τοῦ
2859 1071 3046 1140 τιμίου
3083 1072 3336 1142 σώματος
3371 1075 3467 1125 καὶ
3500 1075 3740 1144 αἵματος

2145 1162 2385 1235 Χριστοῦ
2420 1163 2512 1217 τοῦ
2545 1164 2682 1217 Θεοῦ
2713 1165 2875 1234 ἡμῶν
2911 1165 3138 1234 μυρίαις
3170 1164 3364 1236 ὕϐρεσι
3398 1166 3699 1229 πλύνοντες
3720 1206 3736 1231 ,

2143 1255 2507 1324 ἁποδέχεσθαί
2549 1273 2682 1325 φασι
2728 1256 2890 1326 σῶμα
2931 1259 3024 1310 καὶ
3065 1251 3208 1326 αἷμα
3244 1257 3738 1328 τερατολογοῦντες

2101 1409 2104 1412 γ
2145 1345 2215 1396 τὰ
2246 1345 2541 1399 δεσποτικὰ
2575 1348 2799 1417 ῥήματα
2820 1389 2832 1410 ,
2867 1345 2902 1400 ἃ
2934 1346 3028 1399 καί
3057 1364 3191 1416 φασι
3230 1347 3587 1418 μεταδιδόντα
3619 1352 3735 1412 τοῖς

2145 1435 2470 1498 ἀποστόλοις
2527 1439 2742 1490 εἰπεῖν’
2787 1437 3029 1502 Λάϐετε,
3090 1438 3330 1509 φάγετε,
3384 1441 3486 1494 καὶ
3533 1442 3734 1494 πίετε·

2145 1526 2260 1579 ἀλλ’
2279 1529 2379 1580 ούκ
2403 1529 2568 1600 ἄρτον
2591 1529 2758 1582 ποθὲν
2774 1571 2789 1596 ,
2815 1530 2847 1600 ἢ
2871 1526 3016 1582 οίνον
3040 1533 3486 1601 προσαγαγόντα.
3515 1534 3624 1586 Καὶ
3646 1533 3739 1584 τὸν

2147 1618 2412 1683 ζωοποιὸν
2459 1621 2516 1674 δὲ
2571 1622 2805 1693 σταυρὸν
2853 1621 3306 1692 δυσφημοῦντες,
3359 1623 3525 1690 φασὶν
3573 1623 3739 1676 αὐτὸν

2144 1715 2476 1783 προσκυνεῖν
2497 1753 2511 1778 ,
2541 1715 2634 1766 καὶ
2663 1713 3024 1783 ἀποδέχεσθαι
3055 1715 3288 1786 σταυρὸν
3306 1756 3320 1780 ,
3349 1716 3397 1767 οί
3423 1714 3620 1768 πλάνοι
3645 1717 3738 1767 καὶ

454 1809 713 1880 negaverit
745 1823 923 1860 coram
953 1803 1271 1867 hominibus,
1317 1801 1515 1871 negabo
1544 1801 1713 1868 ipsum
1763 1811 1812 1852 et
1860 1814 1952 1867 ego
1997 1795 2038 1850 ¹.

2145 1805 2342 1873 γόητες
2360 1845 2375 1869 ,
2409 1805 2571 1856 αὑτὸν
2603 1805 3040 1867 ἀναπλάττοντες
3069 1806 3161 1857 τὸν
3189 1805 3451 1876 Χριστόν.
3485 1806 3599 1858 Καὶ
3627 1806 3740 1877 γὰρ

459 1903 564 1956 Sed
624 1917 722 1970 ego
749 1901 874 1955 dico
912 1908 930 1952 :
969 1897 1228 1966 Quisquis
1277 1911 1363 1949 me
1393 1894 1697 1963 negaverit,
1734 1907 1856 1946 eum
1913 1906 2035 1945 cum

457 1995 654 2065 gaudio
688 1993 1003 2062 suscipiam,
1035 1998 1089 2043 et
1117 1987 1452 2057 negationem
1491 1989 1660 2054 ipsius
1687 1994 1850 2053 atque
1880 1997 2031 2036 men-

458 2083 670 2138 dacium
699 2091 953 2151 tauquam
980 2077 1278 2133 custodiam
1309 2085 1363 2129 et
1389 2075 1836 2130 observationem
1900 2085 2036 2125 mete

457 2173 815 2243 professionis
864 2169 1207 2225 existimabo.
1267 2165 1631 2232 Quamobrem
1695 2181 1816 2219 cum
1874 2163 1948 2218 ita
1981 2178 2038 2217 se

459 2277 677 2337 gerant,
705 2264 1018 2332 milliesque
1050 2277 1204 2317 suam
1241 2261 1484 2330 ipsorum
1531 2259 1689 2312 iidem
1742 2258 2034 2326 abnegeut,

458 2360 679 2416 Petrum
716 2367 919 2420 tamen,
954 2356 1043 2426 qui
1075 2354 1260 2409 multis
1298 2353 1486 2408 eodem
1558 2361 1802 2421 tempore
1859 2359 2027 2403 terro-

458 2469 573 2508 rem
609 2449 980 2514 aﬂerentibus,
1017 2447 1318 2501 humanum
1347 2444 1530 2499 nescio
1562 2444 1688 2512 quid
1721 2455 2034 2512 perpessus,

459 2547 511 2599 in
536 2543 877 2614 negationem
908 2539 1194 2610 prolapsus
1217 2546 1321 2603 est,
1354 2536 1613 2605 rejiciunt
1631 2544 1684 2588 et
1708 2533 2020 2602 repudiant,

459 2646 624 2708 atque
653 2641 996 2696 aversantur,
1022 2646 1127 2686 non
1155 2645 1275 2684 eam
1305 2629 1375 2684 ob
1407 2643 1627 2684 causam
1663 2643 1825 2696 quam
1865 2627 2038 2680 simu-

459 2729 594 2795 lant,
630 2727 725 2784 sed
748 2726 816 2780 ob
846 2739 965 2780 eam
1001 2737 1161 2793 quam
1196 2721 1358 2776 silent
1391 2733 1444 2774 et
1474 2721 1686 2774 celant:
1719 2719 1843 2787 quia
1879 2717 2041 2770 nimi-

458 2838 581 2880 rum
616 2822 680 2876 de
708 2819 947 2888 ipsorum
975 2815 1278 2870 defectione
1315 2823 1440 2867 ante
1467 2812 1680 2866 locutus
1712 2816 1796 2866 est
1824 2829 1838 2864 :
1875 2809 2041 2864 Sata-

460 2918 585 2988 gite,
618 2914 813 2984 inquit,
864 2908 1195 2965 immaculati
1225 2918 1271 2962 et
1305 2904 1786 2974 irreprehensibites
1815 2903 1861 2956 ei
1893 2904 2038 2956 inve-

461 3011 565 3063 niri
590 3008 641 3060 in
675 3020 839 3075 pace;
871 3012 920 3056 et
959 3001 1174 3055 Domini
1213 2998 1378 3053 nostri
1436 2997 1887 3067 longantntitatem
1953 3011 2041 3046 sa-

462 3103 622 3154 lutem
662 3097 1024 3159 arbitramini,
1058 3102 1192 3147 stcut
1224 3102 1268 3145 et
1303 3091 1643 3145 charissimus
1673 3091 1836 3159 frater
1867 3095 2041 3140 noster

461 3191 664 3246 Paulus
708 3187 992 3243 secundum
1053 3185 1232 3237 datam
1302 3182 1406 3235 sibi
1459 3183 1776 3248 sapientiam
1831 3180 2035 3249 scripsit

469 3284 631 3346 vobis,
655 3282 790 3334 sicut
815 3287 863 3333 et
891 3280 947 3332 in
975 3277 1214 3330 omnibus
1236 3273 1468 3344 epistolis
1502 3274 1715 3341 loquens
1744 3273 1798 3325 in
1863 3273 1936 3323 eis
1987 3280 2034 3322 et

463 3377 524 3429 de
548 3376 648 3438 his,
678 3374 734 3426 in
765 3370 953 3442 quibus
1000 3377 1122 3422 sunt
1177 3368 1419 3436 quaedam
1465 3366 1698 3435 difﬁcilia
1741 3365 2034 3426 intellectu,

463 3465 794 3538 quwindocti
820 3471 868 3515 et
891 3458 1163 3514 instabiles
1186 3458 1491 3525 depravant,
1523 3456 1657 3508 sicut
1706 3463 1756 3507 et
1821 3465 2038 3508 cazteras

468 3559 771 3628 Scripturas
829 3553 896 3608 ad
954 3568 1106 3607 suam
1147 3552 1376 3618 ipsorum
1435 3548 1784 3616 perditionem
1815 3548 1858 3601 '.
1915 3546 2038 3600 ﬂare

466 3653 610 3707 enim
643 3647 898 3719 principis
929 3645 1296 3714 apostolorum
1322 3641 1542 3696 oracula
1576 3640 1839 3695 adversus
1899 3642 2032 3694 isto-

466 3762 586 3800 rum
614 3742 892 3797 audaciam
922 3749 976 3793 et
1007 3739 1334 3808 impietatem
1362 3735 1617 3805 praedicta
1643 3743 1786 3799 sunt,
1811 3733 1899 3802 qui
1932 3743 2038 3786 tam

467 3836 680 3892 Domini
733 3831 922 3897 verba,
957 3845 1115 3898 quam
1173 3828 1566 3896 apostolorum,
1600 3835 1654 3879 et
1698 3825 1835 3878 alias
1893 3823 2042 3878 Scri-

462 3940 670 4000 ptnras,
697 3938 755 3980 nt
786 3924 920 3979 Acta
951 3921 1344 3992 apostolorum,
1369 3926 1422 3973 et
1471 3934 1606 3989 quas
1654 3931 1909 3971 vocamus
1947 3931 2042 3969 ca-

465 4019 696 4074 tholicas
724 4016 1012 4085 Epistolas,
1055 4015 1294 4082 exceptis
1353 4011 1458 4065 illis
1517 4025 1636 4078 quae
1689 4018 1815 4065 sunt
1871 4007 2040 4074 Petri,

467 4126 601 4182 quas
631 4125 697 4163 ne
729 4108 891 4162 verbo
929 4107 1168 4176 quidem,
1203 4115 1260 4156 ut
1294 4103 1556 4169 diximus,
1621 4101 1921 4169 accipiunt,
1968 4101 2036 4155 ad

467 4205 739 4272 prOpt'ium
773 4215 1010 4269 ipsorum
1044 4197 1320 4252 interitum
1372 4196 1688 4264 depravant.
1722 4193 2041 4261 Quanquam

468 4305 523 4349 et
548 4296 676 4346 Acta
709 4291 1072 4359 apostolorum
1109 4300 1161 4343 et
1180 4290 1418 4358 reliquas
1447 4288 1743 4345 catholicas
1766 4303 1873 4341 non
1929 4302 2045 4341 om-

470 4402 568 4439 nes
603 4384 888 4450 recipinnt,
958 4380 1176 4450 quidam
1237 4391 1416 4434 tamen
1476 4395 1538 4433 ea
1599 4381 1891 4448 recipiunt.
1950 4380 2043 4435 sed

469 4491 658 4530 manes
690 4489 798 4526 nuo
833 4487 1102 4526 consensu
1139 4470 1394 4536 rejicinnt
1422 4469 1740 4540 prophetas,
1778 4482 1832 4525 et
1876 4469 2044 4525 Vetus
2075 4502 2122 4559 Β

463 4567 902 4628 Testamentum,
945 4573 998 4618 et
1045 4563 1324 4616 universos
1369 4572 1604 4628 sanctos,
1659 4561 1745 4629 qtti
1811 4562 1863 4615 in
1932 4563 2045 4631 ipso

469 4661 674 4716 fuerint
704 4659 965 4722 illustres,
994 4664 1048 4710 et
1099 4655 1398 4724 principem
1471 4652 1865 4722 apostolorum.
1908 4654 2050 4708 Con-

469 4770 653 4810 sessos
679 4768 804 4807 suos
849 4749 1168 4804 catholicam
1225 4747 1497 4816 appellant
1555 4745 1874 4810 Ecclesiam,
1912 4763 2051 4816 prze-

470 4854 656 4901 surtim
684 4861 804 4898 cum
837 4845 900 4898 ad
934 4841 1267 4913 precandum
1319 4847 1374 4894 et
1403 4839 1467 4890 ad
1498 4854 1584 4898 ea,
1629 4852 1750 4906 qnte
1789 4842 1855 4892 atl
1925 4841 2051 4892 reli-

469 4947 680 5014 gionem
731 4942 1020 5009 pertinent,
1075 4938 1397 5007 inquirenda
1430 4947 1870 5006 congregantur;
1931 4953 2051 5006 pre-

475 5037 715 5090 catoincs
743 5035 885 5087 enim
924 5047 1050 5085 snas
1077 5045 1365 5084 consessus
1433 5037 1646 5082 vocant.
1685 5029 1825 5095 Quin
1884 5031 2049 5083 etiam

473 5147 590 5184 cum
623 5125 771 5192 bapti
807 5139 949 5176 mum
991 5130 1374 5187 aspernentur.
1405 5119 1531 5171 illud
1560 5127 1738 5171 tamen
1761 5133 1816 5171 se
1849 5117 2054 5187 lingunt

469 5221 786 5288 suscipere;
821 5230 943 5268 nam
975 5208 1246 5281 Evangelii
1279 5216 1440 5264 verba
1501 5211 1833 5279 baptismum
1866 5213 2053 5265 existi-

471 5309 912 5381 Iuant,qnoniam
976 5304 1256 5369 Dominus,
1327 5302 1435 5372 Ego
1488 5319 1626 5368 sum,
1673 5304 1865 5372 inquit,
1908 5321 2043 5372 aqua

460 5409 582 5459 viva
607 5404 646 5468 ξ,
677 5404 929 5455 Attamen
962 5413 1081 5451 cum
1112 5400 1161 5449 in
1195 5396 1498 5466 graviorem
1521 5395 1756 5463 aliquem
1789 5398 2036 5449 morbum

468 5495 791 5559 inciderint,
825 5492 985 5546 etiam
1022 5490 1309 5558 pretiosam
1349 5501 1410 5540 ac
1465 5487 1756 5540 salutarem
1825 5504 2039 5541 crucem

465 5604 528 5644 ex
561 5590 708 5659 ligno
744 5585 1043 5641 conlectam
1072 5582 1176 5636 sibi
1208 5581 1336 5649 ipsis
1377 5580 1681 5646 imponunt.
1729 5579 1925 5632 Deinde
1993 5583 2037 5635 si

538 5769 552 5798 '
596 5765 844 5830 Mutilus,
872 5765 960 5818 '53.
1039 5763 1058 5793 ³
1100 5761 1313 5818 llPetr.
1351 5780 1433 5828 ιιι,
1471 5764 1651 5819 lli-l6.

2145 1895 2311 1958 αὐτὸς
2335 1935 2349 1960 ,
2389 1896 2594 1963 φασὶν,
2633 1897 2713 1958 είς
2753 1897 2992 1965 σταυροῦ
3034 1897 3221 1966 σχῆμα
3253 1897 3352 1959 τὰς
3387 1901 3581 1968 χεῖρας
3613 1899 3738 1969 ὲξήυ

2143 1987 2351 2042 πλωσε.
2385 1987 2490 2040 Τὸν
2521 1987 2741 2056 ἀληθῶς
2772 1987 2827 2040 δὲ
2865 1990 3120 2057 σταυρὸν,
3157 1988 3252 2040 ἅτε
3285 1988 3349 2058 δὴ
3383 1990 3539 2054 ξύλον
3570 1993 3734 2058 φασὶ,

2140 2081 2240 2136 καὶ
2287 2079 2611 2149 κακούργων
2640 2067 2890 2150 ὄργανον,
2919 2081 3012 2134 καὶ
3049 2082 3153 2134 ὑπὸ
3188 2082 3328 2150 ἀρὰν
3362 2085 3639 2150 κείμενον,
3672 2085 3734 2136 οὐ

2139 2168 2220 2221 δεῖ
2249 2170 2576 2234 προσκυνεῖν
2603 2171 2697 2221 καὶ
2753 2169 3119 2233 ἀσπάζεσθαι.
3155 2171 3319 2224 Ἀλλὰ
3345 2175 3441 2226 καὶ
3471 2177 3584 2245 γὰρ
3609 2178 3736 2237 τοὺς

2144 2260 2324 2329 ἱεροὺς
2356 2260 2650 2328 προφήτας
2670 2298 2685 2324 ,
2718 2261 2814 2313 καὶ
2845 2262 3028 2314 πᾶσαν
3058 2262 3154 2333 τὴν
3185 2263 3426 2320 παλαιὰν
3461 2265 3730 2337 Γραφὴν,

2143 2351 2238 2402 καὶ
2267 2351 2392 2414 τοὺς
2424 2350 2621 2414 ἄλλους
2654 2352 3095 2422 ἀποστρέφονται
3124 2355 3317 2422 ἁγίους
3337 2394 3352 2420 ,
3385 2355 3595 2427 λῃστὰς
3629 2361 3733 2409 αὑ-

2140 2441 2268 2505 τοὺς
2309 2443 2402 2496 καὶ
2447 2444 2694 2506 κλέπτας
2740 2445 3169 2510 ἀποκαλοῦντες.
3214 2447 3470 2502 Μάλιστα
3511 2449 3572 2501 δὲ
3620 2449 3731 2500 τῶν

2141 2535 2454 2588 ἀποστόλων
2488 2536 2580 2589 τὸν
2615 2539 2915 2608 κορυφαῖον
2953 2537 3159 2608 Πέτρον
3191 2537 3612 2610 δυσφημοῦσιν,
3646 2541 3733 2592 ὅτι

2143 2627 2366 2695 γέγονεν
2398 2627 2621 2697 ἔξαρνος
2652 2630 2749 2699 τῆς
2781 2630 2860 2693 είς
2889 2629 2982 2683 τόν
3010 2631 3332 2684 διδάσκαλον
3365 2633 3461 2684 καὶ
3489 2633 3734 2703 Χριστὸν

2144 2721 2404 2784 πίστεως,
2439 2721 2617 2773 καίτοι
2649 2737 2713 2789 γε
2743 2721 2838 2774 τοῦ
2868 2722 3199 2777 διδασκάλου
3231 2725 3412 2777 αὐτῶν
3442 2727 3728 2788 Μάνεντος

2141 2809 2476 2879 διαπρυσίως
2507 2810 2692 2873 αὐτοῖς
2724 2811 3053 2883 ἐμϐοῶντος,
3084 2815 3180 2867 καὶ
3213 2814 3462 2883 λέγοντος
3495 2816 3573 2879 ὡς
3607 2818 3725 2870 Οὐκ

2143 2903 2258 2970 εἰμὶ
2292 2902 2400 2969 ἐγὼ
2437 2900 2805 2971 ἄσπλαγχνος,
2842 2903 2918 2966 ὡς
2952 2907 2980 2957 ὁ
3017 2905 3272 2975 Χριστὸς,
3308 2909 3334 2959 ό
3371 2907 3566 2973 εἰπὼν,
3590 2909 3735 2962 Ὅσ-

2143 3009 2234 3058 τις
2258 3009 2336 3061 με
2366 2991 2707 3062 ἀρνήσηται
2737 2993 3081 3063 ἔμπροσθεν
3104 2996 3222 3049 τῶν
3247 2997 3598 3066 ἀνθρώπων,
3631 3000 3734 3068 ἀρ-

2141 3084 2404 3153 νήσομαι
2434 3086 2620 3138 αὑτὸν
2653 3087 2834 3156 κάγώ.
2877 3086 3018 3139 Ἀλλ’
3044 3089 3156 3156 ἐγὼ
3172 3089 3336 3158 λέγω,
3363 3091 3468 3144 Τὸν
3485 3093 3730 3162 ἀρνησά-

2150 3176 2311 3246 μενόν
2342 3193 2408 3247 με
2443 3177 2583 3246 μετὰ
2612 3180 2792 3248 χαρᾶς
2824 3179 3219 3249 προσδέχομαι,
3249 3183 3347 3235 καὶ
3373 3182 3472 3252 τὴν
3502 3185 3732 3254 ἄρνησιν

2145 3267 2311 3320 αὑτοῦ
2334 3308 2348 3332 ,
2386 3270 2479 3322 καὶ
2511 3269 2572 3321 τὸ
2601 3268 2798 3338 ψεῦδος
2819 3309 2832 3334 ,
2868 3271 2944 3334 ὡς
2979 3272 3232 3343 φυλακὴν
3267 3275 3362 3326 καὶ
3396 3278 3732 3346 συντήρησιν

2145 3363 2245 3424 τῆς
2279 3360 2419 3431 ἐμῆς
2448 3362 2748 3432 ὁμολογίας
2777 3365 3077 3435 ἡγήσομαι.
3108 3366 3249 3419 Ἀλλ’
3271 3364 3366 3421 οὖν
3391 3367 3565 3432 οὓτως
3593 3369 3733 3438 έχον-

2145 3471 2264 3518 τες,
2302 3460 2396 3507 καὶ
2432 3457 2700 3524 μυριάκις
2733 3456 2830 3528 τὴν
2867 3459 3078 3513 ἑαυτῶν
3113 3458 3510 3532 ἐξαρνούμενοι
3549 3464 3732 3516 πίστιν

2146 3549 2302 3601 αὐτοὶ
2331 3548 2423 3600 τὸν
2454 3549 2592 3618 πρὸς
2629 3550 2804 3621 βραχύ
2837 3569 2890 3603 τι
2925 3552 3198 3606 τοσούτων
3231 3554 3411 3624 φόϐων
3444 3573 3736 3627 περιεστη-

2146 3639 2322 3691 κότων
2347 3637 2692 3708 ἀνθρώπινόν
2725 3656 2771 3692 τι
2805 3641 3048 3695 παθόντα
3080 3644 3309 3713 Πέτρον,
3339 3650 3436 3699 καὶ
3465 3648 3606 3717 πρὸς
3640 3648 3736 3718 ἄρα

2147 3747 2304 3801 νησιν
2338 3732 2778 3803 ὑπολισθὴσαντα
2811 3735 3121 3803 ἀπόϐλητον
3152 3738 3439 3802 παντελῶς
3474 3743 3575 3794 καὶ
3606 3743 3738 3793 ἀπο-

2147 3828 2409 3897 τρόπαιον
2450 3814 2714 3895 τίθενται,
2755 3829 2816 3880 ob
2869 3828 2936 3881 δι’
2968 3829 2995 3882 ὃ
3047 3833 3512 3900 προφασίζονται,
3558 3834 3676 3886 ἀλλ’
3705 3834 3734 3885 δ

2151 3918 2348 3987 σιγῶσι
2378 3920 2472 3973 καὶ
2501 3920 2953 3990 ἀποκρύπτονται
2973 3939 2986 3951 ·
3042 3922 3180 3976 διότι
3213 3925 3344 3995 περὶ
3372 3928 3470 3996 τῆς
3500 3929 3736 3980 ἀποσταο

2153 4011 2272 4075 σίας
2331 4014 2513 4066 αὐτῶν
2571 4017 2992 4086 προανεκήρυξε
3049 4017 3273 4084 λέγων’
3336 4020 3736 4074 Σπουδάσατε

2150 4104 2399 4160 ἄσπιλοι
2432 4106 2529 4160 καὶ
2566 4107 2791 4176 ἄμωμοι
2826 4108 2986 4173 αὐτῷ
3019 4096 3339 4177 εὑρεθῆναι
3380 4113 3452 4164 ἐν
3483 4112 3694 4181 ειρήνη
3714 4152 3730 4172 ο

2151 4198 2249 4251 καί
2276 4199 2388 4265 τὴν
2413 4199 2519 4252 τοῦ
2549 4201 2770 4268 Κυρίου
2797 4201 2967 4269 ἡμῶν
2985 4206 3406 4272 μακροθυμίαν
3430 4206 3735 4272 σωτηρίαν

2152 4288 2419 4359 ἡγεῖσθε,
2464 4290 2658 4356 καθὼς
2702 4291 2802 4344 καὶ
2847 4295 2879 4345 ὁ
2926 4293 3236 4362 ἀγαπητὸς
3278 4295 3447 4364 ἡμῶν
3493 4297 3733 4361 Παῦλος

2153 4382 2302 4435 κατὰ
2335 4381 2448 4450 τὴν
2485 4383 2766 4436 δοθεῖσαν
2801 4386 2962 4449 αὐτῷ
3007 4387 3234 4452 σοφίαν
3267 4387 3538 4456 ἔγραψεν
3567 4386 3728 4456 ὑμῖν,

2153 4475 2254 4528 καὶ
2289 4474 2356 4527 ἐν
2390 4474 2617 4540 πάσαις
2648 4475 2778 4540 ταῖς
2815 4476 3167 4544 ἐπιστολαῖς
3200 4475 3388 4535 αὑτοῦ
3423 4481 3627 4534 λαλῶν
3659 4482 3733 4533 ἐι·

2149 4567 2359 4632 αὑταῖς
2387 4568 2519 4634 περὶ
2553 4569 2799 4632 τούτων,
2832 4568 2902 4622 ἐν
2931 4564 3021 4634 οἷς
3050 4571 3183 4623 ἐστι
3214 4571 3530 4638 δυσνόητά
3558 4589 3690 4625 τινα
3712 4611 3728 4634 .

2145 4661 2183 4714 ἃ
2209 4663 2273 4716 οἱ,
2291 4659 2531 4729 ἀμαθεῖς
2565 4661 2664 4714 καί
2691 4661 3045 4729 ἀστήρικτοι
3070 4665 3497 4732 στρεϐλοῦσιν,
3525 4665 3598 4730 ὡς
3627 4664 3729 4716 καὶ

2147 4751 2254 4815 τὰς
2287 4751 2506 4816 λοιπὰς
2526 4751 2773 4820 Γραφὰς
2808 4755 2958 4819 πρὸς
2993 4753 3106 4822 τὴν
3140 4753 3304 4807 ἰδίαν
3337 4753 3534 4809 αὐτῶν
3564 4754 3728 4806 timb-

2147 4849 2338 4897 λείαν.
2369 4844 2450 4896 Τὰ
2485 4844 2590 4914 γὰρ
2619 4845 2713 4896 τοῦ
2745 4847 3050 4914 κορυφαίου
3080 4845 3254 4898 ταῦτα
3282 4845 3438 4914 λόγια
3469 4849 3730 4916 ἄντικρυς

2147 4938 2246 5006 τὴν
2289 4929 2486 4989 αὐτῶν
2513 4936 2993 5008 προανακηρύττει
3039 4939 3244 5006 τόλμαν
3289 4956 3348 4990 τε
3395 4939 3490 4991 καὶ
3534 4939 3730 4991 δυσσέο

2149 5032 2324 5097 ϐειαν,
2352 5031 2401 5084 οἳ
2431 5029 2570 5083 αὺτὰ
2594 5046 2652 5081 τε
2681 5031 2750 5081 τὰ
2779 5030 3037 5099 Κυριακὰ
3067 5029 3248 5096 λόγια,
3283 5030 3380 5082 καὶ
3405 5031 3470 5082 τὰ
3497 5034 3731 5084 ἀποστο-

2146 5123 2294 5187 λικὰ,
2328 5125 2424 5175 καὶ
2456 5122 2553 5182 τὰς
2590 5120 2756 5182 ἄλλας
2793 5121 3048 5190 Γραφάς,
3083 5121 3232 5190 φημὶ
3265 5121 3330 5190 δὴ
3359 5123 3456 5184 τάς
3483 5138 3537 5173 τε
3570 5119 3729 5187 Πρά.

2146 5216 2258 5280 Est;
2289 5215 2397 5268 τῶν
2427 5214 2770 5276 ἀποστόλων,
2804 5215 2894 5265 καὶ
2925 5213 3024 5276 τὰς
3059 5211 3372 5280 Καθολικὰς
3403 5209 3727 5279 λεγομένας,

2151 5307 2290 5375 πλὴν
2334 5306 2438 5357 τῶν
2469 5305 2897 5374 ἀναφερομένων
2937 5304 3016 5365 είς
3040 5303 3130 5356 τὸν
3157 5306 3478 5374 κορυφαῖον,
3504 5299 3731 5364 ἐκείνας

2151 5398 2256 5466 γὰρ
2293 5396 2414 5447 οὐδὲ
2448 5400 2554 5457 τοῖς
2597 5398 2807 5466 ῥήμασι
2847 5395 3296 5465 παραδέχονται,
3334 5391 3727 5466 στρεϐλοῦσιν,

2149 5491 2223 5552 ὡς
2260 5490 2513 5559 εἴρηται,
2547 5493 2640 5541 καὶ
2679 5489 3073 5558 διαστρέφουσι
3108 5491 3246 5560 πρὸς
3279 5491 3372 5559 τὴν
3404 5488 3525 5540 ἰδίαν
3551 5485 3729 5538 ἀπώ-

2149 5581 2320 5633 λειαν·
2356 5582 2463 5632 Καὶ
2493 5579 2588 5642 τὰς
2629 5578 2863 5650 Πράξεις
2896 5578 2953 5631 δὲ
2985 5581 3095 5636 τῶν
3124 5583 3463 5647 ἀποστόλων,
3492 5579 3577 5631 καὶ
3615 5578 3726 5640 τὰς

1732 5763 2166 5831 ’Joan.tv,10;
2212 5781 2307 5828 vn.
2345 5767 2434 5821 58.
