4052 6292
395 301 532 369 1197

1323 307 1705 370 PANOPLIA
1748 307 2210 370 DOGMATICA.
2242 334 2311 343 -
2351 311 2497 370 ΤῘΤ.
2545 312 2750 374 XXIV.

3511 317 3647 386 1198

391 420 707 483 Καθολικάς
743 419 802 474 οὐ
839 420 1040 484 πάντες
1075 420 1257 475 αὐτῶν
1291 423 1698 493 συναρμόζουσι
1731 425 1842 482 τοῖς
1879 422 1956 475 άλι

2080 424 2484 488 convaluerint,
2511 440 2630 480 eam
2663 425 3025 496 perfringunt,
3081 441 3171 485 aut
3226 433 3550 491 conculcant
3598 421 3653 494 et

387 515 520 578 λοις,
565 513 674 566 εἰσὶ
714 513 772 566 δὲ
816 513 864 566 οἳ
910 514 1006 566 καὶ
1053 513 1457 568 συντάττουσιν.
1494 515 1657 568 Ἀλλὰ
1702 520 1829 584 περὶ
1877 513 1975 583 μὲν

382 607 494 659 τῶν
525 604 846 675 προφητῶν,
883 606 976 658 καὶ
1003 605 1103 673 τῆς
1134 606 1375 668 παλαιᾶς
1411 607 1714 676 Διαθήκης,
1745 606 1838 659 καὶ
1865 605 1974 658 τῶν

383 698 504 751 κατ’
529 696 701 766 αὐτὴν
730 696 938 749 λοιπῶν
967 697 1137 764 ἁγίων
1164 697 1319 750 διαλα
1331 697 1612 766 μψάντων,
1645 700 1736 750 καὶ
1762 697 1856 750 τοῦ
1886 715 1974 750 κο-

385 791 619 863 ρυφαίου
650 790 760 842 τῶν
791 788 1110 842 ἀποστόλων
1143 789 1289 842 οὕτω
1321 791 1601 860 μεμήνασι
1624 806 1636 818 ·
1673 789 1973 861 καθολικὴν

378 881 436 934 δὲ
467 880 797 949 Ἐκκλησίαν
838 879 906 931 τὰ
953 879 1166 932 ἑαυτῶν
1209 880 1436 933 καλοῦσι
1488 881 1766 951 συνέδρια,
1812 882 1973 952 ἡνίκα

379 972 622 1043 μάλιστα
657 971 793 1040 πρὸς
824 971 951 1034 τοὺς
987 972 1235 1035 εὐσεϐεῖς
1269 972 1464 1040 λόγους
1509 974 1603 1026 καὶ
1638 974 1972 1044 συζητήσεις

376 1064 610 1118 κινοῦσι.
645 1065 788 1117 Καθ’
813 1064 1044 1127 ἑαυτοὺς
1083 1068 1189 1134 γὰρ
1230 1065 1540 1136 προσευχὰς
1577 1065 1840 1117 καλοῦσιν
1873 1067 1970 1117 αὑ-

372 1154 479 1208 τῶν
505 1155 574 1208 τὰ
609 1155 885 1224 συνέδρια.
917 1155 992 1207 Οὐ
1031 1156 1139 1225 μὴν
1171 1155 1307 1208 ἀλλὰ
1340 1157 1437 1208 καὶ
1468 1156 1527 1208 τὸ
1560 1159 1827 1225 σωτήριον
1853 1155 1969 1208 δια-

374 1247 637 1310 πτύοντες
691 1247 1009 1316 βάπτισμα,
1061 1248 1504 1302 ὑποπλάττονται
1556 1248 1966 1318 παραδέχεσθαι

374 1341 506 1392 αὐτὸ
528 1378 544 1402 ,
576 1341 645 1393 τά
677 1339 770 1393 τοῦ
812 1340 1151 1409 Εὑαγγελίου
1192 1341 1416 1410 ῥήματα
1451 1341 1740 1409 βάπτισμα
1773 1341 1964 1394 νοοῦν-

371 1450 484 1495 τες.
534 1435 643 1486 Καὶ
685 1433 819 1503 γὰρ,
867 1435 1056 1500 φασὶν,
1101 1436 1128 1486 ὁ
1171 1435 1374 1504 Κύριος
1403 1433 1540 1504 ἔφη’
1573 1432 1720 1502 Ἐγώ
1758 1436 1874 1504 εἰμι
1900 1434 1966 1486 τὸ

372 1523 530 1591 ὕδωρ
556 1524 622 1576 τὸ
653 1521 784 1583 ζῶν.
820 1524 966 1590 Πλὴν
999 1523 1222 1574 ἐπειδάν
1257 1521 1604 1592 σφοδροτέρῳ
1637 1523 1743 1572 τινί
1777 1538 1966 1591 σωμα-

368 1616 509 1685 τικῷ
539 1619 809 1683 νοσήματι
840 1614 1206 1684 περιπέσωσι,
1241 1615 1338 1666 καὶ
1368 1614 1458 1665 τὸν
1488 1613 1672 1681 τίμιον
1703 1611 1800 1664 καὶ
1832 1611 1965 1676 ζωο-

370 1709 526 1760 ποιὺν
554 1707 786 1776 σταυρὸν
811 1707 901 1758 τὸν
927 1708 990 1758 ὲκ
1018 1704 1112 1757 τοῦ
1149 1704 1308 1769 ξύλου
1343 1706 1722 1776 πεποιημένον
1749 1706 1964 1768 ἑαυτοῖς

368 1803 730 1858 ἐπιτιθέασιν.
767 1803 1000 1853 Ἔπειτα
1043 1799 1410 1868 τυγχάνοντες
1453 1800 1552 1869 τῆς
1601 1799 1799 1861 ἰάσεως
1841 1798 1960 1850 δια-

370 1895 539 1948 θλῶσι
585 1896 802 1959 τοῦτον,
849 1893 883 1964 ἢ
937 1893 1285 1962 συμπατοῦσι
1336 1891 1435 1944 καὶ
1483 1892 1951 1962 ἀπορρίπτουσιν.

379 1984 541 2042 ’Δλλά
567 1986 663 2036 καὶ
684 1986 808 2047 τοὺς
837 1983 1037 2044 παῖδας
1063 1983 1244 2035 αὐτῶν
1268 1982 1374 2035 ὑπὸ
1398 1982 1508 2061 τῷν
1529 1983 1628 2052 τῆς
1658 1982 1956 2050 ἐκκλησίας

365 2077 758 2146 πρεσϐυτέρων
799 2075 1064 2137 πολλάκις
1110 2074 1188 2144 τῷ
1232 2074 1491 2143 σωτηρίῳ
1533 2073 1748 2137 ἀξιοῦσι
1794 2092 1960 2142 φωτι-

368 2171 566 2238 σθῆναι
614 2169 977 2239 βαπτίσματι,
1020 2166 1327 2220 λυσιτελεῖν
1366 2166 1446 2236 τῷ
1497 2166 1714 2236 σώματι
1757 2169 1848 2219 τόν
1897 2183 1957 2218 τε

368 2261 601 2332 σταυρὸν
635 2261 728 2311 καὶ
758 2260 818 2311 τὸ
857 2259 1143 2329 βάπτισμα
1177 2259 1227 2309 οἱ
1270 2259 1453 2326 πάσης
1490 2258 1764 2326 ὠφελείας
1800 2257 1957 2325 λογο-

365 2352 646 2414 ποιοῦντες
677 2352 921 2415 ἀνάξιοι,
957 2351 1032 2421 μὴ
1068 2350 1249 2420 μέντοι
1280 2366 1342 2417 γε
1375 2350 1675 2403 διαϐαίνειν
1704 2351 1802 2419 τὴν
1832 2349 1958 2400 τοὺ-

362 2461 470 2499 των
511 2444 794 2513 ἐνέργειαν
842 2448 922 2505 εἰς
968 2443 1144 2510 ψυχῆς
1200 2440 1492 2510 κάθαρσιν,
1541 2442 1574 2511 ἦ
1623 2459 1743 2494 τινα
1790 2442 1958 2508 ἄλλην

362 2537 568 2607 ταύτην
590 2535 883 2606 ὠφέλειαν.
911 2535 1101 2587 Πολλοὶ
1128 2533 1184 2586 δὲ
1211 2533 1392 2585 αὐτῶν
1423 2535 1514 2584 καὶ
1541 2535 1642 2604 τῆς
1672 2535 1958 2596 κοινωνίας

359 2631 457 2684 τοῦ
487 2630 674 2699 τιμίου
715 2630 969 2698 σώματος
1010 2628 1105 2680 καὶ
1140 2627 1374 2696 αἵματος
1415 2625 1657 2696 Χριστοῦ
1690 2626 1783 2679 τοῦ
1822 2627 1956 2679 Θεοῦ

362 2721 522 2794 ἡμῶν
563 2721 1051 2793 μεταλαμϐάνουσι
1095 2721 1231 2791 πρὸς
1277 2718 1560 2788 ὲξαπάτην
1602 2719 1710 2770 τῶν
1753 2719 1956 2770 ἁπλουο

363 2821 596 2890 στέρων.
632 2819 757 2870 Ἐπὶ
787 2818 845 2870 δὲ
871 2819 986 2879 τοῖς
1012 2817 1330 2886 εἰρημένοις
1361 2815 1484 2867 οὐδὲ
1511 2815 1637 2876 τοὺς
1665 2814 1766 2884 τῆς
1795 2813 1958 2866 καθο-

360 2913 520 2980 λικῆς
562 2910 892 2978 Ἐκκλησίας
928 2907 1343 2977 πρεσϐυτέρους
1366 2947 1380 2971 ,
1418 2905 1540 2956 οὐδὲ
1573 2907 1698 2967 τοὺς
1733 2904 1959 2966 λοιποὺς

363 3004 533 3074 ἱεραῖς
575 3001 970 3072 ἀποδέχονται·
1019 2999 1177 3064 διότι,
1221 2998 1378 3067 φασὶ,
1423 2998 1484 3049 τὸ
1532 3000 1676 3052 κατὰ
1719 2995 1957 3067 Χριστοῦ

2082 512 2361 580 abjicinnt.
2400 515 2626 572 Liberos
2658 519 2821 572 etiam
2861 536 2991 575 suos
3024 521 3092 575 ab
3130 523 3383 579 Ecclesia:
3435 515 3660 600 presby-i
3693 534 3714 576 μ’

2080 608 2212 661 teris
2247 608 2469 662 salutari
2501 610 2774 679 baptismo
2815 605 3001 666 volunt
3048 608 3338 682 aliquando
3385 618 3607 675 lustrari
3643 638 3660 678 :

2077 701 2393 754 existimant
2455 705 2596 756 enim
2669 721 2886 757 crucem
2947 720 3000 760 et
3061 711 3387 778 baptismum
3446 717 3660 780 corpori

2077 792 2335 859 prodesse
2368 793 2611 847 homines
2636 796 2783 848 omni
2817 795 3129 864 adjnmento
3190 799 3417 869 indigni.
3453 798 3657 856 Horum

2080 891 2259 934 tamen
2299 882 2402 935 vim
2442 882 2508 936 ad
2538 885 2730 936 animat
2779 888 3151 955 purgationem
3204 893 3487 958 pervenire
3550 908 3658 946 non

2076 982 2291 1041 putant,
2329 991 2425 1028 nec
2461 975 2620 1030 ullam
2656 976 2817 1032 aliam
2876 980 3078 1034 afferre
3137 983 3448 1038 utilitatem.
3508 985 3661 1039 Non-

2075 1064 2206 1116 nulli
2238 1067 2400 1119 etiam
2467 1068 2730 1137 ipsorum,
2783 1085 2889 1139 quo
2937 1073 3300 1143 simpliciores
3364 1077 3659 1147 decipiant,

2073 1157 2296 1223 pretiosi
2325 1160 2566 1226 corporis
2596 1173 2647 1213 et
2671 1165 2954 1230 sanguinis
2982 1164 3188 1218 Domini
3213 1170 3651 1224 communionem

2075 1247 2407 1316 suscipiunt.
2445 1251 2523 1303 Ad
2568 1252 2684 1306 lucc
2716 1269 2812 1307 nec
2839 1256 3121 1311 catholicae
3182 1257 3450 1314 Ecclesia:
3502 1276 3659 1330 pres-

2071 1337 2312 1407 byteros,
2347 1357 2447 1395 nec
2516 1343 2755 1412 reliquos
2810 1350 3122 1402 sacerdotes
3166 1350 3471 1418 rccipiunt,
3528 1368 3661 1422 quo.

2070 1433 2212 1484 niam
2249 1432 2451 1486 Christi
2498 1450 2814 1490 consessum
2872 1442 3184 1494 sacerdotes
3240 1453 3292 1496 et
3355 1447 3658 1514 presbyteri

2066 1524 2246 1592 populi
2271 1528 2628 1582 constituunt.
2665 1529 2768 1582 Eos
2791 1541 2967 1584 autem
3006 1533 3092 1601 qui
3124 1535 3263 1602 apttd
3303 1535 3448 1604 ipsos
3469 1552 3656 1591 sacer»

2066 1615 2252 1670 dotum
2291 1620 2532 1674 ordinem
2554 1621 2819 1686 obtinent,
2852 1639 2957 1678 non
2982 1625 3317 1691 sacerdotes,
3344 1638 3437 1681 sed
3466 1630 3653 1686 socios

2066 1717 2121 1763 et
2151 1711 2394 1764 notarios
2423 1723 2640 1767 vocant.
2675 1715 2851 1783 Atque
2886 1718 3056 1770 hinec
3097 1717 3313 1783 habitu,
3348 1735 3449 1773 nec
3487 1722 3656 1788 victu,

1995 1780 2039 1835 Β
2069 1815 2167 1854 nec
2197 1801 2300 1854 ulla
2343 1803 2445 1855 alia
2484 1805 2700 1860 ratione
2738 1807 2951 1861 vivendi
2984 1811 3199 1861 tnodum
3222 1810 3526 1877 graviorem
3567 1825 3658 1865 os-

2068 1893 2447 1962 tendunt,qno
2479 1911 2506 1948 a
2559 1897 2755 1965 populo
2811 1898 3241 1969 distinguantur.
3301 1901 3655 1968 Evangelinm

2065 1995 2308 2038 nostrum
2339 2000 2446 2038 non
2475 1985 2723 2040 dubitant
2753 1989 3002 2055 adorare,
3047 1991 3134 2044 ubi
3168 1993 3417 2059 pretiosa:
3474 1996 3656 2048 crucis

2062 2077 2233 2145 ﬁgura
2270 2093 2376 2131 non
2416 2089 2500 2132 est
2531 2079 2819 2148 impressa,
2856 2097 2959 2135 non
3033 2092 3214 2137 autem
3270 2086 3324 2138 in
3386 2102 3446 2140 ea
3503 2095 3658 2156 parte

2063 2167 2210 2233 libri,
2245 2171 2297 2223 in
2331 2186 2434 2240 qua
2461 2175 2640 2226 crucis
2691 2174 2865 2243 imago
2887 2174 2976 2228 sit.
3016 2175 3216 2230 Dicunt
3246 2190 3426 2232 autem
3485 2196 3544 2234 se
3595 2180 3655 2236 li-

2062 2265 2219 2319 brum
2251 2269 2482 2321 adorare
2516 2279 2769 2337 tanquam
2808 2269 3021 2325 Domini
3059 2287 3341 2330 sermones
3364 2279 3652 2332 continen-

2065 2369 2194 2412 tem.
2230 2360 2409 2429 Atque
2441 2362 2509 2414 ita
2537 2365 2752 2430 quidem
2786 2363 2936 2432 impii
2969 2366 3454 2434 deprehenduntur
3493 2373 3548 2426 in
3581 2372 3650 2426 iis

2061 2468 2181 2522 qua:
2211 2451 2277 2507 ad
2311 2454 2623 2524 dogmatum
2663 2456 2926 2510 rationem
2948 2459 3242 2525 pertinent,
3263 2469 3323 2514 ut
3357 2471 3412 2516 et
3453 2479 3482 2517 a
3509 2466 3654 2519 veri-

2063 2557 2172 2601 tate
2195 2557 2249 2602 et
2281 2548 2424 2602 inter
2444 2563 2503 2600 se
2529 2548 2750 2603 omnino
2775 2550 3120 2606 dissentiant.
3140 2551 3268 2607 Vita
3304 2568 3488 2610 autem
3514 2557 3658 2627 ipso-

2066 2655 2182 2693 rum
2218 2639 2376 2708 plena
2402 2649 2487 2695 est
2521 2639 2976 2708 intemperantiae,
3020 2646 3177 2712 plena
3211 2643 3540 2712 ﬂagitiorum
3600 2657 3658 2702 et

2062 2727 2349 2792 scelerum,
2367 2744 2486 2798 qua:
2509 2745 2607 2784 nec
2639 2730 2744 2784 dici
2765 2741 3014 2800 possunt,
3040 2749 3139 2787 nec
3161 2737 3412 2802 cogitari.
3435 2735 3655 2793 Utrius-

2062 2836 2168 2888 que
2220 2821 2366 2874 enim
2423 2832 2632 2878 natura:
2685 2825 3068 2878 commistione
3126 2829 3243 2882 sine
3291 2827 3400 2883 ullo
3455 2832 3656 2886 rubore

2063 2910 2128 2964 ad
2167 2903 2430 2966 nefariam
2450 2927 2664 2967 omnem
2696 2915 3067 2982 itnporitatem
3136 2919 3460 2988 abutuntur,
3514 2921 3653 2978 adeo

2061 3011 2124 3057 ut
2161 3005 2404 3075 ipsorum
2438 3008 2656 3076 quidam
2698 3009 2861 3062 etiam
2893 3022 3014 3063 cum
3052 3013 3319 3066 matribus
3354 3028 3655 3070 consuetu-

364 3098 644 3166 συνέδριον
676 3098 726 3147 οἱ
761 3097 928 3164 ἱερεῖς
965 3093 1061 3146 καὶ
1095 3088 1460 3163 πρεσϐύτεροι
1494 3089 1588 3142 τοῦ
1625 3088 1758 3142 λαοῦ
1796 3106 1956 3142 συνε-

2062 3096 2243 3150 dinem
2278 3097 2480 3152 habere
2515 3099 2790 3154 dicantur.
2827 3099 3089 3154 Ebrietati
3126 3111 3178 3156 et
3207 3103 3436 3159 luxuriae
3485 3115 3652 3160 totam

362 3189 652 3257 στήσαντο.
678 3187 816 3248 Τοὺς
847 3185 1030 3256 μέντοι
1059 3183 1190 3252 παρ’
1214 3179 1398 3244 αὐτοῖς
1431 3181 1624 3252 ἱερέων
1653 3181 1805 3245 τάξιν
1831 3184 1958 3233 ὲ,πέ-

360 3295 556 3350 χοντας
587 3279 686 3347 οὺχ
718 3281 886 3348 ἱερεῖς
909 3317 923 3339 ,
957 3277 1096 3329 ἀλλὰ
1128 3276 1506 3343 συνεκδήμους
1538 3274 1632 3325 καὶ
1666 3273 1956 3343 νοταρίους

359 3373 812 3441 ἐπονομάζουσιν.
848 3365 1007 3424 Οὗτοι
1038 3369 1094 3420 δὲ
1127 3367 1250 3420 οὔτε
1287 3369 1558 3436 σχήματι,
1589 3363 1715 3418 οὔτε
1749 3367 1956 3436 διαίτῃ,

359 3466 487 3519 οὒτε
521 3467 629 3519 ’τινῖ¹
669 3465 816 3534 ἄλλῳ
851 3465 1039 3535 τρόπῳ
1081 3461 1198 3532 βίον
1235 3462 1567 3530 σεμνότερον
1603 3462 1954 3528 χαρακτηρί-

359 3561 525 3625 ζοντα
549 3561 609 3611 τὸ
633 3559 892 3628 διάφορον
918 3556 1097 3608 αὐτῶν
1123 3556 1260 3624 πρὸς
1289 3553 1348 3604 τὸ
1379 3553 1586 3622 πλῆθος
1613 3552 1954 3603 ἐπιδείκνυν-

357 3671 470 3706 ται.
505 3653 578 3704 Τὸ
614 3652 671 3704 δὲ
705 3652 833 3720 παρ’
861 3651 995 3718 ἡμῖν
1030 3647 1366 3714 Εὐαγγέλιον
1401 3646 1500 3697 οὐκ
1537 3643 1952 3707 ἐπιδιστάζουσι

358 3747 730 3818 προσκυνεῖν,
784 3744 844 3794 οὺ
907 3740 1012 3812 μὴν
1062 3741 1195 3793 ἔνθα
1245 3738 1341 3790 τοῦ
1394 3737 1577 3807 τιμίου
1634 3735 1872 3806 σταυροῦ
1927 3737 1954 3788 ὁ

355 3839 528 3898 τύπος
566 3836 998 3905 ὲγκεχάρακται,
1034 3831 1150 3885 ἀλλ’
1176 3832 1234 3882 ὲν
1269 3829 1346 3895 τῷ
1387 3828 1561 3898 λοιπῷ
1601 3827 1696 3880 τοῦ
1737 3827 1946 3896 βιϐλίου

359 3929 542 4000 μέρει,
571 3933 626 3980 ὲν
657 3922 701 3996 ᾧ
730 3929 790 3980 τὸ
825 3926 1196 3994 ἀπεικόνισμα
1228 3923 1321 3976 τοῦ
1365 3918 1605 3991 σταυροῦ
1650 3920 1726 3990 μὴ
1761 3920 1954 3989 διασηο

360 4025 635 4093 μαίνεται.
679 4020 817 4071 Φασὶ
862 4019 919 4071 δὲ
956 4018 1018 4070 τὸ
1064 4017 1271 4087 βιϐλίον
1310 4016 1666 4087 προσκυνεῖν,
1711 4014 1787 4076 ὠς
1826 4014 1953 4076 τοὺς

355 4116 712 4178 δεσποτικοὺς
748 4114 1005 4184 περιέχον
1037 4111 1253 4178 λόγους.
1279 4111 1420 4164 Ἀλλ’
1443 4111 1542 4163 ὅσα
1585 4110 1684 4180 μὲν
1717 4109 1795 4170 εἰς
1832 4108 1958 4175 δογ-

357 4209 546 4278 μάτων
594 4210 788 4276 ἀνήκει
846 4207 1040 4273 λόγον,
1091 4204 1265 4267 οὕτως
1315 4203 1423 4256 εἰσὶ
1475 4201 1802 4268 δυσσεϐεῖς,
1857 4206 1954 4260 καὶ

355 4299 492 4368 πρὸς
545 4301 642 4368 τὴν
693 4298 990 4366 ἀλήθειαν,
1044 4297 1140 4349 καὶ
1193 4296 1330 4365 πρὸς
1382 4295 1613 4357 ἑαυτοὺς
1669 4291 1951 4355 παντελῶς

355 4389 700 4458 ἀσύμφωνοι.
738 4389 803 4440 Ἡ
847 4388 904 4439 δὲ
947 4386 1192 4439 πολιτεία
1229 4385 1438 4437 τούτων
1474 4390 1637 4453 γέμει
1684 4385 1783 4454 μὲν
1816 4383 1949 4436 ἀκο-

2064 3191 2229 3244 vitam
2255 3191 2791 3258 habentohnoxiam,
2826 3205 2878 3247 et
2938 3193 3098 3248 aliam
3156 3211 3375 3251 omnem
3439 3206 3650 3252 mor'nzn

2061 3284 2430 3352 corruptelam
2471 3284 2930 3352 complectuntur.
2961 3287 3117 3351 Quod
3145 3297 3328 3343 autem
3363 3291 3428 3345 de
3453 3291 3653 3348 infelici

2062 3374 2152 3428 illo
2181 3375 2422 3445 Tychico
2476 3377 2757 3446 vulgatum
2817 3386 2922 3442 est,
2982 3393 3126 3434 nunc
3179 3387 3650 3442 commemorabo.

2060 3471 2157 3524 llic
2183 3486 2240 3524 se
2261 3469 2555 3541 Tychicutn
2613 3472 2761 3524 illum
2817 3487 2941 3528 esse
2991 3473 3246 3541 tingebat,
3279 3477 3368 3542 qui
3419 3477 3471 3530 in
3508 3477 3652 3546 Apo—

2058 3564 2185 3617 stoli
2214 3563 2473 3633 Epistolis
2502 3579 2643 3634 saepe
2675 3575 3032 3632 memoratur,
3065 3575 3119 3620 et
3145 3569 3210 3622 de
3240 3583 3350 3639 quo
3379 3567 3561 3627 multis
3597 3575 3648 3628 in

2059 3655 2192 3711 locis
2218 3671 2340 3710 cum
2392 3656 2547 3710 laude
2579 3659 2782 3712 mentio
2836 3658 2915 3712 fit.
2967 3659 3194 3731 Sibique
3221 3677 3249 3715 a
3279 3661 3447 3718 Paulo
3508 3682 3652 3718 nun-

2058 3750 2190 3802 tium
2222 3747 2391 3803 fuisse
2422 3749 2649 3826 missurn
2675 3749 2987 3815 simulabat,
3023 3761 3080 3803 ut
3107 3767 3453 3822 quaecunque
3498 3754 3652 3809 dice-

2057 3853 2138 3895 ret
2170 3852 2223 3896 et
2263 3841 2630 3904 denuntiaret.
2658 3858 2720 3896 ea
2755 3856 2857 3895 non
2903 3845 3188 3910 sapientiae
3241 3860 3375 3908 suae,
3407 3849 3498 3900 sed
3551 3852 3648 3901 do-

2057 3934 2232 3988 centis
2263 3945 2317 3988 et
2351 3934 2660 3988 mandantis
2694 3929 2845 3988 Pauli
2882 3945 3152 4006 praecepta
3213 3953 3330 3992 esse
3394 3939 3649 3994 videren-

2057 4033 2166 4089 tur.
2196 4041 2317 4080 cum
2369 4034 2549 4079 tamen
2578 4027 2892 4096 quingentis
2945 4029 3102 4083 annis
3154 4039 3274 4098 post
3317 4024 3544 4084 Panltltn
3593 4042 3650 4086 et

2056 4117 2354 4189 Tychicum
2388 4127 2546 4172 natus
2581 4127 2742 4173 esset.
2775 4104 2908 4172 llud
2941 4120 3220 4174 sciendum
3263 4132 3364 4184 est,
3408 4139 3514 4187 me,
3554 4124 3648 4193 qui

2058 4210 2235 4278 capita
2273 4211 2385 4263 hrec
2414 4223 2534 4282 quae
2566 4211 2618 4263 in
2645 4209 2747 4265 hoc
2781 4210 2936 4264 titulo
2990 4212 3358 4278 continentur,
3427 4215 3645 4281 collegi,

2055 4303 2251 4371 partim
2301 4303 2512 4370 integra
2570 4303 2839 4370 posuisse,
2887 4303 3080 4372 partim
3150 4312 3208 4358 nt
3252 4305 3644 4375 longitudinem

2055 4395 2339 4460 evitarem,
2374 4395 2697 4464 compendio
2729 4396 3232 4464 comprehendisse,
3262 4407 3317 4451 et
3345 4414 3408 4451 ex
3469 4401 3646 4468 patri-

355 4483 584 4547 λασίας,
617 4481 778 4551 γέμει
811 4483 868 4532 δὲ
904 4478 1162 4547 μιασμῶν
1197 4478 1475 4548 ἀρρήτων,
1512 4475 1611 4529 καὶ
1648 4473 1946 4545 ῥυπασμά-

2060 4491 2256 4554 archze,
2289 4505 2446 4557 quem
2476 4499 2603 4545 ante
2627 4495 3073 4562 commemoravi,
3105 4491 3325 4561 scriptis
3380 4507 3443 4546 ea
3503 4507 3640 4561 prae-

327 4554 339 4659 ξ
358 4596 462 4631 των
481 4579 876 4649 ἀνεπινοήτων.
899 4573 1157 4644 Χρῶνται
1184 4576 1286 4641 μὲν
1307 4575 1416 4642 γὰρ
1442 4570 1657 4642 μίξεσιν
1678 4569 1948 4640 ἑκατέρας

329 4670 574 4738 ξφύαεως
613 4669 747 4738 πρὸς
788 4668 1009 4720 ἃπασαν
1044 4665 1461 4735 ἀρρητουργίαν
1501 4662 1950 4733 ἀνερυθριάστως

329 4747 600 4832 Ἔχοντες·
641 4760 776 4832 πλὴν
806 4761 984 4821 ἐνίους
1017 4758 1198 4810 αὐτῶν
1233 4774 1369 4826 φασι
1397 4757 1495 4826 τὴν
1527 4757 1666 4824 πρὸς
1695 4757 1796 4819 τὰς
1825 4773 1947 4824 γεν-

328 4835 331 4844 1
357 4863 668 4932 νησαμένας
697 4858 1014 4912 ἀποκλίνειν
1047 4857 1367 4923 συνάφειαν.
1400 4855 1556 4924 Μέθῃ
1584 4853 1642 4906 δὲ
1675 4852 1773 4904 καὶ
1800 4853 1946 4904 ἀσω-

352 4954 475 5021 τείᾳ
502 4953 594 5004 τὸν
629 4951 742 5020 βίον
773 4951 892 5002 ὅλον
924 4947 1141 4999 ἔκδοτον
1173 4946 1358 5014 έχουσι
1385 4985 1398 5006 ,
1432 4950 1525 4996 καὶ⁹
1560 4945 1745 4996 πᾶσαν
1777 4943 1944 5012 ἄλλην

351 5047 504 5116 ἠθῶν
532 5046 797 5111 διαφοράν
833 5045 1212 5110 περιέπουσιν.
1246 5041 1309 5091 Ὃ
1342 5040 1396 5090 δὲ
1428 5040 1556 5107 περὶ
1584 5037 1676 5089 τοῦ
1713 5036 1947 5105 ἀτυχοῦς

352 5142 546 5194 τούτου
585 5138 823 5208 Τυχικοῦ
870 5137 1122 5206 παρῆκεν
1162 5136 1189 5185 ὀ
1231 5133 1412 5199 λόγος,
1452 5131 1608 5182 τοῦτο
1650 5129 1948 5200 προσθήσω

350 5233 466 5285 νῦν.
509 5225 678 5293 Οὗτος
724 5229 832 5298 γὰρ
880 5230 1088 5279 ἐκεῖνον
1137 5223 1332 5276 ἑαυτὸν
1378 5221 1758 5288 ἐτερατολόίει
1809 5214 1947 5269 εἶναι

348 5326 441 5377 τὸν
467 5327 522 5376 ἐν
549 5327 666 5386 ταῖς
697 5319 1010 5381 ἐπιστολαῖς
1037 5318 1131 5370 τοῦ
1169 5315 1501 5369 Ἀποστόλου
1534 5330 1595 5379 (ps
1609 5312 1836 5381 ρόμε·.ὀν
1863 5327 1942 5373 τε,

347 5419 447 5470 καὶ
481 5414 747 5484 πολλαχοῦ
784 5412 1007 5484 μνήμης
1041 5409 1440 5477 ἐπαινουμένης
1473 5405 1814 5470 ἀξιούμενον,
1845 5405 1945 5468 κή-

342 5512 498 5579 ρυκά
527 5526 584 5561 τε
623 5509 771 5579 παρά
799 5508 893 5558 τοῦ
929 5505 1143 5558 Παύλου
1181 5503 1313 5570 πρὸς
1347 5501 1546 5561 αὐτοὺς
1577 5497 1939 5551 ἀπεστάλθαι.

349 5603 463 5653 Καὶ
491 5602 525 5654 δι
552 5590 854 5669 διαγγέλει,
884 5600 980 5651 καὶ
1007 5597 1157 5665 λέγει
1189 5596 1263 5664 μὴ
1288 5594 1384 5656 τῆς
1415 5590 1610 5644 ἑαυτοῦ
1643 5589 1832 5655 σοφίας
1867 5583 1940 5640 εἴ·

2052 4583 2372 4648 termisisse,
2406 4597 2526 4651 quae
2555 4583 2639 4637 vel
2665 4583 3046 4652 profundiora,
3081 4584 3166 4637 vel
3229 4584 3636 4651 imperfectiora
3716 4631 3718 4634 .

2048 4676 2232 4743 paucis
2265 4684 2446 4730 essent
2476 4675 2785 4743 profutura,
2841 4683 2937 4728 aut
3000 4674 3283 4743 placitura.
3323 4674 3638 4732 Sententia!

2049 4778 2226 4823 tamen
2282 4768 2823 4830 easdem,licetaliis
2884 4766 3088 4831 verbis,
3147 4766 3377 4835 aliisque
3423 4767 3636 4823 dicendi

2046 4861 2352 4915 rationibus
2383 4859 2600 4914 retinui.
2628 4859 2961 4927 Argumenta
2981 4871 3111 4910 vero
3146 4865 3256 4909 tum
3295 4873 3362 4913 ex
3387 4857 3636 4928 Evange-

2048 4952 2156 5018 liis,
2196 4962 2310 5007 tum
2335 4968 2402 5006 ex
2436 4951 2582 5005 Pauli
2613 4949 2842 5019 apostoli
2879 4949 3058 5003 verbis
3092 4949 3413 5020 deprompta
3477 4964 3624 5006 sunt.

2045 5045 2210 5098 Istius
2242 5044 2387 5097 enim
2425 5042 2646 5095 haeresis
2679 5038 2996 5094 defensores
3032 5041 3146 5094 ham
3197 5040 3310 5095 sola
3368 5058 3636 5098 veneran-

2049 5145 2137 5188 tur
2161 5144 2213 5189 et
2248 5135 2500 5204 probant.
2535 5130 2730 5184 Verum
2763 5133 2868 5185 duo
2903 5147 3008 5185 non
3042 5147 3163 5188 esse
3197 5135 3484 5204 principia,
3510 5136 3636 5190 licet

2036 5222 2103 5274 .in
2139 5222 2294 5275 titulo
2315 5229 2500 5273 contra
2536 5218 2870 5273 Manichreos
2903 5221 3339 5276 demonstratum
3400 5223 3492 5288 sit,
3555 5234 3636 5278 ta—

2058 5313 2260 5368 menin
2295 5312 2548 5379 praesenti
2602 5312 2764 5366 etiam
2832 5313 3316 5377 dentonstrabitur,
3383 5315 3476 5368 sed
3528 5317 3636 5384 pri-

2057 5422 2200 5458 mttm
2236 5406 2301 5457 de
2332 5403 2470 5456 malo
2505 5403 2793 5459 dicendum
2829 5415 2935 5470 est,
2968 5409 3108 5474 quod
3152 5405 3473 5476 principium
3520 5424 3636 5462 tua-

2052 5503 2182 5564 lum,
2207 5510 2259 5552 et
2287 5513 2472 5552 eorum
2505 5500 2766 5564 omnium,
2811 5514 2930 5567 qua:
2973 5500 3025 5551 in
3080 5500 3282 5551 mundo
3333 5510 3483 5563 sunt,
3537 5519 3633 5556 au-

2049 5602 2254 5645 ctorem
2277 5588 2441 5656 impia
2470 5589 2574 5642 ista
2601 5589 2724 5642 mali
2755 5589 3042 5657 progenies
3071 5589 3350 5644 conﬁnxit.

346 5718 461 5764 ναι,
490 5700 584 5752 τοῦ
613 5700 669 5751 δὲ
699 5697 1008 5760 διδάξαντος
1037 5697 1134 5749 καὶ
1162 5691 1565 5753 ἀπεσταλκότος
1632 5687 1848 5742 λιαύλου
1915 5685 2381 5760 παραγγέλματα,
2410 5685 2591 5737 καίτοι
2621 5684 2998 5738 πεντακοσίων
3058 5683 3197 5735 ὲτῶν
3243 5687 3636 5752 μεταγενέστε-

355 5813 446 5863 po;
477 5793 696 5848 Παύλου
725 5795 820 5846 καὶ
847 5789 1087 5861 Τυχικοῦ
1115 5786 1379 5858 γεγονώς.
1407 5786 1529 5857 Χρὴ
1557 5776 1612 5837 δὲ
1677 5781 1994 5852 γινώσκειν,
2035 5782 2110 5847 ὡς
2151 5779 2180 5833 ὁ
2218 5779 2612 5849 ἐπιλεξάμενος
2651 5776 2762 5847 ἐγὼ
2807 5779 2876 5831 τά
2907 5785 2967 5831 τε
3008 5780 3113 5848 ἤδη
3155 5777 3390 5850 ῥηθέντα
3435 5783 3526 5835 καὶ
3561 5783 3630 5838 τὰ
