4020 6284
342 490 492 582 1201

1274 525 1649 587 PANOPLIA
1690 528 2147 592 DOGMATICA.
2189 555 2261 570 -
2295 533 2447 591 '“lT.
2486 532 2697 596 XXIV.

3479 532 3620 600 1202

363 644 454 695 ρον
478 628 572 682 καὶ
594 627 683 682 τὸν
706 630 925 700 Πατέρα
947 631 1038 685 τοῦ
1064 632 1261 706 Κυρίου
1295 637 1452 708 ἡμῶν
1491 640 1665 710 Ἱιησοῦ
1689 641 1925 711 Χριστοῦ

2039 642 2096 694 ad
2129 645 2451 698 obstrnenda
2487 645 2771 714 impiorum
2818 646 3042 701 istorum
3073 662 3164 702 ora
3197 648 3287 717 qui
3317 664 3344 703 a
3381 650 3618 708 veritate

361 718 694 788 δημιουργὸν
725 723 821 774 καὶ
846 723 1051 792 Κύριον
1075 729 1424 798 παραστῆσαι
1454 731 1548 784 τοῦ
1579 735 1798 797 παντὸς,
1835 734 1929 786 καὶ

357 811 417 861 τὸ
458 808 723 879 θεομάχον
761 813 854 880 τῆς
880 814 1220 881 ἀποστασίας
1256 821 1534 892 ἐμφράξαι
1570 825 1744 890 στόμα
1775 843 1788 891 ;
1821 826 1929 877 Καὶ
1966 891 1974 899 Ι

355 900 434 969 τῷ
470 902 663 971 Πέτρῳ
697 902 752 956 δέ
782 921 945 973 φησιν
977 907 1005 958 6
1038 909 1228 981 Σωτήρ
1256 929 1270 944 ο
1304 915 1479 966 Δώσω
1507 931 1606 967 σοι
1639 915 1742 980 τὰς
1764 912 1930 982 κλεῖς

358 988 469 1054 τῆς
495 992 819 1059 ,βασιλείας
858 996 978 1050 τῶν
1008 999 1302 1067 οὐρανῶν,
1327 1005 1421 1058 καὶ
1453 1005 1518 1056 τὰ
1550 1004 1853 1077 ἐξῆς.”ορα
1874 1008 1929 1060 δὲ

358 1081 626 1134 καὶτοῦτο
641 1099 654 1112 ·
675 1086 1034 1155 Βαπτισθείς
1055 1093 1087 1144 ὀ
1103 1090 1338 1160 Ἰησοῦς
1354 1094 1590 1149 ἄνεισιν
1607 1099 1787 1164 εὐθὺς
1812 1099 1928 1152 ἀπὸ

358 1173 462 1225 τοῦ
485 1172 702 1241 ὕδατος
730 1190 746 1206 ο
778 1177 895 1242 πῶς
930 1179 987 1232 ὲν
1015 1180 1092 1250 τῷ
1122 1183 1398 1254 πλάσματι
1430 1189 1522 1239 τοῦ
1546 1189 1804 1259 πονηροῦ,
1838 1191 1929 1244 καὶ

358 1264 450 1314 τοῦ
487 1266 691 1333 ἀγαθοῦ
728 1269 940 1340 Πατρὸς
961 1272 1166 1339 ἀγαθὸς
1199 1274 1326 1340 Υἱὸς
1365 1278 1682 1347 βαπτισθεὶς
1716 1283 1929 1335 ἐκεῖθεν

355 1354 566 1421 ἄνεισις
617 1357 734 1425 καὶ,
777 1361 934 1416 Ἰδοὺ
975 1363 1374 1433 ἀνεῴχθησαν
1394 1373 1448 1423 ol
1471 1372 1736 1438 οὐρανοί.
1767 1373 1930 1424 ’Άλλο

360 1446 524 1498 πάλιν
549 1449 776 1518 πλάσμα
809 1457 1053 1525 πονηρᾶς
1083 1459 1264 1528 χειρὸς
1296 1461 1417 1513 κατ’
1447 1463 1664 1524 αὐτούς’
1704 1465 1845 1518 διατί
1874 1466 1929 1520 δὲ

358 1535 745 1609 ἅνεῴχθησαν,
789 1545 882 1598 καὶ
903 1548 1048 1611 τίνος
1081 1550 1272 1620 χάριν;
1298 1549 1437 1607 Εἷδε
1457 1555 1524 1608 τὸ
1554 1557 1794 1626 Πνεῦμα
1823 1559 1929 1613 τοῦ

355 1629 527 1722 ϐίεοῦ,
561 1637 714 1701 φησὶ,
746 1638 1112 1694 καταϐαῖνον
1135 1641 1278 1696 ὡσεί
1315 1648 1680 1716 περιστεράν
1701 1667 1715 1682 ο
1747 1652 1931 1722 τρίτος

351 1714 506 1786 οὗτος
538 1725 637 1795 τῆς
655 1727 911 1794 ἀσεϐείας
944 1731 1001 1784 ἐν
1032 1733 1233 1803 ὀλίγοις
1259 1738 1465 1807 ῥήμασι
1488 1714 1931 1810 θρίαμϐοςίῐῖῶς

353 1813 467 1882 γὰρ
525 1817 582 1870 ὲν
632 1818 708 1888 τῷ
762 1821 1043 1893 πλάσματι
1095 1826 1188 1880 τοῦ
1247 1831 1486 1901 πονηροῦ
1530 1833 1592 1885 τὸ
1644 1835 1738 1887 τοῦ
1797 1835 1929 1890 Θεοῦ

357 1906 585 1977 Πνεῦμα
617 1913 910 1979 τυποῦται,
947 1917 1042 1970 καὶ
1082 1920 1321 1975 κάτεισιν
1372 1925 1436 1974 ὲκ
1471 1925 1581 1978 τῶν
1629 1928 1805 1998 ἔργων
1835 1931 1929 1984 τοῦ

2036 730 2370 797 deiecerunt,
2401 735 2629 788 validius
2686 750 2849 804 quam
2903 736 3050 790 locus
3120 736 3228 803 hic,
3283 753 3392 806 quo
3455 737 3616 795 Pater

2039 821 2251 877 Domini
2285 826 2451 878 nostri
2487 825 2612 879 Jesu
2641 826 2840 880 Chriin
2879 827 3056 894 apifex
3083 839 3138 882 et
3209 813 3470 884 Dominus
3529 847 3614 885 re-

2039 929 2157 967 rum
2194 917 2432 968 monium
2469 919 2996 972 ileclnr:itur?l’elro
3029 920 3286 974 Dominus
3318 923 3432 975 ait:
3467 921 3616 975 Dabo

2036 1005 2128 1056 tibi
2166 1006 2332 1059 claves
2357 1009 2498 1076 regni
2524 1009 2771 1062 caelorum
2811 1012 2850 1073 ',
2885 1019 2938 1062 et
2968 1026 3086 1075 quae
3117 1021 3434 1077 sequuntur.
3461 1014 3614 1068 Adsle

2036 1105 2089 1150 et
2130 1097 2308 1152 illud:
2367 1098 2680 1167 Baptizatus
2734 1103 2887 1156 Jesus
2935 1103 3209 1171 confestim
3260 1105 3494 1157 (tacendi!
3553 1109 3617 1160 de

2037 1204 2173 1258 aqua
2195 1191 2239 1244 '.
2265 1191 2542 1256 Quomodo
2576 1194 2628 1246 in
2672 1209 2728 1248 re
2758 1211 2786 1247 a
2818 1195 2956 1248 malo
2976 1195 3222 1249 confecta
3255 1197 3377 1249 boni
3403 1198 3492 1250 il’e
3513 1197 3613 1249 Pn-

2037 1281 2133 1334 tris
2164 1281 2331 1338 Filius
2362 1285 2534 1338 bonus
2557 1286 2859 1352 baptizatus
2887 1287 3008 1340 inde
3039 1286 3320 1340 asei-nilit'l
3353 1288 3448 1341 Et:
3483 1287 3618 1342 Ecce

2036 1375 2218 1442 aperti.
2235 1384 2357 1427 sum
2387 1376 2502 1429 cali
2531 1375 2572 1438 ⁸,
2618 1394 2700 1430 res
2737 1379 2862 1431 item
2906 1394 2935 1432 a
2968 1380 3105 1432 mala
3142 1380 3379 1450 perfecta
3431 1398 3613 1444 manu,

2039 1474 2096 1518 ut
2137 1467 2220 1520 isti
2255 1467 2455 1526 volunt.
2493 1467 2718 1538 Propter
2760 1471 2886 1539 quid
2951 1481 3159 1534 autem,
3210 1483 3264 1525 et
3336 1474 3492 1544 cujus
3541 1478 3616 1528 rei

2038 1560 2208 1627 gratia
2242 1561 2413 1628 aperti
2452 1563 2716 1617 suntcmli
2741 1564 2764 1616 ?
2791 1564 2926 1617 Audi
2964 1579 2977 1614 :
3011 1563 3158 1617 Vidit
3190 1563 3450 1633 Spiritum
3491 1568 3608 1632 Dei,

2039 1649 2235 1718 inquit,
2266 1651 2655 1706 descendentem
2709 1662 2958 1723 tanquam
2994 1655 3289 1708 columbam
3323 1657 3363 1708 ⁸.
3401 1656 3618 1712 Tertius

2042 1751 2124 1796 est
2153 1742 2240 1796 hic
2274 1744 2458 1812 paucis
2488 1745 2664 1800 verbis
2699 1748 2990 1800 conclusus
3053 1750 3315 1804 adversus
3369 1750 3616 1817 impieta—

2044 1845 2145 1888 tem
2183 1837 2508 1904 triumphus.
2548 1838 2827 1904 Quomodo
2851 1839 3066 1894 enimin
3101 1841 3268 1908 figura
3307 1843 3379 1894 rei
3407 1859 3433 1892 a
3475 1842 3614 1893 malo

2041 1925 2300 1981 confecta:
2341 1925 2578 1996 Spiritus
2614 1929 2704 1982 Dei
2735 1930 3065 1994 declaratur,
3128 1941 3179 1983 et
3211 1930 3490 1984 desrendit
3549 1947 3614 1984 ex

354 1997 574 2066 ἐχθροῦ,
595 2003 853 2058 κάκεῖθεν
875 2009 1063 2062 κατιὸν
1084 2010 1305 2080 ἔρχεται
1328 2015 1419 2067 hri.
1439 2016 1529 2070 τὸν
1567 2019 1805 2090 Ἰησοῦνς
1837 2021 1932 2074 καὶ

2039 2017 2291 2084 operibus
2323 2018 2527 2071 inimici
2557 2058 2573 2084 ,
2611 2028 2666 2072 et
2698 2021 2843 2074 venit
2896 2035 3060 2091 super
3086 2021 3266 2077 Jesum
3294 2022 3316 2075 ?
3379 2023 3616 2088 Quartus

352 2092 590 2164 τετάρτη
629 2097 799 2166 στήλη
834 2100 931 2168 τῆς
965 2104 1256 2167 ἀσεϐείας,
1297 2108 1451 2178 φωνὴ
1489 2109 1690 2165 δίδοται
1726 2115 1790 2167 ὲκ
1821 2115 1930 2169 τῶν

350 2184 634 2273 οὕραὶθῶν·
674 2184 863 2256 Οὗτός
895 2192 1065 2247 ἐστιν
1105 2196 1137 2249 ὀ
1184 2197 1316 2264 Υἱός
1354 2217 1474 2267 μου
1523 2205 1556 2255 ὁ
1605 2204 1930 2273 ἀγαπητὸς,

352 2273 428 2325 ἐν
465 2267 513 2340 ᾦ
560 2276 886 2347 εὐδόκησα.
953 2280 1274 2340 Ἐπισκόπει
1324 2306 1436 2357 μοι,
1489 2267 1932 2364 ιίιγαπητὲξκαθὲ

354 2366 593 2459 εκάστην
623 2370 768 2435 λέξιν
799 2375 946 2438 ὅπως
975 2378 1166 2442 αὐταῖς
1200 2381 1560 2450 συμπρόεισιν
1599 2387 1625 2438 6
1657 2386 1798 2439 κατὰ
1835 2389 1934 2459 τῆς

355 2457 619 2524 ἀσεϐείας
662 2461 903 2532 ἄφυκτος
955 2467 1196 2540 ἔλεγχος.
1234 2468 1423 2538 Οὗτός
1479 2475 1633 2542 ἐστι,
1671 2457 1935 2547 (malaue

350 2551 488 2617 Υίός
510 2569 630 2620 μου
666 2557 699 2608 d
726 2557 1054 2626 ἀγαπητὸς,
1085 2562 1156 2614 ἐν
1182 2557 1229 2630 ᾧ
1249 2565 1578 2633 εὐδόκησα.
1613 2569 1738 2636 Τίςς
1764 2564 1932 2637 Οὗτος

352 2644 384 2695 6
415 2646 471 2696 ὲν
507 2645 660 2701 ὕδατι
697 2648 1116 2722 βαπτιζόμενος,
1153 2649 1196 2724 ᾧ
1229 2657 1580 2730 ἠνεῴχθησαν
1610 2663 1656 2715 oi
1687 2663 1931 2732 οὐρανοὶ,

355 2734 446 2803 ἐφ’
474 2735 531 2787 ὃν
563 2737 622 2789 τὸ
653 2739 878 2810 Πνεῦμα
908 2743 965 2796 τὸ
998 2745 1130 2815 ἐμὸν
1160 2749 1217 2800 ὲν
1253 2752 1437 2820 μορφῇ
1472 2757 1801 2824 περιστερᾶς
1832 2773 1934 2809 καο

356 2827 614 2882 τασαῖνον
671 2833 736 2886 ὲκ
791 2833 898 2889 τῶν
957 2837 1202 2908 οὐρανῶν
1250 2845 1790 2916 συνεπιμαρτύρεται
1840 2848 1934 2902 τοῦ

361 2918 766 2991 βαπτιζομένου
791 2929 888 2997 τὴν
926 2930 1172 3000 υίότητα.
1198 2935 1380 2988 Πάντα
1412 2937 1519 3006 ἐμὰ
1546 2939 1634 2991 διὰ
1657 2939 1767 2993 τῶν
1787 2941 1936 3010 ἐμῶν

353 3015 696 3083 κτισμάτων.
743 3017 798 3070 '0
827 3021 960 3090 ἐμὸς
982 3021 1128 3084 Υίὸς,
1155 3025 1215 3077 τὸ
1237 3021 1448 3097 θέλημα
1473 3031 1696 3102 πληρῶν
1714 3034 1772 3085 τὸ
1800 3035 1932 3104 ἐμὸν

353 3105 459 3174 τὴν
490 3110 765 3178 σωτηρίαν
789 3115 1230 3184 καταπράττεται
1259 3119 1353 3171 τοῦ
1373 3121 1605 3192 κόσμου,
1640 3125 1808 3196 μόνης
1835 3129 1932 3195 τῆς

355 3199 454 3290 τοῦ
494 3201 812 3270 Πνεῦματος
846 3205 1092 3270 ἐξουσίας
1125 3210 1202 3280 τῷ
1238 3211 1470 3280 ὁμοφυεῖ
1500 3218 1930 3290 συμπαρούσης,

359 3289 458 3396 καλ
502 3292 986 3369 ἀνακηρυττοῦσης
1030 3301 1107 3370 τῷ
1145 3303 1431 3374 πράγματι
1474 3308 1536 3360 τὸ
1577 3310 1798 3382 γνήσιον
1835 3289 1934 3383 τῆς
1967 3340 2009 3396 c

360 3384 580 3454 υἱότητο
590 3405 631 3448 ς.

436 3473 498 3531 Ei
526 3479 714 3550 θρόνον
737 3482 828 3536 τοῦ
850 3483 983 3538 Θεοῦ
1013 3485 1102 3540 τὸν
1126 3487 1351 3559 οὐρανὸν
1379 3491 1538 3544 κτλεῖ
1561 3494 1588 3545 6
1609 3494 1808 3562 μᾶλλον
1830 3496 1936 3549 τῶν

359 3565 538 3621 ἄλλων
569 3572 657 3624 τὸν
691 3574 910 3646 Πατέρα
936 3579 1030 3630 καὶ
1055 3581 1122 3632 τά
1157 3579 1250 3633 τοῦ
1283 3582 1496 3652 Πατρδς
1526 3584 1700 3651 εἰδὼς,
1733 3589 1938 3642 ὑποπό-

359 3661 472 3716 διον
504 3665 561 3717 δὲ
603 3665 702 3737 τὴν
740 3669 873 3737 γῆν,
914 3671 1006 3722 καὶ
1044 3672 1200 3725 πόλιν
1240 3675 1404 3728 αὐτοῦ
1438 3677 1506 3730 τὰ
1548 3678 1932 3749 Ἱεροσόλυμα·

361 3754 480 3818 πῶς
500 3756 600 3809 οὐκ
628 3759 860 3829 ἐσχάτης
889 3761 1166 3828 ἀσεϐείας,
1191 3758 1266 3818 ὧν
1292 3769 1500 3836 μάρτυς
1528 3771 1554 3820 6
1581 3769 1728 3836 Υἱὸς,
1765 3770 1938 3825 ταῦτᾶ

359 3864 518 3914 τινας
550 3850 898 3918 περικόπτειν
925 3853 1107 3916 αὑτοῦ,
1134 3859 1232 3907 καὶ⁵
1255 3855 1438 3926 ἕτερον
1467 3859 1574 3912 τὶν
1611 3863 1938 3930 περικοπέν-

359 3959 470 3994 των
504 3945 678 3995 ποιεῖν
717 3946 946 4013 ποιητήν
976 3962 991 4011 ;
1042 3946 1100 3998 Ὀ
1132 3947 1241 4016 γὰρ
1276 3947 1454 4002 πάντα
1489 3951 1625 4018 πρὸς
1660 3954 1937 4024 σωτηρίαν

360 4035 522 4104 ἡμῶν
539 4036 632 4087 καὶ
653 4035 928 4104 πράττων,
951 4039 1048 4090 καὶ
1072 4039 1261 4105 ποιῶν,
1285 4043 1377 4093 καὶ
1400 4045 1680 4112 παραινῶν
1705 4047 1936 4116 Χριστὸς

360 4129 390 4178 6
421 4125 553 4189 Θεὸς
584 4126 674 4179 τὸν
710 4127 871 4195 ὅρκον
893 4127 968 4192 ὡς
1009 4129 1140 4182 ὄντα
1168 4131 1268 4199 τῆς
1308 4132 1592 4204 ἐπιορκίας
1630 4137 1807 4206 πύλην
1839 4140 1938 4208 τῆς

363 4217 717 4289 ἀνθρωπίνης
761 4218 1066 4273 ἀποκλείων
1112 4223 1388 4285 πολιτείας
1431 4228 1626 4297 φησιν’
1687 4229 1834 4299 Ἐγὼ
1873 4231 1942 4284 δὲ

361 4313 520 4382 λέγω
555 4315 699 4382 ὑμῖν
727 4315 812 4382 μὴ
847 4316 1061 4384 ὀμόσαι
1091 4316 1239 4380 ὅλως
1263 4318 1416 4387 μήτε
1445 4322 1514 4376 ἐν
1552 4324 1630 4386 τῷ
1668 4323 1902 4391 οὐρανῷ
1924 4367 1939 4389 ,

363 4402 455 4454 ὄτι
485 4403 695 4469 θρόνος
717 4402 846 4456 ἐστὶ
869 4403 974 4457 τοῦ
1005 4405 1176 4466 Θεοῦ,
1195 4407 1347 4474 μήτε
1368 4409 1438 4462 ἐν
1463 4408 1536 4476 τῆ
1556 4411 1656 4480 τῇ,
1681 4412 1768 4466 ὅτι
1796 4416 1942 4468 ὐπο-

363 4494 580 4548 πιίδιον
610 4496 729 4548 τῶν
756 4495 960 4550 ποδῶν
982 4497 1171 4551 αὑτοῦ
1203 4499 1353 4563 ἐστι,
1385 4501 1536 4569 μήτε
1561 4507 1649 4570 είς
1689 4505 1943 4572 Ἰεροσό-

361 4592 548 4656 λυμα,
577 4588 664 4640 ὅτι
693 4589 867 4653 πόλις
899 4589 1028 4642 ἐστὶ
1049 4589 1477 4658 τοῦβασιλέως
1503 4595 1608 4648 τοῦ
1633 4595 1900 4664 μεγάλου
1924 4613 1936 4628 ·

2037 2108 2294 2162 adversus
2325 2107 2655 2177 impietatem
2691 2112 3017 2178 triumphus,
3044 2127 3144 2164 vox
3171 2128 3202 2166 e
3243 2111 3380 2166 ccelo
3409 2113 3611 2166 editur:

2043 2197 2142 2251 Hic
2171 2206 2248 2252 est
2279 2197 2450 2253 Filius
2485 2216 2628 2253 uicus
2663 2200 2906 2264 dilectus,
2943 2203 2996 2254 in
3025 2219 3125 2271 quo
3155 2204 3283 2256 mihi
3314 2205 3436 2256 bene
3477 2220 3621 2256 rom-

2037 2288 2211 2356 placui
2246 2291 2289 2345 '.
2327 2290 2644 2356 Considera,
2679 2307 2884 2360 qua-so,
2908 2293 3100 2357 amice,
3131 2293 3404 2363 quomodo
3435 2295 3619 2363 singu—

2039 2380 2088 2434 la
2125 2391 2439 2450 argumenta
2473 2394 2768 2452 coarguunt
2802 2383 3129 2451 impietatem
3168 2396 3328 2453 atque
3383 2387 3607 2438 convin-

2038 2485 2169 2529 cunt
2203 2492 2216 2529 :
2254 2475 2354 2530 Hic
2384 2487 2481 2543 est,
2517 2477 2718 2545 inquit,
2753 2475 2931 2530 Filius
2964 2494 3107 2530 meus
3163 2478 3406 2544 dilectus,
3443 2479 3619 2546 inquo

2039 2566 2166 2619 mihi
2242 2565 2368 2620 bene
2418 2567 2782 2636 complacui‘.
2841 2567 3015 2633 Quis?
3071 2567 3169 2623 llic
3223 2569 3406 2638 quiin
3461 2568 3619 2638 aquis

2039 2659 2337 2727 baptizatus
2363 2671 2465 2726 est,
2493 2662 2575 2715 cui
2608 2661 2775 2729 aperti
2803 2668 2928 2714 sunt
2955 2660 3095 2726 caeli,
3125 2676 3288 2729 super
3310 2677 3467 2733 quem
3497 2663 3618 2730 Spi-

2041 2752 2175 2804 ritus
2210 2766 2357 2805 meus
2386 2753 2435 2806 in
2473 2751 2738 2806 Columba:
2791 2750 2961 2804 forma
3024 2752 3298 2806 descendit
3356 2767 3385 2806 e
3437 2755 3612 2816 caelis.

2042 2852 2374 2912 testaturque
2437 2843 2584 2898 illum
2607 2858 2725 2898 esse
2767 2858 2950 2897 verum
2979 2843 3177 2897 Filium
3208 2861 3388 2901 suum.
3423 2843 3614 2899 Omnia

2044 2951 2158 2989 mea
2193 2951 2286 3003 per
2313 2951 2399 2990 res
2429 2951 2456 2988 a
2490 2951 2572 2988 me
2608 2945 2940 3005 procreatas.
2979 2934 3147 2989 Filius
3182 2950 3331 2990 mens
3362 2937 3610 2990 Volunta-

2041 3038 2151 3083 tem
2190 3044 2360 3082 meam
2392 3042 2698 3096 exsequens
2732 3029 2914 3082 mundi
2947 3027 3177 3083 salutem
3207 3029 3438 3097 peragit,
3501 3028 3615 3083 sola

2044 3117 2279 3188 Spiritus
2314 3129 2579 3188 potestate
2604 3118 2766 3173 simul
2805 3135 2925 3172 cum
2953 3119 3068 3183 illo,
3099 3120 3189 3188 qui
3245 3130 3329 3174 est
3367 3123 3612 3189 ejusdem

2042 3221 2270 3276 naturae,
2299 3209 2612 3274 CXsiSlenle,
2655 3220 2710 3266 et
2739 3211 2911 3278 reipsa
2940 3225 3255 3282 germanum
3297 3213 3467 3278 ipsum
3498 3227 3621 3268 esse

2044 3300 2238 3354 Filium
2275 3301 2602 3356 declarante.

2115 3480 2171 3536 Si
2207 3480 2255 3535 is
2281 3480 2369 3549 qui
2398 3480 2632 3534 maxime
2669 3479 2913 3535 omnium
2932 3479 3170 3544 Patrem,
3205 3489 3261 3537 et
3286 3497 3405 3553 qum
3437 3455 3616 3542 Putas

2041 3583 2186 3640 sunt,
2221 3574 2393 3636 novit,
2429 3572 2521 3628 Dei
2554 3575 2807 3628 thronum
2838 3574 3033 3630 coelum
3093 3577 3352 3646 appellat,
3413 3589 3614 3634 terram

2042 3677 2222 3723 autem
2255 3666 2571 3730 scabellum,
2612 3678 2665 3720 et
2694 3666 2974 3721 civitatem
3006 3667 3180 3737 ipsius
3215 3669 3616 3741 Hierosolyma,

2041 3775 2220 3814 nonne
2245 3775 2469 3815 summa:
2517 3761 2801 3813 dementia:
2863 3767 2968 3821 est,
3028 3773 3259 3829 quorum
3310 3762 3466 3815 testis
3527 3773 3614 3818 est

2037 3853 2232 3921 Filius,
2259 3869 2319 3907 ea
2353 3853 2613 3921 quosdam
2648 3851 2722 3906 illi
2760 3851 3020 3918 adimere,
3055 3865 3310 3907 eteorum
3339 3863 3618 3911 auctorem

2041 3946 2204 4000 alium
2233 3941 2606 3998 constituere?
2639 3942 2887 3996 Christus
2911 3942 3054 3998 enirn
3093 3942 3251 4008 Deus,
3281 3942 3440 4012 cujus
3501 3961 3621 4000 om-

2039 4038 2128 4090 nia
2183 4037 2326 4088 facta
2366 4035 2618 4103 dictaque
2649 4033 2920 4102 pertinent
2952 4035 3018 4088 ad
3070 4033 3296 4088 salutem
3351 4044 3618 4096 nostram,

2039 4142 2160 4180 cum
2190 4126 2256 4179 ab
2288 4127 2518 4189 humana
2556 4124 2659 4176 vita
2675 4117 3056 4191 jusjurandum
3088 4163 3102 4188 ,
3133 4133 3388 4194 tauquam
3417 4127 3620 4180 aditum

2041 4219 2106 4270 ad
2134 4215 2452 4285 periurium,
2493 4227 2793 4270 removeret
2831 4232 2844 4268 :
2877 4213 2988 4284 Ego
3021 4226 3221 4287 autem,
3248 4217 3445 4286 inquit,
3505 4219 3623 4271 dico

2039 4308 2205 4374 vobis,
2244 4323 2307 4361 ne
2331 4307 2522 4375 jnretis
2558 4308 2796 4371 omnino,
2821 4322 2985 4377 neque
3013 4323 3102 4372 per
3124 4309 3308 4362 malum
3339 4311 3428 4377 qui
3475 4311 3624 4363 thro.

2042 4416 2139 4454 nus
2179 4411 2254 4453 est
2282 4399 2398 4464 Dei,
2421 4413 2584 4468 neque
2634 4413 2726 4466 per
2768 4407 2987 4464 terram,
3022 4401 3151 4469 quia
3200 4401 3488 4453 rcabellum
3538 4414 3617 4455 est

2041 4492 2229 4561 pedum
2261 4492 2397 4560 ejus,
2437 4506 2600 4561 neque
2625 4506 2717 4559 per
2742 4491 3137 4562 Hierosolyma,
3168 4493 3292 4562 quia
3318 4495 3502 4547 civitas
3554 4505 3630 4547 est

2046 4586 2187 4656 regis
2218 4584 2436 4654 magni;
2463 4599 2624 4652 neque
2646 4598 2738 4650 per
2761 4593 2917 4650 caput
2947 4592 3117 4647 tuum,
3150 4587 3293 4651 quia
3328 4600 3431 4637 non
3484 4597 3628 4653 potes

361 4681 525 4735 ἀλλὰ
548 4679 696 4749 μηδὲ
725 4681 794 4733 ἐν
820 4679 894 4748 τῇ
915 4681 1152 4750 κεφαλῇ
1178 4697 1317 4746 σου,
1342 4685 1525 4754 φησὶν,
1549 4687 1638 4742 ὅτι
1660 4689 1732 4742 οὐ
1757 4687 1936 4743 δύνα-

2043 4693 2204 4730 unum
2225 4675 2476 4744 capillum
2502 4674 2680 4728 album
2732 4674 2903 4743 facere
2926 4685 3016 4727 aut
3051 4676 3280 4743 nigrum.
3335 4672 3529 4743 Caput,
3579 4684 3630 4726 et

360 4788 469 4826 σαι
493 4773 638 4840 μίαν
662 4771 833 4841 τρίχα
863 4771 1116 4839 λευκὴν,
1152 4773 1189 4840 ἢ
1219 4775 1512 4842 μέλαιναν
1540 4775 1812 4846 ποιῆσαι,
1845 4795 1936 4832 κε-

2037 4764 2425 4834 Hieroaolynta,
2451 4773 2502 4818 et
2536 4773 2754 4830 terram,
2787 4775 2834 4817 et
2865 4764 3049 4818 caelum
3083 4765 3332 4820 sensibus
3358 4780 3478 4818 esse
3528 4766 3624 4819 ob-

363 4863 564 4934 φαλὴν,
602 4865 694 4916 καὶ
741 4863 1110 4940 Ἰεροσόλυμα,
1153 4868 1248 4918 καὶ
1293 4866 1420 4934 γῆν,
1468 4869 1564 4922 καὶ
1596 4870 1822 4940 οὐρανὸν
1869 4873 1936 4927 τὰ

2039 4858 2195 4911 noxia
2244 4859 2419 4926 reipsa
2455 4858 2749 4921 cernimus,
2781 4870 2903 4925 qua:
2958 4853 3131 4910 Judaei
3181 4855 3431 4922 jurames
3488 4857 3629 4911 sole-

362 4955 598 5023 αἰσθητὰ
631 4954 698 5007 τὰ
728 4936 848 5022 ὅψὲί
886 4954 1184 5023 κρινόμενα
1216 4954 1410 5020 λέγων,
1443 4955 1478 5008 ἀ
1509 4957 1621 5014 τοῖς
1663 4936 1936 5023 Ἰουδαίοις

2039 4949 2477 5003 bantnominare.
2510 4948 2590 5001 Ac
2618 4961 2684 5001 ne
2715 4961 2926 5000 rursum
2945 4947 3010 5001 ad
3034 4945 3247 5002 fabulas
3271 4959 3323 5001 et
3346 4964 3517 5018 nugas
3540 4965 3630 5003 ca-

361 5046 434 5115 ἦν
462 5048 580 5109 illo;
605 5050 766 5116 ὅρκον
796 5045 1150 5116 ποιῆσαι.Μὴ
1181 5047 1244 5117 δὴ
1282 5047 1444 5100 πάλιν
1474 5049 1554 5110 είς
1579 5049 1804 5118 μύθους,
1841 5053 1934 5106 καὶ

2039 5048 2124 5102 Put
2148 5051 2194 5092 et
2221 5037 2605 5107 Hierosolyma,
2625 5047 2675 5091 et
2691 5048 2884 5090 terram
2903 5047 2950 5090 et
2968 5039 3154 5092 caelum
3173 5040 3378 5092 insania
3404 5039 3622 5102 referat,

360 5141 566 5210 λήρους
606 5142 705 5211 τὴν
752 5138 1013 5207 κεφαλὴν,
1049 5139 1138 5191 καὶ
1175 5139 1243 5190 τὰ
1292 5138 1663 5225 Ἰεροσόλυμα,
1705 5143 1800 5195 καὶ
1839 5143 1936 5214 τὴν

2039 5141 2096 5187 ut
2123 5145 2266 5200 saepe
2299 5131 2348 5183 in
2390 5129 2551 5184 rebus
2593 5128 2770 5184 dubiis
2820 5128 3002 5184 facere
3063 5134 3366 5198 consuevit,
3426 5132 3624 5189 ('(Blum

364 5233 508 5300 γῆν,
551 5233 645 5283 καλ⁸
677 5229 767 5282 τὸν
803 5229 1029 5298 οὐρανὸν
1057 5230 1089 5298 ὴ
1121 5229 1286 5298 μανία
1324 5221 1742 5296 παρατρεπέτω,
1771 5232 1848 5294 ὡς
1880 5236 1936 5287 ἓν

2039 5226 2162 5290 hoc,
2189 5223 2334 5293 quod
2364 5222 2535 5278 oculis
2569 5221 2862 5287 cernimus,
2898 5231 2952 5277 et
2983 5231 3184 5277 terram
3245 5224 3406 5288 hanc,
3462 5241 3624 5292 quam

366 5319 584 5383 πολλοῖς
608 5319 797 5373 εἴωθεν
834 5317 893 5382 ἐξ
922 5317 1154 5386 ἀπορίας
1184 5319 1373 5370 ποιεῖν.
1403 5317 1506 5370 Τὸν
1532 5320 1639 5389 γὰρ
1669 5321 1936 5391 ὁρώμενον

2039 5317 2329 5376 calcamus,
2373 5324 2428 5370 et
2468 5313 2856 5384 Hierosolyma,
2904 5331 3024 5385 qua:
3045 5317 3262 5385 quidem
3315 5317 3442 5370 urbs
3503 5334 3625 5370 cunt

364 5412 623 5480 0691.62.
659 5410 754 5464 καὶ
779 5409 875 5479 τὴν
909 5407 1171 5480 αἰσθητὴν
1207 5409 1312 5478 γῆν
1341 5411 1432 5462 καὶ
1464 5412 1532 5462 τὰ
1572 5409 1936 5482 Ἱεροσόλυμα,

2041 5409 2168 5463 olim
2200 5417 2346 5462 esset
2369 5407 2654 5474 aediﬁcata,
2689 5408 2868 5462 multis
2897 5418 3081 5477 postea
3125 5408 3338 5462 saeculis
3363 5423 3391 5462 a
3427 5407 3627 5460 Daviiie

369 5504 408 5557 ἃ
446 5503 609 5555 πάλαι
639 5503 735 5571 μὲν
765 5500 1104 5570 ᾠκοδόμητο,
1140 5503 1353 5567 γενεαῖς
1385 5499 1438 5552 δὲ
1476 5498 1698 5570 ὕστερον
1730 5502 1756 5553 6
1781 5502 1936 5556 Δαϐὶε

2052 5500 2352 5554 instaurata
2377 5508 2459 5554 est
2487 5507 2540 5552 et
2573 5497 2835 5563 habitata,
2867 5499 2982 5554 hac
3013 5501 3290 5560 thronum.
3321 5509 3377 5553 et
3416 5498 3628 5552 si'abel-

367 5593 744 5660 ἀνοικςξομεῖ,
779 5591 874 5643 καὶ
903 5590 1106 5652 πολίζει
1140 5588 1340 5653 ταῦτα,
1373 5589 1463 5641 τὸν
1501 5589 1601 5658 μὲν
1633 5591 1818 5659 θρόνον
1844 5609 1936 5645 κα-

2050 5589 2182 5652 lum,
2224 5598 2276 5643 et
2309 5588 2582 5643 civitatem
2610 5587 2790 5657 magni
2821 5589 2963 5656 regis
2995 5590 3272 5659 appellat;
3312 5590 3467 5660 cujus
3531 5606 3632 5640 au-

365 5686 471 5748 λεῖ,
503 5685 600 5744 τὴν
627 5684 682 5737 δὲ
713 5683 1021 5746 ὑποπόδιον,
1057 5681 1123 5733 τὰ
1152 5682 1206 5734 δὲ
1232 5681 1384 5734 πόλιν
1405 5680 1497 5733 τοῦ
1525 5682 1758 5750 μεγάλου
1791 5683 1936 5752 βασι-

2054 5692 2157 5734 ιειιι
2207 5681 2366 5750 regis,
2412 5680 2529 5749 ipse
2557 5679 2757 5735 clarius
2787 5681 2913 5736 alibi
2968 5680 3350 5736 demonstrat:
3423 5679 3626 5746 Nolite,

371 5778 528 5841 λέως,
565 5777 718 5830 ποίου
745 5777 800 5828 δὲ
825 5776 1086 5846 βασιλέως
1113 5817 1126 5840 ,
1167 5776 1326 5836 αὐτὶς
1353 5773 1581 5842 ἑτέρωθι
1615 5775 1936 5844 σαφέστερον

2052 5773 2324 5844 inquiens,
2359 5771 2530 5840 facere
2559 5773 2772 5826 domum
2803 5771 2983 5828 Patris
3018 5775 3116 5826 mei
3153 5775 3366 5826 domum
3396 5776 3630 5845 negotia-

446 5893 824 6010 ‘nMalthJVI,
873 5940 951 6001 l9,
1031 5940 1050 5968 '
1089 5937 1280 5992 Matth.
1329 5950 1409 5997 ιιι,
1459 5933 1543 5987 16.
1622 5933 1799 5987 'ihid.
1843 5935 1924 5988 i7.

2065 5935 2217 5987 Joan.
2254 5950 2291 6002 ι,
2319 5932 2405 5986 σε.
2487 5933 2506 5962 ⁵
2535 5931 2724 5984 Matth.
2756 5946 2836 5997 ill,
2873 5932 2955 5988 Π.
