4052 6292
399 507 534 575 1205

1325 507 1703 568 PANOPLIA
1745 507 2203 568 DOGMATICA.
2227 529 2294 540 -
2330 505 2482 568 ΤΙΤ.
2523 505 2735 568 XXIV.

3523 502 3662 568 1206

391 620 548 670 εἰσιν
571 619 624 670 οι
647 616 762 671 vlo!
787 614 894 672 τοῦ
915 614 1211 686 πονηροῦ.
1248 615 1313 670 '0
1337 616 1406 670 δὲ
1424 617 1638 686 ἐχθρὸς
1660 618 1692 670 ὁ
1713 615 1968 682 σπείρας

2092 621 2149 666 ἐι
2174 613 2413 666 diabolus
2451 615 2494 668 ¹.
2554 615 2720 668 Audis
2789 615 3063 683 quomodo
3116 612 3376 667 mundum
3428 617 3663 685 appellet

391 707 544 760 αὐτὰ
573 709 748 762 ἐστιν
780 713 812 763 ό
843 709 1147 775 διάϐολος.
1194 709 1438 772 Ἀκούεις
1479 709 1599 771 πῶς
1636 708 1729 761 τὸν
1765 708 1968 776 κόσμον

396 802 496 872 μὲν
525 801 720 854 ἑαυτοῦ
749 801 918 868 λέγει,
952 802 1048 854 καὶ
1079 801 1300 872 σπέρμα
1332 802 1494 855 πάλιν
1527 801 1721 854 ἑαυτοῦ
1756 803 1879 862 τοὺς
1911 799 1968 852 ὲν

397 893 545 963 αὐτῷ
569 935 584 959 ,
624 893 718 956 οὓς
748 894 841 946 καὶ
874 894 1022 952 υἱοὺς
1051 895 1152 962 τῆς
1183 893 1464 963 βασιλείας
1493 891 1680 958 λέγει,
1721 893 1880 960 μόνον
1913 889 1970 942 δὲ

393 987 493 1057 τὴν
538 987 647 1039 τῶν
696 986 950 1050 ζιζανίων
996 987 1300 1058 ὲπισπορὰν
1341 987 1420 1048 είς
1465 985 1558 1037 τὸν
1606 985 1799 1054 ἐχθρόν
1835 983 1972 1035 ἀπο.

399 1083 629 1150 πέμπει.
675 1081 764 1134 Ἐν
793 1081 847 1132 δὲ
870 1082 983 1143 τοῖς
1017 1079 1214 1148 ἐφεξῆς
1245 1077 1562 1150 περιφανῶς
1590 1075 1784 1129 ἑαυτοῦ
1819 1077 1973 1145 βασι-

397 1170 548 1224 λείαν
581 1169 950 1240 ἀνακηρύττει
983 1170 1074 1223 τὸν
1109 1169 1333 1240 κόσμον.
1371 1169 1532 1233 Πὼς;
1581 1168 1684 1220 Ἐν
1719 1165 1792 1235 τῇ
1822 1183 1974 1220 συν-

401 1265 624 1330 τελείᾳ,
669 1265 824 1332 φησὶ,
864 1264 972 1316 τοῦ
1027 1263 1244 1328 αἰῶνος
1293 1264 1534 1326 τούτου,
1571 1261 1685 1313 ἀλλ’
1721 1261 1842 1330 οὐχὶ
1878 1257 1974 1311 τοῦ

403 1354 712 1422 μέλλοντος,
754 1352 1086 1407 ἀποστελεῖ
1110 1355 1142 1405 ὁ
1181 1351 1316 1413 Υἱὸς
1361 1350 1467 1403 τοῦ
1493 1349 1806 1416 ἀνθρώπου
1838 1348 1976 1411 τοὺς

401 1443 696 1512 ἀγγέλους
725 1443 910 1496 αὑτοῦ
930 1485 943 1505 ,
976 1442 1076 1494 καί
1109 1440 1528 1504 συλλέξουσιν
1557 1440 1625 1493 ἐκ
1657 1439 1766 1505 τῆς
1794 1437 1976 1502 ,Βασι-

418 1536 572 1600 ὶείας
609 1533 818 1597 αὑτοῦ,
876 1533 1115 1600 δηλονότι
1170 1533 1262 1585 τοῦ
1317 1533 1584 1601 παρόντος
1620 1533 1849 1599 κόσμου,
1904 1530 1977 1583 τὰ

403 1625 740 1680 σκάνδαλα.
789 1626 862 1678 0'3
905 1624 1014 1695 γὰρ
1060 1625 1116 1678 ἐν
1160 1626 1226 1694 τῇ
1279 1623 1565 1693 μελλούσῃ,
1621 1625 1713 1678 καὶ
1751 1623 1977 1678 ἀτελευ-

400 1721 565 1786 τήτῳ,
620 1715 868 1785 οὓμενον,
923 1715 1045 1767 οὕτε
1084 1714 1315 1779 ξζιζὰνια
1371 1715 1672 1786 σπείρεται,
1705 1717 1800 1767 καὶ
1848 1713 1977 1782 φύε-

401 1827 514 1870 ται,
552 1807 675 1860 οὔτε
731 1807 1046 1860 συνίσταται
1100 1808 1393 1870 σκάνδαλα,
1429 1807 1515 1858 ἵνα
1565 1808 1628 1858 ὲκ
1671 1805 1874 1874 ταύτης
1927 1806 1975 1857 oi

399 1901 622 1966 ἄγγελοι
667 1899 760 1952 τοῦ
811 1900 939 1952 Υίοῦ
974 1901 1068 1952 τοῦ
1116 1898 1404 1968 ἀνθρώπου
1441 1898 1768 1962 συλλέξωσιν
1816 1899 1972 1952 αὐτὰ.

2019 720 2027 726 ·
2075 719 2256 766 sumn,
2301 715 2355 758 et
2397 719 2581 758 semen
2625 706 2752 759 item
2789 720 2968 766 suum.
3010 718 3107 760 eos
3139 705 3229 772 qui
3283 707 3335 757 in
3386 703 3478 758 illo
3515 715 3660 770 sunt,

2074 809 2211 862 quos
2237 803 2289 848 et
2315 796 2464 862 regni
2497 797 2632 849 tilios
2661 803 2842 860 vocat,
2869 803 2922 848 et
2959 797 3127 850 solam
3171 795 3393 851 inimico
3429 797 3665 851 zizanio-

2078 900 2192 938 rum
2223 887 2484 940 sationem
2540 888 2782 940 tribuat?
2813 889 2980 942 Porro
3016 889 3068 942 in
3102 888 3166 942 iis
3195 903 3312 957 quae
3336 898 3662 958 sequuntur,

2079 991 2296 1046 regnum
2325 992 2480 1031 suum
2513 989 2698 1047 aperte
2732 981 2990 1033 mundum
3049 996 3169 1034 esse
3221 981 3488 1035 declarat.
3517 981 3664 1046 Quo-

2080 1066 2277 1120 modo?
2309 1067 2375 1121 In
2401 1072 2871 1134 consummatione,
2910 1071 3106 1139 inquit.
3134 1073 3319 1126 saeculi
3348 1073 3528 1140 hujus,
3555 1090 3663 1127 non

2078 1169 2258 1215 autem
2283 1159 2466 1226 futuri,
2482 1164 2650 1215 millet
2669 1162 2842 1217 Filius
2859 1166 3088 1218 hominis
3103 1165 3313 1234 angelos
3328 1182 3473 1228 suos,
3493 1175 3541 1219 et
3559 1167 3669 1219 rol-

2078 1251 2233 1321 ligent
2257 1269 2283 1305 e
2305 1269 2460 1322 regno
2481 1271 2596 1318 suo,
2623 1271 2816 1325 nempe
2843 1270 2909 1309 ex
2945 1258 3048 1310 hoc
3079 1257 3299 1323 mundo,
3340 1259 3590 1310 scandala
3623 1260 3664 1321 ¹,

2080 1360 2252 1410 neque
2278 1348 2419 1398 enim
2455 1348 2507 1399 in
2536 1348 2714 1401 futuro
2763 1359 3018 1403 Sc-runtur
3047 1363 3411 1404 nascunturve
3433 1351 3665 1414 zizania,

2081 1452 2255 1504 neque
2276 1439 2574 1491 consistunt
2605 1441 2877 1502 scandala,
2916 1451 2972 1492 ut
2995 1441 3166 1506 angeli
3197 1441 3318 1494 Filii
3341 1442 3577 1494 hominis
3606 1456 3668 1493 ea

2077 1528 2354 1581 collecturi
2406 1529 2549 1595 sint;
2611 1532 2702 1584 sed
2748 1545 3097 1599 posteaquam
3166 1532 3393 1586 collecta
3441 1531 3667 1596 fuerint,

2077 1621 2365 1692 conjicieut
2407 1621 2493 1675 illa
2523 1623 2573 1675 in
2604 1625 2874 1677 caminum
2932 1627 3092 1695 ignis,
3152 1635 3206 1680 et
3248 1636 3373 1679 tunc
3415 1626 3546 1694 justi
3601 1626 3659 1678 in

2078 1729 2240 1783 regno
2265 1714 2446 1767 Patris
2477 1716 2556 1768 sui
2585 1714 2882 1784 fulgebunt,
2925 1727 2980 1772 ut
3013 1718 3113 1772 sol.
3145 1717 3286 1782 Quid
3325 1718 3409 1770 his
3451 1717 3664 1770 Domini

2076 1803 2256 1857 verbis
2285 1804 2508 1868 clarius,
2559 1813 2651 1857 aut
2702 1808 2943 1874 gravius,
2977 1807 3174 1876 quibus
3205 1817 3260 1861 et
3319 1804 3572 1868 mundus,
3612 1813 3667 1858 et

2078 1910 2198 1968 qnze
2232 1896 2282 1949 iu
2345 1895 2544 1949 mundo
2581 1905 2707 1949 sunt
2741 1899 2943 1962 omnia,
3003 1898 3207 1952 Christi
3256 1906 3310 1952 et
3361 1897 3668 1951 Seruatoris

415 1991 566 2043 Ἐπεὶ
629 1991 724 2042 καὶ
805 1990 946 2060 μετὰ
991 1988 1087 2058 τὴν
1157 1988 1222 2040 ἐκ
1291 1986 1386 2039 τοῦ
1445 1986 1650 2053 κόσμου
1715 1985 1976 2054 συλλογὴν

2092 1989 2249 2041 nostri
2301 2002 2422 2041 esse
2455 1989 2828 2054 declarantur,
2901 1998 2954 2044 et
2995 1990 3108 2058 ipse
3160 1989 3419 2044 Dominus
3459 2000 3514 2044 et
3577 2003 3670 2044 rex

401 2083 582 2137 αὐτῶν
627 2082 800 2137 ταῦτα
833 2082 930 2151 μὲν
964 2083 1042 2144 είς
1090 2080 1190 2150 τὴν
1234 2080 1464 2149 κάμινον
1493 2077 1587 2129 τοῦ
1629 2078 1799 2147 πυρὸς
1844 2077 1976 2147 βάλ-

2092 2088 2198 2133 tam
2250 2078 2413 2134 futuri
2449 2095 2608 2150 quam
2639 2082 2919 2151 praesentis
2940 2084 3098 2160 regni
3137 2082 3497 2156 praedicatur?

401 2175 609 2238 λονται,
644 2174 767 2226 τότε
803 2173 859 2226 δὲ
912 2173 1008 2226 καὶ
1037 2175 1086 2225 oi
1117 2171 1315 2225 δίκαιοι
1343 2173 1400 2224 ὲν
1447 2172 1515 2240 τῇ
1553 2168 1800 2239 βασιλείᾳ
1859 2168 1955 2222 τοῦ
1995 2170 2208 2240 Πατρὸς
2274 2171 2452 2225 αὐτῶν
2511 2173 2880 2243 ἐκλάμψουσιν
2917 2173 2992 2235 ὡς
3022 2174 3068 2242 6,‘
3094 2173 3266 2242 ἥλιος.
3332 2172 3398 2224 Τί
3459 2169 3675 2251 τούτων

398 2270 508 2324 τῶν
549 2269 845 2339 Κυριακῶν
906 2267 1102 2336 φωνῶν
1135 2263 1517 2334 λαμπρότερον
1554 2261 1587 2332 ἢ
1653 2261 2061 2330 δυνατώτερον,
2095 2263 2161 2315 δι’
2190 2256 2264 2316 ὧν
2294 2265 2322 2316 6
2348 2264 2554 2335 κόσμος
2601 2283 2658 2318 τε
2722 2267 2816 2318 καὶ
2858 2265 2928 2318 τὰ
2961 2267 3018 2319 ὲν
3081 2267 3230 2336 αὐτῷ
3288 2263 3384 2317 τοῦ
3436 2257 3677 2334 Χριστου

401 2368 495 2422 καὶ
548 2366 804 2436 Σωτῆρος
861 2363 1018 2434 ἡμῶν
1063 2361 1536 2432 ἀνακηρύττεται;
1573 2359 1851 2430 Δεσπότης
1899 2359 1956 2412 δὲ
2024 2361 2116 2414 καὶ
2173 2360 2428 2431 βασιλεὺς
2478 2362 2669 2433 ὥσπερ
2730 2362 2828 2433 τῆς
2894 2362 3224 2434 μελλούσης,
3275 2360 3418 2416 οὓτω
3455 2359 3679 2428 καὶτῆς

399 2459 686 2530 παρούσης
716 2455 1113 2528 ἀναγορεύεται
1145 2454 1439 2524 βασιλείας.

483 2553 688 2620 Ἐδόθη
715 2570 838 2622 μοι,
869 2553 1023 2621 φησὶ,
1051 2548 1220 2605 πᾶσα
1250 2547 1505 2611 ἐξουσία
1530 2547 1598 2599 ὲν
1621 2545 1857 2614 οὐρανῷ
1887 2544 1985 2598 καὶ

2160 2543 2299 2598 Data
2324 2553 2399 2598 est
2429 2545 2578 2610 mihi,
2615 2546 2807 2615 inquit,
2833 2546 3000 2600 omnis
3027 2554 3255 2611 potestas
3277 2545 3331 2599 in
3354 2543 3482 2598 cwlo
3529 2553 3579 2598 et
3615 2545 3676 2599 in

403 2647 503 2700 ἐπὶ
526 2644 659 2716 τῆς.
694 2642 818 2706 Πῶς
849 2639 939 2695 οὖν
974 2641 1127 2711 παρὰ
1156 2637 1248 2693 τοῦ
1280 2639 1496 2707 Πατρδς
1521 2635 1712 2688 ἔλαϐεν
1742 2635 1988 2701 ἐξουσίαν

2092 2644 2227 2689 terra
2252 2635 2298 2688 ⁸.
2323 2634 2602 2702 Quomodo
2627 2636 2833 2706 accepit
2883 2652 2914 2691 a
2970 2636 3134 2692 Patre
3181 2645 3502 2705 potestatem
3551 2635 3676 2691 (εωιὶ

402 2740 497 2792 τοῦ
536 2736 768 2809 ούρανοῦ
807 2735 900 2788 καὶ
933 2733 1034 2802 τῆς
1072 2734 1200 2801 γῆς,
1244 2725 1320 2785 ὧν
1355 2730 1454 2783 οὐκ
1487 2726 1554 2799 ἦν
1597 2727 1789 2800 κύριος
1829 2731 1855 2780 6
1912 2728 1990 2779 δι-

404 2831 550 2894 δοὺς,
585 2829 660 2892 ὡς
696 2827 852 2882 αὐτοὶ
883 2823 1143 2896 ληροῦσι;
1178 2824 1287 2876 Καὶ
1318 2824 1367 2876 εί
1399 2824 1450 2875 οἱ
1485 2823 1665 2891 ἀγροὶ,
1703 2821 1797 2873 καὶ
1825 2821 1881 2874 αἱ
1913 2822 1991 2872 ol-

407 2921 524 2974 κίαι
555 2923 652 2990 τῆς
678 2919 858 2990 χειρός
884 2919 989 2971 είσι
1018 2915 1112 2969 τοῦ
1142 2915 1406 2984 πονηροῦ,
1437 2915 1551 2976 πῶς
1576 2915 1604 2966 6
1629 2913 1831 2982 ἀγαθὸς
1855 2913 1986 2976 Θεὸς

409 3015 520 3076 τοῖς
560 3011 860 3082 προθύμως
894 3007 1328 3080 ὴκολουθηκόσιν
1362 3007 1510 3075 αὖτῷ
1545 3005 1682 3076 μετὰ
1711 3005 1820 3058 τῶν
1852 3007 1984 3058 αἰω-

409 3107 536 3159 νίων
565 3103 789 3173 ἀγαθῶν
816 3106 908 3156 καὶ
939 3104 1143 3172 ἀγροὺς
1165 3102 1259 3153 καὶ
1283 3099 1463 3161 οἰκίας
1491 3098 1857 3167 ἐπηγγείλατο
1890 3115 1990 3150 πα-

2088 2735 2143 2779 et
2171 2735 2348 2791 terrae,
2377 2742 2602 2794 quorum
2627 2727 2762 2795 ipse,
2791 2729 2883 2797 qui
2909 2728 3073 2794 dedit,
3107 2744 3212 2781 non
3237 2737 3355 2782 erat
3385 2727 3674 2790 Dominus,

2089 2828 2146 2870 ut
2173 2819 2260 2872 isti
2294 2819 2595 2887 angantur?
2625 2819 2685 2873 Et
2719 2819 2763 2873 si
2801 2821 2911 2890 agri
2949 2831 3001 2875 et
3029 2822 3224 2876 domus
3263 2833 3387 2875 sunt
3419 2836 3449 2876 e
3509 2835 3675 2874 manu

2096 2913 2242 2977 mali,
2273 2915 2545 2982 quomodo
2602 2914 2781 2968 bonus
2842 2913 2981 2968 Deus
3025 2915 3091 2969 iis
3140 2915 3231 2985 qui
3283 2915 3446 2968 alacri
3491 2914 3676 2967 animo

2093 3006 2268 3074 ipsum
2304 3008 2472 3060 secuti
2511 3007 2734 3072 fuerint,
2767 3017 2960 3075 prieter
2980 3018 3179 3062 teterna
3221 3009 3383 3074 bona,
3416 3018 3470 3061 et
3520 3022 3680 3078 agros

2101 3107 2155 3152 et
2183 3099 2369 3152 donnos
2396 3114 2452 3153 se
2500 3099 2823 3153 tributurum
2879 3101 3150 3174 promisit,
3180 3102 3222 3155 si
3271 3101 3409 3155 mala
3446 3111 3592 3167 sunt,
3625 3111 3679 3154 et

415 3199 662 3267 ρασχεῖν,
702 3194 740 3250 ἃ
769 3194 950 3264 φαῦλά
978 3194 1038 3246 τέ
1074 3195 1214 3258 ἐστι,
1246 3191 1341 3244 καὶ
1371 3189 1578 3260 φαύλου
1608 3189 1856 3259 ποιητοῦ,
1899 3194 1988 3246 καὶ

2099 3192 2304 3259 opiﬁcis
2335 3191 2480 3257 mali,
2515 3201 2568 3244 et
2591 3208 2813 3260 quorum
2853 3208 2949 3247 nec
2980 3194 3095 3263 ipse
3134 3203 3312 3264 potest
3341 3209 3461 3248 esse
3507 3193 3682 3258 domi-

410 3281 485 3342 ὧν
535 3288 660 3340 οὕτε
704 3288 892 3357 κύριος
952 3285 1111 3351 αὐτὸς
1158 3285 1324 3354 ἔχειν,
1375 3280 1498 3334 οὕτε
1547 3281 1725 3344 ἄλλοις
1805 3299 1984 3353 παρα-

415 3385 558 3452 σχεῖν
587 3399 603 3438 ι
1474 3388 1477 3392 ’

489 3473 554 3526 '0
577 3473 744 3536 αὐτὸς
789 3473 1139 3534 Ἀπόστολος,
1184 3470 1478 3541 κηρύσσων
1511 3470 1736 3537 κτίστην
1775 3468 1992 3520 πάντων

412 3571 506 3625 τόν
528 3587 587 3622 τε
615 3571 836 3639 Πατέρα
865 3567 959 3622 τοῦ
991 3568 1196 3638 Κυρίου
1222 3567 1380 3638 ἡμῶν
1423 3566 1598 3638 Ἰησοῦ
1632 3564 1868 3636 Χριστοῦ
1899 3563 1994 3616 καὶ

413 3666 575 3718 αὑτὸν
623 3662 716 3716 τὸν
762 3662 1016 3731 ἀληθινὸν
1060 3662 1212 3725 Υἱὸν,
1257 3661 1410 3713 οὐδὲν
1431 3654 1594 3731 ἧττον
1632 3657 1992 3725 καταγγέλλει

415 3756 574 3808 τοῦτο
598 3756 691 3808 καὶ
719 3756 775 3807 ὲν
807 3749 886 3816 οἷς
915 3754 1074 3822 ὑμνεῖ
1104 3751 1202 3822 τὴν
1232 3753 1392 3824 χάριν
1423 3754 1524 3820 τὴν
1553 3751 1802 3804 δοθεῖσαν
1821 3747 1990 3817 αὐτῷ,

415 3846 616 3901 καὶτοῦ
634 3844 1160 3906 καταπιστευοέντος
1187 3842 1494 3912 μυστηρίου
1517 3841 1613 3910 τὴν
1631 3841 1883 3908 δύναμιν.
1905 3842 1995 3892 Εἰ·

414 3941 534 3994 πὼν
551 3942 660 4009 γὰρ
675 3941 770 4005 ὡς,
790 3938 953 4006 Ἐμοὶ
986 3938 1066 4002 τῷ
1090 3937 1536 4004 ἐλαχιστοτέρῳ
1552 3937 1796 3987 πάντων
1816 3934 1994 3999 ἐδόθη

413 4035 452 4101 ἡ
480 4031 655 4101 χάρις
679 4031 830 4097 αὕτη
852 4031 920 4084 ἐν
945 4028 1071 4094 τοῖς
1093 4029 1334 4086 ἔθνεσιν
1353 4026 1866 4094 εὐαγγελίσασθαι
1895 4024 1999 4078 τὸν

413 4125 886 4192 ἀνεξιχνίαστον
903 4121 1174 4176 πλοῦτον
1191 4119 1298 4173 τοῦ
1323 4117 1604 4186 Χριστοῦ,
1622 4117 1717 4170 καὶ
1739 4116 1889 4184 φωτί
1894 4131 1998 4170 σαι

413 4215 664 4280 πάντας,
683 4213 823 4281 τίςή
843 4214 1154 4281 οίκονομία
1171 4209 1627 4279 τοῦμυστηρίου
1652 4207 1756 4260 τοῦ
1779 4208 1998 4261 ἀποκε-

414 4305 760 4374 κρυμμένου
819 4306 938 4360 ἀπὸ
979 4304 1096 4357 τῶν
1124 4306 1353 4356 αίὼνων
1386 4302 1454 4353 ἐν
1495 4299 1573 4364 τῷ
1615 4300 1758 4364 Θεῷ,
1799 4301 1999 4354 αὐτίκα

417 4399 700 4462 συνάπτει,
733 4397 814 4462 τῷ
844 4401 916 4451 τὰ
943 4396 1142 4450 πάντα
1174 4396 1449 4448 κτίσαντι
1482 4393 1578 4446 διὰ
1616 4393 1824 4460 Ἰησοῦ
1857 4395 1997 4460 Χρι-

2094 3297 2214 3348 nus,
2252 3298 2346 3338 nec
2380 3283 2515 3339 alios
2540 3283 2905 3351 constituere?

2167 3458 2311 3518 ldem
2345 3458 2657 3526 Apostolus,
2692 3472 2814 3512 cum
2847 3473 3025 3511 rerum
3079 3457 3332 3512 omnium
3373 3466 3686 3527 procreato-

2095 3565 2209 3603 rem
2259 3550 2580 3619 praedicaret
2635 3549 2854 3606 Patrem
2888 3549 3101 3605 Domini
3161 3551 3328 3604 nostri
3370 3549 3498 3604 Jesu
3529 3549 3686 3604 Chri-

2097 3642 2189 3707 sti,
2218 3651 2271 3698 et
2302 3643 2477 3711 ipsum
2509 3658 2693 3696 verum
2729 3642 2946 3707 Filium,
2977 3653 3156 3696 tamen
3179 3643 3280 3698 hoc
3310 3643 3477 3696 etiam
3503 3651 3686 3696 osten-

2098 3732 2176 3786 dit
2211 3733 2262 3786 in
2293 3733 2360 3788 iis
2391 3734 2443 3788 in
2477 3734 2676 3804 quibus
2706 3734 2932 3804 gratiam
2967 3735 3228 3799 celebrat,
3271 3735 3372 3790 sibi
3407 3736 3594 3788 datam
3630 3744 3686 3787 et

2099 3827 2361 3880 creditam
2407 3827 2647 3897 mysterii
2679 3837 3027 3895 potestatem.
3061 3827 3197 3881 Cum
3232 3829 3375 3880 enim
3403 3827 3628 3892 dixisset
3669 3844 3682 3880 :

2101 3917 2236 3970 Mihi
2272 3925 2448 3970 autem
2483 3920 2712 3971 omnium
2744 3920 2960 3972 minimo
2994 3919 3122 3972 data
3144 3929 3218 3972 est
3245 3920 3419 3988 gratia
3465 3914 3596 3978 haec,
3631 3918 3686 3970 in

2100 4010 2337 4078 gentibus
2365 4011 2725 4079 eunngelizare
2755 4011 3250 4083 impervestigabiles
3282 4013 3492 4064 divitias
3526 4011 3686 4064 Chri-

2101 4104 2192 4167 sti,
2233 4115 2279 4157 ει
2316 4103 2621 4158 illuminare
2665 4121 2864 4170 omnes,
2890 4123 3008 4174 qua:
3055 4107 3124 4159 sit
3153 4107 3472 4174 dispensatio
3509 4122 3693 4158 sacra-

2101 4194 2570 4249 mentiabsconditi
2611 4212 2642 4248 a
2699 4198 2908 4250 swculis
2941 4197 2996 4249 in
3046 4198 3387 4260 Deo,'statim
3419 4196 3642 4264 subjicit
3674 4213 3688 4248 :

2100 4291 2189 4359 qui
2231 4289 2408 4344 omnia
2457 4291 2647 4344 creavit
2708 4308 2798 4359 per
2851 4290 3029 4345 Jesum
3093 4291 3364 4346 Christum
3400 4288 3443 4344 ⁵.
3501 4286 3687 4356 Itaque

2103 4397 2282 4436 rerum
2340 4383 2582 4437 omnium
2634 4393 2949 4453 procreator
3003 4393 3087 4436 est
3129 4381 3309 4448 Pater,
3367 4391 3422 4435 et
3506 4395 3687 4434 rerum

387 4488 591 4572 ἱστοῦ.
623 4488 786 4542 Ὥστε
812 4487 1026 4540 πάντων
1056 4486 1155 4554 μὲν
1189 4483 1413 4554 κτίστης
1447 4485 1474 4534 6
1510 4484 1699 4553 Πατὴρ
1719 4521 1732 4545 ,
1775 4482 1988 4536 πάντων

2104 4475 2231 4531 item
2281 4476 2524 4530 omnium
2579 4485 2891 4545 procreator
2951 4487 3034 4530 est
3115 4475 3306 4530 Filius.
3363 4475 3693 4529 Communes

378 4532 485 4650 ἴδε,
504 4532 732 4650 κτίστης
762 4582 789 4633 6
814 4579 963 4641 Υἱός.
995 4532 1190 4631 κοινὸν
1218 4576 1327 4644 γὰρ
1481 4532 1773 4643 ἀδιάφορον
1805 4573 1996 4646 ὥσπερ

484 4623 801 4742 φύσις,⁸;ιαὶ
829 4675 862 4742 ἡ
894 4623 1138 4739 ἐξουσία,
1171 4623 1267 4722 κάὶ
1295 4623 1327 4740 εί]
1360 4623 1635 4738 βασιλείαῖ
1658 4623 1750 4720 καὶ
1778 4671 1812 4738 ἡ
1845 4623 2002 4722 86v;-

388 4741 536 4835 ξμις,
569 4763 711 4817 οὕτω
741 4741 905 4834 καὶίή
936 4763 1268 4833 δημιουργία
1298 4763 1407 4814 τῶν
1438 4761 1650 4831 ὁρατῶν
1682 4777 1742 4813 τε
1769 4762 1864 4813 καὶ
1909 4762 2003 4814 ἀο-

392 4845 603 4931 [ράτων
629 4861 870 4924 πάντων,
903 4861 998 4914 καὶ
1028 4860 1088 4924 ἐξ
1113 4859 1214 4911 οὐκ
1243 4858 1414 4911 ὄντων
1446 4858 1526 4920 είς
1561 4857 1620 4911 τὸ
1653 4854 1795 4910 εῖναι
1827 4874 2000 4928 προα-

359 4951 396 4966 ”
421 4951 578 5020 γωγὴ
607 4953 700 5003 καὶ
731 4951 1011 5014 ούσίωσις.

508 5043 598 5094 Ἐν
635 5042 817 5104 ἄλλοις
849 5040 1118 5110 θεολογῶν
1151 5042 1178 5094 6
1212 5040 1423 5103 Παῦλός
1466 5058 1634 5112 φησιν
1661 5057 1674 5072 °
1715 5037 1818 5108 Εἷς
1854 5041 1998 5108 Θεὸς

424 5134 522 5186 καὶ
540 5133 742 5202 Πατὴρ
760 5132 1023 5198 πάντων,
1047 5131 1192 5188 deni
1214 5132 1477 5200 πάντων,
1501 5134 1598 5186 καί
1614 5133 1710 5188 διὰ
1733 5134 1996 5201 πάντων,

423 5225 522 5278 καί
555 5225 623 5278 ἐν
657 5223 850 5281 πᾶσιν
877 5225 1042 5294 ἡμῖν.
1089 5226 1433 5280 Ἀδιάστατον
1462 5226 1517 5279 δὲ
1569 5227 1664 5280 καὶ
1699 5227 2001 5297 ἀμέριστον

423 5313 612 5382 ὥσπερ
644 5313 739 5384 τὴν
771 5314 934 5383 φύσιν
969 5315 1062 5369 καὶ
1098 5316 1160 5367 τὸ
1189 5315 1423 5385 θέλημα,
1476 5315 1619 5370 οὕτω
1649 5320 1743 5371 καὶ
1773 5318 1869 5387 τὴν
1899 5317 1997 5388 δη-

426 5406 718 5476 μιουργίαν
747 5409 840 5459 καὶ
873 5408 933 5461 τὸ
971 5407 1173 5478 κράτος
1199 5408 1356 5472 εἰδὼς
1384 5408 1480 5462 τοῦ
1514 5410 1727 5479 Πατρδς
1780 5411 1876 5464 καὶ
1903 5411 1998 5464 τοῦ

430 5499 579 5564 Υἱοῦ,
638 5499 710 5552 τὰ
756 5499 900 5552 αὐτὰ
951 5503 1049 5554 καὶ
1096 5502 1225 5571 περὶ
1277 5502 1372 5554 τοῦ
1422 5502 1678 5571 Σωτῆρος
1718 5505 2004 5575 πεπαρρη-

423 5593 700 5662 σιασμένῃ
748 5593 942 5662 κράζει
997 5598 1148 5664 φωνῇ
1188 5609 1204 5624 ο
1246 5594 1350 5647 Ἐν
1396 5592 1559 5657 αὐτῷ
1614 5593 1754 5663 γὰρ,
1807 5599 2004 5665 φησὶν,

420 5682 674 5750 ἐκτίσθη
714 5685 785 5736 τὰ
831 5683 1048 5747 πάντα,
1093 5686 1163 5737 τὰ
1201 5685 1258 5738 ὲν
1297 5687 1408 5748 τοῖς
1439 5686 1689 5755 οὐρανοῖς
1733 5686 1996 5756 δηλονότι,

422 5775 516 5823 καὶ
549 5775 619 5824 τὰ
645 5776 736 5824 ἐπὶ
769 5775 866 5844 τῆς
898 5775 1024 5844 γῆς.
1053 5775 1173 5829 Ἵνα
1206 5778 1280 5845 μὴ
1313 5777 1346 5845 ἡ
1379 5777 1547 5845 μανία
1576 5777 1773 5848 λήρου,
1805 5777 2002 5840 ἄλλους

2102 4567 2245 4622 enim
2296 4576 2348 4621 et
2409 4565 2780 4622 indiﬂ'erentes
2832 4577 2940 4620 tum
2977 4579 3188 4633 natura,
3226 4576 3282 4622 et
3335 4576 3596 4635 potestas,
3637 4575 3694 4620 et

2103 4674 2354 4730 regnum,
2386 4666 2439 4713 et
2465 4659 2660 4724 virtus,
2696 4667 2807 4712 tum
2855 4660 3015 4713 etiam
3043 4674 3224 4713 rerum
3273 4659 3541 4722 omnium,
3575 4674 3694 4726 qua:

2105 4753 2373 4816 videntur,
2400 4761 2455 4807 et
2483 4767 2605 4822 quae
2645 4766 2749 4805 non
2777 4752 3052 4815 videntur,
3073 4751 3402 4819 procreatio,
3427 4760 3481 4803 et.
3504 4765 3692 4803 earum

2103 4858 2167 4896 ex
2197 4843 2367 4898 nihilo
2424 4843 2674 4898 deductio
2701 4851 2755 4897 et
2787 4842 3164 4896 conformatio.

2174 5042 2313 5097 Alibi
2375 5041 2572 5096 Paulus
2615 5039 2684 5096 de
2746 5040 2910 5095 rebus
2952 5041 3148 5098 divinis
3198 5043 3365 5098 verba
3431 5043 3637 5100 faciens
3677 5084 3692 5109 ,

2101 5130 2272 5197 Unus,
2306 5133 2498 5202 inquit,
2532 5131 2668 5186 Deus
2697 5142 2745 5186 et
2773 5131 2932 5187 Pater
2963 5136 3218 5200 omnium,
3250 5138 3340 5205 qui
3397 5153 3554 5205 super
3582 5155 3698 5192 om-

2099 5225 2209 5290 nia,
2232 5235 2278 5278 et
2311 5240 2402 5294 per
2424 5223 2619 5290 omnia,
2654 5235 2699 5278 et
2718 5225 3022 5286 inomnibus
3056 5229 3203 5282 nobis
3229 5228 3271 5283 ⁵.
3313 5227 3504 5283 Verum
3571 5246 3694 5285 cum

2099 5317 2284 5383 sciret,
2323 5325 2382 5370 ut
2431 5327 2681 5371 naturam
2727 5327 2781 5372 et
2816 5319 3170 5386 voluntatem,
3219 5321 3298 5375 sic
3357 5323 3523 5376 etiam
3571 5339 3698 5392 pro-

2100 5411 2432 5464 creationem
2496 5419 2552 5465 et
2603 5409 2890 5480 imperium
2953 5412 3132 5466 Patris
3178 5422 3230 5467 et
3262 5412 3383 5467 Filii
3437 5427 3697 5470 uonesse

2101 5501 2348 5570 seiuncta
2405 5512 2497 5562 aut
2562 5513 2832 5572 separata,
2897 5503 3038 5557 idem
3073 5505 3234 5558 etiam
3271 5504 3340 5559 de
3403 5504 3696 5561 Servatore

2109 5596 2368 5648 audacter
2400 5595 2716 5662 pronuntiat
2761 5612 2776 5649 :
2810 5594 2876 5648 In
2921 5598 3032 5664 ipso
3071 5596 3232 5661 enim,
3282 5597 3478 5667 inquit,
3515 5607 3697 5653 creata

2111 5693 2232 5738 sunt
2269 5685 2444 5737 omnia
2475 5685 2516 5748 °,
2545 5699 2740 5753 nempe
2772 5699 2892 5753 quae
2915 5686 2970 5740 in
3001 5685 3176 5751 cmlis,
3206 5698 3261 5742 et
3292 5703 3412 5757 quae
3457 5689 3511 5743 in
3555 5701 3699 5744 terra

2110 5787 2256 5832 sunt.
2287 5779 2364 5830 Ac
2395 5793 2463 5831 ne
2503 5777 2730 5831 istorum
2757 5777 2965 5830 insania
3002 5779 3086 5832 his
3110 5780 3288 5835 verbis
3336 5782 3470 5835 alias
3521 5795 3698 5848 nugas

486 5955 505 5986 ⁸
549 5956 740 6014 Matth.
761 5973 885 6026 xm,
908 5960 995 6026 37,
1017 5961 1104 6020 3:).
1152 5961 1170 5992 ³
1198 5961 1435 6030 lbid.-i0,
1459 5962 1547 6018 ll.
1627 5963 1646 5994 ³
1673 5961 1861 6017 Matth.
1882 5964 2176 6048 XIVlllLiS.
2232 5964 2250 5995 δ
2285 5963 2479 6035 Ephes.
2500 5965 2648 6048 nt,§,
2668 5966 2719 6021 9.
2777 5966 2796 5995 ⁵
2819 5963 3017 6036 Ephes.
3042 5978 3114 6030 tv,
3134 5964 3188 6021 6.
3269 5967 3288 5998 ⁸
3313 5967 3515 6024 Coloss.
3545 5970 3690 6036 1,16.
