4052 6292
458 437 612 555 Ι’1207

1699 450 2081 514 EUTIIYMII
2123 459 2480 524 ZIGABENI

3562 473 3674 538 1203

469 561 708 632 aﬁingat,
767 563 1019 631 sequitur
1043 564 1319 635 explicans
1348 563 1438 619 illa
1463 579 1582 635 qua:
1617 566 1670 620 in
1697 568 1850 622 caelis
1875 577 2050 622 terra-

2167 576 2277 636 ταῖς
2327 577 2502 646 ἱεραῖς
2550 580 2756 646 φωναῖς
2789 579 3088 652 ὑποδάλλῃ,
3119 580 3218 647 ,ἔτι
3257 582 3396 637 κατὰ
3438 588 3678 656 συνέχειαν

470 673 576 720 que
604 667 752 712 sunt:
781 657 849 711 Et
867 659 1000 725 haec,
1027 658 1220 725 inquit,
1244 660 1421 712 omnia
1450 661 1504 714 in
1533 662 1646 728 ipso
1680 673 1859 716 creata
1903 673 2047 729 sunt,

469 759 514 797 ει
540 763 633 815 per
670 749 860 814 ipsum,
891 759 940 802 et
991 749 1046 802 in
1101 752 1273 818 ipsum
1305 753 1344 804 ί.
1384 751 1664 817 Quomodo
1714 755 1874 822 igitur
1905 754 2051 808 defe-

471 849 683 892 ctorum
705 839 928 893 istorum
955 841 1133 894 rabies
1158 841 1324 895 alium
1350 859 1526 896 rerum
1549 845 1858 911 visibilium,
1887 847 2050 900 alium

470 929 819 983 invisibiliqu
880 940 1157 985 auctorem
1219 936 1684 990 comminiscitur?

535 1106 825 1162 Inrisibilia
869 1108 988 1173 Dei,
1020 1110 1194 1179 inquit
1224 1113 1378 1166 divus
1438 1113 1655 1180 Paulus,
1715 1132 1748 1168 α
1815 1130 2054 1170 creatura

467 1201 754 1270 mundiper
769 1218 827 1254 ea
845 1218 962 1272 quw
979 1204 1120 1264 facta
1134 1213 1278 1272 sunt,
1301 1206 1559 1259 intellecta
1579 1208 1967 1274 conspiciuntur
1991 1209 2011 1238 ¹
2038 1225 2052 1273 ;

465 1307 526 1342 ea
553 1306 670 1352 quae
689 1291 833 1345 facta
877 1303 1022 1354 sunt,
1071 1295 1256 1348 orbem
1289 1295 1600 1364 signiﬁcant
1631 1298 1958 1361 universum,
2002 1309 2057 1352 et.

467 1392 800 1447 quan-nnque
831 1381 930 1433 sub
956 1397 1175 1434 sensum
1195 1383 1412 1436 cadunt.
1441 1379 1560 1435 ilzec
1574 1381 1715 1436 enim
1747 1385 1850 1436 nisi
1875 1391 2058 1438 essent

467 1470 616 1532 honi,
645 1460 741 1524 sed
795 1473 944 1535 mali,
998 1476 1269 1544 quomodo
1330 1475 1442 1526 ﬁeri
1486 1484 1686 1542 posset,
1746 1485 1806 1528 ut
1837 1491 1929 1542 per
1970 1476 2055 1530 illa

467 1572 820 1623 cernerentur
860 1565 1148 1619 invisibilia
1185 1567 1294 1632 Dei,
1329 1574 1382 1619 et
1419 1577 1746 1634 sempitern:
1785 1567 1905 1635 ejus
1943 1569 2058 1625 vir,-

473 1661 558 1705 tus
587 1667 649 1705 ac
699 1651 1000 1708 divinitas?

537 1825 592 1882 Si
619 1843 705 1882 res
736 1839 981 1895 terrente,
1022 1841 1079 1885 ut
1130 1831 1390 1886 maledica
1437 1845 1599 1903 atque
1651 1833 1813 1902 impia
1877 1834 2056 1902 lingua

467 1918 629 1971 audet
677 1921 880 1983 dicere,
939 1930 1080 1983 sunt,
1126 1922 1273 1986 muli,
1329 1923 1599 1990 quomodo
1640 1924 1889 1976 dicuntur
1939 1937 2059 1978 esse
2090 1930 2132 1986 Β

467 2012 771 2064 coinmunis
807 2011 1016 2065 Domini
1051 2028 1113 2066 ac
1151 2012 1455 2067 Servatnris
1486 2014 1688 2068 nostri?
1723 2013 1789 2068 In
1822 2016 2038 2084 propria

465 2101 626 2163 enim,
669 2103 860 2171 inquit,
919 2105 1076 2166 venit,
1119 2113 1167 2156 et
1229 2106 1312 2158 sui
1361 2123 1479 2159 eum
1539 2122 1641 2158 non
1683 2118 1982 2174 receperunt
2015 2107 2058 2162 ³.

467 2193 692 2257 Quodsi
726 2194 1031 2248 desertores
1053 2195 1305 2259 dixerint,
1361 2211 1455 2265 per
1510 2199 1724 2265 prapria
1782 2213 2062 2253 sermones

467 2285 811 2353 prepheticos
852 2286 1098 2354 intelligi,
1138 2288 1201 2340 ad
1246 2302 1443 2355 eosque
1472 2287 1744 2343 Christum
1771 2290 1976 2353 venire,
2009 2297 2063 2343 et

469 2377 536 2430 ah
567 2379 672 2432 illis
697 2393 800 2432 non
831 2380 1014 2448 recipi,
1043 2380 1460 2440 animadvertite
1479 2381 2059 2450 singularemipsorum

468 2471 755 2524 stultitiam
825 2484 880 2539 et
955 2473 1371 2541 impudentiam.
1470 2475 1712 2530 Primum
1790 2477 2061 2545 quomodo

469 2577 749 2615 sermones
799 2564 1140 2630 propheticos
1171 2565 1358 2619 dicunt
1405 2581 1527 2621 esse
1553 2568 1752 2621 Christi
1789 2570 2056 2636 proprios,

470 2665 592 2702 cum
649 2653 939 2720 prophetas
972 2653 1114 2720 ipsos
1147 2654 1331 2707 dicant
1386 2670 1506 2708 esse
1539 2656 1665 2708 muli
1703 2657 1974 2722 ﬁgmenta,
2006 2669 2061 2712 et

470 2746 537 2795 ab
567 2745 682 2812 ipso
709 2745 1121 2813 iuspirationem
1147 2747 1459 2815 accepisse?
1487 2749 1685 2802 Deinde
1707 2753 1978 2816 quomodo
2007 2752 2060 2805 in

471 2851 750 2895 sermones
797 2837 1144 2906 propheticus
1173 2841 1349 2896 ,veuit
1400 2839 1686 2894 Christus?
1719 2840 1798 2894 Ad
1857 2843 2062 2896 alienos

469 2931 636 2993 enim,
668 2939 726 2984 ut
768 2931 868 3000 ipsi
900 2931 1162 2996 sentiunt,
1197 2932 1456 2997 venisset,
1510 2947 1633 2986 cum
1700 2935 1908 2987 alienos
1942 2921 2063 2990 esse

471 3021 653 3086 dicant
681 3037 961 3077 sermones
997 3023 1367 3092 propheticos,
1401 3034 1455 3078 et
1495 3025 1561 3078 ab
1617 3025 1794 3078 alieno
1829 3025 2064 3094 inspira-

471 3123 576 3179 los,
603 3127 710 3168 non
749 3125 926 3168 autem
962 3129 992 3168 a
1023 3115 1166 3168 bono
1213 3115 1342 3169 Deo.
1391 3113 1655 3169 Praeterea
1689 3117 1884 3184 quibus
1917 3128 2064 3186 pote-

474 3213 672 3258 stateui
702 3206 848 3258 dedit
877 3205 1042 3272 Deus,
1073 3217 1134 3261 ut
1157 3207 1251 3260 ﬁlii
1287 3207 1375 3260 Dei
1409 3206 1626 3260 ﬁeriut?
1649 3205 2061 3276 Propheticisne

471 3297 854 3352 sermonibus?
883 3297 1014 3363 Quae
1043 3313 1194 3366 nugze
1222 3309 1348 3353 sunt
1379 3299 1531 3352 istae?
1571 3297 1865 3352 Sermones
1912 3299 2055 3352 enim

470 3391 512 3441 si
543 3405 609 3442 ex
638 3389 750 3444 Deo
784 3397 935 3456 sunt,
969 3390 1036 3443 ah
1067 3389 1159 3442 illo
1205 3391 1425 3454 habent,
1462 3400 1518 3441 ut.
1567 3390 1677 3443 sint
1709 3390 1878 3458 ipsius
1933 3403 2058 3458 pro-

470 3483 572 3555 prii
604 3499 619 3548 ;
647 3483 731 3536 sin
764 3498 827 3537 ex
859 3482 1019 3547 malo,
1050 3482 1317 3549 quomodo
1353 3481 1466 3536 ﬁeri
1522 3489 1749 3550 possunt
1787 3481 1881 3534 ﬁlii
1931 3480 2060 3535 Dei?

473 3577 738 3632 Praeterea
767 3576 890 3647 quis
915 3590 1093 3630 sermo
1125 3575 1472 3644 propheticus
1516 3588 1580 3627 ex
1608 3572 1978 3642 sanguinibus,
2008 3581 2062 3626 et

472 3686 536 3725 ex
573 3669 852 3724 voluntate
879 3667 1004 3734 viri,
1041 3677 1094 3721 et
1121 3683 1184 3721 ex
1221 3666 1504 3722 voluntate
1542 3667 1724 3720 carnis
1753 3675 1910 3719 natus
1942 3665 2062 3720 est?

474 3762 706 3833 Subjicit
755 3763 945 3814 enim:
996 3758 1101 3824 Qui
1152 3775 1254 3812 non
1306 3774 1371 3811 ex
1432 3754 1801 3826 sanguinibus,
1861 3771 1950 3808 nec
1996 3769 2061 3807 ea:

472 3857 736 3912 voluntate
760 3855 876 3914 viri,
908 3870 1000 3907 nec
1037 3869 1102 3906 ea:
1153 3853 1422 3907 voluntate
1457 3851 1651 3914 carnis,
1707 3848 1795 3903 sed
1841 3865 1904 3902 ea:
1952 3847 2060 3902 Deo

475 3950 584 4002 uati
608 3958 726 4000 sunt
760 3947 804 4001 ’⁵.
838 3946 1071 4013 Quinam
1108 3945 1270 4015 igitur
1301 3959 1366 3997 ex
1403 3942 1754 4013 sanguiuihus
1792 3942 1900 3994 nati
1944 3954 2059 3995 ser-

476 4053 687 4105 mones,
722 4046 776 4090 et
805 4038 893 4104 qui
931 4035 1076 4091 non?
1133 4033 1320 4089 Restat
1372 4048 1525 4102 ergo,
1589 4041 1650 4084 ut
1693 4047 1789 4100 per
1842 4032 2064 4102 propria

475 4133 705 4186 mundus
738 4131 1096 4200 intelligatur;
1131 4126 1585 4198 quemadmodum
1642 4134 1697 4179 et
1746 4124 1868 4178 alibi
1897 4125 2064 4179 disci—

475 4223 628 4292 pulos
661 4222 952 4290 all0quitur
984 4240 997 4275 :
1031 4220 1189 4285 Ecce,
1232 4218 1424 4290 inquit,
1467 4219 1604 4271 venit
1636 4217 1787 4282 hora,
1843 4225 1902 4270 ut
1955 4217 2066 4270 dis-

474 4315 794 4385 pergamiui,
826 4314 1186 4382 unusquisque
1233 4312 1304 4363 ad
1354 4311 1567 4382 propria
1601 4307 1644 4361 ³.
1679 4309 1935 4374 Quaenam
1976 4308 2064 4361 hic

477 4407 709 4476 appellat
782 4405 1037 4474 propria?
1108 4403 1538 4473 Propheticosue
1616 4401 1934 4456 sermones?
1995 4415 2064 4454 an

477 4500 850 4570 possessiones
876 4508 928 4553 et
956 4500 1143 4552 domos
1192 4495 1567 4566 singulorum?
1599 4492 2063 4559 Quemadmodum

2163 667 2513 738 ὲπεξηγεϊται
2531 670 2652 723 τίνα
2679 673 2788 724 εἰσὶ
2817 673 2884 726 τὰ
2914 674 2971 726 ὲν
2990 675 3102 736 τοῖς
3129 674 3392 743 οὐρανοῖς,
3417 677 3580 731 καὶτὰ
3604 682 3680 734 ἐπὶ

2161 757 2261 824 τῆς
2305 759 2429 826 γῆς,
2472 759 2551 811 ὃτι
2590 759 2658 812 τὰ
2679 760 2850 831 ὁρατὰ
2889 763 2984 814 καὶ
3029 763 3098 816 τὰ
3131 763 3357 832 ἀόρατα.
3398 765 3500 818 Καὶ
3537 768 3680 822 ταῦτα

2162 846 2341 900 πάντα
2366 850 2422 899 ὲν
2448 848 2597 916 αὑτῷ
2623 866 2788 919 φησιν
2816 851 3084 913 ἐκτίσθαι,
3108 852 3198 904 καὶ
3221 853 3288 905 δι’
3311 853 3489 918 αὑτοῦ,
3519 859 3599 908 καὶ
3618 859 3682 917 εἰς

2165 936 2352 992 αὐτόν.
2391 939 2512 998 Πῶς
2554 938 2646 991 οὖν
2681 941 2708 1008 ἡ
2739 941 3082 1008 ἀποστατικὴ
3117 943 3288 995 λύσσα
3317 943 3422 995 τῶν
3463 946 3550 1014 μὲν
3578 949 3682 1017 op:-

2162 1028 2273 1081 τῶν
2297 1030 2454 1084 ἄλλον
2479 1033 2714 1086 ’πλάττει
2760 1035 3011 1104 ποιητὴν,
3048 1034 3207 1088 ἄλλον
3232 1035 3286 1088 δὲ
3316 1036 3418 1087 τῶν
3445 1037 3681 1104 ἀοράτων;

2234 1122 2400 1191 Φησὶν
2427 1124 2454 1174 ὁ
2478 1125 2618 1184 θεῖος
2641 1115 2871 1189 Παῦλος,
2891 1127 2971 1178 ὅτι
2998 1125 3074 1180 Τὰ
3101 1126 3323 1192 ἀόρατα
3347 1127 3539 1192 αὑτοῦ,
3560 1145 3686 1181 τουτ-

2164 1213 2279 1265 έστι
2305 1213 2396 1266 τοῦ
2445 1215 2650 1282 ἀγαθοῦ
2697 1216 2870 1279 Θεοῦ,
2911 1218 3030 1272 ἀπὸ
3064 1221 3318 1284 κτίσεως
3356 1221 3564 1286 κόσμου
3587 1221 3686 1287 τοῖς

2163 1305 2455 1373 ποιήμασι
2471 1294 2770 1374 morigera
2791 1308 3132 1376 καθορᾶται,
3153 1311 3432 1378 ποιήματα
3453 1310 3602 1377 λέγων
3613 1311 3685 1363 τὸν

2170 1398 2410 1467 παρόντα
2441 1398 2644 1465 κόσμον
2666 1439 2680 1462 ,
2721 1401 2817 1451 καὶ
2844 1400 2945 1452 ὅσοι
2974 1401 3079 1453 ὑπὸ
3107 1401 3207 1469 τὴν
3241 1400 3504 1470 αἴσθησιν.
3534 1401 3683 1458 Ταῦτα

2165 1490 2272 1558 γὰρ
2303 1491 2348 1543 εἰ
2481 1491 2573 1542 τοῦ
2608 1491 2810 1559 ἀγαθοῦ
2842 1487 3002 1563 ἦσαν,
3035 1492 3172 1546 ἀλλᾶ
3202 1491 3297 1544 τοῦ
3330 1493 3585 1562 πονηροῦ,
3607 1495 3685 1560 οὐκ

2166 1583 2232 1634 ἂν
2265 1585 2322 1634 ἐν
2375 1587 2487 1646 τοῖς
2530 1584 2624 1636 τοῦ
2681 1587 2918 1654 πονηροῦ
2955 1587 3228 1655 ποιήμασι
3267 1585 3335 1637 τὰ
3380 1585 3572 1653 ἀόρατα
3615 1585 3688 1636 τοῦ

2167 1672 2374 1740 ἀγαθοῦ
2419 1673 2806 1744 καθεωρῶντο,
2832 1675 2866 1746 ἦ
2902 1676 3166 1737 τεσάἲδιος
3190 1673 3356 1727 αὐτοῦ
3381 1675 3587 1744 δύναμις
3619 1675 3693 1728 καὶ

2165 1762 2376 1834 θεότης.

2237 1856 2410 1926 Εἴπερ
2431 1894 2446 1918 ,
2475 1855 2550 1919 ὡς
2575 1857 2607 1926 ἡ
2646 1857 2970 1928 βλάσφημος
2999 1859 3092 1911 καὶ
3120 1859 3387 1930 δυσσεϐὴς
3415 1859 3695 1930 θρασύνεται

2161 1948 2402 2016 γλῶσσα,
2430 1951 2498 2002 τὰ
2532 1951 2750 2016 ἐπίγεια
2778 1950 2872 2002 τοῦ
2902 1951 3140 2022 πονηροῦ
3159 1991 3172 2015 ,
3215 1952 3333 2014 πῶς
3373 1952 3596 2018 λέγονται
3620 1951 3693 2002 τοῦ

2163 2040 2343 2094 κοινοῦ
2377 2041 2535 2110 ήμῶν
2577 2041 2851 2095 Δεσπότου
2895 2044 2989 2094 καὶ
3035 2044 3332 2114 Σωτῆρος;
3368 2043 3467 2108 Εἰς
3508 2043 3570 2095 τὰ
3601 2041 3696 2094 ἴδια

2162 2133 2272 2202 γὰρ
2292 2129 2458 2202 ἦλθε,
2494 2133 2649 2204 φησὶ,
2684 2134 2782 2186 καὶ
2813 2137 2867 2188 οἱ
2900 2134 3038 2188 ἴδιοι
3063 2137 3258 2188 αὐτὸν
3285 2137 3355 2188 οὺ
3384 2134 3696 2201 παρέλαϐον.

2162 2223 2224 2276 Εἰ
2249 2223 2306 2274 δὲ
2340 2223 2552 2289 λέγοιεν
2579 2224 2627 2274 οἱ
2659 2223 2966 2276 ἀποστάται
2998 2224 3118 2278 ἴδια
3147 2226 3253 2293 μὲν
3279 2220 3416 2277 εἶναι
3448 2226 3562 2286 τοὺς
3588 2240 3700 2292 προ-

2162 2314 2426 2382 φητικοῦς
2461 2312 2676 2380 λόγους,
2715 2312 2891 2366 ἐλθεῖν
2915 2314 2971 2366 δὲ
3003 2317 3082 2378 εἰς
3113 2317 3319 2374 αὐτοὺς
3352 2316 3439 2367 τὸν
3466 2317 3504 2366 Χ
3517 2316 3697 2382 ριστὸν,

2162 2403 2409 2465 ἐκείνους
2444 2403 2499 2454 δὲ
2547 2403 2737 2456 τοῦτον
2781 2407 2916 2473 μήτε
2962 2406 3411 2473 παραδέξασθαιο
3451 2406 3598 2475 ὁρᾶτε
3627 2405 3701 2473 τὴν

2162 2493 2608 2563 ὑπερϐάλλουσαν
2657 2496 2837 2548 αὐτῶν
2903 2496 3086 2549 ἄνοιαν
3149 2497 3251 2549 καὶ
3319 2496 3699 2565 ἀναισχυντίαν;

2163 2587 2388 2654 Πρῶτον
2421 2587 2520 2656 μὲν
2558 2588 2673 2649 πῶς
2716 2587 2932 2656 λέγουσι
2969 2589 3098 2650 τοὺς
3144 2590 3510 2658 προφητικοῦς
3545 2587 3699 2653 λόγους

2165 2678 2271 2729 ἴδια
2319 2674 2460 2732 εἶναι
2510 2677 2604 2731 τοῦ
2643 2679 2881 2749 Χριστοῦ
2907 2719 2922 2743 ,
2956 2679 3153 2742 αὐτοὺς
3181 2682 3312 2743 τοὺς
3350 2681 3610 2749 προφήτας
3635 2677 3703 2728 λέ·

2163 2786 2353 2838 γοντες
2401 2771 2694 2839 πλάσματα
2745 2766 2884 2823 εἶναι
2925 2770 3018 2824 τοῦ
3077 2772 3348 2842 πονηροῦ,
3405 2771 3565 2824 καίτοι
3608 2767 3704 2819 ἐπί-

2167 2877 2357 2912 πνοιαν
2388 2861 2516 2930 παρ’
2553 2861 2714 2913 αὑτοῦ
2750 2861 3040 2926 δέξασθαι;
3104 2861 3376 2930 Δεύτερον
3422 2859 3474 2911 δὲ
3515 2857 3616 2920 πῶς
3641 2859 3704 2916 εἷς

2164 2954 2291 3014 τοὺς
2325 2953 2696 3022 προφητικοὺς
2731 2953 2920 3020 λόγους
2956 2950 3118 3024 ἦλθεν
3147 2953 3175 3004 ὀ
3215 2952 3482 3021 Χριστόςς
3519 2947 3704 3017 Πρῶτον

2169 3044 2267 3110 μὲν
2320 3045 2425 3114 γὰρ
2473 3045 2553 3106 εἰς
2602 3045 2913 3115 ἀλλοτρίους
2983 3040 3141 3114 ἦλθε,
3198 3045 3349 3096 κατὰ
3398 3042 3482 3095 τὸν
3518 3040 3704 3093 ὲκεξνων

2164 3138 2359 3205 λόγον’
2415 3136 2688 3206 ἀλλότριοι
2726 3137 2836 3205 γὰρ
2886 3138 2938 3188 οι
2989 3137 3331 3206 προφητικοὶ
3375 3136 3540 3201 λόγοι,
3571 3134 3634 3195 ὡς
3658 3131 3706 3195 ἐξ

2166 3229 2450 3299 ἀλλοτρίου
2505 3229 2909 3300 ὲμπνεόμενοι,
2963 3229 3059 3282 καὶ
3107 3229 3210 3282 οὐκ
3273 3231 3337 3280 ὲκ
3393 3226 3480 3280 τοῦ
3534 3221 3706 3293 ἀγαθοῦ

2163 3320 2320 3372 Θεοῦ·
2373 3319 2568 3373 ἔπειτα
2613 3320 2667 3372 δὲ
2703 3319 2845 3371 τίσιν
2895 3319 3095 3372 ἔδωκεν
3141 3321 3169 3371 ὁ
3214 3318 3450 3387 Χριστὸς
3492 3315 3705 3379 ἐξουσίαν

2162 3414 2340 3466 τέκνα
2366 3411 2502 3465 Θεοῦ
2535 3412 2824 3480 γενέσθαι;
2852 3407 2960 3483 ἄρα
2993 3413 3105 3473 τοῖς
3137 3412 3500 3480 προφητικοῖς
3526 3409 3706 3474 λόγοις;

2162 3506 2274 3558 Καὶ
2318 3505 2432 3567 πῶς
2475 3505 2534 3556 οὐ
2571 3503 2782 3574 μακρὸς
2820 3504 2985 3573 λῆρος
3025 3502 3232 3567 τοῦτο;
3278 3504 3340 3556 οι
3384 3502 3522 3570 λόγοι
3553 3500 3646 3570 γὰρ
3670 3499 3709 3549 ει

2167 3596 2264 3666 μὲν
2317 3596 2379 3648 ὲκ
2430 3595 2522 3648 τοῦ
2576 3595 2712 3647 Θεοῦ
2769 3595 2928 3659 εἰσιν,
2982 3593 3212 3650 αὐτόθεν
3268 3594 3449 3664 ἔχουσι
3495 3592 3550 3645 τὸ
3597 3585 3713 3642 εἶναι

2162 3689 2352 3740 οἰκεῖοι
2386 3686 2556 3738 Θεοῦ·
2587 3687 2636 3738 εἱ
2667 3683 2724 3739 δὲ
2769 3687 2833 3739 ἐκ
2873 3685 2966 3738 τοῦ
3002 3685 3270 3755 πονηροῦ,
3306 3685 3420 3748 πῶς
3459 3683 3522 3736 ἂν
3550 3699 3714 3734 τεκνωο

2165 3780 2308 3832 θεῖεν
2361 3777 2522 3848 Θεῴ;
2582 3777 2701 3829 Ἔτι
2759 3775 2815 3829 δὲ
2873 3777 3030 3839 ποῖος
3077 3775 3240 3842 λόγος
3305 3771 3625 3845 προφητικὸς
3669 3767 3718 3832 ἐξ

2165 3871 2412 3940 αἱμάτων
2459 3869 2553 3922 καὶ
2593 3871 2655 3920 ὲκ
2704 3867 3007 3938 θελήματος
3057 3867 3294 3936 ἀνδρὸς,
3359 3867 3451 3919 καὶ
3499 3867 3557 3916 ἐκ
3587 3861 3718 3928 θελή-

2169 3979 2336 4031 ματος
2383 3960 2587 4030 σαρκδς
2625 3960 2923 4031 ὲγεννήθη;
2968 3959 3191 4026 Ἰέῖπάγει
3228 3959 3338 4028 γὰρ
3366 3997 3378 4020 ,
3414 3955 3480 4008 ΟΣ
3520 3956 3620 4008 οὐκ
3661 3951 3717 4016 ἐξ

2165 4049 2467 4120 αἱμάτων,
2520 4050 2664 4104 οὐδὲ
2713 4051 2783 4103 ἐκ
2826 4049 3162 4118 θελήματος
3194 4047 3451 4116 σαρκὸς,
3500 4042 3625 4100 ἀλλ’
3661 4042 3717 4094 ἐκ

2167 4145 2315 4202 Θεοῦ
2340 4144 2781 4213 ἐγεννήθησαν.
2804 4142 2960 4205 Τίνες
2983 4141 3076 4194 οῦν
3103 4143 3150 4193 οἱ
3173 4141 3234 4205 ἐξ
3251 4141 3499 4209 αἱμάτων
3521 4151 3716 4206 γεγενησ

2171 4233 2321 4302 μένοι
2369 4234 2562 4300 λόγοι,
2603 4234 2696 4286 καὶ
2741 4233 2885 4294 τίνες
2943 4233 2991 4284 οἱ
3060 4231 3173 4301 μή;
3228 4232 3433 4284 Λοιπειν
3481 4228 3567 4281 οῦν
3615 4226 3716 4278 ῑόια

2169 4325 2325 4380 καλεῖ
2366 4324 2456 4378 τὸν
2488 4325 2692 4395 κόσμον
2719 4363 2735 4391 ,
2773 4323 2848 4387 ὣς
2895 4341 3000 4376 που
3043 4324 3136 4377 καὶ
3171 4321 3411 4393 ἀλλαχοῦ
3443 4337 3568 4390 φησι
3607 4314 3717 4386 πρὶς

2167 4419 2293 4481 τοὺς
2329 4416 2577 4489 μαθητὰς
2599 4457 2614 4481 ,
2665 4415 2818 4470 Ἰδοὺ
2852 4416 3085 4485 ἔρχεται
3115 4413 3237 4482 ὥρα
3263 4456 3279 4481 ,
3319 4415 3420 4468 καὶ
3459 4413 3569 4467 νῦν
3602 4407 3719 4474 uii-

2168 4512 2395 4575 λυθεν,
2433 4510 2535 4562 ἵνα
2581 4506 2992 4576 σκορπισθῆτε
3038 4505 3301 4572 ἕκαστος
3351 4507 3436 4570 εις
3485 4503 3554 4556 τὰ
3601 4499 3717 4553 ἴδια.

477 4591 640 4660 igitur
669 4590 756 4644 hic
786 4604 914 4651 non,
940 4598 994 4639 ut
1028 4589 1308 4640 dementes
1340 4585 1424 4638 isti
1455 4592 1746 4652 unguntur,
1774 4596 2053 4636 sermones

2167 4603 2298 4654 Ποῖα
2327 4595 2418 4653 οῦν
2454 4600 2560 4652 ἴδια
2595 4599 2744 4668 λέγει
2797 4599 3070 4664 ὲνταῦθας
3145 4599 3268 4667 Αρα
3317 4596 3445 4658 τοὺς
3488 4609 3720 4664 προφητι·

479 4683 826 4752 propheticus
847 4680 1106 4751 appellat.
1138 4680 1230 4734 sed
1268 4677 1538 4746 propriam
1581 4676 1843 4745 cujusque
1866 4671 2080 4741 posses-

479 4779 686 4830 sionem
721 4785 773 4829 et
798 4775 1038 4837 domum,
1090 4772 1170 4826 sic
1200 4771 1359 4825 etiam
1391 4769 1607 4838 quando
1635 4768 1770 4823 dixit
1811 4785 1824 4821 :
1862 4765 1927 4819 1η
1952 4782 2076 4834 pro-

479 4869 596 4931 pria
637 4868 794 4930 venit,
831 4873 879 4920 et
927 4867 1012 4919 sui
1054 4881 1170 4917 eum
1203 4879 1305 4915 non
1354 4870 1678 4930 receperunt,
1738 4873 1832 4927 per
1865 4857 2077 4925 propria

481 4959 738 5012 mundum
767 4959 1075 5014 sensibilem
1107 4955 1384 5020 intellexit,
1415 4956 1504 5024 qui
1539 4953 1756 5023 prOpria
1786 4961 1870 5006 est
1910 4950 2077 5018 ipsius

484 5049 755 5117 possessio
807 5059 968 5117 atque
991 5063 1146 5114 opus.
1179 5047 1441 5103 Similiter
1475 5055 1529 5100 et
1551 5045 1640 5114 qui
1665 5045 1716 5098 in
1768 5045 1882 5114 ipso
1916 5053 2063 5107 sunt,

485 5123 715 5211 quorum
743 5139 830 5192 alii
881 5139 1101 5208 quidem
1154 5140 1452 5192 doctrinam
1513 5137 1629 5207 ejus
1685 5145 2065 5206 susceperunt,

483 5233 572 5286 alii
628 5248 755 5286 non.
817 5231 882 5285 Et
946 5231 1126 5286 alibi:

482 5327 731 5394 propheta
759 5327 811 5378 iu
848 5324 1060 5392 propria
1093 5325 1272 5392 patria
1306 5326 1347 5376 ⁸.
1388 5323 1541 5387 Quod
1601 5333 1776 5376 autem
1815 5337 1908 5390 per
1953 5337 2074 5387 pro-

480 5419 598 5487 pria
636 5419 891 5472 mundum
923 5415 1212 5483 signiﬁcet,
1270 5431 1331 5467 ex
1365 5416 1447 5467 his
1503 5413 1681 5466 verbis
1723 5413 1884 5481 plane
1936 5411 2064 5463 licet

483 5511 802 5582 inteliigcrc.
841 5511 973 5563 Erat
1007 5511 1164 5571 enim,
1221 5509 1416 5576 inquit,
1465 5506 1554 5558 lux
1583 5521 1723 5569 vera,
1777 5520 1891 5571 quin
1943 5503 2070 5554 illu-

482 5607 651 5654 miunt
677 5620 878 5657 onmem
904 5605 1164 5656 hominem
1191 5602 1472 5654 venientem
1501 5603 1547 5650 iu
1586 5600 1722 5649 hunc
1756 5595 2004 5646 mundum
2031 5595 2072 5666 ⁷,

487 5698 653 5759 hunc,
689 5696 934 5765 inquam,
970 5697 1216 5750 sensibus
1255 5694 1580 5764 expositum.
1611 5691 1838 5755 Quando
1892 5700 2073 5740 autem

563 5858 576 5884 ¹
616 5856 819 5905 (Iniuss.
858 5874 892 5915 ι,
935 5855 1018 5909 16.
1098 5859 1115 5886 ²
1149 5855 1307 5908 Rom.
1355 5869 1392 5916 ι,
1443 5853 1531 5906 20.
1611 5852 1631 5882 ³
1685 5850 1840 5903 Joun.
1890 5868 1926 5920 ι,
1972 5851 2052 5904 l0.

2203 5845 2356 5900 Joan.
2395 5862 2430 5911 ι,
2461 5846 2546 5898 13.

493 5927 511 5958 ⁷
546 5925 699 5979 Juan.
746 5940 782 5989 1,
820 5925 873 5976 9.

1190 5230 1311 5285 Non
1348 5231 1520 5297 liabet,
1573 5230 1769 5299 inquit,
1823 5231 2070 5283 honorem

2176 4693 2308 4753 κοὺς
2335 4690 2525 4760 λόγους
2556 4689 2726 4758 λέγει,
2773 4688 2805 4758 ἢ
2853 4687 3094 4754 δηλονότι
3136 4688 3230 4757 τὴν
3263 4687 3546 4739 κατοικίαν
3572 4678 3720 4734 καὶτὸ

2177 4786 2363 4853 κτῆμα
2419 4781 2689 4845 έκάστου;
2755 4779 2967 4849 Ὥσπερ
3023 4773 3117 4832 οὖν
3174 4777 3414 4830 ἐνταῦθα
3469 4776 3570 4829 ἴδια
3623 4771 3723 4839 οὐχὶ

2177 4877 2316 4928 κατὰ
2343 4875 2432 4928 τὸν
2467 4874 2748 4944 μεμηνότα
2778 4872 2945 4941 λῆρον
2983 4873 3108 4934 τοῦς
3152 4870 3526 4939 προφητικοὺς
3559 4866 3720 4931 Myos;

2176 4970 2345 5036 λέγει,
2368 4967 2504 5020 ἀλλὰ
2537 4967 2595 5018 τὸ
2639 4967 2869 5018 ἑκάστου
2905 4963 3089 5032 κτῆμα
3119 4964 3211 5014 καὶ
3240 4965 3342 5031 τὴν
3385 4962 3518 5013 ἰδίαν
3551 4958 3720 5010 οἱκξανο

2171 5061 2312 5116 οὕτω
2341 5062 2432 5112 καὶ
2458 5057 2676 5110 ἐπειδᾶν
2713 5056 2871 5126 λέγῃ,
2905 5055 3016 5108 Καὶ
3044 5057 3130 5128 εις
3167 5057 3237 5106 τὰ
3265 5054 3391 5106 ἴδια
3428 5049 3600 5122 ἦλθε,
3639 5047 3720 5099 καὶ

2165 5157 2219 5208 οὶ
2248 5150 2590 5206 ἵδιοιαὺτὸν
2613 5152 2685 5203 οὐ
2709 5150 3070 5216 παρέλαϐον,
3097 5147 3216 5200 ἴδια
3251 5147 3355 5216 μὲν
3384 5147 3472 5199 τὸν
3501 5140 3722 5209 αἰσθητὸν

2171 5245 2372 5313 κόσμον
2397 5243 2562 5309 λέγει’
2598 5243 2781 5310 κτῆμα
2814 5239 2919 5308 γὰρ
2950 5238 3115 5290 αὐτοῦ
3162 5240 3254 5289 καὶ
3314 5236 3524 5306 ποίημα
3566 5225 3715 5289 οὗτος·

2171 5337 2436 5398 ὡσαύτως
2465 5336 2519 5387 δὲ
2555 5335 2605 5385 οἱ
2630 5336 2690 5386 ὲν
2721 5331 2891 5402 αὐτῷ,
2927 5327 3000 5384 ὧν
3032 5332 3080 5383 οἱ
3114 5330 3210 5400 μὲν
3247 5329 3555 5399 παρέλαϐον
3582 5320 3718 5378 αὖτοῦ

2177 5430 2276 5498 τὴν
2331 5427 2753 5496 μυσταγωγίαν,
2810 5426 2858 5476 οἱ
2907 5424 2963 5476 δὲ
3011 5421 3096 5478 οῦ.
3153 5422 3258 5475 Καὶ
3302 5421 3530 5490 ἀλλαχοῦ
3582 5415 3721 5469 πάλιν

2184 5522 2379 5590 φησὶν,
2425 5507 2514 5572 ’ὅτι
2551 5519 2871 5587 Προφήτης
2915 5518 2984 5569 ἐν
3025 5514 3100 5584 τῇ
3150 5514 3265 5581 ἰδίᾳ
3313 5511 3545 5580 πατρίδι
3570 5506 3721 5577 τιμὴν

2183 5613 2290 5664 οὐκ
2335 5610 2482 5678 ἔχει.
2539 5609 2661 5661 Ὅτι
2715 5608 2771 5660 δὲ
2816 5606 2936 5659 ἴδια
2986 5607 3076 5657 τὸν
3117 5605 3318 5672 κόσμον
3365 5601 3528 5670 φησὶ,
3563 5596 3716 5650 καὶὲκ

2183 5703 2386 5755 τούτων
2421 5705 2536 5753 ἐστὶ
2582 5700 2765 5767 σαφῶς
2818 5699 3069 5768 συνορᾷν.
3122 5693 3234 5751 7llr
3277 5695 3426 5764 γὰρ,
3466 5692 3618 5762 φησὶ,
3663 5686 3716 5738 τὸ

2654 5843 2674 5874 ⁵
2703 5841 2860 5897 Joan.
2891 5858 2998 5896 xvi.
3029 5843 3118 5897 52.
3191 5843 3208 5873 ⁸
3244 5838 3438 5891 Matth.
3485 5849 3591 5897 xui,
3639 5827 3710 5882 57.
