4020 6284
168 472 296 537 1‘209

1074 483 1458 545 PANOPLIA
1498 487 1960 554 DOGMATICA.
2000 520 2068 530 -
2102 497 2252 559 ΤΙΤ.
2291 502 2502 563 XXIV.

3285 512 3422 582 1210

158 589 278 657 φῶς
309 590 373 643 τὸ
397 591 716 660 ἀληθινὸν,
742 594 774 648 6
805 595 1035 664 φωτίζει
1057 599 1254 652 πάντα
1289 601 1605 671 ἅνθρωποι·
1636 605 1696 673 ἐρ

1802 656 1804 666 .
1835 608 2195 668 illuminavit?
2221 616 2446 684 Quando
2477 628 2637 677 natus
2666 631 2750 678 est
2793 623 2847 678 in
2885 623 2994 680 illo.
3020 623 3247 693 Quando
3275 635 3418 687 enim

161 683 410 747 χύμενον
457 684 543 746 εἰς
588 684 697 737 τὸν
725 686 978 754 κόσμον.
1016 689 1174 741 Ποῖον
1203 690 1442 760 κόσμον;
1471 696 1726 764 Δηλονότι

155 767 246 819 τὸν
264 769 536 839 αἰσθητόν.
563 774 670 824 Καὶ
699 774 829 826 πότε
859 775 1124 842 ἐφώτισεν
1148 796 1162 844 ;
1195 778 1326 832 Ὅτε
1349 785 1724 853 παραγέγονεν

155 861 212 911 ἐν
242 861 400 926 αὐτῷ.
453 864 587 915 Πότε
617 864 673 914 δὲ
715 867 1063 934 παραγέγονε
1087 910 1100 930 ,
1136 870 1196 922 τὸ
1225 872 1562 941 Εὖαγγέλιον
1601 876 1721 946 βοᾷ.

168 948 266 1000 Ἐν
300 950 378 1013 τῷ
425 951 629 1017 κόσμῳ
655 955 764 1020 γὰρ
798 951 894 1021 ἦν,
947 957 1098 1026 φησί.
1149 959 1375 1024 Πάντως
1406 967 1513 1034 γὰρ
1541 967 1596 1018 ἐν
1641 967 1720 1036 τῷ

157 1038 392 1108 ασθητῷ
426 1041 615 1110 κόσμῳ
653 1041 748 1106 ὣν,
781 1043 871 1096 τὸν
900 1046 1197 1116 ἐρχόμενον
1227 1052 1307 1113 εἰς
1336 1053 1429 1106 τὸν
1463 1056 1719 1126 αἰσθητὸν

148 1141 346 1197 κοσμον
379 1133 668 1198 ἐφώτιζεν.
715 1132 848 1190 Εἶτα
890 1141 1036 1202 τίνος
1074 1137 1141 1211 ἦν
1183 1145 1210 1196 6
1243 1146 1448 1216 κόσμος
1479 1150 1714 1222 ποίημα,

150 1214 276 1287 ἐνῷ
305 1239 361 1273 τε
406 1223 568 1285 αὐτὸς
602 1221 714 1292 ἦν,
774 1230 867 1282 καὶ
918 1229 1010 1282 τὸν
1064 1214 1367 1304 ἐρχόμενον
1417 1241 1498 1302 εἰς
1555 1214 1721 1297 aia-16v

145 1309 426 1377 ἐφώτιζεν,
487 1315 589 1366 οὐκ
613 1317 838 1371 ἄλλοθεν
866 1319 982 1372 ἔστι
1021 1325 1215 1391 μαθεῖν
1243 1327 1359 1380 ἀλλ’
1384 1329 1415 1399 ἢ
1452 1331 1510 1394 ἐξ
1539 1333 1719 1388 αὐτῶν

143 1402 254 1456 τῶν
301 1405 672 1472 εὐαγγελικῶν
726 1410 1018 1478 ῥημάτων.
1079 1417 1254 1471 Καὶὸ
1307 1422 1538 1489 κόσμος
1582 1427 1712 1495 γὰρ,

145 1497 295 1566 φησὶ,
324 1497 619 1585 δι’.αὺτοῦ
639 1503 912 1572 ἐγένετο,
951 1507 1050 1560 καὶ
1077 1511 1110 1562 d
1135 1511 1365 1581 κόσμος
1409 1517 1596 1570 αὐτὸν
1638 1524 1755 1574 οὐκ

139 1591 279 1644 ἴδιοι
300 1595 487 1647 αὑτὸν
513 1595 586 1648 οὐ
614 1600 983 1665 παρέλαϐον.

1835 709 1992 755 natus
2015 704 2106 767 sit,
2135 705 2481 778 Evangelium
2522 714 2758 768 clamat:
2789 714 2856 769 In
2892 719 3104 783 mundo,
3144 719 3417 790 inquiens,

1831 799 1966 845 erat.
2000 791 2233 851 Omnino
2257 797 2400 853 enim
2430 800 2479 855 in
2515 803 2618 858 hoc
2644 806 2847 859 mundo
2880 809 3124 864 sensibili
3151 810 3417 868 exsistcns

1829 885 2133 941 venientem
2167 889 2219 944 in
2259 895 2514 948 mundttm
2535 897 3218 956 sensibilemilluminabat.
3244 904 3413 958 Porro

1827 975 1983 1040 cujus
2015 978 2127 1046 ipse
2157 982 2388 1036 mundus
2413 985 2656 1056 sitopus,
2683 989 2736 1041 in
2772 1001 2943 1056 quoet
2980 994 3066 1046 ille
3097 1005 3412 1058 erat,etve-

1825 1066 2136 1124 nientemin
2189 1087 2309 1127 eum
2353 1075 2713 1146 illuminabat,
2750 1097 2853 1133 non
2901 1083 3138 1149 aliunde,
3203 1087 3293 1138 sed
3345 1102 3408 1137 ex

1817 1154 1950 1224 ipsis
1981 1161 2453 1232 Evangeliiverhis
2480 1171 2803 1239 percipitur:
2838 1171 2908 1226 Et
2930 1176 3173 1239 mundus,
3212 1177 3404 1241 inquit,

1814 1265 1904 1317 per
1933 1252 2102 1318 ipsum
2125 1255 2297 1323 factus
2327 1268 2423 1324 est,
2457 1273 2507 1315 et
2533 1262 2761 1316 mundus
2809 1281 2925 1318 cum
2971 1284 3070 1319 non
3099 1269 3338 1336 cognovit
3363 1269 3402 1304 ὀ

1815 1339 1970 1405 Quod
1999 1344 2137 1399 idem
2174 1349 2316 1404 valet
2358 1361 2520 1420 atque
2565 1354 2655 1408 illa
2682 1355 2844 1410 verba
2871 1372 2884 1410 :
2913 1354 2980 1410 In
3005 1357 3218 1426 propria
3245 1357 3403 1418 venit.

1817 1445 1873 1483 σι
1909 1435 1994 1488 sui
2029 1452 2148 1491 eum
2178 1455 2282 1494 non
2319 1452 2644 1512 receperunt.

1815 1521 2005 1593 ἔγνω,
2037 1527 2066 1580 6
2111 1530 2226 1584 ῐσον
2279 1533 2396 1588 ἐστὶ
2424 1535 2535 1605 τῷ,
2571 1536 2678 1603 Εἰς
2711 1537 2786 1592 τὰ
2833 1537 2956 1593 ἴδια
2991 1533 3141 1609 ἦλθε
3162 1578 3180 1604 ,
3211 1538 3309 1592 καὶ
3347 1541 3403 1594 οἱ

219 1682 277 1734 El
308 1685 374 1736 τὰ
415 1685 636 1753 ἐπίγεια
693 1689 810 1741 ἐστι
861 1691 956 1744 τοῦ
1002 1695 1262 1764 πονηροῦ,
1297 1699 1413 1763 πῶς
1458 1702 1696 1773 ἠνέσχετι

1892 1713 1948 1768 Si
1980 1731 2066 1771 res
2121 1725 2351 1774 terrenae
2403 1732 2532 1776 sunt
2587 1724 2733 1788 mali,
2766 1740 2864 1778 cur
2919 1724 3204 1790 fructibus,
3265 1737 3401 1793 quos

141 1772 230 1826 διὰ
258 1775 359 1827 τῶν
391 1779 654 1846 καρπῶν,
709 1779 745 1833 ἃ
794 1781 996 1849 ἔφυσεν
1025 1787 1057 1854 ἡ
1092 1787 1161 1856 γῆ
1189 1825 1206 1853 ,
1256 1789 1316 1841 τὸ
1353 1772 1596 1861 ποίημαῖν
1612 1794 1708 1848 τοῦ

137 1867 373 1937 πονηροῦ
407 1871 567 1922 τοῦτο
601 1872 701 1940 μὲν
749 1874 842 1926 καὶ
886 1877 952 1929 ὲκ
985 1877 1147 1931 πέντε
1179 1882 1398 1951 ἄρτων,
1450 1886 1607 1938 τοῦτο
1649 1889 1707 1942 δὲ

39 1993 50 2018 _.
131 1954 197 2046 εξ
238 1957 370 2008 ἑπτὰ
418 1959 619 2022 πολλὰς
662 1963 931 2032 μυριάδας
964 1969 1230 2036 χορτάσαι
1259 1987 1274 2036 ;
1310 1973 1464 2043 Πόσῳ
1495 1977 1603 2045 γὰρ
1636 1972 1705 2046 ἦν

36 2066 45 2114 ς.
129 2043 351 2112 ἄμεινον
391 2051 485 2099 καὶ
530 2049 1002 2124 θεοπρεπέστερον
1037 2057 1110 2128 μὴ
1143 2059 1201 2123 ἐξ
1241 2060 1536 2132 ἀλλοτρίων
1571 2043 1704 2137 διαρ-

40 2179 48 2207 ._
128 2136 285 2201 πῶν,
323 2137 442 2189 ἀλλ’
474 2139 530 2204 ἐξ
556 2141 770 2193 οἰκείων
799 2144 1301 2218 δημιουργημάτων
1328 2154 1549 2224 τρέφειν
1579 2136 1704 2222 τοὺς

38 2271 50 2298 _.
128 2232 697 2298 μυσταγωγουμένους
738 2235 885 2306 αὑτῴ
910 2256 923 2302 ;
955 2240 1166 2292 Μᾶλλον
1195 2243 1252 2294 δὲ
1287 2244 1402 2308 πῶς
1429 2247 1549 2298 ὅλον
1580 2266 1704 2318 τρο-

123 2319 274 2388 φὴν,
327 2319 359 2388 ἣ
397 2322 559 2372 ποτὸν
590 2324 753 2386 αὐτὸς
801 2330 1251 2396 προσηνέγκατο,
1292 2333 1326 2386 δι
1362 2337 1575 2403 καρπὸς
1632 2335 1702 2408 ἦν

119 2411 237 2460 τῶν
284 2410 460 2479 ἔργων
495 2413 588 2462 τοῦ
625 2415 901 2484 not/11pm};
942 2420 1063 2482 Πῶς
1099 2420 1144 2472 δ’
1173 2422 1238 2473 ἂν
1270 2425 1333 2476 ἐκ
1361 2425 1455 2477 τοῦ
1491 2429 1699 2494 ἀγαθοῦ

38 2549 46 2576 7
116 2500 335 2569 Πατρὸς
389 2503 664 2555 αἰτεῖσθαι
723 2506 816 2557 τὸν
868 2507 1032 2576 ἄρτον
1083 2512 1173 2564 τὸν
1230 2517 1508 2570 ἐπιούσιον
1567 2522 1699 2590 ἡμῖν

38 2645 40 2650 τ
113 2591 464 2657 ἐνετείλατος
502 2596 594 2646 καὶ
636 2597 750 2657 πῶς
791 2599 954 2652 πάλιν
1002 2602 1314 2674 ὀφθαλμοὺς
1350 2608 1700 2681 δημιουργῶν

40 2759 42 2762 Ι
111 2683 199 2751 τῷ
247 2683 431 2751 τυφλῷ
490 2685 590 2737 οὐκ
650 2687 708 2753 ἐξ
757 2689 922 2759 ἄλλης
967 2691 1133 2760 ὕλης,
1194 2697 1401 2751 ἀλλ’ὲκ
1450 2701 1552 2768 γῆς
1607 2705 1699 2756 καὶ

40 2831 42 2834 τ
114 2775 339 2840 ὓδατος,
380 2778 524 2849 ἅπερ
552 2775 619 2850 ἦν
648 2781 741 2832 τοῦ
773 2785 1034 2854 πονηροῦ,
1065 2787 1164 2857 τὴν
1189 2790 1312 2860 ὄψιν
1341 2794 1696 2859 ἐκαινοποίει,

109 2869 408 2938 μονονουχὶ
455 2872 928 2942 συμμεριζόμενος
968 2878 1042 2946 τῷ
1085 2881 1301 2949 ἐχθρῷ,
1359 2886 1455 2937 καὶ
1488 2887 1564 2956 τῷ
1597 2889 1698 2956 μὲν

105 2967 277 3033 ἀφεὶς
314 2969 372 3020 τὸ
399 2968 561 3020 πλέον
596 2973 789 3034 ποιεῖν,
818 2972 981 3034 αὐτὸς
1007 2974 1061 3026 δὲ
1086 2975 1145 3026 τὸ
1174 2978 1335 3044 μέρος
1367 2979 1699 3048 ἀναπληρῶν

99 3058 174 3124 ἐξ
221 3059 512 3128 ἀλλοτρίας
570 3061 703 3130 ὕλης
729 3102 744 3126 ,
786 3062 976 3134 ὥσπερ
1016 3066 1238 3134 ἀπορῶν
1295 3068 1464 3134 ίδίας;
1502 3070 1696 3124 Καίτοι

98 3150 160 3200 εἰ
215 3149 291 3220 μή
351 3167 402 3202 τι
434 3151 585 3215 ἄλλο,
621 3151 735 3204 ἀλλ’
780 3154 912 3206 αὐτό
961 3172 1025 3223 γε
1080 3155 1238 3208 τοῦτο
1285 3158 1412 3222 τοὺς
1476 3160 1696 3223 ἀθλίους

1817 1811 1980 1871 terra,
2014 1823 2131 1877 quae
2158 1811 2281 1864 mali
2337 1826 2470 1879 opus
2529 1823 2636 1878 est,
2694 1814 2834 1880 tulit,
2891 1815 3058 1870 multa
3119 1817 3395 1869 hominum

1815 1895 1980 1948 millia
2037 1899 2292 1966 satiavit;
2343 1902 2507 1955 semel
2559 1903 2777 1970 quidem
2853 1907 3081 1972 panibus
3133 1906 3395 1972 quinque,

1807 1981 2002 2038 iterum
2035 1997 2215 2040 autem
2250 1991 2499 2058 septem?
2535 1992 2750 2058 Quanto
2779 1994 2920 2046 enim
2952 1995 3163 2054 melius,
3205 2007 3258 2048 et
3288 1993 3399 2048 Deo

1805 2074 2019 2144 dignius
2067 2086 2210 2146 erat,
2247 2096 2350 2134 non
2397 2081 2588 2136 alienis
2645 2084 2930 2144 fructibus,
2983 2084 3076 2140 sed
3140 2088 3396 2155 propriis.

1802 2178 1897 2218 eos
1925 2180 2062 2234 quos
2121 2168 2458 2233 instituebat,
2511 2171 2795 2226 saturare?
2847 2173 2959 2226 lmo
3007 2189 3135 2229 vero
3186 2191 3284 2230 cur
3341 2175 3395 2229 in

1802 2257 1978 2312 cibum
2024 2268 2078 2314 et
2138 2270 2318 2329 potum
2372 2264 2614 2317 adhibuit
2659 2279 2722 2319 ea
2775 2279 2895 2334 quae
2959 2265 3168 2321 l‘ructus
3240 2278 3396 2320 erant

1800 2363 2022 2416 opermn
2056 2353 2219 2406 mali?
2250 2355 2355 2406 Aut
2399 2369 2495 2406 cur
2550 2357 2806 2424 praecepit
2847 2357 3023 2421 nobis,
3075 2369 3132 2410 ut
3169 2371 3199 2411 a
3252 2359 3395 2411 bono

1802 2441 1962 2496 Patre
2006 2458 2200 2513 panem
2267 2447 2644 2514 quotidianum
2709 2449 3062 2515 peteremus?
3119 2447 3393 2505 Praaterea

1803 2550 1898 2587 cur
1929 2536 2056 2590 caeci
2087 2536 2274 2592 oculos
2304 2553 2520 2603 curans,
2552 2553 2656 2593 non
2695 2554 2763 2595 ex
2793 2541 2897 2595 alia
2931 2542 3173 2608 materia,
3201 2543 3294 2597 sed
3323 2558 3389 2598 ex

1802 2637 1938 2679 terra
1975 2637 2029 2681 et
2057 2643 2216 2695 aqua,
2251 2643 2369 2696 qua:
2409 2631 2532 2682 ntali
2573 2639 2719 2696 sunt,
2777 2646 2968 2684 novam
3026 2617 3234 2686 videndi
3283 2635 3388 2686 vim

1801 2715 2024 2770 tribuit?
2058 2726 2308 2786 tauquam
2339 2733 2460 2772 cum
2515 2719 2734 2774 inimico
2777 2721 2849 2773 ita
2901 2735 3012 2772 rem
3067 2722 3386 2789 partiretur,

1800 2820 1856 2861 ut
1897 2809 2149 2877 majorem
2211 2811 2258 2862 ei
2317 2820 2520 2878 partem
2580 2811 2925 2881 relinqueret,
2979 2814 3091 2876 ipse
3159 2813 3386 2867 alteram
3460 2854 3463 2856 -

1797 2900 2041 2967 expleret
2066 2915 2127 2952 ex
2153 2901 2327 2955 aliena
2358 2901 2604 2970 materia,
2658 2911 2913 2971 tanquam
2969 2904 3186 2972 propria
3239 2903 3384 2957 indi-

1797 2990 1982 3060 geret?
2010 2990 2326 3060 Quanquam
2361 2991 2405 3045 si
2438 2993 2569 3046 nihil
2598 2980 2741 3046 aliud
2775 2993 3015 3047 infelices
3044 2993 3177 3048 istos
3217 2995 3388 3048 luere-

1799 3083 1934 3137 ticos
1971 3094 2234 3147 moveret,
2298 3083 2399 3138 hac
2458 3085 2573 3137 sola
2634 3085 2860 3153 hujusce
2915 3086 2985 3139 rei
3050 3086 3386 3140 admiranda!

1797 3173 2227 3228 consideratione
2268 3175 2525 3229 deberent
2577 3175 2914 3242 resipiscere,
2964 3178 3101 3244 quod
3130 3177 3220 3245 qui
3255 3189 3382 3229 vere

94 3240 220 3293 ἔδει
270 3243 699 3316 δυσωπηθῆναι,
750 3250 847 3302 καὶ
905 3254 1276 3322 κατανοῆσαι,
1327 3256 1408 3308 ὅτι
1467 3257 1633 3320 ὅντως
1666 3261 1694 3311 ὁ

1802 3264 1953 3318 illuxit
1979 3266 2192 3320 oculum
2223 3281 2286 3319 ex
2318 3265 2450 3330 lutu,
2484 3266 2574 3320 ille
2607 3267 2723 3334 ipse
2752 3276 2857 3329 est,
2881 3267 2969 3337 qui
3006 3268 3071 3320 ah
3105 3267 3256 3320 initio
3281 3266 3379 3319 ho-

93 3333 324 3398 πλάσας
377 3337 470 3389 τὸν
522 3339 801 3408 ὀφθαλμὸν
863 3345 927 3396 ἐκ
988 3346 1180 3414 πηλοῦ.
1216 3347 1355 3412 Οἴας
1390 3351 1500 3420 γὰρ
1561 3350 1693 3418 ὕλης

89 3429 228 3480 ἐστὶ
253 3427 314 3480 τὸ
345 3430 510 3498 μέρος
530 3470 544 3495 ,
575 3432 673 3501 τῆς
703 3433 870 3503 αὐτῆς
909 3437 1006 3488 καὶ
1046 3438 1104 3490 τὸ
1134 3439 1252 3491 ὅλον
1277 3480 1290 3507 ,
1343 3443 1434 3494 καὶ
1470 3442 1528 3495 ὃν
1569 3445 1693 3514 ἔσχε

85 3521 163 3573 τὸ
211 3521 338 3574 ὅλον
386 3523 761 3595 δημιουργὸν,
804 3527 896 3581 τὸν
936 3531 1102 3584 αὑτὸν
1146 3535 1240 3585 καὶ
1275 3535 1334 3586 τὸ
1371 3536 1554 3608 μέρος.

185 3721 248 3774 Ὀ
295 3723 503 3795 Κύριος
551 3727 708 3796 ἡμῶν
759 3728 968 3792 Ἰησοῦς
1015 3732 1252 3801 Χριστὸς
1299 3737 1390 3787 ἐπὶ
1423 3737 1481 3787 τὸ
1523 3738 1693 3801 πάθος

83 3817 552 3885 παραγινόμενος
616 3820 824 3890 Κύριον
881 3822 1075 3877 ἑαυτὸν
1114 3825 1212 3893 τῆς
1265 3825 1388 3878 ὄνου
1443 3829 1539 3879 καὶ
1591 3830 1686 3882 τοῦ

81 3902 292 3957 πώλου
346 3906 594 3976 ἀπέφηνε
642 3909 777 3978 πρὸς
829 3911 958 3974 τοὺς
1008 3913 1281 3984 μαθητάς.
1314 3916 1422 3966 Καὶ
1450 3917 1560 3987 γὰρ
1597 3919 1693 3986 δη-

1797 3359 1995 3411 minem
2025 3372 2089 3411 ex
2122 3357 2234 3414 luto
2273 3357 2544 3412 formavit.
2583 3357 2750 3425 Cujus
2806 3357 2947 3410 enim
2981 3357 3222 3411 materia:
3256 3371 3382 3424 pars

1793 3459 1896 3508 est.
1931 3450 2073 3504 illius
2091 3461 2258 3504 totum
2283 3459 2384 3504 est.
2415 3449 2480 3502 Et
2505 3464 2668 3518 quem
2701 3459 2870 3502 totum
2894 3449 3084 3504 habuit
3107 3449 3379 3519 opiﬁcem,

1796 3541 1942 3596 illum
1979 3542 2168 3596 habuit
2204 3552 2258 3597 et
2289 3557 2435 3612 pars.

1868 3744 2128 3798 Dominus
2161 3752 2346 3796 noster
2373 3731 2532 3798 iesus
2578 3743 2846 3805 Christus,
2882 3757 3004 3795 eum
3037 3743 3102 3795 ad
3150 3752 3378 3796 mortent

1794 3835 2268 3903 appropinquaret,
2325 3849 2384 3887 se
2437 3836 2574 3888 asini
2633 3845 2686 3886 et
2737 3832 2865 3902 pulli
2920 3833 3202 3884 hominum
3257 3848 3379 3886 esse

1793 3926 2070 3992 discipulis
2126 3920 2446 3980 declaravit.
2512 3925 2723 3979 Etenim
2817 3940 2982 3994 opera
3051 3925 3192 3979 illius
3251 3934 3377 3978 sunt

1794 4017 2191 4072 dominationis
2228 4027 2281 4070 et
2304 4017 2582 4085 potentize,
2635 4025 2697 4070 ut
2728 4018 2977 4077 mundus,
3035 4027 3088 4069 et
3143 4032 3263 4085 quae
3321 4017 3376 4069 in

1795 4107 1994 4161 mundo
2023 4114 2172 4172 sunt,
2206 4108 2285 4161 sic
2325 4108 2486 4162 etiam
2539 4107 2674 4162 haec.
2739 4108 3098 4174 Quamobrem
3150 4107 3227 4161 ait
3262 4125 3275 4159 :
3315 4107 3376 4161 Si

1791 4201 1909 4269 quis
1954 4200 2096 4255 trabis
2175 4199 2378 4270 aliquid
2440 4201 2654 4264 dixerit,
2722 4200 3048 4268 respondete,
3113 4201 3375 4254 Dominus

1790 4293 1975 4346 [tarum
2007 4309 2135 4359 opus
2184 4295 2336 4347 habet
2374 4294 2417 4347 '.
2451 4295 2521 4348 At
2571 4295 2794 4349 haeresis
2834 4296 3058 4350 istorum
3109 4300 3212 4352 hoc
3267 4296 3372 4366 pati

79 3997 523 4065 μιουργήματα,
577 4002 669 4052 καὶ
713 4001 814 4071 τῆς
843 4003 1040 4056 ἑαυτοῦ
1090 4006 1414 4074 κυριότητος
1459 4010 1552 4059 καὶ
1611 4009 1696 4060 δε-

77 4089 364 4149 σποτείας
407 4086 598 4158 ὥσπερ
636 4093 663 4143 6
717 4097 944 4162 κόσμος,
997 4097 1091 4148 καὶ⁵
1143 4098 1211 4148 τὰ
1243 4098 1300 4148 ὲν
1350 4097 1518 4167 αὐτῷ,
1553 4098 1694 4153 οὕτω

75 4176 191 4228 καὶ
258 4177 463 4232 ταῦτα.
520 4181 612 4232 Διό
664 4199 857 4252 φησιν,
899 4184 1044 4239 Ἐάν
1098 4204 1189 4252 τις
1250 4187 1395 4254 ὑμῖν
1427 4190 1568 4258 εἴπῃ
1618 4210 1692 4256 τι,

74 4265 288 4332 ἐρεῖτε
319 4268 410 4321 ὅτι
467 4269 530 4323 '0
575 4273 795 4340 Κύριος
841 4275 1038 4330 αὐτῶν
1089 4281 1300 4348 χρείαν
1342 4281 1487 4349 ἔχει.
1524 4285 1590 4336 Ἦ
1632 4285 1689 4337 δὲ

73 4363 413 4416 ἀποστασία
443 4365 542 4418 οὐκ
572 4367 825 4437 ἀνέχεται
869 4368 1060 4434 τοῦτο,
1097 4372 1233 4424 ἀλλὰ
1261 4373 1362 4442 τῆς
1407 4375 1573 4428 αὑτοῦ
1603 4376 1688 4444 ἐξ·

76 4452 289 4515 ουσίας
325 4453 649 4524 ἁρπάξουσα
680 4459 786 4511 ὑπὸ
815 4459 916 4527 τὴν
955 4460 1322 4532 δημιουργίαν
1361 4466 1543 4519 τάττει
1591 4468 1683 4520 τοῦ

83 4561 233 4614 πονη
245 4545 344 4612 ροῦ
355 4583 368 4598 .

158 4635 354 4706 Ὅπερ
409 4638 456 4690 oi
511 4639 730 4704 ἀσεϐεῖς
785 4643 868 4706 εἰς
937 4645 1279 4714 παράστασιν
1327 4647 1421 4700 τοῦ
1471 4652 1675 4704 οἰκείου

75 4728 500 4798 προϐάλλονται
575 4732 1030 4803 δυσσεϐήματος,
1102 4738 1295 4809 ὅτιπερ
1348 4740 1505 4810 ἄρχει
1566 4745 1673 4797 τῶν

67 4818 360 4885 ἐπιγείων
407 4821 435 4872 6
487 4822 740 4892 πονηρὸς,
797 4825 1164 4895 πλανηθέντες
1211 4831 1319 4883 ἀπὸ
1349 4833 1442 4884 τοῦ
1494 4836 1670 4889 εἰπεῖν

63 4910 257 4964 αὐτὸν
312 4911 403 4964 ὅτε
455 4913 534 4981 τῷ
585 4914 807 4984 Χριστῷ
860 4916 954 4976 τὰς
1005 4917 1283 4986 ἐπιγείους
1337 4922 1516 4984 πάσας
1575 4926 1672 4985 βα-

65 5001 301 5065 σιλείας
358 5004 657 5070 ὑπέδειξεν,
704 5007 785 5060 ὅτι
843 5007 1038 5062 Ταῦτα
1085 5012 1283 5067 πάντα
1327 5030 1428 5068 σοι
1472 5016 1666 5081 δώσω,

63 5093 194 5146 ἐὰν
250 5095 466 5148 πεσὼν
512 5099 954 5168 προσκυνήσῃς
979 5120 1084 5169 μοι
1108 5143 1123 5168 ,
1177 5105 1334 5158 τοῦτο
1371 5108 1553 5172 αὐτοῖς
1592 5114 1672 5174 εἰς

61 5184 134 5235 τὸ
169 5185 412 5252 μηδενὸς
439 5188 620 5241 αὐτῶν
639 5191 830 5258 ἄρχειν
857 5192 948 5243 τὸν
981 5195 1217 5263 πονηρὸν
1241 5196 1666 5268 ἀντέστραπται.

62 5278 356 5348 Ψεύστης
393 5279 500 5349 γὰρ
548 5280 646 5348 ὢν,
696 5284 790 5334 καὶ
843 5283 1070 5351 ψεύδους
1107 5289 1344 5357 ἀρχηγὸς
1371 5328 1386 5352 ,
1443 5294 1538 5344 καὶ
1576 5296 1672 5345 otio

58 5369 284 5421 ἰέποτε
321 5373 382 5422 ὲν
411 5375 476 5440 τῇ
513 5372 740 5444 ἀληθείᾳ
770 5375 1050 5444 έστηκὼς,
1093 5377 1169 5441 ὡς
1208 5382 1234 5432 6
1266 5381 1471 5451 Κύριος
1513 5387 1672 5453 ἡμῶν

56 5462 370 5526 ἐδίδαξεν,
419 5467 578 5528 αὐτὸς
627 5467 820 5520 ἑαυτὸν
853 5471 1076 5522 ἀνεῖπεν
1107 5472 1346 5543 ἄρχοντα
1392 5477 1500 5529 τῶν
1547 5480 1670 5531 ἐπι-

55 5556 278 5623 γεέων.

1709 4560 1762 4623 D

1789 4399 1896 4438 non
1927 4393 2122 4450 potest,
2154 4385 2247 4437 sed
2299 4386 2413 4438 hate
2471 4386 2635 4455 ipsius
2689 4388 2928 4441 aditueus
2979 4390 3254 4456 potestati,
3308 4406 3372 4442 ea

1793 4475 1917 4529 mali
1939 4476 2188 4530 attribuit
2215 4477 2449 4546 opiﬁcio.

1855 4635 2007 4702 Quod
2039 4635 2186 4705 impii
2215 4635 2308 4690 isti
2335 4637 2399 4690 ad
2435 4630 2587 4692 suam
2638 4639 3068 4694 conﬁrmandam
3134 4641 3369 4695 aﬂ'erun!

1775 4728 2133 4796 impietatem,
2171 4743 2276 4797 qua
2309 4729 2508 4783 malum
2561 4743 2740 4783 rerum
2775 4735 3110 4786 terrestrium
3163 4733 3368 4802 princi-

1775 4835 1890 4887 pem
1914 4833 2034 4873 esse
2059 4821 2404 4884 contendunt,
2439 4837 2503 4874 ea
2551 4835 2608 4875 re
2629 4823 2858 4888 decepti,
2889 4823 3031 4890 quod
3071 4825 3186 4891 ipse
3214 4825 3370 4878 Chri-

1771 4921 1855 4964 sto
1886 4911 2266 4966 demonstratis
2283 4914 2533 4967 omnibus
2564 4915 2747 4966 mundi
2773 4916 2950 4981 regnis
2969 4914 3207 4969 dixerit:
3240 4916 3365 4969 Ilwc

1770 5002 1945 5055 omnia
1976 5004 2069 5056 tibi
2096 5003 2252 5067 dabo,
2289 5005 2334 5056 si
2363 5014 2657 5071 prostratus
2715 5004 3014 5058 adoraveris
3053 5023 3134 5059 me
3167 5008 3208 5073 ³,
3237 5009 3363 5064 iliud

1772 5092 1947 5158 ipsum
1978 5093 2198 5147 deberet
2226 5093 2328 5147 illis
2355 5093 2614 5156 indicare,
2648 5095 2846 5148 malum
2879 5095 3081 5149 nullius
3107 5098 3351 5166 ipsorum

1772 5201 1893 5238 esse
1924 5186 2222 5260 dominum.
2257 5185 2393 5238 Cum
2429 5186 2570 5237 enim
2610 5188 2835 5240 mendax
2881 5188 2970 5250 sit,
3003 5198 3057 5242 et
3085 5190 3353 5243 mendacii

1774 5279 2045 5344 princeps,
2069 5291 2298 5346 cumque
2329 5292 2600 5345 nunquam
2630 5281 2842 5333 steterit
2892 5282 2944 5333 iu
2982 5283 3226 5344 veritate,
3288 5291 3346 5334 ut

1780 5371 2037 5426 Dominus
2069 5380 2251 5424 noster
2275 5369 2458 5424 docuit
2489 5373 2531 5435 ⁵,
2562 5371 2675 5441 ipse
2704 5386 2763 5426 se
2794 5388 2974 5428 rerum
3007 5375 3346 5430 terrestrium

1782 5459 1995 5528 negavit
2027 5472 2147 5514 esse
2168 5459 2486 5530 principem.

143 5740 162 5769 ‘
198 5738 368 5810 Joan.
403 5741 550 5807 t,l0.
629 5742 648 5773 ¹
676 5743 862 5800 Matth.
920 5761 1030 5813 ut,
1085 5749 1136 5806 5.
1214 5748 1248 5819 ³,
1282 5747 1472 5806 Matth.
1524 5768 1596 5819 ιν,
1653 5751 1706 5806 9.
1785 5753 1805 5784 ⁸
1838 5752 1994 5809 Joan.
2033 5770 2153 5824 vm,
2187 5756 2274 5812 44.
