4052 6292
213 528 350 594 1213

1131 531 1508 592 PANOPLlA
1552 530 2011 591 DOGMATICA.
2049 556 2118 566 --
2158 532 2307 594 ΤΙΤ.
2348 533 2557 594 XXIV.

3353 526 3489 588 1214

211 649 444 718 ρόμενον
475 645 810 708 ἀνεκαίνιζε.
844 647 904 698 οὐ
938 647 1262 716 προσιόντας
1307 649 1491 717 μόνον.
1529 647 1662 700 ἀλλὰ
1698 649 1791 701 καὶ

1901 649 2144 703 civnates
2229 663 2416 704 omnes
2475 657 2528 703 et
2584 649 2767 714 vicos,
2836 647 3034 699 docens
3101 643 3155 697 in
3209 642 3494 712 synagogis

209 740 379 802 σύτ’ς
409 738 641 801 ἐκείνοις
678 738 874 806 φοιτῶν
924 739 1018 790 καὶ
1047 743 1519 809 παραγενόμενος;
1550 740 1791 809 Περιῆγε

209 831 322 899 γὰρ
374 830 402 881 ὁ
442 828 651 897 Ἰησοῦς
701 829 797 891 τὰς
861 828 1044 892 πόλεις
1079 831 1288 893 πάσαςυ
1309 833 1404 883 καὶ
1443 832 1541 894 τὰς
1578 831 1791 900 κώμας,

209 922 308 974 καὶ
336 921 609 973 διῖασκων
639 921 696 973 ὲν
725 922 846 982 ταῖς
881 924 1224 989 συναγωγαῖς
1261 923 1436 974 αὐτῶν
1457 962 1472 985 ,
1508 924 1601 974 καὶ
1631 923 1794 991 θερα-

206 1013 396 1066 πεῦων
450 1015 631 1066 πᾶσαν
704 1013 858 1065 νόσον
919 1015 1011 1066 καὶ
1092 1015 1274 1067 πᾶσαν
1331 1015 1626 1083 μαλακίαν.
1684 1015 1796 1066 Οὐκ

207 1105 524 1172 ἐθεράπευε
569 1102 672 1172 μὲν
705 1103 967 1167 τούτους,
1015 1103 1174 1172 ἐσίγα
1218 1104 1274 1156 δὲ
1313 1105 1412 1173 τὴν
1455 1104 1752 1174 θεραπείαν
1780 1143 1796 1167 ,

209 1197 354 1250 ἀλλὰ
425 1196 686 1258 πολλάκις
759 1196 854 1248 καλ⁵
933 1198 1275 1266 προσέτασσε
1356 1197 1797 1266 διαγγέλλεσθαι.

208 1290 615 1358 Πορευθέντες
651 1291 781 1358 γὰρ,
813 1291 1012 1358 φησὶν,
1052 1290 1461 1358 ἀπαγγείλατε
1509 1287 1758 1356 Ἰωάννῃ
1784 1306 1798 1320 ο

215 1381 440 1449 Τυφλοὶ
473 1381 907 1444 ἀναϐλέπουσι,
928 1381 1109 1447 χωλοὶ
1141 1373 1560 1449 περιπατοῦσι,
1587 1382 1799 1449 λεπροὶ

208 1471 650 1538 καθαρίζονται,
681 1473 862 1541 κωφοί
899 1473 1228 1535 ἀκούουσι,
1266 1475 1361 1526 καί
1407 1474 1608 1540 νεκροὶ
1647 1475 1799 1542 ἐγεί-

201 1581 438 1632 ρονται.
494 1567 600 1618 Καὶ
644 1569 756 1628 τοῖς
791 1566 1058 1636 μαθηταῖς
1101 1566 1156 1618 δὲ
1216 1569 1440 1636 σημεῖον
1481 1567 1581 1636 τῆς
1628 1567 1793 1620 αὐτοῦ

208 1657 532 1723 δννάμεως,
569 1659 664 1710 καὶ
700 1659 913 1726 ίσχύος,
942 1657 1039 1710 καὶ
1094 1659 1314 1728 χάριτος
1365 1659 1425 1711 τὸ
1478 1659 1569 1710 Qui.
1615 1658 1793 1729 ἀρρώ-

213 1765 374 1810 στους
420 1751 607 1818 χεῖρας
638 1751 936 1815 ἐπιθεῖναι,
967 1752 1061 1802 καὶ
1090 1751 1274 1803 ἐᾶσθαι
1311 1750 1551 1805 δίδωσιν.
1603 1739 1793 1813 Οὕτως

1896 743 2156 810 ipsorum,
2208 751 2260 797 et
2315 756 2510 796 curans
2564 755 2750 794 omnes
2805 737 3166 799 inﬁrmitates,
3211 744 3494 788 etomnem

1893 833 2234 903 languorem.
2263 833 2453 902 Neque
2481 847 2608 886 vero
2673 832 2771 885 bos
2842 830 3089 892 curabat,
3154 825 3491 879 curationem

1894 937 2073 980 autem
2125 927 2336 991 silebat,
2371 927 2630 996 sedsaepe
2677 923 2920 992 iubebat,
2985 930 3040 973 nt
3092 919 3491 972 enuntiarent:

1897 1018 2324 1086 Euntes,inquit,
2345 1020 2643 1072 renuntiate
2666 1017 2863 1069 Joanni
2889 1013 3062 1068 :Ca’ei
3091 1013 3286 1076 vident,
3315 1009 3495 1062 claudi

1898 1114 2190 1175 ambulant,
2211 1112 2400 1180 leprosi
2427 1110 2930 1176 rnundantur,surdi
2956 1108 3265 1170 audiunt,et
3294 1102 3492 1157 mortui

1899 1218 2206 1259 revocantur
2236 1224 2289 1260 ιη
2324 1208 2482 1259 vitam
2517 1209 2556 1259 ί.
2585 1203 2722 1270 Quin
2750 1205 2910 1256 etiam
2941 1200 3218 1269 discipulis
3247 1199 3494 1262 virtutis,

1900 1311 1952 1351 et
1983 1299 2258 1366 potentiae,
2310 1299 2606 1365 gratiaeque
2633 1312 2747 1350 suae
2799 1295 3010 1362 signum
3050 1292 3176 1345 illud
3239 1289 3405 1347 dedit.
3436 1297 3496 1342 ut

1901 1403 2064 1456 Super
2100 1404 2271 1456 aegros
2306 1404 2494 1442 manus
2525 1388 2865 1456 imponerent
2894 1393 2948 1438 et
2991 1390 3337 1437 curarentur.
3389 1379 3497 1433 Cu-

1902 1493 2015 1531 ram
2038 1479 2198 1546 igitur
2222 1481 2438 1546 gerebat
2469 1477 2708 1547 ﬁgmenti
2732 1474 3085 1530 suiCbristns
3122 1472 3262 1525 Deus
3289 1479 3493 1533 noster,

1901 1571 2102 1638 quippe
2132 1573 2223 1638 qui
2260 1581 2481 1625 venerat
2543 1579 2600 1622 nt
2633 1569 2869 1622 animum
2901 1578 2952 1621 cl
2986 1580 3182 1634 corpus
3226 1571 3491 1618 servaret.

1901 1660 2083 1728 Neque
2115 1661 2228 1728 ipse
2257 1663 2428 1714 solum
2478 1641 2632 1713 nobis
2673 1658 3067 1720 bettelaciebal,
3127 1654 3220 1709 sed
3251 1651 3494 1707 eamdem

1900 1752 2176 1820 discipulis
2207 1767 2424 1821 quoque
2456 1750 2825 1806 benefaciendi
2857 1744 3029 1802 dabat
3049 1747 3380 1800 facultatem.

211 1842 288 1903 ὡς
324 1843 530 1896 οίκείου
567 1844 886 1912 πλάσματος
950 1847 1193 1898 ἐποιεῖτο
1222 1847 1320 1914 τὴν
1366 1847 1652 1914 πρόνοιαν,
1715 1849 1742 1898 ὁ
1781 1845 1874 1898 καὶ
1910 1846 2008 1914 τὴν
2049 1847 2228 1916 ψυχὴν
2267 1849 2360 1899 καὶ
2395 1845 2454 1898 τὸ
2485 1845 2643 1913 σῶμα
2680 1839 3081 1914 παραγεγονὼς
3131 1839 3302 1888 σῶσαι
3355 1835 3495 1905 Χριῗ

214 1934 342 1996 στος
372 1937 400 1986 ὁ
442 1937 576 1997 Θεὸς
610 1938 790 2006 ἡμῶν.
843 1937 952 1990 Καὶ
988 1939 1048 1990 οὑ
1084 1937 1281 2008 μέχρις
1315 1937 1479 1992 αὑτοῦ
1519 1940 1618 2007 τὴν
1669 1939 1988 2008 εὐεργεσίαν
2029 1941 2414 2009 περιγράφων,
2454 1940 2588 1991 ἀλλὰ
2654 1938 2748 1988 καὶ¹
2814 1937 2924 1996 τοῖς
2963 1931 3238 2002 μαθηταῖς
3297 1925 3366 1979 τὰ
3399 1926 3494 1977 ῐσα

215 2028 394 2076 ποιεῖν
423 2025 600 2087 διδοὺς
639 2025 912 2091 ἐξουσίαν.

287 2120 349 2171 Ei
382 2119 441 2171 τὸ
482 2119 642 2187 σῶμα
677 2086 745 2188 iw
779 2119 873 2170 τοῦ
904 2118 1144 2189 πονηροῦ
1167 2158 1182 2180 ,
1227 2136 1341 2182 πως
1372 2119 1400 2171 ό
1438 2119 1645 2183 Παῦλος
1678 2121 1796 2172 ἐλυσ

1982 2115 2036 2170 Si
2064 2131 2263 2184 corpus
2295 2124 2375 2170 est
2416 2113 2560 2178 mali,
2593 2129 2708 2167 cur.
2736 2119 3035 2180 aegrotante
3065 2106 3330 2175 discipulo
3357 2086 3498 2158 Pais.

214 2214 392 2274 πεῖτο,
431 2210 718 2271 νοσοῦντος
739 2209 832 2261 τοῦ
869 2210 1139 2280 μαθητοῦ,
1173 2212 1266 2264 καὶ
1291 2211 1446 2274 αὖθις
1477 2213 1796 2279 ὑγιάναντος

214 2303 428 2368 ἔλεγεν,
469 2301 552 2353 ὅτι
589 2299 877 2366 Ἠλέησεν
916 2303 1103 2354 αὑτὸν
1146 2304 1178 2355 ό
1215 2301 1380 2367 Θεὸς,
1426 2303 1533 2354 οὐκ
1564 2301 1798 2354 ἐκεῖνον

217 2394 285 2446 δὲ
303 2394 519 2461 μόνον,
554 2391 716 2445 ἀλλὰ
748 2393 846 2445 καὶ
879 2393 1007 2460 ἐμὲ,
1033 2393 1236 2462 ἵναμὴ
1263 2395 1473 2460 λύπην
1504 2395 1601 2446 ἐπὶ
1632 2395 1797 2460 λύπῃ

217 2484 384 2553 σχῶ;
414 2485 510 2553 ᾕΤί
548 2483 658 2552 γὰρ
690 2484 796 2536 ἔδει
840 2483 1132 2536 λυπεῖσθαι
1187 2485 1276 2538 τὸν
1326 2485 1537 2537 Παῦλον
1585 2485 1798 2555 ὁρῶντα

216 2576 480 2645 λυόμενον
509 2575 568 2627 τὸ
602 2575 832 2645 πλάσμα
858 2575 952 2627 τοῦ
982 2576 1250 2646 πονηροῦ;
1281 2577 1402 2638 Πῶς
1427 2576 1481 2627 δὲ
1509 2575 1797 2627 ἐπέστελλε

217 2668 472 2739 Τιμοθέῳ
506 2670 749 2738 γράφων,
791 2671 946 2735 Οἵνῳ
1000 2671 1182 2739 ὀλίγῳ
1210 2668 1334 2738 χρῶ
1373 2671 1470 2722 διὰ
1514 2669 1618 2722 τόν
1664 2671 1802 2723 atd-

213 2765 420 2831 μαχόν
442 2777 558 2815 σου
594 2762 692 2814 καὶ
722 2763 828 2828 τὰς
849 2763 1086 2829 πυκνάς
1108 2780 1224 2817 σου
1261 2764 1613 2828 ἀσθενείας;
1653 2764 1798 2815 Ἔδει

219 2858 332 2921 γὰρ
360 2853 673 2906 τούναντίον
719 2854 978 2922 γράφειν,
1022 2855 1158 2924 Μηδ’
1192 2855 1329 2918 ὅλως
1363 2856 1602 2926 κέχρησο
1635 2855 1760 2923 οἴνῳ
1782 2893 1796 2920 ,

223 2944 314 2998 ἵνα
344 2943 536 2997 θᾶττον
569 2946 710 3015 ραγῇ
741 2945 802 2998 τὸ
838 2945 1067 3015 πλάσμα
1091 2946 1184 2998 τοῦ
1229 2947 1498 3016 πονηροῦ,
1530 2945 1624 3000 uel.
1652 2945 1800 2996 ἐλευ-

223 3036 472 3108 θερωθῇς
498 3036 593 3089 τοῦ
629 3034 830 3108 βάρους
861 3038 1048 3092 αὐτοῦ.

300 3127 366 3180 Ei
392 3128 452 3180 τὺ
485 3129 646 3198 σῶμά
681 3131 796 3182 ἐστι
824 3129 918 3182 τοῦ
963 3129 1206 3200 πονηροῦ
1231 3171 1244 3195 ,
1289 3130 1406 3194 πῶς
1432 3133 1801 3200 ἐμεγαλύνετο

223 3219 462 3286 Χριστὸς
506 3223 564 3274 ὲν
609 3219 688 3289 τῷ
728 3220 824 3273 τοῦ
851 3222 1066 3274 Παύλου
1111 3222 1358 3292 σώματι;
1395 3225 1514 3285 Πῶς
1549 3224 1606 3277 δὲ
1639 3226 1800 3279 πάλιν

221 3309 389 3372 αὐτὸς
421 3313 447 3361 ὀ
479 3309 712 3374 Παῦλος,
752 3311 911 3380 εῐπερ
937 3312 1037 3364 οὐκ
1067 3307 1136 3381 ἦν
1159 3313 1220 3364 τὸ
1258 3315 1418 3382 σῶμα
1450 3315 1677 3384 πλάσμα
1706 3316 1799 3369 τοῦ

220 3397 438 3462 ἀγαθοῦ
493 3397 669 3462 Θεοῦ,
730 3399 1027 3470 ἐπεύχεται
1083 3401 1486 3472 διατηρηθῆναι
1543 3405 1681 3457 σῶον
1740 3405 1800 3457 τὸ

1905 2211 1989 2263 lus
2022 2212 2338 2279 angebatur,
2397 2221 2568 2275 eoque
2616 2205 3030 2259 convalescente
3073 2201 3319 2256 dicebat:
3356 2199 3493 2253 Deus

1901 2303 2146 2353 misertus
2179 2309 2254 2353 est
2291 2301 2388 2363 tui,
2428 2315 2516 2351 nec
2573 2299 2648 2350 tui
2699 2296 2890 2359 solum,
2943 2309 3119 2347 verum
3174 2293 3330 2346 etiam
3370 2293 3492 2356 mei,

1901 2408 1962 2444 ne
2007 2391 2277 2444 tristitiam
2305 2405 2460 2456 super
2500 2389 2770 2440 tristitiam
2805 2386 3024 2438 habeam
3051 2384 3118 2437 ’ἵ
3151 2384 3317 2449 .Quid
3349 2384 3494 2437 enim

1903 2482 2023 2551 angi
2088 2481 2313 2535 Paulum
2376 2479 2679 2549 oportebat,
2737 2494 2857 2532 cum
2913 2491 3052 2544 opus
3099 2475 3221 2529 ntali
3274 2473 3495 2528 dissolvi

1901 2571 2272 2641 perspiceret?
2305 2571 2414 2625 Cur
2448 2571 2574 2624 item
2629 2567 2880 2638 praecepit
2907 2565 3173 2636 discipulo
3210 2582 3223 2618 :
3255 2562 3489 2629 Modico,

1903 2663 2173 2732 inquiens,
2213 2665 2328 2716 vino
2355 2673 2494 2716 utere
2512 2671 2722 2729 propter
2743 2661 3070 2712 stomachum
3100 2668 3268 2722 tuum,
3297 2666 3343 2710 et
3383 2656 3492 2724 fre-

1900 2765 2109 2824 quentes
2133 2752 2459 2822 inﬁnnitates
2490 2754 2544 2823 ³ιῖ
2564 2756 2760 2806 Contra
2789 2751 2967 2820 potius
2984 2749 3329 2804 scribendum
3369 2746 3493 2804 fuit.

1905 2859 1969 2896 ne
2007 2859 2224 2911 prorsus
2248 2853 2486 2896 uteretur
2520 2844 2662 2900 vino,
2695 2857 2802 2909 quo
2836 2839 2994 2892 citius
3022 2839 3144 2891 mali
3171 2840 3483 2904 ﬁgmentum

1902 2945 2258 2995 everteretur.
2290 2946 2346 2990 et
2374 2935 2670 3003 discipulus
2707 2935 2770 2987 ab
2799 2931 2913 3000 ejus
2945 2947 3110 2984 onere
3144 2931 3491 2984 liberaretur.

1976 3139 2032 3194 Si
2069 3153 2265 3208 corpus
2290 3149 2373 3193 est
2409 3138 2554 3199 mali,
2613 3134 2885 3203 quomodo
2927 3132 3175 3188 Christus
3220 3134 3273 3185 in
3333 3129 3488 3184 Pauli

1903 3249 2132 3302 corpore
2203 3230 2682 3300 tnagnilicabatur?
2758 3229 3040 3294 Quomodo
3083 3241 3295 3280 rursum
3373 3225 3488 3290 ipse

1905 3327 2122 3392 Paulus,
2156 3326 2200 3380 si
2227 3339 2424 3390 corpus
2458 3331 2670 3376 nonest
2702 3322 3010 3390 ﬁgmentum
3035 3319 3161 3373 boni
3190 3316 3306 3384 Dei,
3331 3327 3483 3385 Optat.

1908 3431 1967 3475 ut
2025 3420 2291 3486 integrum
2357 3429 2550 3484 corpus
2573 3425 2942 3475 conservetur,
2974 3411 3132 3479 idque
3164 3408 3218 3462 in
3256 3409 3492 3461 adventu
3531 3421 3534 3424 ‘

218 3489 389 3557 σῶμα
419 3490 511 3542 καὶ
542 3493 662 3542 τότε
695 3491 752 3543 ὲν
781 3493 846 3562 τῇ
874 3469 1158 3564 παρουσίᾳ
1187 3469 1279 3546 τοῦ
1307 3469 1542 3564 -Κυρίου,
1579 3496 1756 3565 λέγων
1781 3513 1795 3528 ’

1911 3513 2160 3566 Domini?
2188 3509 2418 3579 Integer,
2454 3508 2648 3576 inquit,
2681 3506 2899 3572 spiritus
2952 3513 3140 3568 vester,
3200 3512 3248 3554 et
3280 3501 3486 3564 animo,

229 3582 608 3650 Ὀλόκληρον
637 3583 808 3651 ὑμῶν
835 3585 900 3638 τὸ
929 3585 1130 3654 σῶμα,
1161 3586 1262 3640 καί
1294 3587 1331 3654 ἠ
1357 3588 1553 3656 ψυχὴ,
1592 3591 1688 3644 καί
1738 3590 1802 3644 τὸ

213 3673 459 3738 πνεῦμα
499 3673 816 3743 ἀμέμπτως
859 3676 928 3728 ἐν
972 3677 1048 3744 τῇ
1093 3682 1397 3746 παρουσίᾳ
1437 3682 1540 3736 τοῦ
1578 3685 1802 3752 Κυρίου

208 3765 387 3832 ἡμῶν
425 3766 630 3833 Ἰησοῦ
658 3768 916 3834 Χριστοῦ
953 3769 1333 3838 διατηρηθείη
1358 3788 1376 3835 ;

290 3859 354 3910 El
389 3859 553 3926 ἄλλης
598 3862 695 3927 μὲν
736 3855 804 3929 ἦν
836 3863 1008 3930 ἀρχῆς
1041 3862 1198 3931 ἔργον
1227 3867 1259 3933 ἡ
1301 3864 1446 3934 ψυχὴ
1468 3906 1481 3930 ,
1515 3867 1708 3934 ἑτέρας
1746 3869 1802 3920 δὲ

209 3951 276 4002 τὸ
313 3949 512 4016 σῶμα,
565 3951 682 4013 πῶς
734 3953 760 4003 ὀ
805 3951 1012 4022 ἀληθὴς
1063 3956 1221 4024 ἡμῶν
1255 3956 1502 4024 πλάστης
1549 3961 1641 4010 καὶ
1673 3959 1800 4022 Θεὸς

210 4042 668 4113 ἀπερισπάστους
697 4039 840 4096 εἶναι
873 4044 1199 4114 βουλόμενος
1231 4051 1358 4112 τοὺς
1383 4050 1549 4104 αὑτοῦ
1578 4051 1805 4122 λατρεῦ-

208 4134 311 4197 τὰς
352 4136 616 4204 παραινεῖ
653 4137 784 4204 περὶ¹
813 4137 1079 4209 ἑκατέρου
1121 4139 1317 4205 λέγων,
1349 4142 1446 4209 Μὴ
1481 4143 1803 4212 μεριμνᾶτε

211 4224 290 4293 τῇ
324 4225 497 4294 ψυχῇ
533 4227 700 4296 ὑμῶν
728 4229 787 4282 τί
821 4231 1075 4299 φάγητε,
1114 4231 1151 4299 ἢ
1189 4233 1247 4285 τί
1285 4235 1459 4301 πίητε
1482 4273 1499 4300 ,
1540 4235 1697 4304 μηδὲ
1725 4237 1803 4300 τῷ

209 4317 444 4384 σώματι
504 4320 673 4388 ὑμῶν
744 4322 800 4374 τί
859 4322 1246 4390 duiut-711008;
1299 4321 1434 4378 Εἶτα
1489 4328 1583 4381 καὶ
1641 4331 1801 4382 πλέον

209 4412 364 4478 ἡμᾶς
396 4413 473 4479 τῷ
516 4413 925 4482 παραδείγματι
969 4417 1104 4486 πρὸς
1143 4418 1241 4488 τὴν
1282 4420 1565 4473 νουθεσίαν
1601 4421 1800 4486 ἕλκων,

222 4503 599 4572 Ἐμόλέψατε
617 4545 630 4570 ,
674 4507 859 4576 φησὶν,
892 4510 981 4572 είς
1007 4510 1078 4562 τὰ
1110 4512 1352 4565 πετεινὰ
1381 4513 1487 4566 τοῦ
1514 4514 1798 4582 οὐρανοῦ,

208 4595 303 4647 ὅτι
336 4599 404 4649 οὐ
441 4599 801 4665 σπείρουσιν
828 4641 843 4664 ,
899 4600 1043 4654 οὐδὲ
1082 4603 1376 4670 θερίζουσι
1400 4647 1416 4671 ,
1473 4604 1571 4659 καὶ
1616 4607 1802 4660 πόθεν

205 4689 417 4754 αὐτοῖς
447 4691 482 4756 ἠ
516 4689 664 4758 (ani;
695 4692 746 4742 Ὀ
781 4693 984 4760 Πατὴρ
1019 4694 1188 4761 ὑμῶν
1217 4699 1248 4749 ὀ
1277 4697 1556 4765 οὐράνιος
1599 4699 1798 4766 τρέμει

1906 3618 1952 3660 et
1981 3621 2166 3672 corpus
2199 3604 2309 3656 sine
2329 3599 2537 3672 querela
2563 3601 2617 3653 in
2646 3601 2868 3651 adventu
2903 3595 3110 3648 Domini
3154 3594 3317 3647 nostri
3360 3591 3490 3646 Iesu

1907 3700 2104 3755 Christi
2147 3707 2476 3750 conservetur
2503 3694 2546 3745 ι.

1978 3875 2034 3928 Si
2062 3877 2127 3929 ab
2146 3875 2250 3928 alio
2272 3871 2538 3940 principio
2565 3869 2765 3933 anima,
2788 3867 2856 3922 ab
2883 3866 2989 3921 alio
3014 3880 3211 3934 corpus
3243 3862 3492 3930 proﬁcis-

1905 3962 2067 4026 citur,
2095 3977 2189 4013 cur
2218 3974 2388 4022 verus,
2421 3969 2608 4011 noster
2665 3966 2979 4025 procreator
3033 3965 3086 4008 et
3125 3954 3269 4008 Deus
3308 3951 3494 4004 volens

1905 4055 2222 4106 adoratores
2256 4064 2386 4103 suos
2415 4063 2536 4101 esse
2565 4049 2679 4100 sine
2722 4045 3105 4107 sollicitudine,
3157 4043 3226 4097 de
3261 4050 3493 4108 utroque

1906 4149 2158 4203 admonet
2180 4159 2324 4198 eos:
2388 4141 2590 4204 Nolite,
2637 4141 2909 4208 inquiens,
2950 4137 3160 4190 solliciti
3210 4152 3343 4198 esse,
3403 4149 3494 4186 nec

1907 4239 2096 4292 animm
2146 4245 2352 4296 vestite,
2403 4233 2528 4301 quid
2583 4232 2777 4295 edatis,
2830 4242 2916 4281 aut
2959 4228 3080 4296 quid
3132 4226 3343 4288 bibatis,
3403 4238 3496 4276 nec

1905 4327 2112 4396 corpori
2141 4333 2336 4382 vestro,
2392 4322 2518 4390 quid
2570 4319 2869 4372 induamini
2897 4318 2953 4369 ⁵⁸2
3009 4317 3212 4370 Deinde
3248 4314 3496 4368 admoni-

1909 4421 2107 4474 tionem
2134 4432 2287 4471 suam
2313 4414 2559 4482 exeutplo
2590 4412 2920 4466 conlirnntns
2951 4427 2962 4463 :
2988 4409 3267 4477 Respicite,
3293 4407 3492 4476 inquit,

1905 4512 2141 4568 volatilia
2182 4510 2318 4575 (teli,
2342 4509 2465 4576 quia
2499 4523 2602 4560 non
2623 4515 2825 4570 semul,
2850 4521 3011 4574 neque
3042 4501 3263 4569 mettint,
3288 4514 3332 4555 et
3359 4502 3496 4554 umle

1904 4607 2008 4658 illis
2041 4605 2263 4671 suppetit
2284 4599 2490 4652 victus?
2520 4597 2682 4652 Pater
2705 4607 2869 4649 vester
2893 4594 3111 4648 caelestis
3129 4596 3298 4663 pascit
3320 4590 3416 4644 illa
3449 4592 3493 4642 ⁸.

1907 4695 1961 4750 Si
1998 4697 2240 4750 veritatis
2296 4693 2414 4747 fons
2470 4693 2684 4744 νέαι-ειη
2746 4703 2986 4743 nostrum
3038 4691 3310 4742 ctelcstem
3372 4685 3495 4739 cmli

159 4845 166 4849 _
205 4780 390 4835 αὑτά.
435 4783 493 4833 Εἰ
527 4777 620 4835 οὖν
649 4784 867 4854 Πατέρα
912 4787 1068 4858 ἡμῶν
1099 4788 1349 4855 οὐράνιον
1384 4791 1474 4842 τὸν
1517 4790 1790 4860 τρέφοντα

1901 4795 2142 4846 volucres
2163 4804 2385 4858 pascere
2413 4797 2462 4839 et
2490 4789 2639 4838 novit
2667 4797 2718 4838 et
2744 4785 2894 4847 dit-it,
2915 4783 3170 4850 additque
3213 4790 3268 4833 et
3292 4780 3494 4832 laeuum

203 4873 281 4926 tit
325 4874 548 4927 πετεινὰ
596 4875 689 4928 τοῦ
734 4879 963 4947 οὐρανοῦ
1017 4883 1112 4932 καὶ
1170 4877 1277 4933 οἶδε
1343 4883 1437 4934 καὶ
1492 4883 1638 4952 λέγει
1698 4886 1796 4954 τῆς

203 4966 472 5035 ἀληθείας
525 4967 795 5038 ἡπηγὴ,
848 4970 996 5037 λέγει
1059 4971 1116 5024 δὲ
1177 4974 1389 5027 καὶτὸν
1448 4977 1642 5046 χόρτον
1700 4977 1794 5030 τοῦ

203 5058 386 5128 ἀγροῦ
439 5059 532 5112 τὸν
581 5062 662 5122 είς
708 5062 800 5113 τὸν
849 5063 1106 5122 κλίϐανον
1172 5065 1501 5135 βαλλόμενον
1540 5070 1644 5122 ὑπὸ
1701 5071 1792 5123 τοῦ

203 5149 380 5202 αὐτοῦ
407 5150 542 5204 Θεοῦ
576 5153 770 5216 κάλλος
799 5155 1223 5223 ἀμφιέννυσθαι,
1253 5152 1364 5211 οἷον
1392 5160 1510 5212 οὐδὲ
1539 5160 1794 5230 Σολομὼν

206 5245 273 5296 ὲν
293 5243 392 5314 ὅλῃ
416 5245 582 5297 αὑτοῦ
613 5247 998 5314 περιεόάλλετο
1017 5253 1081 5320 τῇ
1109 5249 1234 5320 δόξῃ
1260 5267 1273 5280 ·
1293 5251 1408 5314 πῶς
1437 5254 1504 5304 τὰ
1532 5254 1794 5306 ἀπύλωτα

205 5335 311 5398 τῆς
357 5336 612 5400 ἀσεϐείας
665 5339 909 5408 στόματα
953 5341 1112 5394 ἄλλον
1150 5343 1249 5410 μὲν
1290 5342 1380 5394 τοῦ
1428 5344 1658 5413 χόρτου,
1703 5346 1796 5397 καὶ

203 5425 321 5478 τῶν
357 5429 639 5493 πετεινῶν,
675 5430 892 5483 καὶτοῦ
934 5432 1216 5502 σώματος,
1253 5435 1344 5486 καὶ
1374 5436 1481 5486 τῶν
1520 5437 1796 5505 αἰσθητῶν

208 5516 480 5570 ἁπάντων
532 5521 902 5589 χειροτονοῦσι
948 5523 1327 5594 δημιουργὸν,
1376 5526 1547 5596 ἑτέρῳ
1599 5527 1654 5579 δὲ
1698 5529 1796 5593 τὴν

208 5600 485 5678 ἡμίτομον
516 5611 835 5680 χαρίζονται
867 5613 1076 5683 ἀρχήν;
1118 5616 1239 5669 Ὅτι
1274 5615 1330 5669 δὲ
1368 5618 1395 5669 ὁ
1435 5618 1597 5681 αὑτός
1639 5618 1791 5672 ἐστιν

206 5702 242 5752 ὁ
275 5701 368 5753 καὶ
396 5700 566 5753 ταῦτα
596 5702 664 5754 τὰ
695 5704 1011 5773 πρόσκαιρα
1040 5705 1212 5770 διδοὺς
1240 5711 1337 5760 καὶ
1382 5709 1478 5778 τὴν
1505 5711 1786 5780 βασιλείαν

206 5790 324 5838 τῶν
372 5789 640 5858 οὐρανῶν,
681 5789 1185 5863 λεπτομερέστερον
1237 5795 1468 5864 βεϐαιῶν
1503 5798 1563 5848 τὸ
1612 5797 1786 5866 δόγμα

287 5907 301 5982 ξ
358 5906 546 5982 Μιιιιιι.
585 5925 659 5982 ιιι,
693 5908 745 5982 4.
797 5907 1096 5982 i’APhilipp.
1133 5928 1189 5975 It,
1215 5913 1302 5968 27.

210 5977 228 6007 ι
263 5979 388 6032 una.
418 5979 508 6047 ita,
583 5978 604 6010 ο
636 5981 766 6034 ibid.
795 5979 884 6045 se,
919 5983 1005 6039 σε.

1409 5917 1638 5972 ³1Τίιιι.
1675 5935 1725 5982 ν,
1770 5917 1859 5979 ἳῦ,

1898 4886 2034 4954 agri,
2065 4884 2204 4952 quod
2240 4881 2290 4934 iu
2329 4879 2596 4934 clibanutn
2629 4874 2935 4940 conjicitur,
2982 4873 3048 4925 ab
3079 4874 3195 4938 ipso
3230 4870 3337 4924 Deo
3390 4870 3497 4925 tale

1899 4973 2318 5045 pulchritudinis
2355 4970 2734 5023 veStimentum
2774 4966 3044 5031 accipere,
3073 4963 3234 5032 quale
3267 4978 3330 5016 ne
3377 4962 3482 5016 So-

1899 5068 2078 5118 lomon
2112 5063 2330 5132 quidem
2353 5059 2612 5113 induebat
2638 5057 2689 5108 in
2722 5055 2865 5108 omni
2896 5053 3067 5123 gloria
3112 5068 3229 5119 sua,
3260 5069 3490 5122 quomo-

1896 5157 1964 5210 do
1990 5157 2248 5208 elirenata
2277 5149 2569 5218 impietatis
2595 5162 2688 5200 ora
2723 5147 2885 5200 alium
2914 5144 3067 5210 freni,
3095 5155 3148 5198 et
3179 5147 3494 5209 volucrum,

1894 5258 1946 5300 et
2003 5245 2251 5314 corporis
2335 5253 2388 5295 et
2441 5240 2769 5308 reliquarum
2826 5253 3003 5290 rerum
3071 5252 3189 5305 quas
3245 5237 3497 5289 sensibus

1895 5337 2276 5407 percipiuntur
2327 5346 2451 5385 esse
2517 5339 2915 5397 procreatorem
2965 5325 3288 5380 allii-utaut?
3341 5324 3496 5388 Quod

1895 5442 2073 5482 autem
2105 5427 2242 5478 idem
2280 5426 2369 5484 sit,
2409 5421 2498 5488 qui
2527 5429 2583 5473 et
2609 5420 2936 5484 temporaria
2987 5417 3121 5480 luteo,
3179 5425 3232 5468 et
3271 5430 3494 5480 regnum

1906 5522 2169 5574 coelorum
2192 5515 2402 5575 tribuit,
2424 5513 2736 5566 accuratius
2759 5511 2961 5564 indicat
2994 5525 3007 5559 :
3044 5506 3181 5569 Scit,
3221 5507 3488 5573 inquiens,

1899 5612 2061 5665 Pater
2089 5619 2253 5663 vester
2276 5609 2515 5672 caelestis,
2539 5624 2626 5660 vos
2657 5605 2740 5658 Itis
2768 5603 3008 5656 omnibus
3047 5601 3302 5668 indigere.
3335 5600 3496 5664 Quat-

1897 5709 1994 5759 rite
2029 5717 2199 5758 autem
2223 5704 2451 5770 primum
2500 5717 2716 5770 regnum
2741 5699 2835 5752 Dei
2885 5695 3222 5765 etjustitiam
3272 5693 3408 5761 ejus,
3441 5699 3489 5745 et

1899 5803 2008 5852 lucc
2041 5797 2219 5849 ontttia
2249 5795 2568 5866 adjicienlur
2600 5792 2739 5844 vobis
2773 5790 2818 5842 ".

1966 5917 1983 5947 ι
2019 5915 2035 5968 t
2065 5887 2258 5970 Thess.
2293 5928 2370 5980 ιιι,
2409 5911 2492 5967 ιδ.
2601 5908 2835 5963 “Matth.
2877 5924 2948 5971 Vt,
2980 5907 3068 5959 εδ.
3149 5907 3167 5937 ο
3204 5905 3328 5959 ib:d.
3377 5904 3471 5958 26.
