4020 6284
226 345 333 407 1217

1096 342 1474 402 PANOPLIA
1517 340 1979 401 DOGMATICA.
2021 365 2089 374 --
2127 341 2273 402 TIT.
2320 342 2530 404 XXIV.

3293 347 3431 414 1218

219 453 390 523 γαστρί
446 454 683 522 ἔχουσα
739 454 807 506 ἐκ
858 453 1204 520 Πνεύματος
1283 451 1478 520 ἁγίου,
1520 452 1613 503 καὶ
1671 453 1741 504 τά

1873 464 1952 503 ur.
2022 449 2156 504 Cum
2246 451 2390 504 enim
2451 452 2686 522 omnia,
2753 467 2874 522 qua
2957 455 3023 508 ad
3100 466 3278 512 ortum
3310 460 3428 529 ejus

218 547 335 614 ἑξῆς.
370 539 492 597 Εἶτα
527 543 818 606 διεξελθὼν
845 541 914 596 τά
940 542 1070 612 περὶ
1103 540 1204 608 τῆς
1233 542 1542 610 γεννήσεως
1573 542 1737 594 αὑτοῦ

1846 542 2143 610 pertinent,
2219 541 2505 612 diligenter
2584 559 2753 613 usque
2831 545 2898 599 ad
2984 546 3257 616 Magorum
3327 553 3429 606 ad-

217 633 523 702 λεπτομερῶς
551 633 680 702 ἄχρι
717 634 816 702 τῆς
861 633 970 685 τῶν
1003 632 1194 701 μάγων
1242 631 1565 701 ἐπιδημίας,
1590 632 1742 698 λέγει

1861 645 2060 687 rentum
2123 648 2440 702 persecutus
2495 645 2687 692 esset:
2757 637 2827 691 Et
2875 640 3156 705 intrantes,
3229 642 3423 712 inquit,

215 729 365 789 πάλιν,
398 728 477 779 ὅτι
511 728 620 780 Καὶ
668 726 947 791 ἐλθόντες
995 727 1083 792 εις
1116 725 1234 792 τὴν
1263 726 1456 779 οὶκίαν
1484 722 1649 778 εἶδον
1678 725 1743 776 τὸ

1861 721 2057 774 tomum
2139 723 2377 777 viderunt
2466 739 2688 792 puerum
2779 741 2900 778 cum
2984 725 3162 781 Maria
3261 739 3430 782 matre

213 819 416 872 παιδίον
472 818 618 880 μετὰ
662 819 894 885 Μαρίας
929 815 1040 886 τῆς
1090 819 1331 885 μητρὸς
1378 817 1589 880 αὐτοῦ,
1645 815 1744 871 καὶ

1861 813 1895 882 ej
1902 829 1984 878 us,
2053 823 2102 867 et
2183 816 2506 882 procidentes

211 913 466 977 πεσόντες
485 911 963 978 προσεκύνησαν
995 911 1162 964 αὐτό.
1204 910 1265 962 '0
1298 910 1353 961 δὲ
1404 908 1577 978 μέγας
1607 911 1748 962 Λου-

210 1007 303 1067 κᾶς
329 1002 570 1072 ἀνωτέρω
596 1001 689 1055 τὸν
734 1002 891 1070 λόγον
921 1000 1172 1071 ἀγαγὼν,
1233 1000 1492 1069 Ἐξῆλθε
1527 999 1742 1069 δόγμα,

208 1098 346 1166 φησὶ,
388 1093 543 1163 παρὰ
600 1094 905 1161 Καίσαρος
943 1094 1302 1163 Αὐγούστου
1330 1093 1437 1147 τοῦ
1489 1091 1749 1160 ἀπογρά-

205 1192 391 1258 φεσθαι
410 1186 617 1242 πᾶσαν
638 1186 753 1250 τὴν
773 1184 1163 1254 οἰκουμένην.
1179 1184 1341 1249 Αὕτη
1365 1184 1402 1251 ἠ
1426 1183 1746 1252 ἀπογραφὴ

203 1280 374 1350 πρώτη
395 1277 648 1347 ἐγένετο,
671 1279 1144 1347 ἡγεμονεύοντος
1170 1274 1279 1344 τῆς
1303 1276 1524 1343 Συρίας
1548 1275 1746 1342 Κυρη-

201 1353 340 1428 νίου.
389 1373 492 1426 Καὶ
569 1371 932 1437 ἐπορεύοντο
998 1369 1222 1433 πάντες
1296 1366 1749 1435 ἀπογράφεσθαι

201 1466 426 1529 ἕκαστος
456 1464 680 1532 είς-τὴν
713 1464 876 1518 ίδίαν
917 1462 1122 1516 πόλιν.
1165 1459 1372 1526 Ἀνέϐη
1400 1459 1469 1512 δὲ
1499 1460 1595 1512 καὶ
1641 1461 1754 1512 Ἰωο

198 1558 319 1625 σὴρ
346 1556 453 1611 ἀπὸ
485 1555 598 1626 τῆς
631 1555 973 1620 Γαλιλαίας
992 1555 1060 1608 ἐκ
1091 1555 1326 1621 πόλεως
1362 1554 1628 1620 Ναζαρὲτ
1668 1557 1753 1616 εἰς

198 1652 306 1716 τὴν
333 1647 643 1709 Ἰουδαίαν,
700 1650 787 1712 είς
841 1649 1026 1700 πόλιν
1075 1646 1274 1710 Δαϐίδ,
1313 1645 1446 1713 ἣτις
1480 1645 1751 1699 καλεῖται

195 1739 466 1809 Βηθλεὲμ,
500 1739 599 1792 διὰ
646 1739 715 1792 τὸ
754 1735 910 1792 εἶναι
965 1739 1155 1792 αὐτὸν
1181 1738 1249 1801 ἐξ
1273 1738 1444 1791 οἴκου
1486 1737 1587 1790 καὶ
1636 1751 1748 1788 παι

2589 817 2943 870 adoraverunt
3027 835 3145 871 eum
3177 821 3218 872 ί.
3315 819 3430 872 Ma-

1849 921 1986 976 gnus
2036 918 2217 961 autem
2269 906 2466 975 Lucas,
2518 909 2679 964 altius
2731 910 3001 964 sermonis
3071 913 3282 966 initium
3334 914 3434 966 du-

1848 1013 2018 1056 cens:
2049 999 2218 1064 Exiit,
2249 1001 2441 1070 inquit,
2482 1003 2712 1056 edictum
2746 1019 2778 1055 α
2813 1001 3023 1056 Ca’sare
3077 1003 3336 1072 Augusto,
3375 1014 3431 1056 ut

1850 1089 2237 1144 describeretur
2272 1092 2548 1144 universus
2578 1092 2736 1145 orbis.
2763 1090 2810 1143 Η
2819 1107 2893 1144 wc
2916 1102 3092 1146 autem
3149 1096 3431 1163 descriptio

1848 1175 2017 1242 prima
2051 1174 2194 1242 facta
2230 1187 2302 1229 est
2332 1193 2365 1230 a
2398 1180 2624 1246 praeside
2664 1177 2835 1248 Syria
2903 1179 3119 1249 Cyrino,
3180 1190 3230 1235 et
3283 1183 3431 1235 ibant

1849 1279 2048 1327 omnes,
2100 1271 2158 1316 ut
2185 1264 2610 1319 describerentur
2649 1269 2849 1336 singuli
2893 1271 2946 1322 in
2995 1273 3268 1338 propriam
3309 1273 3436 1324 civiv

1848 1365 2028 1411 tatem.
2058 1359 2303 1410 Ascendit
2333 1367 2507 1412 autem
2534 1369 2580 1412 et
2611 1358 2805 1428 Ioseph
2853 1377 2880 1414 e
2930 1359 3156 1414 Galilaza
3185 1377 3250 1414 ea.
3307 1364 3438 1416 civi-

1851 1456 1958 1500 tate
1984 1446 2252 1500 Nazaretlt
2288 1450 2344 1502 in
2401 1446 2650 1502 Judwam
2682 1453 2735 1504 in
2755 1453 3022 1507 civitatem
3070 1452 3266 1517 Dauid,
3319 1470 3437 1523 qua:

1852 1550 2074 1601 uocatur
2104 1537 2388 1602 Bethleem,
2420 1557 2480 1594 eo
2503 1543 2641 1608 quod
2699 1551 2836 1595 esset
2896 1547 3004 1612 ipse
3066 1545 3131 1597 de
3167 1545 3320 1598 domo
3387 1554 3438 1598 et

1853 1631 2034 1696 patria
2070 1629 2256 1692 David,
2290 1637 2349 1681 ut
2379 1631 2772 1686 describeretur
2801 1651 2920 1686 cum
2975 1634 3158 1688 Maria
3216 1638 3436 1702 despon-

1855 1731 1972 1773 sata
2004 1722 2105 1772 sibi
2139 1737 2303 1775 uxore
2329 1734 2662 1790 prwgnantc.
2703 1723 2929 1779 Factum
2954 1737 3031 1779 est
3066 1737 3264 1791 autent,
3319 1744 3438 1780 cum

195 1799 347 1900 τριᾶς
364 1799 556 1894 Δαέὶδ,
582 1829 1054 1898 ἀπογράψασθαι
1091 1828 1215 1882 σὺν
1230 1799 1472 1896 ῨΜαριὰμ
1510 1827 1585 1896 τῇ
1606 1846 1750 1897 μεμ-

1861 1823 2032 1864 essent
2066 1813 2162 1877 ibi,
2207 1813 2411 1882 impleti
2442 1825 2562 1868 sunt
2591 1816 2721 1880 dies,
2756 1827 2812 1867 ut
2847 1828 3074 1884 pareret,
3129 1827 3180 1871 et
3241 1821 3439 1888 peperit

192 1924 553 1994 νηστευμένῃ
582 1922 772 1974 αὐτοῦ
812 1919 1074 1989 γυναικὶ,
1121 1919 1283 1987 οὔσῃ
1315 1921 1538 1988 ἐγκύῳ.
1597 1919 1755 1988 Ἐγέ-

192 2033 323 2071 νετο
349 2015 410 2069 δὲ
434 2015 503 2067 ἐν
546 2013 626 2078 τῷ
652 2010 807 2067 εἶναι
835 2011 1058 2079 αὐτοὺς
1083 2012 1227 2077 ἐκεῖ,
1255 2013 1664 2080 ἐπλήσθησαν
1694 2015 1752 2066 al

192 2107 388 2175 ἡμέραι
431 2103 535 2157 τοῦ
586 2104 785 2156 τεκεῖν
821 2102 1038 2169 αὐτὴν,
1102 2102 1199 2155 καὶ
1241 2103 1410 2156 ἔτεκε
1471 2102 1580 2155 τὸν
1617 2101 1754 2155 Υίὸν

188 2196 367 2266 αὐτῆς
412 2199 520 2250 τον
549 2196 959 2264 πρωτότοκον.
1001 2195 1099 2248 καὶ
1135 2195 1615 2264 ἐσπαργάνωσεν
1645 2197 1754 2248 αὑ·

191 2291 315 2354 τόν,
344 2289 436 2342 καί
459 2287 785 2342 ἀνέκλινεν
808 2287 997 2340 αὑτὸν
1024 2287 1093 2340 ἐν
1119 2288 1192 2352 τῇ
1214 2287 1434 2355 φάτνῃ.
1466 2287 1619 2341 διότι
1640 2291 1751 2342 οὐκ

189 2379 270 2454 ἦν
298 2381 492 2447 αὐτοῖς
527 2382 713 2447 τόπος
743 2383 813 2434 ἐν
836 2380 915 2445 τῷ
939 2383 1334 2448 καταλύματι.
1366 2380 1542 2432 Πολλὰ
1575 2381 1631 2433 δὲ
1659 2383 1754 2434 καὶ

189 2476 318 2532 ἄλλα
351 2475 627 2546 μαρτύρια
655 2475 748 2528 τοῦ
777 2473 877 2545 τὴν
900 2475 1176 2541 πάναγνον
1235 2473 1506 2544 παρθένον
1531 2473 1754 2546 Μαρίαν

188 2572 437 2640 γεννῆσαι
505 2569 886 2640 κατά,σάρκα
921 2569 1012 2622 τὶν
1069 2568 1274 2640 Κύριον
1333 2568 1493 2640 ἡμῶν
1542 2568 1753 2638 Ἰησοῦν

185 2663 410 2732 Χριστὸν
449 2661 538 2714 τὸν
575 2661 704 2713 Υἱὸν
733 2660 829 2714 τοῦ
856 2660 990 2712 Θεοῦ
1011 2662 1107 2712 καὶ
1132 2661 1264 2713 Θεὸν
1293 2660 1356 2712 ἔκ
1387 2678 1445 2712 τε
1467 2661 1568 2731 τῆς
1591 2663 1758 2729 εὑαγυ

185 2754 406 2822 γελικῆς
437 2753 621 2823 βίϐλου
647 2753 740 2805 καὶ
771 2753 868 2822 τῆς
892 2752 1284 2822 ἀποπολικῆς,
1317 2753 1544 2816 ἅστινας
1587 2754 1757 2822 μόνας

183 2847 493 2912 ἀσπάζεσθέ
555 2864 616 2900 τε
670 2847 767 2900 καὶ
815 2845 1208 2915 καταδέχεσθε,
1236 2845 1342 2897 τῶν
1369 2846 1546 2900 ἄλλων
1587 2864 1756 2899 κατα-

187 2937 533 3008 φρονοῦντες.
570 2937 742 3000 Αὐτός
773 2954 832 2989 τε
859 2938 966 3006 γὰρ
995 2939 1023 2988 ὁ
1053 2937 1244 3006 Σωτὴρ
1275 2938 1438 3008 ἡμῶν
1471 2938 1754 3008 πανταχοῦ

183 3028 280 3083 τοῦ
309 3028 638 3096 Ετὶαγγελίου
671 3028 800 3081 Υίδν
833 3028 1123 3098 ἀνθρώπου
1152 3030 1346 3082 ἑαυτὸν
1375 3031 1634 3098 ὀνομάζει
1667 3031 1757 3083 διὰ

1855 1903 2027 1970 ﬁlium
2051 1919 2207 1956 suum
2238 1906 2642 1973 primogenitum
2709 1916 2756 1959 et
2782 1912 2972 1975 pannis
3037 1926 3156 1962 eum
3202 1912 3438 1975 involvit,

1857 2005 1907 2048 et
1936 1995 2214 2048 reclinavit
2245 1996 2302 2049 in
2329 1999 2611 2065 praesepio,
2645 1998 2770 2068 quia
2817 2015 2921 2051 non
2969 2009 3086 2054 erat
3126 2002 3232 2054 illis
3292 2003 3438 2055 locus

1853 2087 1908 2139 in
1930 2087 2221 2140 diversorio
2254 2091 2299 2140 ².
2363 2088 2498 2142 Sunt
2534 2090 2697 2143 etiam
2729 2089 2834 2143 alia
2873 2092 3038 2144 multa
3108 2094 3439 2155 testimonia,

1857 2178 2055 2244 quibus
2143 2186 2364 2233 constat
2412 2180 2817 2234 sanctissimam
2890 2181 3156 2250 Virginem
3213 2182 3438 2237 Mariam

1854 2271 2107 2338 genuisse
2170 2271 2469 2326 secundum
2543 2287 2762 2328 carnem
2853 2276 3139 2331 Dominum
3199 2290 3442 2333 nostrum

1857 2361 2041 2416 Jesum
2072 2363 2346 2418 Christum
2381 2364 2578 2420 Filium
2604 2367 2697 2423 Dei
2729 2380 2783 2423 et
2816 2369 3006 2436 Deum,
3051 2381 3160 2425 tam
3181 2386 3246 2426 ex
3279 2357 3445 2428 evan.

1859 2455 2067 2526 geticis,
2095 2471 2253 2523 quant
2291 2471 2353 2510 ex
2380 2460 2697 2524 apostolicis
2728 2461 2902 2524 libris,
2931 2478 3066 2532 quos
3126 2465 3271 2520 solos
3321 2481 3444 2520 sus-

1868 2548 2070 2615 cipitis,
2102 2548 2337 2615 reliquos
2364 2550 2752 2614 improbautes.
2788 2553 2924 2606 Nam
2956 2564 3010 2609 et
3031 2555 3147 2625 ipse
3183 2555 3444 2612 Servator

1860 2651 2042 2694 noster
2067 2643 2265 2709 ubique
2291 2658 2350 2697 se
2383 2649 2438 2698 in
2467 2643 2759 2711 Evangelio
2785 2644 2980 2700 Filium
3012 2648 3246 2704 hominis
3266 2661 3444 2713 vocat.

1858 2734 2042 2788 habita
2095 2733 2302 2788 ratione
2340 2749 2479 2788 verae
2513 2737 2703 2790 matris
2733 2751 2864 2792 suae.
2909 2740 2973 2794 Et
3005 2742 3162 2796 divus
3209 2744 3443 2812 Aposto-

1860 2824 1945 2879 lus
1977 2843 1992 2881 ;
2019 2825 2182 2893 Misit,
2212 2826 2408 2896 inquit,
2433 2827 2578 2882 Deus
2605 2827 2805 2882 Filium
2831 2848 2983 2884 suum
3013 2833 3212 2902 factum
3237 2852 3302 2890 ea:
3328 2852 3448 2889 ntu-

1861 2915 1987 2970 liere
2009 2917 2050 2980 ³,
2081 2927 2137 2969 ιιι
2186 2927 2382 2972 caetera
2443 2919 2776 2974 omittamus.
2807 2921 2960 2988 Quod
2989 2927 3040 2989 si,
3077 2925 3162 2980 his
3204 2930 3448 2996 Oppressi

1863 3009 2190 3063 testimoniis
2216 3010 2491 3063 Christum
2523 3025 2554 3064 e
2592 3011 2734 3066 caelo
2764 3028 2965 3082 corpus
2999 3015 3256 3071 detulisse
3315 3033 3447 3073 con-

181 3123 285 3192 τὴν
315 3121 582 3191 ἄχραντον
618 3121 783 3174 αὑτοῦ
815 3122 1064 3190 Μητέρα,
1116 3122 1215 3174 καὶ
1273 3123 1300 3174 ὁ
1333 3121 1478 3184 θεῖος
1518 3122 1753 3185 Παῦλος,

1864 3102 2084 3171 ﬁngent,
2117 3103 2222 3156 illis
2277 3117 2629 3158 occurremus
2719 3105 2786 3158 ad
2841 3107 2982 3160 hunc
3052 3111 3270 3164 modum
3333 3111 3448 3166 :Si

193 3209 642 3274 Ἐξαπέστειλε,
683 3211 870 3280 φησὶν,
906 3213 938 3264 ό
961 3212 1106 3276 Θεὸς
1129 3212 1236 3263 τὸν
1278 3214 1414 3265 Υίὸν
1440 3211 1632 3265 αὑτοῦ
1662 3228 1758 3280 γε·

174 3300 439 3368 νόμενον
469 3300 537 3353 ἐκ
588 3301 898 3367 γυναικὸς,
945 3301 1032 3353 ἵνα
1081 3300 1252 3354 τᾶλλα
1303 3301 1574 3371 ἐάσωμεν.
1609 3303 1673 3354 El
1701 3302 1759 3355 δὲ

175 3392 682 3462 στενοχωρούμενοι
715 3391 930 3454 τούτοις
971 3393 1178 3446 ἀνωθεν
1205 3394 1265 3446 τὸ
1297 3395 1456 3463 σῶμα
1488 3412 1758 3462 συγκατε-

175 3487 407 3552 νεγκείν
444 3485 535 3537 τὸν
564 3484 801 3556 Χριστὸν
829 3484 1309 3553 τερατολογοῦιτιν,
1361 3487 1759 3556 άπαντήσομεν

168 3579 367 3640 αὐτοῖς
403 3576 599 3640 οὕτως’
635 3577 696 3628 El
722 3573 815 3631 οῦν
844 3577 1096 3648 οὐράνιον
1125 3574 1192 3648 ἦν
1215 3578 1275 3630 τὸ
1312 3578 1472 3646 σῶμα
1500 3578 1592 3631 τοῦ
1622 3580 1760 3650 Χριο

169 3670 336 3737 στοῦ,
373 3670 473 3723 οὐκ
506 3670 572 3724 ἂν
589 3671 702 3732 τοῖς
727 3668 1087 3738 ἀνθρωπίνοις
1117 3669 1378 3723 ὑπέκειτο
1400 3671 1622 3737 πάθεσι,
1647 3675 1761 3734 τοῖς

163 3762 553 3832 ἀδιάϐλητοις,
576 3762 740 3829 λέγω,
770 3760 954 3830 πείνῃ,
992 3763 1089 3814 καὶ
1135 3761 1284 3834 δίψῃ,
1321 3763 1418 3815 καὶ
1457 3762 1632 3831 ὕπνῳ,
1666 3762 1762 3815 καὶ

161 3852 361 3920 κόπῳ,
388 3852 486 3906 καὶ
512 3852 680 3921 λύπῃ,
716 3853 810 3903 καὶ
835 3851 1091 3921 δάκρυσι,
1126 3853 1220 3904 καὶ
1255 3853 1356 3904 ὅσα
1403 3856 1651 3906 τοιαῦτα.
1699 3855 1762 3906 Ei

158 3944 442 4014 οὐράνιος
489 3944 778 4014 ἄνθρωπος
805 3939 895 4014 ἦν,
936 3937 980 4012 ᾧ
1027 3944 1151 3996 καθ’
1185 3944 1484 3997 ὑπόστασιν
1513 3947 1540 3998 ὁ
1589 3946 1764 4014 Λόγος

158 4034 396 4106 ἡνώθη.
429 4034 530 4086 οὐκ
561 4033 627 4086 ἂν
657 4029 723 4102 ἦν
751 4032 993 4102 φθαρτὸς
1052 4033 1148 4085 καὶ
1177 4032 1370 4101 θνητὸς
1403 4032 1602 4103 ἐπίσης
1652 4033 1767 4094 τοῖς

151 4125 478 4194 ἐπιγείοις.
509 4126 573 4178 Oi
603 4123 764 4193 φύσει
785 4127 891 4194 γὰρ
915 4125 1160 4194 οὐράνιοι
1193 4123 1290 4175 καὶ
1326 4124 1531 4187 ζῶντες
1562 4125 1764 4187 πάντες

152 4219 456 4289 ἄφθαρτοι
487 4217 581 4270 καὶ
611 4216 897 4271 ἀθάνατοι.
929 4217 1022 4278 Τίς
1051 4216 1108 4268 δὲ
1140 4215 1300 4286 χρεία
1324 4216 1424 4285 τῆς
1456 4217 1519 4268 ὲκ
1557 4215 1769 4284 ﬂag“.-

148 4329 264 4366 νου
294 4312 636 4380 γεννήσεως,
667 4310 716 4362 εί
773 4308 912 4378 μηδὲ
941 4311 1004 4361 ὲκ
1047 4309 1257 4378 ταύτης
1295 4309 1635 4379 προσέλαϐεν
1684 4310 1766 4373 είς

141 4406 268 4473 τὴν
301 4403 410 4470 τῆς
443 4401 791 4472 ἀνθρωπίνης
819 4400 1035 4468 φύσεως
1069 4400 1370 4466 σύστασιν;
1404 4400 1528 4463 Πῶς
1557 4401 1614 4453 δὲ
1637 4401 1765 4466 τοὺς

1862 3195 2064 3248 Christi
2101 3208 2298 3262 corpus
2331 3192 2526 3249 fuisset
2565 3195 2806 3260 caeleste,
2868 3197 3119 3254 humanis
3148 3199 3452 3255 aﬂ‘ectioni-

1862 3289 1962 3339 bus
1993 3286 2146 3353 culpa
2171 3294 2347 3338 tamen
2367 3286 2675 3341 carentibus
2690 3288 2982 3343 obnoxium
3009 3306 3112 3346 non
3127 3293 3445 3359 exstitisset,

1862 3377 1915 3432 id
1941 3388 2024 3431 est
2051 3377 2201 3442 fauni,
2243 3387 2297 3432 et
2351 3379 2462 3443 siti,
2526 3388 2582 3434 et
2641 3396 2852 3447 somno,
2897 3393 2952 3436 et
3019 3385 3340 3452 lassitudini,
3393 3397 3448 3442 et

1864 3469 2108 3533 mmrori,
2150 3479 2203 3524 et
2231 3471 2506 3540 lacrymis,
2531 3480 2585 3524 et
2634 3474 2851 3544 caeteris
2899 3473 3148 3542 ejusdem
3201 3479 3443 3553 generis.

1865 3562 1921 3615 Si
1953 3561 2187 3616 cmlestis
2223 3562 2383 3615 homo
2413 3562 2603 3618 fuisset
2633 3563 2744 3626 ille,
2775 3565 2865 3619 cui
2915 3565 2968 3618 in
3025 3581 3254 3634 persona
3311 3585 3448 3626 cou-

1863 3654 2106 3724 junctum
2149 3662 2232 3709 est.
2288 3654 2547 3718 Verbum,
2581 3671 2686 3710 non
2742 3657 2935 3714 fuisset
2989 3663 3358 3730 corruptibilis
3391 3674 3447 3719 et

1869 3747 2130 3812 mortalis,
2185 3749 2638 3815 quemadmodum
2729 3759 2941 3805 terrena
3005 3765 3132 3806 sunt
3195 3770 3444 3824 corpora.

1864 3843 1994 3906 Quae
2035 3842 2180 3894 enim
2233 3841 2478 3894 ctelestia
2514 3843 2744 3909 vivaque
2793 3853 2940 3907 sunt,
2992 3858 3055 3897 ea
3105 3859 3205 3899 nec
3261 3862 3450 3901 corru-

1865 3935 2125 4004 ptionem,
2153 3947 2250 3984 nec
2278 3943 2506 3985 mortem
2543 3935 2804 3987 sentiunt.
2842 3933 3112 3991 Praeterea
3147 3938 3272 4007 quid
3311 3954 3450 4011 Opus

1866 4025 2030 4078 inite
2083 4023 2308 4092 Virgine
2344 4025 2514 4088 nasci,
2557 4026 2600 4078 si
2662 4026 2795 4079 nihil
2842 4042 2907 4081 ex
2958 4043 3023 4081 ea
3079 4029 3145 4082 ad
3200 4030 3448 4086 humanae

1867 4127 2074 4171 natura
2103 4116 2539 4170 constitutionem
2577 4117 2832 4187 accepit?
2885 4119 2966 4172 Ad
3027 4120 3143 4174 haec
3171 4135 3266 4175 cur
3320 4137 3443 4176 cum

1866 4207 2138 4276 apostolos
2182 4207 2458 4263 docuieeet
2505 4223 2566 4264 se
2620 4224 2741 4265 esse
2781 4209 3032 4264 hominis
3077 4209 3294 4279 Filium,
3324 4228 3450 4281 pro-

1866 4313 1992 4372 pter
2027 4315 2208 4354 veram
2245 4309 2472 4354 matrem
2521 4317 2676 4356 suam
2702 4312 2755 4357 et
2781 4303 2874 4358 Dei
2907 4304 3252 4372 genitricem,
3305 4307 3451 4360 ntisit

1870 4409 1963 4448 eos
1987 4408 2264 4462 praecones
2297 4394 2348 4447 in
2379 4395 2692 4450 universum
2757 4397 2944 4451 orbem
3005 4407 3296 4464 terrarum,
3355 4399 3448 4467 qui

144 4492 526 4554 ἀποστόλους
550 4491 788 4558 διδάξας,
811 4492 894 4544 ὃτι
924 4491 1046 4554 Υίός
1072 4494 1220 4546 ἐστιν
1242 4492 1532 4562 ἀνθρώπου
1563 4493 1651 4546 διὰ
1669 4493 1759 4564 τὴν

1873 4487 2000 4541 illud
2030 4487 2206 4556 ipsum
2237 4488 2616 4556 praedicarent,
2647 4503 2838 4556 nempe
2867 4503 2929 4544 se
2966 4503 3186 4543 carnem
3259 4491 3451 4544 huma-

147 4585 469 4652 ἄχραντον
502 4581 668 4635 αὑτοῦ
701 4582 933 4651 Μητέρα
967 4583 1064 4636 καὶ
1087 4583 1373 4649 Θεοτόκον,
1416 4585 1767 4650 ἐξαπέστειλε

143 4680 443 4745 κήρυκας
471 4676 549 4737 εἰς
582 4673 683 4744 τὴν
728 4676 1081 4744 οἰκουμένην,
1117 4677 1249 4730 αὑτὸ
1297 4677 1460 4731 τοῦτο
1505 4677 1766 4748 βοῶντας,

136 4768 244 4820 ὅτι
284 4764 730 4836 ἐνηνθρώπησεν
754 4768 818 4819 ὲκ
843 4767 1122 4838 Παρθένου
1148 4769 1429 4840 γεννηθείς
1457 4787 1473 4835 ;
1502 4769 1772 4837 Εὑρίσκε-

133 4873 254 4909 ται
289 4856 441 4926 γὰρ,
465 4857 608 4908 κατὰ
640 4857 767 4920 τοὺς
791 4858 1051 4911 τάναντία
1079 4857 1538 4929 δογματίζοντας,
1564 4859 1626 4910 οὑ
1660 4859 1774 4912 Σω-

132 4947 270 5017 τὴρ
309 4947 514 5016 ἡμῶν,
544 4947 680 5002 ἀλλὰ
716 4948 1006 5018 πολέμιος,
1031 4949 1140 5002 οὐδ’
1162 4950 1482 5023 εὐεργέτης.
1510 4950 1648 5004 ἀλλὰ
1669 4949 1771 5004 λοι-

135 5041 294 5110 μὸς,
335 5039 545 5109 ψευδὲς
583 5042 716 5110 ἡμῖν
755 5040 979 5104 ὑποθεὶς
1000 5041 1064 5093 τὸ
1087 5041 1343 5111 θεμέλιον
1372 5041 1474 5111 τῆς
1510 5042 1769 5106 πίστεως,

128 5133 288 5202 ἤτοι
329 5133 448 5202 τὴν
491 5134 554 5186 ὲκ
581 5133 688 5186 τῶν
746 5133 932 5202 ἁγνῶν
983 5134 1079 5187 καὶ
1127 5135 1476 5204 παρθενικῶν
1522 5136 1772 5204 αἱμάτων

123 5225 618 5295 ὲνανθρώπησιν
638 5225 828 5287 αὑτοῦ,
871 5226 966 5278 καὶ
997 5228 1110 5287 τοῖς
1150 5223 1462 5296 ἀνθρώποις
1493 5227 1770 5295 ὁμοίωσιν.

142 5317 332 5370 Ἀλλ’
357 5316 526 5380 ἵλεως
545 5319 678 5388 ἡμῖν
699 5320 784 5388 εἴη
803 5317 1006 5389 Κύριος
1024 5319 1374 5390 ἀνεχομένοις
1395 5318 1531 5381 ὅλως
1555 5319 1774 5372 ἀκούειν

1873 4593 1998 4634 nam
2031 4592 2096 4631 ex
2131 4575 2349 4647 Virgine
2395 4579 2700 4647 suscepisse
2729 4589 2890 4648 atque
2910 4581 3182 4634 hominem
3247 4579 3448 4634 factum

1869 4671 2034 4726 esse?
2088 4669 2166 4723 Ex
2213 4671 2456 4725 doctrina
2527 4673 2670 4726 enim
2725 4671 2950 4726 istorum
3006 4674 3098 4741 qui
3178 4675 3450 4727 contraria

1872 4763 2095 4829 docent,
2143 4761 2576 4830 deprehenditur
2604 4776 2710 4816 non
2770 4761 3030 4815 Servatur
3091 4772 3300 4826 noster,
3353 4761 3451 4817 sed

1870 4856 2155 4923 inimicus,
2188 4873 2294 4912 non
2334 4857 2492 4922 bene,
2527 4857 2619 4912 sed
2668 4855 2811 4910 male
2861 4857 2929 4910 de
2977 4857 3135 4912 nobis
3201 4861 3451 4924 meritus,

1869 4953 1962 5022 qui
2017 4953 2212 5007 falsum
2288 4954 2443 5007 nobis
2473 4952 2593 5006 ﬁdei
2668 4951 3076 5006 fundamentum
3130 4952 3449 5020 subjecerit,

1869 5059 2022 5098 suam
2048 5045 2298 5097 nimirum
2325 5045 2506 5098 carnis
2533 5059 2597 5098 ex
2648 5045 2816 5098 castis
2863 5045 3218 5113 sanguinibus
3263 5059 3453 5100 susce-

1872 5137 2108 5204 ptionem
2190 5136 2590 5205 humanamque
2658 5137 3082 5191 similitudinem.
3141 5136 3244 5190 Sed
3298 5138 3454 5190 nobis

1873 5227 2143 5295 propitius
2167 5228 2238 5281 sit
2270 5225 2432 5289 Deus,
2466 5229 2508 5282 si
2540 5238 2646 5282 tam
2692 5229 3024 5283 exsecranda
3052 5229 3336 5283 maledicta
3371 5229 3456 5284 vel

1880 5319 2092 5383 audire,
2115 5321 2307 5372 nedum
2340 5319 2517 5389 lingua
2550 5320 2794 5390 proferre
2821 5321 3206 5376 sustineamus.
3273 5319 3458 5386 Quane

118 5408 258 5478 τῆς
308 5409 672 5481 τηλικαύτης
723 5411 1100 5481 βλασφημίας,
1156 5411 1231 5482 μὴ
1295 5413 1378 5465 ὅτι
1424 5428 1487 5480 γε
1537 5413 1633 5465 καὶ
1687 5413 1759 5466 διε

1882 5409 2170 5478 doquidem
2211 5419 2265 5465 et
2292 5412 2553 5481 apostolis
2585 5413 2747 5468 [idem
2801 5413 3004 5468 faciens
3034 5415 3148 5481 ipse
3200 5409 3458 5467 Servatur

120 5493 452 5565 γλώττης
494 5496 699 5568 ταύτην
733 5498 1052 5568 προφέρειν,
1103 5499 1228 5553 ἐπεὶ
1259 5500 1354 5552 καὶ
1391 5497 1518 5561 τοὺς
1539 5499 1776 5551 ἀποστό-

117 5587 302 5652 λους
349 5587 537 5652 αὑτὸςι
561 5589 923 5662 πληροφορῶν
952 5591 980 5643 ὁ
1016 5591 1210 5662 Σωτὴρ
1244 5590 1382 5662 μετὰ
1412 5590 1512 5662 τὴν
1544 5589 1779 5644 ἀνάστα-

215 5751 243 5784 ⁸
300 5751 516 5808 Matth.
553 5767 612 5818 tl,
645 5752 728 5807 Η.

1882 5512 2004 5572 post
2033 5505 2508 5570 resurrectionem,
2545 5518 2614 5560 ne
2643 5518 2704 5560 se
2733 5514 3004 5574 spectrum
3057 5505 3455 5571 existimarent,

1883 5591 1977 5648 sed
2004 5593 2179 5664 ipsum
2253 5611 2441 5653 verum
2494 5595 2689 5662 Deum,
2739 5596 2830 5666 qui
2890 5609 2958 5650 ex
3011 5606 3184 5653 matre
3234 5595 3457 5667 Virgine

827 5754 847 5784 '
881 5751 1013 5809 Luc.
1077 5768 1138 5820 tt,
1183 5753 1311 5808 1-
1373 5751 1424 5806 7.
1502 5752 1523 5785 ³
1578 5751 1858 5816 Galat.tr,
1925 5754 1980 5810 4.
