4020 6284
194 300 344 367 1221

185 418 352 485 ζωὴν
401 421 496 487 τὴν
544 415 762 470 αἰώνιον
807 418 1237 489 ὑποκρινόμενον
1288 422 1494 490 ζητεῖν,
1553 423 1632 486 εἰς
1690 423 1782 475 τὸν

188 515 365 583 νόμον
391 515 598 565 ἐκεῖνον
628 514 1021 583 παραπέμπει,
1058 515 1318 566 κάκεῖθεν
1364 516 1544 585 εὑρεῖν
1580 515 1642 568 τὸ
1680 517 1780 591 ζη-

1138 307 1507 368 PANOPLIA
1552 310 2011 371 DOGMA'I‘ICA.
2056 335 2124 344 -
2165 312 2314 375 TIT.
2358 314 2568 376 XXIV.

3331 324 3468 388 1222

1807 420 2054 512 Alabat,
2109 423 2174 478 ad
2218 423 2389 494 legem
2451 427 2598 480 illam
2636 427 2835 496 rejicit,
2918 437 3084 500 atque
3140 437 3262 492 inde
3321 443 3469 509 quod

1893 514 2382 583 quturebutpetere
2429 530 2630 586 monet,
2673 535 2904 591 cumque
2935 527 3040 581 duo
3094 531 3267 596 prima
3327 549 3469 599 prae-

185 602 461 673 τούμενον
484 601 813 666 ὑποϐάλλεις
849 603 944 656 τοῦ
973 603 1203 673 νομικοῦ
1229 605 1285 656 δὲ
1310 606 1409 668 τὰς
1439 605 1532 657 δύο
1563 607 1775 676 πρώτας

1890 616 2043 671 cepta
2084 607 2174 661 ille
2206 609 2272 661 ad
2301 611 2519 664 verbum
2555 618 2941 685 recensuisset,
2978 624 3177 678 veritas
3197 634 3251 678 et
3289 627 3464 694 ipsum

190 699 383 759 αὐτοῖς
403 698 612 766 ῥήμασι
628 697 929 761 διελθόντος
942 699 1184 764 ἐντολὰς,
1200 698 1380 762 καλῶς
1396 717 1454 751 τε
1470 698 1632 752 αὑτὸν
1649 701 1775 752 ἀπο-

1889 698 1963 751 ait
2015 709 2163 752 recte
2224 703 2587 770 respondisse,
2625 717 2678 761 et
2732 723 2894 778 quam
2935 718 3231 783 quaerebat,
3258 723 3463 777 ﬁcorum

189 791 458 861 κριθῆναι
495 792 526 860 ἡ
574 792 805 862 ἀλήθεια
827 793 958 862 ἔφη,
993 794 1088 847 καὶ
1127 795 1177 847 εί
1216 796 1357 848 κατὰ
1382 794 1585 857 ταύτας
1631 797 1782 847 πολι-

187 887 430 952 τεύοιτο,
453 886 551 956 τὴν
577 885 918 957 ζητουμένην
938 887 1155 940 αἰώνιον
1175 888 1582 958 κληρονομῆσαι
1600 887 1776 956 ζωήνς

284 981 673 1050 Ἐρωτὼμενος
709 983 736 1035 6
772 983 966 1054 Σωτὴρ
1012 983 1144 1055 περὶ
1199 985 1310 1036 τῶν
1344 983 1587 1052 νομικῶν
1631 984 1781 1034 ἐντο-

188 1075 329 1141 λῶν,
362 1075 584 1146 πρώτην
609 1074 747 1128 εἷναί
775 1093 959 1146 φησιν,
995 1077 1233 1142 Ἀκουε,
1265 1075 1532 1143 Ἰσραὴλ,
1563 1075 1778 1141 Κύριος

188 1172 230 1222 ό
270 1169 414 1234 Θεός
449 1186 589 1234 σου,
631 1170 843 1237 Κύριος
883 1165 969 1234 εἷς
997 1170 1153 1233 ἐστι,
1209 1169 1304 1222 καὶ
1361 1171 1428 1221 τὰ
1460 1168 1610 1237 ἑξῆς.
1667 1167 1776 1218 Καὶ

186 1263 289 1316 τὸν
343 1262 705 1332 ἐπερωτῶντα
761 1263 821 1315 δὲ
882 1261 1177 1332 σύμψηφον
1222 1261 1421 1332 εὑρὼν,
1463 1263 1522 1313 οὐ
1556 1259 1774 1331 μακρὰν

187 1349 352 1406 εἶπεν
383 1352 528 1405 εἶναι
585 1353 687 1421 τῆς
722 1351 1003 1421 βασιλείας
1040 1354 1134 1407 τοῦ
1163 1355 1320 1409 Θεοῦ.
1385 1354 1511 1416 Πῶς
1573 1353 1670 1407 οῦν
1717 1354 1770 1404 αἱ

155 1431 478 1518 έμωσαῖκαὶ
511 1446 858 1515 νομοθεσίαι,
895 1447 1056 1518 εῐπερ
1090 1442 1230 1518 ἦσαν
1255 1446 1348 1500 τοῦ
1406 1445 1627 1515 ἐχθροῦ,
1677 1446 1772 1499 ἕνα

167 1513 326 1607 anm
357 1539 450 1590 καὶ
502 1513 709 1607 Κῦριον
753 1513 1138 1607 νομοθετοῦσιν
1175 1538 1410 1604 εἰδέναι;
1438 1513 1532 1591 ἩΕί
1583 1538 1639 1591 δὲ
1675 1538 1772 1592 ἕνα.

163 1573 325 1644 lusu.
358 1573 450 1590 ην..
503 1573 708 1607 “et...”
760 1573 1137 1607 νυμυιιενιυυη
1175 1573 1410 1604 emam,
1469 1573 1532 1591 υ.
1583 1573 1639 1591 υς
1675 1573 1770 1592 ων.

185 1632 326 1684 Θεδν
363 1631 458 1684 καὶ
515 1631 723 1702 Κύριον
767 1632 1142 1702 ἀνακηρύττει
1193 1633 1419 1701 Μωσῆς,
1469 1631 1561 1684 καὶ
1617 1631 1770 1701 παρὰ

185 1723 384 1776 τοῦτον
415 1723 559 1793 ἄλλῳ
591 1724 730 1793 μήτε
759 1723 1063 1793 λατρεύειν,
1112 1725 1250 1792 μήτε
1278 1726 1628 1792 προσκυνεῖν,
1663 1721 1765 1776 ποῦ

1886 791 2267 846 observatione
2301 793 2463 848 vitam
2503 810 2884 857 assecuturum
2911 809 3300 876 sempiternam
3336 812 3360 865 ?

1957 971 2239 1041 Servator,
2278 991 2400 1031 cum
2441 979 2511 1034 ab
2546 982 2661 1051 ipso
2694 982 2885 1041 fuisset
2933 980 3216 1057 qumsitu'm
3288 997 3463 1062 quod-

1881 1077 2006 1116 nam
2046 1068 2434 1134 essetprimum
2469 1073 2518 1125 in
2547 1074 2660 1142 lege
2713 1079 3049 1144 mandatum,
3105 1088 3385 1152 respondit
3443 1106 3460 1144 :

1882 1155 2045 1219 Audi,
2074 1155 2268 1225 Israel,
2295 1160 2548 1218 Dominus
2573 1165 2710 1220 Deus
2741 1177 2863 1222 tuus
2894 1171 3147 1226 Dominus
3171 1192 3306 1228 unus
3323 1189 3397 1232 est
3420 1181 3460 1244 ‘,

1881 1257 1935 1298 et
1995 1262 2115 1315 qua:
2177 1263 2498 1318 sequuntur.
2555 1255 2796 1326 Cumque
2848 1261 2955 1326 ille,
3001 1264 3090 1330 qui
3141 1267 3458 1337 quasierat,

1879 1349 2133 1391 assensus
2188 1349 2357 1405 esset,
2391 1343 2526 1398 dixit
2587 1359 2711 1400 eum
2771 1348 2911 1402 haud
2936 1353 3122 1420 procul
3184 1355 3374 1412 abesse
3431 1375 3461 1412 a

1877 1439 2046 1494 regno
2091 1424 2206 1481 Dei.
2234 1428 2514 1494 Quomodo
2549 1433 2715 1502 igitur
2755 1434 2901 1504 leges
2973 1436 3223 1498 Mosaicae
3284 1443 3330 1496 si
3395 1443 3464 1498 ab

1880 1514 2102 1569 inimico
2133 1528 2316 1572 essent
2344 1518 2485 1583 lata,
2518 1536 2684 1574 unum
2725 1523 2890 1578 Deum
2929 1540 2993 1579 ac
3033 1527 3320 1583 Dominum
3368 1546 3466 1584 no-

1880 1608 1968 1662 bis
2029 1611 2426 1678 agnoscendum
2482 1615 2920 1682 praescriberent,
2959 1627 3009 1673 et
3064 1631 3260 1688 praeter
3313 1623 3459 1677 illum

1875 1716 1979 1755 non
2013 1717 2131 1756 esse
2179 1706 2487 1774 quempiam
2537 1707 2820 1763 colendum
2852 1721 2906 1764 et
2934 1713 3265 1768 adorandum
3296 1713 3320 1768 2
3369 1717 3460 1771 ubi

186 1815 334 1867 εἰσιν
365 1815 415 1867 oi
469 1813 567 1883 τὴν
628 1819 878 1886 πονηράν
923 1813 1098 1884 ἀρχὴν
1159 1816 1612 1884 παρεισάγοντες,
1674 1816 1767 1867 καὶ

1881 1800 2016 1856 sunt,
2048 1796 2148 1862 ’qui
2182 1795 2378 1848 malum
2399 1796 2713 1864 conﬁngunt
2741 1800 3086 1870 principium,
3117 1805 3274 1873 eique
3291 1802 3460 1862 Vetus

184 1905 365 1976 ταύτῃ
404 1906 503 1976 τὴν
545 1883 789 1960 παλαιὰν
823 1883 1152 1976 νομοθεσίαν
1182 1883 1574 1970 ἀνατιθέντεςς

1881 1883 2174 1936 attribuunt
2263 1884 2723 1940 Testamentum?

264 1998 327 2050 Τί
362 1999 428 2051 ἂν
458 1998 662 2050 εἴποιεν
693 1999 742 2049 οἱ
772 1998 1071 2068 κατήγοροι
1133 2001 1232 2067 τῆς
1260 1998 1502 2060 παλαιᾶς
1535 1998 1768 2068 νομοθε-

1943 1996 2079 2061 Quid
2114 1997 2317 2063 dicent,
2352 2000 2441 2068 qui
2500 1998 2662 2054 Vetus
2716 1999 3118 2058 Testamentum
3189 2005 3460 2074 incusant,

188 2089 354 2153 σίας,
416 2089 653 2159 ὁρῶντες
716 2089 805 2143 διὰ
852 2089 946 2142 τοῦ
1012 2089 1349 2156 Εὐαγγελίου
1399 2091 1490 2142 τὸν
1533 2089 1768 2161 Χριστὸν

1881 2103 1995 2141 cum
2023 2105 2088 2142 ex
2130 2090 2430 2159 Evangelio
2457 2092 2730 2146 Christum
2766 2095 3000 2149 viderint
3031 2095 3460 2169 Hierosolymam

189 2182 464 2249 ἀγόμενον
514 2181 617 2250 μὲν
654 2183 732 2243 είς
754 2183 824 2234 τὰ
865 2181 1236 2251 Ἰεροσόλυμα,
1287 2180 1546 2234 τελοῦντα
1581 2183 1638 2234 δὲ
1703 2183 1772 2236 τὰ

1881 2181 2202 2247 ingressum,
2240 2200 2300 2237 ea
2327 2200 2446 2253 quae
2476 2184 2650 2240 Moses
2675 2187 2840 2256 jussit
2865 2189 3116 2256 pendere.
3155 2200 3210 2243 et
3257 2189 3464 2246 sacriﬁ-

187 2267 489 2333 Μωςαῖκὰ,
519 2273 614 2324 καὶ
637 2274 872 2343 φέροντα
903 2273 1113 2339 θυσίαν,
1136 2271 1275 2326 κατὰ
1303 2271 1361 2324 τὸ
1391 2273 1678 2342 εἰρημένον
1711 2276 1770 2326 ἐν

1881 2267 2124 2336 εἰυηι,ὐι
2152 2277 2410 2345 scriptum
2437 2287 2520 2332 est
2548 2278 2598 2332 in
2624 2279 2738 2347 lege
2775 2277 3012 2346 Domini,
3046 2281 3248 2337 otl‘erre
3280 2281 3304 2334 ἲ

189 2363 347 2434 νόμῳ
373 2364 577 2434 Κυρίου
615 2380 631 2431 ;

271 2457 441 2509 Πάλιν
479 2458 506 2509 6
534 2456 725 2526 Σωτὴρ
758 2456 856 2527 τὴν
885 2456 993 2510 τῶν
1041 2457 1352 2526 ὀμνυόντων
1401 2459 1770 2526 ἐπιστομίζων

193 2549 603 2621 ματαιολογίαν,
633 2549 851 2617 Μωροί,
872 2550 1026 2618 φησὶ,
1060 2549 1160 2603 καί
1195 2550 1432 2617 τυφλοὶ,
1457 2551 1548 2614 τίς
1565 2549 1774 2614 μείζων

190 2642 389 2707 ἐστὶν,
424 2644 458 2695 ὁ
487 2645 720 2710 χρυσὸς
754 2642 792 2708 ἢ
831 2644 863 2694 ὁ
903 2644 1052 2708 ναὸς
1114 2645 1146 2696 d
1175 2641 1425 2711 ἁγιάζων
1468 2643 1572 2695 τὸν
1623 2659 1770 2709 χρυ-

191 2736 314 2790 σόν
344 2750 363 2798 ;
400 2734 610 2787 Οὐκοῦν
641 2736 667 2786 ὁ
731 2735 830 2803 τῆς
862 2734 1108 2796 Παλαιᾶς
1155 2735 1283 2795 ναὸς
1314 2735 1374 2787 οὐ
1427 2734 1586 2802 μόνον
1617 2734 1774 2800 ἅγιος

191 2825 285 2899 ἦν,
326 2825 598 2880 ἀλλὰκαὶ
631 2825 881 2894 ἁγιάζειν
943 2823 1092 2896 εἶχεν
1141 2825 1316 2896 ἰσχύν.
1352 2825 1461 2877 Καὶ
1498 2825 1674 2890 πάλιν,
1713 2824 1776 2877 Τί

185 2918 412 2992 μεῖζον,
445 2921 512 2975 τὸ
536 2919 727 2988 δῶρον
763 2920 802 2988 ἢ
853 2919 918 2972 τὸ
949 2920 1386 2987 θυσιαστήριον
1435 2918 1502 2972 τὸ
1535 2917 1774 2988 ἁγιάζον

190 3015 262 3067 τὸ
297 3012 532 3082 impar;
579 3012 768 3080 σαφῶς
798 3011 1082 3066 κάνταῦθα
1115 3012 1350 3077 δεικνὺς,
1377 3012 1458 3064 ὅτι
1488 3013 1548 3064 τὸ
1581 3011 1772 3064 θυσια-

1952 2444 2206 2500 Servator
2248 2464 2462 2502 rursum
2496 2465 2616 2504 cum
2653 2451 2956 2521 jurantinm
3017 2455 3310 2510 stultitiam
3374 2473 3462 2514 re-

1878 2537 2241 2607 prehenderet
2273 2557 2286 2593 :
2322 2542 2510 2606 Stulti,
2537 2544 2728 2613 inquit,
2751 2556 2797 2598 et
2829 2547 2977 2610 ctcci,
3001 2549 3128 2617 quid
3149 2561 3226 2602 est
3261 2553 3459 2620 majus,

1875 2643 2084 2691 aurum,
2150 2645 2220 2681 an
2289 2633 2558 2699 templum,
2605 2637 2746 2703 quod
2813 2640 3112 2708 sanctiﬁcat
3167 2657 3352 2694 aurum
3390 2646 3462 2700 ³2

1881 2717 2023 2786 ΕΙ·κο
2081 2720 2294 2776 Veteris
2331 2723 2669 2779 Testamenli
2704 2729 2960 2797 templum
2991 2746 3094 2784 non
3145 2737 3306 2785 modo
3341 2743 3460 2788 erat

1875 2822 2143 2876 sanctum,
2167 2817 2257 2868 sed
2297 2809 2526 2872 habebat
2553 2822 2714 2874 etiam
2748 2821 3119 2877 sanctiﬁcandi
3155 2827 3283 2882 vim.
3314 2825 3460 2880 Prat-

1880 2917 2022 2961 terea
2051 2926 2065 2961 :
2110 2910 2252 2974 Quid
2282 2911 2471 2978 majus,
2504 2914 2698 2982 inquit,
2735 2915 2930 2968 donum
2988 2933 3058 2969 an
3090 2916 3278 2975 altare.
3315 2920 3457 2986 quod

1877 3001 2169 3067 sanctiﬁcat
2239 3006 2434 3056 donum
2477 3002 2545 3058 ’ἲ
2609 3005 2772 3061 Plane
2833 3010 2920 3062 llic
2975 3011 3139 3062 etiam
3195 3014 3456 3077 ostendit,

191 3105 415 3174 στήριον
466 3103 620 3170 ἆγιόν
655 3119 713 3155 τε
737 3098 827 3172 ἦν,
870 3103 964 3154 καὶ
1001 3101 1069 3154 τὰ
1110 3103 1167 3153 ὲν
1199 3102 1349 3171 αὐτῷ
1403 3101 1772 3170 ἁνατιθέμενα

1881 3094 2055 3148 altare
2100 3094 2264 3149 luisse
2293 3105 2563 3162 sanctum,
2587 3108 2641 3152 et
2665 3113 2785 3167 qua:
2815 3100 2867 3154 in
2924 3101 3042 3170 ipso
3070 3102 3458 3172 oll'erebantur,

190 3196 329 3264 ἆγια
357 3193 557 3248 ἐποίει.

263 3289 435 3358 Φησὶν
466 3290 492 3340 6
526 3287 741 3350 Παῦλος
797 3286 858 3340 τὸ
887 3287 1062 3356 στόμα
1092 3285 1187 3339 τοῦ
1234 3286 1495 3356 Χριστοῦ,
1534 3286 1618 3338 ὅτι
1653 3287 1776 3353 Οὐχ

189 3385 246 3435 oi
278 3381 563 3448 ἀκροαταί
620 3381 729 3434 τοῦ
776 3382 965 3450 νόμου
1018 3379 1238 3434 δίκαιοι
1285 3377 1446 3445 παρὰ
1495 3377 1575 3442 τῷ
1631 3377 1774 3442 Θεῷ,

190 3473 335 3529 ἀλλ’
369 3477 421 3528 οἱ
459 3474 696 3542 ποιηταὶ
722 3475 829 3528 τοῦ
854 3463 1049 3542 νόμου
1102 3471 1626 3538 δικαιωθήσονται.
1669 3469 1776 3524 Καὶ

194 3570 315 3634 πῶς
351 3570 450 3623 οὐκ
480 3568 626 3622 ἔστιν
656 3570 684 3621 6
711 3569 874 3638 νόμος
907 3572 970 3621 ὲκ
1001 3567 1094 3620 τοῦ
1125 3569 1277 3630 ὄντος
1317 3552 1477 3632 Θεοῦ,
1507 3565 1566 3630 ὃς
1596 3564 1775 3618 δικαί-

191 3681 291 3726 ους
322 3664 615 3732 ἀποφαίνει
647 3663 773 3723 τοὺς
804 3661 1090 3722 ποιοῦντας
1121 3661 1284 3713 αὐτόν
1313 3677 1327 3727 ;

273 3758 394 3810 Ὅτι
422 3757 476 3809 δὲ
511 3758 537 3807 6
563 3753 792 3814 παλαιὸς
825 3753 989 3820 νόμος
1016 3752 1157 3813 θεῖός
1189 3755 1326 3817 ἐστι,
1364 3752 1456 3804 καὶ
1483 3750 1575 3803 τοῦ
1611 3753 1777 3824 ὲπου-

193 3849 387 3920 ρανίον
419 3847 580 3907 Θεοῦ,
625 3844 724 3912 βοᾷ
755 3841 964 3903 Παῦλος
996 3844 1022 3893 6
1054 3842 1151 3910 τῆς
1187 3839 1445 3910 ἀληθείας
1480 3840 1659 3922 κῆρυξ
1683 3840 1774 3890 λέ-

188 3958 331 4010 γων,
374 3940 434 3991 Τί
465 3933 578 3991 οὖν
606 3934 881 4003 ἐροῦμεν,
920 3935 952 3986 d
991 3933 1178 4000 νόμος
1217 3931 1515 3999 ἁμαρτίας
1546 3930 1642 3998 Μὴ
1675 3929 1772 3999 τέ-

185 4042 382 4082 νοιτο.
425 4023 726 4088 Καὶπὰλιν,
766 4017 909 4074 Οἶδα
973 4019 1103 4088 γὰρ,
1163 4020 1251 4072 ὅτι
1297 4023 1330 4073 ὀ
1376 4019 1560 4087 νόμος
1592 4035 1775 4072 πνευ-

181 4118 440 4190 ματικός
473 4115 624 4179 ἐστι,
669 4114 766 4166 καὶ
785 4112 1127 4178 συνήδομαι
1170 4109 1251 4175 τῷ
1302 4111 1464 4178 νόμῳ
1490 4110 1595 4162 τοῦ
1623 4109 1774 4164 Θεοῦ

187 4216 346 4266 κατὰ
382 4213 490 4262 τὸν
533 4208 654 4260 ἔσω
679 4207 1014 4273 ἄνθρωπον.
1051 4205 1158 4257 Καὶ
1203 4203 1384 4270 πάλιν,
1425 4205 1563 4270 Ἄρα
1592 4203 1776 4267 αὐτὸς

185 4304 311 4374 ἐγὼ
341 4303 416 4369 τῷ
429 4302 544 4370 μὲν
570 4300 664 4354 νοτ
687 4299 996 4353 δουλεύων
1027 4297 1188 4365 νόμῳ
1208 4296 1376 4360 Θεοῦ,
1415 4294 1567 4363 τῇδὲ
1591 4295 1774 4361 σαρκὶ

189 4400 358 4464 νόμῳ
408 4396 716 4465 ἁμαρτίας,
757 4393 851 4446 καὶ
882 4391 949 4443 τα
984 4391 1131 4458 ἑξῆς.
1168 4390 1348 4442 Ὥστε
1377 4391 1410 4442 ό
1441 4388 1557 4457 μὲν
1588 4390 1772 4456 νόμος

187 4492 385 4556 ἅγιος,
416 4492 568 4559 φησι,
602 4488 697 4540 καὶ
731 4487 768 4554 ἡ
806 4482 1206 4552 ἐντολὶίάγία,
1255 4481 1353 4535 καὶ
1391 4481 1614 4545 δικαία,
1671 4481 1768 4532 καὶ

186 4582 412 4651 ἀγαθή.
450 4581 558 4633 Καὶ
587 4580 764 4649 δῆλον,
801 4578 876 4640 ὡς
911 4577 1011 4630 οὐκ
1058 4576 1194 4644 άλλη
1228 4575 1327 4644 μὲν
1371 4575 1404 4644 ἡ
1438 4573 1591 4640 ἁγία,
1637 4573 1770 4643 άλλη

185 4678 250 4730 δὲ
345 4673 548 4737 δικαία,
582 4673 716 4741 άλλη
753 4671 810 4723 δὲ
840 4671 873 4739 ή
904 4667 1108 4738 ἀγαθὴ,
1140 4665 1256 4720 ἀλλ’
1306 4668 1339 4736 ἡ
1375 4665 1512 4736 αὑτὴ
1557 4664 1652 4717 τοῦ
1683 4665 1773 4717 νό-

195 4784 308 4840 μου
345 4765 555 4834 ἐντολὴ,
580 4765 677 4817 καὶ
706 4762 802 4815 τοῦ
835 4761 997 4814 αὐτοῦ
1031 4761 1196 4826 Θεοῦ,
1234 4761 1328 4813 καὶ
1360 4759 1538 4827 άγίου,
1568 4758 1664 4811 καὶ
1702 4757 1780 4810 δι·

190 4860 381 4921 καίου,
435 4857 530 4912 καὶ
565 4854 799 4923 ἀγαθοῦ.
843 4853 936 4918 Ἐξ
964 4846 1026 4904 οῦ
1055 4854 1163 4922 γὰρ
1197 4853 1354 4922 βρύει
1389 4853 1449 4904 τὸ
1476 4851 1651 4918 ἅγιον,
1686 4851 1780 4904 καὶ

186 4955 428 5016 δίκαιον,
451 4951 546 5003 καὶ
563 4948 786 5016 ἀγαθὸν,
815 4944 1051 5014 χορηγὸς
1090 4943 1189 5011 μέν
1221 4945 1339 4995 ἐστι
1365 4941 1570 4994 τούτων
1599 4941 1782 5004 αὐτὸς,

192 5049 296 5103 καὶ
317 5045 501 5115 δοτὴρ,
523 5043 664 5096 κατὰ
678 5040 739 5092 τὸ
757 5040 928 5092 αῐτιον
944 5038 1001 5090 δὲ
1021 5037 1124 5106 πρὸ
1142 5036 1380 5100 πάντων,
1400 5029 1475 5087 ὧν
1502 5034 1679 5096 ἄλλοις
1703 5051 1796 5103 με·

189 5142 422 5208 τασχείν
449 5138 743 5207 παρέσχεν,
763 5132 926 5194 αὐτὸς
951 5130 1187 5201 ὑπάρχει
1205 5127 1380 5182 ταῦτα
1396 5127 1456 5179 οὐ
1483 5124 1786 5196 μετασχών.

273 5233 398 5293 Πῶς
446 5229 512 5283 ἂν
546 5228 698 5296 ἆγια,
728 5228 822 5278 καὶ
867 5224 1042 5291 ἁγίων
1101 5221 1271 5289 Ἀγια
1296 5221 1364 5274 τὰ
1401 5221 1500 5290 τῆς
1551 5218 1789 5282 Παλαιᾶς

186 5328 495 5395 Διαθήκης,
534 5324 581 5374 εί
608 5321 850 5390 πονηρᾶς
900 5315 1227 5387 νομοθεσίας
1255 5310 1324 5387 ἦν
1357 5332 1372 5382 ;
1409 5315 1574 5382 Λέγει
1610 5312 1716 5382 γὰρ
1747 5314 1774 5365 6

185 5422 357 5484 αὐτὸς
407 5415 751 5476 ’Λπὸστολος,
785 5409 1022 5480 Εἷχενή
1051 5409 1253 5477 πρώτη
1287 5411 1490 5477 σκηνὴ
1531 5405 1768 5461 δικαιώ-

183 5531 349 5589 ματα
382 5509 681 5575 λατρείας,
707 5505 773 5558 τό
789 5521 850 5558 τε
879 5504 1050 5574 ἅγιον
1079 5503 1389 5571 κοσμικόν.
1419 5501 1530 5556 Καὶ
1563 5498 1766 5568 σκηνὴ

310 5695 322 5723 ι
378 5689 528 5742 Dent.
587 5701 658 5750 γι,
744 5690 796 5744 ι.
907 5691 925 5720 ¹
984 5689 1169 5742 Matth.
1233 5686 1541 5752 ιςιιι,,17.

166 5766 210 5842 ,⁷
251 5764 386 5820 Ibid.
423 5776 550 5814 xxv.
627 5763 647 5791 ⁸
683 5757 816 5815 Ibid.
856 5761 936 5813 I2.

1659 5684 1678 5714 ³
1723 5681 1858 5737 Ibid.
1915 5680 1999 5737 I9.

1808 3171 1848 3227 C
1882 3198 1937 3236 sa
1947 3187 2274 3241 nctilicasse.

1956 3275 2030 3328 Os
2089 3275 2290 3329 Christi
2325 3274 2523 3332 Paulus
2557 3294 2572 3331 :
2610 3278 2734 3332 Non
2755 3282 3046 3351 auditores,
3077 3284 3272 3354 inquit,
3331 3285 3459 3356 legis

1878 3363 2017 3432 justi
2055 3374 2174 3418 sunt
2204 3369 2345 3434 apud
2375 3369 2564 3433 Deum,
2618 3373 2707 3425 sed
2739 3375 2962 3443 factores
3000 3377 3453 3445 justiﬁcttbuutur.

1878 3456 2161 3522 Quomodo
2182 3459 2342 3527 igitur
2380 3461 2466 3514 lex
2496 3477 2526 3514 a
2551 3477 2677 3518 vero
2711 3465 2819 3520 Deo
2854 3482 2960 3520 non
3001 3468 3095 3532 sit,
3131 3485 3251 3538 qua:
3312 3470 3457 3538 illos,

1879 3548 1970 3617 qui
2002 3547 2105 3602 sibi
2138 3547 2538 3640 qbtemperant,
2582 3553 2761 3623 justos
2823 3558 3106 3613 declarat?

1948 3730 2245 3800 Antiquam
2280 3732 2452 3803 legem
2484 3749 2602 3789 esse
2622 3735 2883 3802 divinam,
2915 3746 2968 3789 et
2992 3751 3021 3790 a
3079 3737 3285 3793 ctelesti
3349 3739 3459 3796 Deo

1878 3822 2043 3876 latam
2069 3824 2315 3878 veritatis
2344 3840 2519 3893 praeco
2539 3825 2738 3879 Paulus
2767 3827 2909 3880 clara
2940 3842 3070 3881 voce
3091 3831 3408 3898 pronuntiat
3438 3851 3455 3890 :

1885 3913 2026 3976 Quid
2061 3915 2245 3983 igitur,
2277 3916 2552 3983 inquiens,
2617 3919 2848 3970 dicemus
2898 3920 2923 3972 ?
2969 3918 3076 3972 Lex
3132 3932 3401 3988 peccatum
3434 3924 3462 3977 2

1879 4003 2030 4055 Absit
2061 4002 2108 4057 ⁸.
2163 4005 2229 4056 Et
2292 4021 2570 4061 rursum:
2634 4007 2809 4070 Novi,
2868 4016 3005 4077 quod
3056 4010 3139 4064 lea:
3200 4015 3461 4079 spiritalis

1875 4106 1950 4147 est
1983 4095 2025 4147 ⁸.
2072 4096 2134 4150 Ει
2171 4114 2186 4151 :
2217 4096 2500 4151 Consentio
2556 4098 2656 4168 legi
2695 4098 2788 4154 Dei
2827 4105 3114 4156 secundum
3153 4106 3462 4164 interiorem

1882 4188 2162 4242 Itaiitittem.
2198 4189 2263 4243 Et
2326 4205 2540 4245 rursum
2580 4192 2736 4262 :Ego
2798 4196 3008 4263 quidem
3074 4209 3243 4253 mente
3291 4205 3460 4256 servio

1877 4278 1976 4348 legi
2010 4279 2129 4345 Dei,
2178 4299 2336 4336 carne
2366 4294 2541 4338 autem
2571 4286 2671 4357 legi
2727 4290 2949 4356 peccati,
2978 4302 3032 4340 et
3061 4307 3180 4359 qua:
3219 4309 3459 4361 sequun-

1879 4381 1965 4425 tur
1985 4375 2026 4428 ‘.
2061 4375 2235 4438 Quare
2281 4377 2365 4430 lex
2386 4380 2618 4446 quidem,
2644 4383 2840 4448 inquit,
2861 4395 3066 4446 sam-ta,
3085 4400 3129 4438 et
3150 4391 3460 4443 mandatum

1877 4480 2138 4533 sanctum,
2165 4479 2213 4523 et
2254 4473 2481 4540 justum,
2525 4485 2576 4528 et
2621 4478 2809 4529 bonum
2843 4478 2880 4530 ⁷.
2909 4477 3018 4532 Nec
3065 4480 3208 4534 aliud
3239 4485 3458 4550 quidem

1876 4569 2146 4624 sanctum,
2172 4564 2315 4616 aliud
2343 4566 2574 4634 justum,
2610 4553 2753 4621 aliud
2788 4571 2986 4624 bonum
3011 4612 3024 4636 ,
3061 4571 3154 4626 sed
3213 4573 3352 4627 idem
3387 4578 3464 4630 lc-

1877 4649 1960 4716 gis
1989 4655 2323 4722 mandatum,
2359 4667 2411 4712 et
2435 4659 2682 4730 ejusdem
2726 4660 2846 4725 Dei,
2875 4672 2930 4716 et
2969 4665 3162 4728 sancti,
3193 4675 3246 4718 et
3300 4667 3458 4736 justi,

1875 4751 1928 4794 et
1966 4743 2112 4798 boni.
2143 4746 2218 4801 Ex
2251 4766 2358 4819 quo
2405 4755 2548 4808 enim
2588 4755 2849 4808 sanctitas
2883 4753 3020 4818 ﬂuit,
3057 4766 3112 4808 et
3141 4757 3376 4825 justitia.
3408 4770 3464 4815 et

1876 4833 2114 4905 b0nitas,
2162 4841 2352 4896 harum
2415 4859 2500 4899 cst
2562 4847 2675 4914 ipse
2723 4846 3004 4914 elargitor.
3063 4846 3196 4900 Cum
3252 4860 3459 4918 autem,

1887 4935 1942 4980 ut
1970 4945 2155 4998 causa,
2185 4946 2311 4989 ante
2336 4939 2516 4990 omnia
2581 4938 2810 5001 sit,haec
2878 4939 2998 4993 aliis
3046 4938 3309 5007 impertit,
3353 4959 3459 4998 non

1893 5041 2072 5084 autem
2101 5033 2211 5098 ipse
2237 5032 2506 5099 particeps
2539 5032 2614 5081 lit.

1963 5209 2241 5276 Quomodo
2264 5217 2449 5263 sancta
2486 5218 2610 5262 sunt
2657 5217 2712 5263 et
2756 5207 2954 5263 Sancta
2979 5221 3294 5267 sanctorum
3359 5211 3465 5268 Ve-

1892 5304 2021 5357 teris
2053 5299 2416 5363 Testamenti,
2464 5300 2511 5353 si
2539 5316 2564 5352 a
2611 5300 2754 5354 malo
2785 5302 2954 5356 sunt?
2982 5303 3118 5358 Dicit
3147 5305 3288 5359 enim
3345 5305 3466 5375 ipse

1877 5375 2174 5464 Apostolus
2211 5412 2222 5446 :
2255 5391 2490 5447 Habebat
2523 5395 2753 5460 primum
2810 5394 3210 5449 tabernaculum
3265 5395 3467 5464 justiﬁ-

1877 5492 2108 5545 cationes
2136 5492 2380 5555 cultum,
2404 5499 2448 5542 et
2467 5496 2708 5542 sanctum
2745 5488 3030 5541 swcculare
3069 5486 3134 5540 Et
3161 5489 3468 5543 tabernacu-

2691 5674 2711 5705 ⁸
2742 5671 2876 5728 Ibid.
2920 5669 3008 5724 14.
3124 5672 3144 5704 ⁸
3175 5668 3308 5727 Ibid.
3372 5668 3460 5725 16.

2113 5678 2319 5733 ‘Rom.
2368 5693 2463 5740 vn,
2521 5677 2573 5730 7.
