4052 6292
381 460 517 524 ιενο

1295 466 1666 526 PANOPLIA
1709 467 2165 526 DOGMA'I'ICA.
2201 492 2269 502 -
2296 467 2439 530 TlT.
2475 469 2687 528 XXIV.

3484 463 3618 527 1226

443 579 504 630 Et
527 578 618 630 τοῦ
648 578 885 650 πονηροῦ
917 575 985 652 ἦν
1018 581 1050 649 ἡ
1083 582 1285 637 παλαιὰ
1318 582 1632 650 νομοθεσία,
1677 584 1770 636 καὶ
1799 585 1846 636 οἱ
1881 587 1926 636 Et

2115 585 2170 639 Si
2209 583 2335 637 mali
2370 585 2532 638 Vetus
2555 593 2671 638 erat
2698 582 3126 647 Testamentum,
3175 591 3227 636 et
3264 581 3351 651 qui
3385 583 3438 635 in
3501 584 3620 652 ipso

374 672 512 741 αὐτῇ
555 670 891 740 λάμψαντες,
940 672 1060 734 πῶς
1101 675 1128 724 ὁ
1171 675 1576 744 εὐαγγελιστὴς
1605 676 1820 738 Λουκᾶς
1850 676 1940 728 τὸν

374 763 649 836 Ζαχαρίαν
693 767 786 816 καὶ
810 763 908 834 τὴν
948 764 1228 816 Ἐλισὰϐετ
1275 768 1331 816 ὲν
1371 767 1434 835 τῇ
1465 767 1676 837 παλαιᾷ
1711 765 1940 836 νομοθε-

375 856 464 923 σίᾳ
498 854 748 921 βιοῦντας
809 855 1047 918 δικαίους
1081 855 1313 908 ἐνώπιον
1343 855 1437 910 τοῦ
1479 857 1616 908 Θεοῦ
1647 860 1938 928 μαρτυρεῖ,

373 946 486 999 ἀλλ’
542 946 643 998 οὐκ
679 947 910 998 ἐνώπιον
961 946 1283 1017 ἀνθρώπων,
1320 949 1414 1000 καὶ
1447 949 1852 1018 πορευομένους
1883 951 1941 1001 ἐν

373 1039 573 1099 πάσαις
608 1039 729 1100 ταῖς
772 1037 1014 1103 ἐντολαῖς
1074 1038 1168 1091 τοῦ
1220 1039 1356 1091 Θεοῦ
1438 1041 1532 1092 καὶ
1575 1039 1942 1108 δικαιώμασιν

371 1129 720 1197 ἁμέμπτως;
757 1125 876 1181 εἶτα
919 1132 1014 1180 καὶ
1045 1131 1146 1199 τὴν
1190 1130 1466 1200 ἱερατείαν
1517 1130 1610 1182 τὸν
1663 1131 1940 1201 Ζαχαρίαν

368 1219 540 1271 τελεῖν
568 1218 795 1272 ἐνώπιον
824 1219 914 1272 τοῦ
948 1220 1106 1286 Θεοῦ,
1171 1223 1263 1273 καὶ
1298 1221 1390 1274 τὸν
1429 1221 1654 1287 νομικὸν
1685 1221 1831 1286 ναὸν,
1858 1223 1939 1284 είς

365 1311 427 1363 ὃν
463 1311 660 1381 εἰσῄει,
714 1313 840 1365 ναὸν
876 1315 1281 1384 προσαγορεύει
1334 1313 1468 1366 Θεοῦ
1509 1331 1522 1378 ;
1572 1314 1629 1366 ἐν
1676 1313 1822 1383 αὐτῷ
1878 1329 1936 1366 τε

367 1404 456 1455 τὸν
490 1403 720 1470 ἄγγελον
743 1403 978 1473 ὀφθῆναι
1003 1405 1229 1475 Κυρίου,
1259 1406 1353 1458 καὶ
1384 1405 1507 1457 τότε
1530 1406 1690 1470 τίνα;
1723 1405 1813 1457 τὸν
1839 1405 1936 1475 ἀρ-

367 1493 732 1562 χιστράτηγον
770 1493 1034 1564 Γαϐριὴλ.
1088 1494 1183 1546 Ἐκ
1210 1493 1416 1546 τούτων
1436 1511 1493 1544 τε
1537 1494 1646 1563 γὰρ
1675 1495 1767 1546 καὶ
1801 1495 1936 1546 πολ-

366 1583 473 1634 λῶν
508 1585 682 1636 ἄλλων
714 1584 825 1637 τῶν
855 1585 1056 1654 ἑφεξῆς
1103 1585 1138 1655 ἦ
1170 1601 1230 1636 τε
1265 1584 1470 1636 παλαιὰ
1502 1585 1745 1654 Διαθήκη
1777 1585 1868 1636 καὶ
1889 1585 1936 1636 οἱ

368 1666 548 1735 καλῶς
584 1678 640 1728 ὲν
689 1679 828 1744 αὐτῇ
887 1677 1339 1748 πολιτευσάμενοι
1391 1676 1485 1729 τοῦ
1546 1675 1753 1743 ἀγαθοῦ
1799 1676 1934 1730 Θεοῦ

364 1767 632 1837 λαμπρῶς
665 1767 1152 1838 ἀνακηρύττονται.

433 1904 602 1974 Εἴπερ
652 1906 867 1975 ὲστὶνή
924 1906 1132 1958 παλαιὰ
1185 1905 1482 1970 νομοθεσία
1541 1906 1633 1960 τοῦ
1666 1905 1933 1977 πονηροῦ,

367 1998 475 2058 πῶς
499 1997 721 2066 ἠνέχετο
735 1997 920 2050 λαϐεῖν
945 1999 1004 2052 τὸ
1032 2000 1240 2070 βιϐλίον
1260 2003 1489 2072 ταύτης,
1508 2002 1626 2070 ἦτοι
1655 2001 1713 2053 τὸ
1732 2000 1936 2069 βιϐλίον

375 2091 600 2140 Ἡσαΐου
627 2089 718 2140 τοῦ
746 2093 1048 2160 προφήτου,
1080 2094 1108 2144 ὁ
1147 2094 1237 2145 τὸν
1267 2095 1501 2163 πονηρὸν
1548 2092 1796 2144 καθελεῖν
1826 2108 1932 2146 πα-

365 2181 694 2249 ραγεγονὼς,
737 2184 831 2234 καὶ
855 2184 934 2245 εἰς
973 2183 1180 2235 πολλῶν
1227 2186 1396 2248 ἀκοὰς
1421 2185 1824 2270 ὑπαναγνῶναι,
1862 2182 1932 2234 δι’

357 2267 432 2325 ὧν
460 2272 910 2342 προεκηρύττετο
939 2274 1004 2326 τὰ
1035 2276 1166 2344 περὶ⁵
1189 2275 1354 2327 αὑτοῦ
1379 2292 1395 2340 ;
1437 2277 1530 2328 καὶ
1562 2267 1663 2328 οὐκ
1688 2273 1932 2342 ἀναγνῶ»

359 2383 444 2415 ναι
502 2366 682 2432 μόνον,
721 2366 856 2416 ἀλλὰ
902 2368 995 2417 καὶ
1028 2367 1545 2437 ,διαμαρτύρασοαπ
1591 2368 1674 2420 ὅτι
1741 2365 1930 2420 Ταῦτα

356 2453 474 2510 νῦν
534 2455 915 2522 πεπλήρωται
984 2457 1053 2508 ἐν
1087 2459 1210 2523 τοῖς
1253 2458 1407 2511 ὠσὶν
1452 2457 1651 2527 ὑμῶν,
1683 2458 1778 2510 καὶ
1840 2455 1929 2507 τὸν

357 2549 622 2610 ἐνιαυτῦν,
671 2549 730 2610 ὃς
791 2550 910 2602 ἐστι
952 2551 1203 2619 περίοδος
1259 2550 1491 2619 χρόνων,
1535 2550 1563 2600 ὁ
1618 2549 1676 2600 δὲ
1734 2550 1928 2617 χρόνος

358 2639 558 2707 μέτρον
628 2641 896 2708 κινήσεως
963 2641 1267 2711 αἰσθητῆς,
1321 2641 1509 2693 τοῦτον
1587 2639 1928 2708 ἀνακηρύξαι

354 2733 540 2787 δυιτζιν
599 2735 824 2804 Κυρίῳ;
858 2736 976 2797 Πῶς
1014 2736 1069 2788 δὲ
1099 2738 1263 2790 πάλιν
1319 2738 1375 2788 ὲν
1419 2738 1483 2806 τῇ
1533 2735 1624 2788 τοῦ
1673 2734 1926 2805 Λαζάρου

357 2835 452 2884 καὶ
487 2832 583 2884 τοῦ
616 2833 876 2885 πλουσίου
928 2832 1213 2902 παραϐολῇ
1245 2833 1272 2884 ὁ
1314 2832 1516 2900 ἀγαθὸς
1548 2829 1706 2902 ἡμῶν
1727 2831 1930 2882 Δεσπό-

356 2941 455 2995 της
480 2925 682 2978 Mutata.
723 2927 817 2978 καὶ
862 2926 986 2986 τοὺς
1031 2926 1314 2994 προφήτας
1349 2926 1447 2992 τῆς
1481 2924 1752 2992 σωτηρίου
1802 2925 1927 2974 ἑπι-

357 3018 598 3087 στροτῆς
642 3021 733 3070 καὶ
770 3017 1134 3086 μεταμελείας
1200 3017 1553 3079 διδασκάλους
1611 3016 1925 3083 ἁποκαλεῖ;

361 3112 615 3177 Ἔχουσι
665 3111 795 3180 γὰρ,
829 3114 994 3178 φησὶ,
1027 3110 1245 3164 Μωσέα
1292 3109 1392 3162 καὶ
1421 3109 1559 3174 τοὺς
1595 3109 1925 3177 προφήτας,

351 3201 801 3256 ἀκουσάτωσαν
848 3201 1069 3257 αὐτῶν.
1117 3195 1266 3270 Ἀρα
1293 3203 1402 3272 γὰρ
1449 3201 1478 3252 ὁ
1511 3201 1605 3254 επὶ
1651 3204 1804 3271 κοινῇ
1831 3201 1924 3253 τοῦ

2047 677 2384 741 claruerunt,
2419 691 2519 730 cur
2573 675 2749 731 Lucas
2795 675 3127 745 evangelista
3183 675 3502 729 Zachariam
3565 688 3617 729 ct

2045 768 2314 823 Elisabeth
2365 771 2416 821 in
2442 769 2660 837 antiqua
2687 769 2926 824 viventes
2958 769 3069 840 lege
3093 769 3267 835 justos
3294 782 3476 821 eoa-am
3511 765 3620 820 Deo

2043 875 2164 915 csse
2215 869 2470 925 testatur,
2512 875 2620 913 non
2647 869 2824 914 autem
2887 875 3069 915 coram
3142 860 3456 915 hominibus
3493 901 3508 925 ,
3567 874 3617 910 et

2044 951 2348 1006 ambulasse
2371 952 2422 1005 in
2451 951 2703 1008 omnibus
2716 953 2835 1022 ejus
2857 952 3126 1007 mandatis
3141 965 3190 1006 et
3209 951 3584 1021 justiilcationi
3599 979 3616 988 -

2041 1040 2145 1096 bus
2167 1041 2282 1095 sine
2305 1043 2548 1110 querela,
2579 1043 2770 1097 deinde
2795 1041 3118 1097 Zachariam
3157 1042 3460 1096 sacerdotio
3495 1042 3620 1094 itm-

2041 1139 2184 1181 ctmn
2217 1130 2268 1182 in
2303 1144 2592 1196 conspectu
2622 1129 2737 1196 Dei,
2767 1141 2821 1187 et
2855 1131 3025 1202 legale
3071 1133 3351 1202 templum,
3387 1134 3436 1185 in
3474 1128 3614 1200 quod

2042 1221 2315 1290 ingressus
2357 1231 2459 1285 est,
2491 1223 2580 1275 Dei
2615 1223 2878 1292 templum
2921 1222 3173 1291 appellat,
3206 1225 3258 1276 in
3310 1237 3485 1291 eoque
3521 1238 3616 1274 an-

2039 1313 2216 1382 gelum
2251 1312 2465 1366 Domini
2500 1315 2836 1383 apparuisse,
2872 1315 3171 1384 principem
3218 1315 3368 1368 illum
3402 1317 3606 1368 exerci-

2039 1411 2129 1458 tus
2151 1402 2455 1458 Gabrielem
2489 1405 2512 1457 ?
2544 1404 2622 1458 Ex
2656 1407 2740 1459 his
2782 1408 2925 1459 enirn
2963 1416 3016 1460 ct
3066 1405 3186 1460 aliis
3238 1407 3444 1469 multis,
3497 1423 3614 1473 qum

2039 1508 2359 1564 sequuntur,
2394 1505 2506 1550 tum
2539 1497 2703 1553 Vetus
2737 1499 3160 1563 Testamentum,
3191 1508 3300 1552 tum
3350 1499 3491 1560 illos,
3519 1501 3611 1567 qui

2041 1589 2092 1640 in
2133 1591 2248 1654 ipso
2269 1605 2328 1644 se
2357 1599 2500 1644 recte
2528 1603 2837 1660 gesserunt.
2882 1590 2975 1645 Dei
3023 1592 3189 1646 fuisse
3247 1602 3430 1660 aperte
3491 1609 3612 1661 pro-

2040 1683 2278 1735 nuntiat.

2109 1906 2166 1962 Si
2223 1909 2347 1962 mali
2398 1907 2563 1964 Vetus
2601 1909 3027 1974 Testamentum,
3089 1926 3188 1964 cur
3217 1912 3333 1975 ejus
3391 1910 3606 1972 librum,

2040 2014 2132 2052 seu
2167 1999 2358 2053 librum
2386 2001 2536 2056 lsaire
2592 2001 2888 2070 propheta},
2931 2005 3178 2071 accipere
3204 2002 3374 2055 voluit
3429 2004 3477 2056 is
3517 2003 3605 2071 qni

2042 2093 2108 2146 ad
2163 2092 2361 2146 malum
2391 2094 2758 2146 'evcrtendum
2795 2104 3032 2158 venerat,
3067 2109 3238 2163 eaque
3287 2095 3468 2148 multis
3514 2111 3607 2146 au-

2038 2183 2311 2238 dientibus
2341 2189 2535 2254 legere,
2567 2200 2686 2253 que
2711 2185 2778 2239 de
2809 2200 2866 2240 se
2893 2186 3147 2254 praedicta
3183 2187 3400 2239 fuerant
3425 2185 3604 2256 [Ne-

2038 2289 2144 2344 que
2200 2290 2330 2330 vero
2363 2277 2533 2330 solum
2574 2277 2724 2345 legit,
2784 2279 2876 2332 sed
2937 2280 3099 2332 etiam
3158 2280 3466 2334 testimonio
3503 2295 3605 2335 suo

2037 2370 2409 2436 comprobavit
2441 2389 2452 2423 :
2485 2368 2635 2434 ch,
2667 2370 2938 2437 inquiens,
2999 2387 3135 2424 nunc
3201 2372 3406 2438 expleta
3480 2385 3601 2426 sunt

2036 2458 2091 2508 iu
2137 2457 2357 2510 auribus
2382 2461 2568 2512 uestris
2636 2462 2676 2511 '.
2728 2459 2838 2513 Cur
2867 2475 3092 2524 annum,
3117 2460 3205 2529 qui
3229 2471 3311 2514 est
3343 2464 3604 2529 temporis

2037 2551 2320 2614 circuitus,
2351 2561 2559 2619 tempus
2591 2562 2766 2607 autem
2793 2567 3045 2606 mensura
3077 2563 3254 2608 motus
3303 2555 3598 2619 sensibilis,

2039 2655 2315 2709 acceptum
2345 2643 2570 2696 Dotuino
2613 2645 2927 2712 praedicavit
2958 2645 2979 2696 ?
3009 2644 3118 2698 Cur
3155 2660 3368 2698 rursum
3405 2647 3456 2699 in
3497 2646 3599 2699 La-

2039 2735 2148 2788 zat'i
2210 2746 2263 2789 et
2307 2736 2490 2788 divitis
2551 2737 2807 2802 parabola
2863 2735 3037 2790 bonus
3085 2749 3266 2792 uoster
3339 2739 3600 2794 Dominus

2038 2827 2239 2882 Mosem
2292 2839 2346 2881 et
2369 2830 2659 2897 prophetas
2694 2828 2981 2884 salutiferae
3013 2831 3380 2884 conversionis
3413 2817 3464 2883 et
3489 2847 3601 2902 ptu-

2037 2921 2278 2973 ιιὶιιΊιιίςιε
2328 2908 2615 2989 magistros
2673 2920 2897 2990 appellat
2931 2959 2949 2983 ,
3035 2921 3267 2985 Habent,
3325 2923 3598 2991 inquiens,

2035 3014 2227 3068 Mosam
2260 3027 2304 3067 et
2338 3015 2640 3082 prophetas,
2678 3015 2819 3083 ipsos
2845 3016 3068 3067 audiant
3129 3017 3146 3046 ’
3177 3017 3199 3068 ί
3245 3015 3362 3070 Isne
3389 3016 3477 3085 qui
3504 3033 3599 3083 pro

2035 3107 2307 3162 communi
2351 3106 2524 3162 salute
2548 3107 2768 3160 humani
2804 3109 3018 3176 generis
3045 3121 3300 3162 naturam
3352 3118 3591 3162 nostram

2035 3207 2338 3267 suceperat,
2370 3212 2485 3259 eos,
2519 3197 2609 3266 qui
2637 3214 2665 3249 a
2695 3212 2754 3251 se
2777 3199 3164 3252 erudiebantur
3214 3210 3267 3252 et
3314 3199 3382 3252 ab
3411 3215 3596 3254 errore

355 3297 544 3362 γένους
617 3294 864 3365 σωτηρίᾳ
914 3294 1014 3365 τὴν
1060 3295 1218 3363 ἡμῶν
1269 3296 1432 3361 φύσιν
1469 3295 1757 3346 ἀναλαϐὼν
1797 3294 1923 3356 τοὺς

2035 3293 2454 3355 revocabantur,
2485 3293 2550 3344 ad
2580 3290 2856 3345 ministros
2880 3303 2935 3344 et
2965 3307 3150 3346 servos
3185 3293 3386 3346 inimici
3419 3294 3594 3348 misis-

351 3386 918 3456 μυσταγωγουμένους
970 3385 1098 3456 παρ’
1150 3384 1314 3438 αὐτοῦ
1345 3427 1358 3448 ,
1414 3386 1509 3438 καὶ
1557 3385 1658 3452 τῆς
1710 3385 1920 3454 πλάνης

348 3477 862 3546 ἀπαλλαττομένους
887 3479 965 3538 είς
991 3478 1114 3540 τοὺς
1133 3477 1471 3548 θεράποντας
1505 3494 1600 3530 κα.
1636 3478 1923 3547 ὑπηρέτας

2033 3393 2136 3449 set,
2163 3393 2222 3439 ut
2254 3385 2479 3439 salutem
2508 3397 2934 3453 assequerentur
2966 3384 3140 3449 iQuis
3167 3385 3409 3453 perferre
3432 3398 3595 3455 queat

2032 3479 2258 3532 istorum
2299 3477 2589 3532 amentiam
2658 3476 3072 3531 incredibilem?

348 3573 637 3639 ἀνέπεμπε
666 3571 758 3623 τοῦ
805 3569 1024 3640 ἐχθροῦ,
1077 3571 1168 3622 καὶ
1202 3571 1326 3622 τότε
1369 3572 1642 3637 σωτηρίας
1687 3571 1914 3638 τυχεῖν,
1961 3569 2068 3622 Καὶ
2093 3569 2175 3630 τίς
2215 3568 2282 3621 ἂν
2331 3567 2621 3638 ἁνάχσοιτο
2676 3569 2774 3636 τὴν
2831 3567 3137 3638 ὑπερϐολὴν
3181 3568 3280 3639 τῆς
3331 3571 3593 3642 τοσαύτης

348 3665 610 3728 ἀπονοίας
630 3684 644 3731 ;

422 3807 486 3858 Εἰ
516 3806 613 3876 τῆς
655 3809 890 3871 παλαιᾶς
938 3809 1213 3879 Διαθήκης
1251 3807 1548 3880 νομοθέτης
1584 3810 1611 3860 ὁ
1665 3805 1924 3876 πονηρὸς.

349 3899 469 3963 πῶς
497 3899 646 3966 λέγει
686 3901 718 3969 ἡ
751 3900 849 3970 τῆς
876 3900 1215 3969 ἁγαθότητος
1257 3901 1428 3968 πηγὴ,
1464 3897 1782 3966 Ἑρευνᾶτε
1822 3899 1926 3961 τὰς

347 3990 619 4059 Γραφὰς,
655 3990 744 4044 ὅτι
773 3993 844 4045 ἐν
876 3992 1088 4058 αὑταῖς
1117 3991 1408 4059 εὑρήσετε
1433 3990 1610 4059 -ζωὴν
1650 3989 1925 4052 αὶώνιονὶ

353 4083 576 4152 Γραφὰς
637 4084 808 4152 λέγων
854 4087 955 4147 τάς
1027 4101 1090 4136 τε
1141 4085 1423 4154 μωσαῖκὰς
1481 4084 1573 4135 καὶ
1625 4081 1721 4142 τὰς
1762 4080 1925 4142 ἄλλας

350 4177 716 4245 προφητικάς.
781 4177 948 4230 Οὔπω
1005 4177 1114 4247 γὰρ
1167 4171 1308 4246 ἦσαν
1363 4177 1419 4228 αἱ
1459 4173 1629 4244 βίϐλοι
1668 4173 1766 4241 τῆς
1798 4171 1923 4233 νέας

348 4269 594 4337 χάριτος.
641 4269 749 4322 Ποῦ
779 4270 888 4340 γὰρ
919 4272 953 4341 ή
992 4269 1210 4330 αἰώνιος
1239 4266 1373 4337 ζωὴ,
1415 4262 1571 4327 ὲνοῖς
1605 4269 1632 4318 ὁ
1686 4261 1921 4331 πονηρὸς

348 4360 638 4429 νομοθετεῖ
698 4365 792 4414 καὶ
846 4361 1288 4433 παρακελεύεται
1315 4376 1328 4421 ;
1382 4357 1502 4420 liti);
1531 4356 1590 4408 δὲ
1625 4356 1718 4408 καὶ
1747 4356 1804 4406 ὲν
1827 4352 1920 4405 ἄλ-

347 4459 522 4526 λοιςή
557 4457 784 4525 ἀλήθεια
810 4455 981 4522 λέγει,
1018 4456 1086 4507 El
1113 4449 1460 4504 ἐπιστεύὲτε
1505 4445 1726 4506 Μωσεῐ,
1793 4444 1919 4494 ἑπι-

345 4552 594 4603 σίεύετε
625 4550 700 4602 ἂν
723 4550 871 4618 ἐμοί.
910 4547 1048 4614 Περὶ
1077 4545 1184 4616 γὰρ
1207 4542 1353 4614 ἐμοῦ
1376 4540 1603 4604 ἐκεῖνος
1631 4539 1916 4605 Emere-er;

348 4643 467 4695 Ούκ
498 4639 672 4706 εἶπεν,
699 4643 759 4694 Εἰ
789 4642 844 4695 ἐν
873 4645 980 4693 τινι
1010 4638 1330 4692 ἐπιστεύετε
1357 4636 1568 4697 Μωσεῖ,
1591 4631 1704 4684 αλλ’
1734 4631 1919 4690 ἁπλῶς

347 4731 517 4783 αὐτοῦ
553 4733 614 4783 τὸ
646 4730 958 4793 ἀξιόπιστον
991 4728 1344 4797 ἀνεκςρυξεν.

423 4866 485 4916 Et
531 4866 773 4934 πονηρᾶς
823 4859 890 4934 ἦν
924 4863 1098 4933 ἀρχῆς
1135 4863 1166 4930 ἡ
1221 4861 1454 4919 Παλαιὰ,
1518 4856 1636 4920 πῶς
1677 4858 1705 4907 ὁ
1746 4857 1916 4924 μέγας

350 4956 591 5020 Παῦλος,
617 4956 915 5027 ἀρχόμενος
943 4959 1041 5022 τῆς
1063 4953 1198 5023 πρὸς
1229 4952 1528 5020 Ῥωμαίους
1573 4947 1917 5015 Ἐπιστολῆς,

343 5048 892 5122 προεπαγγείλασθαι
945 5050 1094 5114 λέγει
1130 5048 1220 5098 τὸν
1252 5044 1382 5096 Θεὸν
1441 5042 1528 5094 διὰ
1572 5040 1680 5094 τῶν
1710 5056 1919 5108 προφη-

343 5145 456 5196 τῶν
487 5144 651 5196 αὐτοῦ
692 5145 748 5194 ὲν
781 5143 1026 5211 Γραφαῖς
1075 5139 1258 5207 ἁγίαις
1292 5137 1421 5207 περὶ
1450 5135 1541 5187 τοῦ
1583 5131 1716 5186 Υίοῦ
1749 5133 1915 5183 αὑτοῦ

340 5235 443 5287 τοῦ
493 5236 790 5304 γενομένου
841 5237 904 5284 ὲκ
938 5233 1250 5302 σπέρματος
1300 5226 1467 5280 Δαὸὶδ
1517 5225 1658 5278 κατὰ
1697 5225 1914 5292 σάρκα;

345 5328 410 5379 Εἰ
440 5328 546 5397 γὰρ
574 5326 709 5379 Θεοῦ
771 5323 1070 5392 προφῆται,
1117 5321 1212 5372 καὶ
1243 5317 1453 5388 Γραφαὶ
1486 5317 1656 5382 ἅγιαι,
1694 5314 1761 5366 δι’
1794 5307 1867 5365 ὧν
1891 5315 1918 5363 ὁ

340 5421 477 5483 Θεὸς
544 5418 1017 5490 προεπηγγείλατο
1077 5414 1202 5482 περὶ
1260 5411 1350 5462 τοῦ
1407 5409 1534 5461 Υἰοῦ
1572 5408 1756 5469 αὑτοῦ,
1802 5405 1916 5466 πῶς

339 5514 412 5566 ἂν
435 5514 469 5580 ἠ
508 5512 715 5562 παλαια
745 5509 980 5577 διαθήκη
1018 5505 1293 5572 λογισθείη
1318 5503 1412 5554 τοῦ
1448 5501 1684 5569 πονηροῦ
1716 5515 1728 5562 ;
1763 5497 1916 5550 Καὶὸ

337 5604 567 5674 Μάρκος
607 5603 663 5654 δέ
691 5619 855 5671 φησιν
883 5615 899 5633 ο
939 5598 1108 5665 Ἀρχὴ
1150 5595 1255 5648 τοῦ
1296 5595 1663 5662 Εὐιιγγελίου
1711 5588 1913 5658 Ἰησοῦ

337 5697 601 5764 Χριστοῦ
657 5694 793 5749 Υἱοῦ
847 5691 952 5746 τοῦ
1002 5691 1172 5754 Θεοῦ,
1223 5687 1295 5752 ὡς
1349 5690 1652 5757 γέγραπται
1701 5686 1758 5736 ἐν
1799 5685 1905 5746 τοῖς

425 5908 437 5938 ¹
473 5906 602 5958 an.
629 5919 704 5961 tv,
733 5901 825 5954 2|.
927 5901 948 5930 ²
1019 5899 1146 5951 Luc.
1187 5915 1296 5962 XVI,
1332 5898 1423 5950 ‘29.

673 5999 920 6054 Parum.
989 5995 1105 6050 (in.
1155 5991 1384 6050 CXXX.

1528 5897 1546 5926 ³
1573 5897 1730 5950 Joalt.
1772 5911 1856 5960 Ill,
1894 5893 1989 5948 59.

2103 3803 2158 3856 Si
2194 3803 2366 3855 malus
2393 3802 2628 3870 antiqua:
2674 3801 2803 3868 legis
2833 3811 2911 3854 est
2943 3809 3154 3864 auctor,
3193 3817 3290 3855 cur
3339 3804 3587 3860 bomtatis

2030 3898 2151 3951 fons
2193 3897 2267 3947 ait
2309 3912 2322 3946 :
2362 3893 2690 3946 Scrutamini
2723 3891 3049 3960 εει-ἔμμεναι,
3084 3896 3334 3962 quoniam
3382 3898 3588 3966 initiata

2024 3988 2295 4041 invenietis
2353 3987 2513 4039 vitam
2561 3995 2820 4038 tt'ternmn
2879 3987 2898 4016 ³
2945 3987 2968 4038 ?
3029 3988 3146 4050 Quo
3193 3989 3412 4056 quidem
3473 3989 3588 4042 lot-n

2027 4078 2338 4146 Scriptor-as
2371 4077 2534 4130 Musis
2559 4085 2612 4130 et
2665 4077 2894 4130 aliorum
2951 4079 3334 4141 prophetarum
3397 4081 3586 4133 iuit-lli»

2023 4170 2121 4239 git.
2153 4168 2396 4222 Nondum
2422 4168 2565 4220 cnim
2612 4175 2768 4218 erant
2821 4166 2949 4218 libri
3023 4182 3173 4220 novae
3203 4170 3410 4236 gratia}.
3451 4171 3586 4234 Quo-

2021 4275 2144 4314 nam
2176 4262 2335 4315 modo
2357 4270 2558 4313 aeterna
2613 4259 2720 4310 vita
2770 4259 2818 4310 in
2860 4258 2926 4310 iis
2954 4273 3076 4327 qua:
3122 4273 3150 4310 a
3199 4259 3342 4314 malo
3397 4262 3500 4313 lata
3539 4273 3587 4313 t‘l

2020 4354 2332 4423 praescripta
2361 4349 2523 4419 sunt?
2558 4351 2821 4404 Preterea
2851 4366 2948 4404 cur
3011 4350 3136 4404 alibi
3179 4350 3391 4407 Veritas
3423 4354 3548 4406 dicit
3576 4372 3586 4403 :

2019 4446 2077 4501 Si
2113 4445 2248 4498 Mosi
2300 4446 2602 4506 crederetis,
2643 4445 2769 4495 mihi
2801 4446 2980 4512 utique
3024 4443 3326 4507 crederetis,
3383 4446 3445 4498 de
3516 4463 3586 4497 me

2019 4541 2156 4591 enim
2193 4537 2280 4590 ille
2301 4537 2514 4605 scripsit
2574 4536 2640 4588 ⁸2
2690 4535 2808 4590 Non
2867 4537 3002 4589 dixit
3034 4555 3047 4591 :
3076 4537 3133 4592 Si
3189 4540 3239 4592 in
3270 4539 3589 4608 quibusdam

2025 4630 2152 4684 Mosi
2185 4629 2503 4694 crederetis,
2533 4630 2626 4682 sed
2652 4629 2823 4696 ipsum
2847 4631 3171 4695 simpliciter
3210 4630 3452 4700 dignum,
3503 4633 3586 4684 cui

1949 4747 1991 4798 ι)
2020 4723 2271 4775 credatur
2324 4721 2578 4775 ostendit.

2094 4859 2148 4912 Si
2187 4860 2308 4910 tnali
2356 4856 2607 4926 principii
2663 4856 2824 4909 Vetus
2875 4866 2961 4908 est
2995 4854 3428 4922 'l‘estamentum,
3491 4875 3578 4908 ειη

2023 4965 2250 5019 magnus
2291 4950 2490 5002 Paulus
2516 4949 2564 5000 in
2623 4948 2890 5015 principio
2917 4945 3170 5015 Epistohn
3199 4947 3264 5000 ad
3290 4947 3585 5014 Romanos,

2023 5044 2417 5111 prwttuntiasse
2450 5039 2583 5092 dicit
2632 5039 2800 5091 Deum
2850 5055 2945 5106 per
2977 5041 3272 5110 prophetas
3306 5043 3359 5095 in
3399 5045 3585 5112 Scrip-

2021 5137 2157 5187 turis
2186 5133 2298 5186 suis
2333 5133 2395 5184 de
2431 5129 2568 5183 Filio
2594 5144 2692 5183 suo
2717 5128 2862 5182 facto
2920 5147 2985 5184 ex
3020 5133 3229 5186 semine
3283 5132 3450 5187 David
3502 5151 3581 5187 se-

2016 5227 2249 5278 cundum
2294 5237 2509 5274 carnem
2541 5222 2561 5252 ⁸
2597 5221 2619 5271 ?
2660 5220 2714 5273 Si
2762 5222 2908 5276 enim
2945 5235 3073 5276 sunt
3141 5227 3416 5295 prophetat:
3469 5226 3582 5292 Dei,

2016 5326 2070 5367 et
2096 5322 2299 5366 sancta:
2331 5314 2646 5381 Scriptum,
2689 5329 2784 5384 per
2816 5331 2953 5383 quas
3033 5318 3173 5370 Dens
3203 5320 3579 5386 praenuntiavit

2017 5408 2080 5459 de
2115 5406 2251 5459 Filio
2279 5421 2397 5469 suo,
2430 5407 2705 5474 quomodo
2767 5405 2930 5462 Vetus
2999 5408 3401 5463 Testamentum
3461 5411 3582 5463 mali

2016 5507 2188 5567 potest
2217 5497 2570 5550 existimari?
2617 5497 2678 5551 Et
2735 5500 2941 5551 Marcus
2990 5504 3066 5552 ait
3101 5517 3114 5553 :
3161 5501 3372 5553 Initium
3409 5499 3580 5554 Euan-

2022 5590 2142 5659 geiii
2196 5589 2323 5640 Jesu
2378 5587 2598 5656 Christi,
2665 5588 2798 5643 Filii
2856 5591 2971 5654 Dei,
2996 5603 3048 5644 ut
3098 5595 3348 5659 scriptum
3403 5602 3482 5644 est
3529 5592 3582 5645 in

2013 5683 2276 5751 proli/retis
2329 5681 2370 5734 ‘.
2409 5679 2473 5735 Et
2508 5682 2689 5735 multis
2719 5685 2771 5735 in
2799 5681 2932 5738 locis
2983 5695 3213 5752 quatuor
3269 5683 3580 5753 Evangelia-

2599 5897 2620 5927 ⁸
2651 5897 2807 5948 ιὶοιιι.
2839 5895 2930 5958 t,l
2971 5894 3024 5946 ὃ.
3136 5895 3156 5925 ⁵
3186 5895 3350 5950 Marc.
3392 5895 3515 5958 1,1.

3197 5987 3271 6046 39

2090 5893 2111 5924 ⁸
2139 5893 2298 5951 Joan.
2330 5909 2378 5961 ι’,
2415 5897 2502 5951 46.
