4052 6292
510 446 654 513 1227
1717 430 2100 493 EUTl-IYMII
2141 427 2498 489 ZIGAIIENI
3635 417 3764 480 ωε

514 583 633 622 rum
659 563 920 634 scriptum
960 566 1040 614 est
1107 555 1281 610 illud:
1345 551 1412 607 Ut
1461 550 1768 620 impleretur
1813 549 1891 613 id,
1953 545 2091 615 quod

2227 547 2529 616 ιροφήταις.
2577 542 2685 597 Καὶ
2723 540 2993 609 πολλαχοῦ
3025 540 3079 592 δὲ
3111 539 3218 592 τῶν
3271 536 3562 607 τεσσάρων
3592 536 3774 602 Εὐαγ·

514 661 710 714 dictum
731 626 806 710 est
859 668 950 722 per
989 652 1134 705 hunc
1162 656 1218 702 et
1254 646 1404 701 illum
1446 643 1778 714 prophetam.

2231 637 2387 688 ελίων
2413 637 2727 705 γέγραπται
2761 635 2843 695 τι,
2887 633 3021 687 Ἵνα
3050 629 3336 700 πληρωθῇ
3379 630 3444 682 τὸ
3463 629 3661 697 ῥηθὲν
3682 626 3778 680 διὰ

2189 725 2344 777 τοῦδε
2379 724 2485 778 τοῦ
2521 724 2852 792 προφήτου.

585 839 642 895 Si
679 837 890 909 iustitia
922 835 1012 889 Dei
1038 830 1327 886 manifesta
1388 837 1491 890 est,
1535 825 1822 881 testitieata
1878 837 1906 874 a
1967 823 2088 886 lege

2262 819 2326 871 Ei
2355 821 2390 890 ἠ
2427 818 2742 883 δικαιοσύνη
2770 815 2866 868 τοῦ
2892 815 3024 868 Θεοῦ
3052 813 3440 883 πεφανέρωται
3467 829 3779 881 μαρτυρουο

513 947 568 989 et
593 900 891 1002 prophetis,
957 935 1017 980 ut
1042 924 1242 979 Paulus
1268 920 1545 992 apostolus
1595 918 1673 971 ait
1735 915 1773 979 ‘,
1825 914 1918 982 qui
1974 910 2088 964 ﬁeri

2227 907 2332 974 ιένη
2369 908 2478 959 ὑπὸ
2523 908 2690 975 νόμου
2719 907 2810 956 καὶ
2834 903 2939 956 τῶν
2970 903 3291 973 προφητῶν,
3333 900 3478 953 κατὰ
3503 901 3598 952 τὸν
3633 900 3777 954 ἀπό-

517 992 708 1097 possit,
745 1033 804 1077 ut
833 992 915 1076 lex
945 1032 1000 1075 et
1024 1017 1302 1088 prophetat
1337 1029 1399 1068 ex
1430 1011 1552 1067 boni
1589 1009 1686 1063 Dei
1737 1006 2094 1076 inspiratione

2229 999 2382 1052 τολον
2407 998 2638 1060 Παῦλον,
2679 996 2796 1059 πῶς
2827 999 2854 1050 ὁ
2923 996 3089 1064 νόμος
3138 995 3236 1046 καὶ
3267 995 3317 1044 οἱ
3346 993 3633 1062 προφῆται
3659 992 3781 1061 οὐχὶ

517 1085 568 1174 et
604 1117 830 1172 veritate
860 1128 966 1167 non
1023 1085 1317 1181 provenire
1357 1103 1657 1175 putentur?

2227 1092 2290 1158 ἧς
2322 1093 2384 1144 ὲκ
2409 1091 2504 1143 τοῦ
2533 1089 2740 1158 ἀγαθοῦ
2779 1087 2913 1140 Θεοῦ
2951 1088 3241 1150 ἐπιπνοίας
3291 1101 3352 1138 τε
3378 1085 3474 1137 καὶ
3504 1085 3772 1153 ἀληθείας

2197 1183 2623 1252 πεπληρωμένοι
2660 1180 2956 1250 νομίζοιντ’
2984 1179 3048 1232 ἄν
3079 1197 3094 1245 ;

592 1297 649 1352 Si
675 1296 800 1350 mali
832 1291 1082 1362 principii
1112 1287 1278 1342 Vetus
1337 1293 1422 1339 est
1450 1281 1887 1339 Testamentum,
1961 1286 2096 1338 quo-

2269 1278 2330 1330 Εἰ
2360 1280 2460 1348 τῆς
2501 1278 2745 1345 πονηρᾶς
2790 1271 2858 1346 ἦν
2901 1274 3078 1344 ἀρχῆς
3112 1276 3144 1343 ἠ
3178 1273 3392 1327 Παλαιὰ
3419 1312 3435 1333 ,
3492 1271 3613 1334 πῶς
3638 1273 3784 1344 ὁτὴν

519 1389 682 1442 modo
721 1385 972 1439 Christus
1003 1376 1263 1435 Setvator
1297 1386 1484 1428 noster
1514 1370 1745 1439 gratiam
1802 1380 1924 1420 cum
1978 1364 2096 1432 lege

2227 1371 2358 1440 [ἀριν
2418 1369 2706 1421 συνάπτων
2757 1366 2835 1436 τῷ
2879 1367 3027 1434 νόμῳ
3053 1364 3289 1437 Χριστὸς
3323 1367 3351 1417 ὁ
3382 1364 3574 1433 Σωτὴρ
3630 1364 3784 1432 ἡμῶν

518 1479 853 1548 coniungens
888 1473 1081 1546 :lMulti
1118 1467 1407 1538 prophetae,
1438 1463 1636 1532 inquit,
1664 1470 1709 1513 et
1758 1458 1898 1527 justi
1947 1455 2097 1524 cupi-

2234 1463 2368 1529 έγει,
2395 1462 2618 1515 Πολλοί
2654 1459 2959 1528 προφῆται
2993 1457 3090 1511 καί
3126 1457 3342 1510 δίκαιοι
3394 1457 3784 1525 ἐπεθύμησαν

521 1582 702 1626 verunt
733 1545 925 1632 uidere,
957 1581 1074 1635 qum
1104 1579 1190 1616 vos
1221 1559 1426 1624 videtis,
1455 1565 1505 1608 et
1559 1571 1663 1607 non
1701 1553 1940 1606 viderunt
2004 1548 2025 1578 ¹
2073 1545 2097 1597 ‘i

2227 1553 2350 1606 δεῖν
2382 1554 2420 1606 ᾶ
2454 1553 2631 1617 ἴδετε,
2670 1552 2771 1604 καὶ
2803 1553 2914 1604 οὐκ
2951 1546 3115 1603 εἶδον
3147 1568 3166 1614 ;
3205 1549 3328 1612 Πῶς
3361 1551 3470 1619 γὰρ
3505 1551 3781 1620 ἠθέλησαν

520 1665 632 1719 Cur
671 1662 816 1716 enim
850 1659 1036 1712 videre
1063 1654 1382 1715 voluissent,
1422 1649 1512 1717 qui
1543 1662 1571 1700 a
1617 1645 1755 1699 malo
1781 1649 1988 1704 essent,
2035 1655 2094 1695 ea

2227 1644 2334 1694 δεῖν
2367 1643 2417 1694 oi
2445 1641 2537 1693 τοῦ
2571 1639 2806 1710 πονηροῦ
2841 1641 2908 1692 τὰ
2931 1639 3024 1693 τοῦ
3046 1639 3252 1707 ἀγαθοῦ
3283 1656 3298 1704 ;
3323 1640 3357 1709 ἡ
3387 1640 3498 1710 γὰρ
3522 1639 3787 1710 ἐπιθυμία

523 1771 643 1827 quae
675 1753 800 1810 b0ui
831 1749 1005 1805 sunt?
1045 1746 1176 1801 Boni
1201 1743 1347 1797 enim
1374 1738 1642 1810 cupiditas
1681 1751 1708 1789 a
1742 1737 1884 1789 bono
1921 1733 2102 1786 nasci-

2227 1733 2294 1785 τοῦ
2323 1731 2530 1800 ἀγαθοῦ
2567 1732 2744 1802 ὁρμῆς
2774 1732 2986 1802 ἀγαθῆς
3019 1730 3310 1802 βλάστημα
3340 1733 3479 1784 ἐστι.
3521 1733 3636 1784 Καὶ
3674 1731 3786 1794 πῶς

526 1820 634 1904 tur.
677 1846 743 1900 Et
769 1842 1036 1914 quomodo
1093 1851 1310 1894 rursum
1366 1833 1502 1888 dixit
1564 1845 1579 1883 :
1641 1827 1909 1882 Abraham
1968 1825 2097 1880 vidit

2227 1827 2366 1880 πάλιν
2417 1825 2589 1892 λέγει,
2701 1824 2957 1893 Ἀϐραὰμ
3046 1820 3169 1877 εἶδε
3229 1823 3345 1890 τὴν
3393 1822 3631 1892 ἡμέραν
3681 1823 3787 1889 τὴν

525 1944 666 1997 diem
721 1953 910 2001 neum,
967 1944 1014 1988 et
1087 1932 1295 2002 gavisus
1345 1935 1422 1980 est
1467 1927 1486 1957 ³
1535 1922 1644 1978 ?Si
1695 1922 1839 1976 enim
1903 1918 2104 1974 Christi

2227 1917 2385 1988 ἐμὴν,
2420 1917 2518 1970 καί
2544 1917 2960 1986 ἠγαλλιάσατο
2983 1933 3003 1981 ;
3035 1917 3097 1968 El
3125 1916 3234 1985 γὰρ
3267 1917 3333 1970 τὸ
3357 1916 3511 1969 κατὰ
3533 1917 3787 1983 Χριστέν

526 2035 855 2106 mysterium,
899 2040 950 2083 ut
979 2025 1178 2080 Paulus
1205 2022 1298 2087 ait,
1327 2020 1482 2073 latuit
1515 2016 1798 2099 principes,
1859 2021 1909 2066 et
1958 2021 2104 2080 pote-

528 2143 718 2190 states,
749 2138 794 2182 et
835 2121 1226 2178 dominationes
1280 2115 1324 2182 ‘,
1374 2093 2098 2181 earumqueimperatorem,

527 2240 633 2294 quo
663 2231 821 2292 pacto
853 2216 995 2272 servi
1023 2213 1141 2282 ejus
1176 2208 1558 2283 prmvidissent
1599 2203 1740 2257 diem
1774 2199 1995 2264 Christi,
2049 2206 2103 2251 et

529 2318 696 2386 gavisi
728 2319 914 2370 essent
945 2310 968 2363 ?

600 2476 876 2550 Operariis
910 2468 1208 2540 iniquitatis
1238 2461 1557 2536 gravissima
1609 2458 1846 2514 minatus
1902 2453 2104 2524 suppli-

529 2577 612 2632 cia
649 2547 702 2628 iu
735 2565 1028 2633 dieiudicii
1057 2561 1307 2616 Christus
1359 2555 1632 2625 subjecit:
1675 2551 1809 2606 Cum
1869 2547 2104 2604 videritis

530 2663 798 2718 Abraham
821 2667 868 2712 et
898 2656 1052 2709 Isaac
1091 2660 1138 2705 et
1167 2665 1345 2703 omnes
1373 2649 1652 2715 praphetas
1701 2644 1756 2696 in
1775 2657 1932 2712 regno
1985 2639 2099 2703 Dei,

531 2775 617 2812 vos
684 2765 862 2808 autem
912 2747 1033 2816 ejici
1087 2746 1260 2815 foras;
1313 2749 1363 2794 et
1425 2739 1628 2794 venient
1671 2737 1737 2790 ab
1783 2737 2006 2799 oriente,
2055 2742 2106 2787 et

532 2847 819 2907 occidente,
882 2850 930 2896 et
998 2837 1373 2906 septentrione,
1431 2841 1479 2886 et
1535 2841 1744 2894 austro,
1804 2837 1853 2882 et
1905 2843 2109 2880 recum-

531 2947 647 2996 bunt
680 2940 733 2992 in
755 2951 911 3005 regno
960 2928 1057 2984 Dei
1088 2930 1130 2982 ⁸.
1182 2925 1532 2996 Expelleutur
1590 2923 1751 2990 igitur
1797 2922 2109 2990 quicunque

532 3039 697 3090 vitam
738 3032 801 3085 ad
831 3027 1129 3088 Abraham,
1164 3031 1218 3076 et
1241 3022 1414 3083 lsaac,
1449 3027 1505 3070 et
1536 3015 1728 3080 Jacoh,
1756 3023 1809 3067 et
1867 3011 2107 3084 prophe-

2210 2011 2573 2083 μυστήριον,
2607 2009 2682 2072 ὡς
2708 2013 2736 2063 ὁ
2760 2008 2976 2071 uasto;
3019 2025 3208 2078 φησιν,
3241 2009 3423 2064 ἔλαθε
3446 2011 3556 2075 τὰς
3584 2007 3790 2078 ἀρχὰς,

2215 2105 2313 2159 καί
2335 2105 2444 2170 τὰς
2462 2104 2751 2168 ἐξουσίας
2775 2102 2880 2156 τοῦ
2894 2101 3150 2171 κόσμου,
3175 2102 3271 2156 καί
3289 2101 3434 2168 τοὺς
3451 2101 3790 2170 κοσμοκρὰ-

2215 2212 2417 2264 τορας,
2458 2195 2553 2248 καὶ
2579 2193 2742 2264 αὐτὸν
2790 2192 2856 2260 δὴ
2881 2191 2972 2245 τδν
3002 2191 3241 2262 ἄρχοντα
3275 2190 3506 2256 τούτων,
3551 2190 3719 2242 πόθεν
3745 2190 3791 2241 oi

2219 2286 2548 2356 θεράποντες
2579 2283 2743 2337 αὐτοῦ
2795 2284 3043 2352 προεϊδον
3081 2279 3180 2353 τὴν
3211 2281 3427 2352 ἡμέραν
3476 2280 3668 2344 αὐτοῦ,
3703 2281 3792 2333 καὶ

2217 2378 2619 2450 ἡγαλλιάσαντο
2647 2391 2661 2440 ;

2291 2467 2415 2531 Τοῖς
2437 2465 2706 2536 ἐργάταις
2737 2465 2834 2535 τῆς
2857 2463 3075 2527 ἀδικίας
3104 2463 3410 2534 ἀπειλήσας
3441 2464 3470 2514 ὁ
3512 2461 3703 2530 Σωτὴρ
3730 2463 3794 2512 τα

2219 2553 2585 2628 χαλεπώτατα
2653 2552 2796 2608 κατὰ
2852 2553 2950 2606 τὸν
2970 2551 3160 2624 καιρὸν
3206 2552 3308 2622 τῆς
3361 2552 3623 2622 κρίσεως,

2219 2667 2358 2718 γαγε
2387 2649 2561 2716 λέγων
2581 2664 2595 2678 ο
2617 2648 2803 2700 Ὅταν
2835 2645 3072 2714 ὄψησθε
3105 2642 3384 2714 Ἀϐραὰμ,
3421 2645 3523 2698 καί
3567 2643 3796 2702 Ἰσαὰκ.

2221 2741 2321 2796 καὶ
2391 2740 2612 2804 Ἰακὼϐ,
2659 2738 2762 2792 καὶ
2799 2737 3031 2804 πάντας
3086 2737 3232 2802 τοὺς
3275 2737 3587 2806 προφήτας
3614 2737 3686 2788 ἐν
3724 2735 3798 2803 τῇ

2214 2832 2509 2897 βασιλείᾳ.
2535 2830 2639 2885 τοῦ
2669 2829 2840 2893 Θεοῦ,
2862 2829 3018 2897 ὑμᾶς
3047 2828 3117 2881 δὲ
3151 2827 3631 2896 ἐκϐαλλομένους
3664 2827 3798 2891 ἔξω,

2219 2924 2319 2976 καί
2347 2923 2610 2990 ἥξουσιν
2635 2922 2758 2976 ἀπὸ
2809 2919 3160 2982 Ἀνατολῶν,
3229 2919 3329 2973 καί
3368 2917 3644 2987 Δυσμῶν,
3706 2918 3802 2971 καί

2221 3013 2436 3084 Βορῤᾱ,
2491 3014 2590 3068 καί
2627 3015 2846 3078 Νότου,
2892 3014 2991 3067 καί
3033 3012 3557 3080 ἀνακλιθήσονται
3601 3011 3676 3063 ἐν
3731 3009 3804 3079 τῇ

535 3139 711 3182 tarum
784 3120 1138 3178 imitationem
1191 3128 1296 3168 non
1355 3109 1709 3164 instituerint.
1771 3105 2112 3160 Recumbeut

2227 3107 2512 3172 βασιλείᾳ
2529 3105 2635 3160 τοῦ
2667 3106 2840 3160 Θεοῦ.
2873 3105 3262 3159 Ἐκϐἁλλονται
3285 3105 3383 3173 μὲν
3402 3100 3497 3157 οὖν
3524 3104 3641 3156 ὅσοι
3665 3108 3805 3155 κατὰ

533 3231 713 3275 autem
740 3232 860 3272 cum
889 3215 996 3268 illis
1032 3210 1124 3280 qui
1163 3204 1381 3277 pietatis
1411 3204 1652 3273 ipsorum
1710 3199 1938 3253 studiosi
1993 3197 2110 3248 fue-

2227 3201 2461 3272 μίμησιν
2495 3197 2589 3252 τοῦ
2631 3197 2919 3268 Ἀϐραὰμ,
2952 3197 3044 3250 καὶ
3088 3197 3411 3264 Ίσαὰκ,καὶ
3453 3195 3673 3259 Ἰακὼϐ,
3713 3196 3804 3246 καὶ

534 3312 663 3364 rint.
695 3303 978 3374 Quomodo
1030 3267 1194 3370 igitur
1220 3267 1480 3358 latrones,
1530 3302 1586 3346 et
1641 3289 1810 3349 iures,
1876 3298 1928 3342 et
1994 3284 2116 3339 mali

2227 3293 2328 3345 τῶν
2361 3289 2662 3362 προφητῶν
2683 3291 2790 3344 οὐκ
2822 3290 3272 3355 ἐπολιτεύσαντο,
3325 3289 3806 3344 συνανακλίνονται

537 3403 755 3457 fuerunt
784 3399 948 3462 servi,
977 3397 1068 3466 qui
1107 3407 1274 3462 regno
1305 3381 1395 3444 Dei
1421 3387 1706 3457 potiuntur
1731 3384 1753 3438 ?
1780 3381 1824 3437 Ο
1859 3383 2116 3437 είΐιειιιιιε

2227 3383 2277 3438 δὲ
2311 3383 2525 3449 τούτοις
2581 3384 2633 3437 οι
2666 3381 2911 3454 ζηλωταὶ
2945 3382 3044 3452 τῆς
3105 3381 3390 3444 εὐσεϐείας
3441 3379 3646 3435 αὐτῶν.
3680 3379 3806 3443 Πῶς

535 3511 656 3561 ora,
683 3504 737 3549 et
765 3491 904 3562 patri
961 3485 1228 3542 mendacii
1261 3489 1514 3552 prompte
1539 3478 1852 3538 servientia,
1901 3489 2019 3544 quae
2053 3489 2116 3529 ne

2227 3472 2315 3531 οὖν
2364 3475 2570 3547 λῃσταὶ
2627 3476 2723 3529 καὶ
2769 3475 3002 3529 κλέπται
3084 3474 3181 3527 καὶ
3217 3472 3312 3526 τοῦ
3377 3470 3624 3542 πονηροῦ
3672 3472 3808 3524 εἰσιν

535 3571 784 3641 ardorem
815 3582 1034 3652 quidem
1068 3574 1446 3638 reformident,
1484 3587 1594 3642 quo
1645 3571 1944 3639 gaudentes
1996 3581 2116 3620 eum

2227 3570 2497 3640 ὑπηρέται
2526 3569 2576 3621 οἱ
2612 3568 2715 3637 τῆς
2744 3567 2840 3620 τοῦ
2872 3567 3012 3621 Θεοῦ
3053 3565 3340 3637 βασιλείας
3388 3563 3760 3626 ἀπολαύοντες
3794 3580 3811 3626 ;

537 3678 808 3736 Abraham
835 3650 1247 3744 separabuutur
1282 3668 1352 3722 ab
1417 3667 1485 3722 iis
1530 3664 1624 3734 qui
1695 3665 1746 3716 in
1805 3660 2116 3715 fornacibus

2231 3662 2297 3715 Ὠ
2326 3660 2618 3730 στομάτων
2649 3657 2978 3721 ἀπυλώτων,
3017 3650 3113 3711 καὶ
3161 3657 3240 3726 τῷ
3261 3657 3430 3727 πατρὶ
3458 3655 3554 3710 τοῦ
3581 3654 3811 3724 ψεύδους

538 3774 852 3841 punientur.
2231 3751 2468 3823 ἑτοίμως
2523 3750 3008 3822 ὑπηρετουμένων,
3072 3749 3169 3802 καὶ
3209 3747 3348 3819 μηδὲ
3373 3748 3434 3801 τὸ
3474 3748 3668 3817 χάσμα
3717 3764 3810 3798 πει

541 3872 816 3944 φρικότων
843 3865 904 3920 τὸ
937 3861 1260 3934 διατειχίζον
1298 3856 1423 3922 τοὺς
1451 3873 1590 3928 μετα
1638 3854 1732 3908 τοῦ
1775 3851 2028 3925 Ἀϐραὰμ
2063 3850 2526 3923 εὐφραινομένους
2576 3849 2684 3902 ἀπὸ
2718 3847 2828 3902 τῶν
2859 3848 2916 3900 ὲν
2947 3847 3068 3910 ταῖς
3101 3844 3359 3916 βασάνοις
3397 3840 3809 3913 κολαζομένωνε

612 3990 752 4044 Alibi
789 4001 1005 4040 rursum
1083 3981 1343 4036 Servatur
1403 3978 1471 4032 iis
1519 3976 1610 4046 qui
1665 3990 1787 4029 cum
1851 3972 2116 4027 Abraham

2310 3969 2572 4040 ’Δλλαχοῦ
2632 3968 2798 4023 πάλιν
2823 3969 2852 4022 ὁ
2875 3967 3070 4037 Σωτὴρ
3099 3966 3212 4027 τοῖς
3238 3963 3367 4036 περὶ
3408 3962 3668 4034 ’Δϐραὰμ
3709 3961 3814 4032 τὴν

541 4091 725 4147 erunt,
781 4077 933 4149 regni
987 4075 1250 4130 caelorum
1321 4071 1566 4140 assignat
1607 4066 2012 4131 hereditatem,
2071 4071 2116 4118 et

2230 4061 2512 4132 βασιλείαν
2529 4063 2638 4114 τῶν
2669 4059 2921 4132 οὐρανῶν
2943 4060 3022 4122 είς
3049 4057 3254 4129 κλῆρον
3265 4055 3546 4126 ἀφορίζει,
3569 4056 3668 4110 καὶ
3692 4072 3815 4109 συν-

542 4192 666 4232 cum
697 4173 803 4228 illis
818 4170 1048 4226 collocat
1067 4166 1440 4220 manda-turum
1459 4175 1682 4215 suorum
1700 4159 2080 4214 observatores
2107 4171 2116 4211 :

2227 4155 2416 4209 τάττει
2447 4153 2658 4216 τούτοις
2707 4155 2837 4216 τοὺς
2883 4150 3135 4221 φύλακας
3180 4149 3291 4203 τῶν
3343 4146 3547 4202 ἑαυτοῦ
3578 4163 3816 4216 προστα-

542 4268 723 4332 Multi,
752 4265 1027 4333 inquiens,
1055 4261 1255 4312 venient
1283 4256 1348 4310 ab
1376 4255 1604 4318 oriente,
1635 4263 1683 4306 et
1722 4251 2021 4312 occidente,
2073 4259 2116 4302 et

2227 4248 2474 4315 γμὰτων.
2523 4246 2662 4315 Φησὶ
2700 4243 2830 4311 γὰρ,
2878 4243 2962 4295 ὅτι
3009 4239 3238 4294 Πολλοί
3285 4238 3404 4293 ἀπὸ
3470 4234 3813 4291 Ἀνατολῶν

546 4327 843 4416 recumbeni
899 4370 1016 4407 cum
1068 4350 1362 4411 Abraham,
1416 4357 1466 4401 et
1513 4345 1694 4409 Isaae,
1754 4355 1802 4398 et
1851 4342 2017 4397 Iacob
2064 4343 2116 4397 in

2232 4339 2328 4392 καί
2371 4335 2626 4406 Δυσμῶν
2673 4335 2918 4401 ἥξουσι,
2953 4332 3053 4387 καί
3091 4328 3619 4398 ἀνακλιθήσονται
3671 4327 3818 4392 μετὰ

547 4469 710 4524 regno
768 4447 1018 4503 caelorum
1051 4445 1094 4498 ‘.
1137 4451 1376 4498 hoccine
1435 4439 1711 4510 praemium
1759 4437 1868 4491 illis
1925 4433 2116 4490 consti-

2245 4431 2523 4498 Ἁϐραάμ,
2581 4427 2788 4482 Ἰσαὰκ
2815 4466 2830 4491 ,
2880 4430 2980 4480 καί
3033 4422 3233 4477 Ἰακὼϐ
3277 4421 3348 4474 ἐν
3403 4418 3482 4488 τῇ
3524 4419 3815 4484 ,βασιλείᾳ

551 4511 672 4609 luit,
706 4557 736 4596 ε
781 4536 1262 4609 quibuscognitus
1283 4544 1369 4588 est
1420 4531 1715 4587 ?Hovcine
1768 4543 1968 4582 munus
2034 4525 2116 4580 ille

2229 4523 2352 4576 τῶν
2380 4515 2678 4589 οὐρανῶν.
2716 4513 2785 4571 *Α
2798 4535 2866 4588 ρα
2897 4517 3004 4585 γὰρ
3033 4514 3193 4568 τοῦτο
3221 4511 3466 4566 ἔπαθλον
3498 4512 3615 4572 τοῖς
3647 4513 3813 4571 ὲπεγο

548 4629 834 4699 elargitur,
887 4626 980 4694 qui
1007 4639 1129 4678 sese
1161 4621 1652 4676 innumerabilibus
1680 4617 2046 4672 incommodis
2072 4626 2128 4671 et

551 4721 711 4775 morti
777 4727 998 4787 propter
1062 4714 1240 4783 ipsqu
1301 4709 1638 4772 obtulerunt,
1731 4715 1788 4759 ut
1834 4721 1954 4759 cum
2000 4703 2130 4758 mali

548 4814 742 4876 servis,
777 4809 1042 4878 siquidem
1095 4804 1215 4877 elus
1267 4813 1397 4858 sunt
1456 4801 1620 4865 servi,
1677 4798 1768 4868 qui
1827 4798 1879 4851 in
1945 4795 2130 4850 Veteri

549 4909 771 4960 l'ueruut
833 4903 1205 4964 Testamento,
1276 4897 1482 4958 vivant,
1536 4903 1592 4947 et
1642 4900 2011 4951 minuerentur,
2075 4897 2131 4942 ct

550 4994 989 5066 congregemur?
1015 4993 1152 5058 Quis
1175 4989 1362 5044 audire
1418 4995 1582 5056 queat
1631 4986 1766 5046 haec,
1811 4983 1902 5052 qui
1967 4978 2132 5035 verba

551 5093 734 5144 divina
823 5088 1019 5141 solitus
1077 5085 1150 5137 sit
1197 5085 1384 5137 audire
1439 5079 1462 5132 Ἰ
1525 5079 1798 5134 Praeterea
1855 5074 2131 5145 quomodo

552 5181 728 5235 Moses
780 5190 834 5232 et
897 5178 1045 5232 Elias
1098 5176 1150 5229 in
1202 5173 1679 5242 transﬁguratione
1726 5167 1826 5222 visi
1883 5176 2027 5230 sunt,
2076 5177 2133 5218 et

553 5290 674 5328 cum
705 5273 822 5343 ipso
850 5270 1302 5340 colloquebautur
1325 5278 1488 5342 atque
1525 5265 1800 5335 fulgebant
1825 5263 1847 5316 ?

622 5459 1043 5515 Sadducmorum
1080 5453 1365 5510 stultitiam
1393 5450 1798 5520 reprehendens
1849 5448 2130 5512 Servator,

555 5554 644 5625 qui
678 5557 744 5607 de
790 5552 902 5616 illa,
940 5565 1058 5619 quin
1094 5555 1301 5618 septem
1360 5545 1591 5600 fratrum
1629 5558 1768 5596 uxor
1808 5542 2123 5606 exstiterat,

556 5645 890 5715 quaerebant,
923 5641 1076 5710 cujus
1107 5649 1253 5696 esset
1293 5638 1500 5702 futura,
1556 5633 1830 5704 simulque
1881 5643 2127 5688 mutuum

632 5820 646 5847 ¹
683 5816 1009 5882 Mat‘c.t,l7.
1067 5819 1086 5848 ²
1120 5817 1244 5871 Luc.
1289 5815 1446 5882 χλι,

725 5817 1009 5936 ῊὋΛΛἹ.
1067 5819 1086 5848 ¹
1120 5817 1244 5871 Luc.
1289 5815 1446 5882 utﬁt.
1553 5813 1767 5880 'Joan.
1802 5826 1918 5873 vni,
1983 5811 2069 5864 56.

565 5902 682 5948 Vill,
725 5902 806 5936 ιι.

2176 5807 2195 5838 ⁸
2248 5807 2403 5860 Rom.
2442 5817 2563 5868 xt't,
2635 5803 2726 5857 25.

2227 4615 2460 4668 νωκόσιν
2491 4611 2679 4676 αὐτὸν,
2711 4609 2807 4664 καὶ
2840 4609 3015 4679 μυρία
3056 4603 3390 4659 πεπονθόσιν
3415 4601 3561 4672 ὑπὲρ
3595 4598 3763 4654 αὐτοῦ
3793 4615 3809 4662 ;

2227 4707 2399 4761 Ίόῦτο
2427 4705 2599 4776 δῶρον
2625 4704 2736 4766 τοῖς
2760 4703 2876 4755 ὅσοι
2894 4700 2995 4764 τὰς
3023 4697 3244 4768 σφαγὰς
3275 4694 3343 4750 δι’
3370 4695 3536 4751 αὐτὸν
3556 4693 3810 4762 ὑπέσχον,

2232 4799 2294 4853 τὸ
2332 4795 2473 4868 μετὰ
2497 4795 2609 4850 τῶν
2645 4793 2999 4864 θεραπόντων
3025 4790 3120 4844 τοῦ
3151 4787 3396 4860 πονηροῦ
3423 4787 3521 4841 καὶ
3546 4788 3806 4844 συνεῖναι,

2238 4892 2336 4945 καὶ
2358 4888 2836 4961 συναριθμεῖσθαι,
2867 4884 2963 4938 καὶ
2993 4881 3486 4951 συναγελάζεσθαι,
3513 4881 3570 4931 εἴ
3596 4896 3659 4948 γε
3728 4874 3811 4928 τοῧ

2241 4984 2480 5055 πονηροῦ
2509 4981 2844 5052 θεράποντες
2869 4980 2918 5031 οἱ
2944 4979 3043 5048 τῆς
3068 4977 3306 5040 παλαιᾶς
3362 4973 3666 5037 πολιτείας;
3713 4972 3816 5024 Καὶ

2242 5077 2372 5130 ποία
2394 5076 2569 5130 ταῦτα
2594 5075 2660 5128 ἂν
2683 5073 2927 5140 ἀνέξοιτο
2975 5071 3118 5139 ἀκοὴ
3173 5067 3436 5140 ῥημάτων
3458 5066 3621 5120 θείων
3650 5062 3815 5131 ἀκοὴν

2242 5171 2380 5232 ὅλως
2412 5168 2613 5238 ἔχουσα
2643 5183 2657 5231 ;
2699 5165 2823 5226 Πῶς
2848 5163 2904 5215 δὲ
2934 5163 3030 5215 καὶ
3055 5160 3282 5230 Μωσῆς,
3311 5161 3408 5213 καὶ
3450 5157 3642 5219 Ἠλίας
3685 5155 3820 5208 κατὰ

2241 5263 2340 5330 τὴν
2395 5260 2824 5331 μεταμόρφωσιν
2884 5253 3152 5323 ὤφθησαν
3221 5249 3612 5321 συμπαρέντες
3651 5245 3818 5313 αὐτῷ,

2244 5373 2336 5407 και
2369 5353 2760 5422 διομιλοῦντες,
2793 5351 2888 5403 καὶ
2915 5347 3422 5418 συναστράπτοντες
3448 5359 3466 5409 ;

2319 5445 2624 5515 Διελέγχων
2657 5447 2684 5496 ὁ
2719 5442 2912 5512 Σωτὴρ
2943 5441 3042 5509 τὴν
3073 5438 3262 5491 ἄνοιαν
3297 5437 3406 5490 τῶν
3439 5429 3820 5488 Σαδδουκαίων

2243 5538 2351 5592 τῶν
2385 5535 2634 5608 περὶτῆς
2660 5536 2789 5606 μιᾶς
2817 5531 3078 5602 γυναικὸς
3109 5531 3220 5583 τῶν
3245 5528 3387 5582 ἑπτὰ
3418 5524 3666 5594 ἀδελφῶν
3697 5523 3819 5573 ἑπε-

2245 5631 2628 5705 ρωτησάντων,
2652 5629 2749 5681 καὶ
2775 5626 2891 5698 ἅμα
2907 5624 3002 5680 τοῦ
3027 5623 3198 5693 νόμου
3229 5623 3324 5674 καὶ
3368 5620 3465 5690 τῆς
3486 5618 3703 5690 χάριτος
3727 5610 3818 5678 τὴν

2821 5803 3008 5878 “lue.
3068 5813 3185 5860 xut,
3236 5795 3327 5861 28,
3385 5797 3477 5849 29.
3581 5789 3792 5842 ‘ﬂaun
