4044 6290
266 417 394 482 1233

1226 427 1595 488 PANOPLIA
1637 431 2087 492 DOGMATICA.
2123 457 2189 467 -
2225 433 2371 492 TlT.
2409 433 2614 496 XXIV.

3374 433 3509 496 i231

259 531 432 586 ταῦτα
475 532 778 602 πανδήμοις
813 535 1057 605 ὄμμασιν
1091 537 1306 607 ἑωρᾶτο
1337 536 1678 608 τελούμενα;
1713 540 1837 604 Πῶς

1949 541 2188 596 cerdotcs
2224 539 2408 602 mittit,
2441 539 2638 609 iubens
2694 549 2750 592 ut
2799 547 2926 592 eant
3001 548 3056 592 et
3107 539 3394 593 ostendant
3445 557 3509 596 se

261 624 310 676 δὲ
355 623 384 675 6
427 624 622 695 Σωτὴρ
659 625 817 694 ἡμῶν
863 627 990 690 τοὺς
1033 626 1268 697 λεπροὺς
1307 631 1517 700 ῥήματι
1557 632 1834 702 καθαίρων

270 715 398 786 πρὸς
425 717 549 779 τοὺς
584 718 643 769 ὲν
682 719 831 788 νόμῳ
859 720 1024 789 ἱερεῖς
1051 719 1142 774 τού
1155 739 1274 786 τους
1300 723 1622 787 ἀπέστελλε,
1667 742 1832 792 προσ.

1945 632 2071 697 illis,
2095 632 2238 687 sicut
2268 631 2354 684 lex
2380 631 2644 700 praecipit,
2683 640 2736 683 et
2774 629 2915 698 quod
2967 629 3184 699 gravius
3220 637 3322 692 est,
3377 630 3510 684 οπε-

1943 735 2070 780 rant
2099 717 2315 791 munus,
2348 736 2406 778 ut
2434 723 2613 780 Moses
2639 723 2868 778 instituit
2895 723 2953 775 ἱ)-

258 814 458 868 τάττων
497 813 746 878 ἀπιέναι,
783 815 876 868 καὶ
917 816 1281 872 ἐπιδεικνύναι
1313 819 1523 886 τούτοις
1556 822 1818 886 ἑαυτοὺς,
1877 821 1952 884 ὡς
1983 824 2011 874 6
2045 823 2209 892 νόμος
2265 821 2487 875 ἐκέλευε
2515 861 2531 886 ,
2587 819 2683 874 καὶ
2712 819 2771 872 τὸ
2807 821 3180 893 ἰσχυρότερον,
3220 839 3517 894 προσενεγ-

264 908 371 962 κεῖν
401 907 460 960 τὸ
490 904 686 976 δῶρον,
711 905 785 970 ὡς
815 908 842 960 6
874 906 1074 980 Μωσῆς
1104 910 1384 978 διετάξατο
1409 930 1425 980 ;

339 996 398 1048 ’0
443 993 728 1058 θεσπέσιος
774 997 987 1060 Παῦλος
1020 999 1120 1062 τὰς
1160 1001 1507 1071 προφητικάς
1542 1001 1832 1073 διαγορεύ-

261 1106 370 1150 σεις
399 1089 479 1152 εἰς
513 1089 820 1160 μαρτυρίαν
845 1090 1194 1161 ὲκτιθέμενὸς
1219 1111 1410 1164 φησιν,
1450 1093 1598 1149 Ἰδοὺ
1619 1096 1832 1164 ἡμέραι

259 1182 552 1250 ἔρχονται,
589 1181 754 1250 λέγει
791 1183 1026 1250 Κύριος,
1064 1184 1163 1237 καί
1199 1187 1550 1240 συντελέσω
1592 1187 1691 1240 ἐπὶ
1728 1187 1834 1240 τὸν

260 1271 422 1328 οἷκον
459 1274 699 1342 Ἰσραὴλ
722 1275 816 1327 καὶ
852 1276 952 1328 ἐπὶ
976 1275 1081 1329 τὸν
1101 1273 1269 1331 οἶκον
1318 1279 1504 1333 Ἰούδα
1535 1279 1829 1346 Alcimum

261 1363 492 1432 καινὴν,
526 1366 598 1416 οὺ
627 1365 775 1418 κατὰ
809 1366 924 1432 τὴν
953 1367 1270 1436 Διαθήκην,
1310 1366 1389 1436 ἢν
1423 1370 1681 1436 ἐποίησα
1713 1370 1834 1435 τοῖς

261 1460 554 1523 πατράσιν
573 1458 772 1512 αὐτῶν
792 1460 863 1512 ἐν
894 1462 1083 1529 ἠμέρςι
1117 1463 1553 1532 ἐπιλαϐομένου
1574 1485 1692 1535 μου
1724 1465 1834 1534 τῆς

263 1550 452 1618 χειρὸς
474 1549 672 1604 αὐτῶν
697 1551 1012 1620 ἐξαγαγεῖν
1040 1557 1265 1621 αὐτοὺς
1295 1556 1362 1620 ἐξ
1383 1558 1708 1626 Αἰγύπτου.
1735 1559 1837 1612 “liv

262 1643 513 1711 ἐποίησα,
553 1645 739 1712 φησιν,
772 1643 888 1696 ἀλλ’
919 1646 1017 1715 οὐχ
1060 1647 1088 1698 6
1112 1649 1366 1718 πονηρὸς,
1401 1648 1473 1712 ὡς
1520 1652 1583 1704 σὺ
1634 1650 1837 1719 λέγεις.

263 1736 413 1804 Εἶτα,
458 1738 634 1793 Αὐτοὶ
665 1742 778 1793 οὐκ
809 1739 1123 1809 ἐνέμειναν
1168 1743 1238 1797 ἐν
1276 1743 1348 1812 τῇ
1398 1745 1665 1814 Atad-titan
1694 1764 1836 1815 μου,

265 1830 422 1898 κάγὼ
463 1830 745 1900 ἠμέλησα
781 1833 1000 1887 αὐτῶν.
1049 1836 1143 1898 Τίς
1192 1837 1218 1887 6
1255 1836 1460 1905 λέγων;
1519 1837 1586 1892 Ὀε
1630 1839 1836 1908 Κύριός
1868 1867 1920 1927 Β

265 1943 448 1992 φησιν,
504 1927 620 1980 ἀλλ’
671 1928 768 1998 οὐχ
814 1930 842 1981 6
891 1931 1146 2000 πονηρᾶς,
1209 1931 1439 2000 Ἐπάγει
1495 1933 1626 2003 γὰρ,
1671 1935 1831 2002 Αὕτη

264 2016 300 2081 ἡ
329 2016 588 2081 Διίθήκη
621 2013 699 2084 ἦν
723 2017 1085 2088 διαθήσομαι
1114 2021 1192 2087 τῷ
1228 2023 1371 2088 οἴκῳ
1415 2025 1665 2093 Ἰσραὴλ
1685 2028 1835 2095 μετὰ

265 2107 362 2173 τὰς
413 2108 634 2176 ἡμέρας
683 2110 938 2177 ἐκείνας,
987 2115 1150 2181 λέγει
1200 2117 1434 2183 Κύριος.
1468 2119 1838 2187 Διαθήσομιι

263 2197 393 2265 ἐγὼ,
435 2202 546 2254 οὐκ
572 2200 782 2268 ἄλλος.
817 2206 1180 2272 Διαθήσομαι
1207 2207 1322 2275 ἐγὼ
1354 2209 1465 2276 τὴν
1488 2194 1739 2277 Καινὴν,
1771 2213 1839 2278 ὃς

265 2291 540 2361 διεθέμην
591 2296 685 2348 καὶ
723 2297 837 2359 τὴν
878 2301 1170 2352 Παλαιὰν.
1224 2301 1383 2371 Ὁρᾷς
1424 2302 1539 2364 πῶς
1587 2303 1699 2356 ἄνω
1746 2307 1838 2357 καὶ

271 2387 420 2438 κάτω
449 2387 540 2438 τὶν
573 2389 734 2440 αὑτὸν
765 2391 858 2442 καὶ
889 2390 989 2458 τῆς
1022 2392 1277 2453 παλαιᾶς.
1312 2393 1407 2446 καὶ
1435 2398 1533 2466 τῆς
1565 2399 1689 2458 νέας
1719 2401 1843 2450 Δια-

264 2476 435 2547 θήκης
471 2480 770 2550 νομοθέτην
807 2482 833 2534 ὁ
875 2483 1085 2548 Παῦλος
1117 2487 1391 2556 ἀνυμνεῖ;

336 2568 485 2636 Μηδὲ
518 2569 616 2641 τὴν
647 2572 846 2626 ἄθυτον
881 2576 976 2627 καὶ
1007 2575 1324 2647 θαυμασίαν
1367 2581 1617 2652 Ἀϐραὰμ
1649 2583 1841 2637 θυσίαν

267 2661 669 2736 παραδράμῃς,
707 2663 846 2718 Θεοῦ
889 2667 988 2736 μὲν
1036 2669 1439 2738 ὲκζητήσαντος
1471 2674 1711 2742 ταύτην,
1747 2677 1841 2730 καὶ

265 2752 364 2822 τὴν
388 2754 616 2823 γνώμην
634 2756 1064 2828 ἀποδεξαμένου,
1087 2760 1182 2814 τοῦ
1202 2761 1257 2816 δὲ
1281 2764 1576 2834 προθύμως
1601 2767 1843 2820 πεισθὲν·

267 2858 378 2907 τος,
416 2843 510 2895 καὶ
539 2845 599 2897 ού
630 2847 945 2912 πεισθέντος
981 2849 1146 2919 μόνον
1169 2892 1182 2915 ,
1222 2853 1360 2905 ἀλλὰ
1391 2855 1483 2907 καὶ
1515 2857 1842 2911 πιστεύσαν-

269 2950 382 2997 τος,
417 2936 499 2987 ὅτι
531 2936 755 3000 δυνατός
799 2939 944 2993 ἐστιν
971 2941 998 2993 6
1029 2942 1159 3005 Θεὸς
1204 2946 1296 2997 καὶ
1331 2947 1558 3015 νεκροὺς
1608 2948 1840 3020 ἐγεῖραι.

271 3026 371 3077 Διὰ
395 3025 553 3080 τοῦτο
575 3028 850 3098 λογίζεται
877 3031 1026 3103 αύτῷ
1049 3035 1128 3096 εἰς
1150 3033 1519 3107 δικαιοσύνην.
1550 3037 1623 3091 Τδ
1652 3056 1844 3110 πατρι-

269 3121 365 3172 κὸν
394 3119 448 3173 δὲ
480 3121 700 3191 ἀξίωμα
746 3124 806 3176 ού
837 3125 979 3179 κατὰ
1004 3126 1105 3195 τῆς
1126 3126 1246 3180 τότε
1285 3128 1442 3196 μόνον
1466 3132 1681 3198 γενεᾶς,
1709 3132 1844 3186 ἀλλὰ

2005 999 2168 1056 Divus
2199 999 2396 1056 Paulus
2433 1001 2778 1071 propheticas
2813 1001 3192 1069 praedictiones
3251 1003 3302 1058 in
3361 1008 3518 1063 testi-

1932 1091 2171 1145 m0nium
2203 1089 2474 1148 adducens
2512 1104 2525 1140 :
2596 1089 2749 1155 Ecce,
2801 1090 2998 1159 inquit,
3044 1095 3257 1147 ueniunt
3299 1095 3429 1159 dies,
3467 1106 3518 1152 et

1931 1180 2301 1236 consummabo
2327 1196 2483 1247 super
2512 1181 2730 1236 domum
2762 1181 2953 1247 Israel,
2976 1193 3027 1237 et
3070 1202 3227 1255 super
3297 1189 3512 1244 domum

1934 1272 2104 1326 David
2115 1272 2121 1278 ’
2148 1272 2746 1339 testamentumznovum
2768 1288 2870 1326 non
2889 1272 3050 1342 juxta
3105 1287 3472 1334 testamentum
3503 1324 3514 1345 ,
3572 1323 3576 1326 ν

1931 1367 2068 1434 quod
2111 1363 2208 1422 feci
2237 1365 2473 1430 patribus
2498 1380 2676 1417 eorum
2701 1367 2755 1418 in
2777 1365 3016 1428 die.cum
3047 1372 3366 1438 apprehendi
3401 1390 3486 1426 ma

1935 1470 2055 1506 num
2081 1453 2343 1522 ipsorum,
2376 1465 2424 1508 et
2452 1453 2611 1508 eduxi
2662 1470 2745 1508 eos
2784 1469 2849 1508 ea:
2880 1453 3076 1527 Αῖρῃιο
3105 1458 3145 1512 ¹.
3201 1458 3353 1523 Quod
3395 1460 3518 1528 feci,

1936 1543 2131 1611 inquit,
2175 1559 2274 1614 ego
2313 1546 2596 1613 nimirum,
2644 1561 2748 1600 non
2780 1555 2958 1602 autem
2991 1549 3183 1615 malus,
3225 1559 3281 1604 ιιι
3325 1562 3381 1606 ιιι
3432 1553 3520 1605 di-

1936 1637 2036 1690 cis.
2066 1637 2271 1692 Deinde
2297 1657 2310 1692 :
2339 1638 2451 1708 Ipsi
2472 1656 2578 1695 non
2611 1652 2915 1696 manserunt
2947 1643 3000 1697 in
3027 1653 3335 1698 testamento
3383 1661 3520 1709 meo,

1938 1737 1984 1780 et
2014 1744 2107 1797 ego
2134 1729 2335 1798 neglexi
2365 1745 2474 1789 eos.
2497 1729 2631 1797 Quis
2663 1733 2748 1787 ltic
2769 1732 3043 1802 loquitur?
3097 1735 3384 1799 Dominus,
3449 1752 3520 1790 an

1945 1822 2159 1877 malus?
2187 1823 2443 1879 Dominus
2469 1827 2674 1893 utique.
2694 1825 2859 1880 Addit
2888 1827 3031 1881 enim
3063 1845 3077 1881 :
3104 1825 3215 1880 Hoc
3242 1836 3522 1882 testamen-

1945 1915 2217 1983 tum,quod
2239 1931 2431 1982 ponam
2460 1917 2638 1970 domui
2679 1915 2897 1970 Israelis
2928 1926 3040 1985 post
3060 1918 3172 1972 dies
3201 1917 3318 1971 illos
3339 1958 3355 1981 ,
3395 1918 3522 1970 dicit
3575 1965 3585 1973 .

1945 2005 2224 2062 Dominus.
2282 2005 2490 2061 Ponam
2515 2024 2631 2077 ego,
2655 2019 2701 2062 et
2731 2025 2836 2062 non
2864 2007 3026 2062 alius.
3059 2007 3262 2062 Portam
3284 2025 3376 2076 ego
3429 2025 3522 2064 no-

1945 2111 2084 2160 rum,
2101 2096 2190 2166 qui
2206 2097 2358 2164 posui
2384 2106 2431 2150 et
2465 2104 2608 2152 vetus
2658 2100 2703 2153 ³.
2735 2097 2917 2158 Vides.
2947 2096 3222 2168 quomodo
3256 2113 3416 2168 supra
3469 2109 3541 2154 es

1945 2185 2086 2242 infra
2113 2186 2365 2242 eumdem
2413 2197 2527 2242 tum
2573 2186 2806 2253 Veteris,
2871 2198 2981 2243 tum
3024 2188 3161 2243 Novi
3216 2190 3528 2245 tatameuti

1949 2279 2144 2336 Paulus
2168 2289 2444 2335 auctorem
2473 2279 2744 2335 celebret?

2021 2571 2206 2639 Neque
2239 2585 2366 2626 vero
2392 2573 2766 2627 admirabilem
2798 2571 3032 2629 Ain-alta:
3093 2574 3373 2632 victimam
3415 2591 3522 2632 non

1951 2663 2282 2718 immolatam
2312 2662 2528 2719 silentio
2582 2663 2930 2732 praeterieris.
2976 2662 3128 2719 Hanc
3178 2664 3321 2718 enim
3385 2664 3528 2721 Deus

1951 2755 2262 2821 postulavit,
2290 2765 2344 2808 et
2375 2755 2613 2808 animam
2646 2753 2925 2810 oil‘erentis
2952 2755 3272 2825 complexus
3304 2767 3403 2811 est.
3434 2756 3524 2810 llic

1951 2858 2126 2904 autem
2177 2863 2281 2904 non
2353 2849 2525 2904 solum
2594 2851 2792 2920 paruit,
2845 2865 3027 2904 verum
3062 2851 3226 2905 etiam
3271 2851 3522 2912 credidit,

1952 2939 2116 2994 Deum
2172 2939 2336 2994 etiam
2397 2953 2554 3009 posse
2610 2950 2849 2995 mortuos
2896 2940 2948 2994 in
3010 2941 3175 2995 vitam
3246 2956 3550 3002 revocare..

1950 3030 2156 3086 Idcirco
2189 3039 2494 3100 reputatutn
2529 3041 2609 3085 est
2642 3031 2715 3085 illi
2780 3032 2847 3085 ad
2899 3033 3188 3098 justitiam,
3250 3036 3525 3102 patrisque

1954 3138 2148 3178 nomen
2174 3123 2400 3194 accepit,
2442 3139 2546 3178 non
2575 3123 2720 3178 illius
2757 3133 2965 3179 tantum
2997 3125 3388 3194 generationis,
3422 3129 3516 3184 sed

271 3211 368 3263 καὶ
389 3212 497 3266 τῶν
524 3214 662 3282 μετὰ
686 3214 858 3269 ταῦτα
881 3216 1172 3286 λαμϐάνει,
1198 3219 1380 3283 καθὼς
1401 3220 1732 3292 γέγραπται,
1766 3225 1846 3278 ὅτι

1951 3211 2178 3264 aliarum
2209 3211 2393 3278 etiam,
2423 3226 2544 3280 quae
2566 3219 2694 3265 sunt
2719 3221 3046 3277 consecutae,
3083 3210 3224 3266 sicut
3263 3215 3523 3281 scriptum

272 3303 503 3372 Πατέρα
532 3306 776 3360 πολλῶν
813 3307 1004 3362 ἐθνῶν
1055 3309 1286 3363 τέθεικά
1325 3329 1418 3375 σε,
1456 3314 1741 3369 κατέναντι
1788 3309 1848 3370 οὗ

273 3395 563 3449 ἐπίστευσε
593 3398 746 3451 Θεοῦ.
788 3401 893 3452 Καὶ
961 3401 1202 3471 πρόσχες
1249 3403 1494 3472 ἀκριϐῶς
1530 3407 1676 3468 τίνος
1703 3407 1850 3476 λέγει

273 3485 435 3540 Θεοῦ.
477 3487 702 3557 Ἐπάγει
735 3489 843 3562 γὰρ
866 3492 1136 3545 διδάσκων
1159 3495 1185 3546 6
1213 3494 1443 3558 Παῦλος,
1473 3496 1553 3548 ὄτι
1581 3497 1686 3551 τοῦ
1716 3496 1848 3558 ζωο-

275 3577 604 3646 ποιοῦντας
669 3583 809 3648 τοὺς
864 3583 1154 3650 νεκροὺς,
1222 3586 1320 3638 καὶ
1387 3587 1724 3653 καλοῦντος
1783 3591 1852 3644 τὰ

264 3669 356 3737 μὴ
390 3670 533 3725 ὄντα
562 3673 640 3736 ὠς
669 3672 834 3728 ὄντα.
869 3674 980 3727 Καὶ
1013 3673 1198 3741 πάλιν,
1236 3678 1338 3740 Είς
1366 3675 1434 3731 δὲ
1464 3679 1577 3747 τὴν
1605 3679 1852 3749 ἐπαγγε-

270 3763 419 3816 λίαν
443 3764 546 3818 τοῦ
577 3765 723 3819 Θεοῦ
741 3768 810 3820 οὺ
828 3767 1096 3835 διεκρίθη
1123 3767 1194 3836 τῇ
1217 3769 1628 3838 timor/mil?
1651 3773 1852 3828 ὲνεδυ·

269 3853 515 3922 ναμώθη
548 3853 623 3922 τῇ
649 3857 868 3924 πίστει,
899 3857 1046 3924 δοὺς
1076 3857 1267 3924 δόξαν
1299 3859 1380 3924 τῷ
1408 3862 1548 3927 Θεῷ.
1577 3863 1741 3936 Ὁρᾷς
1770 3867 1850 3929 τίς

267 3939 342 4013 ἦν
371 3946 400 3998 6
429 3945 486 3997 ἐν
522 3946 672 4016 νόμῳ
707 3947 800 4001 καὶ¹
825 3952 1135 4019 προφήταις
1161 3951 1425 4022 λαλήσας,
1455 3953 1537 4007 ὅτι
1567 3955 1666 4009 οὐκ
1695 3956 1852 4020 ἄλλος

270 4037 428 4109 παρα
459 4039 550 4092 τὸν
581 4042 956 4112 χαρισάμενον
992 4045 1125 4114 ἡμῖν
1155 4044 1254 4115 τὴν
1286 4046 1450 4115 χάριν
1472 4087 1486 4110 ,
1523 4047 1637 4100 ἀλλ’
1663 4049 1848 4112 αὑτός.

269 4130 504 4199 Ἐπάγει
525 4132 654 4202 γὰρ,
681 4135 802 4186 Οὐκ
823 4135 1050 4206 ἐγράφη
1068 4135 1135 4189 δὲ
1153 4136 1228 4190 δι’
1246 4139 1436 4194 αὐτὸν
1451 4142 1664 4208 μόνον,
1693 4142 1853 4198 ἀλλὰ

270 4221 371 4275 καὶ
395 4221 468 4275 δι’
495 4222 672 4292 ἡμᾶς,
693 4218 784 4289 οἷς
799 4224 1010 4294 μέλλει
1038 4225 1376 4296 λογίζεσθαι
1395 4229 1520 4296 τοῖς
1537 4235 1854 4289 πιστεύου-

271 4330 381 4366 σιν
429 4314 528 4368 ἐπὶ
565 4316 672 4368 τὸν
719 4317 938 4382 Κύριον
979 4318 1149 4387 ἡμῶν
1203 4320 1438 4386 Ἰησοῦν
1476 4325 1734 4390 Χριστὸν
1783 4326 1852 4380 ἐκ

273 4407 528 4474 νεκρῶν.
574 4407 788 4462 Οὐκοῦν
827 4412 854 4463 ὁ
903 4411 1120 4482 Πατέρα
1165 4412 1374 4467 πολλῶν
1411 4413 1580 4469 ἐθνῶν
1627 4417 1850 4487 θέμενος

270 4498 369 4550 τδν
407 4499 678 4570 Ἀδραὰμ,
709 4502 738 4553 6
767 4501 855 4554 τὸν
884 4502 1047 4572 ὅρκον
1082 4503 1336 4573 ὑποσχὼν
1366 4507 1538 4576 αὐτῷ,
1576 4510 1603 4561 6
1636 4511 1693 4562 ἐν
1728 4513 1850 4574 ταῖς

1953 3309 2037 3355 est.
2070 3318 2084 3354 :
2111 3300 2250 3366 Quia
2279 3305 2477 3370 patrem
2503 3302 2792 3356 multarum
2825 3304 3053 3372 gentium
3077 3304 3232 3373 posui
3267 3315 3314 3358 te
3366 3301 3524 3368 '{an-

1953 3401 2004 3446 te
2037 3392 2226 3458 Deum,
2279 3393 2367 3446 cui
2425 3391 2746 3448 crediditJEt
2797 3394 3167 3449 animadverte
3220 3394 3524 3464 diligenter,

1952 3484 2162 3538 cuinam
2188 3484 2315 3539 Deo.
2342 3483 2596 3553 Sequitur
2625 3486 2766 3539 enim
2817 3483 3018 3540 Paulus
3073 3496 3127 3540 et
3174 3487 3376 3540 docet:
3423 3486 3526 3552 Qui

1952 3578 2175 3646 vivi/icat
2204 3586 2440 3633 mortuos
2463 3589 2508 3632 et
2537 3589 2685 3632 vocat
2712 3595 2772 3632 ea
2804 3595 2920 3649 qua:
2955 3596 3058 3633 non
3095 3589 3237 3646 sunt,
3277 3589 3525 3650 tanquam

1953 3670 2053 3722 sint
2109 3669 2151 3724 ⁸.
2188 3668 2252 3722 Ει
2281 3684 2493 3724 rursum
2535 3687 2549 3725 ε
2585 3668 2650 3723 In
2689 3672 3093 3738 repromissione
3127 3674 3221 3727 Dei
3262 3691 3364 3726 non
3417 3675 3524 3726 luv-

1954 3763 2124 3815 sitavit
2143 3762 2451 3831 difﬁdentia,
2474 3765 2563 3816 sed
2593 3763 2934 3832 conﬁrmatus
2961 3774 3035 3816 est
3075 3764 3202 3831 ﬁde,
3230 3765 3364 3818 dans
3414 3764 3526 3833 glo-

1955 3857 2089 3908 riam
2123 3854 2228 3911 Deo
2279 3855 2320 3908 '.
2358 3853 2536 3921 Vides,
2569 3856 2692 3924 quis
2726 3855 2798 3910 sit
2832 3854 2897 3919 is,
2932 3855 3024 3923 qui
3063 3856 3274 3910 locutus
3335 3866 3419 3912 est
3473 3859 3526 3910 in

1955 3949 2070 4017 lege
2099 3948 2482 4018 etpropltetis?
2515 3963 2673 4002 nemo
2704 3949 2847 4001 enim
2883 3949 3042 4012 alius,
3099 3948 3198 4003 nisi
3261 3949 3370 4012 ille,
3434 3953 3531 4018 qui

1955 4041 2178 4110 largitus
2203 4049 2284 4095 est
2307 4041 2460 4095 nobis
2481 4040 2736 4109 gratiam.
2769 4039 3029 4111 Sequitur
3060 4044 3205 4095 enim
3236 4059 3250 4093 :
3285 4042 3407 4096 Non
3451 4054 3526 4096 est

1955 4129 2206 4196 scriptum
2233 4138 2410 4182 autem
2441 4129 2650 4198 propter
2691 4128 2859 4191 ipsum
2915 4127 3129 4194 solum,
3203 4130 3293 4183 sed
3367 4131 3525 4183 etiam

1953 4228 2164 4290 propter
2196 4235 2312 4286 nos,
2343 4220 2532 4290 quibus
2562 4219 2889 4289 reputabitur
2915 4221 3239 4276 credentibus
3280 4230 3358 4276 in.
3385 4237 3526 4288 eum,

1953 4314 2044 4382 qui
2071 4313 2345 4366 suscitavit
2369 4309 2550 4366 Jcsum
2585 4311 2851 4366 Christum
2877 4311 3159 4365 Dominam
3207 4325 3446 4368 nostrum
3496 4334 3525 4370 ο

1955 4406 2174 4459 mortuis
2203 4404 2246 4458 ⁸.
2276 4403 2365 4458 Ille
2399 4404 2586 4473 igitur,
2609 4405 2699 4472 qui
2729 4416 2936 4473 patrem
2964 4403 3252 4459 multarum
3285 4407 3526 4476 gentium

1954 4495 2226 4550 Abraham
2257 4495 2573 4560 constituit,
2613 4495 2703 4564 qui
2732 4495 3086 4565 jurejurando
3130 4499 3182 4551 ei
3241 4500 3526 4567 promisit,

273 4592 641 4658 ἐπαγγελίαις
674 4593 1065 4661 ἀδιάψευστος,
1105 4596 1134 4646 6
1172 4596 1240 4650 τὰ
1277 4597 1352 4668 μὴ
1389 4600 1519 4654 ὄντα
1557 4603 1738 4660 καλῶν
1772 4604 1846 4667 ὡς

1955 4587 2046 4658 qui
2072 4587 2124 4642 in
2152 4586 2445 4656 praemissis
2472 4586 2704 4641 mendax
2735 4601 2839 4641 non
2859 4594 2940 4641 cst
2959 4625 2974 4652 ,
3002 4586 3092 4656 qui
3117 4587 3355 4644 viviﬁcat
3379 4607 3526 4645 moro

269 4681 428 4743 ὄντα,
459 4683 486 4733 6
519 4682 802 4744 ζωοποιῶν
833 4686 962 4748 τοὺς
997 4689 1251 4757 νεκροὺς,
1287 4690 1446 4756 αὑτός
1469 4695 1616 4746 ἐστιν
1644 4697 1670 4748 6
1706 4697 1850 4764 €yei-~

276 4788 384 4840 ρας
412 4771 502 4824 τὸν
551 4773 757 4842 Κύριον
801 4776 958 4845 ἡμῶν
998 4778 1210 4842 Ἰησοῦν
1241 4781 1481 4850 Χριστὸν
1510 4785 1574 4837 ὲκ
1607 4787 1814 4855 νεκρῶν
1837 4830 1850 4852 ,

272 4864 386 4918 κᾶν
409 4865 470 4918 τὸ
495 4866 592 4936 τῆς
621 4869 964 4933 ἀποστασίας
993 4871 1237 4938 ὀλέθριον
1269 4877 1527 4942 φρόνημα
1561 4877 1642 4938 εἰς
1677 4879 1853 4948 ἀρχὰς

268 4957 373 5010 δύο
406 4959 750 5033 καταμερίζῃ
783 4960 881 5028 τὴν
907 4961 1200 5029 ἀμέριστον
1228 4965 1321 5016 καὶ
1354 4964 1490 5034 μίαν
1517 4967 1717 5036 ἀρχήν.

361 5131 512 5192 Ἔνὸς
541 5130 676 5183 Θεοῦ
706 5134 806 5200 τήν
852 5149 910 5185 τε
951 5134 1197 5188 Παλαιὰν
1227 5138 1322 5192 καὶ
1347 5139 1444 5207 τὴν
1476 5141 1678 5214 Καινὴν
1717 5145 1849 5197 ἀνα-

271 5222 568 5292 κηρύττων
589 5226 618 5276 6
640 5223 871 5286 Παῦλος,
897 5224 992 5277 καὶ
1016 5224 1092 5289 ὡς
1117 5228 1182 5279 ἐκ
1209 5228 1367 5300 ρἔης
1397 5232 1610 5304 ἐκείνης
1642 5234 1850 5305 ταύτην

271 5312 600 5380 προελθεῖν,
631 5311 728 5365 καὶ
761 5314 1050 5386 ἁγιότητος
1085 5318 1356 5390 ἑκατέραν
1389 5328 1677 5394 μετασχεῖν
1709 5327 1850 5380 οὕτω

269 5407 466 5475 φησιν’
496 5407 564 5458 Ei
593 5404 661 5457 δὲ
683 5404 722 5472 ὴ
754 5405 999 5475 ἀπαρχὴ
1027 5409 1186 5477 ἁγία,
1225 5410 1324 5464 καὶ
1351 5413 1419 5465 τὸ
1449 5416 1708 5485 φύραμα.
1741 5415 1849 5470 Καί

263 5499 324 5550 εὶ
351 5497 392 5565 ἠ
420 5494 550 5563 ῥίζα
588 5498 746 5564 ἁγία,
779 5497 877 5550 καὶ
907 5500 961 5552 ot
994 5500 1224 5556 κλάδοι.
1265 5503 1372 5557 Καὶ
1403 5506 1475 5556 οὐ
1513 5506 1594 5559 σὺ
1622 5507 1735 5576 τὴν
1757 5509 1848 5576 ῥί-

266 5589 380 5649 ζὶιν
417 5587 754 5655 βαστάζεις,
801 5586 934 5644 ἀλλ’
979 5591 1018 5658 ἡ
1040 5592 1173 5659 ῥίζα
1219 5596 1314 5650 σέ.
1362 5597 1493 5665 Καὶ,
1529 5602 1593 5653 Et
1636 5602 1669 5653 ό
1704 5602 1848 5667 Θεὸς

264 5680 397 5734 τῶν
431 5683 579 5735 κατὰ
629 5683 818 5751 φύσιν
873 5683 1116 5739 κλάδων
1159 5689 1270 5742 οὐκ
1313 5690 1594 5759 ἐφείσατο
1661 5693 1842 5763 (ἔπεσε

349 5797 361 5825 ι
401 5793 562 5867 lleltr.
599 5811 710 5867 vui,
738 5796 790 5856 8,
837 5794 889 5867 θ.
946 5865 952 5867 Α
995 5798 1013 5827 ¹
1048 5798 1172 5853 ibid.
1214 5803 1292 5859 l0.
1324 5805 1383 5858 ιδ
1472 5807 1492 5838 ³
1521 5806 1876 5867 ϐειι.ινιι,ί.

272 5865 491 5925 “.10.
602 5866 774 5920 “ibit.
875 5865 1161 5924 manus.

1960 4691 2101 4744 tuos,
2130 4687 2185 4734 et
2206 4686 2364 4734 vocat
2389 4693 2450 4732 ea
2483 4692 2602 4746 qua:
2634 4692 2738 4731 non
2790 4687 2914 4732 sunt
2959 4691 3209 4746 tanquam
3239 4678 3374 4746 sint,
3415 4682 3526 4748 ipse

1957 4781 2060 4838 est,
2093 4770 2181 4839 qui
2211 4768 2488 4825 suscitavit
2522 4768 2802 4822 Dominum
2829 4775 3070 4822 nostrum
3109 4784 3136 4820 a
3161 4771 3388 4824 mortuis
3406 4810 3432 4834 ,,
3457 4770 3526 4825 li-

1957 4873 2042 4918 cet
2065 4862 2356 4932 perniciosi
2387 4861 2694 4916 desertores
2719 4861 2804 4915 isti
2827 4860 2984 4914 aliter
3009 4861 3263 4922 sentiant,
3291 4869 3344 4915 et
3377 4863 3526 4929 prin-

1958 4955 2159 5024 cipium
2181 4970 2386 5021 unum,
2427 4953 2567 5024 quod
2619 4952 2780 5008 dividi
2815 4967 2919 5006 non
2963 4960 3163 5021 potest,
3189 4951 3244 5006 in
3275 4953 3381 5008 duo
3419 4954 3525 5010 dis-

1956 5047 2193 5100 trahant.

2031 5130 2200 5186 Unius
2228 5144 2347 5186 esse
2366 5131 2455 5184 Dei
2495 5129 2653 5186 Vetus
2693 5142 2744 5185 et
2763 5130 2969 5185 Novum
2991 5138 3368 5190 testamentum
3389 5135 3525 5190 Pau-

1956 5223 2040 5278 lus
2078 5223 2302 5288 docens,
2338 5235 2503 5292 atque
2533 5228 2633 5278 hoc
2675 5238 2740 5278 ex
2794 5223 2938 5278 illius
2986 5223 3169 5280 radice
3222 5225 3522 5294 profectum

1956 5317 2084 5371 dicit
2123 5315 2242 5375 :Et
2271 5318 2316 5370 si
2341 5317 2586 5385 primitiae
2613 5325 2830 5381 sanctaz,
2872 5328 2921 5371 et
2977 5334 3149 5371 massa
3202 5318 3244 5372 ".
3300 5319 3365 5372 Et
3399 5337 3412 5374 :
3467 5319 3525 5376 Si

1956 5423 2114 5464 raaia;
2135 5419 2339 5472 sancta,
2371 5419 2418 5463 et
2445 5411 2577 5462 rami
2634 5410 2676 5464 ⁸.
2707 5408 2771 5463 Ει
2801 5425 2813 5460 :
2841 5408 2920 5462 ’I'u
2943 5409 3167 5464 radicem
3195 5427 3294 5464 non
3323 5421 3524 5480 portas,

1955 5506 2046 5559 sed
2076 5504 2234 5559 radix
2266 5514 2313 5558 te
2348 5506 2391 5557 ’.
2427 5503 2490 5558 Et
2520 5521 2532 5557 :
2581 5503 2640 5559 Si
2677 5503 2818 5558 Deus
2848 5505 3179 5560 naturalibus
3225 5509 3387 5563 ramis
3421 5524 3525 5563 non

1956 5599 2180 5670 pepercit
2201 5598 2537 5670 (ceciderunt
2552 5599 2696 5651 enim
2725 5599 3043 5652 tentautium
3076 5600 3236 5666 pedes
3261 5600 3312 5654 in
3337 5600 3525 5657 descr-

1954 5701 2028 5756 to,
2087 5696 2140 5743 et
2170 5689 2350 5743 multae
2375 5687 2492 5742 alite
2541 5686 2873 5741 calamitates
2903 5689 3091 5742 noxios
3133 5689 3521 5762 invaserunt).

1976 5807 2286 5870 sumam».
2319 5807 2404 5860 l7.
2504 5799 2798 5857 ‘ibid.20.
2901 5800 3203 5859 ‘ibid.2t.
3305 5805 3521 5862 ’Rozn.
