4044 6290
377 369 507 432 ΙΞΠ

1287 372 1660 435 PANOPLIA
1694 374 2152 439 DOGMATICA.
2190 403 2259 412 -
2290 377 2435 438 ΤΙΤ.
2474 380 2674 440 XXIV.

3491 371 3625 436 12).ῒῖ

367 480 522 545 σὲως
547 482 710 549 νόμῳ
742 479 1084 549 γέγραπται.
1114 483 1278 550 φησὶν
1299 522 1314 546 ,
1339 484 1423 537 Οὐ
1465 499 1754 553 φιμωσεις
1783 485 1941 549 βοῦν

2051 489 2198 556 gabis
2232 505 2287 543 os
2340 491 2453 544 bovi
2493 492 2773 544 triturnnti
2824 490 2862 540 ¹.
2916 485 2982 540 Ει
3037 485 3122 540 his
3177 484 3336 540 dictis
3385 486 3620 552 Sltbjicit:

367 568 658 642 ἀλοῶντα.
692 569 802 621 Καὶ
827 568 997 622 ταῦτα
1023 568 1193 623 εἰπὼν
1215 570 1488 641 ἐπιφέρει,
1515 571 1610 640 Μὴ
1642 570 1760 625 τῶν
1773 571 1944 636 ,βοῶν

362 664 534 732 μέλει
563 663 642 728 τῷ
675 662 837 729 Θεῷ;
863 664 1026 718 τίνων
1049 665 1105 718 δὲ
1136 665 1337 734 μᾶλλον
1368 664 1525 734 μέλει
1569 667 1786 730 δεικνὺς
1807 667 1950 727 ὲπάο,

366 772 476 822 γει,
505 756 586 808 Δι’
609 753 767 823 ἡμᾶς
790 755 859 807 δὲ
880 753 1118 819 πάντως
1142 756 1326 824 λέγει,
1361 756 1459 808 καὶ
1485 755 1560 809 δι’
1584 757 1741 825 ἡμᾶς
1765 757 1942 825 ἐγρά-

365 861 473 912 φη.
509 844 670 896 Ὥστε
731 843 908 897 κοινὸν
952 845 1013 897 τὸ
1068 845 1246 915 δόγμα
1284 846 1343 898 τὸ
1381 847 1438 899 ὲν
1470 848 1538 916 τῇ
1574 848 1788 918 Παλαιᾷ
1829 848 1943 902 δια-

361 937 570 1003 ϐαῖνον,
632 936 728 990 καὶ
785 935 1198 1006 πολιτευόμενον
1253 940 1347 992 καὶ
1375 941 1434 994 ἐν
1464 942 1531 1011 τῇ
1562 939 1769 1011 χάριτι.
1810 937 1941 994 Εἶτα

365 1029 466 1100 τὴν
497 1027 736 1097 φυσικὴν
784 1028 1080 1099 ὁμοιότητα
1119 1029 1211 1083 τοῦ
1244 1031 1374 1084 Υἱοῦ
1407 1032 1542 1102 πρὸς
1591 1033 1684 1086 τὸν
1718 1035 1944 1104 Πατέρα

367 1121 463 1174 καὶ
495 1121 556 1174 τὸ
587 1121 1008 1192 ἀπαράλλακτον
1065 1121 1348 1191 ὑποδηλῶν
1405 1126 1471 1176 ἐκ
1499 1124 1600 1194 τῆς
1647 1127 1754 1178 τῶν
1781 1143 1942 1194 νομο-

366 1210 702 1279 θετηθέντων
733 1211 1071 1281 ὁμοιότητος,
1099 1213 1349 1279 Ὠσπερ,
1379 1214 1534 1283 φησι.
1599 1216 1940 1286 προσετάγη

365 1296 508 1361 τοὺς
533 1296 612 1362 τῷ
644 1302 1048 1368 θυσιαστηρίῳ
1078 1302 1596 1370 προσεδρεύοντας
1617 1303 1698 1370 τῷ
1730 1310 1940 1361 θυσια-

363 1387 588 1454 στηρίῳ
615 1389 1094 1458 συμμεριζεσθαι,
1121 1392 1274 1446 οὕτω
1301 1393 1397 1446 καὶ
1429 1396 1462 1447 ό
1487 1396 1702 1462 Κύριος
1752 1413 1938 1464 προσ-

361 1475 537 1542 έταξε
601 1478 744 1545 τοὺς
787 1483 852 1535 τὸ
907 1481 1280 1551 Εὐαγγέλιον
1309 1486 1830 1554 καταπτέλλοντας
1873 1489 1942 1542 ἐκ

368 1569 470 1624 τοῦ
502 1572 876 1641 Εὐατγελίου
921 1573 1048 1644 ζῇν.
1081 1576 1192 1645 Τὴν
1230 1579 1526 1646 συνάφειαν
1557 1579 1612 1632 δὲ
1656 1582 1816 1633 πάλιν
1847 1584 1940 1634 καὶ

365 1663 692 1731 συγγένειαν
715 1665 809 1718 τοῦ
849 1667 1017 1736 νόμου
1079 1669 1175 1722 καὶ
1225 1671 1323 1739 τῆς
1375 1671 1598 1741 χάριτος
1637 1673 1732 1725 ἐπὶ
1777 1674 1942 1728 πλέον

361 1755 726 1824 τρανολογῶν,
759 1760 840 1814 Οὐ
865 1759 1019 1814 θέλω
1046 1759 1204 1829 ὑμᾶς
1235 1761 1503 1832 ἀγνοεῖν,
1535 1766 1723 1834 φησὶν,
1753 1766 1939 1821 ἀδελ-

2050 577 2308 649 Nunquid
2331 583 2392 634 de
2427 580 2587 634 bobus
2612 597 2738 634 cura
2764 589 2836 633 est
2868 577 2976 631 Deo
3029 576 3092 629 ’ἲ
3123 575 3270 641 Quos
3299 582 3477 628 autem
3511 588 3626 624 ma-

2044 667 2127 735 gis
2157 678 2332 732 curet,
2370 671 2519 724 addit
2553 687 2564 723 :
2602 669 2823 738 Pmpter
2857 684 2949 721 nos
2967 676 3142 720 autem
3203 664 3416 719 omnino
3471 662 3621 724 dicit,

2044 766 2095 811 et
2116 768 2330 829 propter
2352 777 2444 814 nos
2467 763 2729 831 scriptum
2773 770 2845 814 est
2901 759 2942 810 ⁸.
2976 757 3155 823 Quare
3183 769 3467 809 conmume
3529 754 3618 806 de-

2043 857 2248 903 cretum
2276 850 2328 903 in
2353 851 2521 904 veteri
2552 850 2668 919 lege
2697 857 2751 903 et
2788 850 2840 903 in
2883 848 3055 917 gratia
3079 853 3346 900 versatur.
3418 841 3622 895 Deinde

2045 939 2346 995 naturalem
2379 950 2434 995 et
2463 942 2824 997 certissimam
2864 939 3037 994 Patris
3064 947 3118 992 et
3163 936 3284 990 Filii
3313 935 3620 989 similitudi-

2045 1047 2165 1087 nem
2187 1046 2252 1087 ex
2278 1033 2412 1101 legis
2447 1033 2804 1087 similitudine
2831 1032 3071 1087 ostendit
3099 1045 3112 1082 :
3137 1025 3617 1094 Quemadmodum,

2044 1123 2316 1190 inquiens,
2353 1136 2668 1194 pra’ceptum
2696 1124 2819 1192 fuit,
2852 1134 2906 1176 ut
2929 1123 3018 1193 qui
3043 1121 3205 1176 altari
3227 1120 3476 1174 serviunt.
3498 1132 3622 1184 par-

2042 1215 2223 1283 ticipes
2251 1216 2356 1270 sint
2389 1216 2599 1280 altaris,
2641 1218 2718 1268 sic
2745 1225 2793 1269 et
2823 1215 3078 1268 Dominus
3133 1209 3402 1281 praecepit,
3443 1218 3497 1259 ut
3529 1207 3631 1276 qui.

2043 1308 2288 1361 nuntiant
2326 1305 2690 1376 Evangelium.
2716 1324 2779 1361 ea:
2815 1305 3097 1374 Evangelia
3131 1304 3306 1356 vivant
3345 1301 3389 1353 ⁸.
3419 1297 3620 1353 Neces-

2043 1401 2335 1455 situdinem
2396 1416 2610 1454 rursum
2636 1411 2691 1454 et
2719 1398 3101 1468 cognationem
3135 1393 3267 1462 legis
3327 1401 3384 1446 et
3433 1388 3623 1460 gratim

2043 1491 2243 1544 clarius
2270 1491 2582 1553 ostendens,
2654 1488 2795 1542 Nolo
2824 1502 2933 1554 vos,
2961 1485 3158 1554 inquit,
3184 1485 3453 1552 ignorare,
3495 1479 3616 1547 fra-

2045 1592 2170 1644 tres,
2199 1582 2336 1650 quod
2361 1591 2538 1648 patres
2559 1581 2722 1634 nostri
2755 1593 2932 1632 omnes
2961 1578 3054 1631 sub
3086 1573 3219 1628 nubs
3276 1572 3508 1641 fuerunt,
3568 1577 3619 1623 et

2043 1687 2220 1725 omnes
2247 1687 2340 1740 per
2361 1687 2500 1724 mare
2519 1671 2868 1735 transierunt,
2909 1675 2960 1723 et
2991 1681 3166 1720 omnes
3195 1667 3250 1718 in
3283 1660 3430 1716 Moss
3449 1706 3466 1716 ,
3493 1660 3621 1727 bap-

2045 1761 2196 1815 tizati
2224 1771 2347 1815 sunt
2370 1763 2426 1815 in
2449 1762 2582 1815 nube
2603 1769 2652 1815 et
2699 1761 2754 1813 in
2775 1760 2934 1824 mari,
2955 1766 3004 1812 et
3027 1770 3206 1810 omnes
3255 1749 3496 1808 eumdem
3545 1750 3624 1803 ci-

362 1846 486 1915 φοι,
525 1847 616 1900 ὅτι
651 1851 707 1902 οι
730 1850 985 1919 πατέρες
1015 1847 1185 1921 ἡμῶν
1220 1852 1444 1919 πάντες
1466 1855 1586 1910 ὑπὸ
1618 1855 1734 1922 τὴν
1761 1859 1938 1927 rasae-

2044 1851 2162 1905 bum
2188 1853 2513 1921 spiritualem
2548 1852 2904 1916 comederunt,
2929 1857 2979 1904 et
3010 1863 3189 1903 omnes
3240 1842 3483 1946 evidens.
3525 1855 3622 1946 po:

359 1943 481 2004 λην
501 1935 685 2010 ἦσαν,
713 1941 814 1997 καὶ
835 1942 1059 2012 πάντες
1074 1945 1172 2000 διὰ
1189 1945 1299 2014 τῆς
1319 1947 1642 2017 θαλάσσης
1658 1948 1935 2019 διῆλθον,

363 2030 462 2084 καὶ
504 2031 730 2097 πάντες
767 2034 836 2088 ἐν
859 2033 934 2105 τῇ
959 2037 1187 2106 νεφέλῃ
1222 2038 1706 2108 ἐϐαπτίσθησαν,
1740 2042 1840 2096 καὶ
1870 2045 1941 2098 ἐν

362 2116 438 2188 τῆ
466 2119 749 2190 θαλάσσῃ
777 2125 866 2190 εὶς
900 2125 1009 2180 τὸν
1024 2127 1314 2196 Μωῠσῆν,
1332 2128 1430 2182 καὶ
1452 2129 1677 2198 πάντες
1699 2134 1765 2186 τὸ
1792 2134 1941 2188 αὐτὸ

355 2211 570 2282 βρῶμα
596 2217 1000 2284 πνευματικὸν
1023 2221 1271 2290 ἔφαγον,
1304 2220 1403 2275 καὶ
1427 2221 1652 2290 πάντες
1698 2227 1762 2278 τὸ
1794 2228 1954 2288 αὐτὸ⁴

363 2306 526 2373 ,πόμα
556 2311 964 2376 πνευματικὸν
1001 2311 1200 2366 ἔπιον.
1246 2314 1494 2368 Ἐπινον
1523 2316 1634 2385 γὰρ
1659 2318 1728 2371 ἐκ
1759 2335 1943 2374 πνευ-

355 2397 616 2466 ματικῆς
639 2399 1106 2469 ἀκολουθούσης
1143 2402 1384 2472 πέτρας,
1415 2407 1451 2475 ἡ
1480 2405 1549 2460 δὲ
1579 2409 1766 2477 πέτρα
1790 2405 1870 2480 ἦν
1907 2414 1941 2465 ό

362 2489 635 2556 Χριστός.
700 2490 969 2558 Ἀκούεις,
1015 2495 1154 2565 ὅπερ
1192 2496 1220 2550 ὁ
1267 2496 1506 2568 Χριστὸς
1541 2499 1632 2554 τὸν
1669 2503 1940 2572 πατρικὸν

361 2577 578 2644 ὲπότιξε
601 2580 750 2648 λαδν,
783 2583 900 2638 ῐσον
934 2584 993 2640 δὲ
1022 2586 1200 2639 εἰπεῖν
1228 2585 1322 2640 τὸν
1355 2589 1556 2642 οἰκεῖον
1584 2604 1601 2621 ⁸
1635 2591 1730 2645 καὶ
1762 2593 1878 2656 πῶς
1907 2594 1935 2646 ὁ

364 2673 408 2724 ΙΙ
421 2673 553 2745 ιτὴρ
582 2673 784 2744 ὡδήγει
813 2675 905 2731 τὸν
929 2676 1148 2748 Ἰσραὴλ
1174 2678 1254 2738 εις
1270 2678 1368 2748 τὴν
1388 2678 1485 2732 τοῦ
1506 2681 1634 2734 Υἱοῦ
1657 2681 1934 2753 λατρείαν,

361 2765 456 2817 καὶ
493 2767 837 2837 ἐπιστροφὴν
865 2767 956 2822 διὰ
975 2767 1138 2822 τινων
1165 2786 1178 2831 ς
1206 2769 1239 2839 ἢ
1277 2769 1518 2842 δηλονότι
1553 2771 1644 2826 διὰ
1683 2774 1932 2840 Μωσέως

361 2856 458 2908 καὶ
482 2855 592 2909 τῶν
623 2858 940 2929 προφητῶνς
1001 2857 1110 2912 Ποῦ
1151 2855 1244 2914 οὖν
1291 2861 1526 2915 ἐνταῦθα
1579 2861 1608 2914 ὁ
1665 2867 1936 2936 πονηρός;

363 2945 467 3000 ποῦ
501 2947 602 3016 τῆς
637 2951 885 3020 πονηρᾶς
923 2950 1102 3022 ἀρχῆς
1133 2951 1194 3004 τὸ
1220 2951 1414 3024 ἔργον;
1441 2953 1544 3008 ποῦ
1579 2957 1626 3009 oi
1659 2957 1816 3026 νόμοι
1839 2959 1940 3030 τῆς

361 3039 743 3110 ἀντικειμένης
766 3042 995 3112 μοίραςς
1027 3038 1160 3098 Εἶτα
1183 3044 1346 3098 πάλιν
1363 3047 1520 3116 φησι·
1545 3048 1712 3117 Μηδὲ
1739 3051 1938 3108 ἐκπει-

2043 1953 2153 1998 tum
2178 1945 2506 2015 spiritualem
2528 1944 2787 1997 biberunt.
2821 1941 3073 1995 Bibebant
3107 1938 3246 1992 enim
3264 1931 3330 1991 εὶ
3352 1931 3622 2004 spirituali

2044 2045 2292 2106 sequente
2329 2043 2500 2099 petra,
2524 2040 2674 2103 petra
2700 2042 2875 2086 autem
2901 2039 3012 2086 erat
3039 2027 3281 2083 Christus
3335 2025 3380 2078 '.
3429 2023 3622 2088 Audis,

2043 2125 2314 2194 quomodo
2343 2123 2590 2178 Christus
2619 2121 2836 2176 Patrum
2855 2119 3132 2189 populum,
3199 2115 3252 2169 id
3307 2122 3412 2180 est,
3465 2125 3620 2167 suum

2043 2215 2341 2286 notaverit?
2381 2215 2447 2269 Et
2480 2213 2750 2284 quomodo
2785 2211 2946 2266 Pater
2975 2209 3209 2264 ducebat
3236 2205 3494 2261 lsraelem
3552 2204 3619 2257 ad

2043 2304 2164 2358 Filii
2196 2305 2530 2372 agnitionem
2561 2313 2616 2360 et
2645 2298 3062 2357 adorationem?
3092 2297 3197 2354 Per
3224 2309 3363 2364 quos
3401 2301 3581 2349 autem
3600 2293 3638 2348 ?.v

2043 2395 2147 2450 Per
2197 2393 2398 2448 Mosem
2454 2394 2636 2462 utique
2675 2401 2729 2450 et
2787 2392 3098 2462 prophetas.
3161 2387 3264 2444 Ubi
3323 2385 3488 2455 igitur
3532 2381 3623 2436 hic

2043 2487 2262 2544 malus?
2292 2488 2384 2544 ubi
2413 2488 2543 2546 mali
2574 2488 2823 2559 principii
2860 2487 3040 2557 opus?
3117 2484 3208 2540 ubi
3257 2481 3404 2551 leges
3449 2477 3628 2550 partis.

2041 2581 2372 2638 contrarie?
2434 2582 2564 2639 Post
2616 2589 2797 2636 autem
2855 2581 2988 2636 dicit
3042 2595 3058 2635 :
3119 2577 3299 2649 Neque
3361 2582 3621 2630 tententus

2043 2674 2332 2741 Christum,
2364 2676 2501 2731 sicut
2541 2675 2759 2746 quidam
2789 2675 2960 2744 ipsum
2999 2677 3331 2726 tentaverunt
3385 2669 3426 2720 ⁸.
3487 2664 3622 2730 Qni-

2044 2764 2212 2820 nam?
2244 2764 2450 2835 Nempe
2477 2765 2710 2837 populus
2730 2764 2997 2820 Israelita.
3031 2764 3096 2816 Et
3131 2775 3256 2832 quae
3308 2756 3573 2826 supplicia
3599 2754 3621 2806 ?

2041 2857 2084 2910 Α
2118 2858 2448 2924 serpentibus
2473 2859 2744 2927 perierunt
2787 2857 2832 2910 ⁷.
2877 2853 3246 2922 Quamobrem
3305 2850 3400 2921 qui
3455 2848 3630 2902 Deum.

2044 2949 2096 3004 in
2119 2949 2237 3021 lege
2275 2958 2643 3016 tentaverunt,
2681 2949 2734 3011 pii
2789 2963 2885 3017 per
2936 2946 3149 3002 Patrem
3203 2948 3482 2999 tentarunt
3532 2937 3636 2992 Fi-

2047 3041 2204 3094 lium.

359 3129 622 3200 ράζωμεν
662 3133 771 3189 τὸν
805 3133 1101 3203 Χριστὸν,
1144 3133 1341 3202 καθὼς
1373 3137 1476 3190 καί
1531 3155 1696 3206 τινες
1754 3145 1942 3202 αὐτὸν
2006 3152 2364 3221 ἐπείρασαν.
2399 3144 2593 3219 Τίνεςξ
2642 3153 2674 3222 ἢ
2724 3151 2967 3220 δηλονότι
3012 3154 3040 3204 ὁ
3071 3148 3411 3220 Ἰσραηλίτης
3471 3142 3622 3204 λαός.

365 3225 475 3281 Καὶ
499 3223 620 3280 τινα
655 3225 727 3280 τά
758 3227 1040 3299 ἐπιχειρας
1071 3227 1208 3282 Ὑπὸ
1237 3228 1358 3284 τῶν
1379 3229 1576 3300 ὄφεων
1605 3233 1941 3294 ἀπώλοντο.
1972 3242 2136 3298 Ὥστε
2163 3246 2211 3299 ot
2243 3242 2598 3317 πειράζοντες
2618 3244 2713 3298 τὸν
2739 3245 2796 3297 ὲν
2822 3242 2897 3314 τῷ
2927 3242 3078 3313 νόμῳ
3102 3241 3235 3296 Θεὸν
3261 3236 3469 3293 δια-τοῦ
3511 3235 3624 3286 Πα-

361 3319 490 3389 ego;
522 3321 613 3373 τὸν
639 3319 768 3375 Υῐὸν
796 3321 1111 3391 ἐπείραζον.

445 3409 713 3480 Ἐὁραίοις
751 3412 781 3464 ὁ
833 3411 1048 3476 Παῦλος
1096 3413 1430 3470 ἐπιστέλλων
1457 3418 1589 3488 φησι
1622 3434 1634 3448 ⁸
1674 3423 1941 3493 Πολυμε-

2123 3423 2204 3476 Ad
2233 3421 2492 3477 Hebraeos
2519 3421 2765 3478 scribens
2791 3419 2991 3475 Paulus
3025 3436 3039 3474 :
3105 3418 3484 3487 Muttifariam,
3541 3416 3626 3470 in-

353 3498 482 3567 ρῶς
512 3500 609 3554 καὶ
643 3502 1036 3570 πολυτρόπως
1058 3504 1248 3560 πάλαι
1274 3508 1308 3560 ὀ
1345 3507 1490 3576 Θεὸς
1508 3512 1794 3582 λαλήσας
1815 3518 1940 3585 τοῖς

361 3589 668 3658 πατράσιν
693 3591 764 3646 ἐν
791 3593 917 3660 τοῖς
962 3595 1323 3666 προφήταις,
1360 3598 1452 3653 ἐπ’
1493 3601 1762 3672 ἐσχάτων
1815 3608 1938 3663 τῶν

361 3679 602 3752 ἡμερῶν
647 3685 875 3740 τούτων
909 3685 1224 3754 ἐλάλησεν
1249 3688 1397 3758 ἡμῖν
1423 3691 1495 3746 ἐν
1525 3694 1658 3760 ne.
1687 3696 1822 3753 Ἰδοὺ
1849 3700 1944 3754 τὸν

363 3771 526 3826 αὑτὸν
547 3773 700 3839 Θεὸν,
729 3776 822 3828 καὶ
848 3775 948 3829 οὐκ
975 3777 1137 3832 ἀλλον
1188 3778 1284 3830 καὶ
1315 3779 1478 3837 ἄλλον
1515 3783 1688 3838 πάλαι
1750 3789 1849 3856 μὲν
1882 3790 1941 3842 ὲν

362 3868 477 3928 τοῖς
529 3866 836 3938 προφήταις
886 3867 1118 3938 λαλῆσαι
1152 3869 1326 3939 λέγει,
1382 3870 1614 3943 ὕστερον
1644 3875 1702 3930 δὲ
1755 3879 1814 3932 ἐν
1860 3880 1942 3950 τῷ

364 3954 498 4026 Υῐῷ.
531 3955 694 4010 Ὅθεν
723 3954 821 4027 τὴν
864 3956 1058 4030 καινὴν
1089 3959 1368 4030 Διαθήκην
1405 3962 1465 4014 ἐν
1501 3961 1579 4032 τῷ
1631 3965 1745 4034 Υἰῷ
1783 3985 1944 4040 χαρι-

365 4047 604 4117 σάμενος
640 4046 720 4117 τῷ
770 4047 986 4118 κόσμῴ,
1017 4047 1181 4113 αὐτὸς
1229 4051 1326 4105 καὶ
1375 4049 1437 4104 ἐν
1478 4055 1591 4118 τοῖς
1629 4059 1944 4126 προφήταις

363 4137 571 4192 διέθετο
591 4138 690 4209 τὴν
721 4137 979 4203 παλαιὰν,
1039 4139 1286 4206 καὶπῶς
1332 4143 1366 4212 ὴ
1423 4142 1598 4216 πλάνη
1630 4145 1792 4202 ἀλλον
1838 4149 1938 4218 μὲν

363 4229 806 4300 ἐκείνης-,ἓτερον
825 4228 882 4284 δὲ
909 4231 1006 4302 τῆς
1037 4231 1231 4304 καινῆς
1251 4232 1586 4290 ἀναπλάττει
1645 4238 1945 4311 νομοθέτην

369 4323 460 4377 καὶ
487 4322 650 4390 Θεόνς

433 4418 604 4472 Πάλιν
633 4418 662 4470 ὁ
690 4417 854 4481 αὐτὸς
900 4417 1224 4482 Ἀπόστολος
1274 4419 1424 4488 λέγει
1461 4437 1476 4453 ο
1508 4423 1939 4490 Κατανοήσατε

364 4509 471 4562 τὸν
495 4508 844 4563 ἀπόστολον
870 4508 970 4562 καὶ
995 4507 1272 4578 ἀρχιερέα
1296 4509 1405 4578 τῆς
1428 4513 1752 4582 ὁμολογίας
1769 4514 1942 4582 ἡμῶν

377 4600 620 4668 Ἰησοῦν
649 4600 926 4671 Χριστὸν,
961 4601 1181 4655 πιστὸν
1205 4600 1350 4656 ὄντα
1380 4602 1461 4668 τῷ
1484 4604 1807 4674 ποιήσαντι
1837 4611 1944 4662 ai;-

363 4687 490 4755 τὸν,
520 4687 760 4758 δηλονότι
809 4687 1092 4758 ἀρχιερέα.
1121 4685 1252 4742 Εἶτα
1277 4691 1396 4754 πῶς
1433 4685 1505 4763 ἦν
1523 4694 1733 4761 πιστὸς,
1773 4694 1940 4760 ὑπεξ·

2044 3513 2182 3585 qnit,
2206 3513 2487 3583 multisque
2512 3512 2683 3566 modis
2707 3510 2835 3566 olim
2864 3511 3002 3566 Deus
3033 3511 3248 3579 loquens
3291 3507 3532 3577 patribus
3569 3507 3626 3559 in

2042 3604 2328 3673 prophetis,
2365 3604 2645 3659 novissime
2665 3602 2875 3657 locutus
2903 3611 2980 3657 est
3002 3603 3152 3656 nobis
3170 3603 3227 3654 in
3255 3599 3394 3654 Pilio
3423 3599 3467 3652 ⁸.
3491 3597 3627 3652 Ecce

2045 3698 2292 3753 eumdem
2327 3697 2518 3766 Deum,
2555 3708 2611 3754 et
2640 3712 2746 3753 non
2781 3697 2946 3752 alium
2981 3696 3108 3750 olim
3150 3695 3204 3748 in
3238 3693 3516 3764 pmphetis
3547 3702 3628 3745 to-

2043 3799 2228 3845 cutum
2253 3788 2405 3856 dicit,
2436 3797 2557 3859 post
2582 3799 2764 3844 autem
2795 3787 2852 3844 in
2887 3785 3045 3841 Filio.
3091 3786 3192 3852 Qui
3245 3784 3449 3838 Novum
3515 3782 3620 3836 Te-

2044 3886 2375 3934 stamentum
2406 3881 2458 3933 in
2489 3879 2627 3936 Filio
2663 3880 2888 3950 largitus
2922 3889 3005 3934 est
3037 3877 3258 3944 mundo,
3302 3877 3443 3930 idem
3471 3883 3526 3928 et
3571 3874 3624 3926 in

2044 3968 2326 4040 prOphetis
2352 3968 2521 4024 Vetus
2544 3968 2802 4024 instituit.
2833 3970 3079 4037 Quonam
3111 3969 3273 4038 igitur
3292 3967 3454 4021 modo
3489 3964 3635 4018 isto--

2047 4071 2167 4110 rum
2201 4071 2354 4111 error
2377 4071 2541 4112 unum
2562 4058 2855 4127 veteris,et
2883 4059 3116 4114 alterum
3137 4057 3261 4112 novi
3300 4056 3636 4113 Testamen-

2048 4146 2087 4201 ti
2127 4147 2284 4218 ﬁngit
2305 4148 2624 4204 auctorem?

2118 4415 2352 4469 Rursum
2384 4415 2523 4470 idem
2553 4415 2826 4486 apostolus
2855 4416 2925 4470 ait
2953 4433 2967 4473 :
3001 4413 3346 4471 Considerate
3416 4427 3630 4486 aposto-

2047 4505 2154 4558 lum
2185 4514 2232 4558 et
2253 4504 2560 4572 pontiﬁcem
2587 4503 2933 4574 confessionis
2991 4520 3184 4562 nostra:
3233 4504 3422 4562 Jesum
3470 4507 3629 4562 Clari-

2044 4607 2207 4659 smm,
2238 4595 2519 4666 quiﬁdelis
2540 4595 2644 4662 fuit
2675 4596 2725 4651 ei
2756 4597 2848 4666 qui
2871 4596 2991 4665 fecit
3025 4613 3079 4650 se
3109 4598 3153 4662 ’,
3184 4612 3377 4666 nempe
3452 4599 3629 4668 ponti-

2047 4692 2222 4748 licem.
2257 4692 2461 4747 Deinde
2483 4693 2755 4762 quomodo
2783 4693 2956 4749 fidelis
2989 4693 3171 4759 fuerit,
3198 4695 3500 4764 explicans,
3527 4711 3624 4766 per

362 4777 668 4849 ηγούμενος
711 4778 800 4832 διά
831 4778 924 4832 τοῦ
974 4779 1253 4843 Μωῦσέως
1285 4780 1656 4850 δεικνύειοὭς
1695 4786 1941 4841 καὶΜω-

2047 4784 2250 4840 Mosem
2283 4786 2540 4840 ostendit.
2574 4783 3032 4850 Quemadmodum
3058 4763 3281 4847 Mosesp
3309 4763 3544 4855 inquit,—
3568 4788 3624 4840 in

361 4867 504 4938 σῆςι
539 4871 725 4940 φησὶν.
747 4869 816 4923 ἐν
835 4869 957 4939 ὅλῳ
981 4869 1058 4936 τῷ
1079 4870 1226 4938 οῖκφ
1244 4866 1453 4928 αὐτοῦ.
1509 4873 1667 4937 Τίνος
1704 4875 1840 4946 οἴκῳ
1864 4891 1879 4942 ς
1907 4876 1940 4947 ἢ

360 4962 603 5033 δηλονότι
635 4961 728 5015 τοῦ
768 4964 1094 5033 ποιήσαντος
1119 4962 1384 5033 ἀρχιερέα
1417 4965 1509 5017 τὸν
1537 4965 1742 5036 Κύριον
1782 4967 1942 5038 ἡμῶν

375 5051 582 5120 Ἰησοῦν
607 5052 861 5121 Χριστόν.
886 5050 1019 5106 Εἶτα
1060 5051 1156 5106 καὶ
1185 5052 1284 5124 τὴν
1312 5053 1644 5125 ἀσύγκριτον
1673 5057 1943 5128 διαφορὰν

358 5142 455 5195 τοῦ
493 5143 768 5197 Δεσπότου
823 5144 960 5214 πρὸς
990 5144 1079 5197 τὸν
1099 5143 1284 5199 δοῦλον
1306 5144 1596 5212 διδάσκων,
1631 5148 1938 5217 ἐπήγαγεν,

359 5235 443 5288 ὅτι
472 5235 761 5303 Πλείονος
783 5236 971 5306 δόξης
993 5231 1172 5304 οὗτος
1194 5237 1351 5306 παρά
1383 5239 1651 5309 Μωυσῆν
1675 5240 1944 5309 ἠξίωται,

361 5323 662 5379 καθ’ὅεόν
682 5328 936 5401 πλείονα
953 5326 1132 5396 τιμὴν
1166 5326 1296 5396 ἔχει
1334 5323 1443 5382 τοῦ
1476 5329 1647 5383 οἴκου
1665 5333 1698 5384 ὁ
1721 5347 1947 5385 κατασ-

360 5415 630 5482 κευάσας
641 5419 847 5473 αὐτόν.
861 5418 987 5485 Πᾶς
1007 5420 1117 5489 γὰρ
1134 5415 1300 5486 οἶκος
1317 5421 1814 5482 κατασκευάζεται
1830 5425 1951 5479 ὑπό

361 5525 546 5574 τινος,
577 5513 609 5564 ὀ
636 5509 703 5563 δὲ
731 5511 928 5564 πάντα
957 5511 1420 5578 κατασκευάσας
1442 5515 1603 5579 Θεός.
1628 5514 1758 5567 Ἰδοὺ
1786 5514 1896 5586 γὰρ
1919 5517 1948 5568 ὁ

365 5599 464 5667 μὲν
497 5601 728 5670 Χριστὸς
766 5602 892 5664 Υἱὸς
923 5603 1015 5657 τοῦ
1056 5596 1265 5669 ἀγαθοῦ
1325 5603 1558 5673 Πατρδς,
1591 5605 1619 5658 ὁ
1647 5605 1705 5658 δὲ
1736 5604 1937 5675 Μωσῆς

435 5743 447 5770 ¹
484 5738 656 5797 lCor.
694 5758 810 5806 vm,
843 5742 896 5804 8,
926 5744 979 5798 9.
1103 5746 1122 5778 '
1154 5745 1283 5799 ibid.
1391 5745 1410 5775 ³
1465 5743 1730 5800 ibid.-10.

364 5809 385 5840 ⁸
426 5809 588 5865 llcbr.
631 5828 671 5878 ι,
707 5813 788 5866 ll.
886 5820 906 5851 ο
939 5811 1106 5869 Hebr.
1149 5816 1295 5883 m,l.
1380 5815 1574 5871 "ibid.
1612 5813 1670 5870 2.

1841 5747 1871 5780 ⁸-
1899 5745 2029 5799 ibid.
2061 5746 2150 5811 15,
2183 5746 2266 5801 Η.

1752 5818 1789 5849 ¹³
1824 5815 1957 5872 ibid.
1995 5815 2048 5882 ὃ,
2085 5817 2137 5870 4.

2044 4884 2156 4930 tota
2179 4875 2342 4930 domo
2375 4874 2488 4944 ejus
2524 4875 2590 4928 ‘°.
2621 4872 2787 4944 Cujus
2823 4873 3020 4928 domo?
3049 4873 3198 4927 Illius
3224 4873 3507 4943 nimirum,
3533 4879 3625 4947 qui

2043 4967 2170 5024 iecit
2197 4969 2506 5040 pontificem
2537 4966 2824 5020 Dominum
2847 4973 3092 5021 nostrum
3116 4965 3302 5022 Jesum
3326 4967 3625 5027 Christum.

2042 5061 2246 5116 Deinde
2304 5060 2782 5133 incomparabilem
2821 5060 3034 5118 Domini
3074 5077 3196 5114 cum
3249 5077 3408 5118 servo
3474 5063 3626 5120 diﬂ'e-

2044 5154 2276 5207 rentiam
2311 5153 2693 5208 demonstrans
2757 5151 2958 5222 adjecit
2998 5171 3010 5207 :
3073 5151 3153 5209 Eo
3204 5155 3407 5224 majore
3452 5156 3627 5224 gloria

2046 5243 2150 5307 hic,
2177 5259 2336 5315 quam
2367 5242 2542 5298 Moses
2574 5244 2762 5314 dignus
2783 5243 2909 5314 fuit,
2936 5254 3132 5314 quanto
3170 5247 3422 5320 majorem
3453 5248 3619 5299 Itono-

2047 5351 2154 5389 rem
2183 5335 2336 5388 habet
2355 5336 2534 5400 domo,
2564 5341 2610 5388 is
2635 5335 2726 5404 qui
2749 5333 2872 5403 fecit
2909 5351 3048 5390 eam.
3107 5335 3292 5390 Omnis
3345 5337 3481 5390 enim
3531 5337 3625 5390 do-

2048 5441 2164 5478 mus
2189 5426 2487 5492 wdiﬁcatur
2510 5425 2575 5478 ab
2605 5425 2804 5491 aliquo,
2833 5429 3114 5496 quiautem
3169 5427 3342 5479 omnia
3366 5427 3521 5494 facit,
3554 5439 3626 5480 est

2048 5516 2272 5571 Deus“;
2315 5517 2454 5571 Ecce
2485 5516 2738 5573 Christus
2779 5517 2949 5571 Filius
3003 5516 3128 5570 boni
3189 5513 3390 5571 Patris.
3452 5515 3627 5570 Moses

2049 5616 2229 5662 autem
2253 5624 2443 5664 servus
2477 5610 2617 5680 ejus,
2653 5624 2754 5664 nec
2779 5607 3103 5676 simpliciter
3128 5619 3337 5672 servus,
3374 5608 3466 5663 sed
3488 5608 3623 5663 lide-

2375 5749 2393 5778 ⁵
2460 5745 2710 5812 lCor.x,
2759 5745 2809 5800 ί.
2865 5745 2920 5798 4.
3028 5744 3046 5774 ‘
3105 5743 3235 5798 ibid.
3273 5743 3326 5799 9.
3431 5743 3449 5773 '
3489 5743 3621 5800 Ibid.
