4044 6290
256 439 390 500 li’a’ﬁ

1243 447 1614 509 PANOPLIA
1654 448 2193 510 DOGMATICA.-
2228 451 2379 514 TlT.
2413 453 2611 516 XXIV.

3371 454 3509 518 1246

246 568 319 616 τὰ
350 562 666 631 ἀνθρώπινα
698 565 878 617 πίστει
918 562 1324 636 κατορθοῦμεν.
1363 566 1554 629 Πίστις
1595 567 1652 619 δὲ
1681 567 1826 620 ἐστὶν

1940 568 2092 635 pitur.
2153 568 2283 624 Fide
2354 568 2710 639 intelligimus
2765 567 2858 622 Dei
2924 568 3163 637 potentia
3193 579 3384 623 cuncta
3444 588 3508 625 ex

250 655 826 726 ἁπολυπραγμόνητος
859 658 1284 726 συγκατάθεσις.

328 936 485 989 Πᾶσα
530 934 628 1006 μὲν
692 933 785 987 οὖν
844 935 1047 1006 πρᾶξις
1099 936 1195 990 καὶ
1248 935 1674 1008 θαυματουργία
1734 936 1830 990 τοῦ

249 1024 496 1096 Χριστοῦ
556 1024 816 1094 μεγίστη,
870 1026 966 1078 καὶ
1010 1025 1150 1091 θεία,
1204 1029 1300 1081 καὶ
1345 1027 1659 1098 θαυμαστή·
1698 1029 1832 1082 ἀλλὰ

250 1117 600 1170 πά·ιτωνὲστ“ι
625 1115 1069 1185 θαυμαστότερον
1106 1118 1133 1168 6
1169 1117 1350 1187 τίμιος
1377 1117 1542 1171 αὑτοῦ
1576 1119 1830 1188 σταυρός.

249 1207 333 1260 Δι’
359 1207 571 1270 οὐδενὸς
595 1207 702 1278 γὰρ
735 1209 926 1278 ἑτέρου
961 1208 987 1259 6
1007 1207 1235 1272 θάνατος
1265 1211 1642 1282 κατήργηται,
1671 1213 1704 1282 ή
1736 1212 1831 1264 τοῦ

252 1299 599 1370 προπάτορος
642 1298 888 1370 ἁμαρτία
950 1300 1186 1364 λέλυται,
1225 1301 1254 1353 6
1285 1301 1420 1372 ᾅδης
1471 1303 1824 1373 ὲσκύλευται,

253 1394 288 1462 ὴ
317 1393 616 1456 ἀνάστασις
637 1391 961 1462 δεδώρηται,
986 1390 1220 1461 ’δύναμις
1245 1393 1376 1461 ἡμῖν
1423 1394 1521 1448 τοῦ
1556 1414 1826 1467 καταφρο-

251 1494 362 1544 νεῖν
393 1489 502 1543 τῶν
537 1490 820 1560 παρόντων
851 1492 946 1545 καὶ
993 1493 1160 1546 αὐτοῦ
1206 1493 1299 1546 τοῦ
1335 1495 1565 1548 θανάτου
1597 1495 1828 1558 δέδοται,

251 1586 288 1654 ἡ
321 1583 458 1654 πρὸς
482 1583 580 1652 τὴν
611 1584 848 1654 ἀρχαίαν
907 1587 1283 1656 μακαριότητα
1318 1587 1580 1650 ἐπάνοδος
1613 1587 1829 1658 κατώρ-

253 1675 446 1738 θωται,
481 1675 646 1728 πύλαι
677 1676 1007 1747 παραδείσου
1021 1677 1378 1748 ἠνοίχθησαν,
1435 1680 1640 1748 ἡφύσις
1671 1683 1700 1750 ἡ
1713 1679 1830 1749 μῶν

252 1766 317 1816 ὲκ
354 1763 547 1828 δεξιῶν
575 1764 670 1818 τοῦ
701 1766 836 1819 Θεοῦ
881 1768 1164 1830 κεκάθικε,
1208 1769 1371 1822 τέκνα
1401 1770 1535 1822 Θεοῦ
1578 1773 1670 1824 καὶ
1697 1773 1830 1843 κλη-

1935 661 2106 715 nihilo
2153 662 2418 730 producta
2465 676 2611 716 esse.
2649 659 2781 714 Fide
2817 659 3000 713 omnia
3033 671 3178 715 recte
3246 661 3510 731 gerimus,

1936 761 2047 806 tum
2083 753 2341 813 humana.
2372 763 2484 806 tum
2509 752 2714 806 divina.
2758 752 2921 807 Fides
2945 767 3111 822 porro
3142 761 3226 808 est
3253 767 3512 810 assensus

1937 843 2084 896 omni
2123 843 2345 897 curiosa
2371 845 2729 913 inquisitione
2756 859 2975 898 vacans.

2007 931 2206 988 Christi
2228 949 2402 986 rerum
2443 935 2593 988 nulla
2619 935 2921 990 mirabilior
2946 951 3117 991 cruce.
3149 933 3283 1006 Ejus
3317 938 3512 1007 beneﬁ-

1937 1022 2041 1077 cia.
2065 1053 2136 1064 —
2158 1023 2482 1093 Quanquam
2519 1036 2697 1080 autem
2723 1028 2901 1082 omnis
2929 1029 3132 1084 Christi
3163 1031 3306 1085 actio
3335 1043 3389 1084 et
3413 1034 3514 1083 ml-
3542 1102 3544 1104 ν

1935 1115 2244 1170 raculorum
2307 1117 2493 1184 editio,
2558 1119 2839 1188 praclara,
2891 1121 3072 1175 divina
3131 1137 3194 1176 ac
3240 1123 3512 1177 mirabilis

1940 1218 2062 1266 est:
2101 1208 2236 1262 nihil
2269 1220 2450 1264 tamen
2495 1223 2579 1266 est
2619 1229 2684 1266 ex
2750 1215 3007 1268 omnibus
3065 1215 3211 1284 quod
3274 1215 3511 1270 admira-

1936 1301 2087 1356 tione
2116 1301 2332 1372 dignius
2363 1303 2456 1368 sit,
2494 1318 2655 1372 quam
2681 1306 2986 1358 veneranda
3022 1307 3194 1375 ipsius
3229 1323 3382 1362 crux.
3411 1309 3513 1364 Νε-

1940 1408 2046 1464 que
2104 1395 2249 1448 enim
2281 1395 2385 1448 alia
2445 1395 2553 1449 ulla
2603 1410 2661 1450 re
2693 1397 2965 1450 destructa
3001 1414 3145 1451 mors
3192 1399 3315 1464 fuit,
3350 1401 3510 1471 primi

1936 1489 2180 1556 parentis
2207 1497 2491 1558 peccatum
2525 1490 2883 1553 exstinctum,
2941 1489 3189 1544 infernus
3225 1491 3512 1559 spoliatus,

1933 1581 2272 1635 resurrectio
2330 1580 2554 1646 donata,
2589 1582 2690 1635 vis-
2714 1589 2829 1634 tum
2865 1582 3172 1650 praesentia,
3207 1590 3321 1636 tum
3363 1598 3513 1637 mor-

1935 1683 2042 1727 tem
2081 1673 2256 1742 ipsam
2291 1673 2679 1728 contemnendi
2714 1675 2871 1728 nobis
2890 1687 3177 1738 concessa,
3212 1674 3421 1729 reditus
3447 1675 3514 1728 ad

1931 1767 2213 1835 antiquam
2247 1767 2634 1821 beatitudinem
2668 1776 2912 1836 paratus,
2946 1766 3186 1835 paradisi
3224 1766 3514 1836 patefacta:

258 1859 473 1925 ρονόμοι
496 1857 823 1928 γεγόναμεν,
852 1860 900 1911 εί
939 1859 1014 1928 μὴ
1043 1859 1133 1913 διὰ
1185 1859 1273 1911 τοῦ
1324 1860 1564 1931 σταυροῦ
1592 1861 1684 1914 τοῦ
1713 1864 1828 1915 Κυ-

1940 1855 2130 1922 ianuae,
2180 1868 2376 1911 natura
2425 1867 2611 1912 nostra
2667 1859 2732 1912 ad
2790 1860 2879 1914 Dei
2904 1859 3186 1914 dexteram
3223 1861 3513 1926 collocata,

256 1945 374 2017 ρίου
400 1948 556 2018 ἡμῶν
599 1948 771 2016 Ἰησοῦ
800 1949 1060 2019 Χριστοῦ.
1102 1951 1199 2004 Διὰ
1219 1951 1454 2022 σταυροῦ
1525 1953 1630 2023 γὰρ
1652 1955 1829 2007 πάντα

255 2037 648 2108 κατώρθωται·
698 2039 872 2093 ’Ὅσοι
915 2041 1024 2108 γὰρ
1073 2041 1517 2109 ἐϐαπτίσθημεν
1565 2046 1652 2107 είς
1700 2047 1828 2113 Χρι-

253 2128 425 2192 στὸν,
460 2129 626 2199 φησιν
649 2131 677 2182 6
715 2130 1058 2196 Ἀπόστολος,
1096 2134 1183 2196 είς
1225 2133 1330 2185 τὸν
1363 2134 1620 2187 θάνατον
1640 2134 1823 2187 αὐτοῦ

252 2220 698 2290 ἐϐαπτίσθημεν
719 2237 732 2251 ·
795 2221 926 2275 ὅσοι
955 2222 1023 2274 δὲ
1066 2224 1154 2287 εἰς
1176 2224 1435 2291 Χριστὸν
1465 2226 1826 2293 ἐϐαπτίσθη-

248 2328 385 2379 μεν,
422 2311 676 2379 Χριστὸν
699 2312 1128 2382 ἐνεὸυσάμεθα.
1160 2315 1409 2383 Χριστὸς
1451 2317 1506 2369 δέ
1534 2320 1648 2370 ἐστι
1679 2318 1827 2372 Θεοῦ

253 2403 507 2472 δύναμις
547 2403 644 2458 καί
669 2404 817 2458 Θεοῦ
857 2407 1062 2474 σοφία.
1107 2406 1233 2459 Ἰδοὺ
1257 2410 1283 2460 6
1317 2406 1545 2470 θάνατος
1565 2409 1658 2461 τοῦ
1694 2410 1823 2480 Χρι-

257 2495 407 2558 στοῦ,
448 2497 566 2565 ἦτοι
610 2499 638 2549 6
690 2497 940 2563 σταυρὸς,
977 2497 1084 2575 τὴν
1135 2499 1498 2552 ὲνυπόστατον
1547 2499 1640 2552 τοῦ
1691 2499 1824 2552 Θεοῦ

255 2590 448 2658 σοφίαν
499 2589 592 2641 καὶ
648 2589 879 2660 δύναμιν
927 2592 1072 2659 ἡμᾶς
1131 2590 1444 2660 περιέϐαλε.
1484 2591 1722 2661 Δύναμις
1766 2592 1822 2644 δὲ

252 2678 388 2732 Θεοῦ
421 2681 567 2730 ἐστιν
597 2680 623 2730 ό
649 2680 820 2746 Λόγος
869 2683 896 2732 ὁ
942 2678 1035 2731 τοῦ
1064 2680 1372 2751 σταυροῦ,ἢ
1404 2681 1484 2734 ὅτι
1512 2681 1574 2733 τὸ
1603 2681 1829 2734 δυνατὸν

252 2767 348 2820 τοῦ
370 2767 526 2830 Θεοῦ,
556 2769 674 2838 ἤτοι
711 2771 742 2838 ἡ
782 2769 922 2821 κατὰ
971 2768 1064 2822 τοῦ
1128 2769 1361 2824 θανάτου
1394 2771 1540 2841 νίκη,
1565 2772 1632 2824 δι’
1665 2773 1830 2825 αὑτοῦ

251 2861 385 2934 ἡμῖν
418 2858 822 2930 πεφανέρωται,
856 2860 889 2929 ἢ
919 2861 1022 2924 ὅτι,
1078 2859 1268 2930 ῶσπερ
1297 2861 1365 2912 τὰ
1410 2865 1656 2932 τέσσαρα
1686 2863 1833 2933 ἄκρα

250 2949 347 3003 τοῦ
375 2949 607 3022 σταυροῦ
638 2950 728 3004 διὰ
757 2950 852 3002 τοῦ
890 2951 1059 3020 μέσου
1092 2953 1318 3022 κέντρου
1363 2952 1692 3024 κρατοῦνται
1739 2956 1834 3008 καὶ

255 3039 650 3109 συσφίγγονται
676 3075 690 3099 .
768 3040 945 3103 οὕτως
974 3041 1061 3093 διὰ
1091 3041 1193 3110 τῆς
1222 3042 1318 3093 τοῦ
1354 3042 1489 3094 Θεοῦ
1526 3043 1831 3114 δυνάμεως,

251 3133 318 3186 τό
363 3148 423 3184 τε.
484 3130 617 3200 ὕψος
672 3131 767 3184 καὶ
815 3132 877 3184 τὸ
911 3131 1094 3202 βάθος,
1148 3133 1321 3202 μῆκός
1361 3150 1418 3185 τε
1465 3135 1558 3186 καί⁸
1607 3135 1832 3199 πλάτος,

1931 1962 2032 2002 nos
2063 1948 2301 2016 denique
2334 1949 2429 2002 ﬁlii
2489 1949 2578 2004 Dei
2609 1959 2773 2019 atque
2813 1950 3055 2004 haeredes
3090 1949 3244 2010 facti,
3288 1952 3393 2004 nisi
3421 1968 3516 2019 per

1927 2053 2146 2092 crucem
2175 2037 2385 2093 Domini
2413 2040 2584 2092 nostri
2617 2038 2744 2093 Jesu
2768 2040 2994 2094 Christi.
3098 2038 3377 2110 Siquidem
3402 2042 3516 2095 haec

1929 2129 2112 2182 omnia
2145 2144 2277 2182 crux
2309 2131 2557 2199 praestitit
2588 2145 2602 2181 :
2643 2129 2949 2200 Quicunque
2974 2131 3134 2192 enim,
3169 2131 3340 2199 inquit
3370 2133 3518 2201 Apo-

1929 2221 2128 2285 stolus,
2153 2221 2204 2273 in
2231 2217 2499 2274 Christum
2523 2221 2784 2287 baptizuli
2808 2238 3010 2287 sumus,
3033 2222 3086 2274 in
3109 2232 3324 2274 mortem
3348 2223 3516 2290 ipsius

1930 2311 2185 2379 baptizati
2219 2328 2401 2365 sumus
2429 2317 2488 2367 σί.
2511 2315 2817 2381 Quicunque
2845 2325 3019 2367 autem
3044 2315 3098 2366 in
3119 2312 3382 2367 Christum
3422 2315 3516 2367 ba-

1926 2405 2329 2471 ptizatisumus,
2349 2401 2898 2458 Christuminduimus
2929 2406 2968 2462 '.
2997 2405 3237 2458 Christus
3264 2415 3517 2474 porroest

1931 2494 2028 2548 Dei
2068 2497 2233 2549 virtus
2271 2503 2319 2548 et
2349 2495 2609 2562 sapientia
2647 2495 2772 2549 ’.En
2792 2510 2899 2563 quo
2924 2503 3082 2564 pacto
3116 2496 3317 2550 Christi
3351 2512 3515 2560 mors,

1929 2587 2044 2640 sive
2074 2602 2207 2639 crux
2259 2587 2578 2641 suhsistenti
2605 2585 2694 2640 Dei
2723 2587 2990 2654 sapientia
3013 2603 3112 2661 nos
3150 2587 3385 2641 vestivit.
3424 2587 3516 2642 Dei

1933 2687 2116 2731 autem
2176 2680 2353 2733 virtus
2407 2679 2634 2732 verbmu
2672 2678 2855 2734 crucis
2885 2679 3110 2743 dicitur,
3150 2679 3232 2733 vel
3264 2680 3389 2748 quia
3424 2677 3516 2733 Dei

1937 2769 2018 2823 vis
2046 2786 2109 2824 ac
2147 2771 2415 2840 potentia,
2445 2772 2550 2826 hoc
2573 2782 2677 2837 est,
2709 2773 2939 2826 victoria
2966 2770 3233 2826 adversus
3267 2783 3517 2836 mortem,

1938 2872 2034 2926 per
2062 2872 2181 2912 eam
2214 2857 2377 2912 nobis
2404 2859 2760 2913 manifestata
2789 2867 2904 2925 est;
2941 2858 3024 2912 vel
3044 2858 3196 2926 quia,
3216 2859 3362 2912 sicut
3387 2872 3522 2928 qua-

1936 2957 2065 3001 tuor
2117 2957 2379 3002 cxtrcmze
2413 2949 2597 3004 crucis
2633 2957 2819 3018 partes
2853 2964 2949 3018 per
2982 2949 3222 3004 medium
3268 2960 3518 3004 centrum

1937 3041 2078 3093 inter
2123 3055 2182 3094 se
2223 3040 2504 3094 cohaerent
2536 3047 2590 3094 et
2626 3041 3115 3110 constringuntur,
3176 3041 3248 3094 ita
3289 3056 3386 3110 per
3429 3041 3520 3095 Dei

1937 3132 2232 3200 potentiam
2272 3131 2587 3186 sublimitas
2643 3138 2697 3184 et
2728 3130 3096 3200 prelunditas,
3157 3132 3440 3202 longitudo
3467 3141 3523 3186 et

253 3222 376 3291 ἦτοι
447 3223 597 3276 πᾶσα
662 3223 832 3294 ὁρατή
908 3240 967 3276 τε
1029 3223 1125 3278 καὶ
1188 3224 1420 3295 ἀόρατος
1468 3226 1644 3288 κτίσις
1707 3243 1833 3279 συν-

1945 3222 2198 3284 latitudo,
2250 3222 2354 3276 hoc
2403 3229 2509 3285 est,
2565 3221 2748 3275 omnis
2783 3232 2896 3276 tam
2965 3223 3200 3278 visibilis
3233 3238 3396 3293 quam
3435 3222 3523 3276 iu-

254 3313 462 3383 ἐχεται.

328 3399 494 3469 Οὗτος
520 3405 654 3476 ἡμῖν
685 3408 912 3476 σημεῖον
1076 3407 1290 3462 δέδοται
1321 3409 1413 3461 ἐπὶ
1435 3408 1528 3461 τοῦ
1558 3408 1831 3478 μετώπου,

251 3494 315 3548 ὃν
341 3495 540 3565 τρόπον
560 3495 636 3566 τῷ
651 3497 685 3548 ’1
697 3497 868 3566 σραὴλ
889 3497 921 3567 ἡ
948 3501 1212 3568 περιτομή
1233 3515 1246 3527 °
1266 3499 1334 3552 δι’
1358 3498 1521 3551 αὑτοῦ
1545 3499 1653 3570 γὰρ
1669 3500 1718 3552 οἱ
1741 3517 1834 3553 πι-

254 3588 376 3640 στοὶ
403 3587 512 3641 τῶν
545 3589 792 3642 ἀπίστων
823 3589 1260 3661 ἀποδιιστάμεθα
1308 3594 1402 3645 καὶ
1427 3593 1834 3666 γνωριζόμεθα.

299 3673 427 3741 ῦτος
458 3678 652 3749 θυρεὸς
678 3682 772 3732 καὶ
799 3681 962 3734 ὅπλον
997 3682 1092 3733 καὶ
1119 3683 1380 3750 τρόπαιον
1417 3687 1557 3738 κατὰ
1608 3684 1702 3738 τοῦ
1724 3687 1837 3739 δια-

254 3770 438 3824 δόλου.
463 3765 629 3834 Οὗτος
651 3773 908 3842 σφραγὶς,
935 3773 1019 3824 ἵνα
1037 3773 1114 3841 μὴ
1139 3773 1264 3844 θίγῃ
1285 3774 1443 3844 ἡμῶν
1461 3778 1488 3827 6
1509 3775 1834 3846 ὀλοθρεύων,

252 3863 332 3924 ὼς
361 3865 392 3931 ἡ
424 3863 614 3934 Γραφή
653 3880 842 3933 φησιν.
875 3858 1042 3926 Οὗτος
1078 3863 1186 3916 τῶν
1212 3866 1478 3935 κειμένων
1517 3868 1833 3932 ἀνάστασις,

255 3956 366 4009 τῶν
395 3955 645 4010 ἑστώτων
688 3959 990 4028 στήριγμα,
1018 3957 1258 4010 ἀσθενῶν
1282 3957 1578 4030 βακτηρία,
1612 3977 1836 4030 ποιμαι-

257 4047 502 4116 νομένων
543 4048 758 4118 ῥάὸδος,
788 4049 1228 4120 ἐπιστρεφόντων
1281 4052 1647 4120 χειραγωγία,
1700 4070 1837 4122 προ-

256 4139 574 4191 κοπτόντων
609 4137 914 4203 τελείωσις,
945 4138 1120 4209 ψυχῆς
1164 4141 1408 4211 σωτηρία
1433 4142 1528 4193 καὶ
1565 4141 1836 4211 σώματος,

257 4227 477 4281 πάντων
509 4227 618 4280 τῶν
649 4229 830 4281 κακῶν
855 4230 1246 4299 ἀποτρόπαιον,
1283 4231 1500 4284 πάντων
1543 4232 1652 4284 τῶν
1698 4233 1837 4298 ἀγα-

257 4318 371 4372 θῶν
403 4319 680 4389 πρόξενος,
717 4320 991 4388 ἁμαρτίας
1045 4319 1344 4390 ἀναίρεσις,
1395 4319 1560 4389 φυτὸν
1602 4323 1838 4376 ἀναστά-

259 4427 423 4474 σεως,
450 4407 607 4473 ξύλον
635 4407 782 4479 ζωῆς
821 4409 1066 4464 αἰωνίου.

334 4585 472 4638 Αὐτὸ
514 4584 612 4654 μὲν
642 4579 737 4638 οῦν
785 4584 847 4636 τὸ
896 4584 1076 4654 τίμιον
1126 4583 1284 4648 ξύλον

261 4677 359 4730 καὶ
392 4676 710 4744 σεϐάσμιον,
745 4676 804 4727 ὲν
827 4669 871 4742 ᾧ
893 4676 1084 4728 ἑαυτὸν
1107 4677 1186 4736 εἰς
1235 4675 1425 4729 θυσίαν
1452 4677 1592 4748 ὑπὲρ
1615 4679 1772 4748 ἡμῶν
1811 4683 1839 4733 6

261 4764 495 4834 Χριστὸς
552 4766 949 4834 προσενήνοχεν
977 4806 991 4828 ,
1053 4766 1128 4828 ὡς
1182 4765 1438 4831 ἁγιασθὲν
1481 4771 1548 4838 τῇ
1587 4771 1697 4840 ἀφῇ
1741 4771 1836 4824 τοῦ

258 4857 422 4925 ἁγίου
451 4856 706 4929 σώματός
754 4878 812 4914 τε
843 4863 938 4914 καὶ
979 4860 1211 4931 αἵματος
1255 4861 1674 4932 προσκυνητέον,
1719 4863 1844 4916 τοὺς

263 4950 430 5020 ἥλους
458 4989 474 5015 ,
543 4952 645 5021 τὴν
673 4951 902 5022 λόγχην,
933 4951 1004 5004 τὰ
1045 4950 1338 5021 ἐνδύματα,
1372 4953 1467 5006 καὶ
1495 4952 1561 5004 τὰ
1596 4951 1719 5023 ἱερά
1742 4954 1842 5004 αὐ-

263 5036 360 5089 τοῦ
397 5039 730 5110 σκηνώματα
752 5057 766 5070 ⁸
799 5040 958 5094 ἅτινά
995 5041 1132 5094 εἰσιν
1167 5042 1199 5110 ή
1235 5043 1434 5114 φάτνη,
1465 5042 1526 5094 τὸ
1557 5042 1843 5111 σπήλαιον,

263 5129 293 5180 6
322 5128 364 5180 Γ
366 5127 618 5198 οργοθᾶς,
649 5133 678 5182 6
703 5132 971 5201 σωτήριος
1004 5167 1020 5192 ,
1082 5133 1109 5182 6
1141 5130 1402 5196 ζωοποιὸς
1431 5132 1619 5198 τάφος,
1655 5133 1688 5200 ἡ
1707 5127 1845 5183 Σιὼν

263 5218 377 5272 τῶν
418 5220 754 5291 Ἐκκλησιῶν
793 5222 1107 5292 ἀκρόπολις,
1144 5224 1240 5275 καὶ
1266 5223 1334 5276 τὰ
1363 5225 1526 5294 ὅμοια
1544 5241 1556 5253 ·
1583 5223 1658 5286 ὡς
1679 5240 1842 5293 φησιν

262 5313 294 5363 6
327 5310 606 5384 θεοπάτωρ
631 5315 794 5368 Δαϐίδ
827 5329 842 5343 ’
997 5316 1484 5383 Εἱσελευσόμεθα
1509 5317 1594 5380 εἰς
1610 5315 1681 5367 τὰ
1695 5331 1842 5379 σκη-

263 5398 509 5469 νώματα
564 5404 772 5466 αὺτοῦ,
827 5405 1339 5474 προσκυνήσομεν
1375 5408 1462 5472 είς
1518 5406 1624 5458 τὸν
1661 5407 1846 5458 τόπον

264 5486 342 5546 οὗ
373 5494 646 5560 ἔστησαν
684 5499 735 5550 οἱ
760 5495 941 5560 πόδες
965 5496 1172 5550 αὐτοῦ.
1195 5496 1316 5548 Ὅτι
1335 5497 1389 5548 δὲ
1413 5497 1648 5565 σταυρὸν
1676 5495 1844 5563 λέγει,

264 5582 421 5652 δηλοί
441 5585 502 5638 τὸ
531 5587 798 5656 ἑπόμενον
819 5603 832 5617 ·
866 5587 1192 5655 Ἀνάστηθι,
1227 5589 1422 5655 Κύριε,
1448 5591 1534 5654 είς
1558 5586 1674 5653 τὴν
1700 5587 1843 5641 ἀνά-

266 5677 504 5730 παυσίν
530 5694 667 5732 σου.
707 5680 936 5732 "Enecat
963 5679 1070 5748 γὰρ
1101 5678 1179 5750 τῷ
1220 5679 1434 5750 σταυρῴ
1466 5681 1497 5748 ὴ
1531 5679 1846 5743 ἀνάστασις.

355 5849 372 5886 ³
411 5849 569 5909 Boni.
597 5872 669 5917 vr,
701 5853 732 5905 5

832 5858 849 5885 ¹
883 5853 1000 5910 Gal.
1049 5869 1126 5918 tu,
1159 5853 1243 5905 Ἦ.
1325 5852 1342 5885 ³
1387 5855 1548 5912 lCor.
1583 5873 1618 5922 ι,
1649 5855 1738 5908 ΕΗ.

1821 5853 1837 5885 δ
1867 5851 2138 5919 Exod.t.\‘,
2166 5852 2249 5906 1‘2.

1938 3309 2173 3364 visibilis
2204 3317 2481 3373 creatura,
2517 3308 2848 3363 continetur.

2016 3397 2204 3453 Crucis
2231 3400 2442 3469 signum
2476 3401 2656 3468 ﬁdeles
2691 3402 2828 3453 inter
2847 3409 2895 3454 et
2917 3401 3155 3470 inﬁdeles
3182 3403 3524 3458 discernit.—

1939 3488 2068 3545 llaec
2110 3490 2273 3546 nobis
2314 3491 2457 3561 signi
2488 3491 2610 3544 loco
2661 3492 2714 3544 in
2747 3490 2929 3547 fronte
2977 3491 3102 3546 data
3133 3503 3240 3558 est,
3269 3496 3412 3550 haud
3438 3512 3524 3551 se-

1938 3599 2040 3639 cus
2077 3598 2141 3636 ac
2172 3583 2524 3638 circumcisio
2556 3581 2768 3636 lsraeli.
2792 3584 2899 3641 Per
2937 3584 3079 3638 hanc
3103 3600 3204 3640 nos
3231 3586 3418 3641 lideles
3457 3588 3527 3643 ab

1937 3675 2254 3730 inﬁdelibus
2310 3675 2706 3744 distinguimur
2755 3684 2921 3744 atque
2970 3679 3347 3747 agnoscimur.
3398 3679 3526 3733 Haec

1939 3769 2186 3838 clypcus,
2235 3777 2540 3831 armatura,
2593 3775 2758 3834 atque
2809 3775 3070 3835 tropieum
3126 3777 3210 3822 est
3260 3769 3525 3825 adversus

1939 3859 2237 3911 diabolum.
2281 3857 2405 3911 llaec
2437 3858 2782 3927 signaculqu
2811 3865 2919 3922 est,
2949 3873 3018 3912 ne
3053 3873 3158 3912 nos
3195 3860 3526 3915 extermina-

1939 3959 2025 4003 ιυι·
2078 3952 2306 4019 angelus
2384 3960 2591 4019 tangat,
2646 3958 2703 4004 ut
2729 3951 3016 4020 Scriptura
3056 3952 3300 4022 loquitur
3329 3957 3366 4009 ⁸.
3401 3953 3527 4009 Haac

1938 4039 2242 4108 iacentium
2279 4041 2483 4092 erectio
2545 4049 2648 4104 est,
2689 4040 2958 4092 stantium
3004 4039 3405 4109 fulcimentum,
3441 4046 3526 4098 in-

1947 4132 2228 4183 tirmorum
2291 4131 2548 4195 baculus,
2606 4130 2792 4184 ovium
2856 4132 3033 4201 virga,
3084 4133 3525 4203 resipiscentium

1943 4222 2366 4282 adminiculum,
2441 4222 2858 4290 proﬁcientium
2913 4223 3201 4292 perfectio,
3253 4227 3450 4280 animae
3476 4236 3529 4282 et

1942 4313 2190 4383 corporis
2230 4313 2402 4377 salus,
2464 4314 2731 4366 malorum
2760 4315 3008 4366 Omnium
3059 4315 3333 4386 depulsio,
3358 4318 3528 4372 bono-

1940 4419 2063 4457 rum
2098 4404 2340 4457 omnium
2377 4417 2566 4466 causa,
2597 4403 2806 4471 peccati
2837 4403 3150 4473 exstinctio,
3171 4411 3528 4466 resurrectio-

1948 4494 2032 4549 nis
2068 4495 2270 4563 planta,
2307 4494 2427 4548 vita:
2455 4501 2670 4548 mternae
2701 4493 2926 4563 lignum.

1491 4587 1566 4648 ὡς
1619 4588 1838 4658 ἀληθῶς
1880 4572 1924 4626 Ῑ)
2019 4585 2168 4657 Ligni
2227 4587 2398 4641 crucis
2435 4586 2700 4651 adoratio,
2743 4603 2804 4639 ac
2843 4587 3075 4642 aliorum
3128 4605 3244 4660 qua:
3287 4591 3528 4648 Christus

1945 4688 2190 4733 contactu
2221 4695 2317 4732 suo
2348 4680 2723 4748 sanctiﬁcavit.
2755 4709 2828 4720 -ο
2860 4679 2974 4735 lloc
3001 4681 3184 4750 itaque
3215 4686 3522 4751 pretiosum

1945 4786 2078 4825 sane
2103 4785 2167 4824 ac
2200 4773 2514 4827 venerabile
2547 4773 2773 4841 lignum,
2809 4772 2863 4824 in
2897 4786 3008 4841 quo
3031 4786 3090 4824 se
3133 4772 3394 4828 Christus
3428 4792 3529 4845 pro

1949 4856 2113 4912 nobis
2143 4855 2382 4910 hostiam
2421 4855 2638 4919 obtulit,
2663 4856 2742 4909 uti
2791 4857 3125 4911 sanctissimi
3160 4860 3414 4928 corporis
3439 4868 3525 4914 at-

1952 4961 2058 5016 que
2085 4946 2368 5015 sanguinis
2393 4953 2538 5000 tactu
2580 4944 3005 5006 sanctiﬁcatum,
3037 4948 3157 5016 iure
3213 4949 3371 5003 debet
3403 4951 3526 5005 ado-

1954 5037 2063 5089 rari
2092 5052 2104 5088 :
2135 5036 2627 5104 claviqueitem,et
2646 5035 2857 5101 lancea,
2888 5045 2940 5089 et
2973 5037 3321 5102 indumenta,
3351 5048 3404 5093 et
3444 5056 3531 5094 sa-

1953 5144 2060 5183 crze
2089 5129 2208 5196 ejus
2239 5131 2573 5194 mansiones,
2622 5129 2724 5183 hoc
2753 5136 2859 5192 est,
2902 5146 3161 5202 przesepe,
3199 5149 3419 5202 specus,
3443 5150 3534 5189 sa-

1956 5217 2148 5272 lutaris
2170 5215 2457 5288 Golgotha,
2497 5217 2772 5272 vivilicum
2799 5220 3138 5288 sepulcrum,
3182 5222 3314 5276 Sion
3344 5222 3531 5276 Eccle-

1955 5311 2164 5365 siarum
2198 5326 2316 5372 arx,
2346 5326 2409 5364 ac
2443 5311 2666 5376 similia,
2705 5312 3162 5382 quemadmodum
3206 5313 3300 5367 Dei
3336 5329 3534 5383 parens

1964 5401 2132 5455 David
2159 5403 2370 5457 aiebat:
2405 5400 2748 5457 Introibimus
2781 5406 2836 5459 in
2865 5404 3206 5481 tabernacula
3222 5404 3334 5472 ejus
3359 5420 3377 5458 :
3405 5403 3534 5458 ado-

1959 5493 2192 5547 rabimus
2219 5494 2271 5546 in
2301 5493 2438 5560 loco,
2467 5494 2821 5548 ubisteterunt
2850 5494 3002 5564 pedes
3035 5494 3149 5562 ejus
3173 5499 3216 5548 ⁵.
3251 5493 3405 5560 Quod
3437 5509 3534 5547 au-

1963 5593 2066 5640 tem
2107 5585 2194 5639 hic
2227 5600 2446 5640 crucem
2492 5585 2784 5654 intelligat,
2820 5593 3150 5654 argumento
3176 5594 3281 5650 est,
3310 5584 3360 5639 id
3389 5583 3533 5652 quod

1959 5678 2242 5744 sequitur:
2276 5676 2463 5740 Surqe,
2501 5675 2737 5741 Domine,
2769 5675 2823 5728 in
2855 5675 3081 5741 requiem
3109 5677 3312 5733 tuam“.
3340 5675 3536 5732 Comes

2326 5852 2344 5883 '
2387 5852 2525 5908 l’sal.
2554 5868 2734 5922 ccxxr,
2772 5855 2821 5912 7.
2904 5858 2924 5890 ⁶
2956 5855 3090 5916 ibid.
3121 5857 3177 5919 8.
