4020 6284
249 467 382 527 1249

1241 463 1612 524 PANOPLIA
1653 461 2111 522 DOGMATICA.
2141 486 2210 495 -
2232 461 2379 524 TlT.
2416 463 2589 526 XXV.

3353 473 3486 537 1250

240 582 313 652 μὴ
365 580 573 634 ἄνωθεν
633 565 994 653 γεννηθέντας
1028 579 1168 634 κατὰ
1207 579 1299 633 τοῦ
1347 580 1554 648 Κυρίου
1602 580 1797 650 φωνήν

1913 578 2005 646 qui
2037 578 2101 633 de
2141 581 2389 648 supernis
2424 582 2534 636 nati
2567 589 2714 644 sunt.
2755 592 2812 637 ut
2858 582 3117 641 Dominus
3170 589 3286 644 ait:
3332 607 3484 661 rega-

243 671 308 726 Ἣ
338 676 446 744 γὰρ
473 673 887 742 παλιγγενεσία,
916 673 988 735 ὡς
1024 673 1117 725 καὶ
1147 672 1278 724 αὐτὸ
1328 672 1480 741 δηλοί
1512 672 1580 728 τὸ
1615 671 1805 741 ὖνομα,

235 764 488 834 δευτέρου
544 763 660 832 βίου
706 764 857 816 ἐστὶν
898 764 1062 832 ἀρχή.
1101 763 1265 814 ’Ὥστε
1294 762 1349 814 δὲ
1397 763 1666 832 ἄρξασθαι
1713 763 1809 814 τοῦ

236 853 514 925 δευτέρου,
551 853 723 923 πέρας
748 853 853 923 χρὴ
888 853 1070 906 δοῦναι
1093 853 1169 922 τῷ
1197 854 1542 923 προλαϐόντι.
1588 851 1672 915 Ὠς
1702 854 1810 922 γὰρ

239 947 331 998 ἐπὶ
363 946 466 999 τῶν
494 946 584 998 τὸν
613 944 829 998 δίαυλον
865 946 1333 1013 ἀνακαμπτόντων
1368 945 1558 1007 στάσις
1605 961 1690 1007 τις
1717 947 1810 996 καὶ

238 1037 581 1108 ὲπηρέμησις
611 1037 710 1100 τὰς
733 1036 978 1098 ἐναντίας
1008 1036 1810 1106 κινήσειςδιαλαμϐάνει,οὕτω

238 1130 332 1182 καὶ
360 1129 453 1180 ἐπὶ
476 1126 576 1197 τῆς
600 1127 710 1181 τῶν
757 1127 889 1197 βίων
934 1127 1238 1198 μεταϐολῆς
1289 1131 1589 1193 ἀναγκαῖον
1637 1130 1808 1198 ἐφάνη

237 1218 467 1272 Θάνατον
518 1220 857 1289 ἀμφοτέροις
901 1219 1222 1288 μεσιτεῦσαι
1273 1222 1384 1283 τοῖς
1435 1220 1595 1290 βίοις,
1633 1237 1809 1290 περα-

234 1309 429 1364 τοῦντα
462 1312 558 1380 μὲν
607 1312 677 1364 τὰ
715 1312 1046 1382 προάγοντα,
1116 1312 1290 1383 ἀρχὴν
1325 1312 1381 1364 δὲ
1432 1312 1644 1366 διδόντα
1697 1315 1809 1374 τοῖς

234 1399 452 1471 ἐφεξῆς.
492 1402 614 1465 Πῶς
657 1398 749 1455 οὖν
795 1402 1175 1473 κατορθοῦμεν
1226 1407 1325 1472 τὴν
1370 1405 1450 1465 εἰς
1484 1402 1613 1474 ᾅδου
1644 1403 1810 1454 κατά-

235 1496 415 1559 ίασιν,
450 1494 777 1564 μιμούμενοι
835 1495 936 1560 τὴν
980 1495 1159 1566 ταφὴν
1192 1494 1287 1547 τοῦ
1320 1494 1592 1565 Χριστοῦ;
1629 1495 1806 1546 Οἱονε“ι

231 1585 337 1654 γὰρ
360 1585 692 1639 ὲνθάπτεται
718 1584 794 1656 τῷ
829 1584 980 1638 ὕδατι
1017 1585 1126 1637 τῶν
1157 1585 1574 1655 βαπτιζομένων
1599 1585 1668 1635 τὰ
1703 1582 1805 1634 odi-

235 1695 401 1747 ματα.
434 1678 722 1732 Ἀπόθεσιν
755 1679 848 1732 οὖν
877 1680 986 1731 τῶν
1013 1677 1190 1748 ἔργων
1222 1679 1319 1745 τῆς
1352 1678 1555 1747 σαρκὸς
1601 1676 1802 1745 συμϐο-

226 1771 397 1832 λικῶς
427 1770 720 1839 ὑποφαίνει
746 1771 806 1822 τὸ
837 1770 1142 1840 βάπτισμα,
1175 1772 1314 1823 κατὰ
1354 1771 1444 1822 τὸν
1475 1769 1803 1822 Ἀποστολον

228 1861 475 1932 λέγοντα,
511 1864 593 1916 ὅτι
647 1864 1078 1932 Περιετμήθητε
1143 1862 1432 1932 περιτομῇ
1465 1864 1802 1932 ἀχειροποι-

227 1963 349 2022 ητῳ
375 1954 443 2008 ἐν
481 1954 556 2023 τῇ
604 1956 934 2011 ἀπεκδύσει
981 1956 1088 2010 τοῦ
1125 1957 1403 2024 σώματος
1437 1954 1543 2024 τῆς
1576 1955 1800 2022 σαρκές

226 2046 295 2100 ἐν
331 2045 406 2114 τῇ
439 2047 728 2116 περιτομῇ
774 2048 878 2100 τοῦ
900 2047 1178 2116 Χριστοῦ,
1211 2045 1615 2115 συνταφέντες
1643 2041 1802 2108 αὐτῴ

225 2139 294 2191 ἐν
311 2137 390 2202 τῷ
407 2138 730 2208 ,ϐαπτισμῷ
756 2155 772 2170 ·
803 2139 895 2191 καὶ
913 2140 1075 2192 οἰονεί
1101 2139 1396 2209 καθάρσιόν
1419 2141 1532 2191 ἐστι
1559 2141 1624 2208 τῇ
1652 2137 1799 2210 ψυχῇ

224 2226 317 2279 τοῦ
345 2227 452 2280 ἀπὸ
480 2227 574 2280 τοῦ
627 2227 891 2297 σαρκικοῦ
940 2230 1288 2300 φρονήματος
1342 2229 1476 2299 αὐτῇ
1509 2244 1797 2298 προσγινο-

230 2319 392 2386 μένου
426 2319 602 2391 ῥύπου
627 2361 641 2385 ,
687 2322 828 2372 κατὰ
879 2320 939 2371 τὸ
965 2321 1374 2390 γεγραμμένον,
1426 2321 1506 2372 ὅτι
1543 2321 1802 2386 Πλυνεῑς

219 2425 314 2478 με,
344 2409 441 2462 καὶ
471 2410 626 2476 ὑπὲρ
654 2411 830 2477 χιόνα
857 2409 1368 2478 λευκανθήσομαι.
1395 2411 1493 2462 Διά
1514 2409 1670 2461 τοῦτο
1701 2411 1801 2463 οὐκ

229 2500 512 2563 ἱουδαῖκῶς
550 2500 637 2570 ἐφ’
662 2499 877 2569 ἑκάστῳ
910 2501 1219 2571 μολύσματι
1247 2501 1654 2569 ἁπολουόμεθα,
1681 2503 1799 2556 ἀλλ’

226 2591 284 2643 ἐν
313 2590 533 2661 οἴδαμεν
561 2591 621 2644 τὸ
657 2594 924 2662 σωτήριον
957 2592 1262 2670 βάπτισμα,
1302 2594 1491 2664 ἐπειδὴ
1527 2589 1606 2657 εἷς
1652 2596 1800 2648 ἐστιν

223 2683 251 2732 ὁ
279 2682 421 2751 ὑπὲρ
447 2681 544 2734 τοῦ
570 2683 777 2752 κόσμου
814 2683 1066 2746 θάνατος,
1098 2685 1192 2736 καὶ
1226 2684 1326 2754 μία
1356 2687 1420 2737 ὲκ
1440 2684 1652 2754 νεκρῶν
1684 2685 1800 2749 ἑξα-

221 2774 502 2839 νάστασις,
527 2769 604 2828 ὧν
633 2774 804 2836 τύπος
831 2776 947 2827 ἐστί
972 2778 1032 2828 τὸ
1061 2775 1360 2846 βάπτισμα.
1398 2777 1602 2830 Τούτου
1641 2779 1799 2848 χάριν

221 2866 250 2916 ὁ
278 2865 376 2934 τὴν
401 2863 545 2935 ζωὴν
565 2866 722 2935 ἡμῶν
775 2868 1078 2936 οἰκονομῶν
1123 2868 1326 2937 Κύριος
1358 2868 1455 2938 τὴν
1483 2869 1576 2920 τοῦ
1611 2869 1800 2938 βαπτί-

223 2972 428 3024 σματος
482 2959 614 3027 ἡμῖν
664 2957 816 3010 ἔθετο
859 2958 1148 3028 διαθήκην,
1199 2959 1434 3011 θανάτου
1473 2960 1647 3012 τύπον
1705 2962 1799 3013 καὶ

220 3045 370 3114 ζωῆς
397 3047 784 3118 περιέχουσαν,
815 3047 914 3119 τὴν
946 3049 1043 3118 μὲν
1074 3047 1168 3100 τοῦ
1195 3048 1427 3102 θανάτου
1479 3049 1666 3102 εἰκόνα
1702 3051 1796 3103 τοῦ

219 3135 416 3201 ὓδατος
469 3139 892 3210 ὲκπληροῦντος,
944 3141 1033 3192 τὸν
1073 3141 1128 3193 δὲ
1185 3141 1283 3211 τῆς
1329 3141 1472 3208 ζωῆς
1498 3140 1796 3212 ἀρραϐῶνα

1916 670 2123 723 ncratio
2158 671 2322 736 cnim,
2359 683 2414 725 ut
2444 673 2552 742 ipsa
2578 689 2674 726 vox
2707 675 2929 741 iudicat,
2959 677 3184 733 alterius
3225 683 3344 736 vitae
3379 685 3486 738 ini-

1915 763 2046 815 tium
2079 771 2182 816 est.
2225 762 2584 828 Quamobrem
2631 775 2688 818 ut
2711 765 2932 820 alteram
2961 770 3210 840 incipias,
3233 777 3397 841 priori
3426 778 3484 828 ti-

1913 855 2298 923 nemimpouas
2324 870 2546 909 necesse
2567 867 2669 909 est.
2699 857 3161 924 Quemadmodum
3181 865 3321 917 enim
3343 866 3394 918 in
3415 867 3483 919 iis
3523 899 3526 903 -

1912 943 2000 1010 qui
2032 958 2248 998 cursum
2281 949 2583 1012 reﬂectunt,
2611 958 2784 1004 status
2816 952 3034 1018 quidam
3066 963 3118 1005 et
3144 957 3294 1022 quies
3351 972 3482 1010 con-

1914 1037 2106 1090 trarios
2143 1047 2318 1092 motus
2353 1039 2638 1108 intercipit.
2689 1043 2766 1095 sic
2799 1054 2849 1097 et
2882 1046 2931 1097 in
3000 1039 3290 1102 mutmtitiue
3329 1052 3482 1103 «ita:

1913 1128 2275 1178 necessarium
2303 1128 2534 1190 videtur,
2574 1140 2628 1180 ut
2651 1145 2795 1183 mors
2826 1133 2966 1185 inter
2994 1147 3280 1204 utramque
3315 1140 3477 1191 vitam

1912 1217 2249 1271 ittterccdens
2303 1220 2729 1285 praeertlettlibtts
2781 1222 2936 1276 finem
3002 1228 3239 1293 imponat
3295 1241 3347 1282 et
3397 1248 3482 1283 sc-

1910 1309 2200 1373 queutibus
2281 1311 2602 1378 principium
2658 1313 2934 1374 exhibeat.
2993 1317 3269 1380 Quomodo
3316 1317 3479 1384 igitur

1911 1399 2228 1452 descensum
2259 1401 2321 1454 ad
2353 1397 2556 1456 inferos
2587 1403 2884 1473 dirigemus
2913 1405 2935 1456 ?
2964 1405 3238 1461 lmitantes
3297 1407 3478 1474 sepul-

1911 1499 2082 1540 turam
2104 1490 2326 1543 Christi.
2355 1493 2549 1545 Eurum
2567 1492 2707 1545 enim
2740 1495 2828 1561 qui
2859 1496 3196 1563 baptizanzur
3250 1510 3476 1564 corpora

1909 1577 1962 1631 in
1998 1595 2134 1648 aqua
2169 1584 2563 1648 quodammodo
2589 1586 2940 1651 sepeliuntur.
2978 1587 3158 1655 Itaque
3182 1587 3482 1654 baptismus

1909 1670 2129 1738 figurate
2159 1689 2380 1742 operum
2439 1676 2618 1729 Carnis
2665 1679 3052 1744 tlepositionem
3088 1679 3384 1745 signiﬁcat,
3407 1693 3475 1731 ex

1905 1762 2140 1828 Apustuli
2162 1767 2427 1818 sententia
2449 1768 2676 1821 dicentis
2707 1787 2719 1821 :
2755 1769 3073 1823 Circumcisi
3105 1773 3226 1824 estis
3255 1773 3478 1824 circum-

1906 1854 2098 1905 cisione
2152 1872 2253 1907 non
2303 1873 2460 1908 manu
2508 1860 2648 1925 facta
2697 1860 2750 1912 in
2816 1863 3196 1928 exspoliutione
3240 1864 3480 1930 corporis

1908 1947 2101 2010 carnis,
2132 1948 2184 1999 in
2227 1946 2423 2001 Christi
2461 1951 2854 2004 circumcisione
2883 1955 3173 2018 consepti/ti
3214 1970 3329 2007 cum
3362 1956 3473 2022 ipso

1907 2037 1962 2088 in
1992 2037 2245 2104 baptismo
2275 2042 2315 2093 ¹.
2353 2039 2418 2093 Et
2440 2049 2521 2094 est
2560 2052 2812 2110 tanquam
2842 2045 3163 2112 expurgatio
3203 2046 3397 2099 anima:
3445 2064 3474 2099 ιι

1908 2131 2156 2184 sordibus
2174 2147 2291 2197 qua!
2309 2133 2381 2186 illi
2401 2134 2597 2187 adsunt
2618 2151 2680 2186 ex
2702 2139 2883 2189 carnis
2899 2135 3329 2204 s:tpicutia,sicut
3347 2139 3481 2192 scri-

1906 2233 2055 2290 ptum
2075 2233 2154 2275 εει
2176 2239 2188 2274 :
2213 2220 2436 2275 Lavabis
2459 2238 2606 2286 me,et
2620 2241 2773 2287 super
2790 2226 2953 2278 nivem
2971 2227 3253 2280 dealbabor
3270 2228 3482 2283 ’.ldcir-

1905 2327 1969 2366 co
1997 2328 2100 2365 non
2134 2328 2285 2366 more
2315 2311 2625 2367 Judteorum
2653 2316 2922 2368 abluituur
2942 2317 3005 2368 ad
3036 2317 3274 2386 singulas
3305 2319 3480 2388 inqui-

1906 2405 2170 2466 nationes,
2206 2405 2298 2457 sed
2334 2422 2494 2457 unum
2535 2408 2778 2459 novimus
2803 2407 3126 2475 baptismum
3159 2409 3476 2477 salutarem,

1903 2495 2154 2563 quoniam
2190 2510 2294 2548 una
2325 2505 2404 2548 est
2436 2511 2530 2562 pro
2571 2498 2770 2550 mundo
2799 2513 2965 2564 mors,
2991 2509 3045 2553 et
3081 2515 3183 2553 una
3203 2503 3478 2558 amortuis

1903 2587 2251 2649 resurrectio,
2281 2601 2506 2653 quarum
2540 2586 2762 2653 ﬁguram
2791 2590 3088 2656 baptismus
3107 2591 3242 2660 gerit
3267 2608 3281 2658 ;
3326 2595 3479 2662 cujus

1905 2677 1980 2727 rei
2008 2677 2179 2744 gratia
2206 2676 2296 2742 qui
2323 2678 2484 2729 vitam
2507 2688 2749 2730 nostram
2776 2680 2909 2747 regit
2937 2678 3194 2736 Dominus
3227 2683 3480 2752 baptismi

1902 2765 2077 2822 laetius
2111 2769 2269 2822 nobis
2297 2769 2664 2837 instituit,quo
2688 2772 2875 2824 mortis
2898 2772 3129 2840 vittaque
3155 2774 3320 2842 ﬁgura
3349 2791 3479 2829 cono

1903 2861 2127 2911 tinetur.
2159 2859 2345 2913 Mortis
2379 2861 2520 2911 enim
2567 2877 2703 2928 aqua
2737 2861 2917 2930 explet
2952 2864 3284 2934 imaginem;
3353 2869 3476 2923 vita:

1901 2963 2076 3004 autem
2104 2952 2294 3021 pignus
2326 2953 2558 3018 Spiritus
2584 2956 3165 3031 prwbetaQuarequod
3194 2962 3474 3028 quaereba-

1902 3049 2011 3100 tur.
2068 3054 2166 3092 cur
2208 3055 2347 3107 aqua
2395 3057 2516 3094 cum
2562 3040 2764 3109 Spiritu
2806 3057 3196 3112 assumeretur,
3243 3063 3310 3103 ex
3385 3051 3470 3104 bis

1899 3129 2223 3199 patefactum
2245 3140 2345 3184 est.
2373 3129 2506 3184 Cum
2541 3134 2684 3185 enim
2715 3134 2820 3187 duo
2841 3135 2892 3188 in
2919 3137 3180 3204 baptismo
3205 3143 3474 3209 proposita

218 3231 596 3299 παρεχομένου
618 3230 711 3283 τοῦ
729 3230 1068 3302 Πνεύματος,
1095 3230 1235 3284 ὥστε
1264 3232 1434 3299 σαφὲς
1466 3233 1598 3300 ἡμῖν
1621 3229 1796 3283 ivssit-

1904 3223 2027 3287 sint,
2079 3231 2140 3278 ut
2193 3223 2442 3278 deleatur
2473 3239 2668 3291 corpus
2700 3227 2906 3294 peccati
2940 3243 3005 3282 ne
3055 3233 3289 3299 amplius
3320 3236 3472 3288 morti

217 3319 313 3375 θεν
342 3321 532 3390 γέγονε
563 3322 626 3376 τὸ
679 3323 1013 3393 ζητούμενον
1038 3361 1052 3385 ,
1109 3323 1251 3375 διατι
1303 3322 1380 3392 τῷ
1419 3322 1694 3390 ῐινεύματι
1728 3322 1789 3375 τὸ

217 3413 365 3484 ὕδωρ
396 3413 857 3486 συμπαρελήφθη,
885 3417 991 3479 ὅτι,
1022 3414 1115 3467 δύο
1151 3413 1370 3466 σκοπῶν
1401 3414 1458 3465 ὲν
1484 3413 1560 3482 τῷ
1592 3411 1786 3482 βαπτί-

216 3521 387 3573 σματι
418 3505 820 3574 προκειμένων,
855 3507 1201 3574 καταργῆσαι
1253 3503 1353 3570 μὲν
1382 3503 1442 3554 τὸ
1493 3503 1654 3573 σῶμα
1685 3505 1786 3574 τῆς

211 3596 494 3665 ἁμαρτίας
526 3597 620 3649 τοῦ
644 3596 842 3667 μηκέτι
868 3597 1239 3668 καρποφορεῖν
1269 3594 1403 3648 αὐτὸ
1446 3593 1524 3664 τῷ
1549 3594 1788 3664 θανάτῳ,

210 3689 319 3757 ζῇν
351 3687 408 3740 δὲ
439 3688 515 3757 τῷ
541 3688 844 3757 Πνεύματι,
874 3690 968 3741 καὶ
1003 3688 1213 3756 καρπὸν
1245 3688 1394 3757 ἔχειν
1417 3689 1476 3741 ὲν
1501 3686 1787 3756 ἁγιασμῷ,

207 3781 277 3831 τὸ
309 3779 408 3848 μὲν
435 3778 578 3848 ’ύδωρ
604 3779 698 3832 τοῦ
725 3777 958 3832 θανάτου
995 3778 1091 3848 τὴν
1116 3779 1303 3830 εἰκόνα
1318 3777 1569 3847 παρέχει,
1601 3777 1791 3847 ὥσπερ

208 3873 276 3923 ὲν
304 3873 448 3940 ταφῇ
477 3871 537 3923 τὸ
565 3870 728 3939 σῶμα
759 3869 1220 3940 παραδεχόμενον.
1258 3867 1333 3920 Τὸ
1364 3868 1419 3920 δὲ
1444 3866 1668 3937 Πνεῦμα
1691 3869 1791 3936 τὴν

209 3965 486 4029 {tuonth
510 3967 686 4036 ἐνίησι
714 3965 966 4036 δύναμιν,
990 3965 1098 4018 άπὸ
1113 3964 1212 4033 τῆς
1241 3963 1380 4017 κατὰ
1397 3962 1496 4033 τὴν
1515 3963 1792 4032 ἁμαρτίαν

209 4056 548 4126 νεκρότητος
580 4057 659 4120 εἰς
690 4057 791 4126 τὴν
823 4055 881 4121 ἐξ
914 4055 1090 4126 ἀρχῆς
1121 4053 1268 4126 ζωὴν
1307 4053 1404 4118 τὰς
1427 4053 1603 4122 ψυχὰς
1634 4053 1792 4123 ἡμῶν

205 4149 588 4214 ἁνακαινίζον.
621 4149 795 4202 Τοῦτο
839 4147 932 4201 οὖν
959 4147 1076 4200 ἐστι
1121 4147 1183 4199 τὸ
1211 4145 1419 4200 ἄνωθεν
1463 4143 1791 4212 γεννηθῆναι

207 4241 274 4307 ἐξ
305 4239 494 4303 ὓδατος
558 4242 652 4294 καὶ
699 4239 1040 4310 Πνεύματος,
1073 4237 1149 4300 ὡς
1188 4237 1286 4306 τῆς
1319 4234 1423 4304 μὲν
1471 4233 1792 4302 νεκρώσεως

207 4335 275 4383 ἐν
313 4331 392 4402 τῷ
422 4331 576 4386 ὕδατι
602 4330 1069 4401 τελουμένης,τῆς
1101 4327 1158 4382 δὲ
1181 4326 1325 4395 ζωῆς
1352 4328 1384 4393 ἡ
1396 4325 1512 4394 μῶν
1543 4326 1793 4395 ἐνεργου-

211 4424 389 4493 μένης
422 4424 510 4477 διὰ
551 4424 644 4478 τοῦ
700 4421 1042 4489 Πνεύματος.
1098 4419 1188 4472 Ἐν
1217 4419 1397 4489 τρισὶν
1427 4412 1522 4470 οὖν
1551 4417 1789 4471 καταδύ-

1896 3318 2134 3373 fructum
2163 3318 2318 3379 ferat,
2352 3328 2404 3371 et
2430 3317 2634 3386 Spiritu
2659 3321 2804 3372 vivat
2847 3334 2908 3374 ac
2941 3319 3170 3376 fructum
3195 3324 3388 3380 habeat
3421 3329 3472 3382 in

1897 3412 2346 3480 sanctitate,aqua
2373 3410 2560 3464 mortis
2585 3410 2870 3480 imaginem
2909 3414 3192 3478 gerit,cum
3219 3427 3474 3486 tanquam

1899 3503 1952 3555 in
1990 3501 2240 3570 sepulcro
2262 3515 2458 3568 corpus
2480 3501 2730 3569 accipiat,
2759 3500 2991 3570 Spit-bus
3017 3514 3195 3559 autem
3258 3508 3474 3563 vitalem

1898 3597 2151 3648 virtutem
2189 3593 2382 3662 injicit,
2416 3593 2540 3646 dum
2575 3607 2604 3646 a
2635 3594 2967 3650 mortalitate
2983 3610 3048 3650 ex
3077 3608 3302 3666 peccato
3353 3617 3463 3670 pro-

1895 3689 2144 3743 veniente
2166 3689 2373 3740 animas
2394 3694 2604 3739 nostras
2627 3687 2693 3740 ad
2725 3687 2888 3740 vitam
2907 3690 3188 3756 pristinam
3227 3705 3470 3750 renovat.

1897 3779 2010 3834 Hoc
2049 3777 2214 3846 igitur
2240 3788 2326 3830 est
2361 3776 2428 3830 de
2461 3777 2711 3844 supernis
2745 3779 2890 3830 nasci
2915 3787 2968 3829 et
2993 3795 3128 3847 aqua
3162 3791 3216 3834 et
3245 3781 3468 3850 Spiritu,

1895 3883 2016 3921 cum
2037 3868 2091 3918 in
2122 3879 2257 3932 aqua
2289 3865 2600 3932 perficiatur
2655 3864 3016 3929 mortiﬁcatio,
3063 3877 3116 3922 et
3145 3871 3251 3924 vita
3286 3882 3472 3927 nostra

1898 3970 1993 4025 per
2052 3955 2310 4024 Spiritqu
2361 3955 2724 4024 instauratur.
2773 3956 2968 4012 Ternis
3030 3959 3192 4030 igitur
3251 3963 3473 4018 innuer-

1897 4046 2165 4110 sionibus,
2185 4045 2459 4111 ternisque
2481 4046 2928 4115 appellatiOuibus
2956 4065 3204 4120 maguum
3221 4055 3469 4122 baptismi

1898 4138 2206 4207 mysterium
2229 4137 2521 4206 peragitur,
2560 4151 2612 4190 ut
2639 4149 2692 4192 et
2726 4143 2914 4194 mortis
2932 4145 3100 4210 tigura
3119 4147 3468 4213 exprimatur,

1894 4239 1948 4286 et
1973 4228 2164 4282 divina:
2179 4227 2500 4296 cognitionis
2527 4231 2770 4282 doctrina
2791 4245 2978 4285 eorum
3013 4235 3104 4303 qui
3127 4235 3472 4305 baptizantur

1896 4326 2091 4380 anima:
2124 4325 2483 4380 illustrentur.
2509 4325 2873 4390 Quamobrem
2911 4330 2957 4384 si
2983 4345 3087 4399 qua
3108 4334 3280 4402 gratia
3309 4337 3471 4392 estin

1897 4433 2059 4484 aqua,
2076 4431 2136 4470 ea
2167 4431 2272 4470 non
2290 4430 2352 4470 ex
2371 4432 2524 4486 aqua:
2543 4427 2757 4483 natura,
2777 4421 2870 4475 sed
2898 4436 2964 4475 ex
2987 4421 3221 4492 Spiritus
3236 4441 3473 4496 prasen-

208 4531 358 4580 σεσι,
388 4519 483 4569 καὶ
515 4515 823 4586 ἰσαρίθμοις
856 4516 975 4575 ταῖς
1017 4511 1341 4578 ἐπικλήσεσι
1377 4510 1440 4562 τὸ
1487 4510 1789 4579 μυστήριον

1904 4513 1970 4564 tia
2005 4506 2278 4576 provenit.

204 4607 317 4669 τοῦ
359 4608 736 4678 βαπτίσματος
785 4605 1110 4670 τελειοῦται,
1154 4603 1241 4656 ἵνα
1263 4603 1354 4655 καὶ
1377 4602 1407 4654 ὁ
1430 4602 1523 4655 τοῦ
1555 4601 1786 4655 θανάτου
1809 4601 1980 4663 τύπος
2007 4598 2368 4669 ιξεικονισθῇ,
2405 4601 2499 4652 καὶ
2530 4602 2596 4671 τῇ
2658 4604 2962 4671 παραδόσει
2985 4606 3087 4676 τῆς
3133 4609 3473 4678 θεογνωσιας

209 4705 323 4767 τὰς
376 4701 554 4772 ψυχὰς
580 4699 938 4770 φωτισθῶμεν
966 4700 1016 4752 οἱ
1050 4697 1459 4767 βαπτιζόμενοι.
1480 4697 1643 4749 ’Ὥστε
1667 4697 1719 4748 εἴ
1743 4699 1825 4761 τίς
1855 4698 2004 4749 ἐστιν
2036 4696 2092 4747 ὲν
2124 4693 2206 4763 τῷ
2263 4692 2418 4748 ύδατι
2450 4696 2636 4766 χάρις,
2691 4698 2792 4751 οὐκ
2839 4700 2904 4752 ὲκ
2939 4701 3042 4770 τῆς
3075 4702 3295 4769 φύσεώς
3349 4707 3473 4758 ἐστι

199 4798 307 4852 τοῦ
371 4793 601 4853 ὓδατος,
656 4789 774 4842 ἀλλ’
819 4791 884 4841 ὲκ
941 4787 1038 4855 τῆς
1098 4786 1194 4839 τοῦ
1246 4785 1564 4855 Ηνεύματος
1588 4785 1915 4856 παρουσίας.

201 4951 548 5021 Γρηγοιίτυ
575 4947 680 5003 τοῦ
714 4948 1012 5021 θεοειότου
1045 4946 1248 5021 ῥκ-τού
1282 4947 1468 5015 λόγου
1493 4943 1601 4999 τοῦ
1641 4960 1784 5012 προ-

529 5015 849 5088 τρεπτικοῦ
888 5017 970 5076 εις
999 5013 1064 5066 τὸ
1095 5013 1435 5085 βάπτισμα.

287 5154 487 5209 Διττῶι
524 5153 574 5206 δὲ
602 5152 772 5204 ὅντων
828 5147 1014 5219 ήμῶν,
1057 5148 1121 5200 ὲκ
1160 5147 1341 5217 ψυχῆς
1374 5148 1521 5214 λέγω
1561 5151 1656 5201 καὶ
1688 5146 1792 5200 σώ-

201 5265 413 5314 ματος,
445 5247 662 5314 καὶτῆς
696 5242 795 5312 μὲν
818 5239 1044 5310 ὁρατῆς,
1066 5238 1163 5309 τῆς
1191 5238 1247 5290 δὲ
1277 5239 1512 5309 ἀοράτου
1551 5238 1791 5306 φύσεως,

193 5340 369 5409 διττὴ
399 5339 494 5392 καὶ
525 5338 558 5407 ἡ
598 5335 891 5404 κάθαρσις,
921 5331 994 5385 δι’
1019 5331 1213 5394 ὕδατός
1241 5333 1300 5385 τέ
1327 5348 1470 5401 φημι
1496 5332 1596 5384 καὶ
1620 5331 1790 5384 Πνεύ-

199 5447 416 5503 ματος,
449 5426 548 5481 τοῦ
573 5425 673 5496 μὲν
705 5423 998 5493 θεωρητῶς
1031 5438 1092 5473 τε
1125 5421 1219 5474 καὶ
1271 5421 1603 5490 σωματικῶς
1642 5421 1787 5491 λαμ-

195 5523 546 5591 ϐανομένου,
579 5517 674 5571 τοῦ
701 5517 758 5570 δὲ
803 5515 1112 5584 ἁσωμάτως
1139 5515 1236 5568 καὶ
1295 5515 1625 5585 ἀθεωρήτως
1668 5531 1792 5566 συνο

191 5615 504 5684 τρέχοντος
529 5628 544 5643 ο
582 5611 672 5663 καὶ
715 5609 810 5661 τοῦ
856 5607 953 5677 μὲν
991 5607 1248 5673 τυπικοῦ,
1300 5606 1396 5660 τοῦ
1423 5607 1478 5661 δὲ
1506 5606 1787 5678 ἀληθινοῦ,

190 5705 310 5760 καὶ
332 5704 400 5756 τὰ
449 5702 589 5774 βάθη
619 5700 995 5771 καθαίροντος,
1029 5701 1056 5752 ὃ
1104 5701 1201 5770 τῆς
1254 5701 1476 5772 πρώτης
1523 5703 1789 5771 γενέσεως

288 5870 305 5900 ⁸
334 5868 542 5924 Coloss.
574 5866 717 5921 1112.
797 5867 816 5895 ²
843 5863 981 5919 Psal.
1017 5881 1046 5916 ι.
1079 5865 1134 5920 9.

1927 4943 2173 5015 Tlmologi
2195 4961 2258 4999 ex
2283 4948 2523 5001 oratione
2555 4964 2660 5018 qua
2676 4949 2749 5000 ad
2764 4948 3081 5018 baptismum
3106 4955 3437 5015 cohortatur.

1964 5163 2095 5217 Cum
2123 5175 2296 5217 autem
2316 5164 2558 5232 duplices
2575 5166 2764 5231 simus,
2793 5168 2892 5223 hoc
2917 5184 3090 5235 eSt,cx
3123 5175 3309 5229 anima
3353 5192 3476 5232 cor-

1896 5270 2136 5324 pnrequo
2166 5265 2474 5312 constemus
2511 5296 2527 5322 ,
2566 5273 2798 5328 quorum
2843 5261 3064 5317 alterius
3121 5275 3316 5319 natura
3373 5270 3476 5323 sub

1893 5361 1970 5413 as;
1993 5357 2170 5401 ectum
2212 5347 2375 5414 cadit,
2405 5349 2629 5405 alterius
2659 5365 2768 5406 non
2797 5353 2965 5420 catlit,
2996 5357 3189 5424 duplex
3224 5359 3348 5411 item
3387 5373 3470 5415 est

1887 5434 2144 5503 expiatio,
2180 5451 2277 5504 per
2315 5451 2510 5506 aquam
2541 5440 2794 5496 nimirum
2836 5453 2883 5498 et
2917 5443 3202 5512 Spiritum,
3241 5463 3473 5516 quarum

1890 5527 2058 5580 altera
2092 5527 2303 5583 ratione
2330 5543 2588 5600 corporea
2627 5533 2938 5605 visibilique
2969 5539 3294 5608 percipitur,
3325 5542 3466 5597 alter

1889 5621 2098 5674 ratione
2175 5621 2495 5692 incorporea
2564 5635 2728 5694 atque
2797 5626 3056 5682 invisibili
3155 5635 3462 5687 concurrit.

1889 5707 1983 5763 Illa
2019 5710 2269 5781 ﬁgurate,
2296 5713 2382 5769 ttic
2408 5729 2533 5769 vere
2561 5718 2722 5770 etiam
2752 5717 3018 5786 profunda
3046 5733 3328 5792 expurgat.
3361 5723 3463 5790 Qui
