4020 6284
594 425 725 490 1251

1808 417 2183 479 EUTIIYMli
2228 420 2399 477 ZIGA
2416 421 2585 478 BENI

3749 420 3859 483 ηδε

586 558 710 597 cum
760 542 945 611 prima:
991 532 1356 607 generailonts
1399 536 1615 601 adiutor
1652 532 1838 597 fuerit,
1881 543 2050 585 novos
2108 543 2170 580 ex

2284 516 2572 599 ἑπίκουρία
2602 533 2892 603 τυγχάνον,
2930 532 3148 594 καινοὺς
3172 533 3293 584 ἀντὶ
3320 529 3604 589 παλαιῶν,
3640 531 3740 580 καὶ
3762 530 3861 583 θεν

585 635 886 697 vcteribus,
926 639 980 683 et
1031 630 1242 682 divinos
1292 643 1355 680 ex
1387 627 1477 679 illo
1499 623 1645 694 quod
1672 640 1880 691 sumus,
1909 624 2026 677 sine
2050 623 2172 693 igne

587 730 858 796 reﬁngens
881 734 934 779 et
955 725 1072 779 sine
1095 722 1472 777 eonfraetione
1492 736 1766 777 recreans.
1787 717 1946 780 Nam,
1975 728 2031 769 ut
2061 731 2173 770 rem

587 820 823 874 breviter
855 816 1288 883 conplectamur,
1310 813 1564 882 baptismi
1584 813 1756 866 virtus
1779 809 1909 864 nihil
1927 808 2070 862 aliud
2093 814 2177 861 est

590 912 693 966 nisi
717 910 935 963 alterius
962 909 1083 961 vitae
1118 908 1462 976 puriorisqne
1495 905 1706 961 vivendi
1738 903 1966 958 rationis
2000 900 2175 955 foedus

587 1007 732 1072 quod
768 1004 969 1055 inhnns
1025 1017 1146 1054 cum
1190 1001 1320 1065 Deo,
1350 998 1498 1068 quod
1558 1000 1613 1052 in
1680 997 1872 1065 primis
1930 1003 2178 1049 metuen-

588 1096 715 1149 dum
756 1103 857 1157 est,
889 1100 942 1145 et
979 1092 1260 1146 omnicura
1302 1090 1656 1145 custodienda
1698 1098 1782 1143 est
1831 1087 2012 1141 anima
2060 1086 2178 1139 cui-

589 1204 694 1255 que
718 1204 813 1240 sua
844 1201 909 1239 ne
932 1186 981 1238 in
1009 1186 1109 1237 hoc
1134 1186 1274 1252 quod
1304 1182 1532 1253 professi
1562 1197 1769 1245 sumus,
1787 1180 2174 1235 mendacesre-

592 1278 1029 1350 perianmrﬁam
1046 1277 1088 1330 si
1109 1287 1262 1345 pacta
1280 1291 1397 1344 qua:
1415 1291 1535 1327 cum
1557 1274 1867 1326 hominibus
1904 1270 2174 1337 faciimus,

591 1374 733 1428 Deus
767 1372 977 1425 medius
1011 1370 1287 1423 adhibitus
1329 1378 1444 1421 rata
1480 1366 1645 1421 habet
1668 1372 1834 1435 atque
1862 1365 2171 1424 conﬁrmat,

587 1473 849 1533 quantum
908 1462 1133 1516 instabit
1190 1458 1486 1528 periculum
1540 1458 1585 1511 si
1639 1472 1703 1510 ea
1759 1471 1879 1525 quae
1928 1455 2027 1521 ipsi
2068 1454 2174 1507 Deo

589 1557 814 1625 polliciti
872 1568 1059 1608 sumus
1127 1553 1496 1614 violabimus,
1556 1564 1765 1619 nosque
1818 1562 1920 1600 non
1999 1546 2173 1600 solum

588 1649 711 1701 aliis
744 1644 1084 1708 criminibus,
1147 1644 1241 1699 sed
1279 1643 1380 1696 hoc
1402 1642 1563 1695 etiam
1603 1639 1906 1703 mendacio,
1943 1634 2179 1691 obstrin‘

589 1754 777 1807 gemus
826 1736 1087 1791 veritati?
1154 1734 1457 1788 Prteserlim
1524 1748 1645 1786 cum
1690 1732 1793 1784 alia
1849 1746 1954 1783 non
2020 1728 2176 1782 detur

589 1830 931 1899 regeneratio
998 1841 1172 1897 neque
1217 1826 1464 1887 refectio,
1538 1840 1717 1893 neque
1769 1823 2060 1893 pristinum
2121 1821 2174 1873 in

588 1932 785 1977 statum
820 1918 1252 1980 restitutio,licet
1274 1933 1392 1972 eam
1426 1918 1660 1972 maxime
1682 1916 1865 1970 multis
1888 1914 2177 1984 gemitibus

588 2024 643 2068 et
671 2012 951 2082 lacrymis,
980 2027 1045 2066 ex
1078 2011 1294 2079 quibus,
1343 2018 1404 2063 ut
1429 2024 1527 2077 ego
1561 2007 1778 2078 quidem
1812 2008 1987 2062 sentio
2016 2016 2179 2075 atque

591 2113 889 2179 statuo,Vix
924 2111 1195 2165 cicatricis
1230 2108 1482 2163 obductio
1516 2105 1786 2173 sequitur,
1819 2105 2177 2172 inquiramns.

592 2208 847 2274 Sequitur
861 2204 1005 2258 enim
1026 2204 1182 2271 idque
1204 2201 1495 2255 credimus.
1526 2197 1680 2263 Quod
1705 2198 1749 2252 si
1774 2197 2062 2252 cicatrices
2086 2196 2181 2248 de-

593 2300 828 2362 leantur,
877 2296 1140 2367 prteclare
1179 2293 1462 2348 nobiscum
1484 2294 1696 2362 agitur,
1744 2289 2177 2360 quandoquidem

591 2400 645 2445 et
690 2395 803 2460 ipse
832 2389 1186 2444 humanitatis
1227 2386 1462 2457 indigeo.
1528 2378 1535 2385 ’

591 2506 831 2577 Gregorii
867 2501 1060 2574 Nyssm
1128 2499 1391 2577 pontiﬁcis
1428 2515 1512 2577 ex.
1545 2498 1785 2552 oratione
1820 2497 2135 2550 cateclzetira
2162 2533 2177 2558 ,

1120 2573 1245 2625 item
1274 2573 1339 2623 de
1370 2570 1646 2635 baptismo.

662 2667 859 2721 Verum
891 2667 1015 2735 quia
1078 2660 1317 2731 mystica:
1389 2659 1648 2716 doctrina:
1712 2675 1836 2728 pars
1887 2668 1969 2712 est
2018 2657 2179 2711 etiam

594 2758 791 2812 lavacri
820 2753 1106 2816 institutio,
1134 2753 1239 2806 hoc
1272 2760 1327 2803 tu
1361 2750 1445 2802 vel
1460 2744 1805 2818 baptismum
1831 2749 1911 2802 vel
1942 2748 2183 2802 illustra-

591 2852 791 2904 tiouem
840 2849 920 2901 vel
984 2844 1456 2916 regenerationem
1513 2842 1752 2912 appelles
1818 2841 1978 2895 licet:
2035 2841 2181 2895 nulla

588 2940 734 2992 enim
783 2939 924 2991 inter
968 2951 1067 2991 nos
1102 2935 1166 2988 de
1199 2933 1422 2988 nomine
1456 2934 1567 2987 erit
1602 2931 1907 2985 differentia
1949 2950 1963 2985 :
2003 2947 2181 3001 Opera:

591 3031 823 3101 pretium
872 3031 996 3093 erit,
1044 3037 1102 3081 ut
1131 3027 1197 3082 de
1231 3028 1330 3081 hoc
1367 3028 1527 3080 etiam
1560 3040 1729 3095 pauca
1773 3039 2179 3093 percurramus.

587 3124 725 3178 Cum
773 3122 916 3177 enim
959 3135 987 3172 a
1017 3118 1173 3172 nobis
1226 3116 1558 3182 audiverim,
1593 3118 1720 3186 quia
1758 3119 1900 3187 quod
1953 3117 2182 3170 mortale

2278 624 2584 686 ειδείς’ἀντὶ
2611 626 2720 679 τῶν
2752 627 2846 678 νῦν
2877 626 3049 679 ὄντων
3103 626 3431 695 ἐργάζεται,
3492 624 3679 692 χωρὶς
3712 626 3866 692 17.2.2;

2277 716 2641 784 ἀναχωνεῦον,
2676 718 2770 770 καὶ
2793 718 3080 783 ἁνακτίζον
3108 719 3233 788 δίχα
3259 717 3647 787 συντρίψεως.
3686 714 3749 768 Εἰ
3776 718 3869 786 γὰρ

2280 808 2565 877 συντόμως
2589 809 2672 862 δεῖ
2697 811 2898 873 εἰπεῖν,
2941 810 3218 879 συνθήκας
3262 812 3408 879 πρὸς
3441 810 3589 861 Θεῦν
3622 810 3867 875 δευτέρον

2280 900 2417 971 βίου,
2466 904 2563 956 καὶ
2619 903 2905 968 πολιτείας
2957 904 3357 974 καθαρωτέρας
3397 904 3763 968 ὑποληπτέον
3791 904 3869 967 τὴν

2278 991 2373 1047 τοῦ
2408 994 2793 1066 βαπτίσματος
2824 996 3078 1066 δύναμιν,
3129 999 3157 1050 δ
3182 999 3245 1068 δὴ
3287 1000 3386 1050 καὶ
3427 998 3691 1066 μάλιστα
3725 997 3870 1064 φοξῖ-

2279 1085 2422 1151 τέον,
2454 1088 2550 1139 καὶ
2595 1089 2745 1160 πάσῃ
2779 1090 2998 1160 φυλακῇ
3025 1093 3293 1160 τηρητέον
3323 1093 3433 1161 τὴν
3464 1090 3680 1143 ἑαυτοῦ
3714 1091 3871 1158 ςυχῇ»

2280 1178 2540 1243 ἕκαστον,
2581 1181 2655 1251 μὴ
2691 1180 2925 1249 ψεῦσται
2949 1184 3047 1251 τῆς
3082 1183 3384 1251 ὁμολογίας
3444 1183 3669 1252 ταύτης
3697 1185 3869 1250 ream}

2281 1270 2449 1337 μεθα.
2497 1269 2560 1323 Εἰ
2584 1272 2693 1341 γὰρ
2717 1273 2814 1335 τὰς
2848 1272 2985 1342 πρὸς
3015 1274 3338 1343 ἀνθρώπους
3370 1275 3689 1343 ὁμολογίας
3716 1278 3872 1341 ἐμπε-

2278 1362 2359 1414 δοῖ
2390 1362 2549 1427 Θεὸς,
2576 1364 2740 1432 μέσος
2793 1364 3197 1434 παραληφθεὶς,
3242 1367 3419 1429 πόσος
3448 1368 3480 1416 ὁ
3534 1368 3784 1429 κίνδυνος
3809 1361 3867 1420 ἐπ

2283 1456 2421 1524 πρὸς
2455 1456 2619 1509 αὐτὸν
2642 1457 2881 1527 ἐθέμεθα
2940 1462 3031 1513 τὸν
3090 1461 3221 1513 Θεὸν
3282 1459 3625 1528 συνθηκῶν,
3684 1460 3868 1511 τούτων

2283 1549 2611 1616 παραϐάτας
2666 1552 3045 1621 εὑρίσκεσθαι,
3087 1553 3182 1605 καὶ
3229 1552 3307 1623 μὴ
3340 1555 3522 1621 μόνον
3559 1551 3673 1605 τῶν
3714 1554 3867 1606 ἀλλων

2279 1641 2722 1710 ἁμαρτημάτων,
2757 1644 2896 1699 ἀλλὰ
2931 1646 3025 1698 καὶ
3057 1645 3219 1697 αὐτοῦ
3261 1644 3361 1697 τοῦ
3426 1644 3679 1713 ψεύδους
3713 1647 3864 1697 ὑπεῶ

2284 1751 2416 1796 κους
2449 1733 2589 1789 εἶναι
2622 1740 2686 1808 τῇ
2720 1738 2971 1809 ἀληθείᾳ,
3005 1740 3101 1793 καὶ
3128 1738 3305 1799 ταῦτα
3339 1738 3456 1791 οὐκ
3513 1737 3697 1807 οὔσης
3718 1740 3861 1791 δευτέ-

2284 1842 2383 1894 ρας
2445 1828 2880 1899 ἀναγεννήσεως,
2935 1832 3055 1885 οὐδὲ
3098 1831 3505 1895 ἀναπλάσεως,
3550 1832 3683 1884 οῦδὲ
3726 1834 3861 1893 sine

2285 1912 2514 1982 ἀρχαῖον
2547 1919 3071 1984 ἀποκαταστάσεως,
3126 1921 3227 1973 κᾶν
3261 1922 3347 1973 ὅτι
3408 1921 3674 1991 μάλιστα
3706 1922 3856 1988 ἐπέπ-

2282 2005 2468 2075 τῶμεν
2496 2008 2706 2077 ταύτην
2734 2012 2791 2063 ἐν
2820 2012 3036 2074 πολλοῖς
3066 2015 3407 2080 στεναγμοῖς
3447 2030 3513 2065 τε
3552 2016 3657 2066 καὶ
3690 2014 3853 2080 δακρυ-

2284 2114 2392 2161 σιν,
2435 2098 2493 2164 ἐξ
2516 2093 2592 2152 ὧν
2630 2100 2962 2165 συνούλωσις
2991 2103 3091 2172 μὲν
3137 2103 3362 2174 ἔρχεται
3422 2106 3627 2173 μόγις,
3668 2108 3853 2170 κατὰτι

2281 2189 2372 2241 τὸν
2413 2191 2546 2255 ἐμὸν
2571 2193 2697 2263 ὅρον
2720 2194 2815 2246 καὶ
2844 2197 3011 2265 νόμον
3040 2212 3054 2227 ·
3087 2195 3306 2266 ἔρχεται
3333 2197 3482 2268 γὰρ.
3515 2199 3619 2250 καὶ
3645 2200 3856 2249 sta-:23:-

2284 2299 2384 2351 μεν
2407 2298 2421 2312 °
2458 2285 2507 2334 ei
2542 2284 2597 2336 δὲ
2626 2286 2719 2338 καὶ
2745 2287 2843 2350 τὰς
2868 2288 3034 2349 οὐλὰς
3060 2288 3461 2357 ἐξαλείφομεν,
3497 2289 3771 2359 ἀγαπῴην
3792 2291 3855 2352 ἓν,

2282 2377 2473 2448 ἐπειδὴ
2507 2380 2602 2431 καὶ
2637 2380 2798 2444 αὐτὸς
2836 2379 3024 2452 χρῄζω
3052 2381 3511 2451 φιλανθρωπίας.

2346 2495 2456 2548 Τοῦ
2489 2494 2747 2564 Νὐοισης
2777 2495 2984 2566 ἐκίτοῦ
3015 2496 3433 2564 κατηχητικοῦ
3460 2500 3668 2566 λόγου
3704 2500 3817 2566 περὶ

2772 2565 2878 2621 τοῦ
2919 2568 3373 2636 Βαπτίσματος.

2366 2655 2511 2711 Ἀλλ’
2545 2659 2737 2731 ἐπειδὴ
2769 2659 2937 2730 μέρος
2982 2676 3033 2710 τι
3060 2658 3184 2710 τῶν·
3201 2659 3508 2728 μυστικῶν
3532 2660 3863 2730 διδαγμάτεεν

2283 2750 2379 2802 καὶ
2412 2751 2444 2819 ἡ
2504 2753 2642 2805 κατὰ
2678 2755 2738 2804 τὸ
2783 2752 3007 2821 λουτρόν
3041 2753 3192 2805 ἐστιν
3221 2753 3556 2822 οἰκονομία,
3584 2754 3626 2807 ὃ
3654 2758 3764 2807 sit:
3791 2754 3867 2823 βιὶο

2284 2856 2518 2910 πτισμα,
2554 2842 2665 2894 εἴτε
2696 2841 2980 2913 φώτισμα,
3014 2843 3124 2895 εἴτε
3158 2841 3620 2910 παλιγγενεσίαν
3652 2844 3871 2913 βούλοιτὸ

2284 2948 2362 2993 τις
2391 2930 2701 3000 ὀνομάζειν,
2732 2932 2886 2985 οὐδὲν
2933 2933 3070 3001 πρὸς
3100 2934 3200 3001 τὴν
3252 2934 3583 3002 ὀνομασίαν
3636 2935 3869 3002 διαφερέ-

2287 3022 2450 3090 μεθα,
2485 3022 2667 3085 καλῶς
2696 3022 2762 3077 ἂν
2793 3024 2907 3095 ἔχοι
2937 3024 3144 3096 βραχέα
3172 3026 3305 3095 περὶ.
3333 3027 3545 3079 τούτου
3582 3028 3869 3093 ’νεξελθεὲει

2297 3114 2552 3168 Ἐπειδὰν
2583 3115 2692 3186 γὰρ
2717 3114 2846 3187 παρ’
2867 3118 2898 3187 ἡ
2911 3117 3027 3186 μῶν
3053 3117 3115 3170 τὸ
3133 3117 3390 3171 τοιοῦτον
3414 3118 3598 3173 ἁκοΰι
3617 3132 3766 3181 hoc",
3785 3122 3872 3175 ὅτ..

589 3225 715 3277 est,
777 3214 842 3266 ad
902 3212 1068 3264 vitam
1129 3210 1369 3274 transit,
1412 3224 1532 3263 esse
1593 3219 2055 3271 consentaneum,
2125 3217 2176 3262 ul

2287 3207 2383 3260 τοῦ
2425 3208 2623 3277 θνητοῦ
2659 3210 2798 3279 πρὸς
2851 3210 2999 3280 ζωὴν
3054 3210 3536 3280 μεταϐαίνοντος,
3595 3214 3875 3267 ἀκόλουθον

592 3323 712 3360 cum
756 3307 928 3374 prima
992 3304 1270 3372 generatio
1319 3304 1383 3355 ad
1444 3302 1608 3355 vitam
1643 3302 1929 3355 mortalem
1988 3302 2174 3366 ducat,

593 3397 763 3449 altera
821 3394 1102 3462 generatio
1183 3391 1506 3457 reperiatur,
1589 3404 1709 3456 quae
1792 3406 1892 3442 nec
1958 3390 2179 3458 incipiat

592 3508 621 3543 a
655 3487 1031 3554 corruptione,
1076 3497 1251 3546 neque
1304 3482 1356 3535 in
1391 3481 1668 3534 interitum
1702 3482 1934 3546 desinat,
1964 3483 2057 3537 sed
2083 3498 2176 3549 ge-

591 3582 763 3634 nitum
785 3580 849 3630 ad
872 3578 1036 3629 vitam
1058 3576 1219 3629 ducat
1247 3574 1695 3640 immortalcm,ut
1715 3576 2176 3641 quemadmodum

593 3689 658 3727 ex
693 3670 905 3725 mortali
933 3670 1284 3739 generatione
1309 3670 1620 3724 necessario
1654 3673 1897 3723 nascitur
1921 3672 2065 3739 quod
2096 3682 2179 3725 est

596 3765 845 3829 mortale,
875 3766 955 3819 sic
981 3763 1126 3832 quod
1167 3779 1234 3816 ex
1288 3764 1638 3832 generatione
1685 3777 1802 3830 quae
1853 3779 1957 3815 non
2012 3765 2179 3817 sentit

598 3862 873 3915 interitum
905 3858 1149 3912 nascitur
1178 3857 1531 3924 praestantius
1553 3856 1797 3924 sitquam
1817 3866 1873 3908 ut
1903 3855 2176 3909 interitmn

593 3970 663 4008 ex
690 3965 866 4006 morte
891 3951 1156 4019 patiatur,
1193 3950 1309 4003 htec
1338 3957 1393 4002 et
1418 3948 1615 4000 similia
1655 3963 1778 4001 cum
1812 3947 2181 4003 intellexerint

597 4045 925 4111 modumque
943 4040 1253 4106 didicerint,
1287 4054 1476 4109 nempe
1502 4040 1873 4108 precationem
1907 4039 1972 4091 ad
2010 4037 2177 4091 Deum

592 4148 646 4192 et
672 4136 861 4207 gratia:
890 4133 1129 4189 ccclestis
1160 4132 1556 4187 invocationem
1586 4141 1640 4185 et
1688 4147 1882 4201 aquam
1939 4141 1993 4185 et
2020 4131 2176 4185 fidem

591 4244 714 4285 csse
763 4230 960 4298 quibus
991 4227 1414 4297 regenerationis
1465 4226 1782 4296 mysterium
1870 4224 2177 4294 expleatur,

594 4324 737 4375 haud
817 4320 977 4375 facile
1052 4322 1392 4374 adducuntur
1446 4329 1505 4375 ut
1555 4320 1830 4373 credant:
1886 4319 2181 4388 respiciunt

592 4410 739 4463 enim
772 4410 838 4463 ad
886 4410 936 4462 id
964 4408 1108 4476 quod
1136 4410 1401 4474 cernitur,
1439 4424 1537 4463 nec
1586 4409 1932 4477 promissioni
1989 4418 2181 4478 putant

598 4497 924 4563 respondere
952 4497 1093 4564 quod
1130 4498 1339 4551 ratione
1371 4512 1635 4566 corporea
1682 4501 1976 4570 peragitur.
2036 4499 2180 4565 Quo-

2283 3292 2377 3367 ἦν,
2398 3296 2497 3367 τῆς
2530 3296 2754 3367 πρώτης
2786 3298 3054 3366 γενέσεως
3097 3301 3191 3351 ἐπὶ
3218 3300 3309 3353 τὸν
3355 3299 3571 3367 θνητὸν
3608 3304 3875 3371 παρατεί-

2287 3405 2386 3457 σης
2419 3387 2555 3457 βίον,
2604 3389 2801 3457 ἑτέραν
2843 3391 3102 3460 γέννησιν
3146 3391 3549 3461 ἐξευρεθῆναι,
3616 3397 3755 3463 μήτε
3785 3394 3877 3444 ἀπὸ
3966 3378 3967 3393 “

2286 3482 2498 3550 φθορᾶς
2534 3481 2871 3552 ἀρχομένην,
2908 3483 3047 3551 μήτε
3080 3483 3161 3545 είς
3195 3484 3408 3552 φθορὰν
3433 3486 3877 3556 καταλήγουσιν.

2286 3574 2402 3627 ἀλλ’
2424 3576 2505 3636 είς
2533 3574 2802 3627 ἀθάνατον
2829 3574 2974 3645 ζωὴν
3004 3576 3095 3627 τὸν
3140 3578 3566 3647 γεγεννημένον
3612 3581 3879 3647 napi-1:9;-

2288 3683 2410 3733 σαν,
2439 3666 2508 3719 ἵν’
2536 3665 2728 3737 ὥσπερ
2748 3668 2809 3719 ὲκ
2834 3665 3037 3736 θνητῆς
3064 3668 3377 3738 γεννήσεως
3410 3669 3630 3738 θνητὸν
3651 3670 3714 3733 ἐξ
3738 3670 3873 3733 ἀνάτ-

2287 3774 2392 3826 κης
2426 3758 2487 3811 τὸ
2517 3758 2926 3827 γεγεννημένον
2961 3758 3196 3829 ὑπέστη,
3225 3758 3406 3822 οὕτως
3438 3761 3513 3813 ὲκ
3539 3764 3647 3830 τῆς
3688 3764 3763 3831 μὴ
3794 3780 3871 3810 τε·

2290 3851 2663 3921 ραδεχομένης
2685 3849 2894 3920 φθορὰν
2906 3852 2968 3902 τὸ
2991 3850 3339 3921 γεννώμενον
3364 3854 3641 3921 κρεῖττον
3671 3856 3871 3922 rivum

2285 3942 2385 4011 τῆς
2419 3945 2485 3995 ὲκ
2513 3942 2608 3995 τοῦ
2651 3942 2888 3996 θανάτου
2941 3943 3155 4012 φθορᾶς
3188 3960 3203 3975 ο
3259 3944 3494 3999 ἐπειδὰν
3532 3941 3635 3999 οὖν
3694 3946 3867 3998 τούτω

2287 4037 2384 4089 καὶ
2416 4033 2524 4087 τῶν
2553 4033 2815 4087 τοιούτων
2846 4034 3149 4099 ἀκούσωσι,
3183 4037 3280 4089 καὶ
3312 4037 3866 4108 προσδιδαχθῶατδη

2285 4128 2515 4198 τρόπον,
2540 4129 2622 4181 ὃτι
2651 4128 2787 4197 εὐχὴ
2813 4136 2952 4199 πρὸς
2981 4129 3138 4193 Θεὸν,
3169 4130 3267 4183 καὶ
3321 4131 3569 4199 χάριτος
3624 4136 3863 4201 οὐρανίας
3960 4128 3961 4151 ξ

2286 4219 2601 4296 ἐπίκλησις,
2630 4221 2726 4274 καὶ
2758 4219 2926 4291 ὕδωρ,
2963 4222 3060 4275 καὶ
3093 4223 3281 4286 πίστις
3315 4224 3464 4287 ἐστὶ,
3499 4225 3578 4278 δι’
3603 4220 3685 4279 ὧν
3712 4227 3864 4289 fari:

2286 4316 2704 4385 ἀναγεννήσεως
2762 4313 3068 4384 πληροῦται
3151 4315 3484 4385 μυστήριον,
3580 4316 3858 4372 δυσπεεές

2287 4403 2479 4475 έχουσι
2513 4405 2653 4476 πρὸς
2683 4407 2742 4458 τὸ
2778 4405 3111 4474 φαινόμενον
3143 4405 3463 4474 βλέποντες,
3507 4408 3595 4470 ὠς
3642 4411 3705 4460 οὐ
3750 4424 3854 4473 32;;-

2288 4497 2475 4551 ϐαῖνον
2515 4501 2582 4569 τῇ
2608 4499 2915 4570 ἐπαγγελίᾳ
2947 4498 3009 4551 τὸ
3060 4498 3400 4568 σωματικῶς
3446 4502 3851 4571 ἐνεργούμεις,

594 4587 753 4640 modo
777 4586 946 4649 enim,
965 4586 1239 4653 inquiunt,
1267 4586 1379 4640 fieri
1400 4595 1574 4655 potest
1595 4598 1651 4640 ut
1671 4603 1858 4656 preces
1876 4599 1932 4642 et
1980 4591 2175 4644 divinae

2284 4588 2407 4647 Πῶς
2433 4589 2561 4658 γὰρ,
2622 4590 2812 4659 φησὶν,
2865 4579 2999 4659 εὐχὴ
3059 4591 3153 4642 καὶ
3211 4588 3506 4659 δυνάμεως
3555 4592 3714 4655 θείας
3764 4596 3851 4643 ἐτ-

593 4678 814 4731 virtutis
863 4676 1136 4730 invocatio
1162 4677 1213 4729 in
1248 4691 1386 4744 aqua
1420 4675 1582 4742 facta,
1621 4677 1746 4732 vita:
1805 4678 1875 4732 sit
1901 4694 2065 4733 causa
2111 4680 2175 4734 iis

591 4769 683 4839 qui
739 4768 1019 4821 initiantur
1047 4766 1069 4819 ?
1103 4768 1180 4821 Ad
1213 4783 1374 4834 quos,
1403 4767 1506 4822 nisi
1555 4768 1841 4824 admodum
1900 4771 2177 4826 obstinate

590 4874 651 4913 se
683 4861 903 4926 habent,
934 4875 1031 4927 pro
1072 4860 1305 4916 instituti
1373 4860 1536 4929 hujus
1586 4861 1976 4930 approbatione
2044 4865 2172 4917 sim-

594 4952 713 5015 plex
749 4952 883 5005 satis
915 4952 1020 5005 erit
1057 4952 1359 5021 responsio.
1423 4948 1533 5007 Nos
1561 4954 1703 5007 enim
1735 4953 1971 5008 vicissim
2026 4969 2176 5023 qua!-

596 5056 774 5094 remus
803 5043 1073 5109 quomodo
1113 5046 1203 5096 fiat
1237 5045 1290 5098 in
1314 5058 1479 5099 carne
1512 5044 1811 5113 generatio.
1848 5044 1985 5098 Nam
2049 5061 2173 5100 cum

593 5132 844 5185 munibus
874 5132 1220 5187 manifestum
1251 5136 1322 5190 sit
1374 5136 1503 5189 illud
1542 5136 1815 5191 hominem
1853 5136 1993 5200 ﬁeri,
2032 5138 2175 5205 quod

590 5226 955 5281 c0nstituendi
989 5227 1234 5280 animalis
1265 5229 1440 5296 gratia
1482 5229 1749 5296 injicitur,
1812 5230 1960 5283 nulla
1991 5241 2174 5284 tamen

593 5318 775 5373 afferri
808 5319 944 5372 ratio
974 5328 1171 5389 potest,
1206 5335 1310 5387 qua
1336 5321 1386 5372 id
1421 5330 1477 5374 ut
1531 5319 1795 5374 efficiatur
1828 5321 2179 5389 probabiliter

589 5412 907 5482 persuaderi
926 5421 1109 5480 queat.
1128 5412 1265 5477 Quid
1288 5413 1430 5467 enim
1455 5428 1743 5467 commune
1766 5413 1925 5467 habet
1945 5416 2179 5469 h0minis

588 5503 854 5568 definitio,
869 5504 913 5557 si
936 5519 1059 5558 cum
1091 5504 1204 5568 illa,
1238 5519 1359 5572 qua:
1389 5503 1633 5558 cernitur
1654 5506 1914 5573 qualitate
1949 5521 2167 5575 compa-

588 5608 738 5650 retur
763 5596 785 5648 ?
813 5595 985 5650 Homo
1015 5597 1157 5650 enim
1194 5598 1405 5649 ratione
1436 5598 1693 5664 praeditus
1711 5607 1814 5661 est,
1844 5607 1899 5651 et
1929 5600 2177 5668 cogitan-

587 5690 638 5742 di
658 5688 765 5741 vim
787 5688 967 5741 habet.
989 5688 1121 5741 Illud
1146 5698 1323 5741 autem
1353 5688 1403 5739 in
1433 5687 1648 5740 humida
1672 5687 1903 5755 quadam
1929 5690 2178 5743 consistit

585 5780 864 5847 qualitate.
902 5779 1010 5835 Nec
1042 5779 1276 5847 amplius
1308 5780 1605 5849 qiiidquam
1651 5796 1715 5833 eo
1750 5781 1893 5848 quod
1928 5782 2176 5835 cernitur

584 5869 911 5935 cogitatione
975 5871 1305 5949 praccipitur.
1366 5873 1516 5937 Quod
1550 5872 1711 5949 igitur
1741 5883 2170 5929 consentaneum

2284 4681 2477 4750 κλησις
2529 4685 2621 4735 ἐπὶ
2675 4683 2767 4735 τοῦ
2831 4683 3021 4747 ὓδατος
3090 4682 3356 4752 γενομένη
3426 4686 3585 4756 ζωῆς
3644 4685 3847 4756 apati;

2282 4776 2395 4833 τοῖς
2456 4774 2708 4845 μυηθεῖσι
2773 4775 3016 4842 γίνεται;
3064 4776 3209 4846 Πρὸς
3263 4774 3382 4838 οὓς,
3438 4779 3616 4848 εἰπερ
3650 4782 3725 4847 μὴ
3766 4780 3845 4827 li:-

2285 4866 2461 4935 ἔχοιεν
2498 4867 2832 4932 ἁντιτύπως,
2881 4868 3089 4931 ἁπλοῦς
3117 4869 3339 4939 ἐξαρκεί
3375 4870 3551 4938 λόγος
3604 4874 3743 4943 πρὸς
3782 4888 3844 4933 τῗι

2285 4958 2379 5009 τοῦ
2410 4957 2679 5028 δόγματος
2709 4961 2937 5029 ἀγαγεῖν
2962 4960 3397 5028 συγκατάθεσιν.
3469 4965 3843 5036 Ἀντερωτῄπ-

2290 5067 2411 5120 μεν,
2446 5050 2542 5103 τοῦ
2584 5052 2788 5119 τρόπου
2844 5051 2945 5121 τῆς
2976 5053 3120 5105 κατὰ
3178 5054 3358 5122 σάρκα
3403 5058 3692 5119 γενέσεως
3726 5058 3839 5107 :53»

2286 5143 2437 5205 ὄντος
2462 5143 2756 5213 προδήλου,
2794 5146 2917 5208 Πῶς
2940 5145 3228 5215 ἄνθρωπὸς
3256 5147 3442 5200 ἐκεῖνο
3478 5150 3707 5215 γίνεται
3730 5150 3841 5201 abii,

2287 5232 2546 5303 ἀφορμὴν
2578 5234 2675 5303 τῆς
2708 5236 3021 5299 συστάσεως
3050 5236 3143 5288 τοῦ
3178 5237 3320 5301 ζώου
3351 5241 3839 5311 καταϐαιλόμεττι.

2300 5324 2463 5375 Ἀλλὰ
2486 5326 2594 5393 μὴν
2616 5325 2793 5387 οὐδεὶς
2831 5324 2918 5377 ἐπ’
2946 5328 3156 5378 ἐκείνου
3189 5328 3345 5395 λόγος
3377 5333 3543 5381 ἐστὶν
3585 5337 3616 5385 ὁ
3643 5330 3835 5397 iam};

2286 5429 2397 5464 τινι
2426 5412 2489 5464 τὸ
2530 5414 2759 5466 πιθανὸν
2782 5415 3143 5484 ἐξευρίσκων.
3175 5415 3241 5469 Τί
3264 5418 3373 5487 γὰρ
3406 5419 3596 5473 κοινὸν
3628 5424 3737 5491 ἕλει
3758 5424 3839 5487 ἑξῆς

2289 5505 2585 5575 ἀνθρώπου
2606 5506 2745 5576 πρὸς
2766 5508 2864 5576 τὴν
2890 5510 2950 5559 ὲν
2972 5511 3173 5580 ἐκείνῳ
3192 5510 3589 5581 θεωρουμένην
3628 5516 3837 5577 πυιέτξτῖ
3928 5528 3931 5581 i

2292 5601 2767 5669 συγκρινόμενος;
2827 5600 3160 5670 ¹Ἀνθρωπος
3223 5606 3323 5673 μὲν
3380 5612 3496 5676 γαρ
3554 5609 3761 5673 λογικόν
3807 5621 3833 5651 τν

2290 5691 2477 5759 χρῆμα
2524 5692 2619 5742 καὶ
2673 5692 3015 5761 διανοητικόν
3069 5698 3244 5760 ἐστιν,
3301 5699 3485 5750 έκεῖνο
3530 5700 3587 5751 δὲ
3630 5705 3682 5751 ἐν
3732 5697 3831 5761 ἐπὶ

2272 5801 2397 5835 -τινι
2433 5783 2721 5852 θεωρεῖται
2776 5785 3050 5856 ποιότητι,
3099 5789 3194 5839 καὶ
3228 5791 3392 5841 πλέον
3422 5792 3578 5843 οὐδὲν
3632 5791 3716 5843 τοῦ
3744 5790 3827 5841 υτ

2289 5876 2543 5946 αἴσθησιν
2570 5878 2851 5947 ὁρωμένου
2887 5882 3311 5949 καταλαμϐάνει
3341 5885 3371 5946 ἡ
3396 5888 3596 5938 Ewou.
3636 5887 3723 5938 'il-.
3754 5901 3819 5932 τι·
