  <div class='ocr_page' id='page_1' title='image "/cluster/home/n/w/nwhite01/storage/ocr_20150623/130/mdp.39015078384255/634.png"; bbox 0 0 4044 6290; ppageno 0'>
   <div class='ocr_carea' id='block_1_1' title="bbox 269 375 405 433">
    <p class='ocr_par' dir='ltr' id='par_1_1' title="bbox 269 375 405 433">
     <span class='ocr_line' id='line_1_1' title="bbox 269 375 405 433; baseline 0.022 -4"><span class='ocrx_word' id='word_1_1' title='bbox 269 375 405 433; x_wconf 64' lang='grc'><strong>1253</strong></span> 
     </span>
    </p>
   </div>
   <div class='ocr_carea' id='block_1_2' title="bbox 1159 382 2542 450">
    <p class='ocr_par' dir='ltr' id='par_1_2' title="bbox 1159 382 2542 450">
     <span class='ocr_line' id='line_1_2' title="bbox 1159 382 2542 450; baseline 0.012 -16"><span class='ocrx_word' id='word_1_2' title='bbox 1159 382 1524 436; x_wconf 74' lang='grc' dir='ltr'><strong>ΡΑΝυΡΜΑ</strong></span> <span class='ocrx_word' id='word_1_3' title='bbox 1575 384 2031 447; x_wconf 77' lang='lat' dir='ltr'><strong>DOGMATICA.</strong></span> <span class='ocrx_word' id='word_1_4' title='bbox 2075 411 2146 420; x_wconf 82' lang='grc'><strong>-·-</strong></span> <span class='ocrx_word' id='word_1_5' title='bbox 2179 389 2327 448; x_wconf 78' lang='grc' dir='ltr'><strong>ΤΙΤ.</strong></span> <span class='ocrx_word' id='word_1_6' title='bbox 2366 390 2542 450; x_wconf 75' lang='lat' dir='ltr'><strong>XXV.</strong></span> 
     </span>
    </p>
   </div>
   <div class='ocr_carea' id='block_1_3' title="bbox 3402 400 3535 462">
    <p class='ocr_par' dir='ltr' id='par_1_3' title="bbox 3402 400 3535 462">
     <span class='ocr_line' id='line_1_3' title="bbox 3402 400 3535 462; baseline -0.015 0"><span class='ocrx_word' id='word_1_7' title='bbox 3402 400 3535 462; x_wconf 66' lang='grc'><strong>1234</strong></span> 
     </span>
    </p>
   </div>
   <div class='ocr_carea' id='block_1_4' title="bbox 261 461 1826 573">
    <p class='ocr_par' dir='ltr' id='par_1_4' title="bbox 261 461 1826 560">
     <span class='ocr_line' id='line_1_4' title="bbox 261 461 1826 560; baseline 0.006 -28"><span class='ocrx_word' id='word_1_8' title='bbox 261 498 357 532; x_wconf 91' lang='grc' dir='ltr'><strong>νυν</strong></span> <span class='ocrx_word' id='word_1_9' title='bbox 390 461 690 553; x_wconf 81' lang='grc' dir='ltr'>ἀπόκρισιν</span> <span class='ocrx_word' id='word_1_10' title='bbox 716 482 865 548; x_wconf 80' lang='grc' dir='ltr'>εἰκός</span> <span class='ocrx_word' id='word_1_11' title='bbox 899 496 1047 538; x_wconf 83' lang='grc' dir='ltr'>εστιν</span> <span class='ocrx_word' id='word_1_12' title='bbox 1087 487 1221 556; x_wconf 81' lang='grc' dir='ltr'>ἡμῖν</span> <span class='ocrx_word' id='word_1_13' title='bbox 1252 487 1500 554; x_wconf 84' lang='grc' dir='ltr'>γίνεσθαι</span> <span class='ocrx_word' id='word_1_14' title='bbox 1554 491 1708 560; x_wconf 81' lang='grc' dir='ltr'>παρά</span> <span class='ocrx_word' id='word_1_15' title='bbox 1737 490 1826 542; x_wconf 61' lang='grc' dir='ltr'><strong>τῶπ</strong></span> 
     </span>
    </p>
   </div>
   <div class='ocr_carea' id='block_1_5' title="bbox 1931 461 3509 573">
    <p class='ocr_par' dir='ltr' id='par_1_5' title="bbox 1951 495 3509 573">
     <span class='ocr_line' id='line_1_5' title="bbox 1951 495 3509 573; baseline 0.008 -25"><span class='ocrx_word' id='word_1_16' title='bbox 1951 501 2055 559; x_wconf 84' lang='lat' dir='ltr'><strong>est,</strong></span> <span class='ocrx_word' id='word_1_17' title='bbox 2079 505 2135 548; x_wconf 92' lang='lat' dir='ltr'><strong>ut</strong></span> <span class='ocrx_word' id='word_1_18' title='bbox 2156 495 2230 548; x_wconf 86' lang='lat' dir='ltr'><strong>illi</strong></span> <span class='ocrx_word' id='word_1_19' title='bbox 2253 498 2406 551; x_wconf 87' lang='lat' dir='ltr'><strong>nobis</strong></span> <span class='ocrx_word' id='word_1_20' title='bbox 2431 496 2814 565; x_wconf 72' lang='lat' dir='ltr'><strong>respondeant,</strong></span> <span class='ocrx_word' id='word_1_21' title='bbox 2840 498 2962 552; x_wconf 88' lang='lat' dir='ltr'><strong>dum</strong></span> <span class='ocrx_word' id='word_1_22' title='bbox 2987 501 3052 553; x_wconf 87' lang='lat' dir='ltr'><strong>ah</strong></span> <span class='ocrx_word' id='word_1_23' title='bbox 3071 500 3200 570; x_wconf 86' lang='lat' dir='ltr'><strong>ipsis</strong></span> <span class='ocrx_word' id='word_1_24' title='bbox 3216 506 3509 573; x_wconf 68' lang='lat' dir='ltr'><strong>qumrimus</strong></span> 
     </span>
    </p>
   </div>
   <div class='ocr_carea' id='block_1_6' title="bbox 263 573 1846 643">
    <p class='ocr_par' dir='ltr' id='par_1_6' title="bbox 263 573 1846 643">
     <span class='ocr_line' id='line_1_6' title="bbox 263 573 1846 643; baseline 0.006 -18"><span class='ocrx_word' id='word_1_25' title='bbox 263 573 678 643; x_wconf 80' lang='grc' dir='ltr'><strong>ἐρωτηθέντων,</strong></span> <span class='ocrx_word' id='word_1_26' title='bbox 709 577 790 630; x_wconf 72' lang='grc' dir='ltr'><strong>ὅτι</strong></span> <span class='ocrx_word' id='word_1_27' title='bbox 837 576 954 639; x_wconf 84' lang='grc' dir='ltr'><strong>πῶς</strong></span> <span class='ocrx_word' id='word_1_28' title='bbox 1003 578 1151 632; x_wconf 77' lang='grc' dir='ltr'>ἐστιν</span> <span class='ocrx_word' id='word_1_29' title='bbox 1186 578 1247 642; x_wconf 62' lang='lat' dir='ltr'><strong>ea</strong></span> <span class='ocrx_word' id='word_1_30' title='bbox 1285 579 1496 632; x_wconf 74' lang='grc' dir='ltr'>ἐκείνου</span> <span class='ocrx_word' id='word_1_31' title='bbox 1529 583 1721 636; x_wconf 84' lang='grc' dir='ltr'>πιστὸν</span> <span class='ocrx_word' id='word_1_32' title='bbox 1757 600 1846 635; x_wconf 87' lang='grc' dir='ltr'>συ-</span> 
     </span>
    </p>
   </div>
   <div class='ocr_carea' id='block_1_7' title="bbox 263 666 1845 742">
    <p class='ocr_par' dir='ltr' id='par_1_7' title="bbox 263 666 1845 742">
     <span class='ocr_line' id='line_1_7' title="bbox 263 666 1845 742; baseline 0.005 -24"><span class='ocrx_word' id='word_1_33' title='bbox 263 666 459 734; x_wconf 82' lang='grc' dir='ltr'><strong>στῆναι</strong></span> <span class='ocrx_word' id='word_1_34' title='bbox 487 667 802 738; x_wconf 79' lang='grc' dir='ltr'>ἇνθρωπον,</span> <span class='ocrx_word' id='word_1_35' title='bbox 829 669 988 724; x_wconf 89' lang='grc' dir='ltr'>τοῦτο</span> <span class='ocrx_word' id='word_1_36' title='bbox 1017 670 1114 725; x_wconf 71' lang='grc' dir='ltr'>καὶ</span> <span class='ocrx_word' id='word_1_37' title='bbox 1146 671 1274 741; x_wconf 80' lang='grc' dir='ltr'>περὶ</span> <span class='ocrx_word' id='word_1_38' title='bbox 1299 675 1399 742; x_wconf 79' lang='grc' dir='ltr'>τῆς</span> <span class='ocrx_word' id='word_1_39' title='bbox 1431 672 1501 725; x_wconf 86' lang='grc' dir='ltr'>δι’</span> <span class='ocrx_word' id='word_1_40' title='bbox 1529 672 1723 734; x_wconf 76' lang='grc' dir='ltr'>ὓδατος</span> <span class='ocrx_word' id='word_1_41' title='bbox 1750 675 1845 728; x_wconf 63' lang='grc' dir='ltr'><strong>καὶ⁸</strong></span> 
     </span>
    </p>
   </div>
   <div class='ocr_carea' id='block_1_8' title="bbox 263 758 1844 836">
    <p class='ocr_par' dir='ltr' id='par_1_8' title="bbox 263 758 1844 836">
     <span class='ocr_line' id='line_1_8' title="bbox 263 758 1844 836; baseline 0.004 -25"><span class='ocrx_word' id='word_1_42' title='bbox 263 758 584 828; x_wconf 85' lang='grc' dir='ltr'>Πνεύματος</span> <span class='ocrx_word' id='word_1_43' title='bbox 634 762 933 831; x_wconf 87' lang='grc' dir='ltr'>γινομένης</span> <span class='ocrx_word' id='word_1_44' title='bbox 996 764 1415 834; x_wconf 76' lang='grc' dir='ltr'>άναγεννήσεως</span> <span class='ocrx_word' id='word_1_45' title='bbox 1471 765 1844 836; x_wconf 78' lang='grc' dir='ltr'><strong>ἐρωτηθέντες</strong></span> 
     </span>
    </p>
   </div>
   <div class='ocr_carea' id='block_1_9' title="bbox 259 851 1844 929">
    <p class='ocr_par' dir='ltr' id='par_1_9' title="bbox 259 851 1844 929">
     <span class='ocr_line' id='line_1_9' title="bbox 259 851 1844 929; baseline 0.004 -27"><span class='ocrx_word' id='word_1_46' title='bbox 259 851 733 920; x_wconf 78' lang='grc' dir='ltr'>ἀποκρινούμεθα.</span> <span class='ocrx_word' id='word_1_47' title='bbox 777 852 933 908; x_wconf 86' lang='grc' dir='ltr'>Ἐκεῖ</span> <span class='ocrx_word' id='word_1_48' title='bbox 963 857 1074 928; x_wconf 74' lang='grc' dir='ltr'><strong>γάρ</strong></span> <span class='ocrx_word' id='word_1_49' title='bbox 1097 856 1392 928; x_wconf 86' lang='grc' dir='ltr'>πρόχειρόν</span> <span class='ocrx_word' id='word_1_50' title='bbox 1445 858 1596 912; x_wconf 78' lang='grc' dir='ltr'>ἐστιν</span> <span class='ocrx_word' id='word_1_51' title='bbox 1626 859 1844 929; x_wconf 79' lang='grc' dir='ltr'><strong>ἑκάστῳ</strong></span> 
     </span>
    </p>
   </div>
   <div class='ocr_carea' id='block_1_10' title="bbox 258 941 1839 1020">
    <p class='ocr_par' dir='ltr' id='par_1_10' title="bbox 258 941 1839 1020">
     <span class='ocr_line' id='line_1_10' title="bbox 258 941 1839 1020; baseline 0.008 -29"><span class='ocrx_word' id='word_1_52' title='bbox 258 941 370 993; x_wconf 79' lang='grc' dir='ltr'>τῶν</span> <span class='ocrx_word' id='word_1_53' title='bbox 405 942 781 1012; x_wconf 78' lang='grc' dir='ltr'>ὴρωτημένων</span> <span class='ocrx_word' id='word_1_54' title='bbox 809 947 1016 1012; x_wconf 85' lang='grc' dir='ltr'>εἰπεῖν,</span> <span class='ocrx_word' id='word_1_55' title='bbox 1075 950 1159 1001; x_wconf 83' lang='grc' dir='ltr'>ὅτι</span> <span class='ocrx_word' id='word_1_56' title='bbox 1202 948 1326 1020; x_wconf 78' lang='grc' dir='ltr'>θείᾳ</span> <span class='ocrx_word' id='word_1_57' title='bbox 1385 948 1622 1020; x_wconf 81' lang='grc' dir='ltr'><strong>δυνάμει</strong></span> <span class='ocrx_word' id='word_1_58' title='bbox 1660 951 1839 1003; x_wconf 80' lang='grc' dir='ltr'>ἐκεῖνο</span> 
     </span>
    </p>
   </div>
   <div class='ocr_carea' id='block_1_11' title="bbox 257 1031 1843 1111">
    <p class='ocr_par' dir='ltr' id='par_1_11' title="bbox 257 1031 1843 1111">
     <span class='ocr_line' id='line_1_11' title="bbox 257 1031 1843 1111; baseline 0.007 -26"><span class='ocrx_word' id='word_1_59' title='bbox 257 1031 545 1102; x_wconf 71' lang='grc' dir='ltr'>ἄνθρωπος</span> <span class='ocrx_word' id='word_1_60' title='bbox 572 1037 806 1100; x_wconf 88' lang='grc' dir='ltr'>γίνεται,</span> <span class='ocrx_word' id='word_1_61' title='bbox 831 1031 898 1108; x_wconf 86' lang='grc' dir='ltr'>ἦς</span> <span class='ocrx_word' id='word_1_62' title='bbox 949 1039 1022 1109; x_wconf 80' lang='grc' dir='ltr'>μὴ</span> <span class='ocrx_word' id='word_1_63' title='bbox 1069 1040 1357 1111; x_wconf 80' lang='grc' dir='ltr'><strong>παρούσης</strong></span> <span class='ocrx_word' id='word_1_64' title='bbox 1401 1041 1662 1111; x_wconf 82' lang='grc' dir='ltr'>ἀκίνητόν</span> <span class='ocrx_word' id='word_1_65' title='bbox 1693 1043 1843 1096; x_wconf 77' lang='grc' dir='ltr'>ἐστιν</span> 
     </span>
    </p>
   </div>
   <div class='ocr_carea' id='block_1_12' title="bbox 258 1124 1838 1201">
    <p class='ocr_par' dir='ltr' id='par_1_12' title="bbox 258 1124 1838 1201">
     <span class='ocr_line' id='line_1_12' title="bbox 258 1124 1838 1201; baseline 0.008 -26"><span class='ocrx_word' id='word_1_66' title='bbox 258 1124 440 1177; x_wconf 82' lang='grc' dir='ltr'>ἐκεῖνο</span> <span class='ocrx_word' id='word_1_67' title='bbox 465 1125 561 1177; x_wconf 71' lang='grc' dir='ltr'>καὶ</span> <span class='ocrx_word' id='word_1_68' title='bbox 589 1127 978 1198; x_wconf 83' lang='grc' dir='ltr'>ἀνενέργητον.</span> <span class='ocrx_word' id='word_1_69' title='bbox 1013 1131 1074 1183; x_wconf 82' lang='lat' dir='ltr'><strong>Ei</strong></span> <span class='ocrx_word' id='word_1_70' title='bbox 1103 1131 1197 1185; x_wconf 80' lang='grc' dir='ltr'><strong>οὖν</strong></span> <span class='ocrx_word' id='word_1_71' title='bbox 1225 1135 1343 1185; x_wconf 83' lang='grc' dir='ltr'>ἐκεῖ</span> <span class='ocrx_word' id='word_1_72' title='bbox 1362 1133 1421 1185; x_wconf 81' lang='grc' dir='ltr'><strong>οὐ</strong></span> <span class='ocrx_word' id='word_1_73' title='bbox 1446 1133 1508 1186; x_wconf 82' lang='grc' dir='ltr'>τὸ</span> <span class='ocrx_word' id='word_1_74' title='bbox 1543 1134 1838 1201; x_wconf 82' lang='grc' dir='ltr'>ὑποκείμε-</span> 
     </span>
    </p>
   </div>
   <div class='ocr_carea' id='block_1_13' title="bbox 257 1219 1840 1298">
    <p class='ocr_par' dir='ltr' id='par_1_13' title="bbox 257 1219 1840 1298">
     <span class='ocr_line' id='line_1_13' title="bbox 257 1219 1840 1298; baseline 0.009 -31"><span class='ocrx_word' id='word_1_75' title='bbox 257 1234 349 1268; x_wconf 87' lang='grc' dir='ltr'><strong>νον</strong></span> <span class='ocrx_word' id='word_1_76' title='bbox 378 1221 526 1270; x_wconf 85' lang='grc' dir='ltr'>ποιεῖ</span> <span class='ocrx_word' id='word_1_77' title='bbox 559 1219 652 1271; x_wconf 77' lang='grc' dir='ltr'>τὸν</span> <span class='ocrx_word' id='word_1_78' title='bbox 688 1219 1002 1292; x_wconf 80' lang='grc' dir='ltr'>ἄνθρωπον,</span> <span class='ocrx_word' id='word_1_79' title='bbox 1038 1224 1157 1277; x_wconf 81' lang='grc' dir='ltr'><strong>ἀλλ’</strong></span> <span class='ocrx_word' id='word_1_80' title='bbox 1191 1226 1223 1294; x_wconf 83' lang='grc' dir='ltr'><strong>ἡ</strong></span> <span class='ocrx_word' id='word_1_81' title='bbox 1267 1225 1393 1280; x_wconf 87' lang='grc' dir='ltr'>θεία</span> <span class='ocrx_word' id='word_1_82' title='bbox 1421 1224 1662 1298; x_wconf 87' lang='grc' dir='ltr'>δύναμις</span> <span class='ocrx_word' id='word_1_83' title='bbox 1700 1227 1840 1298; x_wconf 82' lang='grc' dir='ltr'>πρὸς</span> 
     </span>
    </p>
   </div>
   <div class='ocr_carea' id='block_1_14' title="bbox 256 1309 1842 1390">
    <p class='ocr_par' dir='ltr' id='par_1_14' title="bbox 256 1309 1842 1390">
     <span class='ocr_line' id='line_1_14' title="bbox 256 1309 1842 1390; baseline 0.008 -30"><span class='ocrx_word' id='word_1_84' title='bbox 256 1309 550 1378; x_wconf 83' lang='grc' dir='ltr'>ἀνθρώπου</span> <span class='ocrx_word' id='word_1_85' title='bbox 578 1312 740 1381; x_wconf 85' lang='grc' dir='ltr'>φύσιν</span> <span class='ocrx_word' id='word_1_86' title='bbox 772 1319 1063 1382; x_wconf 82' lang='grc' dir='ltr'>μεταποιεῖ</span> <span class='ocrx_word' id='word_1_87' title='bbox 1095 1317 1154 1370; x_wconf 83' lang='grc' dir='ltr'><strong>τὸ</strong></span> <span class='ocrx_word' id='word_1_88' title='bbox 1177 1317 1531 1387; x_wconf 84' lang='grc' dir='ltr'>φαινόμενον,</span> <span class='ocrx_word' id='word_1_89' title='bbox 1563 1321 1661 1390; x_wconf 85' lang='grc' dir='ltr'><strong>τῆς</strong></span> <span class='ocrx_word' id='word_1_90' title='bbox 1683 1321 1842 1390; x_wconf 80' lang='grc' dir='ltr'>ἐσχά-</span> 
     </span>
    </p>
   </div>
   <div class='ocr_carea' id='block_1_15' title="bbox 254 1400 1839 1480">
    <p class='ocr_par' dir='ltr' id='par_1_15' title="bbox 254 1400 1839 1480">
     <span class='ocr_line' id='line_1_15' title="bbox 254 1400 1839 1480; baseline 0.008 -28"><span class='ocrx_word' id='word_1_91' title='bbox 254 1417 354 1470; x_wconf 84' lang='grc' dir='ltr'><strong>της</strong></span> <span class='ocrx_word' id='word_1_92' title='bbox 381 1400 446 1452; x_wconf 81' lang='grc' dir='ltr'>ἄν</span> <span class='ocrx_word' id='word_1_93' title='bbox 463 1401 547 1468; x_wconf 73' lang='grc' dir='ltr'><strong>εἴη</strong></span> <span class='ocrx_word' id='word_1_94' title='bbox 566 1402 984 1474; x_wconf 77' lang='grc' dir='ltr'>ἀγνωμοσύνης,</span> <span class='ocrx_word' id='word_1_95' title='bbox 1004 1407 1120 1458; x_wconf 78' lang='grc' dir='ltr'>ἐκεῖ</span> <span class='ocrx_word' id='word_1_96' title='bbox 1139 1408 1414 1470; x_wconf 83' lang='grc' dir='ltr'><strong>τοσαύτην</strong></span> <span class='ocrx_word' id='word_1_97' title='bbox 1432 1409 1508 1478; x_wconf 82' lang='grc' dir='ltr'>τῷ</span> <span class='ocrx_word' id='word_1_98' title='bbox 1530 1409 1648 1479; x_wconf 81' lang='grc' dir='ltr'><strong>Θεῷ</strong></span> <span class='ocrx_word' id='word_1_99' title='bbox 1671 1409 1839 1480; x_wconf 83' lang='grc' dir='ltr'>προσ-</span> 
     </span>
    </p>
   </div>
   <div class='ocr_carea' id='block_1_16' title="bbox 256 1489 1835 1569">
    <p class='ocr_par' dir='ltr' id='par_1_16' title="bbox 256 1489 1835 1569">
     <span class='ocr_line' id='line_1_16' title="bbox 256 1489 1835 1569; baseline 0.007 -27"><span class='ocrx_word' id='word_1_100' title='bbox 256 1489 676 1560; x_wconf 87' lang='grc' dir='ltr'>μαρτυροῦντας</span> <span class='ocrx_word' id='word_1_101' title='bbox 701 1490 934 1562; x_wconf 84' lang='grc' dir='ltr'>δύναμιν</span> <span class='ocrx_word' id='word_1_102' title='bbox 967 1496 1177 1548; x_wconf 81' lang='grc' dir='ltr'>ἀτονεῖν</span> <span class='ocrx_word' id='word_1_103' title='bbox 1225 1499 1282 1550; x_wconf 83' lang='grc' dir='ltr'>ὲν</span> <span class='ocrx_word' id='word_1_104' title='bbox 1329 1497 1408 1568; x_wconf 83' lang='grc' dir='ltr'>τῷ</span> <span class='ocrx_word' id='word_1_105' title='bbox 1465 1498 1628 1569; x_wconf 81' lang='grc' dir='ltr'>μέρει</span> <span class='ocrx_word' id='word_1_106' title='bbox 1661 1501 1835 1569; x_wconf 83' lang='grc' dir='ltr'>τούτῳ</span> 
     </span>
    </p>
   </div>
   <div class='ocr_carea' id='block_1_17' title="bbox 253 1581 1836 1663">
    <p class='ocr_par' dir='ltr' id='par_1_17' title="bbox 253 1581 1836 1663">
     <span class='ocr_line' id='line_1_17' title="bbox 253 1581 1836 1663; baseline 0.008 -29"><span class='ocrx_word' id='word_1_107' title='bbox 253 1585 317 1635; x_wconf 82' lang='grc' dir='ltr'><strong>τὸ</strong></span> <span class='ocrx_word' id='word_1_108' title='bbox 353 1584 514 1636; x_wconf 82' lang='grc' dir='ltr'><strong>Θεῖον</strong></span> <span class='ocrx_word' id='word_1_109' title='bbox 537 1581 748 1637; x_wconf 81' lang='grc' dir='ltr'>οἴεσθαι</span> <span class='ocrx_word' id='word_1_110' title='bbox 781 1587 920 1657; x_wconf 81' lang='grc' dir='ltr'>πρὸς</span> <span class='ocrx_word' id='word_1_111' title='bbox 948 1587 1048 1658; x_wconf 84' lang='grc' dir='ltr'>τὴν</span> <span class='ocrx_word' id='word_1_112' title='bbox 1082 1588 1443 1659; x_wconf 75' lang='grc' dir='ltr'><strong>ἐκπλήρωσιν</strong></span> <span class='ocrx_word' id='word_1_113' title='bbox 1472 1591 1567 1644; x_wconf 88' lang='grc' dir='ltr'><strong>τοῦ</strong></span> <span class='ocrx_word' id='word_1_114' title='bbox 1591 1591 1836 1663; x_wconf 84' lang='grc' dir='ltr'>θελήμα-</span> 
     </span>
    </p>
   </div>
   <div class='ocr_carea' id='block_1_18' title="bbox 251 1675 1829 1751">
    <p class='ocr_par' dir='ltr' id='par_1_18' title="bbox 251 1675 1829 1751">
     <span class='ocr_line' id='line_1_18' title="bbox 251 1675 1829 1751; baseline 0.006 -23"><span class='ocrx_word' id='word_1_115' title='bbox 251 1692 369 1738; x_wconf 84' lang='grc' dir='ltr'>τος.</span> <span class='ocrx_word' id='word_1_116' title='bbox 398 1675 462 1728; x_wconf 85' lang='grc' dir='ltr'>Τί</span> <span class='ocrx_word' id='word_1_117' title='bbox 494 1675 693 1741; x_wconf 79' lang='grc' dir='ltr'>κοινὸν,</span> <span class='ocrx_word' id='word_1_118' title='bbox 745 1678 933 1746; x_wconf 74' lang='grc' dir='ltr'>φησὶν,</span> <span class='ocrx_word' id='word_1_119' title='bbox 960 1677 1114 1732; x_wconf 77' lang='grc' dir='ltr'>ὕδατι</span> <span class='ocrx_word' id='word_1_120' title='bbox 1150 1681 1243 1733; x_wconf 75' lang='grc' dir='ltr'><strong>καὶ</strong></span> <span class='ocrx_word' id='word_1_121' title='bbox 1273 1680 1423 1751; x_wconf 77' lang='grc' dir='ltr'>ζωῇς</span> <span class='ocrx_word' id='word_1_122' title='bbox 1458 1683 1524 1734; x_wconf 86' lang='grc' dir='ltr'>Τί</span> <span class='ocrx_word' id='word_1_123' title='bbox 1547 1683 1604 1736; x_wconf 79' lang='grc' dir='ltr'><strong>δὲ</strong></span> <span class='ocrx_word' id='word_1_124' title='bbox 1631 1683 1829 1748; x_wconf 85' lang='grc' dir='ltr'>κοινὸν,</span> 
     </span>
    </p>
   </div>
   <div class='ocr_carea' id='block_1_19' title="bbox 255 1765 1828 1840">
    <p class='ocr_par' dir='ltr' id='par_1_19' title="bbox 255 1765 1828 1840">
     <span class='ocr_line' id='line_1_19' title="bbox 255 1765 1828 1840; baseline 0.005 -23"><span class='ocrx_word' id='word_1_125' title='bbox 255 1765 395 1833; x_wconf 81' lang='grc' dir='ltr'>πρὸς</span> <span class='ocrx_word' id='word_1_126' title='bbox 449 1767 645 1830; x_wconf 81' lang='grc' dir='ltr'>αὐτοὺς</span> <span class='ocrx_word' id='word_1_127' title='bbox 698 1767 959 1839; x_wconf 78' lang='grc' dir='ltr'>ἐροῦμεν,</span> <span class='ocrx_word' id='word_1_128' title='bbox 993 1769 1256 1840; x_wconf 79' lang='grc' dir='ltr'><strong>ὑγρότητι</strong></span> <span class='ocrx_word' id='word_1_129' title='bbox 1306 1773 1401 1824; x_wconf 73' lang='grc' dir='ltr'><strong>καὶ</strong></span> <span class='ocrx_word' id='word_1_130' title='bbox 1455 1773 1625 1826; x_wconf 83' lang='grc' dir='ltr'>εἰκόνι</span> <span class='ocrx_word' id='word_1_131' title='bbox 1658 1774 1828 1840; x_wconf 79' lang='grc' dir='ltr'>Θεοῦ;</span> 
     </span>
    </p>
   </div>
   <div class='ocr_carea' id='block_1_20' title="bbox 1948 586 3532 663">
    <p class='ocr_par' dir='ltr' id='par_1_20' title="bbox 1948 586 3532 663">
     <span class='ocr_line' id='line_1_20' title="bbox 1948 586 3532 663; baseline 0.008 -24"><span class='ocrx_word' id='word_1_132' title='bbox 1948 587 2043 654; x_wconf 85' lang='lat' dir='ltr'><strong>qui</strong></span> <span class='ocrx_word' id='word_1_133' title='bbox 2087 586 2202 641; x_wconf 81' lang='lat' dir='ltr'><strong>tleri</strong></span> <span class='ocrx_word' id='word_1_134' title='bbox 2234 589 2404 657; x_wconf 79' lang='lat' dir='ltr'><strong>possit</strong></span> <span class='ocrx_word' id='word_1_135' title='bbox 2438 599 2494 642; x_wconf 89' lang='lat' dir='ltr'><strong>ut</strong></span> <span class='ocrx_word' id='word_1_136' title='bbox 2520 604 2588 644; x_wconf 82' lang='lat' dir='ltr'><strong>ex</strong></span> <span class='ocrx_word' id='word_1_137' title='bbox 2622 604 2684 644; x_wconf 89' lang='lat' dir='ltr'><strong>ea</strong></span> <span class='ocrx_word' id='word_1_138' title='bbox 2707 592 2868 646; x_wconf 85' lang='lat' dir='ltr'><strong>homo</strong></span> <span class='ocrx_word' id='word_1_139' title='bbox 2900 595 3282 663; x_wconf 73' lang='lat' dir='ltr'><strong>constituatur,</strong></span> <span class='ocrx_word' id='word_1_140' title='bbox 3322 598 3371 651; x_wconf 97' lang='lat' dir='ltr'><strong>id</strong></span> <span class='ocrx_word' id='word_1_141' title='bbox 3406 601 3532 652; x_wconf 89' lang='lat' dir='ltr'><strong>item</strong></span> 
     </span>
    </p>
   </div>
   <div class='ocr_carea' id='block_1_21' title="bbox 1949 680 3536 759">
    <p class='ocr_par' dir='ltr' id='par_1_21' title="bbox 1949 680 3536 759">
     <span class='ocr_line' id='line_1_21' title="bbox 1949 680 3536 759; baseline 0.009 -29"><span class='ocrx_word' id='word_1_142' title='bbox 1949 692 2046 732; x_wconf 88' lang='lat' dir='ltr'><strong>nos</strong></span> <span class='ocrx_word' id='word_1_143' title='bbox 2103 680 2579 748; x_wconf 87' lang='lat' dir='ltr'><strong>respondebimus,</strong></span> <span class='ocrx_word' id='word_1_144' title='bbox 2623 699 2744 736; x_wconf 83' lang='lat' dir='ltr'><strong>cum</strong></span> <span class='ocrx_word' id='word_1_145' title='bbox 2805 699 2870 738; x_wconf 82' lang='lat' dir='ltr'><strong>ex</strong></span> <span class='ocrx_word' id='word_1_146' title='bbox 2942 688 3094 740; x_wconf 88' lang='lat' dir='ltr'><strong>nobis</strong></span> <span class='ocrx_word' id='word_1_147' title='bbox 3141 699 3389 756; x_wconf 64' lang='lat' dir='ltr'><strong>(tumtum</strong></span> <span class='ocrx_word' id='word_1_148' title='bbox 3431 709 3536 759; x_wconf 76' lang='lat' dir='ltr'><strong>quo</strong></span> 
     </span>
    </p>
   </div>
   <div class='ocr_carea' id='block_1_22' title="bbox 1946 770 3578 852">
    <p class='ocr_par' dir='ltr' id='par_1_22' title="bbox 1946 770 3578 852">
     <span class='ocr_line' id='line_1_22' title="bbox 1946 770 3578 852; baseline 0.011 -32"><span class='ocrx_word' id='word_1_149' title='bbox 1946 779 2104 838; x_wconf 87' lang='lat' dir='ltr'><strong>pacto</strong></span> <span class='ocrx_word' id='word_1_150' title='bbox 2125 770 2217 825; x_wconf 82' lang='lat' dir='ltr'><strong>ﬁat</strong></span> <span class='ocrx_word' id='word_1_151' title='bbox 2237 786 2331 839; x_wconf 84' lang='lat' dir='ltr'><strong>per</strong></span> <span class='ocrx_word' id='word_1_152' title='bbox 2351 788 2544 841; x_wconf 88' lang='lat' dir='ltr'><strong>aquam</strong></span> <span class='ocrx_word' id='word_1_153' title='bbox 2564 791 2821 844; x_wconf 76' lang='lat' dir='ltr'><strong>regenera</strong></span> <span class='ocrx_word' id='word_1_154' title='bbox 2836 777 3053 834; x_wconf 91' lang='lat' dir='ltr'><strong>tio.lllic</strong></span> <span class='ocrx_word' id='word_1_155' title='bbox 3072 782 3207 834; x_wconf 77' lang='lat' dir='ltr'><strong>cnim</strong></span> <span class='ocrx_word' id='word_1_156' title='bbox 3229 794 3532 852; x_wconf 88' lang='lat' dir='ltr'><strong>promptum</strong></span> <span class='ocrx_word' id='word_1_157' title='bbox 3576 847 3578 849; x_wconf 8' lang='grc' dir='ltr'><strong>ς</strong></span> 
     </span>
    </p>
   </div>
   <div class='ocr_carea' id='block_1_23' title="bbox 1944 862 3537 936">
    <p class='ocr_par' dir='ltr' id='par_1_23' title="bbox 1944 862 3537 936">
     <span class='ocr_line' id='line_1_23' title="bbox 1944 862 3537 936; baseline 0.01 -21"><span class='ocrx_word' id='word_1_158' title='bbox 1944 871 2025 915; x_wconf 91' lang='lat' dir='ltr'><strong>est</strong></span> <span class='ocrx_word' id='word_1_159' title='bbox 2057 862 2350 934; x_wconf 86' lang='lat' dir='ltr'><strong>unicuique</strong></span> <span class='ocrx_word' id='word_1_160' title='bbox 2379 869 2724 936; x_wconf 83' lang='lat' dir='ltr'><strong>respondere,</strong></span> <span class='ocrx_word' id='word_1_161' title='bbox 2756 871 2938 924; x_wconf 86' lang='lat' dir='ltr'><strong>divina</strong></span> <span class='ocrx_word' id='word_1_162' title='bbox 2981 877 3180 927; x_wconf 82' lang='lat' dir='ltr'><strong>virtute</strong></span> <span class='ocrx_word' id='word_1_163' title='bbox 3209 877 3334 928; x_wconf 90' lang='lat' dir='ltr'><strong>illud</strong></span> <span class='ocrx_word' id='word_1_164' title='bbox 3363 880 3537 930; x_wconf 90' lang='lat' dir='ltr'><strong>homi-</strong></span> 
     </span>
    </p>
   </div>
   <div class='ocr_carea' id='block_1_24' title="bbox 1945 955 3532 1047">
    <p class='ocr_par' dir='ltr' id='par_1_24' title="bbox 1945 955 3532 1047">
     <span class='ocr_line' id='line_1_24' title="bbox 1945 955 3532 1047; baseline 0.009 -43"><span class='ocrx_word' id='word_1_165' title='bbox 1945 968 2066 1006; x_wconf 81' lang='lat' dir='ltr'><strong>nem</strong></span> <span class='ocrx_word' id='word_1_166' title='bbox 2111 955 2248 1022; x_wconf 89' lang='lat' dir='ltr'><strong>tlcri,</strong></span> <span class='ocrx_word' id='word_1_167' title='bbox 2303 959 2445 1027; x_wconf 88' lang='lat' dir='ltr'><strong>quod</strong></span> <span class='ocrx_word' id='word_1_168' title='bbox 2482 959 2722 1028; x_wconf 83' lang='lat' dir='ltr'><strong>alioquin</strong></span> <span class='ocrx_word' id='word_1_169' title='bbox 2784 965 3057 1019; x_wconf 80' lang='lat' dir='ltr'><strong>immobile</strong></span> <span class='ocrx_word' id='word_1_170' title='bbox 3110 976 3165 1020; x_wconf 92' lang='lat' dir='ltr'><strong>et</strong></span> <span class='ocrx_word' id='word_1_171' title='bbox 3238 969 3387 1023; x_wconf 87' lang='lat' dir='ltr'><strong>iners</strong></span> <span class='ocrx_word' id='word_1_172' title='bbox 3437 971 3532 1047; x_wconf 53' lang='lat' dir='ltr'><strong>sit,</strong></span> 
     </span>
    </p>
   </div>
   <div class='ocr_carea' id='block_1_25' title="bbox 1942 1046 3534 1125">
    <p class='ocr_par' dir='ltr' id='par_1_25' title="bbox 1942 1046 3534 1125">
     <span class='ocr_line' id='line_1_25' title="bbox 1942 1046 3534 1125; baseline 0.011 -27"><span class='ocrx_word' id='word_1_173' title='bbox 1942 1046 2051 1100; x_wconf 86' lang='lat' dir='ltr'><strong>nisi</strong></span> <span class='ocrx_word' id='word_1_174' title='bbox 2089 1047 2178 1100; x_wconf 91' lang='lat' dir='ltr'><strong>illa</strong></span> <span class='ocrx_word' id='word_1_175' title='bbox 2217 1047 2375 1104; x_wconf 79' lang='lat' dir='ltr'><strong>adsit.</strong></span> <span class='ocrx_word' id='word_1_176' title='bbox 2425 1049 2789 1116; x_wconf 83' lang='lat' dir='ltr'><strong>Quamobrem</strong></span> <span class='ocrx_word' id='word_1_177' title='bbox 2823 1056 2865 1106; x_wconf 89' lang='lat' dir='ltr'><strong>si</strong></span> <span class='ocrx_word' id='word_1_178' title='bbox 2909 1055 3019 1108; x_wconf 84' lang='lat' dir='ltr'><strong>illic</strong></span> <span class='ocrx_word' id='word_1_179' title='bbox 3067 1071 3168 1110; x_wconf 91' lang='lat' dir='ltr'><strong>non</strong></span> <span class='ocrx_word' id='word_1_180' title='bbox 3210 1063 3350 1125; x_wconf 83' lang='lat' dir='ltr'><strong>quod</strong></span> <span class='ocrx_word' id='word_1_181' title='bbox 3403 1046 3534 1115; x_wconf 89' lang='lat' dir='ltr'><strong>sub-</strong></span> 
     </span>
    </p>
   </div>
   <div class='ocr_carea' id='block_1_26' title="bbox 1939 1136 3532 1209">
    <p class='ocr_par' dir='ltr' id='par_1_26' title="bbox 1939 1136 3532 1209">
     <span class='ocr_line' id='line_1_26' title="bbox 1939 1136 3532 1209; baseline 0.011 -19"><span class='ocrx_word' id='word_1_182' title='bbox 1939 1136 2141 1205; x_wconf 74' lang='lat' dir='ltr'><strong>}ectum</strong></span> <span class='ocrx_word' id='word_1_183' title='bbox 2170 1150 2249 1194; x_wconf 89' lang='lat' dir='ltr'><strong>est</strong></span> <span class='ocrx_word' id='word_1_184' title='bbox 2285 1141 2555 1195; x_wconf 84' lang='lat' dir='ltr'><strong>hominem</strong></span> <span class='ocrx_word' id='word_1_185' title='bbox 2592 1143 2741 1209; x_wconf 81' lang='lat' dir='ltr'><strong>facit,</strong></span> <span class='ocrx_word' id='word_1_186' title='bbox 2777 1145 2868 1198; x_wconf 87' lang='lat' dir='ltr'><strong>sed</strong></span> <span class='ocrx_word' id='word_1_187' title='bbox 2901 1147 3080 1200; x_wconf 88' lang='lat' dir='ltr'><strong>divina</strong></span> <span class='ocrx_word' id='word_1_188' title='bbox 3145 1150 3316 1204; x_wconf 85' lang='lat' dir='ltr'><strong>virtus</strong></span> <span class='ocrx_word' id='word_1_189' title='bbox 3349 1152 3400 1203; x_wconf 90' lang='lat' dir='ltr'><strong>in</strong></span> <span class='ocrx_word' id='word_1_190' title='bbox 3431 1153 3532 1206; x_wconf 89' lang='lat' dir='ltr'><strong>ho-</strong></span> 
     </span>
    </p>
   </div>
   <div class='ocr_carea' id='block_1_27' title="bbox 1943 1222 3533 1294">
    <p class='ocr_par' dir='ltr' id='par_1_27' title="bbox 1943 1222 3533 1294">
     <span class='ocr_line' id='line_1_27' title="bbox 1943 1222 3533 1294; baseline 0.008 -21"><span class='ocrx_word' id='word_1_191' title='bbox 1943 1222 2102 1275; x_wconf 79' lang='lat' dir='ltr'><strong>minis</strong></span> <span class='ocrx_word' id='word_1_192' title='bbox 2123 1231 2368 1276; x_wconf 86' lang='lat' dir='ltr'><strong>naturam</strong></span> <span class='ocrx_word' id='word_1_193' title='bbox 2391 1236 2562 1278; x_wconf 88' lang='lat' dir='ltr'><strong>mutat</strong></span> <span class='ocrx_word' id='word_1_194' title='bbox 2585 1228 2633 1280; x_wconf 91' lang='lat' dir='ltr'><strong>id</strong></span> <span class='ocrx_word' id='word_1_195' title='bbox 2658 1231 2799 1293; x_wconf 89' lang='lat' dir='ltr'><strong>quod</strong></span> <span class='ocrx_word' id='word_1_196' title='bbox 2832 1232 3283 1294; x_wconf 88' lang='lat' dir='ltr'><strong>cernitur,nonnc</strong></span> <span class='ocrx_word' id='word_1_197' title='bbox 3305 1251 3533 1287; x_wconf 73' lang='lat' dir='ltr'><strong>summa:</strong></span> 
     </span>
    </p>
   </div>
   <div class='ocr_carea' id='block_1_28' title="bbox 1941 1303 3532 1380">
    <p class='ocr_par' dir='ltr' id='par_1_28' title="bbox 1941 1303 3532 1380">
     <span class='ocr_line' id='line_1_28' title="bbox 1941 1303 3532 1380; baseline 0.011 -25"><span class='ocrx_word' id='word_1_198' title='bbox 1941 1303 2167 1358; x_wconf 55' lang='lat' dir='ltr'><strong>inscitia</strong></span> <span class='ocrx_word' id='word_1_199' title='bbox 2223 1307 2294 1360; x_wconf 90' lang='lat' dir='ltr'><strong>sit</strong></span> <span class='ocrx_word' id='word_1_200' title='bbox 2338 1317 2542 1362; x_wconf 87' lang='lat' dir='ltr'><strong>tantam</strong></span> <span class='ocrx_word' id='word_1_201' title='bbox 2605 1310 2658 1363; x_wconf 90' lang='lat' dir='ltr'><strong>in</strong></span> <span class='ocrx_word' id='word_1_202' title='bbox 2715 1326 2779 1365; x_wconf 89' lang='lat' dir='ltr'><strong>ea</strong></span> <span class='ocrx_word' id='word_1_203' title='bbox 2832 1329 2922 1380; x_wconf 75' lang='lat' dir='ltr'><strong>re;</strong></span> <span class='ocrx_word' id='word_1_204' title='bbox 2956 1312 3047 1373; x_wconf 87' lang='lat' dir='ltr'><strong>Dei</strong></span> <span class='ocrx_word' id='word_1_205' title='bbox 3108 1319 3359 1370; x_wconf 72' lang='lat' dir='ltr'><strong>virtutem</strong></span> <span class='ocrx_word' id='word_1_206' title='bbox 3411 1334 3532 1372; x_wconf 86' lang='lat' dir='ltr'><strong>esse</strong></span> 
     </span>
    </p>
   </div>
   <div class='ocr_carea' id='block_1_29' title="bbox 1939 1389 3534 1468">
    <p class='ocr_par' dir='ltr' id='par_1_29' title="bbox 1939 1389 3534 1468">
     <span class='ocr_line' id='line_1_29' title="bbox 1939 1389 3534 1468; baseline 0.006 -28"><span class='ocrx_word' id='word_1_207' title='bbox 1939 1389 2266 1451; x_wconf 79' lang='lat' dir='ltr'><strong>coniiteri,in</strong></span> <span class='ocrx_word' id='word_1_208' title='bbox 2294 1393 2393 1446; x_wconf 93' lang='lat' dir='ltr'><strong>hoc</strong></span> <span class='ocrx_word' id='word_1_209' title='bbox 2407 1402 2586 1447; x_wconf 90' lang='lat' dir='ltr'><strong>autem</strong></span> <span class='ocrx_word' id='word_1_210' title='bbox 2605 1397 2848 1449; x_wconf 86' lang='lat' dir='ltr'><strong>eumdem</strong></span> <span class='ocrx_word' id='word_1_211' title='bbox 2877 1412 2997 1451; x_wconf 90' lang='lat' dir='ltr'><strong>esse</strong></span> <span class='ocrx_word' id='word_1_212' title='bbox 3046 1409 3151 1451; x_wconf 90' lang='lat' dir='ltr'><strong>tam</strong></span> <span class='ocrx_word' id='word_1_213' title='bbox 3177 1400 3534 1468; x_wconf 83' lang='lat' dir='ltr'><strong>imbecillum,</strong></span> 
     </span>
    </p>
   </div>
   <div class='ocr_carea' id='block_1_30' title="bbox 1941 1475 3529 1551">
    <p class='ocr_par' dir='ltr' id='par_1_30' title="bbox 1941 1475 3529 1551">
     <span class='ocr_line' id='line_1_30' title="bbox 1941 1475 3529 1551; baseline 0.01 -29"><span class='ocrx_word' id='word_1_214' title='bbox 1941 1480 1998 1523; x_wconf 90' lang='lat' dir='ltr'><strong>ut</strong></span> <span class='ocrx_word' id='word_1_215' title='bbox 2026 1475 2169 1540; x_wconf 85' lang='lat' dir='ltr'><strong>quod</strong></span> <span class='ocrx_word' id='word_1_216' title='bbox 2197 1477 2308 1530; x_wconf 85' lang='lat' dir='ltr'><strong>vult</strong></span> <span class='ocrx_word' id='word_1_217' title='bbox 2365 1477 2584 1546; x_wconf 77' lang='lat' dir='ltr'><strong>explere</strong></span> <span class='ocrx_word' id='word_1_218' title='bbox 2613 1494 2718 1532; x_wconf 93' lang='lat' dir='ltr'><strong>non</strong></span> <span class='ocrx_word' id='word_1_219' title='bbox 2770 1481 2989 1548; x_wconf 52' lang='lat' dir='ltr'><strong>possit?</strong></span> <span class='ocrx_word' id='word_1_220' title='bbox 3030 1483 3169 1546; x_wconf 83' lang='lat' dir='ltr'><strong>Quid</strong></span> <span class='ocrx_word' id='word_1_221' title='bbox 3219 1497 3529 1551; x_wconf 83' lang='lat' dir='ltr'><strong>commune,</strong></span> 
     </span>
    </p>
   </div>
   <div class='ocr_carea' id='block_1_31' title="bbox 1939 1567 3531 1641">
    <p class='ocr_par' dir='ltr' id='par_1_31' title="bbox 1939 1567 3531 1641">
     <span class='ocr_line' id='line_1_31' title="bbox 1939 1567 3531 1641; baseline 0.008 -23"><span class='ocrx_word' id='word_1_222' title='bbox 1939 1567 2387 1634; x_wconf 76' lang='lat' dir='ltr'><strong>inquitmt,habet</strong></span> <span class='ocrx_word' id='word_1_223' title='bbox 2407 1585 2542 1638; x_wconf 83' lang='lat' dir='ltr'><strong>aqua</strong></span> <span class='ocrx_word' id='word_1_224' title='bbox 2572 1588 2694 1625; x_wconf 72' lang='lat' dir='ltr'><strong>cum</strong></span> <span class='ocrx_word' id='word_1_225' title='bbox 2718 1574 2890 1641; x_wconf 80' lang='lat' dir='ltr'><strong>gratia</strong></span> <span class='ocrx_word' id='word_1_226' title='bbox 2917 1574 3161 1640; x_wconf 87' lang='lat' dir='ltr'><strong>?Quibus</strong></span> <span class='ocrx_word' id='word_1_227' title='bbox 3197 1591 3294 1628; x_wconf 89' lang='lat' dir='ltr'><strong>nos</strong></span> <span class='ocrx_word' id='word_1_228' title='bbox 3318 1587 3531 1638; x_wconf 89' lang='lat' dir='ltr'><strong>contra.</strong></span> 
     </span>
    </p>
   </div>
   <div class='ocr_carea' id='block_1_32' title="bbox 1937 1653 3532 1735">
    <p class='ocr_par' dir='ltr' id='par_1_32' title="bbox 1937 1653 3532 1735">
     <span class='ocr_line' id='line_1_32' title="bbox 1937 1653 3532 1735; baseline 0.009 -29"><span class='ocrx_word' id='word_1_229' title='bbox 1937 1653 2074 1719; x_wconf 85' lang='lat' dir='ltr'><strong>Quid</strong></span> <span class='ocrx_word' id='word_1_230' title='bbox 2102 1657 2260 1710; x_wconf 87' lang='lat' dir='ltr'><strong>habet</strong></span> <span class='ocrx_word' id='word_1_231' title='bbox 2312 1674 2598 1714; x_wconf 87' lang='lat' dir='ltr'><strong>commune</strong></span> <span class='ocrx_word' id='word_1_232' title='bbox 2627 1662 2918 1717; x_wconf 92' lang='lat' dir='ltr'><strong>hutniditas</strong></span> <span class='ocrx_word' id='word_1_233' title='bbox 2954 1679 3075 1718; x_wconf 90' lang='lat' dir='ltr'><strong>cum</strong></span> <span class='ocrx_word' id='word_1_234' title='bbox 3115 1665 3348 1735; x_wconf 83' lang='lat' dir='ltr'><strong>imagine</strong></span> <span class='ocrx_word' id='word_1_235' title='bbox 3389 1667 3532 1720; x_wconf 85' lang='lat' dir='ltr'><strong>Dei?</strong></span> 
     </span>
    </p>
   </div>
   <div class='ocr_carea' id='block_1_33' title="bbox 1935 1748 3532 1819">
    <p class='ocr_par' dir='ltr' id='par_1_33' title="bbox 1935 1748 3532 1819">
     <span class='ocr_line' id='line_1_33' title="bbox 1935 1748 3532 1819; baseline 0.009 -20"><span class='ocrx_word' id='word_1_236' title='bbox 1935 1748 2142 1801; x_wconf 83' lang='lat' dir='ltr'><strong>Acillic</strong></span> <span class='ocrx_word' id='word_1_237' title='bbox 2168 1749 2362 1804; x_wconf 89' lang='lat' dir='ltr'><strong>mirum</strong></span> <span class='ocrx_word' id='word_1_238' title='bbox 2401 1767 2508 1806; x_wconf 90' lang='lat' dir='ltr'><strong>non</strong></span> <span class='ocrx_word' id='word_1_239' title='bbox 2546 1764 2651 1819; x_wconf 72' lang='lat' dir='ltr'><strong>est,</strong></span> <span class='ocrx_word' id='word_1_240' title='bbox 2685 1755 2730 1808; x_wconf 88' lang='lat' dir='ltr'><strong>si</strong></span> <span class='ocrx_word' id='word_1_241' title='bbox 2766 1754 2858 1808; x_wconf 89' lang='lat' dir='ltr'><strong>Dei</strong></span> <span class='ocrx_word' id='word_1_242' title='bbox 2914 1756 3195 1810; x_wconf 83' lang='lat' dir='ltr'><strong>voluntate</strong></span> <span class='ocrx_word' id='word_1_243' title='bbox 3237 1761 3290 1811; x_wconf 89' lang='lat' dir='ltr'><strong>in</strong></span> <span class='ocrx_word' id='word_1_244' title='bbox 3327 1759 3532 1813; x_wconf 83' lang='lat' dir='ltr'><strong>animal</strong></span> 
     </span>
    </p>
   </div>
   <div class='ocr_carea' id='block_1_34' title="bbox 263 1839 1826 1936">
    <p class='ocr_par' dir='ltr' id='par_1_34' title="bbox 263 1839 1826 1936">
     <span class='ocr_line' id='line_1_34' title="bbox 263 1839 1826 1936; baseline 0.004 -24"><span class='ocrx_word' id='word_1_245' title='bbox 263 1859 408 1912; x_wconf 79' lang='grc' dir='ltr'>Ἀλλ’</span> <span class='ocrx_word' id='word_1_246' title='bbox 438 1860 592 1912; x_wconf 78' lang='grc' dir='ltr'>οὐδὲν</span> <span class='ocrx_word' id='word_1_247' title='bbox 623 1862 743 1915; x_wconf 78' lang='grc' dir='ltr'>ἐκεῖ</span> <span class='ocrx_word' id='word_1_248' title='bbox 770 1861 829 1914; x_wconf 84' lang='grc' dir='ltr'><strong>τὸ</strong></span> <span class='ocrx_word' id='word_1_249' title='bbox 861 1839 1186 1933; x_wconf 83' lang='grc' dir='ltr'>παράδοξον,</span> <span class='ocrx_word' id='word_1_250' title='bbox 1213 1866 1282 1929; x_wconf 84' lang='grc' dir='ltr'><strong>εί,</strong></span> <span class='ocrx_word' id='word_1_251' title='bbox 1309 1865 1445 1918; x_wconf 83' lang='grc' dir='ltr'>Θεοῦ</span> <span class='ocrx_word' id='word_1_252' title='bbox 1479 1866 1826 1936; x_wconf 73' lang='grc' dir='ltr'>βουλομένου,</span> 
     </span>
    </p>
   </div>
   <div class='ocr_carea' id='block_1_35' title="bbox 1931 1839 3528 1936">
    <p class='ocr_par' dir='ltr' id='par_1_35' title="bbox 1940 1839 3528 1906">
     <span class='ocr_line' id='line_1_35' title="bbox 1940 1839 3528 1906; baseline 0.013 -21"><span class='ocrx_word' id='word_1_253' title='bbox 1940 1839 2422 1906; x_wconf 69' lang='lat' dir='ltr'><strong>prmclarissimum</strong></span> <span class='ocrx_word' id='word_1_254' title='bbox 2505 1845 2797 1898; x_wconf 88' lang='lat' dir='ltr'><strong>humiditas</strong></span> <span class='ocrx_word' id='word_1_255' title='bbox 2850 1857 3236 1903; x_wconf 87' lang='lat' dir='ltr'><strong>commutatur.</strong></span> <span class='ocrx_word' id='word_1_256' title='bbox 3325 1849 3392 1903; x_wconf 90' lang='lat' dir='ltr'><strong>Et</strong></span> <span class='ocrx_word' id='word_1_257' title='bbox 3437 1852 3528 1905; x_wconf 87' lang='lat' dir='ltr'><strong>hic</strong></span> 
     </span>
    </p>
   </div>
   <div class='ocr_carea' id='block_1_36' title="bbox 251 1951 1832 2028">
    <p class='ocr_par' dir='ltr' id='par_1_36' title="bbox 251 1951 1832 2028">
     <span class='ocr_line' id='line_1_36' title="bbox 251 1951 1832 2028; baseline 0.005 -25"><span class='ocrx_word' id='word_1_258' title='bbox 251 1951 390 2023; x_wconf 79' lang='grc' dir='ltr'>πρὸς</span> <span class='ocrx_word' id='word_1_259' title='bbox 415 1951 476 2004; x_wconf 82' lang='grc' dir='ltr'>τὸ</span> <span class='ocrx_word' id='word_1_260' title='bbox 504 1953 842 2023; x_wconf 85' lang='grc' dir='ltr'>τιμιώτατον</span> <span class='ocrx_word' id='word_1_261' title='bbox 873 1953 1015 2020; x_wconf 77' lang='grc' dir='ltr'>ζῶον</span> <span class='ocrx_word' id='word_1_262' title='bbox 1056 1955 1117 2009; x_wconf 80' lang='grc' dir='ltr'>τὸ</span> <span class='ocrx_word' id='word_1_263' title='bbox 1169 1957 1339 2028; x_wconf 74' lang='grc' dir='ltr'>ὑγρὸν</span> <span class='ocrx_word' id='word_1_264' title='bbox 1377 1958 1721 2026; x_wconf 77' lang='grc' dir='ltr'>μεταϐαίνει.</span> <span class='ocrx_word' id='word_1_265' title='bbox 1757 1960 1832 2011; x_wconf 83' lang='grc' dir='ltr'>Τὸ</span> 
     </span>
    </p>
   </div>
   <div class='ocr_carea' id='block_1_37' title="bbox 251 2041 1826 2117">
    <p class='ocr_par' dir='ltr' id='par_1_37' title="bbox 251 2041 1826 2117">
     <span class='ocr_line' id='line_1_37' title="bbox 251 2041 1826 2117; baseline 0.006 -26"><span class='ocrx_word' id='word_1_266' title='bbox 251 2041 370 2095; x_wconf 81' lang='grc' dir='ltr'>ἴσον</span> <span class='ocrx_word' id='word_1_267' title='bbox 399 2042 493 2094; x_wconf 79' lang='grc' dir='ltr'>καὶ</span> <span class='ocrx_word' id='word_1_268' title='bbox 528 2043 622 2096; x_wconf 77' lang='grc' dir='ltr'>ἐπὶ</span> <span class='ocrx_word' id='word_1_269' title='bbox 647 2043 838 2097; x_wconf 85' lang='grc' dir='ltr'>τούτου</span> <span class='ocrx_word' id='word_1_270' title='bbox 871 2045 1078 2114; x_wconf 84' lang='grc' dir='ltr'>φαμὲν,</span> <span class='ocrx_word' id='word_1_271' title='bbox 1114 2046 1280 2117; x_wconf 82' lang='grc' dir='ltr'>μηδὲν</span> <span class='ocrx_word' id='word_1_272' title='bbox 1311 2042 1454 2100; x_wconf 79' lang='grc' dir='ltr'>εἶναι</span> <span class='ocrx_word' id='word_1_273' title='bbox 1485 2047 1826 2117; x_wconf 82' lang='grc' dir='ltr'>θαυμαστὸν,</span> 
     </span>
    </p>
   </div>
   <div class='ocr_carea' id='block_1_38' title="bbox 247 2133 1831 2209">
    <p class='ocr_par' dir='ltr' id='par_1_38' title="bbox 247 2133 1831 2209">
     <span class='ocr_line' id='line_1_38' title="bbox 247 2133 1831 2209; baseline 0.004 -23"><span class='ocrx_word' id='word_1_274' title='bbox 247 2139 298 2186; x_wconf 83' lang='grc' dir='ltr'><strong>ει</strong></span> <span class='ocrx_word' id='word_1_275' title='bbox 327 2133 447 2187; x_wconf 82' lang='grc' dir='ltr'>θεία</span> <span class='ocrx_word' id='word_1_276' title='bbox 481 2135 764 2204; x_wconf 83' lang='grc' dir='ltr'>δυνάμεως</span> <span class='ocrx_word' id='word_1_277' title='bbox 806 2136 1086 2208; x_wconf 79' lang='grc' dir='ltr'>παρουσία</span> <span class='ocrx_word' id='word_1_278' title='bbox 1122 2138 1261 2208; x_wconf 77' lang='grc' dir='ltr'>πρὸς</span> <span class='ocrx_word' id='word_1_279' title='bbox 1291 2138 1608 2208; x_wconf 79' lang='grc' dir='ltr'>ἀφθαρσίαν</span> <span class='ocrx_word' id='word_1_280' title='bbox 1661 2156 1831 2209; x_wconf 88' lang='grc' dir='ltr'>μετα-</span> 
     </span>
    </p>
   </div>
   <div class='ocr_carea' id='block_1_39' title="bbox 248 2227 1830 2300">
    <p class='ocr_par' dir='ltr' id='par_1_39' title="bbox 248 2227 1830 2300">
     <span class='ocr_line' id='line_1_39' title="bbox 248 2227 1830 2300; baseline 0.003 -21"><span class='ocrx_word' id='word_1_281' title='bbox 248 2227 508 2291; x_wconf 74' lang='grc' dir='ltr'>σκευάζει</span> <span class='ocrx_word' id='word_1_282' title='bbox 539 2227 599 2280; x_wconf 88' lang='grc' dir='ltr'><strong>τὸ</strong></span> <span class='ocrx_word' id='word_1_283' title='bbox 635 2231 692 2281; x_wconf 76' lang='grc' dir='ltr'>ὲν</span> <span class='ocrx_word' id='word_1_284' title='bbox 716 2231 783 2300; x_wconf 83' lang='grc' dir='ltr'><strong>τῇ</strong></span> <span class='ocrx_word' id='word_1_285' title='bbox 815 2228 1031 2300; x_wconf 77' lang='grc' dir='ltr'>φθαρτῇ</span> <span class='ocrx_word' id='word_1_286' title='bbox 1086 2229 1252 2298; x_wconf 81' lang='grc' dir='ltr'>φύσει</span> <span class='ocrx_word' id='word_1_287' title='bbox 1304 2231 1620 2299; x_wconf 87' lang='grc' dir='ltr'>γενόμενον.</span> <span class='ocrx_word' id='word_1_288' title='bbox 1670 2231 1830 2284; x_wconf 83' lang='grc' dir='ltr'>Ἀλλά</span> 
     </span>
    </p>
   </div>
   <div class='ocr_carea' id='block_1_40' title="bbox 247 2311 1828 2393">
    <p class='ocr_par' dir='ltr' id='par_1_40' title="bbox 247 2311 1828 2393">
     <span class='ocr_line' id='line_1_40' title="bbox 247 2311 1828 2393; baseline 0.002 -21"><span class='ocrx_word' id='word_1_289' title='bbox 247 2320 509 2389; x_wconf 83' lang='grc' dir='ltr'>ζητοῦσιν</span> <span class='ocrx_word' id='word_1_290' title='bbox 542 2321 822 2386; x_wconf 80' lang='grc' dir='ltr'>ἀπόδειξιν</span> <span class='ocrx_word' id='word_1_291' title='bbox 849 2311 952 2375; x_wconf 44' lang='grc' dir='ltr'>’τοῦ</span> <span class='ocrx_word' id='word_1_292' title='bbox 989 2325 1247 2393; x_wconf 87' lang='grc' dir='ltr'>παρεῖναι</span> <span class='ocrx_word' id='word_1_293' title='bbox 1275 2323 1335 2375; x_wconf 79' lang='grc' dir='ltr'><strong>τὸ</strong></span> <span class='ocrx_word' id='word_1_294' title='bbox 1361 2323 1516 2376; x_wconf 88' lang='grc' dir='ltr'>Θεῖον</span> <span class='ocrx_word' id='word_1_295' title='bbox 1545 2323 1637 2376; x_wconf 83' lang='grc' dir='ltr'>ἐπὶ</span> <span class='ocrx_word' id='word_1_296' title='bbox 1671 2324 1828 2390; x_wconf 81' lang='grc' dir='ltr'>ἁγια-</span> 
     </span>
    </p>
   </div>
   <div class='ocr_carea' id='block_1_41' title="bbox 248 2410 1828 2482">
    <p class='ocr_par' dir='ltr' id='par_1_41' title="bbox 248 2410 1828 2482">
     <span class='ocr_line' id='line_1_41' title="bbox 248 2410 1828 2482; baseline 0.003 -22"><span class='ocrx_word' id='word_1_297' title='bbox 248 2410 376 2480; x_wconf 80' lang='grc' dir='ltr'>σμῷ</span> <span class='ocrx_word' id='word_1_298' title='bbox 408 2412 518 2462; x_wconf 76' lang='grc' dir='ltr'>τῶν</span> <span class='ocrx_word' id='word_1_299' title='bbox 549 2411 854 2481; x_wconf 79' lang='grc' dir='ltr'>γινομένων</span> <span class='ocrx_word' id='word_1_300' title='bbox 883 2411 1244 2481; x_wconf 81' lang='grc' dir='ltr'>καλούμενον.</span> <span class='ocrx_word' id='word_1_301' title='bbox 1295 2413 1357 2465; x_wconf 86' lang='grc' dir='ltr'><em>Ἢ</em></span> <span class='ocrx_word' id='word_1_302' title='bbox 1381 2413 1700 2482; x_wconf 84' lang='grc' dir='ltr'>κατασκευὴ</span> <span class='ocrx_word' id='word_1_303' title='bbox 1731 2412 1828 2465; x_wconf 88' lang='grc' dir='ltr'><strong>τοῦ</strong></span> 
     </span>
    </p>
   </div>
   <div class='ocr_carea' id='block_1_42' title="bbox 245 2503 1828 2576">
    <p class='ocr_par' dir='ltr' id='par_1_42' title="bbox 245 2503 1828 2576">
     <span class='ocr_line' id='line_1_42' title="bbox 245 2503 1828 2576; baseline 0.001 -20"><span class='ocrx_word' id='word_1_304' title='bbox 245 2504 348 2574; x_wconf 85' lang='grc' dir='ltr'>τὴν</span> <span class='ocrx_word' id='word_1_305' title='bbox 385 2503 472 2556; x_wconf 82' lang='grc' dir='ltr'><strong>διά</strong></span> <span class='ocrx_word' id='word_1_306' title='bbox 505 2504 708 2574; x_wconf 81' lang='grc' dir='ltr'>σαρκὸς</span> <span class='ocrx_word' id='word_1_307' title='bbox 737 2506 870 2575; x_wconf 80' lang='grc' dir='ltr'>ἡμῖν</span> <span class='ocrx_word' id='word_1_308' title='bbox 903 2507 1267 2575; x_wconf 75' lang='grc' dir='ltr'>ἐπιφανεῖσαν</span> <span class='ocrx_word' id='word_1_309' title='bbox 1317 2505 1553 2576; x_wconf 81' lang='grc' dir='ltr'>δύναμιν</span> <span class='ocrx_word' id='word_1_310' title='bbox 1610 2504 1828 2575; x_wconf 83' lang='grc' dir='ltr'>άληθῶς</span> 
     </span>
    </p>
   </div>
   <div class='ocr_carea' id='block_1_43' title="bbox 246 2591 1826 2669">
    <p class='ocr_par' dir='ltr' id='par_1_43' title="bbox 246 2591 1826 2669">
     <span class='ocr_line' id='line_1_43' title="bbox 246 2591 1826 2669; baseline 0.004 -23"><span class='ocrx_word' id='word_1_311' title='bbox 246 2595 402 2648; x_wconf 84' lang='grc' dir='ltr'>Θείαν</span> <span class='ocrx_word' id='word_1_312' title='bbox 433 2591 572 2650; x_wconf 83' lang='grc' dir='ltr'>εἶναι</span> <span class='ocrx_word' id='word_1_313' title='bbox 605 2595 702 2650; x_wconf 85' lang='grc' dir='ltr'><strong>τοῦ</strong></span> <span class='ocrx_word' id='word_1_314' title='bbox 732 2597 999 2664; x_wconf 80' lang='grc' dir='ltr'>παρόντος</span> <span class='ocrx_word' id='word_1_315' title='bbox 1035 2597 1197 2665; x_wconf 81' lang='grc' dir='ltr'>λόγου</span> <span class='ocrx_word' id='word_1_316' title='bbox 1251 2598 1555 2669; x_wconf 84' lang='grc' dir='ltr'>συνηγορία</span> <span class='ocrx_word' id='word_1_317' title='bbox 1589 2600 1826 2666; x_wconf 88' lang='grc' dir='ltr'>γίνεται.</span> 
     </span>
    </p>
   </div>
   <div class='ocr_carea' id='block_1_44' title="bbox 243 2683 1826 2760">
    <p class='ocr_par' dir='ltr' id='par_1_44' title="bbox 243 2683 1826 2760">
     <span class='ocr_line' id='line_1_44' title="bbox 243 2683 1826 2760; baseline 0 -20"><span class='ocrx_word' id='word_1_318' title='bbox 243 2688 564 2758; x_wconf 79' lang='grc' dir='ltr'>Δειχθέντος</span> <span class='ocrx_word' id='word_1_319' title='bbox 596 2690 704 2760; x_wconf 85' lang='grc' dir='ltr'>γὰρ</span> <span class='ocrx_word' id='word_1_320' title='bbox 733 2689 827 2742; x_wconf 88' lang='grc' dir='ltr'><strong>τοῦ</strong></span> <span class='ocrx_word' id='word_1_321' title='bbox 887 2689 1020 2742; x_wconf 80' lang='grc' dir='ltr'>Θεὸν</span> <span class='ocrx_word' id='word_1_322' title='bbox 1074 2683 1214 2742; x_wconf 76' lang='grc' dir='ltr'>εῖναι</span> <span class='ocrx_word' id='word_1_323' title='bbox 1247 2689 1337 2742; x_wconf 80' lang='grc' dir='ltr'><strong>τὸν</strong></span> <span class='ocrx_word' id='word_1_324' title='bbox 1369 2692 1426 2742; x_wconf 80' lang='grc' dir='ltr'><strong>ἐν</strong></span> <span class='ocrx_word' id='word_1_325' title='bbox 1453 2690 1622 2758; x_wconf 69' lang='grc' dir='ltr'>σαρκὶ</span> <span class='ocrx_word' id='word_1_326' title='bbox 1657 2705 1826 2756; x_wconf 85' lang='grc' dir='ltr'>φανε-</span> 
     </span>
    </p>
   </div>
   <div class='ocr_carea' id='block_1_45' title="bbox 246 2780 1828 2851">
    <p class='ocr_par' dir='ltr' id='par_1_45' title="bbox 246 2780 1828 2851">
     <span class='ocr_line' id='line_1_45' title="bbox 246 2780 1828 2851; baseline 0 -17"><span class='ocrx_word' id='word_1_327' title='bbox 246 2781 519 2850; x_wconf 84' lang='grc' dir='ltr'>ρωθέντα,</span> <span class='ocrx_word' id='word_1_328' title='bbox 577 2782 673 2834; x_wconf 77' lang='grc' dir='ltr'>καὶ</span> <span class='ocrx_word' id='word_1_329' title='bbox 717 2781 806 2835; x_wconf 78' lang='grc' dir='ltr'>διὰ</span> <span class='ocrx_word' id='word_1_330' title='bbox 860 2782 968 2835; x_wconf 84' lang='grc' dir='ltr'>τῶν</span> <span class='ocrx_word' id='word_1_331' title='bbox 1025 2782 1330 2851; x_wconf 80' lang='grc' dir='ltr'>γινομένων</span> <span class='ocrx_word' id='word_1_332' title='bbox 1386 2780 1686 2848; x_wconf 77' lang='grc' dir='ltr'>θαυμάτων</span> <span class='ocrx_word' id='word_1_333' title='bbox 1727 2780 1828 2850; x_wconf 79' lang='grc' dir='ltr'><strong>τὴν</strong></span> 
     </span>
    </p>
   </div>
   <div class='ocr_carea' id='block_1_46' title="bbox 243 2873 1830 2944">
    <p class='ocr_par' dir='ltr' id='par_1_46' title="bbox 243 2873 1830 2944">
     <span class='ocr_line' id='line_1_46' title="bbox 243 2873 1830 2944; baseline -0.001 -17"><span class='ocrx_word' id='word_1_334' title='bbox 243 2877 410 2943; x_wconf 79' lang='grc' dir='ltr'>φύσιν</span> <span class='ocrx_word' id='word_1_335' title='bbox 451 2874 647 2927; x_wconf 79' lang='grc' dir='ltr'>ἑαυτοῦ</span> <span class='ocrx_word' id='word_1_336' title='bbox 672 2874 948 2940; x_wconf 77' lang='grc' dir='ltr'>δείξαντα,</span> <span class='ocrx_word' id='word_1_337' title='bbox 989 2873 1388 2944; x_wconf 79' lang='grc' dir='ltr'>συναπεδείχθη</span> <span class='ocrx_word' id='word_1_338' title='bbox 1421 2875 1480 2927; x_wconf 86' lang='grc' dir='ltr'><strong>τὸ</strong></span> <span class='ocrx_word' id='word_1_339' title='bbox 1525 2875 1638 2935; x_wconf 87' lang='grc' dir='ltr'>τοῖς</span> <span class='ocrx_word' id='word_1_340' title='bbox 1676 2889 1830 2940; x_wconf 82' lang='grc' dir='ltr'>γινο-</span> 
     </span>
    </p>
   </div>
   <div class='ocr_carea' id='block_1_47' title="bbox 244 2961 1830 3030">
    <p class='ocr_par' dir='ltr' id='par_1_47' title="bbox 244 2961 1830 3030">
     <span class='ocr_line' id='line_1_47' title="bbox 244 2961 1830 3030; baseline 0 -17"><span class='ocrx_word' id='word_1_341' title='bbox 244 2961 434 3027; x_wconf 81' lang='grc' dir='ltr'>μένοις</span> <span class='ocrx_word' id='word_1_342' title='bbox 465 2963 723 3024; x_wconf 74' lang='grc' dir='ltr'>παρεῖναι</span> <span class='ocrx_word' id='word_1_343' title='bbox 755 2961 917 3014; x_wconf 85' lang='grc' dir='ltr'>αὑτὸν</span> <span class='ocrx_word' id='word_1_344' title='bbox 956 2963 1101 3015; x_wconf 84' lang='grc' dir='ltr'>κατὰ</span> <span class='ocrx_word' id='word_1_345' title='bbox 1132 2964 1310 3016; x_wconf 85' lang='grc' dir='ltr'>πάντα</span> <span class='ocrx_word' id='word_1_346' title='bbox 1367 2962 1563 3030; x_wconf 72' lang='grc' dir='ltr'>καιρὸν</span> <span class='ocrx_word' id='word_1_347' title='bbox 1599 2962 1830 3030; x_wconf 77' lang='grc' dir='ltr'>ἐπικλή-</span> 
     </span>
    </p>
   </div>
   <div class='ocr_carea' id='block_1_48' title="bbox 244 3051 1828 3123">
    <p class='ocr_par' dir='ltr' id='par_1_48' title="bbox 244 3051 1828 3123">
     <span class='ocr_line' id='line_1_48' title="bbox 244 3051 1828 3123; baseline 0 -19"><span class='ocrx_word' id='word_1_348' title='bbox 244 3070 406 3116; x_wconf 87' lang='grc' dir='ltr'>σεως.</span> <span class='ocrx_word' id='word_1_349' title='bbox 443 3053 658 3123; x_wconf 78' lang='grc' dir='ltr'>Ὥσπερ</span> <span class='ocrx_word' id='word_1_350' title='bbox 683 3060 792 3121; x_wconf 74' lang='grc' dir='ltr'>γὰρ</span> <span class='ocrx_word' id='word_1_351' title='bbox 829 3054 1066 3105; x_wconf 75' lang='grc' dir='ltr'>ἑκάστου</span> <span class='ocrx_word' id='word_1_352' title='bbox 1103 3052 1211 3106; x_wconf 81' lang='grc' dir='ltr'><strong>τῶν</strong></span> <span class='ocrx_word' id='word_1_353' title='bbox 1248 3051 1422 3106; x_wconf 76' lang='grc' dir='ltr'>ὄντων</span> <span class='ocrx_word' id='word_1_354' title='bbox 1459 3053 1578 3104; x_wconf 78' lang='grc' dir='ltr'>ἔστι</span> <span class='ocrx_word' id='word_1_355' title='bbox 1610 3070 1692 3113; x_wconf 88' lang='grc' dir='ltr'><strong>τις</strong></span> <span class='ocrx_word' id='word_1_356' title='bbox 1732 3053 1828 3105; x_wconf 80' lang='grc' dir='ltr'><strong>ἰδι-</strong></span> 
     </span>
    </p>
   </div>
   <div class='ocr_carea' id='block_1_49' title="bbox 239 3143 1893 3243">
    <p class='ocr_par' dir='ltr' id='par_1_49' title="bbox 239 3143 1893 3243">
     <span class='ocr_line' id='line_1_49' title="bbox 239 3143 1893 3243; baseline 0.001 -48"><span class='ocrx_word' id='word_1_357' title='bbox 239 3146 372 3213; x_wconf 82' lang='grc' dir='ltr'>ότης</span> <span class='ocrx_word' id='word_1_358' title='bbox 400 3146 432 3214; x_wconf 85' lang='grc' dir='ltr'>ἡ</span> <span class='ocrx_word' id='word_1_359' title='bbox 463 3143 561 3214; x_wconf 84' lang='grc' dir='ltr'>τὴν</span> <span class='ocrx_word' id='word_1_360' title='bbox 587 3143 748 3212; x_wconf 83' lang='grc' dir='ltr'>φύσιν</span> <span class='ocrx_word' id='word_1_361' title='bbox 786 3144 1161 3214; x_wconf 76' lang='grc' dir='ltr'>γνωρίζουσα,</span> <span class='ocrx_word' id='word_1_362' title='bbox 1187 3143 1362 3206; x_wconf 73' lang='grc' dir='ltr'>οὕτως</span> <span class='ocrx_word' id='word_1_363' title='bbox 1393 3144 1524 3196; x_wconf 72' lang='grc' dir='ltr'>ἴδιον</span> <span class='ocrx_word' id='word_1_364' title='bbox 1546 3144 1644 3213; x_wconf 83' lang='grc' dir='ltr'>τῆς</span> <span class='ocrx_word' id='word_1_365' title='bbox 1671 3143 1821 3206; x_wconf 81' lang='grc' dir='ltr'>θείας</span> <span class='ocrx_word' id='word_1_366' title='bbox 1851 3187 1893 3243; x_wconf 77' lang='lat' dir='ltr'><strong><em>C</em></strong></span> 
     </span>
    </p>
   </div>
   <div class='ocr_carea' id='block_1_50' title="bbox 240 3237 1821 3310">
    <p class='ocr_par' dir='ltr' id='par_1_50' title="bbox 240 3237 1821 3310">
     <span class='ocr_line' id='line_1_50' title="bbox 240 3237 1821 3310; baseline 0.002 -20"><span class='ocrx_word' id='word_1_367' title='bbox 240 3237 460 3306; x_wconf 75' lang='grc' dir='ltr'>φύσεώς</span> <span class='ocrx_word' id='word_1_368' title='bbox 491 3239 697 3310; x_wconf 81' lang='grc' dir='ltr'>ἐστινὴ</span> <span class='ocrx_word' id='word_1_369' title='bbox 728 3237 977 3308; x_wconf 80' lang='grc' dir='ltr'>ἀλήθεια.</span> <span class='ocrx_word' id='word_1_370' title='bbox 1020 3239 1182 3292; x_wconf 80' lang='grc' dir='ltr'>Ἀλλὰ</span> <span class='ocrx_word' id='word_1_371' title='bbox 1211 3239 1320 3310; x_wconf 83' lang='grc' dir='ltr'><strong>μὴν</strong></span> <span class='ocrx_word' id='word_1_372' title='bbox 1352 3239 1440 3292; x_wconf 78' lang='grc' dir='ltr'><strong>ἀεὶ</strong></span> <span class='ocrx_word' id='word_1_373' title='bbox 1476 3240 1821 3308; x_wconf 73' lang='grc' dir='ltr'>παρέσεσθαι</span> 
     </span>
    </p>
   </div>
   <div class='ocr_carea' id='block_1_51' title="bbox 236 3328 1822 3399">
    <p class='ocr_par' dir='ltr' id='par_1_51' title="bbox 236 3328 1822 3399">
     <span class='ocr_line' id='line_1_51' title="bbox 236 3328 1822 3399; baseline 0.002 -19"><span class='ocrx_word' id='word_1_374' title='bbox 236 3331 355 3390; x_wconf 81' lang='grc' dir='ltr'>τοῖς</span> <span class='ocrx_word' id='word_1_375' title='bbox 408 3328 864 3396; x_wconf 74' lang='grc' dir='ltr'>ἐπικαλουμένοις</span> <span class='ocrx_word' id='word_1_376' title='bbox 903 3329 1265 3399; x_wconf 75' lang='grc' dir='ltr'>ἐπήγγελται,</span> <span class='ocrx_word' id='word_1_377' title='bbox 1305 3329 1400 3383; x_wconf 74' lang='grc' dir='ltr'><strong>καὶ</strong></span> <span class='ocrx_word' id='word_1_378' title='bbox 1429 3329 1488 3381; x_wconf 81' lang='grc' dir='ltr'>ὲν</span> <span class='ocrx_word' id='word_1_379' title='bbox 1529 3329 1682 3399; x_wconf 82' lang='grc' dir='ltr'>μέσῳ</span> <span class='ocrx_word' id='word_1_380' title='bbox 1713 3331 1822 3383; x_wconf 86' lang='grc' dir='ltr'><strong>τῶν</strong></span> 
     </span>
    </p>
   </div>
   <div class='ocr_carea' id='block_1_52' title="bbox 237 3415 1823 3493">
    <p class='ocr_par' dir='ltr' id='par_1_52' title="bbox 237 3415 1823 3493">
     <span class='ocr_line' id='line_1_52' title="bbox 237 3415 1823 3493; baseline 0.001 -21"><span class='ocrx_word' id='word_1_381' title='bbox 237 3420 611 3474; x_wconf 74' lang='grc' dir='ltr'>πιστευόντων</span> <span class='ocrx_word' id='word_1_382' title='bbox 642 3415 806 3486; x_wconf 81' lang='grc' dir='ltr'>εἶναι,</span> <span class='ocrx_word' id='word_1_383' title='bbox 847 3422 943 3475; x_wconf 69' lang='grc' dir='ltr'>καὶ</span> <span class='ocrx_word' id='word_1_384' title='bbox 975 3423 1034 3472; x_wconf 83' lang='grc' dir='ltr'>ὲν</span> <span class='ocrx_word' id='word_1_385' title='bbox 1065 3422 1199 3473; x_wconf 79' lang='grc' dir='ltr'>πᾶσι</span> <span class='ocrx_word' id='word_1_386' title='bbox 1234 3422 1443 3490; x_wconf 84' lang='grc' dir='ltr'>μένειν,</span> <span class='ocrx_word' id='word_1_387' title='bbox 1477 3422 1572 3474; x_wconf 80' lang='grc' dir='ltr'>καὶ</span> <span class='ocrx_word' id='word_1_388' title='bbox 1604 3424 1823 3493; x_wconf 81' lang='grc' dir='ltr'>ἑκάστῳ</span> 
     </span>
    </p>
   </div>
   <div class='ocr_carea' id='block_1_53' title="bbox 590 3508 1822 3584">
    <p class='ocr_par' dir='ltr' id='par_1_53' title="bbox 590 3508 1822 3584">
     <span class='ocr_line' id='line_1_53' title="bbox 590 3508 1822 3584; baseline 0.001 -19"><span class='ocrx_word' id='word_1_389' title='bbox 590 3513 703 3565; x_wconf 77' lang='grc' dir='ltr'>Οὐκ</span> <span class='ocrx_word' id='word_1_390' title='bbox 789 3508 884 3565; x_wconf 77' lang='grc' dir='ltr'>οὖν</span> <span class='ocrx_word' id='word_1_391' title='bbox 943 3513 1138 3582; x_wconf 82' lang='grc' dir='ltr'>ἐτέρας</span> <span class='ocrx_word' id='word_1_392' title='bbox 1192 3515 1274 3575; x_wconf 76' lang='grc' dir='ltr'><strong>εἰς</strong></span> <span class='ocrx_word' id='word_1_393' title='bbox 1333 3514 1394 3566; x_wconf 85' lang='grc' dir='ltr'>τὸ</span> <span class='ocrx_word' id='word_1_394' title='bbox 1444 3515 1703 3584; x_wconf 86' lang='grc' dir='ltr'>παρεῖναι</span> <span class='ocrx_word' id='word_1_395' title='bbox 1761 3513 1822 3566; x_wconf 78' lang='grc' dir='ltr'>τὸ</span> 
     </span>
    </p>
   </div>
   <div class='ocr_carea' id='block_1_54' title="bbox 231 3603 1821 3677">
    <p class='ocr_par' dir='ltr' id='par_1_54' title="bbox 231 3603 1821 3677">
     <span class='ocr_line' id='line_1_54' title="bbox 231 3603 1821 3677; baseline 0.003 -21"><span class='ocrx_word' id='word_1_396' title='bbox 231 3603 395 3656; x_wconf 83' lang='grc' dir='ltr'>Θεῖον</span> <span class='ocrx_word' id='word_1_397' title='bbox 422 3607 534 3667; x_wconf 82' lang='grc' dir='ltr'>τοῖς</span> <span class='ocrx_word' id='word_1_398' title='bbox 565 3607 881 3677; x_wconf 70' lang='grc' dir='ltr'>γινομένοις</span> <span class='ocrx_word' id='word_1_399' title='bbox 911 3606 1245 3673; x_wconf 81' lang='grc' dir='ltr'>ἀποδείξεως</span> <span class='ocrx_word' id='word_1_400' title='bbox 1301 3606 1725 3676; x_wconf 86' lang='grc' dir='ltr'>προσδεοίμεθα,</span> <span class='ocrx_word' id='word_1_401' title='bbox 1759 3608 1821 3661; x_wconf 87' lang='grc' dir='ltr'><strong>τὸ</strong></span> 
     </span>
    </p>
   </div>
   <div class='ocr_carea' id='block_1_55' title="bbox 233 3689 1819 3762">
    <p class='ocr_par' dir='ltr' id='par_1_55' title="bbox 233 3689 1819 3762">
     <span class='ocr_line' id='line_1_55' title="bbox 233 3689 1819 3762; baseline 0.007 -22"><span class='ocrx_word' id='word_1_402' title='bbox 233 3690 343 3759; x_wconf 74' lang='grc' dir='ltr'><strong>μὲν</strong></span> <span class='ocrx_word' id='word_1_403' title='bbox 373 3689 506 3744; x_wconf 79' lang='grc' dir='ltr'>Θεὸν</span> <span class='ocrx_word' id='word_1_404' title='bbox 538 3689 681 3746; x_wconf 74' lang='grc' dir='ltr'>εἶναι</span> <span class='ocrx_word' id='word_1_405' title='bbox 711 3693 797 3747; x_wconf 78' lang='grc' dir='ltr'><strong>διὰ</strong></span> <span class='ocrx_word' id='word_1_406' title='bbox 831 3693 938 3746; x_wconf 87' lang='grc' dir='ltr'>τῶν</span> <span class='ocrx_word' id='word_1_407' title='bbox 969 3694 1269 3762; x_wconf 84' lang='grc' dir='ltr'>θαυμάτων</span> <span class='ocrx_word' id='word_1_408' title='bbox 1305 3697 1470 3749; x_wconf 79' lang='grc' dir='ltr'>αὑτὸν</span> <span class='ocrx_word' id='word_1_409' title='bbox 1517 3709 1819 3751; x_wconf 79' lang='grc' dir='ltr'>πεπιστευ-</span> 
     </span>
    </p>
   </div>
   <div class='ocr_carea' id='block_1_56' title="bbox 231 3779 1820 3860">
    <p class='ocr_par' dir='ltr' id='par_1_56' title="bbox 231 3779 1820 3860">
     <span class='ocr_line' id='line_1_56' title="bbox 231 3779 1820 3860; baseline 0.008 -28"><span class='ocrx_word' id='word_1_410' title='bbox 231 3779 417 3844; x_wconf 75' lang='grc' dir='ltr'>κότες,</span> <span class='ocrx_word' id='word_1_411' title='bbox 464 3783 593 3836; x_wconf 77' lang='grc' dir='ltr'>ἴδιον</span> <span class='ocrx_word' id='word_1_412' title='bbox 623 3783 680 3836; x_wconf 83' lang='grc' dir='ltr'><strong>δὲ</strong></span> <span class='ocrx_word' id='word_1_413' title='bbox 733 3786 835 3854; x_wconf 81' lang='grc' dir='ltr'><strong>τῆς</strong></span> <span class='ocrx_word' id='word_1_414' title='bbox 879 3785 1148 3856; x_wconf 83' lang='grc' dir='ltr'>Θεότητος</span> <span class='ocrx_word' id='word_1_415' title='bbox 1197 3787 1259 3840; x_wconf 82' lang='grc' dir='ltr'>τὸ</span> <span class='ocrx_word' id='word_1_416' title='bbox 1305 3789 1558 3858; x_wconf 85' lang='grc' dir='ltr'>ἁμίκτως</span> <span class='ocrx_word' id='word_1_417' title='bbox 1594 3791 1730 3860; x_wconf 76' lang='grc' dir='ltr'>πρὸς</span> <span class='ocrx_word' id='word_1_418' title='bbox 1759 3794 1820 3845; x_wconf 87' lang='grc' dir='ltr'><strong>τὸ</strong></span> 
     </span>
    </p>
   </div>
   <div class='ocr_carea' id='block_1_57' title="bbox 227 3873 1819 3957">
    <p class='ocr_par' dir='ltr' id='par_1_57' title="bbox 227 3873 1819 3957">
     <span class='ocr_line' id='line_1_57' title="bbox 227 3873 1819 3957; baseline 0.009 -33"><span class='ocrx_word' id='word_1_419' title='bbox 227 3873 433 3939; x_wconf 69' lang='grc' dir='ltr'>ψεῦδος</span> <span class='ocrx_word' id='word_1_420' title='bbox 467 3874 613 3946; x_wconf 78' lang='grc' dir='ltr'>ἔχειν</span> <span class='ocrx_word' id='word_1_421' title='bbox 639 3877 863 3943; x_wconf 85' lang='grc' dir='ltr'>εἰδότες,</span> <span class='ocrx_word' id='word_1_422' title='bbox 898 3881 957 3932; x_wconf 76' lang='grc' dir='ltr'><strong>έν</strong></span> <span class='ocrx_word' id='word_1_423' title='bbox 994 3879 1050 3932; x_wconf 82' lang='grc' dir='ltr'>δὲ</span> <span class='ocrx_word' id='word_1_424' title='bbox 1080 3881 1160 3951; x_wconf 83' lang='grc' dir='ltr'>τῷ</span> <span class='ocrx_word' id='word_1_425' title='bbox 1186 3881 1416 3952; x_wconf 77' lang='grc' dir='ltr'>ἀψευδεῖ</span> <span class='ocrx_word' id='word_1_426' title='bbox 1445 3884 1544 3952; x_wconf 84' lang='grc' dir='ltr'>τῆς</span> <span class='ocrx_word' id='word_1_427' title='bbox 1583 3885 1819 3957; x_wconf 81' lang='grc' dir='ltr'>ὑποσχέ-</span> 
     </span>
    </p>
   </div>
   <div class='ocr_carea' id='block_1_58' title="bbox 229 3971 1813 4046">
    <p class='ocr_par' dir='ltr' id='par_1_58' title="bbox 229 3971 1813 4046">
     <span class='ocr_line' id='line_1_58' title="bbox 229 3971 1813 4046; baseline 0.009 -28"><span class='ocrx_word' id='word_1_428' title='bbox 229 3983 377 4030; x_wconf 86' lang='grc' dir='ltr'>σεως</span> <span class='ocrx_word' id='word_1_429' title='bbox 410 3972 666 4038; x_wconf 79' lang='grc' dir='ltr'>παρεῖναι</span> <span class='ocrx_word' id='word_1_430' title='bbox 685 3971 744 4022; x_wconf 80' lang='grc' dir='ltr'>τὸ</span> <span class='ocrx_word' id='word_1_431' title='bbox 768 3973 1185 4043; x_wconf 80' lang='grc' dir='ltr'>ἐπηγγελμένον</span> <span class='ocrx_word' id='word_1_432' title='bbox 1214 3975 1316 4027; x_wconf 82' lang='grc' dir='ltr'>οὐκ</span> <span class='ocrx_word' id='word_1_433' title='bbox 1351 3976 1813 4046; x_wconf 78' lang='grc' dir='ltr'>ἀμφιϐάλλοντες.</span> 
     </span>
    </p>
   </div>
   <div class='ocr_carea' id='block_1_59' title="bbox 235 3512 502 3563">
    <p class='ocr_par' dir='ltr' id='par_1_59' title="bbox 235 3512 502 3563">
     <span class='ocr_line' id='line_1_59' title="bbox 235 3512 502 3563; baseline 0.004 -1"><span class='ocrx_word' id='word_1_434' title='bbox 235 3512 502 3563; x_wconf 81' lang='grc' dir='ltr'>συνεῖναι.</span> 
     </span>
    </p>
   </div>
   <div class='ocr_carea' id='block_1_60' title="bbox 284 4097 1782 4182">
    <p class='ocr_par' dir='ltr' id='par_1_60' title="bbox 284 4097 1782 4182">
     <span class='ocr_line' id='line_1_60' title="bbox 284 4097 1782 4182; baseline 0.012 -32"><span class='ocrx_word' id='word_1_435' title='bbox 284 4097 396 4152; x_wconf 84' lang='grc' dir='ltr'>Τοῦ</span> <span class='ocrx_word' id='word_1_436' title='bbox 434 4101 840 4171; x_wconf 79' lang='grc' dir='ltr'>Δαμασκηνοῦ</span> <span class='ocrx_word' id='word_1_437' title='bbox 886 4105 974 4160; x_wconf 82' lang='grc' dir='ltr'>ἔτι</span> <span class='ocrx_word' id='word_1_438' title='bbox 1007 4109 1140 4176; x_wconf 80' lang='grc' dir='ltr'>περὶ</span> <span class='ocrx_word' id='word_1_439' title='bbox 1191 4109 1300 4164; x_wconf 84' lang='grc' dir='ltr'><strong>τοῦ</strong></span> <span class='ocrx_word' id='word_1_440' title='bbox 1336 4111 1782 4182; x_wconf 73' lang='grc' dir='ltr'>βαπτίσματος.</span> 
     </span>
    </p>
   </div>
   <div class='ocr_carea' id='block_1_61' title="bbox 319 4236 1821 4326">
    <p class='ocr_par' dir='ltr' id='par_1_61' title="bbox 319 4236 1821 4326">
     <span class='ocr_line' id='line_1_61' title="bbox 319 4236 1821 4326; baseline 0.014 -40"><span class='ocrx_word' id='word_1_441' title='bbox 319 4236 720 4308; x_wconf 81' lang='grc' dir='ltr'>Ὀμολογοῦμεν</span> <span class='ocrx_word' id='word_1_442' title='bbox 749 4241 806 4292; x_wconf 82' lang='grc' dir='ltr'><strong>δὲ</strong></span> <span class='ocrx_word' id='word_1_443' title='bbox 842 4241 900 4294; x_wconf 83' lang='grc' dir='ltr'>ἓν</span> <span class='ocrx_word' id='word_1_444' title='bbox 938 4243 1225 4314; x_wconf 77' lang='grc' dir='ltr'>βάπτισμα</span> <span class='ocrx_word' id='word_1_445' title='bbox 1257 4249 1337 4312; x_wconf 82' lang='grc' dir='ltr'><strong>είς</strong></span> <span class='ocrx_word' id='word_1_446' title='bbox 1388 4250 1583 4319; x_wconf 79' lang='grc' dir='ltr'>ἄφεσιν</span> <span class='ocrx_word' id='word_1_447' title='bbox 1636 4255 1821 4326; x_wconf 84' lang='grc' dir='ltr'>ἁμαρ-</span> 
     </span>
    </p>
   </div>
   <div class='ocr_carea' id='block_1_62' title="bbox 228 4328 1816 4417">
    <p class='ocr_par' dir='ltr' id='par_1_62' title="bbox 228 4328 1816 4417">
     <span class='ocr_line' id='line_1_62' title="bbox 228 4328 1816 4417; baseline 0.014 -38"><span class='ocrx_word' id='word_1_448' title='bbox 228 4328 366 4380; x_wconf 75' lang='grc' dir='ltr'>τιῶν</span> <span class='ocrx_word' id='word_1_449' title='bbox 388 4333 481 4383; x_wconf 81' lang='grc' dir='ltr'><strong>καὶ</strong></span> <span class='ocrx_word' id='word_1_450' title='bbox 512 4333 591 4396; x_wconf 82' lang='grc' dir='ltr'><strong>είς</strong></span> <span class='ocrx_word' id='word_1_451' title='bbox 623 4334 768 4404; x_wconf 82' lang='grc' dir='ltr'>ζωὴν</span> <span class='ocrx_word' id='word_1_452' title='bbox 796 4335 1035 4392; x_wconf 77' lang='grc' dir='ltr'>αἰώνιον.</span> <span class='ocrx_word' id='word_1_453' title='bbox 1054 4339 1126 4393; x_wconf 81' lang='grc' dir='ltr'>Τὸ</span> <span class='ocrx_word' id='word_1_454' title='bbox 1157 4348 1264 4413; x_wconf 77' lang='grc' dir='ltr'><strong>γάρ</strong></span> <span class='ocrx_word' id='word_1_455' title='bbox 1299 4344 1581 4417; x_wconf 80' lang='grc' dir='ltr'>βάπτισμα</span> <span class='ocrx_word' id='word_1_456' title='bbox 1607 4349 1697 4402; x_wconf 76' lang='grc' dir='ltr'>τὸν</span> <span class='ocrx_word' id='word_1_457' title='bbox 1723 4351 1816 4402; x_wconf 85' lang='grc' dir='ltr'><strong>τοῦ</strong></span> 
     </span>
    </p>
   </div>
   <div class='ocr_carea' id='block_1_63' title="bbox 231 4423 1818 4513">
    <p class='ocr_par' dir='ltr' id='par_1_63' title="bbox 231 4423 1818 4513">
     <span class='ocr_line' id='line_1_63' title="bbox 231 4423 1818 4513; baseline 0.013 -39"><span class='ocrx_word' id='word_1_458' title='bbox 231 4423 440 4491; x_wconf 83' lang='grc' dir='ltr'>Κυρίου</span> <span class='ocrx_word' id='word_1_459' title='bbox 471 4425 701 4480; x_wconf 82' lang='grc' dir='ltr'>θάνατον</span> <span class='ocrx_word' id='word_1_460' title='bbox 723 4428 891 4500; x_wconf 81' lang='grc' dir='ltr'>δηλοῖ.</span> <span class='ocrx_word' id='word_1_461' title='bbox 918 4432 1355 4504; x_wconf 83' lang='grc' dir='ltr'>Συνθαπτὸμεθα</span> <span class='ocrx_word' id='word_1_462' title='bbox 1384 4439 1516 4506; x_wconf 85' lang='grc' dir='ltr'>γοῦν</span> <span class='ocrx_word' id='word_1_463' title='bbox 1537 4439 1614 4511; x_wconf 84' lang='grc' dir='ltr'><strong>τῷ</strong></span> <span class='ocrx_word' id='word_1_464' title='bbox 1629 4443 1818 4513; x_wconf 80' lang='grc' dir='ltr'>Κυρίῷ</span> 
     </span>
    </p>
   </div>
   <div class='ocr_carea' id='block_1_64' title="bbox 226 4514 1894 4598">
    <p class='ocr_par' dir='ltr' id='par_1_64' title="bbox 226 4514 1894 4598">
     <span class='ocr_line' id='line_1_64' title="bbox 226 4514 1894 4598; baseline 0.013 -33"><span class='ocrx_word' id='word_1_465' title='bbox 226 4514 319 4567; x_wconf 81' lang='grc' dir='ltr'><strong>διὰ</strong></span> <span class='ocrx_word' id='word_1_466' title='bbox 345 4517 435 4568; x_wconf 85' lang='grc' dir='ltr'><strong>τοῦ</strong></span> <span class='ocrx_word' id='word_1_467' title='bbox 473 4516 874 4590; x_wconf 80' lang='grc' dir='ltr'>βαπτίσματος,</span> <span class='ocrx_word' id='word_1_468' title='bbox 899 4523 1185 4596; x_wconf 75' lang='grc' dir='ltr'>ὦς,“φησιν</span> <span class='ocrx_word' id='word_1_469' title='bbox 1210 4531 1237 4581; x_wconf 79' lang='grc' dir='ltr'><strong>ό</strong></span> <span class='ocrx_word' id='word_1_470' title='bbox 1275 4530 1417 4594; x_wconf 81' lang='grc' dir='ltr'>θεῖος</span> <span class='ocrx_word' id='word_1_471' title='bbox 1465 4530 1814 4598; x_wconf 82' lang='grc' dir='ltr'>Ἀπόστολος.</span> <span class='ocrx_word' id='word_1_472' title='bbox 1851 4531 1894 4586; x_wconf 90' lang='lat' dir='ltr'><strong>D</strong></span> 
     </span>
    </p>
   </div>
   <div class='ocr_carea' id='block_1_65' title="bbox 228 4605 1810 4692">
    <p class='ocr_par' dir='ltr' id='par_1_65' title="bbox 228 4605 1810 4692">
     <span class='ocr_line' id='line_1_65' title="bbox 228 4605 1810 4692; baseline 0.013 -35"><span class='ocrx_word' id='word_1_473' title='bbox 228 4606 446 4678; x_wconf 83' lang='grc' dir='ltr'>Ὥσπερ</span> <span class='ocrx_word' id='word_1_474' title='bbox 471 4605 563 4664; x_wconf 82' lang='grc' dir='ltr'><strong>οὖν</strong></span> <span class='ocrx_word' id='word_1_475' title='bbox 610 4613 759 4677; x_wconf 71' lang='grc' dir='ltr'>ἅπαξ</span> <span class='ocrx_word' id='word_1_476' title='bbox 788 4614 1045 4686; x_wconf 80' lang='grc' dir='ltr'>ἐτελέσθη</span> <span class='ocrx_word' id='word_1_477' title='bbox 1086 4620 1114 4672; x_wconf 85' lang='grc' dir='ltr'><strong>ό</strong></span> <span class='ocrx_word' id='word_1_478' title='bbox 1154 4617 1247 4672; x_wconf 85' lang='grc' dir='ltr'><strong>τοῦ</strong></span> <span class='ocrx_word' id='word_1_479' title='bbox 1287 4622 1497 4691; x_wconf 77' lang='grc' dir='ltr'>Κυρίου</span> <span class='ocrx_word' id='word_1_480' title='bbox 1556 4624 1810 4692; x_wconf 81' lang='grc' dir='ltr'>θάνατος,</span> 
     </span>
    </p>
   </div>
   <div class='ocr_carea' id='block_1_66' title="bbox 227 4697 1812 4783">
    <p class='ocr_par' dir='ltr' id='par_1_66' title="bbox 227 4697 1812 4783">
     <span class='ocr_line' id='line_1_66' title="bbox 227 4697 1812 4783; baseline 0.013 -32"><span class='ocrx_word' id='word_1_481' title='bbox 227 4697 407 4763; x_wconf 82' lang='grc' dir='ltr'>οὕτως</span> <span class='ocrx_word' id='word_1_482' title='bbox 459 4705 552 4753; x_wconf 75' lang='grc' dir='ltr'><strong>καὶ</strong></span> <span class='ocrx_word' id='word_1_483' title='bbox 579 4701 730 4768; x_wconf 75' lang='grc' dir='ltr'>ἅπαξ</span> <span class='ocrx_word' id='word_1_484' title='bbox 773 4705 854 4758; x_wconf 88' lang='grc' dir='ltr'>δεῖ</span> <span class='ocrx_word' id='word_1_485' title='bbox 903 4706 1303 4776; x_wconf 78' lang='grc' dir='ltr'>βαπτίζεσθαι’</span> <span class='ocrx_word' id='word_1_486' title='bbox 1360 4713 1726 4783; x_wconf 79' lang='grc' dir='ltr'>βαπτίζεσθαι</span> <span class='ocrx_word' id='word_1_487' title='bbox 1754 4718 1812 4771; x_wconf 78' lang='grc' dir='ltr'><strong>δὲ</strong></span> 
     </span>
    </p>
   </div>
   <div class='ocr_carea' id='block_1_67' title="bbox 228 4791 1812 4882">
    <p class='ocr_par' dir='ltr' id='par_1_67' title="bbox 228 4791 1812 4882">
     <span class='ocr_line' id='line_1_67' title="bbox 228 4791 1812 4882; baseline 0.015 -41"><span class='ocrx_word' id='word_1_488' title='bbox 228 4791 375 4843; x_wconf 84' lang='grc' dir='ltr'>κατὰ</span> <span class='ocrx_word' id='word_1_489' title='bbox 401 4791 492 4844; x_wconf 77' lang='grc' dir='ltr'><strong>τὸν</strong></span> <span class='ocrx_word' id='word_1_490' title='bbox 511 4791 604 4845; x_wconf 89' lang='grc' dir='ltr'><strong>τοῦ</strong></span> <span class='ocrx_word' id='word_1_491' title='bbox 637 4795 842 4866; x_wconf 82' lang='grc' dir='ltr'>Κυρίου</span> <span class='ocrx_word' id='word_1_492' title='bbox 873 4798 1071 4868; x_wconf 83' lang='grc' dir='ltr'>Λόγον,</span> <span class='ocrx_word' id='word_1_493' title='bbox 1106 4804 1186 4865; x_wconf 77' lang='grc' dir='ltr'><strong>είς</strong></span> <span class='ocrx_word' id='word_1_494' title='bbox 1211 4806 1270 4857; x_wconf 84' lang='grc' dir='ltr'>τὸ</span> <span class='ocrx_word' id='word_1_495' title='bbox 1285 4803 1456 4874; x_wconf 80' lang='grc' dir='ltr'>ὄνομα</span> <span class='ocrx_word' id='word_1_496' title='bbox 1475 4809 1567 4860; x_wconf 84' lang='grc' dir='ltr'><strong>τοῦ</strong></span> <span class='ocrx_word' id='word_1_497' title='bbox 1597 4811 1812 4882; x_wconf 79' lang='grc' dir='ltr'>[ἰατρὸς</span> 
     </span>
    </p>
   </div>
   <div class='ocr_carea' id='block_1_68' title="bbox 228 4883 1809 4972">
    <p class='ocr_par' dir='ltr' id='par_1_68' title="bbox 228 4883 1809 4972">
     <span class='ocr_line' id='line_1_68' title="bbox 228 4883 1809 4972; baseline 0.016 -40"><span class='ocrx_word' id='word_1_498' title='bbox 228 4883 446 4935; x_wconf 75' lang='grc' dir='ltr'>καὶτοῦ</span> <span class='ocrx_word' id='word_1_499' title='bbox 480 4884 638 4950; x_wconf 88' lang='grc' dir='ltr'>Υίοῦ,</span> <span class='ocrx_word' id='word_1_500' title='bbox 671 4889 763 4940; x_wconf 71' lang='grc' dir='ltr'><strong>καὶ</strong></span> <span class='ocrx_word' id='word_1_501' title='bbox 793 4889 883 4942; x_wconf 81' lang='grc' dir='ltr'><strong>τοῦ</strong></span> <span class='ocrx_word' id='word_1_502' title='bbox 917 4892 1074 4959; x_wconf 87' lang='grc' dir='ltr'>ἁγίου</span> <span class='ocrx_word' id='word_1_503' title='bbox 1106 4895 1441 4966; x_wconf 86' lang='grc' dir='ltr'>Πνεύματος,</span> <span class='ocrx_word' id='word_1_504' title='bbox 1481 4901 1809 4972; x_wconf 78' lang='grc' dir='ltr'>διδασκομέ-</span> 
     </span>
    </p>
   </div>
   <div class='ocr_carea' id='block_1_69' title="bbox 227 4978 1798 5066">
    <p class='ocr_par' dir='ltr' id='par_1_69' title="bbox 227 4978 1798 5066">
     <span class='ocr_line' id='line_1_69' title="bbox 227 4978 1798 5066; baseline 0.015 -38"><span class='ocrx_word' id='word_1_505' title='bbox 227 4994 355 5040; x_wconf 89' lang='grc' dir='ltr'>νους</span> <span class='ocrx_word' id='word_1_506' title='bbox 380 4978 477 5048; x_wconf 80' lang='grc' dir='ltr'><strong>τὴν</strong></span> <span class='ocrx_word' id='word_1_507' title='bbox 500 4981 579 5042; x_wconf 83' lang='grc' dir='ltr'><strong>εις</strong></span> <span class='ocrx_word' id='word_1_508' title='bbox 598 4981 820 5052; x_wconf 86' lang='grc' dir='ltr'>Πατέρα</span> <span class='ocrx_word' id='word_1_509' title='bbox 858 4986 950 5038; x_wconf 78' lang='grc' dir='ltr'>καὶ</span> <span class='ocrx_word' id='word_1_510' title='bbox 971 4985 1096 5040; x_wconf 85' lang='grc' dir='ltr'>Υἱὸν</span> <span class='ocrx_word' id='word_1_511' title='bbox 1119 4991 1212 5041; x_wconf 82' lang='grc' dir='ltr'><strong>καὶ</strong></span> <span class='ocrx_word' id='word_1_512' title='bbox 1232 4991 1388 5057; x_wconf 73' lang='grc' dir='ltr'>ἅγιον</span> <span class='ocrx_word' id='word_1_513' title='bbox 1417 4994 1646 5063; x_wconf 83' lang='grc' dir='ltr'>Πνεῦμα</span> <span class='ocrx_word' id='word_1_514' title='bbox 1669 4999 1798 5066; x_wconf 79' lang='grc' dir='ltr'>ὀμο-</span> 
     </span>
    </p>
   </div>
   <div class='ocr_carea' id='block_1_70' title="bbox 225 5069 1810 5154">
    <p class='ocr_par' dir='ltr' id='par_1_70' title="bbox 225 5069 1810 5154">
     <span class='ocr_line' id='line_1_70' title="bbox 225 5069 1810 5154; baseline 0.016 -34"><span class='ocrx_word' id='word_1_515' title='bbox 225 5069 440 5138; x_wconf 83' lang='grc' dir='ltr'>λογίαν.</span> <span class='ocrx_word' id='word_1_516' title='bbox 503 5071 660 5126; x_wconf 88' lang='grc' dir='ltr'>Ὅσοι</span> <span class='ocrx_word' id='word_1_517' title='bbox 726 5075 906 5129; x_wconf 86' lang='grc' dir='ltr'>τοίνυν</span> <span class='ocrx_word' id='word_1_518' title='bbox 966 5082 1046 5142; x_wconf 80' lang='grc' dir='ltr'>εὶς</span> <span class='ocrx_word' id='word_1_519' title='bbox 1098 5081 1341 5152; x_wconf 84' lang='grc' dir='ltr'>Πατέρα,</span> <span class='ocrx_word' id='word_1_520' title='bbox 1380 5088 1474 5140; x_wconf 78' lang='grc' dir='ltr'>καὶ</span> <span class='ocrx_word' id='word_1_521' title='bbox 1530 5088 1679 5154; x_wconf 73' lang='grc' dir='ltr'>Υἱὸν,</span> <span class='ocrx_word' id='word_1_522' title='bbox 1716 5094 1810 5145; x_wconf 64' lang='grc' dir='ltr'><strong>καὶ⁵</strong></span> 
     </span>
    </p>
   </div>
   <div class='ocr_carea' id='block_1_71' title="bbox 135 5159 1811 5249">
    <p class='ocr_par' dir='ltr' id='par_1_71' title="bbox 135 5159 1811 5249">
     <span class='ocr_line' id='line_1_71' title="bbox 135 5159 1811 5249; baseline 0.014 -38"><span class='ocrx_word' id='word_1_523' title='bbox 135 5207 142 5211; x_wconf 68' lang='lat'><em>,</em></span> <span class='ocrx_word' id='word_1_524' title='bbox 228 5159 392 5227; x_wconf 82' lang='grc' dir='ltr'>ἆγιον</span> <span class='ocrx_word' id='word_1_525' title='bbox 445 5162 671 5234; x_wconf 84' lang='grc' dir='ltr'>Πνεῦμα</span> <span class='ocrx_word' id='word_1_526' title='bbox 703 5163 1114 5236; x_wconf 85' lang='grc' dir='ltr'>βαπτισθέντες,</span> <span class='ocrx_word' id='word_1_527' title='bbox 1163 5173 1292 5242; x_wconf 91' lang='grc' dir='ltr'>μίαν</span> <span class='ocrx_word' id='word_1_528' title='bbox 1318 5175 1484 5244; x_wconf 74' lang='grc' dir='ltr'>φύσιν</span> <span class='ocrx_word' id='word_1_529' title='bbox 1523 5181 1625 5249; x_wconf 86' lang='grc' dir='ltr'>τῆς</span> <span class='ocrx_word' id='word_1_530' title='bbox 1690 5182 1811 5234; x_wconf 89' lang='grc' dir='ltr'>θεό-</span> 
     </span>
    </p>
   </div>
   <div class='ocr_carea' id='block_1_72' title="bbox 226 5255 1808 5337">
    <p class='ocr_par' dir='ltr' id='par_1_72' title="bbox 226 5255 1808 5337">
     <span class='ocr_line' id='line_1_72' title="bbox 226 5255 1808 5337; baseline 0.018 -35"><span class='ocrx_word' id='word_1_531' title='bbox 226 5268 394 5321; x_wconf 76' lang='grc' dir='ltr'>τητος</span> <span class='ocrx_word' id='word_1_532' title='bbox 424 5255 481 5305; x_wconf 79' lang='grc' dir='ltr'>ὲν</span> <span class='ocrx_word' id='word_1_533' title='bbox 513 5259 692 5325; x_wconf 73' lang='grc' dir='ltr'>τρισὶν</span> <span class='ocrx_word' id='word_1_534' title='bbox 731 5258 1061 5315; x_wconf 84' lang='grc' dir='ltr'>ὑποστάσεσι</span> <span class='ocrx_word' id='word_1_535' title='bbox 1079 5264 1442 5337; x_wconf 55' lang='grc' dir='ltr'>διδαχθέντες,</span> <span class='ocrx_word' id='word_1_536' title='bbox 1485 5271 1644 5336; x_wconf 80' lang='grc' dir='ltr'>αὖθις</span> <span class='ocrx_word' id='word_1_537' title='bbox 1669 5277 1808 5329; x_wconf 84' lang='grc' dir='ltr'>ἀνα-</span> 
     </span>
    </p>
   </div>
   <div class='ocr_carea' id='block_1_73' title="bbox 227 5344 1803 5436">
    <p class='ocr_par' dir='ltr' id='par_1_73' title="bbox 227 5344 1803 5436">
     <span class='ocr_line' id='line_1_73' title="bbox 227 5344 1803 5436; baseline 0.02 -42"><span class='ocrx_word' id='word_1_538' title='bbox 227 5344 613 5415; x_wconf 71' lang='grc' dir='ltr'>δαπτίεζονται,</span> <span class='ocrx_word' id='word_1_539' title='bbox 637 5367 781 5404; x_wconf 89' lang='grc' dir='ltr'>ουτοι</span> <span class='ocrx_word' id='word_1_540' title='bbox 835 5354 1240 5426; x_wconf 84' lang='grc' dir='ltr'>ἀνασταυροῦσι</span> <span class='ocrx_word' id='word_1_541' title='bbox 1307 5365 1397 5414; x_wconf 71' lang='grc' dir='ltr'>τὸν</span> <span class='ocrx_word' id='word_1_542' title='bbox 1436 5366 1696 5436; x_wconf 77' lang='grc' dir='ltr'>Χριστὸν,</span> <span class='ocrx_word' id='word_1_543' title='bbox 1725 5371 1803 5435; x_wconf 84' lang='grc' dir='ltr'>ὥς</span> 
     </span>
    </p>
   </div>
   <div class='ocr_carea' id='block_1_74' title="bbox 227 5438 1790 5531">
    <p class='ocr_par' dir='ltr' id='par_1_74' title="bbox 227 5438 1790 5531">
     <span class='ocr_line' id='line_1_74' title="bbox 227 5438 1790 5531; baseline 0.022 -47"><span class='ocrx_word' id='word_1_544' title='bbox 227 5452 400 5505; x_wconf 76' lang='grc' dir='ltr'>φησιν</span> <span class='ocrx_word' id='word_1_545' title='bbox 453 5439 484 5490; x_wconf 81' lang='grc' dir='ltr'><strong>ό</strong></span> <span class='ocrx_word' id='word_1_546' title='bbox 516 5438 657 5502; x_wconf 84' lang='grc' dir='ltr'>θεῖος</span> <span class='ocrx_word' id='word_1_547' title='bbox 711 5441 1053 5510; x_wconf 82' lang='grc' dir='ltr'>’Λπόστολο;.</span> <span class='ocrx_word' id='word_1_548' title='bbox 1100 5450 1425 5510; x_wconf 78' lang='grc' dir='ltr'>Ἀδύνατον</span> <span class='ocrx_word' id='word_1_549' title='bbox 1472 5459 1584 5528; x_wconf 76' lang='grc' dir='ltr'>γὰρ</span> <span class='ocrx_word' id='word_1_550' title='bbox 1647 5464 1790 5531; x_wconf 84' lang='grc' dir='ltr'>τοὺς</span> 
     </span>
    </p>
   </div>
   <div class='ocr_carea' id='block_1_75' title="bbox 226 5526 1799 5616">
    <p class='ocr_par' dir='ltr' id='par_1_75' title="bbox 226 5526 1799 5616">
     <span class='ocr_line' id='line_1_75' title="bbox 226 5526 1799 5616; baseline 0.022 -39"><span class='ocrx_word' id='word_1_551' title='bbox 226 5526 399 5592; x_wconf 77' lang='grc' dir='ltr'>ἅπαξ</span> <span class='ocrx_word' id='word_1_552' title='bbox 419 5533 855 5602; x_wconf 66' lang='grc' dir='ltr'>φωτισθέντας,</span> <span class='ocrx_word' id='word_1_553' title='bbox 877 5541 969 5592; x_wconf 81' lang='grc' dir='ltr'><strong>καὶ</strong></span> <span class='ocrx_word' id='word_1_554' title='bbox 1002 5543 1070 5594; x_wconf 82' lang='grc' dir='ltr'>τά</span> <span class='ocrx_word' id='word_1_555' title='bbox 1094 5545 1242 5616; x_wconf 78' lang='grc' dir='ltr'>ἑξῆς,</span> <span class='ocrx_word' id='word_1_556' title='bbox 1278 5544 1450 5616; x_wconf 83' lang='grc' dir='ltr'>αὖθις</span> <span class='ocrx_word' id='word_1_557' title='bbox 1481 5526 1799 5612; x_wconf 50' lang='lat' dir='ltr'><strong>dictitatum;-</strong></span> 
     </span>
    </p>
   </div>
   <div class='ocr_carea' id='block_1_76' title="bbox 223 5616 1799 5713">
    <p class='ocr_par' dir='ltr' id='par_1_76' title="bbox 223 5616 1799 5713">
     <span class='ocr_line' id='line_1_76' title="bbox 223 5616 1799 5713; baseline 0.022 -45"><span class='ocrx_word' id='word_1_558' title='bbox 223 5616 350 5678; x_wconf 78' lang='grc' dir='ltr'>ζειν</span> <span class='ocrx_word' id='word_1_559' title='bbox 375 5622 459 5687; x_wconf 77' lang='grc' dir='ltr'>εἰς</span> <span class='ocrx_word' id='word_1_560' title='bbox 483 5625 832 5692; x_wconf 74' lang='grc' dir='ltr'>μετάνοιαν,</span> <span class='ocrx_word' id='word_1_561' title='bbox 857 5631 1393 5709; x_wconf 83' lang='grc' dir='ltr'>ἀνασταυροῦντας</span> <span class='ocrx_word' id='word_1_562' title='bbox 1427 5643 1664 5713; x_wconf 79' lang='grc' dir='ltr'>ἑαυτοῖς</span> <span class='ocrx_word' id='word_1_563' title='bbox 1693 5653 1799 5704; x_wconf 75' lang='grc' dir='ltr'><strong>τὸν</strong></span> 
     </span>
    </p>
   </div>
   <div class='ocr_carea' id='block_1_77' title="bbox 305 5814 1254 5892">
    <p class='ocr_par' dir='ltr' id='par_1_77' title="bbox 305 5814 1254 5892">
     <span class='ocr_line' id='line_1_77' title="bbox 305 5814 1254 5892; baseline 0.021 -26"><span class='ocrx_word' id='word_1_564' title='bbox 305 5814 325 5842; x_wconf 79' lang='grc'>⁸</span> <span class='ocrx_word' id='word_1_565' title='bbox 355 5814 514 5873; x_wconf 78' lang='lat' dir='ltr'><strong>Rom.</strong></span> <span class='ocrx_word' id='word_1_566' title='bbox 537 5835 615 5885; x_wconf 91' lang='lat' dir='ltr'><strong>vt,</strong></span> <span class='ocrx_word' id='word_1_567' title='bbox 647 5821 700 5875; x_wconf 78' lang='grc'><strong>4.</strong></span> <span class='ocrx_word' id='word_1_568' title='bbox 779 5827 797 5855; x_wconf 85' lang='grc'>¹</span> <span class='ocrx_word' id='word_1_569' title='bbox 833 5826 1040 5884; x_wconf 79' lang='lat' dir='ltr'><strong>Coloss.</strong></span> <span class='ocrx_word' id='word_1_570' title='bbox 1068 5844 1130 5892; x_wconf 83' lang='lat' dir='ltr'><strong>tt,</strong></span> <span class='ocrx_word' id='word_1_571' title='bbox 1166 5830 1254 5886; x_wconf 72' lang='lat'><strong>12.</strong></span> 
     </span>
    </p>
   </div>
   <div class='ocr_carea' id='block_1_78' title="bbox 1937 1931 3530 2003">
    <p class='ocr_par' dir='ltr' id='par_1_78' title="bbox 1937 1931 3530 2003">
     <span class='ocr_line' id='line_1_78' title="bbox 1937 1931 3530 2003; baseline 0.009 -20"><span class='ocrx_word' id='word_1_572' title='bbox 1937 1946 2034 1985; x_wconf 90' lang='lat' dir='ltr'><strong>nos</strong></span> <span class='ocrx_word' id='word_1_573' title='bbox 2072 1931 2199 1985; x_wconf 87' lang='lat' dir='ltr'><strong>item</strong></span> <span class='ocrx_word' id='word_1_574' title='bbox 2257 1934 2488 1988; x_wconf 85' lang='lat' dir='ltr'><strong>dicimus</strong></span> <span class='ocrx_word' id='word_1_575' title='bbox 2539 1949 2646 1988; x_wconf 90' lang='lat' dir='ltr'><strong>non</strong></span> <span class='ocrx_word' id='word_1_576' title='bbox 2695 1951 2815 1989; x_wconf 86' lang='lat' dir='ltr'><strong>esse</strong></span> <span class='ocrx_word' id='word_1_577' title='bbox 2845 1939 3062 2003; x_wconf 87' lang='lat' dir='ltr'><strong>mirum,</strong></span> <span class='ocrx_word' id='word_1_578' title='bbox 3101 1941 3143 1993; x_wconf 89' lang='lat' dir='ltr'><strong>si</strong></span> <span class='ocrx_word' id='word_1_579' title='bbox 3188 1941 3382 1996; x_wconf 77' lang='lat' dir='ltr'><strong>divina:</strong></span> <span class='ocrx_word' id='word_1_580' title='bbox 3419 1944 3530 1997; x_wconf 88' lang='lat' dir='ltr'><strong>vir-</strong></span> 
     </span>
    </p>
   </div>
   <div class='ocr_carea' id='block_1_79' title="bbox 1941 2021 3518 2102">
    <p class='ocr_par' dir='ltr' id='par_1_79' title="bbox 1941 2021 3518 2102">
     <span class='ocr_line' id='line_1_79' title="bbox 1941 2021 3518 2102; baseline 0.01 -28"><span class='ocrx_word' id='word_1_581' title='bbox 1941 2021 2076 2077; x_wconf 84' lang='lat' dir='ltr'><strong>tutis</strong></span> <span class='ocrx_word' id='word_1_582' title='bbox 2105 2025 2392 2090; x_wconf 65' lang='lat' dir='ltr'><strong>praesetttia</strong></span> <span class='ocrx_word' id='word_1_583' title='bbox 2421 2026 2486 2075; x_wconf 88' lang='lat' dir='ltr'><strong>ad</strong></span> <span class='ocrx_word' id='word_1_584' title='bbox 2531 2025 2990 2094; x_wconf 81' lang='lat' dir='ltr'><strong>incorruptionem</strong></span> <span class='ocrx_word' id='word_1_585' title='bbox 3023 2029 3216 2098; x_wconf 79' lang='lat' dir='ltr'><strong>redigit</strong></span> <span class='ocrx_word' id='word_1_586' title='bbox 3251 2032 3300 2083; x_wconf 91' lang='lat' dir='ltr'><strong>id</strong></span> <span class='ocrx_word' id='word_1_587' title='bbox 3375 2034 3518 2102; x_wconf 88' lang='lat' dir='ltr'><strong>quod</strong></span> 
     </span>
    </p>
   </div>
   <div class='ocr_carea' id='block_1_80' title="bbox 1932 2114 3518 2186">
    <p class='ocr_par' dir='ltr' id='par_1_80' title="bbox 1932 2114 3518 2186">
     <span class='ocr_line' id='line_1_80' title="bbox 1932 2114 3518 2186; baseline 0.008 -18"><span class='ocrx_word' id='word_1_588' title='bbox 1932 2114 1988 2170; x_wconf 87' lang='lat' dir='ltr'><strong>in</strong></span> <span class='ocrx_word' id='word_1_589' title='bbox 2027 2125 2218 2169; x_wconf 87' lang='lat' dir='ltr'><strong>natura</strong></span> <span class='ocrx_word' id='word_1_590' title='bbox 2259 2116 2597 2185; x_wconf 86' lang='lat' dir='ltr'><strong>corruptibili</strong></span> <span class='ocrx_word' id='word_1_591' title='bbox 2631 2127 2811 2171; x_wconf 87' lang='lat' dir='ltr'><strong>natum</strong></span> <span class='ocrx_word' id='word_1_592' title='bbox 2845 2129 2949 2173; x_wconf 88' lang='lat' dir='ltr'><strong>est.</strong></span> <span class='ocrx_word' id='word_1_593' title='bbox 2982 2122 3241 2186; x_wconf 69' lang='lat' dir='ltr'><strong>Quaerunt</strong></span> <span class='ocrx_word' id='word_1_594' title='bbox 3302 2140 3518 2180; x_wconf 88' lang='lat' dir='ltr'><strong>rursum</strong></span> 
     </span>
    </p>
   </div>
   <div class='ocr_carea' id='block_1_81' title="bbox 1932 2207 3524 2279">
    <p class='ocr_par' dir='ltr' id='par_1_81' title="bbox 1932 2207 3524 2279">
     <span class='ocr_line' id='line_1_81' title="bbox 1932 2207 3524 2279; baseline 0.006 -19"><span class='ocrx_word' id='word_1_595' title='bbox 1932 2217 1988 2260; x_wconf 91' lang='lat' dir='ltr'><strong>ut</strong></span> <span class='ocrx_word' id='word_1_596' title='bbox 2013 2207 2450 2260; x_wconf 85' lang='lat' dir='ltr'><strong>demonstremus</strong></span> <span class='ocrx_word' id='word_1_597' title='bbox 2489 2207 2654 2260; x_wconf 90' lang='lat' dir='ltr'><strong>Deum</strong></span> <span class='ocrx_word' id='word_1_598' title='bbox 2702 2209 2793 2277; x_wconf 86' lang='lat' dir='ltr'><strong>qui</strong></span> <span class='ocrx_word' id='word_1_599' title='bbox 2847 2211 3133 2264; x_wconf 82' lang='lat' dir='ltr'><strong>invocatur</strong></span> <span class='ocrx_word' id='word_1_600' title='bbox 3169 2223 3368 2279; x_wconf 80' lang='lat' dir='ltr'><strong>praesto</strong></span> <span class='ocrx_word' id='word_1_601' title='bbox 3399 2229 3524 2269; x_wconf 87' lang='lat' dir='ltr'><strong>esse</strong></span> 
     </span>
    </p>
   </div>
   <div class='ocr_carea' id='block_1_82' title="bbox 1930 2299 3520 2372">
    <p class='ocr_par' dir='ltr' id='par_1_82' title="bbox 1930 2299 3520 2372">
     <span class='ocr_line' id='line_1_82' title="bbox 1930 2299 3520 2372; baseline 0.004 -18"><span class='ocrx_word' id='word_1_602' title='bbox 1930 2301 1997 2355; x_wconf 86' lang='lat' dir='ltr'><strong>ad</strong></span> <span class='ocrx_word' id='word_1_603' title='bbox 2025 2314 2088 2353; x_wconf 88' lang='lat' dir='ltr'><strong>ea</strong></span> <span class='ocrx_word' id='word_1_604' title='bbox 2127 2313 2248 2367; x_wconf 69' lang='lat' dir='ltr'><strong>quae</strong></span> <span class='ocrx_word' id='word_1_605' title='bbox 2316 2299 2450 2352; x_wconf 83' lang='lat' dir='ltr'><strong>tiunt</strong></span> <span class='ocrx_word' id='word_1_606' title='bbox 2492 2301 2903 2355; x_wconf 80' lang='lat' dir='ltr'><strong>sanetiticanda.</strong></span> <span class='ocrx_word' id='word_1_607' title='bbox 2974 2300 3386 2372; x_wconf 79' lang='lat' dir='ltr'><strong>Rcspoudenms</strong></span> <span class='ocrx_word' id='word_1_608' title='bbox 3454 2309 3520 2360; x_wconf 92' lang='lat' dir='ltr'><strong>ad</strong></span> 
     </span>
    </p>
   </div>
   <div class='ocr_carea' id='block_1_83' title="bbox 1931 2392 3526 2464">
    <p class='ocr_par' dir='ltr' id='par_1_83' title="bbox 1931 2392 3526 2464">
     <span class='ocr_line' id='line_1_83' title="bbox 1931 2392 3526 2464; baseline 0.006 -18"><span class='ocrx_word' id='word_1_609' title='bbox 1931 2392 2033 2446; x_wconf 90' lang='lat' dir='ltr'><strong>hoc</strong></span> <span class='ocrx_word' id='word_1_610' title='bbox 2056 2393 2538 2447; x_wconf 82' lang='lat' dir='ltr'><strong>demonstrandum</strong></span> <span class='ocrx_word' id='word_1_611' title='bbox 2571 2393 2622 2446; x_wconf 92' lang='lat' dir='ltr'><strong>id</strong></span> <span class='ocrx_word' id='word_1_612' title='bbox 2645 2407 2768 2449; x_wconf 89' lang='lat' dir='ltr'><strong>esse</strong></span> <span class='ocrx_word' id='word_1_613' title='bbox 2792 2395 2946 2458; x_wconf 82' lang='lat' dir='ltr'><strong>satis,</strong></span> <span class='ocrx_word' id='word_1_614' title='bbox 2982 2399 3128 2464; x_wconf 85' lang='lat' dir='ltr'><strong>quod</strong></span> <span class='ocrx_word' id='word_1_615' title='bbox 3161 2412 3374 2453; x_wconf 88' lang='lat' dir='ltr'><strong>constet</strong></span> <span class='ocrx_word' id='word_1_616' title='bbox 3417 2404 3526 2456; x_wconf 70' lang='lat' dir='ltr'><strong>vir-</strong></span> 
     </span>
    </p>
   </div>
   <div class='ocr_carea' id='block_1_84' title="bbox 1934 2485 3525 2558">
    <p class='ocr_par' dir='ltr' id='par_1_84' title="bbox 1934 2485 3525 2558">
     <span class='ocr_line' id='line_1_84' title="bbox 1934 2485 3525 2558; baseline 0.006 -19"><span class='ocrx_word' id='word_1_617' title='bbox 1934 2495 2099 2539; x_wconf 91' lang='lat' dir='ltr'><strong>Iutem</strong></span> <span class='ocrx_word' id='word_1_618' title='bbox 2153 2501 2273 2554; x_wconf 65' lang='lat' dir='ltr'><strong>quae</strong></span> <span class='ocrx_word' id='word_1_619' title='bbox 2304 2485 2456 2539; x_wconf 87' lang='lat' dir='ltr'><strong>nobis</strong></span> <span class='ocrx_word' id='word_1_620' title='bbox 2487 2500 2579 2554; x_wconf 90' lang='lat' dir='ltr'><strong>per</strong></span> <span class='ocrx_word' id='word_1_621' title='bbox 2609 2502 2828 2542; x_wconf 85' lang='lat' dir='ltr'><strong>carnem</strong></span> <span class='ocrx_word' id='word_1_622' title='bbox 2879 2491 3150 2558; x_wconf 79' lang='lat' dir='ltr'><strong>apparuit,</strong></span> <span class='ocrx_word' id='word_1_623' title='bbox 3211 2507 3335 2546; x_wconf 89' lang='lat' dir='ltr'><strong>vere</strong></span> <span class='ocrx_word' id='word_1_624' title='bbox 3388 2495 3525 2548; x_wconf 80' lang='lat' dir='ltr'><strong>divi-</strong></span> 
     </span>
    </p>
   </div>
   <div class='ocr_carea' id='block_1_85' title="bbox 1933 2578 3518 2640">
    <p class='ocr_par' dir='ltr' id='par_1_85' title="bbox 1933 2578 3518 2640">
     <span class='ocr_line' id='line_1_85' title="bbox 1933 2578 3518 2640; baseline 0.004 -8"><span class='ocrx_word' id='word_1_625' title='bbox 1933 2593 2056 2633; x_wconf 86' lang='lat' dir='ltr'><strong>nam</strong></span> <span class='ocrx_word' id='word_1_626' title='bbox 2088 2593 2228 2632; x_wconf 79' lang='lat' dir='ltr'><strong>esse.</strong></span> <span class='ocrx_word' id='word_1_627' title='bbox 2264 2578 2399 2632; x_wconf 88' lang='lat' dir='ltr'><strong>Cum</strong></span> <span class='ocrx_word' id='word_1_628' title='bbox 2461 2579 2601 2632; x_wconf 91' lang='lat' dir='ltr'><strong>enim</strong></span> <span class='ocrx_word' id='word_1_629' title='bbox 2650 2580 3080 2636; x_wconf 83' lang='lat' dir='ltr'><strong>demonstratum</strong></span> <span class='ocrx_word' id='word_1_630' title='bbox 3130 2582 3294 2637; x_wconf 77' lang='lat' dir='ltr'><strong>fuerit</strong></span> <span class='ocrx_word' id='word_1_631' title='bbox 3352 2585 3518 2640; x_wconf 89' lang='lat' dir='ltr'><strong>Deum</strong></span> 
     </span>
    </p>
   </div>
   <div class='ocr_carea' id='block_1_86' title="bbox 1927 2672 3510 2744">
    <p class='ocr_par' dir='ltr' id='par_1_86' title="bbox 1927 2672 3510 2744">
     <span class='ocr_line' id='line_1_86' title="bbox 1927 2672 3510 2744; baseline 0.003 -17"><span class='ocrx_word' id='word_1_632' title='bbox 1927 2687 2069 2737; x_wconf 87' lang='lat' dir='ltr'><strong>esse,</strong></span> <span class='ocrx_word' id='word_1_633' title='bbox 2108 2673 2200 2741; x_wconf 90' lang='lat' dir='ltr'><strong>qui</strong></span> <span class='ocrx_word' id='word_1_634' title='bbox 2233 2673 2286 2724; x_wconf 90' lang='lat' dir='ltr'><strong>in</strong></span> <span class='ocrx_word' id='word_1_635' title='bbox 2327 2687 2489 2726; x_wconf 83' lang='lat' dir='ltr'><strong>carne</strong></span> <span class='ocrx_word' id='word_1_636' title='bbox 2521 2672 2827 2727; x_wconf 83' lang='lat' dir='ltr'><strong>declaratus</strong></span> <span class='ocrx_word' id='word_1_637' title='bbox 2853 2683 2958 2737; x_wconf 85' lang='lat' dir='ltr'><strong>est,</strong></span> <span class='ocrx_word' id='word_1_638' title='bbox 3007 2675 3204 2744; x_wconf 53' lang='lat' dir='ltr'><strong>utrique</strong></span> <span class='ocrx_word' id='word_1_639' title='bbox 3235 2676 3510 2732; x_wconf 81' lang='lat' dir='ltr'><strong>miraculis</strong></span> 
     </span>
    </p>
   </div>
   <div class='ocr_carea' id='block_1_87' title="bbox 1929 2762 3518 2830">
    <p class='ocr_par' dir='ltr' id='par_1_87' title="bbox 1929 2762 3518 2830">
     <span class='ocr_line' id='line_1_87' title="bbox 1929 2762 3518 2830; baseline 0.005 -13"><span class='ocrx_word' id='word_1_640' title='bbox 1929 2762 2225 2818; x_wconf 83' lang='lat' dir='ltr'><strong>elﬁciendis</strong></span> <span class='ocrx_word' id='word_1_641' title='bbox 2275 2775 2522 2817; x_wconf 87' lang='lat' dir='ltr'><strong>naturam</strong></span> <span class='ocrx_word' id='word_1_642' title='bbox 2552 2779 2704 2818; x_wconf 87' lang='lat' dir='ltr'><strong>suam</strong></span> <span class='ocrx_word' id='word_1_643' title='bbox 2735 2766 2991 2830; x_wconf 75' lang='lat' dir='ltr'><strong>ostendit,</strong></span> <span class='ocrx_word' id='word_1_644' title='bbox 3020 2768 3178 2821; x_wconf 81' lang='lat' dir='ltr'><strong>simul</strong></span> <span class='ocrx_word' id='word_1_645' title='bbox 3205 2773 3366 2823; x_wconf 66' lang='lat' dir='ltr'><strong>etiam</strong></span> <span class='ocrx_word' id='word_1_646' title='bbox 3425 2771 3518 2825; x_wconf 84' lang='lat' dir='ltr'><strong>de-</strong></span> 
     </span>
    </p>
   </div>
   <div class='ocr_carea' id='block_1_88' title="bbox 1930 2858 3516 2934">
    <p class='ocr_par' dir='ltr' id='par_1_88' title="bbox 1930 2858 3516 2934">
     <span class='ocr_line' id='line_1_88' title="bbox 1930 2858 3516 2934; baseline 0.005 -22"><span class='ocrx_word' id='word_1_647' title='bbox 1930 2869 2292 2912; x_wconf 89' lang='lat' dir='ltr'><strong>monstratum</strong></span> <span class='ocrx_word' id='word_1_648' title='bbox 2324 2867 2432 2920; x_wconf 83' lang='lat' dir='ltr'><strong>est,</strong></span> <span class='ocrx_word' id='word_1_649' title='bbox 2459 2871 2580 2911; x_wconf 86' lang='lat' dir='ltr'><strong>eum</strong></span> <span class='ocrx_word' id='word_1_650' title='bbox 2616 2858 2684 2911; x_wconf 90' lang='lat' dir='ltr'><strong>iis</strong></span> <span class='ocrx_word' id='word_1_651' title='bbox 2715 2874 2834 2926; x_wconf 69' lang='lat' dir='ltr'><strong>quae</strong></span> <span class='ocrx_word' id='word_1_652' title='bbox 2871 2861 3026 2924; x_wconf 86' lang='lat' dir='ltr'><strong>liunt,</strong></span> <span class='ocrx_word' id='word_1_653' title='bbox 3059 2862 3269 2929; x_wconf 69' lang='lat' dir='ltr'><strong>adrsse,</strong></span> <span class='ocrx_word' id='word_1_654' title='bbox 3302 2867 3516 2934; x_wconf 88' lang='lat' dir='ltr'><strong>quoties</strong></span> 
     </span>
    </p>
   </div>
   <div class='ocr_carea' id='block_1_89' title="bbox 1932 2951 3515 3024">
    <p class='ocr_par' dir='ltr' id='par_1_89' title="bbox 1932 2951 3515 3024">
     <span class='ocr_line' id='line_1_89' title="bbox 1932 2951 3515 3024; baseline 0.005 -20"><span class='ocrx_word' id='word_1_655' title='bbox 1932 2953 2235 3005; x_wconf 75' lang='lat' dir='ltr'><strong>invocatur.</strong></span> <span class='ocrx_word' id='word_1_656' title='bbox 2315 2951 2774 3015; x_wconf 84' lang='lat' dir='ltr'><strong>Quemadmodum</strong></span> <span class='ocrx_word' id='word_1_657' title='bbox 2859 2954 3002 3007; x_wconf 86' lang='lat' dir='ltr'><strong>enim</strong></span> <span class='ocrx_word' id='word_1_658' title='bbox 3075 2955 3300 3024; x_wconf 83' lang='lat' dir='ltr'><strong>singulis</strong></span> <span class='ocrx_word' id='word_1_659' title='bbox 3353 2957 3515 3012; x_wconf 85' lang='lat' dir='ltr'><strong>rebus</strong></span> 
     </span>
    </p>
   </div>
   <div class='ocr_carea' id='block_1_90' title="bbox 1932 3044 3514 3114">
    <p class='ocr_par' dir='ltr' id='par_1_90' title="bbox 1932 3044 3514 3114">
     <span class='ocr_line' id='line_1_90' title="bbox 1932 3044 3514 3114; baseline 0.005 -18"><span class='ocrx_word' id='word_1_660' title='bbox 1932 3046 2177 3111; x_wconf 65' lang='lat' dir='ltr'><strong>quaedam</strong></span> <span class='ocrx_word' id='word_1_661' title='bbox 2239 3045 2380 3096; x_wconf 90' lang='lat' dir='ltr'><strong>inest</strong></span> <span class='ocrx_word' id='word_1_662' title='bbox 2457 3044 2756 3112; x_wconf 86' lang='lat' dir='ltr'><strong>proprietas</strong></span> <span class='ocrx_word' id='word_1_663' title='bbox 2809 3060 2929 3114; x_wconf 69' lang='lat' dir='ltr'><strong>qua:</strong></span> <span class='ocrx_word' id='word_1_664' title='bbox 2985 3060 3231 3100; x_wconf 83' lang='lat' dir='ltr'><strong>naturam</strong></span> <span class='ocrx_word' id='word_1_665' title='bbox 3301 3049 3514 3104; x_wconf 86' lang='lat' dir='ltr'><strong>illarum</strong></span> 
     </span>
    </p>
   </div>
   <div class='ocr_carea' id='block_1_91' title="bbox 1933 3137 3513 3204">
    <p class='ocr_par' dir='ltr' id='par_1_91' title="bbox 1933 3137 3513 3204">
     <span class='ocr_line' id='line_1_91' title="bbox 1933 3137 3513 3204; baseline 0.005 -16"><span class='ocrx_word' id='word_1_666' title='bbox 1933 3148 2188 3204; x_wconf 86' lang='lat' dir='ltr'><strong>tanquam</strong></span> <span class='ocrx_word' id='word_1_667' title='bbox 2220 3145 2342 3188; x_wconf 93' lang='lat' dir='ltr'><strong>nota</strong></span> <span class='ocrx_word' id='word_1_668' title='bbox 2371 3139 2615 3203; x_wconf 61' lang='lat' dir='ltr'><strong>quaedam</strong></span> <span class='ocrx_word' id='word_1_669' title='bbox 2675 3137 2918 3192; x_wconf 84' lang='lat' dir='ltr'><strong>declarat</strong></span> <span class='ocrx_word' id='word_1_670' title='bbox 2949 3138 3048 3204; x_wconf 90' lang='lat' dir='ltr'><strong>ita,</strong></span> <span class='ocrx_word' id='word_1_671' title='bbox 3087 3155 3292 3195; x_wconf 68' lang='lat' dir='ltr'><strong>natuttc</strong></span> <span class='ocrx_word' id='word_1_672' title='bbox 3323 3142 3513 3196; x_wconf 79' lang='lat' dir='ltr'><strong>d.vimc</strong></span> 
     </span>
    </p>
   </div>
   <div class='ocr_carea' id='block_1_92' title="bbox 1929 3229 3508 3299">
    <p class='ocr_par' dir='ltr' id='par_1_92' title="bbox 1929 3229 3508 3299">
     <span class='ocr_line' id='line_1_92' title="bbox 1929 3229 3508 3299; baseline 0.006 -19"><span class='ocrx_word' id='word_1_673' title='bbox 1929 3230 2142 3297; x_wconf 86' lang='lat' dir='ltr'><strong>propria</strong></span> <span class='ocrx_word' id='word_1_674' title='bbox 2178 3237 2257 3283; x_wconf 85' lang='lat' dir='ltr'><strong>est</strong></span> <span class='ocrx_word' id='word_1_675' title='bbox 2282 3229 2507 3282; x_wconf 84' lang='lat' dir='ltr'><strong>veritas.</strong></span> <span class='ocrx_word' id='word_1_676' title='bbox 2535 3229 2714 3294; x_wconf 83' lang='lat' dir='ltr'><strong>Quare</strong></span> <span class='ocrx_word' id='word_1_677' title='bbox 2737 3245 2858 3283; x_wconf 91' lang='lat' dir='ltr'><strong>cum</strong></span> <span class='ocrx_word' id='word_1_678' title='bbox 2889 3230 3154 3298; x_wconf 87' lang='lat' dir='ltr'><strong>pollicilu-</strong></span> <span class='ocrx_word' id='word_1_679' title='bbox 3182 3247 3208 3288; x_wconf 89' lang='lat' dir='ltr'><strong>s</strong></span> <span class='ocrx_word' id='word_1_680' title='bbox 3234 3243 3271 3299; x_wconf 91' lang='lat' dir='ltr'><strong>t,</strong></span> <span class='ocrx_word' id='word_1_681' title='bbox 3302 3249 3359 3288; x_wconf 81' lang='lat' dir='ltr'><strong>se</strong></span> <span class='ocrx_word' id='word_1_682' title='bbox 3386 3249 3508 3290; x_wconf 83' lang='lat' dir='ltr'><strong>cum</strong></span> 
     </span>
    </p>
   </div>
   <div class='ocr_carea' id='block_1_93' title="bbox 1927 3306 3508 3386">
    <p class='ocr_par' dir='ltr' id='par_1_93' title="bbox 1927 3306 3508 3386">
     <span class='ocr_line' id='line_1_93' title="bbox 1927 3306 3508 3386; baseline 0.004 -12"><span class='ocrx_word' id='word_1_683' title='bbox 1927 3322 2209 3377; x_wconf 69' lang='lat' dir='ltr'><strong>invocatus</strong></span> <span class='ocrx_word' id='word_1_684' title='bbox 2241 3322 2421 3384; x_wconf 82' lang='lat' dir='ltr'><strong>fuerit,</strong></span> <span class='ocrx_word' id='word_1_685' title='bbox 2449 3322 2781 3386; x_wconf 78' lang='lat' dir='ltr'><strong>adfuturum,</strong></span> <span class='ocrx_word' id='word_1_686' title='bbox 2805 3331 2858 3376; x_wconf 83' lang='lat' dir='ltr'><strong>et</strong></span> <span class='ocrx_word' id='word_1_687' title='bbox 2889 3325 2941 3377; x_wconf 93' lang='lat' dir='ltr'><strong>in</strong></span> <span class='ocrx_word' id='word_1_688' title='bbox 2969 3306 3061 3378; x_wconf 78' lang='lat' dir='ltr'><strong>ne</strong></span> <span class='ocrx_word' id='word_1_689' title='bbox 3095 3326 3143 3377; x_wconf 89' lang='lat' dir='ltr'><strong>in</strong></span> <span class='ocrx_word' id='word_1_690' title='bbox 3175 3329 3508 3380; x_wconf 71' lang='lat' dir='ltr'><strong>credi-miunt</strong></span> 
     </span>
    </p>
   </div>
   <div class='ocr_carea' id='block_1_94' title="bbox 1927 3415 3513 3488">
    <p class='ocr_par' dir='ltr' id='par_1_94' title="bbox 1927 3415 3513 3488">
     <span class='ocr_line' id='line_1_94' title="bbox 1927 3415 3513 3488; baseline 0.003 -22"><span class='ocrx_word' id='word_1_691' title='bbox 1927 3430 2066 3480; x_wconf 78' lang='lat' dir='ltr'><strong>esse,</strong></span> <span class='ocrx_word' id='word_1_692' title='bbox 2100 3426 2152 3468; x_wconf 90' lang='lat' dir='ltr'><strong>et</strong></span> <span class='ocrx_word' id='word_1_693' title='bbox 2186 3415 2237 3468; x_wconf 90' lang='lat' dir='ltr'><strong>in</strong></span> <span class='ocrx_word' id='word_1_694' title='bbox 2273 3415 2587 3469; x_wconf 85' lang='lat' dir='ltr'><strong>hominibus</strong></span> <span class='ocrx_word' id='word_1_695' title='bbox 2620 3430 2860 3478; x_wconf 85' lang='lat' dir='ltr'><strong>manere.</strong></span> <span class='ocrx_word' id='word_1_696' title='bbox 2907 3425 2959 3470; x_wconf 88' lang='lat' dir='ltr'><strong>et</strong></span> <span class='ocrx_word' id='word_1_697' title='bbox 3009 3431 3130 3470; x_wconf 89' lang='lat' dir='ltr'><strong>cum</strong></span> <span class='ocrx_word' id='word_1_698' title='bbox 3189 3434 3513 3488; x_wconf 83' lang='lat' dir='ltr'><strong>unoquoque</strong></span> 
     </span>
    </p>
   </div>
   <div class='ocr_carea' id='block_1_95' title="bbox 1926 3504 3509 3575">
    <p class='ocr_par' dir='ltr' id='par_1_95' title="bbox 1926 3504 3509 3575">
     <span class='ocr_line' id='line_1_95' title="bbox 1926 3504 3509 3575; baseline 0.004 -16"><span class='ocrx_word' id='word_1_699' title='bbox 1926 3521 2067 3568; x_wconf 76' lang='lat' dir='ltr'><strong>esse,</strong></span> <span class='ocrx_word' id='word_1_700' title='bbox 2102 3504 2207 3558; x_wconf 79' lang='lat' dir='ltr'><strong>alia</strong></span> <span class='ocrx_word' id='word_1_701' title='bbox 2237 3506 2697 3560; x_wconf 81' lang='lat' dir='ltr'><strong>demonstratione</strong></span> <span class='ocrx_word' id='word_1_702' title='bbox 2729 3521 2832 3560; x_wconf 91' lang='lat' dir='ltr'><strong>non</strong></span> <span class='ocrx_word' id='word_1_703' title='bbox 2871 3507 3194 3575; x_wconf 76' lang='lat' dir='ltr'><strong>indigemus,</strong></span> <span class='ocrx_word' id='word_1_704' title='bbox 3241 3519 3294 3563; x_wconf 90' lang='lat' dir='ltr'><strong>ut</strong></span> <span class='ocrx_word' id='word_1_705' title='bbox 3322 3518 3509 3566; x_wconf 82' lang='lat' dir='ltr'><strong>osten-</strong></span> 
     </span>
    </p>
   </div>
   <div class='ocr_carea' id='block_1_96' title="bbox 1927 3598 3507 3668">
    <p class='ocr_par' dir='ltr' id='par_1_96' title="bbox 1927 3598 3507 3668">
     <span class='ocr_line' id='line_1_96' title="bbox 1927 3598 3507 3668; baseline 0.004 -20"><span class='ocrx_word' id='word_1_706' title='bbox 1927 3598 2115 3652; x_wconf 89' lang='lat' dir='ltr'><strong>damus</strong></span> <span class='ocrx_word' id='word_1_707' title='bbox 2153 3599 2316 3650; x_wconf 81' lang='lat' dir='ltr'><strong>Deutn</strong></span> <span class='ocrx_word' id='word_1_708' title='bbox 2346 3600 2415 3652; x_wconf 81' lang='lat' dir='ltr'><strong>iis</strong></span> <span class='ocrx_word' id='word_1_709' title='bbox 2445 3615 2564 3666; x_wconf 77' lang='lat' dir='ltr'><strong>qua:</strong></span> <span class='ocrx_word' id='word_1_710' title='bbox 2594 3611 2927 3668; x_wconf 80' lang='lat' dir='ltr'><strong>peraguntur</strong></span> <span class='ocrx_word' id='word_1_711' title='bbox 2960 3603 3176 3668; x_wconf 83' lang='lat' dir='ltr'><strong>adesse,</strong></span> <span class='ocrx_word' id='word_1_712' title='bbox 3205 3618 3327 3656; x_wconf 87' lang='lat' dir='ltr'><strong>cum</strong></span> <span class='ocrx_word' id='word_1_713' title='bbox 3359 3604 3507 3658; x_wconf 81' lang='lat' dir='ltr'><strong>illum</strong></span> 
     </span>
    </p>
   </div>
   <div class='ocr_carea' id='block_1_97' title="bbox 1925 3691 3503 3763">
    <p class='ocr_par' dir='ltr' id='par_1_97' title="bbox 1925 3691 3503 3763">
     <span class='ocr_line' id='line_1_97' title="bbox 1925 3691 3503 3763; baseline 0.003 -20"><span class='ocrx_word' id='word_1_714' title='bbox 1925 3705 1990 3743; x_wconf 76' lang='lat' dir='ltr'><strong>ex</strong></span> <span class='ocrx_word' id='word_1_715' title='bbox 2047 3691 2322 3744; x_wconf 81' lang='lat' dir='ltr'><strong>miraculis</strong></span> <span class='ocrx_word' id='word_1_716' title='bbox 2380 3691 2544 3744; x_wconf 88' lang='lat' dir='ltr'><strong>Deum</strong></span> <span class='ocrx_word' id='word_1_717' title='bbox 2601 3707 2721 3745; x_wconf 82' lang='lat' dir='ltr'><strong>esse</strong></span> <span class='ocrx_word' id='word_1_718' title='bbox 2756 3692 3187 3760; x_wconf 88' lang='lat' dir='ltr'><strong>crediderimus,</strong></span> <span class='ocrx_word' id='word_1_719' title='bbox 3227 3697 3503 3763; x_wconf 83' lang='lat' dir='ltr'><strong>propriqu</strong></span> 
     </span>
    </p>
   </div>
   <div class='ocr_carea' id='block_1_98' title="bbox 1925 3783 3503 3845">
    <p class='ocr_par' dir='ltr' id='par_1_98' title="bbox 1925 3783 3503 3845">
     <span class='ocr_line' id='line_1_98' title="bbox 1925 3783 3503 3845; baseline 0.004 -11"><span class='ocrx_word' id='word_1_720' title='bbox 1925 3793 2105 3834; x_wconf 86' lang='lat' dir='ltr'><strong>autem</strong></span> <span class='ocrx_word' id='word_1_721' title='bbox 2135 3783 2439 3836; x_wconf 80' lang='lat' dir='ltr'><strong>Divinitatis</strong></span> <span class='ocrx_word' id='word_1_722' title='bbox 2458 3784 2545 3845; x_wconf 92' lang='lat' dir='ltr'><strong>sit,</strong></span> <span class='ocrx_word' id='word_1_723' title='bbox 2573 3793 2628 3835; x_wconf 89' lang='grc' dir='ltr'><strong>ιιι</strong></span> <span class='ocrx_word' id='word_1_724' title='bbox 2658 3784 2864 3836; x_wconf 91' lang='lat' dir='ltr'><strong>nullum</strong></span> <span class='ocrx_word' id='word_1_725' title='bbox 2891 3784 3090 3839; x_wconf 83' lang='lat' dir='ltr'><strong>habeat</strong></span> <span class='ocrx_word' id='word_1_726' title='bbox 3115 3787 3503 3841; x_wconf 88' lang='lat' dir='ltr'><strong>commercium</strong></span> 
     </span>
    </p>
   </div>
   <div class='ocr_carea' id='block_1_99' title="bbox 1924 3872 3570 3945">
    <p class='ocr_par' dir='ltr' id='par_1_99' title="bbox 1924 3872 3570 3945">
     <span class='ocr_line' id='line_1_99' title="bbox 1924 3872 3570 3945; baseline 0.004 -19"><span class='ocrx_word' id='word_1_727' title='bbox 1924 3889 2044 3926; x_wconf 91' lang='lat' dir='ltr'><strong>cum</strong></span> <span class='ocrx_word' id='word_1_728' title='bbox 2071 3872 2334 3938; x_wconf 72' lang='lat' dir='ltr'><strong>falsitate,</strong></span> <span class='ocrx_word' id='word_1_729' title='bbox 2358 3880 2413 3925; x_wconf 87' lang='lat' dir='ltr'><strong>et</strong></span> <span class='ocrx_word' id='word_1_730' title='bbox 2442 3874 2494 3925; x_wconf 92' lang='lat' dir='ltr'><strong>in</strong></span> <span class='ocrx_word' id='word_1_731' title='bbox 2528 3875 2756 3928; x_wconf 87' lang='lat' dir='ltr'><strong>veritate</strong></span> <span class='ocrx_word' id='word_1_732' title='bbox 2775 3875 3157 3943; x_wconf 72' lang='lat' dir='ltr'><strong>promiss‘onis</strong></span> <span class='ocrx_word' id='word_1_733' title='bbox 3182 3879 3505 3945; x_wconf 79' lang='lat' dir='ltr'><strong>consistere,</strong></span> <span class='ocrx_word' id='word_1_734' title='bbox 3565 3881 3570 3885; x_wconf 81' lang='grc'><em>’</em></span> 
     </span>
    </p>
   </div>
   <div class='ocr_carea' id='block_1_100' title="bbox 1923 3964 3392 4032">
    <p class='ocr_par' dir='ltr' id='par_1_100' title="bbox 1923 3964 3392 4032">
     <span class='ocr_line' id='line_1_100' title="bbox 1923 3964 3392 4032; baseline 0.005 -16"><span class='ocrx_word' id='word_1_735' title='bbox 1923 3964 2063 4032; x_wconf 81' lang='lat' dir='ltr'><strong>quod</strong></span> <span class='ocrx_word' id='word_1_736' title='bbox 2091 3964 2243 4018; x_wconf 87' lang='lat' dir='ltr'><strong>nobis</strong></span> <span class='ocrx_word' id='word_1_737' title='bbox 2276 3966 2589 4018; x_wconf 87' lang='lat' dir='ltr'><strong>mandatum</strong></span> <span class='ocrx_word' id='word_1_738' title='bbox 2616 3975 2722 4030; x_wconf 90' lang='lat' dir='ltr'><strong>est,</strong></span> <span class='ocrx_word' id='word_1_739' title='bbox 2785 3968 3007 4022; x_wconf 84' lang='lat' dir='ltr'><strong>minime</strong></span> <span class='ocrx_word' id='word_1_740' title='bbox 3063 3969 3392 4024; x_wconf 82' lang='lat' dir='ltr'><strong>dubitemus.</strong></span> 
     </span>
    </p>
   </div>
   <div class='ocr_carea' id='block_1_101' title="bbox 2286 4122 3155 4198">
    <p class='ocr_par' dir='ltr' id='par_1_101' title="bbox 2286 4122 3155 4198">
     <span class='ocr_line' id='line_1_101' title="bbox 2286 4122 3155 4198; baseline 0.013 -23"><span class='ocrx_word' id='word_1_741' title='bbox 2286 4122 2618 4188; x_wconf 73' lang='lat' dir='ltr'><strong>Dantascani.</strong></span> <span class='ocrx_word' id='word_1_742' title='bbox 2643 4129 2764 4182; x_wconf 78' lang='lat' dir='ltr'><strong>item</strong></span> <span class='ocrx_word' id='word_1_743' title='bbox 2787 4130 2850 4182; x_wconf 81' lang='lat' dir='ltr'><strong>de</strong></span> <span class='ocrx_word' id='word_1_744' title='bbox 2880 4131 3155 4198; x_wconf 73' lang='lat' dir='ltr'><strong>baptismo.</strong></span> 
     </span>
    </p>
   </div>
   <div class='ocr_carea' id='block_1_102' title="bbox 1993 4277 3506 4354">
    <p class='ocr_par' dir='ltr' id='par_1_102' title="bbox 1993 4277 3506 4354">
     <span class='ocr_line' id='line_1_102' title="bbox 1993 4277 3506 4354; baseline 0.015 -23"><span class='ocrx_word' id='word_1_745' title='bbox 1993 4277 2258 4347; x_wconf 79' lang='lat' dir='ltr'><strong>Baptismi</strong></span> <span class='ocrx_word' id='word_1_746' title='bbox 2284 4283 2379 4339; x_wconf 79' lang='lat' dir='ltr'><strong>vis.</strong></span> <span class='ocrx_word' id='word_1_747' title='bbox 2417 4285 2722 4353; x_wconf 83' lang='lat' dir='ltr'><strong>Baptismus</strong></span> <span class='ocrx_word' id='word_1_748' title='bbox 2761 4308 2916 4344; x_wconf 76' lang='lat' dir='ltr'><strong>unus.</strong></span> <span class='ocrx_word' id='word_1_749' title='bbox 2960 4292 3278 4350; x_wconf 79' lang='lat' dir='ltr'><strong>Necessaria</strong></span> <span class='ocrx_word' id='word_1_750' title='bbox 3317 4300 3385 4352; x_wconf 86' lang='lat' dir='ltr'><strong>aa&#39;</strong></span> <span class='ocrx_word' id='word_1_751' title='bbox 3410 4300 3506 4354; x_wconf 48' lang='lat' dir='ltr'><strong>ba‘</strong></span> 
     </span>
    </p>
   </div>
   <div class='ocr_carea' id='block_1_103' title="bbox 1923 4373 3506 4449">
    <p class='ocr_par' dir='ltr' id='par_1_103' title="bbox 1923 4373 3506 4449">
     <span class='ocr_line' id='line_1_103' title="bbox 1923 4373 3506 4449; baseline 0.018 -28"><span class='ocrx_word' id='word_1_752' title='bbox 1923 4373 2173 4438; x_wconf 81' lang='lat' dir='ltr'><strong>ptismum</strong></span> <span class='ocrx_word' id='word_1_753' title='bbox 2216 4377 2478 4430; x_wconf 72' lang='lat' dir='ltr'><strong>invocatio</strong></span> <span class='ocrx_word' id='word_1_754' title='bbox 2504 4378 2800 4435; x_wconf 82' lang='lat' dir='ltr'><strong>Trinitatis.</strong></span> <span class='ocrx_word' id='word_1_755' title='bbox 2829 4383 2968 4448; x_wconf 84' lang='lat' dir='ltr'><strong>Quid</strong></span> <span class='ocrx_word' id='word_1_756' title='bbox 3023 4389 3164 4441; x_wconf 85' lang='lat' dir='ltr'><strong>trina</strong></span> <span class='ocrx_word' id='word_1_757' title='bbox 3207 4391 3506 4449; x_wconf 75' lang='lat' dir='ltr'><strong>immersio.</strong></span> 
     </span>
    </p>
   </div>
   <div class='ocr_carea' id='block_1_104' title="bbox 1924 4462 3491 4553">
    <p class='ocr_par' dir='ltr' id='par_1_104' title="bbox 1924 4462 3491 4553">
     <span class='ocr_line' id='line_1_104' title="bbox 1924 4462 3491 4553; baseline 0.016 -40"><span class='ocrx_word' id='word_1_758' title='bbox 1924 4462 2067 4528; x_wconf 82' lang='lat' dir='ltr'><strong>Quid</strong></span> <span class='ocrx_word' id='word_1_759' title='bbox 2090 4466 2142 4517; x_wconf 89' lang='lat' dir='ltr'><strong>in</strong></span> <span class='ocrx_word' id='word_1_760' title='bbox 2177 4465 2446 4520; x_wconf 81' lang='lat' dir='ltr'><strong>Christum</strong></span> <span class='ocrx_word' id='word_1_761' title='bbox 2471 4470 2760 4540; x_wconf 82' lang='lat' dir='ltr'><strong>baptizari.</strong></span> <span class='ocrx_word' id='word_1_762' title='bbox 2818 4473 3167 4534; x_wconf 75' lang='lat' dir='ltr'><strong>Eucharistia</strong></span> <span class='ocrx_word' id='word_1_763' title='bbox 3214 4492 3260 4535; x_wconf 87' lang='lat' dir='ltr'><strong>et</strong></span> <span class='ocrx_word' id='word_1_764' title='bbox 3315 4481 3491 4553; x_wconf 80' lang='lat' dir='ltr'><strong>bapti-</strong></span> 
     </span>
    </p>
   </div>
   <div class='ocr_carea' id='block_1_105' title="bbox 1926 4557 3506 4642">
    <p class='ocr_par' dir='ltr' id='par_1_105' title="bbox 1926 4557 3506 4642">
     <span class='ocr_line' id='line_1_105' title="bbox 1926 4557 3506 4642; baseline 0.014 -34"><span class='ocrx_word' id='word_1_765' title='bbox 1926 4571 2073 4608; x_wconf 75' lang='lat' dir='ltr'><strong>smus</strong></span> <span class='ocrx_word' id='word_1_766' title='bbox 2094 4573 2121 4609; x_wconf 87' lang='lat' dir='ltr'><strong>e</strong></span> <span class='ocrx_word' id='word_1_767' title='bbox 2153 4557 2428 4614; x_wconf 79' lang='lat' dir='ltr'><strong>Dominico</strong></span> <span class='ocrx_word' id='word_1_768' title='bbox 2452 4561 2618 4616; x_wconf 79' lang='lat' dir='ltr'><strong>latere</strong></span> <span class='ocrx_word' id='word_1_769' title='bbox 2639 4565 2936 4632; x_wconf 78' lang='lat' dir='ltr'><strong>ﬂuxerunt.</strong></span> <span class='ocrx_word' id='word_1_770' title='bbox 2965 4570 3277 4638; x_wconf 78' lang='lat' dir='ltr'><strong>Baptismtts</strong></span> <span class='ocrx_word' id='word_1_771' title='bbox 3306 4576 3506 4642; x_wconf 67' lang='lat' dir='ltr'><strong>duplex</strong></span> 
     </span>
    </p>
   </div>
   <div class='ocr_carea' id='block_1_106' title="bbox 1930 4647 3502 4730">
    <p class='ocr_par' dir='ltr' id='par_1_106' title="bbox 1930 4647 3502 4730">
     <span class='ocr_line' id='line_1_106' title="bbox 1930 4647 3502 4730; baseline 0.015 -33"><span class='ocrx_word' id='word_1_772' title='bbox 1930 4654 1983 4697; x_wconf 87' lang='lat' dir='ltr'><strong>ut</strong></span> <span class='ocrx_word' id='word_1_773' title='bbox 2014 4659 2062 4699; x_wconf 78' lang='lat' dir='ltr'><strong>et</strong></span> <span class='ocrx_word' id='word_1_774' title='bbox 2093 4647 2267 4704; x_wconf 82' lang='lat' dir='ltr'><strong>homo.</strong></span> <span class='ocrx_word' id='word_1_775' title='bbox 2295 4681 2362 4690; x_wconf 92' lang='lat'><strong><em>—</em></strong></span> <span class='ocrx_word' id='word_1_776' title='bbox 2384 4649 2502 4706; x_wconf 82' lang='lat' dir='ltr'><strong>Jam</strong></span> <span class='ocrx_word' id='word_1_777' title='bbox 2559 4669 2688 4709; x_wconf 88' lang='lat' dir='ltr'><strong>vero</strong></span> <span class='ocrx_word' id='word_1_778' title='bbox 2739 4675 2906 4711; x_wconf 88' lang='lat' dir='ltr'><strong>unum</strong></span> <span class='ocrx_word' id='word_1_779' title='bbox 2955 4663 3285 4730; x_wconf 87' lang='lat' dir='ltr'><strong>baptismum</strong></span> <span class='ocrx_word' id='word_1_780' title='bbox 3331 4683 3383 4718; x_wconf 90' lang='lat' dir='ltr'><strong>tu</strong></span> <span class='ocrx_word' id='word_1_781' title='bbox 3415 4683 3502 4720; x_wconf 74' lang='lat' dir='ltr'><strong>rc-</strong></span> 
     </span>
    </p>
   </div>
   <div class='ocr_carea' id='block_1_107' title="bbox 1923 4739 3511 4812">
    <p class='ocr_par' dir='ltr' id='par_1_107' title="bbox 1923 4739 3511 4812">
     <span class='ocr_line' id='line_1_107' title="bbox 1923 4739 3511 4812; baseline 0.014 -22"><span class='ocrx_word' id='word_1_782' title='bbox 1923 4739 2236 4794; x_wconf 85' lang='lat' dir='ltr'><strong>missionem</strong></span> <span class='ocrx_word' id='word_1_783' title='bbox 2268 4754 2616 4812; x_wconf 86' lang='lat' dir='ltr'><strong>peccatorum</strong></span> <span class='ocrx_word' id='word_1_784' title='bbox 2651 4757 2706 4801; x_wconf 90' lang='lat' dir='ltr'><strong>et</strong></span> <span class='ocrx_word' id='word_1_785' title='bbox 2739 4749 2789 4802; x_wconf 90' lang='lat' dir='ltr'><strong>in</strong></span> <span class='ocrx_word' id='word_1_786' title='bbox 2826 4752 2986 4804; x_wconf 86' lang='lat' dir='ltr'><strong>vitam</strong></span> <span class='ocrx_word' id='word_1_787' title='bbox 3015 4765 3272 4809; x_wconf 64' lang='lat' dir='ltr'><strong>aeternam</strong></span> <span class='ocrx_word' id='word_1_788' title='bbox 3334 4759 3511 4812; x_wconf 58' lang='lat' dir='ltr'><strong>conflo</strong></span> 
     </span>
    </p>
   </div>
   <div class='ocr_carea' id='block_1_108' title="bbox 1920 4835 3504 4919">
    <p class='ocr_par' dir='ltr' id='par_1_108' title="bbox 1920 4835 3504 4919">
     <span class='ocr_line' id='line_1_108' title="bbox 1920 4835 3504 4919; baseline 0.014 -35"><span class='ocrx_word' id='word_1_789' title='bbox 1920 4838 2123 4890; x_wconf 87' lang='lat' dir='ltr'><strong>temur.</strong></span> <span class='ocrx_word' id='word_1_790' title='bbox 2157 4835 2462 4904; x_wconf 84' lang='lat' dir='ltr'><strong>Baptismus</strong></span> <span class='ocrx_word' id='word_1_791' title='bbox 2495 4841 2695 4910; x_wconf 88' lang='lat' dir='ltr'><strong>quippe</strong></span> <span class='ocrx_word' id='word_1_792' title='bbox 2748 4855 2977 4897; x_wconf 84' lang='lat' dir='ltr'><strong>mortem</strong></span> <span class='ocrx_word' id='word_1_793' title='bbox 3018 4845 3234 4902; x_wconf 87' lang='lat' dir='ltr'><strong>Domini</strong></span> <span class='ocrx_word' id='word_1_794' title='bbox 3289 4850 3504 4919; x_wconf 76' lang='lat' dir='ltr'><strong>signiti-</strong></span> 
     </span>
    </p>
   </div>
   <div class='ocr_carea' id='block_1_109' title="bbox 1925 4925 3492 5013">
    <p class='ocr_par' dir='ltr' id='par_1_109' title="bbox 1925 4925 3492 5013">
     <span class='ocr_line' id='line_1_109' title="bbox 1925 4925 3492 5013; baseline 0.014 -36"><span class='ocrx_word' id='word_1_795' title='bbox 1925 4933 2013 4978; x_wconf 87' lang='lat' dir='ltr'><strong>cat</strong></span> <span class='ocrx_word' id='word_1_796' title='bbox 2045 4925 2084 4978; x_wconf 91' lang='grc'><strong>¹.</strong></span> <span class='ocrx_word' id='word_1_797' title='bbox 2145 4926 2250 4982; x_wconf 88' lang='lat' dir='ltr'><strong>Per</strong></span> <span class='ocrx_word' id='word_1_798' title='bbox 2283 4928 2615 4998; x_wconf 87' lang='lat' dir='ltr'><strong>baptismum</strong></span> <span class='ocrx_word' id='word_1_799' title='bbox 2651 4934 2797 4987; x_wconf 88' lang='lat' dir='ltr'><strong>enim</strong></span> <span class='ocrx_word' id='word_1_800' title='bbox 2830 4950 2951 4989; x_wconf 88' lang='lat' dir='ltr'><strong>cum</strong></span> <span class='ocrx_word' id='word_1_801' title='bbox 3010 4937 3243 4994; x_wconf 91' lang='lat' dir='ltr'><strong>Domino</strong></span> <span class='ocrx_word' id='word_1_802' title='bbox 3300 4947 3492 5013; x_wconf 66' lang='lat' dir='ltr'><strong>scpelio</strong></span> 
     </span>
    </p>
   </div>
   <div class='ocr_carea' id='block_1_110' title="bbox 1924 5020 3494 5098">
    <p class='ocr_par' dir='ltr' id='par_1_110' title="bbox 1924 5020 3494 5098">
     <span class='ocr_line' id='line_1_110' title="bbox 1924 5020 3494 5098; baseline 0.015 -29"><span class='ocrx_word' id='word_1_803' title='bbox 1924 5032 2066 5082; x_wconf 91' lang='lat' dir='ltr'><strong>mur,</strong></span> <span class='ocrx_word' id='word_1_804' title='bbox 2103 5026 2158 5070; x_wconf 93' lang='lat' dir='ltr'><strong>ut</strong></span> <span class='ocrx_word' id='word_1_805' title='bbox 2212 5020 2288 5072; x_wconf 88' lang='lat' dir='ltr'><strong>ait</strong></span> <span class='ocrx_word' id='word_1_806' title='bbox 2349 5021 2572 5078; x_wconf 85' lang='lat' dir='ltr'><strong>divinus</strong></span> <span class='ocrx_word' id='word_1_807' title='bbox 2633 5028 2918 5094; x_wconf 87' lang='lat' dir='ltr'><strong>apostolus</strong></span> <span class='ocrx_word' id='word_1_808' title='bbox 2942 5033 2985 5084; x_wconf 82' lang='lat'><strong>&#39;.</strong></span> <span class='ocrx_word' id='word_1_809' title='bbox 3020 5031 3494 5098; x_wconf 75' lang='lat' dir='ltr'><strong>Quemadmodum</strong></span> 
     </span>
    </p>
   </div>
   <div class='ocr_carea' id='block_1_111' title="bbox 1931 5106 3490 5187">
    <p class='ocr_par' dir='ltr' id='par_1_111' title="bbox 1931 5106 3490 5187">
     <span class='ocr_line' id='line_1_111' title="bbox 1931 5106 3490 5187; baseline 0.019 -29"><span class='ocrx_word' id='word_1_810' title='bbox 1931 5106 2094 5175; x_wconf 80' lang='lat' dir='ltr'><strong>igitur</strong></span> <span class='ocrx_word' id='word_1_811' title='bbox 2147 5109 2410 5166; x_wconf 85' lang='lat' dir='ltr'><strong>Dominus</strong></span> <span class='ocrx_word' id='word_1_812' title='bbox 2443 5127 2696 5171; x_wconf 89' lang='lat' dir='ltr'><strong>mortuus</strong></span> <span class='ocrx_word' id='word_1_813' title='bbox 2736 5129 2841 5185; x_wconf 90' lang='lat' dir='ltr'><strong>est,</strong></span> <span class='ocrx_word' id='word_1_814' title='bbox 2871 5122 2958 5176; x_wconf 91' lang='lat' dir='ltr'><strong>sic</strong></span> <span class='ocrx_word' id='word_1_815' title='bbox 2997 5140 3098 5180; x_wconf 90' lang='lat' dir='ltr'><strong>nos</strong></span> <span class='ocrx_word' id='word_1_816' title='bbox 3126 5134 3288 5182; x_wconf 73' lang='lat' dir='ltr'><strong>etiam</strong></span> <span class='ocrx_word' id='word_1_817' title='bbox 3323 5135 3490 5187; x_wconf 66' lang='lat' dir='ltr'><strong>sene!</strong></span> 
     </span>
    </p>
   </div>
   <div class='ocr_carea' id='block_1_112' title="bbox 1926 5199 3500 5288">
    <p class='ocr_par' dir='ltr' id='par_1_112' title="bbox 1926 5199 3500 5288">
     <span class='ocr_line' id='line_1_112' title="bbox 1926 5199 3500 5288; baseline 0.017 -36"><span class='ocrx_word' id='word_1_818' title='bbox 1926 5199 2190 5268; x_wconf 79' lang='lat' dir='ltr'><strong>baptizari</strong></span> <span class='ocrx_word' id='word_1_819' title='bbox 2211 5206 2582 5262; x_wconf 86' lang='lat' dir='ltr'><strong>necessarium</strong></span> <span class='ocrx_word' id='word_1_820' title='bbox 2611 5220 2728 5278; x_wconf 85' lang='lat' dir='ltr'><strong>est;</strong></span> <span class='ocrx_word' id='word_1_821' title='bbox 2765 5212 3051 5282; x_wconf 86' lang='lat' dir='ltr'><strong>baptizari,</strong></span> <span class='ocrx_word' id='word_1_822' title='bbox 3079 5219 3331 5288; x_wconf 73' lang='lat' dir='ltr'><strong>inquam,</strong></span> <span class='ocrx_word' id='word_1_823' title='bbox 3356 5224 3500 5278; x_wconf 78' lang='lat' dir='ltr'><strong>sicut</strong></span> 
     </span>
    </p>
   </div>
   <div class='ocr_carea' id='block_1_113' title="bbox 1921 5289 3498 5379">
    <p class='ocr_par' dir='ltr' id='par_1_113' title="bbox 1921 5289 3498 5379">
     <span class='ocr_line' id='line_1_113' title="bbox 1921 5289 3498 5379; baseline 0.015 -36"><span class='ocrx_word' id='word_1_824' title='bbox 1921 5304 1950 5343; x_wconf 88' lang='lat' dir='ltr'><strong>a</strong></span> <span class='ocrx_word' id='word_1_825' title='bbox 1985 5289 2214 5344; x_wconf 84' lang='lat' dir='ltr'><strong>Domino</strong></span> <span class='ocrx_word' id='word_1_826' title='bbox 2237 5295 2436 5348; x_wconf 88' lang='lat' dir='ltr'><strong>dictum</strong></span> <span class='ocrx_word' id='word_1_827' title='bbox 2462 5305 2581 5352; x_wconf 90' lang='lat' dir='ltr'><strong>cst:</strong></span> <span class='ocrx_word' id='word_1_828' title='bbox 2623 5299 2687 5353; x_wconf 83' lang='lat' dir='ltr'><strong>In</strong></span> <span class='ocrx_word' id='word_1_829' title='bbox 2717 5307 2928 5359; x_wconf 83' lang='lat' dir='ltr'><strong>nomine</strong></span> <span class='ocrx_word' id='word_1_830' title='bbox 2960 5307 3159 5373; x_wconf 79' lang='lat' dir='ltr'><strong>Patris,</strong></span> <span class='ocrx_word' id='word_1_831' title='bbox 3195 5323 3247 5364; x_wconf 83' lang='lat' dir='ltr'><strong>et</strong></span> <span class='ocrx_word' id='word_1_832' title='bbox 3275 5311 3426 5379; x_wconf 79' lang='lat' dir='ltr'><strong>Filii,</strong></span> <span class='ocrx_word' id='word_1_833' title='bbox 3450 5331 3498 5368; x_wconf 79' lang='lat' dir='ltr'><strong>er</strong></span> 
     </span>
    </p>
   </div>
   <div class='ocr_carea' id='block_1_114' title="bbox 1922 5379 3504 5466">
    <p class='ocr_par' dir='ltr' id='par_1_114' title="bbox 1922 5379 3504 5466">
     <span class='ocr_line' id='line_1_114' title="bbox 1922 5379 3504 5466; baseline 0.017 -32"><span class='ocrx_word' id='word_1_834' title='bbox 1922 5379 2154 5448; x_wconf 80' lang='lat' dir='ltr'><strong>Spiritus</strong></span> <span class='ocrx_word' id='word_1_835' title='bbox 2209 5387 2382 5439; x_wconf 83' lang='lat' dir='ltr'><strong>sancti</strong></span> <span class='ocrx_word' id='word_1_836' title='bbox 2406 5390 2446 5442; x_wconf 86' lang='grc'><strong>³.</strong></span> <span class='ocrx_word' id='word_1_837' title='bbox 2507 5389 2715 5456; x_wconf 87' lang='lat' dir='ltr'><strong>Quibus</strong></span> <span class='ocrx_word' id='word_1_838' title='bbox 2773 5397 2982 5453; x_wconf 86' lang='lat' dir='ltr'><strong>scilicet</strong></span> <span class='ocrx_word' id='word_1_839' title='bbox 3015 5403 3216 5466; x_wconf 84' lang='lat' dir='ltr'><strong>verbis,</strong></span> <span class='ocrx_word' id='word_1_840' title='bbox 3244 5403 3421 5460; x_wconf 81' lang='lat' dir='ltr'><strong>Patris</strong></span> <span class='ocrx_word' id='word_1_841' title='bbox 3446 5418 3504 5461; x_wconf 79' lang='lat' dir='ltr'><strong>et</strong></span> 
     </span>
    </p>
   </div>
   <div class='ocr_carea' id='block_1_115' title="bbox 1922 5474 3504 5553">
    <p class='ocr_par' dir='ltr' id='par_1_115' title="bbox 1922 5474 3504 5553">
     <span class='ocr_line' id='line_1_115' title="bbox 1922 5474 3504 5553; baseline 0.016 -27"><span class='ocrx_word' id='word_1_842' title='bbox 1922 5474 2043 5528; x_wconf 85' lang='lat' dir='ltr'><strong>Filii</strong></span> <span class='ocrx_word' id='word_1_843' title='bbox 2106 5487 2159 5530; x_wconf 87' lang='lat' dir='ltr'><strong>et</strong></span> <span class='ocrx_word' id='word_1_844' title='bbox 2207 5477 2445 5549; x_wconf 89' lang='lat' dir='ltr'><strong>Spiritus</strong></span> <span class='ocrx_word' id='word_1_845' title='bbox 2495 5489 2695 5553; x_wconf 87' lang='lat' dir='ltr'><strong>sancti,</strong></span> <span class='ocrx_word' id='word_1_846' title='bbox 2736 5489 3131 5546; x_wconf 80' lang='lat' dir='ltr'><strong>confessionem</strong></span> <span class='ocrx_word' id='word_1_847' title='bbox 3182 5497 3504 5552; x_wconf 74' lang='lat' dir='ltr'><strong>edocemur.</strong></span> 
     </span>
    </p>
   </div>
   <div class='ocr_carea' id='block_1_116' title="bbox 1923 5564 3502 5654">
    <p class='ocr_par' dir='ltr' id='par_1_116' title="bbox 1923 5564 3502 5654">
     <span class='ocr_line' id='line_1_116' title="bbox 1923 5564 3502 5654; baseline 0.016 -36"><span class='ocrx_word' id='word_1_848' title='bbox 1923 5564 2191 5631; x_wconf 84' lang='lat' dir='ltr'><strong>Quocirca</strong></span> <span class='ocrx_word' id='word_1_849' title='bbox 2260 5572 2349 5640; x_wconf 86' lang='lat' dir='ltr'><strong>qui</strong></span> <span class='ocrx_word' id='word_1_850' title='bbox 2408 5574 2460 5626; x_wconf 89' lang='lat' dir='ltr'><strong>in</strong></span> <span class='ocrx_word' id='word_1_851' title='bbox 2516 5575 2728 5630; x_wconf 82' lang='lat' dir='ltr'><strong>Patrem</strong></span> <span class='ocrx_word' id='word_1_852' title='bbox 2763 5590 2817 5635; x_wconf 88' lang='lat' dir='ltr'><strong>et</strong></span> <span class='ocrx_word' id='word_1_853' title='bbox 2877 5581 3068 5636; x_wconf 80' lang='lat' dir='ltr'><strong>Filium</strong></span> <span class='ocrx_word' id='word_1_854' title='bbox 3131 5595 3184 5640; x_wconf 89' lang='lat' dir='ltr'><strong>et</strong></span> <span class='ocrx_word' id='word_1_855' title='bbox 3237 5587 3502 5654; x_wconf 85' lang='lat' dir='ltr'><strong>Spiritum</strong></span> 
     </span>
    </p>
   </div>
   <div class='ocr_carea' id='block_1_117' title="bbox 1932 5662 3508 5740">
    <p class='ocr_par' dir='ltr' id='par_1_117' title="bbox 1932 5662 3508 5740">
     <span class='ocr_line' id='line_1_117' title="bbox 1932 5662 3508 5740; baseline 0.019 -31"><span class='ocrx_word' id='word_1_856' title='bbox 1932 5670 2181 5712; x_wconf 84' lang='lat' dir='ltr'><strong>sanctum</strong></span> <span class='ocrx_word' id='word_1_857' title='bbox 2241 5662 2522 5731; x_wconf 79' lang='lat' dir='ltr'><strong>baptizali.</strong></span> <span class='ocrx_word' id='word_1_858' title='bbox 2580 5684 2850 5740; x_wconf 76' lang='lat' dir='ltr'><strong>unamque</strong></span> <span class='ocrx_word' id='word_1_859' title='bbox 2903 5674 2954 5725; x_wconf 84' lang='lat' dir='ltr'><strong>in</strong></span> <span class='ocrx_word' id='word_1_860' title='bbox 3016 5675 3187 5732; x_wconf 85' lang='lat' dir='ltr'><strong>tribus</strong></span> <span class='ocrx_word' id='word_1_861' title='bbox 3265 5680 3508 5739; x_wconf 75' lang='lat' dir='ltr'><strong>Deitatis</strong></span> 
     </span>
    </p>
   </div>
   <div class='ocr_carea' id='block_1_118' title="bbox 1332 5834 1923 5906">
    <p class='ocr_par' dir='ltr' id='par_1_118' title="bbox 1332 5834 1923 5906">
     <span class='ocr_line' id='line_1_118' title="bbox 1332 5834 1923 5906; baseline 0.022 -20"><span class='ocrx_word' id='word_1_862' title='bbox 1332 5835 1351 5864; x_wconf 85' lang='grc'>³</span> <span class='ocrx_word' id='word_1_863' title='bbox 1381 5834 1575 5892; x_wconf 75' lang='lat' dir='ltr'><strong>Matth.</strong></span> <span class='ocrx_word' id='word_1_864' title='bbox 1607 5857 1799 5906; x_wconf 68' lang='lat' dir='ltr'><strong>sum,</strong></span> <span class='ocrx_word' id='word_1_865' title='bbox 1831 5845 1923 5899; x_wconf 77' lang='lat' dir='ltr'><strong>i9.</strong></span> 
     </span>
    </p>
   </div>
  </div>
