4044 6290
298 376 441 441 1257

1198 390 1577 453 PANOPLIA
1600 385 2059 451 DOGMATICA.
2090 409 2159 422 ·-
2188 386 2336 447 ΤΙΤ.
2366 385 2543 448 XXV.

3441 392 3581 461 1258

298 519 446 573 κατὰ
502 517 686 590 ψυχὴν
736 518 990 588 γίνεταιο
1030 521 1212 586 πίστις
1264 520 1373 591 γὰρ
1432 521 1698 576 υίοθετείν
1741 516 1888 586 οἵδε,

1997 521 2172 593 legem
2201 535 2345 593 aqua
2394 519 2757 576 mandantur.
2798 518 2906 579 Res
2936 521 3081 577 enim
3112 520 3362 579 visibiles
3389 537 3579 579 earum

301 609 482 664 καίτοι
522 611 685 673 δντας
729 610 1012 683 κτίσματα
1039 612 1129 667 διὰ
1171 612 1267 667 τοῦ
1299 614 1642 687 Πνεύματος,
1680 615 1776 669 καὶ
1808 612 1890 679 είς

297 701 401 771 τὴν
428 701 664 773 ἁρχαίαν
697 701 859 772 ἄγειν
893 705 1298 776 μακαριότητα.

1992 626 2116 681 qum
2145 619 2327 666 mente
2375 611 2759 681 percipiuntur
2810 610 2966 681 signa
3022 618 3174 667 sunt.
3210 597 3582 682 Regeneratio

1992 714 2160 774 porro
2188 703 2243 758 in
2278 704 2467 758 animo
2498 701 2805 773 perﬁcitur.
2843 702 3010 759 Fides
3041 703 3245 775 quippe
3292 704 3406 758 vim
3452 716 3575 760 eam

300 794 490 857 habet,
546 804 606 850 ut
660 797 915 867 quamvis
965 811 997 851 e
1054 797 1222 853 rebus
1282 796 1485 853 creatis
1543 797 1740 863 simus,
1795 809 1896 868 per
1932 792 2200 867 Spiritum
2228 808 2333 850 nos
2369 794 2424 849 in
2457 793 2552 849 Dei
2591 793 2735 849 ﬁlios
2760 792 2997 865 adoptat,
3032 803 3199 865 atque
3264 794 3335 851 ad
3391 795 3582 866 pristi-

300 904 429 945 nam
463 886 782 943 felicitatem
805 888 958 943 velut
996 887 1344 961 postliminio
1375 897 1620 945 revocet.

381 980 447 1035 'H
481 980 580 1052 μὶν
603 975 697 1034 οὖν
745 979 856 1033 τῶν
903 982 1193 1053 ἁμαρτιῶν
1221 982 1415 1052 ἄφεσις
1445 1019 1461 1046 ,
1489 982 1656 1036 πᾶσιν
1689 981 1895 1052 ὁμοίως

299 1073 390 1129 διὰ
420 1071 516 1127 τοῦ
553 1071 933 1144 βαπτίσματος
981 1073 1216 1129 δίδοται·
1239 1074 1275 1144 ἡ
1304 1072 1361 1127 δὲ
1398 1072 1560 1145 χάρις
1593 1073 1690 1128 τοῦ
1713 1073 1888 1128 Πνεύ-

301 1181 476 1236 ματος
497 1163 638 1218 κατὰ
663 1163 762 1234 τὴν
793 1162 1086 1235 ἀναλογίαν
1108 1166 1207 1235 τῆς
1237 1165 1477 1230 πίστεως
1505 1165 1599 1220 καὶ
1623 1166 1724 1237 τῆς
1754 1183 1890 1238 προ-

299 1256 649 1327 καθάρσεως.
682 1255 799 1309 Νῦν
841 1255 941 1326 μὲν
973 1250 1069 1310 οὖν
1114 1256 1205 1310 διὰ
1233 1254 1329 1310 τοῦ
1363 1255 1749 1328 βαπτίσματος
1787 1259 1888 1330 τὴν

298 1348 555 1419 ἀπαρχὴν
586 1347 680 1401 τοῦ
701 1348 859 1416 ἁγίου
885 1347 1205 1418 Πνεύματος
1230 1346 1715 1420 λαμϐάνομεν,καὶ
1741 1350 1886 1423 ἁρχὴ

299 1441 490 1511 ἑτέρου
524 1439 639 1510 βίου
663 1439 876 1509 γίνεται
907 1441 1038 1511 ἡμῖν
1068 1441 1101 1510 ή
1126 1439 1518 1510 παλιγγενεσία
1540 1480 1557 1509 ,
1590 1442 1685 1496 καὶ
1715 1459 1881 1514 σφρα-

298 1535 410 1601 γὶς,
442 1532 537 1588 καὶ
567 1531 959 1604 φυλακτήριον,
990 1532 1086 1587 καὶ
1120 1530 1429 1604 φωτισμός.

370 1709 493 1780 Χρὴ
544 1708 600 1762 δδ
646 1708 795 1781 πάσῃ
841 1707 1070 1779 δυνάμει
1121 1706 1382 1777 ἀσφαλῶς
1435 1708 1624 1781 τηρετν
1657 1708 1887 1774 ἑαυτοὺς

297 1802 575 1873 καθαροὺς
602 1799 710 1856 ἁπδ
729 1799 994 1873 ῥυπαρῶν
1020 1798 1222 1871 ἔργων,
1257 1800 1345 1854 ἵνα
1379 1799 1455 1873 μὴ
1496 1800 1660 1855 πάλιν
1694 1800 1886 1873 ὥσπερ

2067 975 2334 1046 Baptismi
2384 976 2563 1046 gratia
2606 989 2707 1045 pro
2762 976 3161 1043 susnpientium
3190 976 3295 1045 ﬁde
3341 984 3393 1030 et
3425 992 3582 1033 mttu-

1989 1070 2147 1125 ditia.
2175 1097 2245 1111 -
2278 1066 2543 1135 Quamvis
2567 1077 2749 1123 autem
2792 1074 3146 1138 peccatorum
3182 1069 3438 1125 remissio
3461 1085 3581 1125 om-

1988 1159 2153 1214 nibus
2181 1174 2280 1228 per
2308 1172 2468 1229 aqua:
2496 1157 2830 1228 baptismum
2878 1157 3079 1214 detur:
3112 1156 3353 1227 Spiritus
3390 1168 3577 1216 tamen

1987 1249 2163 1320 gratia
2191 1263 2293 1320 pro
2322 1247 2445 1304 ﬁdei
2476 1261 2542 1302 ac
2568 1246 2784 1317 praevia:
2807 1248 3154 1319 purgationis
3182 1248 3348 1303 modo
3376 1263 3579 1304 conce-

1987 1341 2157 1395 ditur.
2194 1340 2263 1395 Et
2287 1356 2435 1395 nunc
2464 1340 2688 1411 quidem
2712 1338 2958 1411 Spiritus
2982 1340 3160 1396 sancti
3182 1341 3459 1411 primitias
3480 1357 3579 1414 per

1988 1430 2324 1499 baptismum
2353 1430 2675 1500 accipimus,
2702 1438 2757 1486 et
2787 1430 3132 1499 regeneratio
3152 1469 3168 1495 ,
3211 1432 3441 1489 alterius
3470 1450 3572 1490 no-

1986 1521 2073 1577 bis
2102 1522 2227 1575 vitas
2254 1520 2496 1588 initium,
2521 1528 2577 1576 et
2602 1520 2971 1593 signaculum,
3005 1528 3060 1578 et
3104 1521 3455 1594 praesidium,
3518 1532 3577 1581 et

1986 1612 2320 1669 illuminatio
2347 1612 2604 1669 eliim'tur.

2054 1702 2325 1760 Caeterum
2361 1704 2413 1759 in
2446 1702 2500 1759 id
2534 1703 2694 1761 nobis
2717 1705 2849 1761 totis
2881 1705 3093 1765 viribus
3123 1717 3208 1766 est
3228 1708 3570 1775 enitendum,

1984 1811 2057 1852 ne
2086 1798 2244 1854 canis
2288 1798 2463 1853 inStar
2498 1796 2569 1852 ad
2601 1798 2870 1853 vomitum
2916 1799 3219 1856 redeuntes
3284 1803 3324 1870 ³,
3361 1803 3570 1874 peccati

298 1892 449 1947 κύων
480 1892 573 1947 ἐπὶ
617 1891 709 1946 τὸν
743 1892 875 1946 ῐδιον
925 1890 1119 1961 ἔμετον
1156 1891 1613 1964 ἐπιστρέψαντες,
1663 1891 1888 1958 δούλους

1990 1889 2354 1960 nosmetipsos
2411 1888 2598 1944 denuo
2649 1889 2908 1945 servituti
2965 1893 3363 1962 maneipemus.
3402 1894 3570 1952 Fides

299 1985 466 2039 πάλιν
497 1984 727 2046 ἑαυτοὺς
753 1983 854 2052 τῆς
885 1981 1162 2054 ἁμαρτίας
1196 1982 1533 2053 ποιήσωμεν.
1566 1982 1757 2049 Πίστις
1778 1983 1888 2056 γὰρ

298 2070 469 2142 χωρὶς
499 2070 678 2142 ἔργων
726 2068 898 2140 νεκρά
939 2069 1089 2123 ἐστιν
1113 2108 1127 2133 ,
1154 2069 1358 2140 ὁμοίως
1391 2070 1488 2124 καὶ
1543 2068 1680 2141 ἔργα
1713 2074 1886 2143 χωρὶς

299 2164 559 2226 πίστεως.
590 2162 654 2215 Ἦ
682 2161 793 2233 γὰρ
823 2159 1031 2232 ἀληθὴς
1062 2160 1249 2226 πίστις
1277 2161 1367 2215 διὰ
1395 2162 1503 2215 τῶν
1532 2160 1713 2232 ἔργων
1734 2163 1885 2218 boast-

301 2255 557 2327 μάζεται.

372 2346 756 2417 Βαπτιζόμεθα
784 2344 841 2398 δὲ
894 2344 971 2408 είς
1009 2342 1110 2416 τὴν
1141 2342 1305 2413 ἁγίαν
1337 2343 1545 2413 Τριὰδα
1567 2385 1583 2411 ,
1616 2344 1700 2399 ὅτι
1738 2344 1878 2399 αύτὰ

298 2434 373 2487 τὰ
407 2431 780 2504 βαπτιζόμενα
827 2430 1020 2504 χρῄζει
1064 2432 1163 2503 τῆς
1206 2432 1370 2503 ἁγίας
1416 2433 1647 2505 Τριάδος
1674 2437 1753 2499 είς
1776 2434 1878 2506 τὴν

295 2526 481 2581 αὐτῶν
532 2525 794 2581 σύστασίν
819 2541 880 2577 τε
930 2523 1029 2579 καὶ
1059 2524 1324 2597 διαμονὴν
1346 2564 1361 2592 ,
1388 2524 1483 2578 καῖ¹
1516 2524 1781 2579 ἀδύνατον
1806 2525 1882 2597 μὴ

298 2610 669 2680 συμπαρεῖναι
698 2609 961 2681 ἀλλήλαις
1004 2612 1105 2677 τὰς
1148 2617 1299 2688 τρεῖς
1342 2615 1708 2681 ὑποστάσεις·
1743 2619 1884 2691 sxa-

309 2714 493 2771 ριστος
522 2698 632 2772 γὰρ
663 2702 696 2772 ἠ
727 2701 860 2771 ἁγία
894 2703 1082 2775 Τριάς.

380 2880 603 2953 Πρῶτον
631 2882 939 2957 βάπτισμα,
969 2885 1065 2940 τοῦ
1096 2888 1507 2959 κατακλυσμοῦ,
1537 2889 1612 2954 είς
1644 2889 1889 2965 ἐκκοπὴν

308 2971 608 3043 ἁμαρτίας.
633 2972 926 3047 Δεύτερον,
964 2977 1029 3029 sb
1081 2977 1173 3032 διὰ
1213 2978 1312 3051 τῆς
1343 2978 1623 3051 θαλάσσης
1670 2980 1887 3053 καὶτῆς

308 3064 548 3137 νεφέλης
572 3082 587 3097 ο
621 3065 893 3138 σύμϐολον
931 3069 1062 3142 γὰρ,
1088 3071 1123 3142 ή
1158 3071 1259 3142 μὲν
1285 3070 1482 3143 νεφέλη
1506 3072 1601 3126 τοῦ
1632 3071 1888 3143 Πνεύμα-

307 3174 421 3221 τος,
450 3159 483 3228 ἡ
518 3157 765 3214 θάλασσα
793 3160 881 3228 δὲ,
916 3162 1012 3216 τοῦ
1045 3161 1258 3229 ὓδατος.
1291 3163 1488 3236 Τρίτον
1522 3165 1582 3219 τὸ
1626 3164 1885 3235 νομικόνο

1986 1979 2257 2050 siquidem
2284 1979 2403 2036 sine
2437 1980 2699 2051 operibus
2725 1988 2941 2035 mortua
2968 1989 3071 2050 est,
3106 1981 3349 2055 itemque
3381 1999 3569 2056 opera,

1986 2072 2202 2128 sublata
2254 2071 2360 2127 ﬁde
2417 2071 2455 2126 ¹.
2482 2070 2621 2127 Vera
2666 2071 2868 2144 quippe
2903 2072 3038 2130 iides
3071 2090 3169 2145 per
3200 2089 3364 2147 opera
3418 2092 3570 2133 com-

1987 2168 2273 2238 probatur.

2054 2338 2164 2396 Cur
2200 2339 2254 2393 in
2281 2337 2597 2393 Trinitatem
2619 2338 2970 2408 baptisemur.
2992 2367 3064 2382 -—
3089 2338 3171 2395 Ob
3199 2339 3254 2396 id
3284 2354 3417 2397 vero
3511 2342 3569 2398 in

1986 2440 2234 2489 sanctam
2263 2427 2589 2485 Trinitatem
2638 2430 3005 2501 baptizamur,
3047 2433 3177 2503 quia
3216 2446 3336 2502 qua!
3384 2433 3566 2505 bapti-

1988 2534 2207 2590 zantur,
2237 2522 2303 2577 ad
2337 2522 2443 2588 sui,
2469 2531 2587 2578 tum
2622 2522 3100 2589 constitutionem,
3137 2530 3251 2578 tum
3281 2538 3570 2581 conserva-

1987 2612 2218 2677 tionem,
2241 2611 2532 2669 Trinitatis
2556 2627 2725 2685 opera
2750 2613 3035 2685 indigent:
3070 2629 3171 2671 nec
3201 2615 3319 2670 ﬁeri
3360 2626 3563 2687 potest,

1985 2703 2119 2773 quin
2170 2711 2281 2759 tres
2328 2718 2581 2774 personae
2616 2703 2721 2760 sibi
2767 2704 3007 2760 invicem
3051 2704 3275 2775 adsint;
3308 2707 3571 2777 quoniam

1987 2793 2234 2851 Trinitas
2263 2795 2579 2851 nullatenus
2603 2796 2936 2865 separabilis
2963 2807 3073 2855 est.

2066 2884 2231 2941 Varia
2272 2886 2615 2957 baptismata.
2648 2886 2877 2944 Joannis
2902 2887 3169 2960 baptisma
3191 2908 3225 2948 a
3254 2893 3574 2965 baptismate

1988 2976 2189 3033 Christi
2220 2978 2505 3034 diuersum.
2534 2977 2865 3035 Pmnitentile
2918 2979 3248 3050 baptisma;
3300 2985 3571 3055 martyrii,

1985 3078 2036 3125 et
2074 3070 2174 3124 iste
2207 3068 2609 3136 nobilissimus;
2659 3071 2955 3141 baptismus
3005 3076 3311 3144 sempiterni
3357 3077 3571 3131 crueia—

1989 3169 2095 3217 tus.
2126 3192 2201 3205 --
2231 3161 2479 3217 Primum
2608 3162 2884 3235 baptisma
2921 3165 3193 3223 diluvium
3245 3166 3384 3236 fuit,
3425 3170 3571 3240 quod

306 3251 420 3313 ssi;
451 3249 561 3322 γὰρ
607 3252 917 3325 ἀκάθαρτος
950 3255 1249 3310 ἀπελούετο
1293 3234 1477 3322 ὕδατι,
1510 3255 1707 3310 ἔπλυνέ
1736 3272 1795 3308 τε
1821 3255 1888 3310 τὰ

1990 3250 2345 3307 exseindendi
2404 3252 2617 3323 peccati
2680 3234 2860 3309 causa
2933 3257 3185 3328 contigit.
3259 3234 3573 3314 Secundum

311 3339 533 3409 ἱμάτια,
570 3344 666 3397 καὶ
694 3343 867 3410 οὕτως
896 3346 1070 3419 είσῄει
1116 3350 1197 3414 είς
1229 3350 1330 3421 τὴν
1382 3350 1756 3423 παρεμϐολήν.
1791 3342 1892 3403 Τέ-

306 3448 505 3504 ταρτον
533 3435 595 3488 sb
632 3436 880 3493 Ἰωάννου
910 3476 927 3503 ,
1081 3443 1446 3513 είσαγωγικδν
1480 3443 1725 3515 ὑπάρχον
1749 3482 1763 3506 ,
1795 3442 1892 3496 καὶ

307 3524 389 3588 είς
425 3525 711 3595 μετάνοιαν
737 3529 869 3598 ἁγον
898 3531 1027 3594 τοὺς
1056 3530 1513 3604 βαπτιζομένους,
1535 3534 1622 3589 ἵνα
1652 3536 1733 3598 εἰς
1756 3534 1893 3605 Χρμ

309 3615 439 3691 στὸν
486 3620 872 3680 πιστεύσωσιν.
908 3623 1050 3695 Ἐγὼ
1086 3626 1197 3696 γὰρ
1224 3626 1411 3697 ὑμᾶς,
1443 3628 1598 3699 φησὶ,
1623 3622 1891 3694 ,ϐαπτίζω

307 3707 484 3764 ὕδατι
505 3726 519 3741 ο
553 3713 586 3764 ό
619 3710 689 3765 δὲ
721 3712 916 3768 ὀπίσω
940 3733 1060 3784 μου
1096 3717 1451 3787 ἐρχόμενος,
1492 3719 1675 3786 αὐτὸς
1711 3718 1888 3790 ὑμᾶς,

308 3800 467 3870 φησὶ,
493 3802 784 3866 ,βαπτίσει
812 3805 883 3859 ἐν
912 3809 1211 3878 Πνεύματι
1238 3809 1383 3880 ἁγίῳ
1416 3810 1514 3865 καί
1551 3812 1713 3880 πυρί.
1748 3813 1890 3883 Προ-

308 3889 567 3963 καθαίρει
614 3889 708 3947 οὖν
754 3894 783 3947 ὁ
831 3896 1087 3967 Ἰωάννης
1136 3898 1233 3951 ἐπὶ
1287 3898 1350 3952 sb
1396 3899 1623 3971 Πνεῦμα
1670 3899 1758 3955 διὰ
1796 3900 1891 3955 τοῦ

304 3979 519 4047 ὓδατος.
546 3984 823 4056 Πέμπτον,
858 3987 920 4041 sb
953 3988 1050 4042 τοῦ
1098 3990 1309 4061 Κυρίου
1345 3991 1651 4063 βάπτισμα,
1674 3992 1703 4047 δ
1726 3994 1892 4060 αὐτὸς

304 4074 667 4130 ὲὸαπτίσατο.
709 4078 1047 4144 Βαπτίζεται
1085 4081 1162 4147 δὲ,
1201 4081 1301 4153 οὐχ
1347 4082 1424 4149 ὡς
1475 4084 1639 4150 αὐτὸς
1675 4085 1891 4158 χρῄζων

305 4167 653 4238 καθάρσεως,
690 4170 827 4224 ἁλλὰ
876 4171 974 4244 τὴν
1023 4173 1164 4247 ἐμὴν
1196 4176 1566 4248 οίκειούμενος
1598 4177 1889 4249 κάθαρσιν,

306 4260 397 4314 ἵνα
432 4260 699 4335 συντρίψῃ
750 4262 850 4329 τὰς
883 4266 1128 4336 κεφαλὰς
1163 4267 1273 4322 τῶν
1298 4267 1608 4342 δρακόντων
1662 4271 1757 4325 ἐπὶ
1796 4271 1891 4326 τοῦ

306 4351 523 4418 ὓδατος,
561 4353 650 4409 ἵνα
682 4354 857 4428 κλύσῃ
910 4357 1008 4429 τὴν
1056 4360 1357 4432 ἁμαρτίαν,
1409 4362 1504 4416 καὶ
1560 4362 1742 4418 πάντα
1801 4364 1892 4418 τὸν

306 4444 540 4500 παλαιὸν
581 4446 754 4518 Ἀδὰμ
805 4449 1021 4523 ἑνθὰψῃ
1064 4451 1143 4521 τῷ
1187 4450 1380 4516 ὗδατι,’
1414 4453 1501 4506 ἵνα
1535 4453 1740 4526 ἁγιάσῃ
1800 4455 1892 4509 τὸν

1989 3343 2293 3411 ἰηιιᾱκΐιιίι,
2337 3342 2483 3415 quod
2516 3358 2614 3415 per
2653 3360 2803 3401 mare
2834 3354 2891 3402 et
2919 3348 3121 3403 nubem
3152 3349 3359 3405 factum
3390 3359 3476 3406 est
3534 3352 3574 3406 ³.

1991 3434 2274 3507 Siquidem
2335 3435 2531 3501 nubes,
2594 3434 2871 3507 Spiritus;
2920 3451 3093 3504 mare,
3133 3455 3288 3510 aqua:
3344 3441 3572 3512 ﬁguram

1989 3529 2211 3599 gerebat
2267 3518 2307 3581 ⁵.
2343 3526 2590 3583 Tertium
2624 3528 2799 3598 legale
2837 3540 2973 3585 erat.
3002 3530 3269 3602 Quisquis
3298 3533 3444 3588 enim
3476 3534 3575 3587 im-

1989 3617 2228 3671 mundus
2265 3621 2435 3680 esset,
2492 3628 2635 3686 aqua
2687 3616 3036 3683 abluebatur,
3096 3628 3278 3678 vestes
3334 3622 3574 3690 lavabat,

1990 3722 2155 3785 atque
2208 3712 2283 3768 ita
2339 3712 2394 3768 in
2446 3720 2630 3770 castra
2669 3713 3081 3785 ingrediebatur
3135 3712 3179 3768 '.
3313 3715 3577 3779 Quartum

1990 3804 2215 3863 Joannis
2239 3805 2363 3873 fuit,
2401 3806 2549 3878 quod
2581 3794 2706 3864 illos
2748 3807 2842 3878 qui
2869 3805 3315 3877 baptizabantur,
3351 3805 3419 3859 ad
3461 3821 3578 3877 p03-

1991 3900 2281 3956 nitentiam
2323 3899 2651 3964 adducebat,
2705 3907 2766 3955 ut
2807 3900 3099 3956 crederent
3148 3899 3203 3957 in
3248 3897 3573 3957 Christum:

1991 3991 2103 4062 Ego
2128 3992 2288 4058 enim,
2322 3992 2521 4062 inquit,
2553 3991 2763 4063 baptizo
2789 4009 2876 4048 vos
2906 4008 3045 4063 aqua
3070 4007 3090 4046 :
3120 3992 3213 4061 qui
3249 4002 3427 4046 autem
3456 4002 3576 4062 post

1991 4102 2072 4140 me
2118 4087 2320 4153 veniet,
2367 4087 2479 4158 ipse
2538 4104 2626 4142 vos
2693 4088 2988 4158 baptizabit
3039 4087 3243 4157 Spiritu
3293 4098 3478 4143 sancto
3524 4097 3575 4143 et

1990 4182 2109 4253 igne
2160 4182 2202 4237 '.
2238 4179 2429 4253 Itaque
2466 4181 2710 4239 Joannes
2750 4182 2818 4238 ad
2846 4183 3113 4255 Spiritum
3149 4182 3573 4253 suscipiendum

1991 4283 2118 4329 ante
2168 4290 2265 4345 per
2298 4290 2497 4345 aquam
2555 4274 2844 4347 purgabat.
2900 4273 3187 4341 Quintum.
3225 4272 3441 4329 Domini
3479 4273 3578 4330 ba-

1991 4367 2211 4436 ptisma,
2255 4382 2366 4437 quo
2414 4367 2532 4438 ipse
2578 4367 2895 4438 baptizatus
2946 4366 3072 4422 fuit.
3127 4366 3448 4437 Baptizatus
3494 4373 3579 4421 est

1992 4462 2201 4519 autem,
2254 4470 2364 4509 non
2409 4454 2555 4525 quod
2608 4456 2726 4527 ipse
2764 4455 3092 4527 purgatione
3128 4456 3432 4527 indigeret;
3479 4455 3575 4511 sed

308 4536 629 4611 βαπτιστὴν,
657 4540 745 4594 ἵνα
766 4541 1033 4616 πληρώσῃ
1062 4544 1155 4599 τὸν
1193 4545 1378 4616 νόμον,
1399 4547 1486 4601 ἵνα
1513 4547 1574 4601 τὸ
1597 4550 1697 4618 τῆς
1721 4549 1888 4619 Τριά-

1993 4560 2169 4600 meam
2211 4545 2315 4602 sibi
2364 4548 2745 4617 purgationem
2780 4549 3084 4614 ascisceus,
3122 4544 3185 4605 ut
3220 4550 3403 4619 capita
3445 4550 3591 4605 dra-7

303 4627 397 4691 δος
425 4628 751 4703 ἀποκαλύψῃ
783 4634 1106 4706 μυστήριον,
1139 4636 1229 4691 ῐνα
1259 4636 1431 4703 τύπος
1464 4638 1561 4693 καὶ
1592 4638 1891 4712 ὑπογραμ-

319 4720 421 4789 μὲς
454 4721 588 4790 ἡμῖν
641 4723 782 4794 πρὸς
812 4725 876 4778 sb
927 4726 1288 4797 βαπτίζεσθαι
1340 4731 1589 4803 γένηται.
1620 4732 1891 4798 Βαπτιζό-

308 4811 449 4879 μεθα
481 4813 537 4866 δὲ
567 4815 661 4869 καὶ
689 4816 851 4887 ἡμεῖς
868 4818 944 4899 ⁹τὸ
974 4818 1182 4873 τέλειον
1206 4821 1303 4875 τοῦ
1332 4823 1540 4894 Κυρίου
1582 4823 1889 4897 βάπτισμα,

303 4902 369 4955 sb
400 4902 467 4956 δι’
514 4904 708 4971 ὕδατός
761 4925 821 4961 τε
866 4910 962 4963 καὶ
1000 4910 1337 4981 Πνεύματος.
1377 4915 1520 4986 Πυρὶ
1567 4915 1623 4969 δὲ
1670 4916 1891 4986 λέγεται

306 4992 594 5063 βαπτίζειν
622 4997 652 5049 ὸ
685 4999 955 5069 Χριστόςο
988 5003 1047 5054 ιν
1096 5002 1230 5057 εῖδει
1289 5004 1398 5076 γὰρ
1446 5006 1691 5078 πυρίνων
1722 5011 1894 5077 γλωσ-

311 5084 422 5137 σῶν
450 5086 546 5140 ἐπὶ
574 5088 706 5153 τοὺς
736 5090 926 5159 ἁγίους
953 5093 1288 5158 ἀποστόλους
1320 5096 1420 5167 τὴν
1448 5098 1544 5151 τοῦ
1570 5099 1892 5172 Πνεύματος

309 5177 475 5249 χάριν
500 5179 735 5251 ἐξέχεεν,
760 5183 836 5248 ὥς
864 5202 1032 5254 φησιν
1056 5187 1219 5251 αὐτὸς
1242 5188 1270 5241 ὁ
1300 5188 1527 5260 Κύριος,
1567 5192 1650 5246 ὅτι
1692 5192 1891 5247 Ἰωάν-

307 5287 423 5338 νης
448 5272 567 5340 μὲν
592 5274 919 5334 ἐϐάπτισεν
959 5279 1155 5345 ὕδατι,
1183 5281 1353 5350 ὑμεῖς
1382 5282 1452 5336 δὲ
1471 5285 1892 5354 βαπτισθήσε-

304 5363 418 5414 σθε
438 5360 507 5415 ὲν
540 5364 841 5435 Πνεύματι
874 5369 1021 5439 ἁγίῳ
1056 5370 1154 5425 καί
1182 5372 1346 5440 πυρί,
1373 5374 1447 5428 οὐ
1475 5376 1630 5444 μετὰ
1656 5380 1894 5447 πολλὰς

301 5451 529 5519 ταύτας
567 5455 818 5524 ἡμέρας·
850 5459 883 5531 ἦ
914 5458 1003 5514 διά
1029 5460 1089 5514 τὸ
1128 5460 1222 5515 τοῦ
1260 5464 1547 5533 μέλλοντος
1586 5467 1759 5539 πυρὸς
1787 5487 1885 5523 κο-

303 5539 565 5599 λαστικὸν
595 5545 907 5619 βάπτισμα.
945 5550 1176 5619 Ἕκτον,
1203 5551 1265 5608 sb
1301 5554 1391 5610 διὰ
1447 5559 1743 5629 μετανοίας
1794 5564 1889 5618 καὶ

401 5796 419 5827 ¹
445 5791 489 5848 ll
522 5793 669 5849 Petr.
700 5811 737 5850 ιι
763 5836 779 5860 ,
808 5797 901 5851 22.
1005 5797 1027 5828 ⁸
1050 5795 1166 5851 Jac.
1198 5812 1262 5864 ιι,
1287 5797 1379 5855 26.

333 5864 357 5899 '
392 5865 536 5922 Psal.
574 5879 761 5928 Lxxm,
796 5868 883 5925 15.

573 5963 844 6023 ΡΔτιιοι.
889 5964 1005 6024 GI.
1053 5963 1312 6027 CXXX.

1992 4650 2193 4691 conum
2225 4637 2280 4691 in
2311 4638 2469 4709 aquis
2500 4646 2819 4695 contereret
2864 4640 2920 4706 ';
2964 4647 3025 4695 ut
3058 4649 3343 4710 peccatum
3378 4643 3578 4698 obrue-

1993 4734 2109 4793 ret,
2144 4742 2211 4783 ac
2239 4734 2414 4784 totum
2448 4738 2685 4786 veterem
2717 4730 2993 4786 Adamum
3025 4731 3081 4786 in
3114 4746 3258 4802 aqua
3279 4732 3575 4802 sepeliret;

1994 4828 2054 4872 ut
2080 4817 2414 4887 baptismum
2438 4820 2851 4886 sanctiﬁcaret;
2890 4826 2950 4874 ut
2979 4820 3153 4888 legem
3380 4817 3577 4888 imple-

1994 4918 2111 4975 ret;
2148 4915 2209 4963 ιιι
2248 4907 2537 4964 Trinitatis
2594 4908 2919 4979 mysterium
2960 4906 3235 4976 aperiret;
3283 4914 3344 4962 ut
3401 4913 3577 4962 semet

1993 4998 2215 5054 tandem
2246 4996 2586 5068 suscipiendi
2614 4996 2875 5067 baptismi
2907 4995 3143 5051 formam
3177 5006 3232 5052 et
3262 4998 3576 5068 exemplum

1994 5093 2283 5161 praberet.
2319 5090 2671 5161 Baptizamur
2702 5099 2887 5146 autem
2935 5098 2989 5146 et
3028 5105 3133 5147 nos
3173 5107 3394 5163 quoque
3448 5106 3579 5161 per-

1997 5184 2137 5238 fecto
2183 5180 2395 5237 Domini
2449 5182 2761 5253 baptismo,
2812 5196 2911 5252 per
2966 5198 3163 5254 aquam
3213 5184 3474 5239 videlicet
3522 5189 3579 5239 et

1996 5273 2285 5345 Spiritum.
2317 5273 2491 5329 Porro
2594 5272 2850 5330 Christus
2896 5273 3103 5329 idcirco
3135 5274 3260 5343 igne
3298 5273 3580 5343 baptizare

1995 5364 2216 5430 dicitur,
2247 5365 2375 5436 quia
2407 5363 2646 5436 Spiritus
2684 5364 2916 5435 gratiam
2956 5367 3014 5419 in
3044 5372 3262 5421 sanctos
3299 5365 3579 5433 apostolos

1994 5457 2208 5523 effudit,
2268 5456 2731 5529 quemadmodum
2797 5455 3067 5513 Dominus
3127 5455 3247 5527 ipse
3312 5454 3578 5509 dixerat:

1991 5549 2227 5607 Joannes
2255 5548 2464 5623 quidem
2499 5549 2789 5621 baptizavit
2821 5566 2980 5620 aqua,
3011 5564 3100 5604 vos
3135 5555 3314 5602 autem
3343 5547 3582 5616 baptiza-

1483 5797 1506 5832 ⁸
1536 5796 1673 5854 Gen.
1701 5813 1795 5868 vn,
1837 5800 1888 5856 ii

2001 5801 2023 5834 ⁸
2060 5799 2233 5859 lCor.
2265 5818 2321 5869 ι,
2352 5803 2431 5859 1.’
2482 5802 2503 5835 ⁸
2541 5802 2668 5858 Lev.
2707 5817 2813 5868 xw,
2851 5803 2936 5859 15.
3038 5804 3059 5836 ⁸
3092 5803 3281 5859 Matth.
3320 5818 3401 5869 ιιι,
3478 5798 3563 5856 ii.

3247 5964 3325 6028 50
