4044 6290
379 351 509 428 ιεδι

1287 357 1660 420 ΡΑΝΟΡΙᾸΑ
1704 357 2166 422 υοοΜΑΤιεΑ.
2191 383 2258 396 -·
2289 360 2439 419 Tl'l‘.
2483 360 2660 420 XXV.

3473 361 3607 426 13.52

373 480 511 546 Hapl
531 478 648 551 hic
673 473 1200 551 perﬁdiane-tat“:
1233 475 1599 551 Asoaqqxoﬁ
1655 472 1928 551 σώματος

2059 474 2106 534 le
2121 474 2577 551 transmutatione
2630 471 2890 551 Dominari
2930 473 3162 541 corporis
3187 482 3233 551 et
3294 474 3587 542 sanguinis.

446 543 543 672 514211
567 543 835 615 αἵματος,
863 544 966 610 τοῦ
1003 543 1256 613 Νύσσης
1287 544 1354 597 at
1386 544 1492 598 τοῦ
1523 543 1932 614 κατηχητικοῦ

446 658 454 672 .
520 636 646 672 νου.

441 636 646 687 λογον.

447 713 656 780 Ὠσπερ
684 710 732 764 οἱ
747 710 1068 780 δηλητήριον
1089 706 1464 777 δι’ὲπισουλῆς
1487 706 1763 769 λαϐόντες,
1789 703 1936 775 ἄλλῳ

377 821 434 871 φ.
456 804 650 871 ρμὰκῳ
661 803 760 870 τὴν
779 801 1095 871 φθοροποιὸν
1110 799 1334 869 δύναμιν
1354 798 1604 852 ἔσϐεσανο
1619 797 1725 869 χρὴ
1741 797 1798 851 δὲ
1812 797 1935 853 καθ’

371 896 658 968 ὁμοιότητα
689 893 781 948 τοῦ
807 895 1048 965 ὀλεθρίου
1082 897 1175 956 καὶ
1206 898 1266 950 τὺ
1299 895 1635 970 ἀλεξιτήριον
1665 899 1815 961 ἐντὸς
1842 895 1950 957 τῶν

372 987 722 1058 ἀνθρωπίνων
752 987 1002 1057 γενέσθαι
1041 987 1384 1059 σπλάγχνων,
1419 987 1494 1051 ὡς
1527 989 1593 1042 ἂν
1625 972 1692 1041 δι’
1725 989 1948 1046 ἐκείνων

371 1080 453 1148 ἐφ’
491 1078 634 1132 ἅπαν
691 1075 1120 1150 καταμερισθείη
1145 1080 1205 1132 τὸ
1233 1078 1390 1150 σῶμα
1431 1081 1463 1151 ἡ
1506 1078 1599 1132 τοῦ
1630 1065 1952 1152 βοηθοῦντος

372 1167 622 1238 δύναμις·
654 1166 795 1222 οὕτω
833 1168 928 1220 τοῦ
954 1167 1266 1234 διαλύοντος
1307 1169 1405 1242 τὴν
1434 1169 1594 1239 φύσιν
1631 1169 1788 1242 ἡμῶν
1817 1171 1954 1224 ἀπο-

371 1261 719 1331 γευσάμενοι,
755 1260 914 1314 πάλιν
947 1261 1243 1330 ἀναγκαῖον
1281 1261 1354 1324 ὡς
1385 1262 1478 1314 καὶ
1500 1261 1594 1314 τοῦ
1630 1262 1952 1330 συνάγοντος

371 1353 432 1406 τὸ
455 1352 834 1424 διαλελυμένον
872 1352 1244 1425 ὲπεδεήθημεν
1270 1370 1284 1385 °
1324 1353 1398 1418 ὡς
1446 1353 1511 1408 ἂν
1545 1356 1603 1407 ἐν
1634 1356 1766 1427 ἡμῖν
1796 1333 1948 1423 γενόέ

376 1461 532 1512 μενον
561 1443 620 1496 τὸ
643 1443 882 1497 τοιοῦτον
926 1444 1260 1517 ἁλεξιτήριον
1287 1444 1387 1518 τὴν
1431 1447 1848 1516 προεντεθεῖσαν
1874 1445 1952 1516 τῷ

373 1534 586 1606 σώματι
611 1533 705 1598 τοῦ
727 1535 1051 1608 δηλητηρίου
1093 1535 1295 1608 βλάϐην
1329 1536 1415 1592 διὰ
1447 1537 1545 1608 τῆς
1572 1537 1776 1600 οἰκείας
1806 1537 1952 1589 ἀντι·
2005 1588 2008 1590 ν

373 1626 599 1690 παθείας
631 1623 920 1680 ἀπώσοιτο.
952 1625 1017 1679 Τί
1049 1622 1141 1680 οὖν
1192 1627 1307 1679 ὲστι
1341 1626 1529 1692 τοῦτο;
1562 1623 1729 1693 Οὐδὲν
1767 1625 1952 1696 ἕτερον

372 1719 599 1790 ῆὲκεῖνο
618 1719 679 1774 τὸ
710 1718 890 1788 σῶμα,
914 1718 942 1774 ὃ
972 1717 1066 1771 τοῦ
1097 1736 1156 1771 τε
1179 1716 1410 1772 θανάτου
1440 1721 1686 1788 κρεῖττον
1718 1716 1948 1787 ἐδείχθη,
1999 1709 2002 1712 ’

2112 539 2348 625 Gregorii
2385 539 2580 614 ‘Nyssw
2631 543 2897 612 pontiﬁcis
2957 539 3029 593 ετ
3081 544 3317 597 oratione
3371 539 3611 597 clueo/tea

2114 624 2239 669 lica.
2301 625 2306 632 ’

2071 703 2248 770 *Quo'
2307 702 2468 756 modo
2546 701 2703 756 enim
2756 703 2848 771 qui
2921 713 3192 757 venenum
3255 711 3609 768 sumpserunt

2049 793 2172 847 dolo
2197 802 2249 848 et
2281 807 2348 848 ex
2373 791 2605 858 insidiis,
2656 792 2764 847 alio
2790 781 3190 847 medicamento
3249 791 3610 861 exslinguunt

2050 896 2155 949 vim
2197 909 2317 964 quae
2347 891 2502 947 ail'ert
2555 891 2831 945 interitum
2852 926 2867 951 ,
2906 889 3122 962 eporte't
3149 894 3326 941 autem
3360 885 3501 941 sicut
3523 900 3622 939 ex-

2051 970 2220 1049 iliale,
2247 987 2321 1041 ita
2375 984 2539 1039 etiam
2606 981 2847 1038 salutare
2899 979 3360 1033 medicamentum
3403 975 3620 1030 admitti

2052 1083 2194 1136 intra
2245 1077 2459 1149 viscera
2490 1072 2752 1137 hominis,
2797 1079 2854 1124 ιιι
2901 1084 2996 1140 per
3030 1068 3122 1123 illa
3157 1068 3522 1122 distribuatur
3563 1066 3621 1119 in

2053 1173 2368 1228 universum
2404 1180 2606 1236 corpus
2634 1161 2808 1217 virtus
2837 1161 2956 1231 ejus
2999 1157 3146 1230 quod
3194 1158 3299 1212 fert
3327 1171 3524 1227 opem:
3545 1159 3622 1210 ita

2050 1277 2176 1317 cum
2205 1259 2258 1315 id
2289 1256 2691 1330 gustaverimus
2719 1252 2867 1323 quod
2894 1258 3138 1306 nostram
3167 1248 3422 1305 dissolvit
3456 1256 3624 1302 natu-

2052 1369 2189 1416 ram,
2220 1365 2416 1406 rursus
2443 1361 2672 1402 necesse
2699 1355 2784 1400 est
2813 1353 2871 1399 ut
2892 1359 3030 1415 opus
3049 1343 3346 1398 habeamus
3375 1355 3441 1396 eo
3463 1339 3612 1410 quod

2051 1441 2198 1512 cogit
2233 1455 2295 1494 ac
2322 1437 2577 1494 conciliat
2602 1435 2655 1490 id
2690 1436 2833 1505 quod
2874 1443 2990 1490 erat
3018 1433 3371 1497 dissolutum,
3396 1440 3458 1485 ut
3486 1444 3616 1485 cum

2052 1534 2194 1587 intra
2229 1548 2327 1588 nos
2357 1532 2520 1587 fuerit
2547 1531 2649 1584 hoc
2667 1529 2906 1585 salutare
2919 1521 3619 1587 medicamentum,veneni

2051 1625 2334 1690 damnum,
2386 1623 2531 1694 quod
2555 1622 2771 1692 corpori
2803 1620 2980 1675 fuerat
3029 1616 3287 1680 inditum,
3344 1630 3442 1686 per
3487 1629 3621 1670 con-

2023 1703 2278 1784 trariam
2314 1715 2543 1784 repellat
2582 1711 2947 1766 affectionem.
3003 1706 3146 1774 Quid
3181 1707 3286 1761 hoc
3310 1720 3443 1774 ergo
3494 1713 3574 1760 est
3596 1704 3625 1758 2

376 1811 466 1878 καὶ
493 1809 590 1880 τῆς
620 1811 762 1881 ζωῆς
798 1799 955 1880 ἡμῶν
987 1810 1313 1885 κατήρξατο.
1346 1808 1614 1879 Καθάπερ
1640 1809 1748 1882 γὰρ
1778 1807 1951 1879 μικρά

2059 1805 2370 1860 Niltll'aliud
2405 1819 2567 1874 quam
2597 1802 2731 1856 illud
2765 1815 2989 1871 corpus,
3032 1797 3182 1865 quod
3215 1806 3270 1852 et
3311 1802 3490 1851 morte
3525 1808 3623 1850 os-

375 1897 542 1972 ζύμη,
600 1899 781 1964 καθώς
825 1917 988 1972 φησιν
1025 1903 1053 1954 ὁ
1103 1899 1442 1966 Ἀπόστολος,
1483 1899 1602 1955 ὅλον
1630 1900 1689 1952 τὺ
1725 1898 1951 1970 φύραμα

377 1991 508 2064 πρὸς
532 1992 729 2064 ἑαυτὴν
784 1991 1136 2064 συνεξομοιοῖ,
1182 1991 1356 2055 οὕτως
1395 1989 1456 2043 τὸ
1495 1989 1814 2044 θανατισθὲν
1848 1988 1954 2040 ὑπὸ

373 2085 466 2138 τοῦ
505 2081 640 2137 Θεοῦ
669 2083 827 2152 σῶμα
852 2083 910 2134 ὲν
936 2081 1014 2151 τῷ
1042 2083 1297 2152 ἡμετέρῳ
1334 2078 1645 2149 γενόμενον,
1675 2077 1794 2131 ὅλον
1816 2076 1954 2148 πρὸς

375 2173 534 2229 ἑαυτὸ
568 2177 852 2246 μεταποιεῖ
901 2173 994 2226 καὶ
1026 2171 1399 2244 μετατίθησιν.
1446 2171 1531 2234 Ὦς
1565 2170 1674 2240 γὰρ
1699 2167 1793 2222 τοῦ
1823 2167 1953 2238 φθο-

379 2265 594 2348 ροποιοῦ
660 2265 797 2332 πρὸς
853 2265 913 2317 τὸ
969 2265 1205 2336 ὑγιαῖνον
1253 2262 1661 2339 ἀναμιχθέντος,
1704 2260 1848 2313 ἅπαν
1892 2258 1952 2312 τὸ

375 2343 682 2428 ᾇιακραθὲν
737 2354 1168 2427 συνηχρείωται·
1227 2353 1398 2417 οὔτως
1449 2354 1545 2407 καὶ
1590 2351 1650 2406 τὸ
1687 2343 1953 2404 ἀθάνατον

378 2449 535 2520 σῶμα
600 2450 656 2501 ὲν
680 2447 757 2519 τῷ
789 2445 1104 2504 ἀναλαϐόντι
1151 2447 1281 2500 αὐτὸ
1325 2445 1634 2514 γενόμενον,
1684 2443 1817 2512 πρὸς
1855 2442 1954 2512 τὴν

377 2537 567 2592 ἑαυτοῦ
613 2537 773 2610 φύσιν
841 2538 936 2590 καὶ⁹
980 2536 1038 2589 τὸ
1071 2539 1177 2588 πᾶν
1220 2533 1594 2604 μετεποίησεν.
1623 2521 1804 2597 ”Αλλά
1849 2531 1954 2601 μὴν

377 2630 476 2684 οὐκ
501 2630 644 2682 ἐστιν
675 2629 848 2692 ἄλλως
872 2629 1020 2690 ἐντός
1044 2645 1096 2680 τι
1117 2627 1398 2695 γίγνεσθαι
1429 2623 1521 2688 τοῦ
1558 2623 1826 2693 σώματος,
1877 2621 1952 2692 μὴ

378 2720 466 2772 διὰ
496 2719 747 2794 βρώσεως
770 2719 864 2774 καὶ
891 2718 1100 2781 πόσεως
1129 2721 1238 2782 τοῖς
1267 2716 1591 2786 σπλάγχνοις
1619 2700 1954 2782 καταμιγνύέ

383 2829 562 2884 μενον.
600 2811 809 2864 Οὐκοῦν
838 2809 1145 2888 ἐπάναγκες
1168 2811 1310 2866 κατὰ
1327 2808 1418 2861 τὸν
1447 2805 1667 2860 δυνατὸν
1701 2808 1767 2876 τῇ
1799 2805 1956 2873 φύσει

379 2901 578 2972 τρόπον
594 2901 691 2973 τὴν
708 2899 967 2966 ζωοποιὸν
988 2882 1212 2972 δύναμιν
1229 2896 1322 2949 τοῦ
1338 2895 1654 2966 Πνεύματος
1682 2882 1952 2958 δέξασθαι.

384 2993 557 3047 Μόνον
585 2991 640 3045 δὲ
662 2990 755 3047 τοῦ
787 2986 1047 3062 Θεοδὸχου
1068 2988 1318 3060 σώματος
1348 2987 1557 3042 ἐκείνου
1579 2987 1780 3058 ταύτην
1807 2986 1957 3049 δεξα-

388 3081 549 3152 μένου
579 3081 676 3151 τὴν
715 3083 893 3152 χάριν,
917 3080 1091 3144 άλλως
1119 3079 1175 3133 δὲ
1201 3079 1499 3150 δειχθέντος
1533 3079 1606 3150 μὴ
1639 3073 1774 3131 εἶναι
1801 3077 1958 3130 δυνα-

2052 1905 2266 1951 tensum
2309 1895 2410 1950 fuit
2440 1909 2563 1950 esse
2609 1892 2911 1963 potentius;
2973 1898 3028 1948 et
3085 1897 3290 1946 nostrai
3342 1890 3469 1942 vita:
3519 1885 3626 1940 fuit

2053 1979 2292 2040 initium.
2323 1984 2608 2051 Quomodo
2638 1985 2784 2054 enim
2815 1998 3005 2053 parum
3047 1980 3327 2043 iermenti,
3387 1985 3448 2033 ut
3489 1978 3626 2033 dicit

2051 2075 2346 2145 Apostolus
2371 2075 2413 2134 ¹,
2449 2073 2553 2129 sibi
2571 2072 2839 2128 assimilat
2856 2077 3027 2127 totam
3049 2069 3522 2140 eonspersionem,
3547 2069 3623 2123 ita

2055 2182 2253 2236 corpus
2279 2179 2308 2218 a
2340 2162 2448 2219 Deo
2471 2172 2644 2216 tnorte
2678 2161 2932 2216 affectum
2974 2175 3099 2215 eum
3139 2157 3307 2214 fuerit
3347 2159 3493 2213 intra
3525 2173 3627 2212 no-

2059 2267 2257 2319 strum,
2287 2262 2461 2307 totum
2489 2251 2558 2307 ad
2582 2265 2641 2307 se
2672 2255 3006 2305 transmutat
3049 2258 3100 2304 et
3131 2247 3418 2304 transfert.
3467 2247 3619 2314 Quo-

2058 2347 2220 2402 modo
2257 2341 2402 2400 enim
2428 2359 2550 2400 cum
2588 2342 2734 2413 quod
2762 2349 2846 2397 est
2875 2340 3119 2404 exitiale,
3170 2340 3393 2395 mistum
3446 2335 3622 2393 "fuerit

2056 2445 2180 2493 eum
2241 2452 2398 2502 sano,
2465 2435 2726 2504 quidquid
2785 2440 2868 2487 est
2926 2440 3414 2500 contemperatum,
3462 2429 3628 2484 simul

2057 2525 2306 2583 redditur
2338 2523 2557 2591 inutile,
2589 2522 2663 2575 ita
2695 2522 2858 2575 etiam
2903 2534 3106 2589 corpus
3155 2516 3467 2571 immortale
3491 2528 3620 2569 cum

2057 2615 2221 2671 fuerit
2251 2613 2392 2668 intra
2423 2625 2548 2667 eum
2602 2610 2694 2680 qui
2731 2609 2988 2678 sumpsit,
3039 2607 3356 2661 universum
3401 2617 3623 2674 quoque

2058 2714 2390 2763 transmutat
2439 2706 2491 2760 in
2526 2718 2681 2758 suam
2715 2709 2992 2756 naturam.
3059 2697 3167 2754 Sed
3224 2698 3346 2752 ﬁeri
3381 2711 3490 2751 non
3529 2711 3628 2765 po—

2056 2805 2167 2853 test
2199 2806 2259 2851 ut
2305 2796 2379 2851 sit
2426 2792 2634 2862 aliquid
2684 2791 2844 2845 aliter
2897 2790 3039 2843 intra
3091 2800 3314 2858 corpus,
3366 2786 3480 2840 nisi
3534 2799 3631 2854 per

2057 2904 2210 2944 esum
2255 2895 2311 2943 et
2345 2885 2622 2958 potionem
2675 2883 2975 2937 misceatur
3026 2880 3352 2935 visceribus.
3392 2877 3631 2933 Necesse

2058 2991 2140 3036 est
2164 2995 2315 3050 ergo,
2346 2961 2411 3033 eo
2448 2976 2609 3030 modo
2641 2973 2750 3044 quo
2784 2981 2981 3028 natura
3026 2978 3228 3041 potest,
3257 2967 3497 3039 Spiritus
3543 2971 3631 3022 vlo

2058 3073 2271 3126 vincam
2320 3066 2602 3136 suscipere
2651 3065 2928 3118 virtutem.
2968 3060 3106 3114 Cum
3139 3066 3320 3112 autem
3350 3058 3528 3113 solum
3565 3055 3632 3109 il-

384 3141 473 3224 τὺν
493 3176 549 3226 ὲν
574 3141 841 3243 ἀθανασίᾳ
884 3141 1146 3239 γενέσθαι
1198 3171 1259 3224 τὸ
1283 3141 1573 3241 ἠμέτερον
1595 3141 1777 3239 σῶμα,
1803 3168 1851 3220 εἰ
1883 3166 1957 3238 μὴ

2061 3163 2152 3218 iud
2187 3175 2388 3229 corpus
2435 3155 2578 3230 quod
2642 3155 2809 3210 Deum
2869 3149 3132 3219 suscepit,
3185 3150 3328 3202 hanc
3392 3147 3628 3216 grati-am

384 3262 470 3314 διὰ
491 3266 588 3333 τῆς
617 3262 753 3332 πρὸς
777 3265 835 3315 τὸ
867 3261 1132 3318 ἀθάνατον
1164 3260 1444 3324 κοινωνίας
1476 3261 1534 3314 ὲν
1576 3258 1833 3330 μετουσίᾳ
1860 3262 1958 3329 τῆς

388 3354 692 3426 ἀφθαρσίας
713 3355 1001 3424 γενόμενον
1023 3370 1035 3383 ’
1077 3352 1345 3424 σκοπῆσαι
1374 3353 1659 3422 προσήκει,
1698 3350 1812 3413 πῶς
1840 3347 1962 3418 ἐγέ-

387 3463 505 3499 νετο
530 3447 750 3500 δυνατὸν
808 3446 866 3500 τὸ
915 3446 971 3499 ἓν
1007 3447 1180 3499 ἐκεῖνο
1209 3446 1365 3515 σῶμα
1389 3445 1505 3507 ταῖς
1531 3447 1817 3505 τοσαύταις
1852 3439 1959 3494 τῶν

387 3538 587 3594 πιστῶν
631 3539 853 3609 μυριάσι
887 3537 1026 3592 κατὰ
1063 3539 1240 3591 πᾶσαν
1284 3537 1378 3609 τὴν
1416 3534 1741 3605 οἰκουμένην
1787 3529 1959 3596 εἱσαελ⁸

384 3625 896 3702 καταμεριζόμενον,
933 3629 1050 3682 ὅλον
1084 3631 1142 3682 ὲν
1171 3630 1382 3699 ἑκάστῳ
1414 3625 1607 3684 διάτοῦ
1639 3625 1841 3696 ’μέρους
1869 3639 1961 3690 γε-

383 3721 589 3781 νέσθαι,
618 3723 710 3775 καὶ
761 3722 891 3774 αὐτὸ
935 3722 1112 3791 μένειν
1140 3722 1222 3790 ἐφ’
1253 3719 1443 3774 ἑαυτοῦ
1475 3719 1613 3772 ὅλον.
1647 3703 1854 3770 ὒύκοῦν
1885 3717 1961 3778 ὡς

386 3811 452 3865 ἂν
501 3813 634 3884 πρὸς
689 3812 750 3863 τὸ
781 3810 1068 3865 ἀκόλουθον
1103 3813 1230 3884 ἡμῖν
1260 3799 1496 3880 πίστις
1525 3808 1814 3879 βλέπουσα,
1853 3793 1962 3880 μηέ

385 3902 573 3974 δεμίαν
630 3901 958 3972 ἀμφιϐολίαν
999 3901 1128 3974 περὶ
1169 3899 1262 3953 τοῦ
1306 3897 1664 3971 προκειμένου
1693 3899 1963 3968 νοήματος

385 3996 518 4066 ἔχοι,
554 3994 745 4065 μικρόν
778 4012 828 4047 τι
849 3995 1116 4064 προσήκει
1146 3989 1558 4062 παρασχολῆσαι
1587 3989 1677 4040 τὸν
1705 3988 1861 4056 λόγον
1883 3989 1962 4050 είς

383 4076 483 4156 τὴν
512 4083 854 4153 φυσιολογίαν
893 4082 986 4136 τοῦ
1031 4081 1301 4154 σώματος.
1332 4081 1425 4144 Τίς
1453 4081 1558 4152 γὰρ
1590 4081 1689 4133 οὑκ
1720 4077 1858 4134 οἶδεν
1881 4079 1961 4132 ὅτι

386 4179 420 4248 ἡ
449 4175 538 4231 τοῦ
569 4175 817 4246 σώματος
849 4175 1005 4248 ἡμῶν
1025 4174 1184 4246 φύσις
1217 4171 1354 4244 αὐτὴ
1390 4172 1510 4228 καθ’
1547 4172 1744 4244 ἑαυτὴν
1776 4173 1831 4225 ὲν
1859 4169 1964 4248 ἰδίᾳ

386 4267 490 4320 τινι
531 4265 824 4321 ὑποστάσει
863 4263 1004 4336 ζωὴν
1061 4266 1160 4318 οὐκ
1201 4264 1348 4335 ἔχει’
1391 4264 1524 4317 ἀλλὰ
1550 4263 1635 4318 διὰ
1677 4266 1774 4336 τῆς
1806 4264 1964 4335 ἑπιρ-

389 4357 617 4429 ρεούσης
645 4359 779 4428 αὐτῇ
831 4357 1112 4428 δυνάμεως
1140 4357 1348 4427 συνέχει
1375 4373 1433 4408 τε
1463 4356 1660 4426 ἑαυτὴν
1684 4357 1778 4409 καὶ
1808 4357 1865 4408 ἐν
1887 4354 1965 4428 τῷ

2061 3254 2353 3325 arceperit,
2429 3245 2725 3304 ostensum
2770 3244 2842 3300 sit
2895 3251 3081 3297 autem
3124 3241 3286 3294 aliter
3335 3239 3454 3294 ﬁeri
3517 3252 3628 3292 non

2061 3355 2240 3418 posse,
2309 3349 2370 3396 ut
2409 3347 2660 3394 nostrum
2719 3335 2917 3405 corpus
2965 3334 3035 3386 sit
3092 3333 3148 3385 in
3191 3327 3628 3391 immortalitate,

2062 3440 2163 3494 nisi
2201 3451 2296 3508 per
2324 3431 2764 3489 communionem
2811 3442 2934 3480 cum
2980 3422 3269 3478 immortali
3311 3421 3514 3475 factum
3559 3419 3633 3474 sit

2063 3531 2331 3602 particeps
2351 3516 2783 3590 incorruptionis
2808 3536 2821 3574 :
2854 3524 3066 3586 Oportet
3089 3513 3470 3578 considerare,
3490 3522 3635 3580 que-

2065 3598 2227 3675 modo
2273 3618 2389 3672 fieri
2429 3611 2704 3685 potuerit,
2748 3619 2804 3664 ut
2850 3621 3020 3662 unum
3058 3604 3191 3660 illud
3223 3616 3455 3672 corpus,
3490 3598 3636 3670 quod

2066 3717 2174 3764 tam
2209 3707 2395 3763 multis
2417 3705 2662 3760 'lldelium
2708 3699 2952 3756 millibus
2994 3698 3050 3751 in
3083 3697 3341 3750 universo
3371 3692 3504 3748 orbe
3533 3700 3641 3746 teri-

2065 3815 2247 3856 rarum
2281 3809 2492 3865 semper
2536 3791 2902 3853 distribuitur,
2952 3795 3124 3841 totum
3166 3799 3264 3853 per
3309 3789 3517 3853 partem
3567 3781 3640 3835 sit

2065 3894 2120 3947 in
2161 3899 2524 3958 unoquoque,
2569 3891 2623 3938 et
2663 3883 2842 3951 ipsum
2885 3879 2938 3932 in
2978 3881 3239 3933 aetatum
3290 3877 3528 3926 maneat.
3567 3867 3639 3924 Ut

2068 3988 2198 4056 ergo
2230 3983 2361 4038 ﬁdes
2405 3980 2474 4034 ad
2518 3979 2572 4033 id
2619 3976 2772 4047 quod
2818 3981 2904 4028 est
2945 3984 3290 4041 consequens
3339 3965 3636 4036 aspiciens,

2067 4077 2133 4131 de
2179 4088 2344 4130 sensu
2389 4067 2674 4141 proposito
2723 4063 2928 4118 nullam
2975 4061 3172 4115 habeat
3209 4057 3637 4119 dubitationem,

2064 4163 2278 4236 oportet
2310 4165 2554 4215 nostrain
2591 4156 2893 4211 orationem
2940 4150 3218 4221 paulisper
3256 4145 3536 4202 inmorari
3583 4145 3642 4200 in

2068 4253 2302 4310 naturali
2333 4247 2580 4319 corporis
2619 4245 3073 4300 consideratione.
3107 4239 3244 4306 Quis
3269 4239 3420 4294 enim
3464 4236 3642 4293 nescit

2069 4346 2214 4418 quod
2259 4339 2446 4398 nostri
2529 4335 2778 4408 corporis
2833 4343 3026 4390 natura
3097 4334 3216 4404 ipsa
3265 4345 3363 4403 per
3413 4345 3474 4385 se
3509 4343 3640 4382 non

388 4445 525 4505 εἶναι
557 4449 726 4520 μένει,
751 4449 1013 4522 ἀπαύστῳ
1035 4451 1240 4520 κινήσει
1260 4449 1319 4501 τὸ
1343 4447 1586 4502 ἐλλεῖπον
1614 4445 1746 4518 πρὸς
1769 4445 1961 4518 ἑαυτὴν

2074 4437 2235 4493 habet
2272 4436 2438 4487 vitam
2476 4432 2546 4485 in‘
2574 4429 2808 4500 quadam
2847 4426 3067 4497 propria
3110 4424 3357 4494 corporis
3387 4423 3642 4477 substan-

389 4539 745 4611 ἐφελκομένη,
801 4542 894 4594 καὶ
946 4541 1005 4594 τὺ
1063 4540 1378 4611 περιττεῦον
1438 4536 1963 4608 ἁπωθουμένηςΚαὶ

392 4625 577 4706 ὥσπερ
609 4649 692 4696 τις
722 4633 888 4696 ἀσκὸς
911 4632 1076 4704 ὑγροῦ
1105 4649 1246 4698 τινος
1279 4632 1490 4704 πλήρης
1511 4629 1614 4696 ὢν,
1642 4631 1690 4683 εί
1717 4628 1854 4682 κατὰ
1873 4627 1966 4682 τὸν

389 4732 638 4802 πυθμένα
691 4729 752 4784 τὸ
797 4727 1111 4800 ἐγκείμενον
1139 4725 1366 4792 ύπεξίοι,
1395 4726 1495 4780 οὐκ
1523 4724 1588 4778 ἂν
1621 4720 1879 4792 φυλάσσοι
1906 4717 1967 4768 τὸ

390 4827 516 4895 περὶ
542 4825 632 4879 τὸν
657 4824 819 4892 δγκον
847 4820 1036 4876 ἑαυτοῦ
1059 4820 1263 4888 σχῆμα,
1287 4818 1360 4889 μὴ
1383 4815 1741 4875 ἀντεισιὸντος
1765 4808 1967 4863 ἄνωθεν

388 4919 578 4989 ἑτέρου
633 4919 772 4989 πρὸς
819 4916 879 4970 τὸ
933 4911 1256 4983 κενούμενον
1280 4925 1294 4940 ⁸
1338 4908 1478 4962 ὥστε
1513 4905 1603 4974 τὸν
1639 4904 1850 4976 δρῶντα
1870 4899 1968 4971 τὴν

389 5010 601 5081 ὀγκώδη
618 5008 712 5063 τοῦ
735 5007 960 5077 ’ἀγγείου
990 4991 1177 5058 τούτου
1200 4998 1476 5071 περιοχὴν,
1507 4998 1701 5052 εἰδέναι
1725 4994 1800 5066 μὴ
1835 4993 1969 5045 ἰδίαν

388 5099 530 5156 εἶναι
560 5101 653 5155 τοῦ
677 5099 998 5170 φαινομένου
1024 5113 1036 5126 ι
1060 5093 1194 5148 ἀλλὰ
1231 5091 1293 5145 τὸ
1332 5089 1539 5160 εἰσρέον
1569 5089 1624 5140 ὲν
1658 5084 1805 5153 αὐτῷ
1827 5081 1968 5150 γινό-

395 5209 555 5261 μενον
595 5190 946 5264 σχηματίζειν
985 5185 1046 5240 τὸ
1082 5183 1333 5254 περιέχον
1367 5181 1453 5235 τὸν
1486 5179 1670 5250 ὄγκον·
1710 5173 1854 5230 οὕτω
1877 5173 1970 5227 καὶ

393 5287 426 5354 ἡ
447 5284 542 5338 τοῦ
590 5283 838 5353 σώματος
895 5279 1050 5351 ἡμῶν
1082 5273 1393 5344 κατασκευὴ
1424 5271 1552 5325 ἴδιον
1581 5269 1679 5346 μὲν
1712 5267 1848 5340 πρὸς
1876 5265 1971 5336 τὴν

393 5378 592 5447 ἑαυτῆς
613 5363 870 5440 σύστασιν
889 5371 1039 5428 οὐδὲν
1068 5371 1195 5440 ἡμῖν
1218 5365 1490 5438 γνώριμον
1517 5361 1650 5432 ἔχει,
1666 5360 1765 5416 ,διὰ
1797 5358 1853 5432 δὲ
1874 5356 1974 5431 τῆς

393 5466 826 5537 ἐπεισαγομένης
881 5463 1182 5533 δυνάμεως,
1225 5461 1281 5518 ἐν
1328 5456 1403 5529 τῷ
1437 5452 1576 5528 εἶναι
1620 5454 1790 5525 μένει.
1827 5451 1889 5502 Ἠ
1918 5448 1974 5502 δὲ

393 5559 620 5628 δύναμις
649 5555 787 5627 αῦτη
821 5555 992 5627 τροφὴ
1022 5552 1115 5608 καὶ
1142 5540 1370 5610 ἐστικαὶ
1383 5547 1618 5628 λέγεται.
1656 5542 1776 5616 Ἔτι
1799 5542 1855 5594 δὲ
1880 5539 1975 5609 οὐχ

369 5651 426 5716 ,ὴ
463 5648 598 5716 αὐτὴ
621 5649 758 5704 πᾶσι
790 5625 898 5710 toi;
929 5625 1278 5716 τρεφομένοις
1305 5625 1539 5710 σώμασι,
1569 5635 1705 5692 ἀλλά
1741 5651 1822 5697 τις
1846 5631 1976 5685 ἐκά-

400 5752 505 5802 στῳ
551 5739 883 5808 κατάλληλος
925 5735 1075 5807 παρὰ
1122 5733 1213 5788 τοῦ
1256 5733 1353 5801 τὴν
1385 5725 1542 5801 φύσέν
1570 5724 1976 5797 οἰκονομοῦντος

490 5879 503 5905 ¹
541 5874 557 5926 l
594 5873 699 5925 Cor
751 5890 800 5937 ι’,
846 5872 897 5924 6.

2072 4534 2142 4586 tia
2171 4575 2186 4598 ,
2247 4523 2348 4585 sed
2393 4542 2489 4599 per
2557 4523 2847 4594 quamdam
2912 4520 3219 4574 afﬂuentem
3274 4517 3331 4572 ei
3382 4515 3642 4570 virtutem

2069 4631 2122 4678 ct
2158 4623 2394 4693 seipsam
2434 4620 2710 4676 continet.
2742 4622 2794 4668 et
2827 4624 3007 4667 manet
3040 4613 3096 4666 in
3128 4599 3369 4667 essentia
3391 4649 3405 4669 ,
3449 4607 3645 4678 perpe-

2063 4723 2155 4770 tua
2183 4711 2424 4768 motione
2454 4707 2520 4762 ad
2552 4719 2611 4760 se
2641 4701 2923 4757 attrahens
2955 4698 3009 4751 id
3055 4694 3202 4765 quod
3243 4693 3436 4756 deest,
3469 4698 3525 4748 et
3555 4704 3643 4745 re-

2064 4809 2270 4880 pellens
2319 4804 2369 4857 id
2402 4800 2545 4870 quod
2592 4803 2676 4852 est
2709 4787 3210 4863 supervacaneum?
3252 4785 3320 4842 Et
3363 4783 3646 4851 quomodo

2066 4874 2187 4954 uter
2212 4893 2413 4965 aliquis
2440 4891 2622 4959 aliquo
2643 4888 2872 4940 humore
2891 4881 3108 4951 plenus,
3135 4877 3252 4933 siin
3269 4874 3442 4930 fundo
3469 4878 3641 4927 exeat

2067 4991 2119 5046 id
2163 4986 2306 5060 quod
2353 4985 2408 5037 in
2447 4997 2512 5036 eo
2555 4987 2641 5046 est
2674 4977 2948 5047 positum,
2987 4972 3041 5027 in
3073 4967 3645 5042 magnitudinesuam

2069 5055 2194 5134 non
2213 5073 2512 5132 servaverit
2543 5071 2770 5141 ﬁguram
2791 5109 2806 5132 ,
2846 5065 2952 5121 nisi
2997 5077 3240 5134 superne
3269 5075 3371 5130 pro
3395 5074 3462 5126 eo
3499 5055 3649 5128 quod

2069 5173 2203 5227 exiit
2231 5165 2569 5239 ingrediatur
2600 5161 2746 5216 aliud
2777 5159 2845 5213 ad
2878 5157 2932 5212 id
2959 5155 3102 5227 quod
3128 5154 3440 5211 exinanitur
3466 5169 3480 5204 :
3511 5149 3649 5204 adeo

2071 5270 2131 5317 ιιι
2182 5259 2275 5330 qui
2324 5255 2473 5311 videt
2520 5249 2895 5325 magnitudine
2945 5242 3453 5311 distentumitujus
3498 5241 3650 5295 vasis

2072 5352 2336 5408 ambitum
2357 5387 2371 5411 ,
2402 5347 2541 5402 sciat
2571 5359 2694 5400 eum
2725 5357 2832 5396 non
2875 5354 3000 5397 esse
3037 5336 3321 5408 propr-ium
3347 5331 3470 5401 ejus
3503 5330 3650 5400 quod

2075 5449 2298 5514 apparet
2329 5447 2348 5509 ,'
2374 5440 2468 5494 sed
2497 5438 2549 5493 id
2580 5435 2724 5508 quod
2752 5433 2964 5499 inﬂuit,
2994 5445 3118 5486 cum
3151 5429 3204 5482 in
3235 5442 3301 5481 eo
3331 5423 3496 5479 fuerit
3521 5422 3656 5492 ligu-

2056 5531 2196 5590 'rare
2251 5531 2307 5587 id
2365 5529 2508 5603 quod
2553 5527 2792 5584 continet
2842 5520 3317 5593 magnitudinem:
3351 5517 3425 5570 ita
3463 5515 3653 5570 etiam

2077 5627 2325 5694 corporis
2375 5622 2547 5678 nostri
2599 5617 2938 5676 constructio
2998 5612 3132 5667 nihil
3207 5608 3429 5678 quidem
3487 5607 3653 5661 habet

2049 5719 2359 5791 proprium
2395 5715 2556 5771 nobis
2588 5712 2865 5782 cognitum
2917 5705 2986 5762 ad
3035 5706 3121 5761 sui
3163 5699 3651 5761 constitutionem,
