4044 6290
461 351 598 418 1283

1736 346 2119 408 EUTHYMII
2160 344 2522 407 ZZGABENI

3586 342 3727 410 12ιί4

461 503 554 556 per
583 502 704 542 eam
742 498 924 543 autem
957 466 1078 558 quia
1116 486 1505 542 intromittitur
1545 487 1807 543 virtutem
1851 500 2028 544 manet

2137 491 2608 562 ἀποκεκλήριιηαι.
2644 491 2728 547 Τὰ
2757 492 2855 564 μὲν
2876 492 2987 566 γὰρ
3010 487 3123 543 τῶν
3140 487 3295 553 ζώων
3314 491 3724 567 ριζιιῳυχοῦντα

458 582 511 634 in
543 580 804 636 essentia.
855 580 928 633 Ea
970 588 1151 634 autem
1182 580 1358 634 virtus
1388 580 1705 635 alimentum
1749 587 1803 635 et
1855 589 1941 636 est
1984 591 2038 637 et

456 673 678 728 dicitur.
709 672 976 727 Praeterea
1023 679 1206 725 autem
1258 687 1366 726 non
1409 672 1549 727 idem
1598 672 1859 729 omnibus
1912 690 2036 745 qua:

455 762 678 815 aluntur
707 761 1069 830 corporibus,
1112 762 1206 816 sed
1247 762 1520 831 quoddam
1564 762 1863 832 unicuique
1900 778 2033 820 con-

455 866 658 921 gruens
685 852 1007 920 attributum
1036 860 1121 907 est
1147 853 1214 906 ab
1241 868 1308 906 eo
1336 851 1430 922 qui
1462 863 1712 907 naturam
1742 853 2028 924 dispensat

455 955 508 998 et
540 944 911 998 administrat.
960 942 1093 998 Nam
1125 945 1231 998 alia
1266 946 1482 1015 quidem
1516 945 1771 999 animalia
1806 946 2029 1002 aluntur

455 1035 670 1093 eﬁ'ossis
697 1037 978 1092 radicibus
1005 1055 1022 1104 ;
1059 1037 1380 1092 aliaautem
1416 1038 1641 1092 aluntur
1674 1038 1859 1094 herbis
1886 1055 1901 1103 ;
1932 1039 2030 1093 ali—

453 1144 683 1197 quorum
714 1138 909 1183 autem
953 1128 1351 1184 nutrimentum
1387 1136 1514 1182 sunt
1547 1143 1763 1184 carnes.
1811 1126 2031 1182 Homini

453 1229 632 1273 autem
664 1220 936 1289 praecipue
956 1226 1048 1274 est
1083 1221 1240 1288 panis
1260 1260 1275 1285 ,
1308 1226 1361 1274 et
1391 1219 1458 1273 ad
1490 1219 1737 1275 humoris
1765 1218 2030 1289 perdura-

452 1309 655 1364 tionem
702 1318 753 1363 et
804 1310 1278 1365 conservationem
1316 1320 1527 1380 .potus,
1577 1325 1687 1366 non
1740 1310 1857 1380 ipsa
1913 1310 2030 1365 sola

452 1414 622 1470 aqua,
665 1402 760 1456 sed
790 1402 919 1456 vino
951 1418 1093 1472 saepe
1132 1403 1393 1470 condita,
1435 1404 1502 1458 ad
1546 1418 1703 1475 Opem
1748 1401 2026 1467 ferendam

453 1490 668 1546 interno
713 1498 903 1546 nostro
950 1491 1141 1546 calori.
1172 1490 1275 1558 Qui
1303 1508 1433 1561 ergo
1462 1494 1530 1548 ad
1574 1508 1637 1549 ea
1670 1492 1898 1562 aspicit,
1930 1505 2027 1561 po-

2134 580 2396 651 τρέφεται
2419 598 2434 612 ⁸
2482 581 2691 653 ἑτέροις
2717 583 2866 636 ἐστὶν
2898 586 2931 654 ἡ
2976 584 3083 637 πόα
3134 583 3399 654 τρόφιμος
3425 600 3441 616 ο
3477 581 3639 635 τινῶν
3662 582 3724 635 δὲ

2138 674 2173 743 ή
2204 673 2378 743 τροφὴ
2411 674 2610 745 σάρκες
2658 673 2817 728 εἰσιν.
2858 673 3155 746 ’Δνθρώπῳ
3187 674 3243 727 δὲ
3282 673 3422 728 κατὰ
3453 673 3515 726 τὸ
3552 689 3725 743 προην

2132 763 2395 834 γούμενον
2423 765 2604 836 ἄρτος,
2645 764 2738 817 καὶ
2775 768 2854 828 εἰς
2880 766 2977 836 τὴν
3010 766 3107 820 τοῦ
3139 765 3306 837 ὑγροῦ
3345 764 3605 837 διαμονὴν
3626 766 3725 820 καὶ

2135 853 2463 927 ᾶυντήρησιν
2513 856 2672 909 ποτὸν
2700 857 2930 926 γίνεται,
2963 858 3063 911 οὐκ
3089 856 3217 911 αὐτὸ
3255 858 3415 926 μόνον
3465 857 3526 910 τὸ
3554 856 3723 927 ὓδωρ,

2132 943 2249 996 ἀλλ’
2276 942 2405 1014 οἴνῳ
2433 942 2689 1007 πολλάκις
2728 943 3144 1015 ὲφηδυνόμενον,
3179 942 3313 1014 πρὸς
3336 941 3435 1013 τὴν
3460 940 3554 995 τοῦ
3596 941 3724 1011 0w—

2137 1035 2237 1106 μοῦ
2264 1032 2357 1089 τοῦ
2386 1036 2446 1088 ὲν
2477 1036 2607 1106 ἡμῖν
2666 1036 3001 1106 συμμαχίαν.
3038 1033 3246 1088 Οὐκοῦν
3283 1034 3311 1086 6
3364 1032 3502 1104 πρὸς
3544 1031 3723 1085 ταῦτα

2137 1125 2370 1196 βλέπων,
2400 1125 2626 1196 δυνάμει
2652 1126 2790 1197 πρὸς
2816 1126 2907 1178 τὸν
2927 1124 3088 1195 ὄγκον
3108 1123 3201 1178 τοῦ
3230 1122 3498 1194 ἡμετέρου
3531 1121 3723 1194 σώμαο

2134 1234 2224 1280 τος
2247 1215 2454 1286 βλέπει.
2497 1216 2585 1269 Ἐν
2632 1216 2755 1286 ἐμοὶ
2791 1214 2899 1287 γὰρ
2943 1217 3127 1269 ἐκεῖνα
3160 1216 3425 1285 γενόμενα
3455 1208 3593 1284 αἷμα
3620 1211 3725 1267 καὶ

2133 1307 2293 1373 σῶμα
2327 1307 2538 1375 γίνεται
2571 1306 2943 1377 καταλλήλως,
2972 1307 3058 1359 διὰ
3089 1310 3187 1378 τῆς
3226 1304 3581 1375 ἀλλοιωτικῆς
3621 1304 3722 1356 δυ-

2131 1399 2346 1469 νάμεως
2375 1398 2510 1469 πρὸς
2540 1397 2600 1451 τὸ
2629 1396 2720 1451 τοῦ
2754 1396 3005 1467 σώματος
3034 1393 3172 1461 εῐδος
3198 1399 3297 1469 τῆς
3329 1396 3535 1468 τροφῆς
3559 1394 3721 1451 καθι-

2127 1486 2423 1559 παμένης.

452 1588 648 1638 testate
693 1583 891 1650 aspicit
938 1582 1004 1636 ad
1056 1582 1306 1653 corporis
1347 1583 1522 1638 nostri
1562 1582 2028 1654 magnitudinem.
2068 1575 2204 1631 Nam
2241 1593 2364 1631 cum
2399 1577 2491 1632 illa
2520 1577 2579 1632 in
2612 1593 2703 1633 me
2735 1576 2969 1643 fuerint,
3037 1574 3175 1631 fiunt
3242 1576 3468 1649 sanguis
3497 1580 3551 1631 et
3592 1588 3722 1630 cor-

453 1689 589 1743 pus,
634 1676 971 1729 nutrimento
1022 1691 1118 1745 per
1166 1677 1272 1731 vim
1322 1677 1591 1733 alterandi
1649 1683 2017 1749 congruenter
2053 1672 2273 1729 redacto
2302 1673 2632 1728 ad‘formam
2662 1676 2933 1745 corporis.

520 1766 618 1820 liis
643 1782 673 1820 a
704 1768 863 1822 nobis
890 1768 993 1823 hoc
1024 1770 1185 1824 modo
1209 1768 1485 1824 distinctis
1513 1783 1577 1823 ac
1603 1769 1895 1824 declaratis
1915 1807 1929 1832 ,
1957 1768 2023 1823 ad

450 1874 512 1913 ea
558 1875 681 1930 quae
728 1868 858 1915 sunt
907 1862 1223 1931 proposita,
1269 1861 1575 1916 revocanda
1621 1868 1704 1915 est
1744 1860 2023 1931 cogitatio.

450 1950 810 2016 Quaerebatur
835 1952 978 2004 enim
1017 1951 1478 2020 quemadmodum
1509 1951 1655 2020 quod
1695 1958 1779 2006 est
1833 1951 1889 2005 in
1930 1951 2025 2006 illo

449 2054 653 2109 corpus
676 2038 913 2105 Christi,
932 2040 1171 2095 viviﬁcat
1193 2056 1408 2096 omnem
1433 2041 1715 2095 hominum
1736 2049 1985 2096 naturam
2004 2081 2020 2107 ,

449 2128 504 2180 in
548 2129 749 2197 quibus
797 2136 881 2183 est
923 2128 1090 2191 ﬁdes,
1136 2130 1393 2185 omnibus
1436 2130 1828 2193 distributum,
1860 2140 1914 2185 et
1940 2130 2023 2201 ip-

449 2233 569 2272 sum
604 2219 827 2274 minime
854 2219 1201 2274 diminutum.
1238 2219 1494 2275 Fortasse
1522 2236 1653 2291 ergo
1683 2238 1789 2275 non
1834 2223 2026 2291 procul

452 2311 716 2365 absumus
753 2325 782 2364 a
825 2311 1092 2379 probabili
1125 2312 1359 2366 ratione.
1384 2311 1518 2365 Nam
1548 2312 1592 2366 si
1630 2313 1874 2381 cujusvis
1913 2328 2029 2368 cor-

450 2402 600 2469 poris
626 2401 986 2457 subsistentia
1012 2403 1371 2465 nutrimento,
1394 2404 1654 2456 nimirum
1680 2404 1806 2458 cibo
1825 2412 1877 2458 et
1899 2413 2025 2474 potu

450 2499 701 2555 constet,
736 2493 808 2549 sit
836 2501 1017 2547 autem
1051 2493 1210 2548 cibus
1245 2494 1334 2548 ille
1362 2494 1554 2562 panis,
1590 2504 1859 2564 potusque
1887 2510 2026 2566 aqua

450 2581 578 2635 vino
616 2582 962 2647 exhilarata;
1010 2582 1103 2636 Dei
1148 2591 1328 2637 autem
1376 2582 1652 2650 Verbum,
1690 2585 1834 2640 sicut
1874 2586 2027 2655 prius

448 2681 534 2727 est
560 2673 845 2727 deﬁnitum
867 2713 882 2737 ,
916 2673 1062 2743 quod
1101 2682 1185 2729 est
1226 2674 1370 2731 Deus
1396 2685 1452 2731 et
1479 2674 1715 2731 Verbum
1736 2718 1751 2744 ,
1788 2679 2026 2733 humana

450 2775 534 2819 εει
565 2774 757 2818 natura
788 2775 1256 2833 contemperatum
1282 2783 1299 2832 ς
1326 2774 1383 2820 et
1413 2780 1538 2820 cum
1570 2778 1720 2823 esset
1751 2768 1806 2822 in
1837 2778 2027 2824 DOSU‘O

2203 1764 2419 1817 Τούτων
2456 1767 2590 1836 ἡμῖν
2632 1764 2819 1819 τοῦτον
2862 1764 3343 1839 διευκρινηθὲντων
3372 1764 3465 1818 τὸν
3496 1762 3722 1835 τρόπον.

2061 1820 2101 1875 Β
2133 1820 2656 1910 ὲπανακτέονιπάλιν
2684 1857 2820 1929 πρὸς
2858 1856 2925 1911 τὰ
2964 1820 3296 1930 προκείμενα
3327 1856 3425 1928 τὴν

2143 1945 2415 2018 Ἐζητεῖτο
2443 1947 2571 2018 γὰρ,
2603 1946 2721 2010 πῶς
2748 1948 2809 2000 τὸ
2834 1948 2893 1999 tv
2924 1950 3114 2019 ἐκεινῳ
3153 1948 3310 2018 σῶμα
3334 1947 3429 2001 τοῦ
3456 1943 3721 2017 Χριστοῦ,

2131 2040 2311 2092 πᾶσαν
2338 2039 2590 2104 ζωοποιεῖ
2619 2040 2716 2109 τὴν
2747 2040 2853 2091 τῶν
2897 2039 3197 2112 ἀνθρώπων
3226 2038 3385 2109 φύσιν
3404 2080 3420 2105 ,
3467 2038 3526 2090 ἐν
3576 2038 3720 2100 ὅσοις

2130 2129 2165 2200 ἡ
2195 2128 2373 2192 πίστις
2400 2130 2537 2193 ἐστὶ,
2568 2131 2702 2200 πρὸς
2728 2128 2934 2193 πάντας
2967 2127 3342 2201 μεριζόμενον,
3374 2128 3470 2182 καῖ⁸
3497 2128 3632 2181 αὐτὸ
3658 2128 3721 2182 οὔ

2133 2220 2473 2291 μειούμενον.
2521 2221 2673 2291 Τάχα
2723 2221 2899 2275 τοίνυν
2945 2222 3113 2289 ἐγγὺς
3156 2220 3251 2273 τοῦ
3304 2220 3515 2283 εἰκότος
3560 2220 3719 2289 λόγου

2128 2311 2405 2382 γινόμεθα.
2447 2312 2510 2364 Ei
2553 2312 2662 2381 γὰρ
2703 2311 2902 2375 παντὸς
2941 2310 3190 2381 σώματος
3237 2313 3272 2382 ἡ
3311 2311 3615 2375 ὑπόστασις
3654 2312 3719 2364 ἐκ

2127 2403 2225 2473 τῆς
2255 2402 2461 2473 τροφῆς
2492 2401 2718 2471 γίνεται,
2753 2399 2891 2473 αῦτη
2915 2401 2972 2454 δὲ
3006 2402 3208 2472 βρῶσις
3234 2401 3329 2456 καὶ
3364 2401 3525 2465 πόσις
3546 2400 3717 2455 ἐστίν·

2128 2493 2242 2548 ἔστι
2271 2495 2328 2547 δὲ
2366 2497 2425 2549 ὲν
2450 2497 2517 2567 τῇ
2545 2494 2742 2566 βρώσει
2773 2497 2954 2567 ἄρτος,
2990 2498 3048 2549 tv
3084 2496 3139 2548 δὲ
3174 2497 3241 2567 τῇ
3286 2495 3440 2548 πόσει
3479 2494 3541 2548 τὺ
3574 2493 3719 2566 ὕδωρ

2129 2585 2497 2656 ὲφηδυσμένον
2524 2585 2603 2656 τῷ
2627 2586 2754 2656 οῖνῳ
2773 2601 2786 2614 ο
2816 2589 2843 2639 6
2866 2586 2921 2639 δὲ
2949 2584 3043 2640 τοῦ
3067 2584 3202 2639 Θεοῦ
3228 2586 3418 2655 Λόγος,
3444 2585 3632 2649 καθὼς
3659 2588 3715 2640 ὲν

2125 2678 2240 2738 τοῖς
2268 2677 2504 2749 πρώτοις
2529 2678 2800 2751 διῄρηται,
2830 2680 2858 2732 6
2898 2679 2991 2732 καὶ
3031 2678 3162 2742 Θεὸς
3199 2676 3274 2730 ὢν
3297 2678 3391 2731 καὶ
3419 2679 3615 2747 Λόγος,
3648 2678 3722 2749 τῇ

2127 2767 2443 2842 ἀνθρωπίνῃ
2471 2771 2787 2845 συνεκράθη
2806 2768 2987 2839 φύσει,
3019 2769 3112 2822 καὶ
3143 2770 3201 2822 tv
3227 2768 3305 2840 τῷ
3342 2769 3555 2839 σώματι
3588 2771 3725 2839 ἡμε-

449 2865 709 2919 eorpore,
734 2866 849 2917 non
881 2852 1118 2920 aliquam
1151 2853 1314 2907 aliam
1344 2856 1596 2910 humanas
1625 2864 1834 2912 natura:
1867 2858 2027 2914 inno-

2128 2859 2269 2930 τέρῳ
2314 2863 2636 2931 γενόμενος,
2684 2862 2783 2914 οὐκ
2828 2861 2993 2931 ἄλλην
3040 2860 3161 2914 τινὰ
3207 2862 3720 2930 παρεκαινοτόμησε

448 2940 600 2995 vavit
624 2940 1074 2995 constitutionem
1102 2983 1116 3007 ,
1140 2940 1234 2995 sed
1264 2957 1358 3011 per
1377 2955 1442 2995 ca
1468 2957 1589 3012 quae
1611 2950 1739 2998 sunt
1762 2953 2027 3001 consueta

2128 2952 2192 3019 τῇ
2222 2949 2535 3022 ἀνθρωπίνῃ
2557 2951 2716 3019 φύσει
2742 2953 2841 3021 τὴν
2871 2951 3125 3004 σύστασιν
3142 2967 3158 2981 ο
3188 2949 3323 3004 ἀλλὰ
3345 2950 3433 3004 διὰ
3454 2951 3565 3004 τῶν
3596 2969 3722 3003 συν-

449 3041 503 3085 et
528 3033 913 3099 congruentia,
956 3046 1061 3086 suo
1100 3032 1320 3101 corpori
1359 3032 1506 3088 dedit
1542 3036 1979 3102 permansionem
2008 3080 2024 3106 ,

2128 3039 2272 3109 ήθων
2300 3057 2359 3093 τε
2395 3041 2486 3094 καὶ
2518 3040 2868 3111 καταλλήλων
2897 3041 3061 3095 ἔδωκε
3094 3042 3171 3112 τῷ
3218 3041 3340 3095 καθ’
3384 3041 3579 3095 ἑαυτὸν
3608 3040 3719 3094 σώ-

449 3123 676 3177 cibost
713 3131 843 3193 potu
886 3124 1183 3180 continens
1222 3125 1609 3180 substantiam.
1649 3127 1816 3184 Cibus
1845 3138 2025 3185 autem

2130 3152 2259 3205 ματι
2284 3138 2381 3209 τὴν
2406 3137 2682 3208 διαμονὴν,
2709 3137 2909 3210 βρώσει
2935 3139 3027 3192 καὶ
3053 3138 3209 3190 πόσει
3236 3133 3585 3208 περικρατιῖΝ
3616 3132 3718 3204 τὴν

449 3223 568 3269 erat
597 3216 777 3285 panis.
796 3215 1092 3282 Quomodo
1114 3231 1246 3288 ergo
1270 3217 1326 3271 in
1353 3218 1514 3274 nobis
1532 3256 1548 3282 ,
1579 3219 1726 3273 sicut
1744 3221 1857 3289 jam
1885 3236 2028 3291 stepe

2128 3226 2443 3283 ὑπόστασιν.
2485 3230 2549 3281 Ἦ
2597 3229 2653 3281 δὲ
2699 3229 2898 3300 βρῶσις
2942 3230 3106 3299 ἄρτος
3150 3223 3239 3299 ἦν.
3282 3227 3494 3295 Ὥσπερ
3533 3223 3717 3276 τοίνυν

448 3305 653 3361 dictum
684 3315 802 3371 est,
831 3308 1147 3377 qui,panem
1178 3307 1341 3373 vidit,
1383 3308 1679 3363 humanum
1720 3326 1921 3380 corpus
1948 3314 2028 3367 vi-

2128 3315 2211 3384 ὲφ’
2246 3315 2421 3386 ἡμῶν,
2455 3315 2637 3380 καθὼς
2670 3316 2771 3388 ἤδη
2803 3317 3060 3381 πολλάκις
3095 3317 3328 3387 εἴρηται,
3367 3314 3396 3366 ό
3423 3313 3516 3366 τὸν
3548 3313 3715 3383 ἄρτον

448 3398 538 3452 dot
564 3399 1000 3467 quodammodo,
1031 3398 1177 3467 quod
1207 3412 1330 3452 cum
1377 3398 1468 3453 ille
1509 3399 1564 3453 in
1593 3414 1659 3453 eo
1693 3399 1854 3455 fuerit
1879 3437 1894 3463 ,
1924 3402 2026 3457 hoc

2131 3406 2275 3473 ἰδὼν,
2299 3410 2497 3478 τρόπον
2517 3410 2639 3464 τινὰ
2665 3409 2727 3463 τὺ
2749 3410 3083 3483 ἀνθρώπινον
3114 3409 3298 3480 βλέπει
3338 3406 3514 3477 σῶμα,
3541 3407 3627 3459 ὅτι
3654 3406 3714 3457 tv

448 3489 547 3544 ﬁt:
582 3491 656 3544 ita
689 3491 801 3545 illic
842 3491 1233 3560 quoque-quod
1277 3490 1448 3545 Deum
1497 3494 1739 3562 suscepit
1784 3508 2018 3565 corpus,

2128 3495 2297 3566 τούτῳ
2333 3497 2510 3549 ἐκεῖνο
2553 3500 2861 3569 γενόμενον,
2907 3499 3064 3553 τοῦτο
3095 3499 3334 3567 γίνεται·
3369 3495 3513 3549 οὕτω
3549 3495 3717 3547 κάκεῖ

446 3597 573 3637 eum
605 3583 761 3652 panis
803 3584 1121 3638 alimenlnm
1159 3585 1494 3655 accepisset,
1523 3586 1759 3656 quadam
1798 3590 2013 3645 ratione

2128 3587 2184 3639 τὸ
2210 3586 2451 3659 θεοδόχον
2478 3588 2638 3659 σῶμα
2663 3590 2763 3661 τὴν
2787 3590 2994 3661 τροφὴν
3033 3590 3198 3662 ἄρτου
3244 3588 3712 3661 παραδεξάμενον.

448 3670 592 3728 idem
618 3681 736 3728 erat
759 3675 903 3743 quod
930 3675 1435 3741 ille,alimento,.ut
1458 3677 1666 3732 dictum
1693 3686 1815 3745 est,
1844 3688 2022 3737 trans-

2128 3676 2266 3748 λόγῳ
2286 3680 2392 3734 τινὶ
2415 3680 2608 3735 ταύτὸν
2630 3675 2697 3752 ἦν
2729 3681 2941 3752 ἐκείνῳ,
2974 3681 3071 3752 τῆς
3095 3681 3319 3752 τροφῆς,
3355 3678 3540 3742 καθὼς
3560 3680 3715 3749 ετρηο

446 3772 612 3821 eunte
655 3766 711 3819 in
755 3774 1005 3822 naturam
1030 3769 1305 3838 corporis.
1333 3767 1468 3823 Nam
1494 3770 1644 3840 quod
1673 3779 1755 3826 est
1776 3774 2018 3827 omnium

2128 3784 2231 3832 ται,
2268 3769 2403 3840 πρὸς
2438 3768 2535 3839 τὴν
2566 3771 2658 3823 τοῦ
2690 3770 2942 3841 σώματος
2976 3771 3136 3840 φύσιν
3184 3770 3605 3842 μεθισταμένης.
3637 3769 3713 3823 Τδ

447 3856 729 3926 proprium
753 3896 768 3919 ,
802 3857 858 3911 id
889 3873 1110 3928 quoque
1142 3874 1242 3929 pro
1262 3868 1426 3916 certe
1454 3868 1510 3915 et
1542 3863 1816 3917 constanti
1849 3870 1933 3917 est
1963 3864 2018 3917 in

2128 3856 2231 3927 γὰρ
2259 3858 2474 3911 πάντων
2508 3858 2657 3923 ἴδιον,
2684 3859 2776 3911 καὶ
2797 3859 2882 3912 ἐπ’
2909 3859 3122 3931 ἐκείνης
3147 3860 3247 3929 τῆς
3275 3859 3477 3930 σαρκὸς
3501 3856 3711 3927 ὡμολο-

447 3947 541 4001 illa
572 3962 772 4011 carne,
810 3964 1006 4020 nempe
1037 3951 1184 4020 quod
1221 3952 1355 4007 illud
1389 3967 1609 4021 quoque
1636 3967 1839 4023 corpus
1878 3969 2022 4025 pane

2128 3943 2291 4015 γήθη,
2318 3945 2398 3997 ὅτι
2430 3944 2579 4016 ἄρτῳ
2615 3947 2835 4000 κάκεῖνο
2879 3946 2939 4001 τὸ
2977 3947 3135 4018 σῶμα
3168 3947 3523 4020 διεκρατεῖτο.
3554 3947 3601 3999 Τ
3602 3946 3631 3999 6
3652 3947 3709 4000 δὲ

447 4037 854 4094 continebatur.
888 4040 1100 4111 Corpus
1143 4051 1325 4097 autem
1391 4042 1484 4099 Dei
1540 4041 1701 4099 Verbi
1742 4044 2020 4099 inhabita-

2128 4035 2288 4105 σῶμα
2318 4038 2384 4105 τῇ
2422 4037 2689 4107 ἐνοικήσει
2722 4036 2815 4091 τοῦ
2837 4036 2970 4090 Θεοῦ
2995 4039 3169 4107 Λόγου
3206 4038 3343 4109 πρὸς
3384 4036 3483 4108 τὴν
3521 4038 3710 4108 θεὶκὴν

448 4128 599 4184 tione
629 4130 696 4184 ad
715 4130 953 4185 divinam
988 4140 1412 4189 transmutatam
1431 4140 1516 4189 est
1544 4133 1882 4204 dignitatem.
1916 4133 2022 4189 Re-

2128 4125 2279 4191 ὰξὶαν
2312 4129 2659 4201 μετεποιήθη.
2688 4128 2879 4193 Καλῶς
2916 4124 3010 4184 οὖν
3047 4130 3142 4184 καὶ
3190 4128 3286 4184 νῦν
3325 4130 3414 4183 τὸν
3443 4130 3525 4201 τῷ
3554 4131 3712 4199 Λόγῳ

449 4227 538 4274 cte
563 4235 695 4290 ergo
729 4236 877 4276 nunc
905 4237 1125 4291 quoque
1157 4222 1252 4279 Dei
1282 4221 1462 4278 Verbo
1488 4225 1889 4280 sanctiﬁcatum
1925 4243 2020 4297 pa-

2128 4219 2219 4271 τοῦ
2250 4218 2382 4273 Θεοῦ
2410 4218 2769 4289 ἁγιαζόμενον
2802 4221 2962 4291 ἄρτον
3004 4223 3082 4284 εἰς
3122 4220 3281 4292 σῶμα
3304 4220 3398 4273 τοῦ
3428 4220 3565 4274 Θεοῦ
3604 4222 3709 4275 Λό-

448 4322 572 4363 nem
607 4309 663 4363 in
688 4308 783 4363 Dei
809 4305 969 4365 Verbi
996 4325 1199 4380 corpus
1220 4310 1383 4366 credo
1406 4313 1781 4371 transmutari.
1806 4312 2018 4369 Etenim

2128 4326 2223 4378 γου
2261 4310 2663 4381 μεταποιεῖσθαι
2712 4312 3058 4382 πιστεύομαι.
3111 4312 3221 4365 Καὶ
3269 4310 3378 4383 γὰρ
3428 4313 3605 4366 ἐκεῖνο
3650 4313 3708 4365 τὺ

450 4398 608 4468 panis
636 4410 759 4455 erat
793 4401 1228 4470 potestate-illud
1256 4416 1480 4472 corpus.
1520 4402 1647 4458 Fuit
1678 4411 1859 4460 autem
1891 4419 2021 4460 san-

2128 4404 2306 4473 σῶμα,
2338 4403 2499 4473 ἄρτος
2540 4405 2607 4475 τῇ
2651 4402 2876 4475 δυνάμει
2918 4399 3004 4474 ἦν.
3042 4404 3311 4475 Ἦγιάσθη
3368 4404 3423 4458 δὲ
3465 4407 3533 4477 τῇ
3588 4408 3706 4458 ἐπι-

451 4489 725 4546 etilicatus
759 4492 1099 4547 habitatione
1122 4491 1325 4560 Verbi,
1356 4495 1500 4563 quod
1542 4502 1802 4565 tanquam
1849 4495 1903 4549 in
1939 4504 2023 4549 ta-

2130 4493 2427 4564 σκνηνώσει
2454 4494 2548 4547 τοῦ
2580 4494 2751 4563 Λόγου
2782 4494 2875 4548 τοῦ
2910 4493 3283 4565 σκηνὼσαντος
3316 4497 3373 4549 tv
3412 4500 3477 4567 τῇ
3526 4497 3702 4568 σαρκί.

453 4579 753 4635 her-uacula
801 4583 1065 4637 habitavit
1117 4584 1170 4638 in
1216 4600 1400 4639 carne.
1447 4586 1616 4654 lgitur
1647 4586 1790 4640 unde
1829 4587 1883 4640 in
1934 4588 2026 4641 illo

2134 4585 2340 4639 Οὐκοῦν
2380 4586 2501 4639 ὅθεν
2546 4587 2575 4638 6
2612 4588 2676 4638 tv
2720 4585 2909 4657 ἐκείνῳ
2950 4584 3029 4655 τῷ
3070 4585 3280 4657 σώματι
3323 4587 3705 4657 μεταποιηθεὶς

453 4688 690 4743 corpore
736 4683 1135 4732 transmutatus
1184 4678 1346 4746 panis
1407 4677 1606 4731 transit
1684 4677 1738 4730 in
1787 4676 2025 4731 divinam

2135 4678 2318 4745 ἄρτος,
2347 4677 2424 4739 εἰς
2462 4676 2609 4731 θείαν
2634 4676 2861 4747 μεθίστη
2889 4675 3132 4745 δύναμιν.
3166 4675 3253 4729 διὰ
3284 4677 3379 4730 τοῦ
3423 4679 3587 4731 αὑτοῦ
3621 4680 3704 4731 καὶ

453 4777 713 4830 virtutem
735 4814 750 4840 ,
782 4788 884 4845 per
915 4773 1057 4827 idem
1091 4785 1239 4825 nunc
1266 4768 1326 4823 tit
1359 4768 1635 4823 similiter.
1666 4765 1802 4819 Nam
1836 4771 1890 4818 et
1918 4764 2031 4818 illic

446 4865 614 4923 Verbi
638 4866 817 4934 gratia
844 4871 1093 4920 sanctum
1123 4861 1253 4917 fecit
1277 4873 1499 4928 corpus,
1526 4857 1615 4910 cui
1643 4871 1707 4910 ex
1745 4869 1884 4924 pane
1913 4860 2030 4908 erat

449 4958 758 5014 substantia
779 4997 795 5021 ,
821 4964 875 5011 et
906 4952 1307 5024 quodammodo
1337 4951 1515 5020 ipsum
1546 4954 1908 5018 quoqueerat
1939 4959 2033 5014 pa-

434 5051 577 5106 vnis::
613 5059 666 5104 et
694 5048 785 5102 hic
813 5046 1063 5102 similiter
1095 5045 1250 5114 panis
1270 5082 1285 5105 ,
1306 5042 1458 5097 sicut
1486 5039 1618 5094 dicit
1650 5036 1978 5110 Apostolus‘
2011 5076 2028 5102 ,

442 5140 828 5197 sanctiﬁcatur
846 5153 947 5207 per
968 5135 1207 5192 Verbum
1243 5134 1337 5189 Dei
1368 5141 1422 5189 ct
1448 5132 1752 5188 orationem
1776 5170 1788 5194 ,
1822 5145 1933 5185 non
1963 5143 2029 5183 eo

432 5233 666 5302 equidem
688 5229 837 5301 quod
860 5228 984 5285 cibo
1005 5227 1278 5282 mediante
1301 5225 1355 5279 in
1379 5223 1542 5280 Verbi
1568 5236 1769 5292 corpus
1793 5226 2028 5285 evadat,

448 5325 546 5379 sed
587 5323 732 5393 quod
756 5320 954 5377 statim
1000 5335 1096 5389 per
1124 5316 1361 5372 Verbum
1408 5314 1467 5367 in
1509 5326 1710 5383 cor-pus
1756 5319 2032 5365 transmu-

447 5424 616 5481 tetur,
664 5416 808 5470 sicut
847 5414 1057 5467 dictum
1103 5419 1186 5465 est
1228 5425 1257 5464 a
1296 5407 1508 5472 Verbo,
1560 5405 1677 5461 Hoc
1720 5413 1797 5459 est
1838 5418 2029 5473 corpus

447 5525 621 5562 meum
678 5516 720 5561 9.
747 5505 883 5560 Cum
914 5513 1098 5561 autem
1130 5502 1314 5557 omnis
1357 5516 1487 5555 caro
1531 5498 1711 5553 alatur
1738 5497 1901 5552 etiam
1926 5510 2030 5566 per

448 5595 1149 5671 ltumonemapequegenim
1181 5592 1286 5648 nisi
1311 5606 1436 5648 cum
1468 5605 1533 5646 eo
1559 5590 1946 5662 conjungatur,
1977 5586 2031 5641 id

445 5689 595 5754 quod
641 5695 729 5744 est
760 5676 817 5742 in
858 5686 1019 5743 nobis
1047 5690 1351 5749 terrestre,
1399 5682 1453 5736 in
1495 5682 1604 5737 vita
1640 5678 2027 5751 permanserit.

540 5861 563 5894 ⁸
590 5862 614 5919 l
644 5858 882 5916 TimOth.
918 5875 991 5927 ιν,
1021 5858 1074 5915 5.

2119 4774 2212 4828 νῦν
2245 4772 2303 4825 τὸ
2329 4766 2447 4825 ἴσον
2471 4770 2697 4839 γῖνεται.
2731 4770 2884 4823 Ἐκεῖ
2909 4785 2967 4822 τε
2997 4766 3108 4838 γὰρ
3134 4764 3169 4835 ﬁ
3200 4762 3294 4817 τοῦ
3326 4762 3504 4829 Λόγου
3535 4760 3705 4830 χάρις.

2119 4864 2271 4932 ἅγιον
2300 4863 2530 4915 ὲποιεῖτο
2559 4862 2739 4931 σῶμα,
2762 4854 2807 4928 ᾧ
2838 4862 2901 4913 ὲκ
2930 4858 3022 4912 τοῦ
3069 4856 3233 4928 ἄρτου
3262 4856 3298 4925 ἡ
3334 4851 3595 4911 σύστασις
3619 4844 3700 4917 ἦν.

2120 4954 2213 5009 καὶ
2243 4953 2441 5023 τρόπον
2471 4949 2594 5003 τινὰ
2622 4950 2715 5003 καὶ
2760 4948 2892 5003 αὐτὸ
2919 4948 3079 5019 ἄρτος
3117 4941 3212 5017 ἦν’
3248 4937 3484 4995 ἐνταῦθά
3516 4955 3576 4991 τε
3606 4938 3701 4988 ὠσ-

2120 5045 2297 5109 αύτως
2327 5047 2354 5098 6
2383 5042 2565 5115 ἄρτος,
2615 5040 2800 5104 καθώς
2833 5057 2997 5112 φησιν
3044 5041 3072 5092 ό
3111 5033 3454 5096 Ἀπόστολος,
3488 5029 3705 5097 ἁγιάζε-

2118 5156 2209 5193 ται
2238 5136 2325 5190 διὰ
2351 5135 2524 5205 Λόγου
2555 5131 2689 5186 Θεοῦ
2739 5133 2831 5186 καὶ
2874 5129 3183 5197 ἐντεύξεως,
3222 5125 3285 5179 οὐ
3327 5123 3417 5177 διὰ
3458 5120 3705 5192 βρώσεως

2119 5229 2214 5282 καὶ
2242 5226 2453 5290 πόσεως
2480 5222 2685 5296 προῖὼν
2715 5224 2794 5285 εις
2823 5222 2891 5274 τὸ
2921 5220 3077 5291 σῶμα
3104 5216 3196 5272 τοῦ
3241 5215 3439 5285 Λόγου,
3472 5212 3591 5266 ἀλλ’
3621 5211 3705 5262 εῦ-

2122 5317 2217 5382 θὺς
2244 5316 2381 5388 πρὸς
2404 5315 2463 5368 τὸ
2497 5314 2654 5387 σῶμα
2684 5310 2778 5366 τοῦ
2810 5313 2981 5380 Λόγου
3015 5306 3495 5381 μεταποιοῦμενος,
3534 5300 3709 5361 καθὼς

2120 5408 2338 5479 εἴρηται
2387 5406 2492 5460 ὑπὸ
2531 5406 2625 5469 τοῦ
2665 5404 2861 5473 Λόγου,
2890 5403 2972 5456 ὅτι
3023 5400 3211 5455 Τοῦτό
3251 5399 3383 5452 ἐστι
3434 5395 3505 5447 τὸ
3540 5389 3708 5460 σῶμά

2118 5518 2257 5571 μου.
2299 5499 2485 5570 Πάσης
2521 5498 2579 5552 δὲ
2611 5496 2812 5569 σαρκός
2846 5495 2940 5549 καὶ
2984 5493 3071 5547 διὰ
3116 5491 3209 5546 τοῦ
3242 5488 3410 5562 ὑγροῦ
3444 5482 3709 5556 τρεφομέο

2127 5592 2326 5663 μένης·
2366 5591 2426 5643 οὺ
2464 5590 2572 5662 γὰρ
2606 5591 2671 5644 ἂν
2701 5589 2823 5659 δῖχα
2852 5586 2953 5657 τῆς
2996 5584 3133 5656 πρὸς
3162 5582 3317 5637 τοῦτο
3352 5579 3620 5647 συζυγίας
3652 5574 3708 5628 τδ

2123 5682 2181 5735 tv
2209 5682 2340 5752 ἡμῖν
2371 5678 2571 5750 γεῶδες
2611 5681 2669 5734 tv
2711 5678 2788 5751 τῷ
2823 5677 2921 5749 ζῆν
2964 5674 3226 5743 διαμένοι.
3256 5673 3470 5740 Ὥσπερ
3498 5668 3591 5723 διὰ
3615 5665 3707 5734 τῆς

1178 5859 1198 5891 ³
1226 5857 1412 5915 Matth.
1446 5873 1592 5927 τινι,
1617 5855 1686 5914 26
1713 5874 1728 5923 ;
1760 5856 1926 5916 Marc.
1962 5872 2074 5928 xw,
2096 5854 2205 5926 ‘22;
2231 5856 2363 5913 Luc.
2400 5871 2534 5924 xm,
2571 5854 2658 5912 {9.
