4044 6290
362 318 502 387 1265
1257 314 1673 396 ‘PANOPLIA
1718 335 2176 401 DOGMATICA.
2216 365 2279 378 -
2321 342 2468 402 TlT.
2512 345 2688 407 xxv.
3497 345 3627 415 1266

362 461 600 552 σ-νερρἄ-
627 462 721 515 xal.
755 465 1049 522 ἀντιτύπου
1093 472 1296 541 τροφῆς
1337 473 1399 526 τὸ
1438 475 1661 546 στερρὸν
1699 473 1794 529 τοῦ
1839 477 1918 530 σὼ

2044 476 2541 542 ρηοηιοιιοιευιοω
2573 497 2679 552 per
2702 482 2921 537 durum
2938 492 3013 539 et'
3028 484 3261 541 solidum
3306 489 3623 545 alimentum

362 566 531 619 ματος
576 551 1045 625 ὑποστηρίζομενο
1106 559 1197 612 τὸν
1250 561 1411 615 αὐτὸν
1457 566 1660 635 τρόπον
1712 568 1805 621 καὶ
1864 571 1920 641 τι]

2044 570 2372 625 soliditatem
2402 551 2653 642 corporis
2680 572 2939 631 [uicimus
2964 589 3031 630 ac
3058 576 3367 632 stabilimus
3393 620 3406 643 ,
3435 581 3623 636 eodem

362 641 511 737 ὑγρῷ
538 642 643 737 τὴν
682 647 998 723 προσθήκην
1046 652 1112 704 ὲκ
1156 652 1255 721 τῆς
1300 656 1592 726 ὁμογενοῦς
1642 662 1920 733 ποιούμεθι

2041 660 2205 716 modo
2251 662 2419 717 etiam
2471 641 2690 718 humori
2744 666 3115 737 adjungimus-
3144 641 3514 724 accessionem
3556 686 3623 726 ex

357 732 589 799 φύσεως.
623 736 799 808 Ὅπερ
834 738 891 791 ὲν
929 741 1059 810 ἡμῖν
1099 743 1407 814 γενόμενον,
1444 748 1534 802 διὰ
1564 749 1667 821 τῆς
1711 732 1937 808 sum-

353 827 513 897 τικῆς
544 825 826 897 δυνάμεως
854 830 1261 901 ὲξαιματοῦται,
1295 838 1388 891 καὶ
1416 839 1650 909 μάλιστά
1678 860 1741 912 γε
1776 846 1822 899 εί
1851 846 1943 900 διὰ

352 914 447 968 τοῦ
484 915 627 1009 οἴνου
665 917 816 974 λάϐοι
842 922 943 993 τὴν
973 924 1203 998 δύναμιν
1240 930 1377 1000 πρὸς
1404 932 1502 1004 τὴν
1532 934 1614 999 είς
1644 936 1705 989 τὸ
1738 938 1938 1009 θερμὸν

355 1008 731 1080 μεταποίησιν.
774 1012 926 1067 Ἐπεὶ
975 1011 1069 1072 οὖν
1109 1020 1201 1072 καὶ
1240 1022 1397 1076 τοῦτο
1427 1025 1591 1096 μέρος
1621 1029 1654 1097 ή
1693 1008 1939 1101 θεοδόχος

350 1098 560 1151 ἐκείνου
587 1101 734 1171 σὰρξ.
755 1104 890 1174 πρὸς
921 1107 1019 1176 τὴν
1052 1108 1310 1166 σύστασιν
1341 1115 1539 1187 ἑαυτῆς
1568 1098 1932 1190 παρεδέξατοο

349 1191 379 1243 ὁ
411 1190 470 1242 δὲ
509 1194 845 1264 φανερωθεὶς
884 1198 1057 1267 Λόγος
1086 1201 1173 1257 διὰ
1205 1205 1362 1259 τοῦτο
1410 1209 1700 1279 κατέμιξεν
1743 1214 1938 1269 ἑαυτὸν

347 1284 412 1352 τῇ
443 1283 692 1377 ὲπικήριρ
713 1285 822 1339 τῶν
852 1288 1157 1360 ἀνθρώπων
1185 1295 1362 1363 φύσει,
1401 1298 1487 1353 ἵνα
1515 1303 1581 1373 τῇ
1610 1305 1707 1375 τῆς
1740 1305 1932 1377 θεότη-

345 1384 438 1462 τος
465 1372 718 1462 κοινωνίᾳ
753 1380 1208 1454 συναποθεωρηθῇ
1240 1386 1300 1439 τὸ
1341 1372 1679 1462 ἀνθρώπινον
1699 1412 1713 1425 ο
1740 1372 1929 1451 τούτου

345 1456 504 1528 χάριν
533 1461 679 1558 Δπᾶσι
709 1464 822 1527 τοίς
865 1474 1254 1528 πεπιστευκόσι
1282 1478 1345 1547 τῇ
1390 1456 1668 1554 οἰκονομίᾳ
1705 1485 1803 1556 τῆς
1833 1488 1932 1558 χά-

349 1565 493 1618 ριτος
528 1551 724 1647 ἑαυτὸν
762 1556 1037 1630 ὲνσπείρει
1087 1562 1175 1617 διὰ
1229 1567 1329 1639 τῆς
1376 1551 1597 1641 σαρκδέ,
1641 1551 1790 1647 δῖςῆ

349 1656 538 1705 στασις
570 1642 630 1708 ἐξ
669 1643 812 1699 οἴνου
843 1665 900 1701 τε
950 1653 1044 1705 καὶ
1074 1654 1238 1725 ἄρτου
1266 1660 1401 1726 ἐστὶ,
1426 1666 1538 1727 τοῖς
1580 1642 1798 1737 σώμασι
1819 1669 1927 1723 τῶν

2040 759 2240 806 natura
2271 752 2517 821 ejusdem
2552 755 2789 824 generis.
2827 756 2931 823 Qui
2963 758 3182 828 quidem
3212 774 3336 814 cum
3370 760 3536 814 fuerit
3567 763 3622 815 in

2044 843 2206 899 nobis
2226 881 2242 909 ,
2269 858 2366 913 per
2393 844 2662 900 alterandi
2695 847 3014 903 facultatem
3046 849 3109 903 tit
3136 851 3361 921 sanguis
3381 892 3402 916 ,
3427 862 3479 906 et
3508 868 3623 906 ma-

2044 932 2189 986 xime
2212 932 2259 988 si
2291 949 2387 1004 per
2411 936 2596 989 vinum
2628 940 2902 1008 acceperit
2930 940 3184 995 virtutem
3216 947 3621 999 transmutandi

2042 1023 2100 1078 in
2129 1024 2399 1081 calidum.
2424 1026 2695 1094 Quoniam
2729 1046 2865 1101 ergo
2882 1032 3024 1088 hanc
3049 1050 3269 1105 quoque
3299 1044 3510 1106 partem
3536 1053 3623 1093 ae-

2040 1115 2185 1185 cepit
2223 1130 2354 1172 earo
2384 1118 2477 1172 illa
2520 1117 2616 1174 Dei
2670 1123 2982 1192 susceptrix
3032 1124 3099 1179 ad
3147 1124 3241 1181 Dei
3273 1128 3622 1184 constitutio-

2038 1217 2207 1258 nem:
2260 1205 2674 1263 manifestatum
2727 1218 2911 1267 autem
2946 1212 3182 1269 Verbum
3230 1226 3515 1289 propterea
3561 1238 3621 1277 se

2038 1294 2335 1350 admiscuit
2384 1297 2626 1353 interitui
2682 1302 2935 1357 obnoxia:
2974 1304 3256 1362 hominum
3282 1317 3523 1376 naturae,
3558 1320 3619 1366 ut

2034 1388 2427 1446 communione
2461 1391 2961 1449 divinitatis-simul
2991 1399 3155 1452 etiam
3201 1400 3487 1456 deitieetur
3518 1404 3619 1457 hu-

2036 1480 2275 1537 manitas
2303 1500 2316 1536 :
2350 1483 2510 1539 eade
2537 1499 2705 1539 causa
2742 1500 2837 1552 per
2867 1503 2979 1542 sua:
3021 1488 3207 1557 gratia:
3253 1490 3618 1561 dispensatio-

2034 1588 2159 1629 nem
2188 1589 2250 1629 se
2278 1589 2381 1644 per
2429 1590 2651 1630 carnem
2702 1577 2898 1633 inserit
2945 1580 3202 1638 omnibus
3233 1584 3612 1649 credentibus.

2033 1665 2360 1722 commistus
2412 1676 2466 1723 et
2513 1676 2962 1738 contemperatus
3008 1673 3335 1742 corporibus
3386 1676 3616 1732 creden-

341 1737 781 1792 πεπιστευκότων
819 1746 1304 1816 κατακιρνάμενος,
1343 1753 1419 1816 ὡς
1461 1754 1539 1810 ἂν»
1568 1760 1635 1827 τῇ
1687 1759 1824 1828 πρὸς
1867 1762 1920 1815 τὸ

2032 1755 2200 1817 tium.
2235 1757 2437 1826 quibus
2469 1737 2781 1814 substantia
2812 1768 2897 1816 est
2949 1777 3018 1817 ex
3053 1737 3195 1832 pane
3243 1773 3297 1819 et
3345 1766 3513 1830 vino,
3557 1779 3615 1822 ut

339 1822 603 1878 ἀθάνατον
633 1826 844 1894 ὲνὼσει,
873 1834 967 1886 καὶ
995 1834 1280 1907 ἄνθρωπος
1309 1843 1415 1912 τῆς.
1427 1822 1746 1917 ιίι‹ί›θαρ“σίιιις⁷
1766 1850 1926 1919 μέτο-

335 1931 429 1985 χος
468 1918 694 1985 γένοιτο.
722 1920 905 1977 Ταῦτα
941 1925 995 1981 δὲ
1028 1927 1232 1997 δίδωσι,
1257 1936 1324 2005 τῇ
1353 1936 1452 2007 τῆς
1479 1938 1730 2008 εὐλογίας
1762 1918 1920 1998 δυνά-

340 2021 431 2074 μει
473 2008 609 2078 πρὸς
664 2010 840 2063 ἐκεῖνο
885 2020 1374 2090 μεταστοιχειώαας
1429 2023 1537 2079 τῶν
1585 2029 1923 2099 φαινομένων

337 2095 434 2167 τὴν
467 2097 649 2164 φύσιν.

345 2206 475 2261 Ἔτι
504 2207 638 2273 περί
679 2204 1205 2278 τῆςμετολήψεως
1234 2210 1339 2262 τοῦ
1374 2212 1742 2266 Δεσποτικοῦ
1787 2220 1906 2270 σώ-

500 2292 688 2345 ματος
718 2277 815 2330 καὶ
847 2277 1114 2346 αἳματος,
1147 2279 1253 2333 τοῦ
1283 2282 1703 2349 Δαμασκηνοῦ.

419 2368 668 2439 uno“,
694 2371 788 2425 καὶ
850 2371 1192 2442 πανάγαθος,
1222 2373 1321 2427 καὶ
1372 2373 1725 2447 ὑπεράγαθος
1762 2378 1918 2447 Θεὸς.

332 2460 364 2512 ὁ
395 2460 515 2526 ὅλος
535 2460 609 2517 ὢν
632 2462 932 2536 ἀγαθότης,
962 2464 1053 2518 διὰ
1112 2464 1204 2519 τὸν
1229 2465 1642 2538 ὑπερϐάλλοντα
1688 2469 1921 2525 πλοῦτον

334 2549 435 2618 τῆς
475 2551 644 2605 αὑτοῦ
686 2552 1051 2623 ἀγαθότητος,
1086 2553 1187 2607 οὐκ
1239 2554 1500 2625 ⁴ἠνέσχετο
1549 2558 1715 2628 μόνον
1776 2556 1920 2633 εῖναι

332 2641 398 2695 τὺ
427 2641 657 2712 ἀγαθὸν,
701 2644 822 2715 ἢτοι
870 2644 970 2715 τὴν
1016 2644 1214 2698 ἑαυτοῦ
1274 2646 1470 2716 φύσιν,
1528 2650 1632 2704 ὑπὸ
1686 2652 1918 2723 μηδενὸς

336 2732 725 2804 μετεχόμενον,
758 2732 894 2787 ἀλλὰ
928 2733 1023 2787 καὶ
1050 2733 1244 2788 τούτου
1284 2736 1445 2807 χάριν
1485 2739 1732 2809 ἐποίησε,
1765 2744 1920 2814 πρῶ-

331 2840 425 2877 τον
458 2824 558 2896 μὲν
586 2823 690 2890 τὰς
719 2823 912 2897 νοερὰς
936 2824 1029 2879 καὶ
1049 2825 1334 2896 οὐρανίους
1359 2829 1619 2901 δυνάμεις
1639 2848 1653 2862 δ
1690 2827 1810 2887 εἷτα
1826 2835 1919 2889 τὸν

332 2914 530 2984 ὁρατὸν
560 2915 655 2969 καὶ
705 2915 967 2985 αἰσθητὸν
1010 2916 1255 2988 κόσμονο
1287 2914 1410 2975 εἶτα
1462 2923 1526 2975 ὲκ
1583 2924 1774 2995 νοεροῦ
1822 2927 1919 2981 καὶ

335 3006 597 3079 αἰσθητοῦ
626 3008 717 3062 τὸν
767 3008 1059 3079 ἄνθρωπον
1080 3026 1093 3039 ο
1119 3010 1297 3065 πάντα
1336 3011 1437 3081 μὲν
1480 3008 1575 3068 οὖν
1595 3017 1665 3071 τὰ
1692 3017 1787 3070 ὑπ’
1814 3019 1915 3073 αὐ-

333 3097 431 3152 τοῦ
457 3099 732 3170 γενόμενα
760 3099 1080 3153 κοινωνοῦσι
1096 3100 1198 3170 τῆς
1222 3101 1389 3156 αὑτοῦ
1418 3105 1755 3178 ἁγαθότητος
1773 3113 1916 3166 κατὰ
1942 3104 1983 3158 (ἶ

332 3189 394 3243 τὸ
429 3187 590 3248 εἶναι.
626 3191 800 3257 Αὐτὸς
852 3192 960 3263 γάρ
985 3193 1101 3245 ἐστι
1133 3196 1247 3258 τοῖς
1286 3197 1421 3249 πᾶσι
1442 3197 1503 3250 τὸ
1532 3194 1691 3266 εἶναι,
1725 3203 1915 3276 ἐπειδὴ

328 3282 573 3350 ,ἐγ-αὐτῷ
596 3285 717 3338 εισι
748 3285 823 3337 τὰ
852 3284 1020 3349 ὄντα,
1058 3285 1119 3338 οὐ
1155 3286 1316 3356 μόνον
1332 3288 1415 3342 ὅτι
1441 3292 1606 3356 αὐτὸς
1630 3295 1696 3349 ὲκ
1717 3297 1811 3349 τοῦ
1839 3297 1915 3371 μὴ

328 3372 483 3436 ὄντος
513 3373 598 3437 εις
628 3373 689 3426 τὸ
718 3368 860 3427 εἶναι
891 3373 1033 3428 αὐτὰ
1060 3377 1544 3448 παρήγαγεν,ὰλλ’
1574 3383 1656 3438 ὅτι
1685 3387 1719 3457 ἡ
1744 3368 1914 3443 αὐτοῦ

329 3469 580 3542 ἐνέργεια
606 3469 675 3523 τὰ
700 3470 791 3523 ὑπ’
834 3469 1001 3525 αὑτοῦ
1039 3471 1309 3544 γενόμενα
1352 3480 1613 3550 συντηρεῖ
1653 3481 1748 3535 καὶ
1786 3498 1913 3535 συν*

331 3561 479 3635 ἔχει·
509 3565 575 3619 ὲκ
598 3563 862 3636 περισσοῦ
893 3565 951 3619 δὲ
980 3565 1048 3620 τὰ
1072 3564 1189 3632 ζῶα
1219 3584 1233 3597 ⁸
1262 3570 1406 3627 κατά
1434 3589 1495 3625 τε
1518 3570 1627 3646 γὰρ
1658 3575 1721 3629 τὸ
1747 3571 1908 3643 εἶναι,

332 3657 426 3710 καὶ
454 3659 595 3712 κατά
619 3658 678 3711 τὸ
711 3656 859 3728 ζωῆς
899 3659 1173 3730 μετέχειν,
1202 3666 1522 3720 κοινωνοῦσι
1551 3666 1646 3721 τοῦ
1674 3668 1905 3737 ἀγαθοῦ.

316 3751 402 3807 Τὰ
429 3753 488 3809 δὲ
510 3754 724 3827 λογικὰ,
754 3756 851 3811 καὶ
874 3758 1018 3813 κατὰ
1045 3759 1116 3815 τὰ
1137 3762 1510 3832 προειρημένα
1547 3765 1669 3833 μὲν,
1697 3767 1759 3819 οὐ
1795 3768 1905 3839 μὴν

314 3845 453 3902 ἀλλὰ
486 3848 631 3902 κατὰ
655 3849 717 3902 τὸ
742 3849 987 3918 λογικὸν,
1016 3852 1111 3906 καὶ
1135 3851 1313 3907 ταῦτα
1332 3854 1533 3923 μᾶλλον
1556 3871 1568 3883 °
1594 3857 1903 3930 οἰκειότερα

313 3940 427 4010 γάρ
479 3938 594 4003 πῶς
649 3942 759 3995 είσι
813 3942 953 4014 πρὸς
1004 3944 1189 4013 αὑτὸν,
1250 3947 1300 4000 εί
1347 3947 1445 4001 καὶ
1498 3949 1716 4014 πάντως
1747 3946 1902 4015 οὗτος

315 4028 638 4100 ὑπέρκειται
675 4031 918 4102 ἀσυγκρί
926 4051 1052 4098 τως.

2033 1846 2236 1903 unione
2260 1863 2386 1902 cum
2411 1864 2480 1904 eo
2502 1849 2645 1919 quod
2679 1859 2761 1905 est
2792 1852 3131 1917 immortale,
3158 1856 3229 1909 sit
3252 1857 3415 1913 etiam
3450 1859 3612 1915 homo

2030 1938 2303 2008 particeps
2349 1940 2800 2011 incorruptionis.
2852 1944 2978 1999 Haec
3022 1956 3206 2003 autem
3251 1949 3374 2016 dat,
3413 1953 3613 2008 virtute
3702 1978 3703 1981 η

2029 2028 2429 2086 benedictionis
2477 2034 2531 2087 in
2578 2035 2710 2091 illud
2743 2037 3225 2093 trausclemeutata
3271 2056 3461 2095 eorum
3490 2061 3610 2113 quae

2030 2130 2294 2189 apparent
2329 2131 2543 2179 natura.

2046 2229 2181 2283 Item
2203 2233 2266 2283 de
2281 2230 2723 2351 Irummutatiotbs
2747 2233 2983 2315 corporis
3008 2241 3056 2286 st
3073 2236 3352 2303 sanguinis
3374 2235 3603 2299 Domini,

2712 2317 2999 2351 amascem.

2712 2317 2999 2359 amasccm.

2090 2389 2353 2447 Humana:
2394 2392 2583 2447 salutis
2615 2395 2923 2451 mconomia.
2947 2426 3020 2438 —
3044 2396 3187 2455 Deus
3282 2403 3375 2472 qui
3409 2402 3605 2474 bonus,

2013 2484 2108 2554 qui
2146 2484 2512 2555 undequaque
2543 2485 2747 2552 bonus,
2776 2488 2871 2559 qui
2912 2489 3209 2561 plusquam
3248 2493 3447 2562 bonus,
3494 2497 3607 2552 imo

2011 2577 2106 2647 qui
2136 2584 2287 2634 totus
2320 2576 2537 2634 bonitas
2561 2586 2664 2645 est,
2694 2586 2916 2650 propter
2931 2581 3165 2638 eximias
3198 2583 3466 2643 bonitatis
3491 2603 3605 2645 suae

2012 2667 2257 2734 divitias,
2298 2668 2527 2725 minime
2556 2685 2755 2740 passus
2783 2681 2887 2736 est,
2914 2688 2974 2728 se
3005 2673 3188 2730 solum
3214 2691 3337 2733 esse
3365 2678 3597 2745 bonum,

2012 2772 2243 2819 suamve
2279 2768 2560 2827 naturam,
2597 2762 2761 2831 cujus
2818 2764 2973 2819 nulla
2998 2780 3088 2820 res
3114 2770 3395 2839 particeps
3424 2780 3597 2837 esset,

2013 2864 2204 2907 verum
2267 2858 2325 2907 et
2359 2866 2483 2907 eam
2527 2852 2599 2908 ob
2650 2868 2878 2910 causam
2934 2857 3178 2927 primum
3224 2861 3600 2933 iutelligentcs

2008 2941 2375 3014 cmicstesque
2412 2944 2668 3010 virtutes,
2946 2955 3062 3003 tum
3093 2949 3292 3008 deinde
3333 2955 3598 3010 mundum

2010 3032 2161 3089 hunc
2198 3035 2293 3104 qui
2326 3036 2432 3091 sub
2461 3046 2751 3107 aspectum
2780 3046 2837 3094 et
2864 3054 3095 3095 sensum
3119 3042 3291 3110 cadit,
3318 3053 3599 3114 postremo

2009 3139 2077 3181 ex
2128 3126 2472 3197 intelligente
2526 3129 2892 3200 sensibilique
2949 3132 3261 3189 substantia
3316 3136 3596 3193 hominem

2010 3218 2242 3273 creavit.
2273 3220 2354 3274 Ac
2391 3234 2482 3275 res
2511 3220 2733 3290 quidem
2764 3236 2958 3277 omnes
2976 3239 3114 3293 quas
3141 3228 3417 3292 condidit,
3452 3246 3595 3300 qua-

2008 3314 2172 3364 tenus
2195 3319 2346 3374 sunt,
2378 3311 2682 3367 bonitatem
2722 3312 2901 3383 ipsius
2932 3316 3288 3388 participant,
3312 3336 3440 3377 cum
3474 3324 3595 3394 ipse

2010 3399 2283 3456 universis
2309 3415 2433 3455 esse
2464 3401 2559 3466 sit,
2601 3403 2863 3471 quoniam
2895 3404 2951 3457 in
2976 3405 3090 3473 ipso
3154 3419 3277 3463 sunt
3318 3413 3498 3466 omnia
3556 3419 3591 3471 ι.

2008 3505 2120 3546 non
2153 3491 2334 3546 solum
2371 3492 2498 3563 quia
2527 3507 2591 3547 ex
2621 3494 2800 3551 nihilo
2838 3510 2903 3551 ea
2935 3498 3052 3567 ipse
3083 3502 3365 3570 produxit,
3400 3521 3588 3561 vermn

2009 3582 2082 3637 ob
2111 3582 2165 3638 id
2189 3584 2355 3639 etiam
2384 3584 2529 3655 quod
2561 3584 2685 3654 ejus
2710 3587 2853 3642 aCtio
2910 3604 3000 3646 res
3039 3606 3071 3646 a
3101 3609 3161 3649 se
3192 3596 3448 3655 conditas
3470 3608 3592 3655 tue-

2007 3681 2099 3729 tur
2134 3680 2189 3728 et
2215 3681 2544 3743 conservat;
2585 3676 2810 3732 uberius
2842 3686 3027 3733 autem
3081 3683 3411 3752 animantia.
3457 3686 3593 3741 Nam

2010 3769 2216 3827 bonum
2251 3787 2378 3828 cum
2411 3773 2494 3829 eis
2527 3773 2927 3836 communicat,
2955 3782 3072 3827 tum
3121 3779 3399 3842 quatenus
3438 3779 3594 3838 sunt,

2009 3869 2127 3916 tum
2162 3872 2440 3933 quatenus
2480 3860 2665 3920 vitam'
2700 3872 3054 3935 acceperunt.
3092 3863 3161 3918 At
3186 3879 3316 3918 vero
3346 3878 3469 3933 qua:
3503 3879 3596 3917 ra-

2009 3951 2161 4009 tione
2194 3961 2448 4021 utuntur,
2486 3964 2602 4011 tum
2627 3957 2700 4013 ob
2729 3971 2792 4011 ea
2818 3972 2942 4027 quae
2974 3957 3139 4011 modo
3182 3955 3445 4018 diximus,
3481 3964 3594 4008 tum

2007 4044 2081 4099 ob
2128 4044 2404 4102 rationem
2461 4048 2628 4102 etiam
2697 4063 2811 4119 qua
2844 4048 3076 4117 pollent,
3119 4047 3251 4102 boni
3291 4046 3597 4115 participa-

315 4121 469 4177 tione
505 4122 790 4191 copiosius
821 4124 1106 4180 i‘ruuntur.
1135 4122 1377 4183 Arctiori
1416 4129 1623 4185 etenim
1653 4131 2065 4201 quodammodo
2117 4134 2533 4193 necessitudine
2574 4152 2708 4192 cum
2767 4154 2836 4194 eo
2900 4137 3201 4206 conjuncta
3258 4144 3426 4192 sunt:
3458 4145 3598 4191 tam—

314 4216 420 4273 etsi
452 4218 658 4290 alioqui
696 4220 789 4277 ille
811 4223 1239 4294 incomparabili
1274 4224 1617 4282 sublimitate
1648 4227 1836 4282 omnia
1875 4237 2118 4298 superet.

400 4309 460 4363 '0
515 4310 702 4382 μέντοι
750 4312 1061 4383 ἄνθρωπος,
1116 4315 1336 4385 λογικὸς
1404 4318 1499 4371 καὶ
1553 4317 1907 4383 αὑτεξούσιος

318 4400 634 4471 γενόμενος,
691 4404 943 4471 ἐξουσίαν
1001 4407 1228 4478 εἴληφεν
1271 4409 1638 4479 ἀδιαλείπτως
1667 4412 1757 4465 διὰ
1806 4413 1907 4479 τῆς

2085 4321 2255 4393 Atqui
2284 4321 2453 4378 homo
2501 4323 2717 4379 ratione
2754 4323 3042 4394 liberaque
3080 4321 3364 4379 voluntate
3405 4321 3599 4391 praedi—

2015 4418 2117 4468 1118-
2136 4428 2263 4468 cum
2287 4423 2458 4482 8886!,
2500 4415 2644 4471 hanc
2678 4424 2972 4487 acceperat
3023 4423 3374 4486 potestatem,
3407 4422 3467 4468 ut
3503 4428 3600 4483 per

320 4491 532 4556 οἰκείας
545 4495 925 4566 προαιρέσεως
953 4498 1210 4553 ἑνοῦσθαι
1232 4500 1311 4570 τῷ
1330 4501 1473 4572 Θεῷ,
1506 4478 1646 4572 sit}:
1677 4504 1920 4576 διαμένῃ

2021 4518 2169 4559 suam
2206 4505 2532 4561 electionem
2568 4508 2944 4563 indesinenter
2984 4522 3109 4562 cum
3154 4506 3264 4561 Deo
3298 4505 3603 4575 conjunge-

322 4581 384 4633 ιν
431 4582 508 4652 τῷ
540 4585 755 4657 ἀγαθῷ,
802 4589 1053 4643 τουτέστι
1084 4594 1152 4662 τῇ
1190 4592 1285 4645 τοῦ
1330 4594 1633 4659 κτίσαντος
1668 4596 1906 4666 ὑπακοῇ.

337 4674 558 4748 Ἐπειδὴ
589 4679 769 4733 τοίνυν
798 4683 857 4735 ὲν
910 4683 1228 4754 παραϐάσει
1262 4686 1363 4757 τῆς
1405 4686 1501 4739 τοῦ
1539 4688 1911 4756 πεποιηκότος

323 4768 487 4824 αὐτὸν
517 4772 739 4841 ἐντολῆς
769 4772 986 4841 γέγονε,
1045 4776 1141 4829 καὶ
1177 4777 1394 4849 θανάτῳ
1442 4779 1536 4833 καὶ
1566 4779 1745 4851 φθορᾷ
1772 4782 1907 4836 ὑπο-

325 4860 637 4927 πέπτωκεν,
676 4864 706 4914 ὁ
734 4864 970 4935 non;qu
1028 4868 1125 4919 καὶ
1181 4869 1527 4940 Δημιουργὸς
1578 4869 1673 4924 τοῦ
1715 4872 1909 4940 γένους

324 4951 482 5022 ἡμῶν
509 4953 598 5008 διὰ
628 4954 919 5028 σπλάγχνα
978 4957 1165 5022 ἐλέους
1216 4960 1384 5015 αὑτοῦ
1433 4960 1696 5033 ὡμοιώθη
1749 4964 1906 5035 ἡμῖν,

324 5045 467 5099 κατὰ
502 5047 683 5102 πάντα
736 5049 1032 5120 γενόμενος
1089 5050 1376 5123 ἄνθρωπος
1402 5054 1573 5124 χωρὶς
1602 5056 1910 5125 ἁμαρτίας,

325 5135 421 5187 καὶ
457 5134 643 5208 ἠνώθη
676 5140 743 5210 τῇ
776 5139 1022 5212 ἡμετέρᾳ
1056 5139 1242 5209 φύσει.
1286 5143 1505 5215 Ἐπειδὴ
1548 5144 1659 5216 γὰρ
1685 5147 1917 5214 μετέδω-

328 5240 424 5277 κεν
455 5226 591 5296 ὴμῖν
620 5229 721 5298 τῆς
755 5228 893 5292 ιδίας
920 5229 1153 5295 εἰκόνος,
1188 5232 1284 5285 καὶ
1309 5232 1404 5286 τοῦ
1422 5234 1555 5287 ίδίου
1582 5235 1915 5304 πνεύματος,

328 5315 421 5366 καὶ
449 5315 551 5370 οὐκ
580 5318 948 5391 ὲφυλάξαμεν,
990 5322 1401 5394 μεταλαμϐάνει
1435 5327 1599 5390 αὐτὸς
1638 5330 1738 5399 τῆς
1774 5345 1918 5380 πτω-

326 5407 432 5477 χῆς
451 5412 548 5464 καὶ
568 5412 833 5478 ἀσθενοῦς
862 5414 1022 5485 ἡμῶν
1072 5416 1310 5485 φύσεως,
1368 5420 1456 5473 ἵνα
1483 5422 1634 5492 ἡμᾶς
1675 5421 1917 5493 καθάρῃ,

328 5505 423 5555 καὶ
449 5502 786 5579 ἀφθαρτίσῃ,
820 5508 914 5561 καὶ
939 5508 1205 5580 μετόχους
1230 5511 1396 5567 πάλιν
1432 5515 1529 5585 τῆς
1551 5514 1719 5568 αὑτοῦ
1744 5533 1918 5571 κατα-

329 5594 507 5667 στήσῃ
540 5595 819 5668 θεότητος.

441 5808 455 5838 ί
496 5804 654 5861 lion).
690 5824 761 5874 xu,
794 5808 885 5865 36.
991 5808 1009 5839 ’
1039 5807 1204 5864 licbr.
1236 5827 1298 5879 ιι,
1335 5808 1417 5864 17.

2014 4603 2189 4659 retur,
2235 4598 2515 4667 siquidem
2566 4599 2621 4651 in
2663 4599 2832 4663 bono,
2894 4599 2997 4653 hoc
3044 4603 3127 4653 est
3180 4598 3239 4651 in
3289 4595 3601 4652 obedientia

2016 4684 2301 4741 Creatoris
2340 4688 2703 4756 perstitisset.
2739 4688 3013 4753 Quoniam
3047 4701 3182 4740 vero
3203 4685 3486 4741 Creatoris
3515 4687 3602 4739 sui

2015 4777 2221 4831 violato
2276 4787 2571 4847 praecepto,
2620 4778 2784 4831 morti
2827 4787 2884 4831 et
2933 4775 3291 4844 corruptioni
3326 4773 3607 4829 obnoxius

2014 4866 2142 4934 fuit,
2194 4869 2405 4925 idcirco
2463 4869 2683 4940 generis
2738 4866 3247 4922 nostriProductor
3288 4874 3345 4921 et
3383 4864 3601 4935 Opiiex,

2015 4957 2087 5011 ob
2115 4957 2505 5013 misericordia:
2533 4973 2648 5013 suae
2677 4958 2906 5023 viscera,
2943 4956 3290 5012 assimilatus
3314 4965 3400 5011 est
3421 4956 3604 5021 nobis,

2016 5046 2186 5103 homo
2224 5048 2404 5104 factus
2434 5049 2558 5104 sine
2586 5056 2844 5118 peccato,
2881 5059 3191 5118 nostraeque
3228 5054 3442 5103 natura:
3467 5048 3605 5102 uni—

2021 5150 2110 5194 tus
2137 5138 2239 5193 fuit
2299 5141 2339 5193 '.
2376 5138 2535 5207 Nam,
2578 5141 2706 5211 quia
2752 5141 3044 5211 imaginem
3101 5139 3295 5210 ipsius,
3354 5150 3409 5195 et
3438 5139 3607 5209 spiri-

2022 5241 2136 5286 tum
2168 5247 2330 5302 quctn
2366 5233 2531 5289 nobis
2558 5233 2809 5297 dederat,
2839 5234 3067 5289 minime
3091 5234 3461 5297 servavimus,
3491 5234 3607 5301 ipse

2020 5340 2145 5379 cum
2184 5340 2427 5396 paupere
2465 5327 2793 5395 inﬁrmaque
2849 5334 3047 5380 natura
3108 5337 3298 5381 nostra
3331 5340 3607 5378 commer-

2022 5419 2167 5473 cium
2193 5419 2337 5486 iniit,
2364 5434 2475 5489 quo
2500 5434 2603 5475 nos
2625 5420 2898 5489 expiaret,
2933 5426 3098 5485 atque
3137 5416 3203 5470 ad
3236 5416 3608 5483 incorruptio-

2022 5512 2110 5566 nis
2152 5518 2354 5567 statum
2385 5514 2703 5580 translatos,
2741 5529 2854 5569 sua:
2887 5526 3107 5566 rursum
3137 5508 3446 5565 divinitatis
3486 5510 3609 5565 red-

2020 5599 2178 5657 deret
2207 5600 2527 5672 participes.
