4044 6290
289 336 428 401 1273

1237 339 1631 401 PANOPLIA
1678 337 2142 401 DOGMATICA.
2184 364 2204 377 ε
2231 363 2254 376 ·
2295 340 2447 404 TlT.
2490 342 2698 405 XXVI.

3414 346 3550 412 1274

356 453 418 505 El
477 449 536 506 δὲ
596 453 689 508 καί
761 469 904 518 τινες
962 452 1234 508 ἀντίτυπα
1306 454 1401 509 τοῦ
1467 454 1719 525 σώματος
1783 455 1867 509 ml

2054 452 2169 519 Qua
2200 469 2358 508 sensu
2395 453 2624 510 Basilius
2682 456 3079 513 Eucharistiam
3130 460 3329 516 vocavit
3384 463 3552 518 ἀντί-

286 550 522 623 αῐμιατος
553 549 650 605 τοῦ
682 551 766 603 Κυ
777 549 893 621 ρίου
918 551 1010 604 τὸν
1038 552 1201 621 ἄρτον
1228 551 1324 606 καὶ
1360 552 1450 606 τὸν
1475 548 1620 606 οἶνον
1675 551 1871 608 ἐκάλε-

287 658 412 706 σαν,
433 641 509 704 ὡς
538 640 567 692 ὁ
597 640 856 711 θεοφόρος
879 639 987 710 ἔφη
1018 641 1322 706 Βασίλειος,
1355 643 1418 696 οὐ
1461 644 1603 713 μετὰ
1625 645 1686 697 τὸ
1715 645 1878 713 ἁγια-

286 733 483 804 σθῆναι
540 729 715 798 εἷπον,
777 732 913 786 ἀλλὰ
971 733 1102 804 πρὶν
1155 734 1508 806 άγιασθῆναι,
1559 735 1731 805 αὐτὴν
1778 735 1877 807 τὴν

286 826 608 896 προσφορὰν
637 823 781 878 οὕτω
825 823 1178 889 καλέσαντες.

349 1099 681 1172 Μετάληψις
711 1099 770 1154 δὲ
802 1099 1025 1170 λέγεται
1060 1116 1074 1132 ο
1102 1101 1172 1154 δι’
1201 1101 1376 1173 αὐτῆς
1405 1102 1534 1174 γὰρ,
1562 1101 1663 1172 τῆς
1698 1101 1877 1174 Ἰησοῦ

284 1194 539 1264 θεότητος
572 1191 1087 1264 μεταλαμϐάνομεν.
1140 1193 1412 1247 Κοινωνία
1457 1193 1515 1246 δὲ
1548 1193 1766 1262 λέγεταί
1818 1211 1878 1248 τε

285 1286 386 1341 καὶ¹
423 1286 574 1338 ἐστιν
608 1284 848 1355 ἀληθῶς,
882 1283 1053 1338 διὰτὸ
1102 1288 1382 1338 κοινωνεῖν
1428 1287 1579 1355 ἡμᾶς
1613 1286 1680 1339 δι’
1706 1287 1879 1358 αὐτῆς

284 1378 365 1448 τῷ
417 1376 662 1448 Χριστῷ,
711 1378 806 1430 καὶ
845 1377 1098 1447 μετέχειν
1130 1378 1296 1430 αὐτοῦ
1329 1379 1428 1448 τῆς
1463 1378 1667 1450 σαρκός
1698 1397 1758 1432 τε
1782 1380 1879 1434 καὶ

285 1471 384 1542 τῆς
421 1470 676 1541 θεότητος
699 1485 712 1501 ⁸
751 1473 1031 1523 κοινωνεῖν
1058 1471 1136 1534 δὲ,
1179 1470 1275 1524 καὶ
1315 1469 1572 1526 ἐνοῦσθαι
1626 1472 1880 1544 ἀλλήλοις

230 1553 233 1555 ’
283 1565 354 1617 δι’
391 1565 562 1633 αὐτῆς
588 1581 600 1592 ·
638 1564 761 1616 ἐπεὶ
783 1563 893 1635 γὰρ
926 1565 986 1630 ἐξ
1007 1563 1124 1627 ένδς
1159 1565 1325 1634 ἄρτου
1364 1566 1878 1639 μεταλαμΰάνομεν,

284 1657 332 1710 οί
368 1655 566 1716 πάντες
596 1654 654 1708 ἓν
684 1656 843 1726 σῶμα
879 1655 1141 1726 Χριστοῦ,
1177 1658 1271 1711 καὶ
1310 1657 1367 1710 ἓν
1400 1654 1564 1728 αἷμα,
1590 1660 1684 1711 καὶ
1715 1661 1880 1732 ἀλλή-

1971 570 2132 609 τυπα
2155 557 2396 626 corporis
2427 566 2476 611 et
2498 558 2776 626 sanguinis
2813 555 3036 613 Christi.
3058 588 3120 600 —
3152 558 3312 627 Quod
3345 563 3389 617 si
3416 579 3552 620 non-

1980 647 2113 701 nulli
2139 663 2332 718 panem
2366 649 2691 719 vinumque,
2726 650 2982 718 corporis
3034 657 3087 704 et
3121 653 3414 722 sanguinis
3451 653 3556 708 Do-

1979 739 2112 791 mini
2139 738 2431 804 ἀντίτυπα,
2464 755 2558 795 seu
2593 739 2864 810 imagines
2896 740 3171 810 ﬁgurasve
3194 751 3555 811 vocaverunt.

1980 829 2129 884 velut
2166 830 2392 886 divinus
2417 830 2681 898 Basilius,
2715 848 2826 886 non
2860 834 2963 888 hoc
3003 842 3130 902 post
3177 837 3560 891 consecratio-

1979 939 2103 978 nem
2128 923 2413 992 dixerunt,
2442 925 2537 980 sed
2578 934 2875 997 antequam
2926 925 3139 983 oblatio
3190 929 3309 999 ipsa
3355 943 3558 984 consc-

1978 1025 2256 1079 craretur,
2295 1031 2482 1071 vocem
2522 1017 2666 1071 hanc
2700 1027 3062 1087 usurparunt.

2049 1105 2416 1176 Nuncupatur
2448 1109 2827 1178 participatio,
2869 1109 2999 1179 quia
3027 1125 3123 1180 per
3154 1109 3329 1180 ipsam
3360 1111 3561 1168 divini-

1979 1197 2111 1253 tatis
2145 1195 2278 1253 Jesu
2328 1200 2613 1254 reddimur
2675 1202 3000 1271 participes.
3055 1201 3388 1256 Communio
3428 1205 3558 1259 item

1979 1289 2310 1358 appellatur,
2354 1297 2410 1344 et.
2457 1304 2649 1345 revera
2707 1298 2814 1355 est,
2875 1292 3003 1360 quia
3040 1307 3137 1361 per
3178 1306 3297 1346 eam
3339 1292 3562 1348 Christo

1980 1377 2484 1441 communicamus,
2534 1378 2764 1447 ejusque
2812 1392 3036 1431 carnem
3091 1393 3155 1432 ac
3217 1378 3562 1434 divinitatem

1981 1468 2340 1540 percipimus,
2379 1469 2513 1540 quin
2547 1471 2714 1525 etiam
2763 1471 2889 1526 aliis
2920 1471 3029 1540 ,‘alii
3088 1473 3563 1527 communicamus

1981 1575 2046 1616 ac
2078 1562 2432 1632 copulamur.
2473 1560 2609 1616 Nam
2641 1562 2772 1632 quia
2806 1578 2870 1617 cx
2908 1577 3016 1616 uno
3070 1577 3210 1632 pane
3265 1563 3563 1632 participa-

1981 1669 2126 1721 mus,
2161 1668 2358 1710 omnes
2412 1671 2583 1710 unum
2618 1654 2828 1711 Christi
2867 1671 3094 1725 corpus,
3145 1664 3201 1709 et
3249 1671 3392 1710 unus
3433 1671 3561 1710 san-

285 1751 392 1800 λων
431 1746 575 1819 μέλη
631 1746 917 1818 γινόμεθα,
982 1747 1263 1820 σύσσωμοι
1301 1750 1542 1821 Χριστοῦ
1609 1753 1867 1823 χρηματί·

1981 1745 2124 1814 guis,
2151 1745 2360 1814 aliique
2385 1745 2622 1800 aliorum
2649 1744 2895 1801 membra
2924 1745 3216 1813 ctiicimur,
3245 1746 3374 1800 dum
3399 1744 3561 1800 unius

285 1837 492 1900 ζοντες.

863 2130 1118 2186 τιΤΑοΣ
1151 2133 1296 2200 κεῖν.

791 2268 948 2325 Κατὰ
991 2267 1417 2322 Μασαλιανῶν.

375 2407 530 2461 Κατὰ
560 2406 685 2470 τοὺς
702 2405 927 2476 χρόνους
961 2403 1414 2458 Οὐαλεντινιανοῦ
1452 2402 1547 2459 καὶ
1573 2403 1874 2467 Οὐάλεντος

299 2497 336 2568 ἡ
366 2496 474 2552 τῶν
511 2496 878 2551 Μασαλιανῶν
916 2495 1253 2566 ἐϐλάστησεν
1295 2495 1510 2566 αἵρεσις
1533 2512 1547 2526 ·
1585 2497 1618 2566 ἠ
1647 2495 1704 2549 δὲ
1733 2495 1870 2566 κλῆ-

302 2604 388 2651 σις
420 2587 557 2659 αῦτη
601 2587 1049 2658 μεταϐαλλομένη
1095 2589 1175 2651 είς
1217 2588 1316 2659 τὴν
1359 2587 1583 2642 Ἐλλάδα
1617 2588 1870 2657 γλῶσσαν

301 2680 534 2750 Εὑχίτας
581 2680 750 2750 δηλοῖ.
783 2680 890 2733 Καὶ
918 2681 1027 2752 γὰρ
1075 2680 1210 2734 πολὺ
1271 2681 1405 2752 παρ’
1444 2682 1630 2745 αὐτοῖς
1671 2681 1733 2734 τὸ
1771 2679 1871 2751 τῆς

299 2773 466 2844 ὶύχῆς
490 2774 686 2843 όνομα,
724 2773 818 2826 καὶ
855 2773 1062 2844 ταύτην
1085 2773 1196 2828 ἄνω
1242 2774 1336 2828 καὶ
1367 2775 1519 2829 κάτω
1559 2773 1870 2844 θρυλλοῦσι,

301 2865 397 2918 καὶ
424 2864 563 2935 αῦτη
593 2865 804 2930 τούτοις
827 2865 888 2919 τὸ
923 2865 1332 2936 σεμνολόγημα.
1360 2866 1538 2938 Εύχὴν
1576 2866 1633 2920 δὲ
1684 2867 1871 2934 λέγου-

300 2973 388 3011 σιν
410 2958 518 3011 είτε
554 2958 654 3028 τὴν
680 2959 1018 3030 προσευχὴν,
1044 2958 1111 3029 ἢν
1139 2959 1367 3022 ἕκαστος
1390 2958 1694 3029 προσφέρει
1723 2959 1864 3027 Θεῷ,

298 3048 413 3104 εἴτε
441 3051 640 3120 τὴντοῦ
660 3051 854 3121 Πάτερ
879 3053 1068 3121 ἡμῶν,
1101 3055 1168 3123 ἢν
1197 3054 1225 3106 ό
1256 3051 1461 3123 Κύριος
1480 3054 1593 3115 τοῖς
1631 3052 1864 3106 ἀποστό-

1979 1835 2233 1907 corporis
2258 1851 2474 1893 sumus.

2505 2127 2808 2187 TITULUS
2842 2131 3032 2188 XXVI.

2431 2261 2692 2316 Adversus
2729 2261 2779 2315 Μ
2789 2263 3074 2322 asalianos.

2045 2393 2430 2450 Valentiniano
2464 2405 2518 2452 et
2549 2393 2772 2451 Valente
2835 2397 3255 2466 imperatoribus
3297 2397 3548 2455 Masaiia-

1970 2501 2163 2542 norum
2207 2488 2433 2544 haeresis
2459 2488 2761 2558 pullulavit.
2794 2489 2946 2554 Quod
2978 2490 3198 2559 quidem
3225 2494 3544 2548 vocabulum

1971 2579 2249 2648 Euchitas,
2285 2583 2337 2636 id
2361 2591 2445 2638 est
2479 2583 2768 2652 supplices,
2799 2597 2890 2637 seu
2945 2595 3227 2652 precantes
3257 2586 3547 2656 signiﬁcat.

1971 2670 2176 2728 Multus
2210 2674 2355 2728 enim
2389 2674 2528 2743 apud
2576 2675 2720 2743 ipsos
2765 2682 2850 2729 est
2899 2690 3080 2732 sermo
3117 2676 3184 2730 de
3216 2679 3547 2746 precatione,

1970 2779 2200 2834 eamque
2233 2779 2500 2834 nusquam
2541 2781 2646 2820 non
2680 2765 2976 2834 celebrant,
3010 2776 3060 2822 et
3086 2767 3360 2837 jactitant.
3415 2769 3548 2822 Pre-

1971 2855 2238 2909 catiouem
2307 2865 2486 2910 autem
2557 2856 2672 2910 sive
2745 2856 3200 2926 supplicationem
3278 2858 3548 2927 appellant

1973 2960 2180 3014 preces,
2231 2960 2366 3015 quas
2422 2946 2649 3016 quisque
2702 2947 2860 3002 otl‘ert
2893 2948 3044 3015 Deo;
3091 2948 3322 3019 exempli
3353 2950 3544 3018 gratia,

1974 3035 2135 3089 Pater
2163 3049 2358 3103 noster,
2405 3053 2567 3106 quam
2618 3037 2835 3107 quidem
2881 3039 3244 3105 precationem
3291 3039 3547 3094 Dominus

297 3139 412 3202 λοις
437 3141 777 3212 παρέδωκεν,
809 3144 921 3197 εἴτε
963 3146 1085 3199 τινὰ
1114 3143 1313 3215 ἑτέραν
1342 3145 1529 3214 μόνοις
1567 3145 1626 3212 ἐξ
1683 3145 1865 3197 αὐτῶν

1971 3128 2250 3197 discipulis
2312 3129 2552 3194 tradidit,
2595 3140 2686 3182 aut
2744 3129 2960 3197 aliquod
3024 3131 3166 3183 aliud
3220 3133 3546 3199 precationis

298 3233 650 3305 ιγνωσμένην
680 3236 793 3298 τοῖς
822 3237 902 3300 είς
945 3236 1202 3292 ἀσέϐειαν
1249 3237 1619 3304 τελεωτέροις,
1651 3235 1786 3305 πρὸς
1811 3234 1868 3287 δὲ

297 3325 424 3388 τοὺς
451 3324 650 3390 ἄλλους
706 3328 916 3391 πάντας
973 3323 1140 3384 οὖσαν
1185 3330 1488 3400 άνέκφορον
1537 3330 1626 3384 διὰ
1661 3329 1762 3399 τὴν
1810 3330 1868 3382 ὲν

301 3415 441 3486 αὐτῇ
473 3417 888 3488 τερατολογίαν.
931 3415 1108 3490 οἶμαι,
1139 3422 1234 3474 καὶ
1281 3421 1575 3491 σατανικὴν
1625 3421 1862 3490 ἐπῳδήν.

303 3507 529 3578 Ἔχουσι
565 3508 620 3563 δὲ
647 3511 741 3564 καὶ
771 3510 941 3580 ἄλλην
988 3513 1366 3581 προσηγορίαν
1401 3512 1512 3565 ἀπὸ
1546 3511 1642 3564 τοῦ
1685 3512 1867 3581 *ιιεράγ⁴

299 3616 470 3668 ματος
501 3601 844 3655 ὲπιτεθείσαν
867 3604 1070 3666 αὐτοῖς,
1114 3604 1530 3658 Ἐνθουσιασταὶ
1555 3605 1663 3674 γὰρ
1689 3619 1864 3674 προσ-

297 3691 684 3761 ονομάζονται,
751 3695 1008 3764 δαίμονός
1042 3713 1188 3757 τινος
1230 3696 1520 3766 ἐνέργειαν
1546 3697 1865 3765 είσδεχόμε-

297 3798 416 3848 νοι,
447 3781 544 3835 καὶ
571 3782 891 3855 Πνεύματος
919 3785 1078 3854 ἁγίου
1109 3786 1317 3857 ταύτην
1356 3788 1861 3858 ὑπολαμϐάνοντες.

297 3876 366 3929 οι
391 3875 449 3929 δὲ
489 3874 672 3930 τέλεον
702 3877 804 3949 τὴν
853 3878 1010 3932 νόσον
1038 3880 1246 3949 ταύτην
1287 3879 1686 3950 είσδεδεγμένοι
1727 3882 1866 3935 ἀπο-

300 3966 626 4036 στρέφονται
659 3968 760 4037 μὲν
795 3968 894 4039 τὴν
919 3969 1031 4023 τῶν
1057 3971 1260 4040 χειρῶν
1297 3972 1566 4042 ἐργασίαν
1593 3972 1668 4032 ὡς
1695 3989 1865 4044 πονη-

300 4057 422 4127 ρὰν,
449 4056 601 4125 ὕπνῳ
628 4059 683 4111 δὲ
713 4061 782 4111 τὰ
804 4061 978 4113 πολλὰ
1019 4063 1159 4129 σφᾶς
1198 4061 1398 4123 αὐτοὺς
1433 4062 1733 4125 ἐκδιδόντες
1781 4066 1866 4116 ὲν-

300 4148 632 4217 θουσιασμὺν
652 4151 752 4214 τὰς
775 4151 885 4206 τῶν
911 4151 1142 4223 ὀνείρων
1171 4153 1474 4220 φαντασίας
1501 4153 1863 4210 ἀποκαλοῦσι.

299 4237 514 4307 Ταύτης
547 4240 800 4308 ἐγένοντο
827 4243 930 4312 τῆς
959 4243 1228 4313 αἱρέσεως
1264 4244 1506 4314 ἀρχηγοὶ
1549 4243 1736 4297 πολλοὶ
1763 4246 1864 4315 μὲν

298 4328 393 4382 καί⁵
416 4328 588 4394 ἄλλοι,
616 4330 697 4385 ἔτι
728 4331 785 4385 δὲ
819 4333 916 4385 καὶ
947 4333 1242 4404 ’Λδέλφιος,
1274 4334 1333 4387 δν
1354 4333 1650 4398 Φλαϐιανδς
1679 4335 1708 4387 ὁ
1740 4334 1862 4388 Ἀν-

296 4420 534 4489 τιοχείας
563 4423 1077 4494 μετακαλεσάμενος
1108 4425 1169 4490 ἐξ
1221 4425 1500 4495 Ἐδέσσης,
1549 4427 1644 4478 καὶ
1682 4443 1862 4496 τεχνι-

301 4513 413 4576 κῶς
449 4513 716 4579 ὑπελθὼν,
749 4518 842 4570 καὶ
892 4518 1167 4589 μαθητιᾷν
1220 4519 1680 4589 ὑποκρινάμενος,
1721 4536 1862 4589 παρ-

298 4605 594 4659 εσκεύασεν
626 4606 881 4677 ἐξεμέσαι
931 4610 1109 4664 πάντα
1138 4611 1230 4662 τὸν
1271 4611 1724 4680 ἐγκεκρυμμένον
1753 4611 1862 4664 τῶν

296 4699 586 4765 δογμάτων
611 4699 707 4752 ίόν.
736 4701 912 4771 Δήλης
933 4701 990 4754 δὲ
1010 4701 1107 4770 τῆς
1127 4702 1282 4755 νόσου
1308 4701 1512 4771 ταύτης
1539 4702 1867 4772 γενομένης,

297 4787 396 4858 τῆς
426 4789 528 4858 μὲν
558 4789 755 4859 Συρίας
799 4790 1166 4862 ἐξηλάθησαν,
1196 4795 1275 4855 είς
1312 4792 1370 4846 δὲ
1400 4793 1502 4864 τὴν
1535 4793 1861 4863 Παμφυλίαν

297 4877 606 4950 ἐχώρησαν.
661 4880 798 4933 Τίνα
844 4880 1009 4934 δὲτὰ
1044 4881 1293 4950 δόγματα
1360 4883 1567 4938 τούτων
1625 4883 1861 4955 ἐροῦμεν

297 4971 706 5040 προϐαίνοντες.
750 4955 1166 5045 Ἀνελήφθηῆν
1201 4977 1310 5045 γὰρ
1351 4977 1415 5029 ἐκ
1442 4977 1541 5047 τῆς
1568 4977 1747 5031 αὐτῶν
1783 4977 1863 5048 βί-

296 5062 448 5131 ϐλου,
477 5066 572 5118 καὶ
624 5067 759 5119 πᾶσι
801 5067 923 5120 τότε
953 5065 1312 5137 προετίθεσαν
1363 5068 1444 5131 εἰς
1473 5068 1536 5121 τὸ
1579 5068 1861 5123 καταπτύ-

294 5157 470 5211 εσθαι.

366 5249 657 5316 Λέγουσιν,
684 5249 765 5302 δτι
807 5251 862 5302 αί
883 5249 1034 5318 τρεῖς
1059 5245 1391 5309 ὑποστάσεις
1433 5248 1671 5319 Πατρὸς,
1705 5249 1859 5312 Υίοῦ,

295 5340 390 5394 καὶ
416 5341 575 5409 ἁγίου
601 5321 919 5411 Π’νεύματος
955 5343 1035 5402 είς
1069 5341 1201 5410 μίαν
1249 5340 1548 5393 ὑπόστασιν
1600 5343 1862 5395 ἀναλύον-

296 5449 407 5487 ται.
443 5432 615 5486 Τοῦτο
647 5434 704 5488 δὲ
739 5434 804 5487 ἐκ
850 5433 949 5502 τῆς
987 5432 1320 5502 Σαϐελιανῆς
1354 5433 1616 5504 αἱρέσεως
1661 5434 1860 5504 ἐσύλη-

298 5523 496 5584 σανιίς
535 5521 594 5577 ἓν
640 5521 1025 5591 συναιρούσης,
1091 5520 1187 5574 καὶ
1251 5520 1706 5592 συναλειφούσης,
1767 5525 1860 5577 καὶ

299 5613 639 5684 συγχεσύσης
658 5617 757 5678 τὰς
781 5615 930 5686 τρεῖς
960 5613 1312 5682 ὑποστάσεις,
1342 5613 1435 5670 καὶ
1469 5613 1601 5686 μίαν
1626 5614 1860 5669 ὑπόσταο

369 5777 386 5808 ⁸
418 5775 440 5832 ι
469 5775 594 5834 Cor.
626 5791 701 5845 XI,
731 5775 826 5834 29.

1969 3233 2156 3287 genus,
2186 3219 2315 3274 solis
2357 3219 2484 3283 illis,
2518 3219 2608 3286 qui
2641 3220 2778 3288 apud
2809 3220 2953 3287 ipsos
2985 3219 3038 3272 in
3077 3220 3351 3288 impietate
3405 3224 3546 3288 peri-

1970 3309 2134 3363 tiores
2185 3319 2345 3374 sunt,
2399 3311 2712 3378 cognitum;
2774 3310 2842 3364 ab
2895 3310 3014 3364 aliis
3064 3321 3241 3364 autem
3295 3314 3544 3367 omnibus

1968 3399 2270 3469 ignoratum
2302 3409 2518 3469 propter
2539 3400 2728 3469 ipsius,
2753 3409 2808 3454 ut
2842 3401 3094 3463 arbitror,
3125 3401 3539 3468 absurditatem,

1966 3501 2020 3543 et
2071 3491 2368 3543 satanicum
2415 3491 2856 3544 iucantationem.
2904 3491 3062 3546 Aliud
3102 3493 3264 3547 etiam
3314 3495 3380 3548 ab
3425 3499 3540 3565 ipsa

1967 3594 2026 3635 re
2073 3596 2370 3650 cognomen
2435 3583 2650 3635 habent.
2708 3581 2885 3636 Aﬁlati
2941 3583 3082 3638 enim
3144 3598 3540 3655 nuncupantur,

1965 3675 2162 3743 quippe
2195 3674 2288 3743 qui
2319 3674 2578 3729 dmmouis
2627 3674 2913 3744 cujus‘dam
2972 3678 3234 3732 actionem
3289 3681 3539 3744 subeant,

1966 3779 2126 3833 quam
2187 3778 2307 3819 esse
2370 3763 2545 3818 sancti
2594 3763 2830 3833 Spiritus
2885 3765 3214 3820 existimant.
3282 3768 3386 3823 Sed
3451 3774 3539 3838 qui

1965 3855 2205 3922 perfecto
2240 3854 2490 3908 laborant
2548 3856 2651 3910 hoc
2711 3857 2940 3922 morbo,
3005 3873 3261 3912 manuum
3323 3862 3537 3930 quidem

1964 3960 2102 4016 opus
2138 3945 2215 3998 uti
2257 3945 2515 3999 nefarium
2570 3956 2910 4010 aversantur,
2943 3962 3007 4003 ac
3056 3965 3248 4004 somno
3304 3954 3541 4020 plerum-

1965 4052 2072 4108 que
2101 4051 2219 4092 sese
2253 4037 2528 4103 dedentes,
2561 4052 2628 4090 ex
2683 4039 3015 4092 somniorum
3076 4041 3204 4095 visis
3252 4042 3414 4097 amari
3477 4061 3538 4099 se

1966 4138 2174 4199 putant.
2211 4127 2378 4182 Porro
2436 4128 2592 4183 istius
2646 4129 2867 4183 haeresis
2906 4145 3026 4184 cum
3067 4132 3155 4184 alii
3210 4134 3359 4186 tntilli
3392 4136 3539 4201 prin-

1965 4221 2111 4289 cipes
2143 4219 2489 4282 exstiterunt,
2528 4229 2637 4273 tum
2681 4220 2998 4289 Adelphius,
3037 4237 3193 4292 quem
3251 4221 3537 4280 Flavianus

1965 4309 2262 4365 Antiochia
2314 4308 2554 4378 pontifex
2604 4313 2925 4365 accersitum
2979 4327 3045 4367 ex
3083 4313 3308 4380 Edessa,
3347 4331 3540 4386 magno

1966 4419 2025 4458 se
2056 4403 2196 4457 illius
2226 4401 2522 4471 disciplinae
2572 4401 2750 4456 studio
2783 4403 2952 4457 teneri
3007 4403 3288 4470 simulans,
3345 4406 3538 4461 callide

1890 4489 2203 4561 Dpellexit,
2255 4499 2314 4544 ut
2365 4491 2631 4545 occultum
2711 4506 2873 4545 omne
2942 4493 3206 4547 doctrinae
3271 4509 3536 4551 venenum

1962 4591 2257 4639 evomeret.
2292 4581 2410 4646 Quo
2463 4580 2679 4650 quidem
2735 4581 2926 4636 morbo
2974 4583 3262 4652 patefacto,
3297 4601 3326 4639 e
3383 4586 3534 4657 Syria

1962 4674 2168 4740 expulsi
2228 4673 2278 4726 in
2346 4670 2714 4742 Pamphyliam
2796 4680 3208 4726 concesserunt.
3275 4674 3534 4740 Quaedam

1964 4767 2188 4822 istorum
2251 4765 2496 4819 instituta
2577 4765 2980 4833 progredientes
3034 4767 3356 4831 aperiemus,
3417 4783 3536 4835 quae

1963 4871 2030 4912 ex
2083 4857 2320 4925 ipsorum
2393 4855 2530 4909 libro
2584 4854 2900 4922 deprompta
2963 4863 3110 4919 sunt,
3174 4865 3226 4910 et
3287 4859 3536 4913 omnibus

1965 4957 2094 5003 tunc
2169 4947 2465 5016 proposita,
2555 4951 2615 4996 ut
2709 4942 3078 5010 despiciantur
3147 4952 3202 4998 et
3283 4956 3532 5001 contem-

1961 5051 2186 5094 nantur.

2033 5239 2226 5295 Dicunt
2258 5245 2364 5291 tres
2411 5247 2671 5306 personas
2705 5231 2903 5299 Patris,
2946 5242 3002 5288 et
3039 5234 3184 5300 Filii,
3215 5245 3268 5291 et
3298 5236 3532 5307 Spiritus

1962 5333 2133 5390 sancti
2168 5333 2220 5384 in
2254 5343 2414 5384 uuam
2441 5326 2661 5391 resolvi,
2695 5329 2836 5398 quod
2866 5344 2931 5383 ex
2961 5326 3266 5383 Sabelliana
3336 5331 3530 5385 haeresi

1963 5424 2357 5495 surripuerunt,
2395 5436 2513 5489 quae
2543 5428 2651 5474 tres
2685 5421 2997 5491 hypostases
3054 5421 3108 5474 in
3168 5437 3331 5475 unum
3392 5425 3532 5494 cosit

1965 5529 2130 5586 atque
2215 5512 2515 5580 contundit,
2583 5519 2639 5567 et
2721 5527 2880 5566 unam
2943 5512 3101 5566 trium
3180 5529 3529 5582 personarum

1966 5607 2296 5683 hypostasim
2344 5606 2531 5663 tradit.
2591 5604 2971 5676 Istiusjgitur
3027 5604 3299 5675 opinionis
3359 5608 3532 5678 impia:
