4020 6284
232 349 359 419 1277

1074 354 1458 417 PANOPLIA
1496 350 1961 418 DOGEATICA.
2002 381 2070 394 ’-
2111 356 2259 422 Tl'i‘.
2305 361 2514 427 XXVI.

3341 364 3478 429 l278

232 471 620 525 καταναλίσκον
678 469 776 541 τὴν
838 469 1147 538 μοχθηρίαν
1198 468 1307 522 τῶν
1349 467 1792 538 βαπτιζομένων.

1927 476 2016 524 um
2040 473 2370 529 existimari.
2420 473 2574 541 Quod
2630 477 2675 531 si
2727 486 2782 531 et
2832 490 2969 546 aqua
3014 486 3205 546 purgat
3260 486 3481 532 onnnno

234 563 321 616 καὶ
360 559 469 614 τῶν
498 559 753 628 πονηρῶν
788 559 958 624 ἕξεων
1004 558 1383 627 ἀφανισνικόν.
1444 558 1659 621 Ταύτας
1689 557 1798 627 γὰρ

234 646 382 720 οἶμαι
422 649 580 718 ῥίζας
609 650 719 702 τῶν
747 649 1173 718 ἁμαρτημάτων
1221 648 1468 711 ὲκείνονς
1491 649 1698 717 λέγειν.
1736 649 1801 703 Ei

236 742 285 797 δξ
321 746 411 796 καὶ
433 743 493 793 τὸ
530 740 676 812 ὕδωρ
708 741 964 811 καθαίρει
990 740 1274 803 παντελῶς
1310 741 1378 795 τὰ
1422 739 1656 810 σώματα
1688 739 1801 801 τῶν

238 835 549 905 ἀνθρώπων,
583 835 666 899 τίς
694 834 998 906 ἀμφιϐαλεῖ
1047 832 1295 904 περὶτοῦ
1350 834 1509 901 ἀγίου
1542 832 1799 902 Πνεύμαδ

240 945 340 991 τος,
370 929 444 990 ὡς
467 929 568 982 οὐκ
595 928 942 999 ἀσυγκρίτως
967 927 1130 983 πλέον
1159 926 1526 995 ἀποκαθαίρει
1552 924 1623 979 τὰ
1652 924 1805 991 στίγ-

243 1038 401 1089 ματα,
434 1023 529 1073 καὶ
568 1020 665 1081 τὰς
715 1019 969 1090 κηλῖδας,
1012 1020 1109 1073 καὶ
1156 1020 1285 1081 τοὺς
1336 1016 1648 1087 μολυσμοὺς
1695 1015 1804 1071 τῶν

243 1113 419 1183 ψυχῶν
452 1130 465 1176 ;
503 1113 613 1164 Καὶ
639 1112 701 1164 ού
732 1111 988 1183 καθαίρει
1016 1111 1199 1182 μόνον,
1238 1108 1374 1163 ἀλλά
1422 1110 1518 1163 καὶ
1548 1105 1806 1179 λαμπρύτ-

244 1220 347 1259 νει·
386 1204 505 1257 οὐδὲ
536 1203 853 1273 λαμπρύνει
913 1204 1098 1273 μόνον,
1167 1201 1305 1260 ἀλλὰ
1340 1201 1434 1256 καὶ
1461 1199 1608 1253 θείου
1644 1197 1805 1268 χαρί-

1899 565 2470 632 corpora-hominum,
2499 566 2619 636 quis
2653 564 2863 623 dubitet
2897 569 3024 639 quin
3074 567 3310 638 Spiritus
3353 583 3484 622 san-

1896 663 2019 709 ctus
2061 656 2233 712 multo
2261 659 2436 728 magis
2469 661 2589 714 sine
2621 662 2727 715 ulla
2753 661 3156 731 comparatione
3179 662 3483 721 cicatrices,

1897 752 1954 797 et
1983 746 2245 811 maculas,
2268 757 2323 801 et
2357 751 2551 803 sordes
2581 751 2883 805 animarum
2906 760 3166 821 expurget
3189 765 3250 803 ac
3274 746 3486 804 deleat?

1899 831 2089 904 Neque
2138 834 2311 891 solum
2352 852 2619 911 expurget
2661 846 2716 897 et
2759 842 2958 907 deleat,
2994 857 3179 896 verum
3219 842 3381 894 etiam
3421 839 3485 892 il-

1900 925 2140 995 lustret;
2180 945 2281 985 nec
2311 931 2541 988 ilitistret
2576 935 2756 998 modo,
2813 937 2905 989 sed
2943 948 3164 988 munera
3206 933 3484 1000 largiatur,

1902 1024 1963 1071 ut
1990 1018 2461 1092 docentapostoli,
2491 1028 2544 1080 in
2582 1028 2879 1097 primisque
2906 1026 3109 1081 Paulus
3136 1027 3193 1080 in
3225 1024 3483 1078 distribu-

1904 1110 2146 1168 tionibus
2167 1115 2463 1183 gratiarum
2504 1116 2743 1187 Spiritus
2771 1120 2968 1185 san‘cti,
3016 1118 3211 1188 quibus
3248 1116 3489 1170 aliiciunb

1906 1212 1998 1256 tur
2022 1204 2101 1259 iiii
2131 1208 2223 1273 qui
2256 1207 2623 1278 baptizantur.

246 1313 448 1369 σματος
481 1297 651 1362 ἀξιοῖ,
674 1295 859 1359 καθὼς
896 1296 1243 1350 διδάσκωσιν
1291 1295 1343 1348 ot
1377 1292 1691 1355 ἀπόστολοι,
1725 1292 1821 1347 καὶ
1846 1292 2081 1363 μάλιστα
2137 1298 2350 1364 Παῦλος
2382 1304 2441 1354 ὲν
2471 1304 2592 1367 ταῖς
2634 1305 2939 1376 διαιρέσεσι
3003 1304 3116 1357 τῶν
3171 1304 3268 1357 τοῦ
3334 1302 3488 1369 ἁγίου

242 1390 551 1458 Πνεύματος
574 1389 954 1459 χαρισμάτων,
988 1386 1024 1440 ἀ
1056 1388 1168 1449 τοῖς
1200 1386 1622 1458 βαπτιζομένοις
1660 1386 2073 1456 ὲπεμερίζνοντο.
2978 1398 2981 1399 ⁷

303 1483 469 1535 eam
497 1479 732 1534 ικαστον
759 1480 872 1533 τῶν
906 1480 1248 1549 τικτομένων
1287 1480 1493 1532 παίδων
1526 1478 1710 1532 ἱλκειν
1740 1479 1806 1531 ὲκ

239 1572 327 1626 τοῦ
364 1571 711 1641 προπάτορος
744 1569 936 1638 Ἀδὰμ,
972 1570 1284 1640 ὥσπερτὴν
1328 1568 1512 1636 φύσιν,
1559 1567 1701 1621 οὓτω
1741 1568 1806 1638 δὴ

244 1665 337 1715 καὶ
364 1661 463 1728 τὴν
495 1660 637 1729 πρὸς
682 1660 811 1723 τοὺς
856 1659 1121 1729 δαίμονας
1175 1658 1446 1723 δουλείαν,
1482 1660 1577 1712 καὶ
1604 1672 1809 1724 cmu—

243 1755 509 1824 σιωμένον
562 1753 753 1823 φέρειν
796 1752 1029 1821 δαίμονα
1084 1751 1442 1819 συνοικοῦντα
1484 1749 1683 1821 τούτῳ.
1715 1750 1810 1805 καὶ

246 1844 762 1912 κατεξουσιάζοντα,
799 1845 1085 1898 ἀδυνατεῖν
1120 1845 1178 1896 δὲ
1214 1844 1310 1897 καὶ
1337 1844 1398 1895 τὸ
1428 1843 1585 1910 ἅγιον
1618 1843 1811 1912 βάπτι-

242 1955 376 2009 σμα,
430 1940 526 1992 καὶ
576 1940 759 1991 πᾶσαν
805 1937 973 2006 ἄλλην
1024 1935 1314 2004 θειοτάτην
1372 1934 1637 2005 ἐργασίαν
1671 1934 1809 2003 πρὸς

238 2032 503 2084 ἀπέλασιν
530 2029 720 2091 αὑτοῦ,
750 2029 918 2097 μόνην
947 2027 1005 2080 δὲ
1035 2026 1226 2079 τοῦτον
1253 2025 1478 2091 ἐξωθεῖν
1500 2026 1601 2093 τὴν
1627 2027 1813 2079 ἐπιτε-

237 2125 601 2195 ταμένηνκαὶ
650 2122 948 2175 σπουδαὲαν
980 2121 1152 2190 εὐχὴν
1181 2120 1271 2175 διὰ
1301 2121 1399 2188 τῆς
1452 2117 1545 2172 τοῦ
1573 2116 1811 2188 εὐχομέ-

237 2234 333 2272 νου
362 2216 654 2288 χρέμψεὼς
670 2232 729 2268 τε
746 2216 842 2268 καὶ
863 2212 1246 2275 ἀποπτύσεως.
1276 2212 1481 2264 Τούτου
1510 2210 1568 2263 δὲ
1599 2208 1809 2262 ἀπελα-

237 2311 447 2374 θέντος,
491 2309 779 2377 ἑπιφοιτᾷν
823 2305 1101 2375 atauus;
1130 2304 1224 2357 καὶ
1247 2302 1457 2373 ὁρατῶς
1484 2302 1544 2354 τὸ
1586 2300 1810 2370 Πνεῦμα

230 2403 300 2455 τὸ
328 2403 484 2469 ἅγιον
534 2400 636 2470 τὴν
672 2400 884 2451 οἰκείαν
947 2397 1258 2466 παρουσίαν
1306 2396 1598 2463 σημαῖνον,
1629 2390 1815 2444 καὶτὸ

234 2493 402 2563 σῶμα
443 2494 544 2562 τῆς
582 2490 693 2545 τῶν
753 2489 945 2549 παθῶν
995 2490 1263 2558 κινήσεως
1317 2484 1670 2554 ἐλευθεροῦν,
1721 2484 1816 2555 καὶ

231 2586 513 2640 ἀπάθειαν
557 2582 941 2654 χαριζόμενον,
990 2582 1064 2644 ὡς
1124 2580 1324 2651 μηκέτι
1368 2577 1582 2630 δεῖσθαι
1629 2576 1817 2630 λοιπὸν

238 2679 390 2748 μήτε
415 2677 671 2748 νηστείας
706 2675 1007 2743 πιεζούσης
1052 2672 1115 2726 τὸ
1170 2673 1357 2742 σῶμα,
1384 2671 1528 2741 μήτε
1556 2670 1820 2723 διδασκα-

229 2772 362 2833 λίας
394 2768 743 2840 χαλινούσης,
774 2768 866 2822 καὶ
891 2768 1099 2838 βαίνειν
1137 2766 1379 2820 εὖτακτα
1427 2763 1816 2833 παιδευούσηςς.

1986 1478 2149 1536 Aiunt
2204 1498 2399 1553 pueros
2439 1496 2628 1543 omnes
2677 1488 2768 1559 qui
2834 1494 3157 1555 nascuntur,
3211 1488 3428 1542 trahere
3462 1503 3490 1540 a

1915 1572 2093 1640 primo
2122 1585 2349 1644 parente
2388 1578 2558 1633 Adam
2605 1590 2661 1635 ut
2694 1592 2967 1646 nataram,
3000 1582 3079 1635 sic
3104 1582 3265 1635 etiam
3324 1579 3495 1635 servi-

1916 1672 2087 1719 tutem
2120 1678 2244 1721 eum
2285 1668 2642 1738 dmmonibus,
2672 1683 2723 1728 et
2758 1684 2882 1729 eum
2918 1684 3115 1727 natura
3145 1672 3493 1739 conjunctum

1916 1755 2214 1813 dtemonem
2294 1776 2480 1817 secum
2560 1767 2989 1830 cohabitantcm,
3056 1776 3109 1818 et
3171 1774 3495 1834 potestatem

1910 1861 2277 1916 exercentem,
2328 1866 2429 1908 nec
2474 1867 2721 1910 Sanctum
2775 1857 3129 1926 baptismum,
3164 1866 3219 1909 et
3281 1872 3497 1910 Omnem

1913 1939 2075 1992 aliam
2108 1941 2343 1995 divinam
2389 1947 2657 1999 actionem
2703 1962 2863 2015 posse
2893 1949 3041 2001 illum
3069 1946 3362 2016 expellere,
3403 1947 3499 1999 sed

1908 2033 2282 2099 precationem
2315 2035 2481 2089 solam
2509 2038 2626 2107 ejus
2652 2054 2772 2092 eum
2811 2056 3002 2109 magna
3054 2039 3323 2109 precantis
3371 2040 3499 2091 all’e-

1910 2124 2094 2177 ctione
2124 2136 2176 2179 et
2208 2136 2521 2197 contemptu
2543 2129 2831 2199 diligenter
2858 2133 3152 2186 adhibitam
3184 2132 3233 2185 id
3253 2131 3493 2186 ‘ellicere.

1917 2214 2169 2269 [nemone
2203 2227 2382 2272 autem
2434 2219 2604 2286 ejecto
2633 2220 2891 2288 Spiritum
2935 2230 3180 2275 sanctum
3225 2220 3303 2274 sic
3344 2236 3495 2273 acce-

1910 2306 2067 2370 dere,
2120 2319 2179 2362 ut
2264 2312 2536 2365 sentiatur
2615 2321 2670 2366 et
2754 2312 3027 2378 videatur,
3111 2314 3500 2382 propriumque

1912 2401 2206 2455 adventum
2244 2402 2570 2472 significare,
2615 2414 2670 2458 et
2716 2412 2913 2472 Corpus
2946 2420 2971 2455 a
3031 2402 3498 2471 perturbationum

1916 2506 2067 2548 motu
2102 2494 2363 2561 liberare,
2407 2506 2461 2552 et
2513 2497 2969 2567 impatibilitatem
3023 2490 3235 2566 largiri,
3268 2494 3404 2549 adeo
3441 2504 3503 2549 ut

1920 2586 2179 2657 deinceps
2234 2588 2282 2643 ei
2314 2604 2418 2643 nec
2456 2588 2679 2658 jejuniis
2722 2589 2793 2643 sit
2845 2603 3003 2657 Opus,
3044 2588 3242 2657 quibus
3303 2602 3502 2655 ('Ot'pllS

1921 2675 2141 2750 ailligat,
2187 2692 2359 2749 neque
2388 2678 2673 2750 disciplina
2757 2694 2877 2748 qua:
2910 2687 3185 2743 coerceat,
3228 2687 3281 2731 et
3312 2677 3504 2731 ordine

1922 2773 2129 2844 ingredi
2170 2772 2383 2827 deceat.
2412 2772 2679 2827 Praeterea
2719 2774 2808 2843 qui
2868 2773 3195 2826 vacuitatem
3244 2771 3385 2823 hanc
3435 2770 3501 2823 ab

228 2865 322 2916 Οὐ
347 2862 504 2917 τοῦτο
526 2862 584 2917 δὲ
612 2860 800 2931 «μόνον,
830 2860 969 2915 ἀλλά
999 2860 1092 2913 τὸν
1122 2861 1222 2928 τῆς
1251 2858 1515 2927 τοιαύτης
1544 2854 1821 2916 ἀπαθείας

1927 2863 2299 2919 affectionibus
2332 2863 2406 2917 sit
2443 2870 2749 2929 assecutus,
2809 2866 2923 2917 tum
2968 2875 3031 2915 ea
3095 2877 3213 2929 qua:
3276 2868 3504 2912 ventura

225 2954 586 3024 τετυχηκότα
616 2953 682 3007 τά
713 2969 775 3004 τε
812 2952 1076 3022 μέλλοντα
1100 2952 1362 3020 προορᾷν,
1403 2950 1500 3003 καὶ
1543 2947 1643 3017 τὴν
1667 2946 1822 2999 θείαν

1927 2964 2073 3021 sunt,
2160 2955 2482 3024 praevidere,
2523 2964 2633 3008 tum
2667 2953 2904 3009 divinam
2968 2951 3288 3005 Trinitatem
3337 2951 3508 3006 oculis

228 3047 453 3118 Τριάδα
507 3046 616 3107 τοῖς
656 3044 956 3113 ὀφθαλμοῖς
1001 3043 1251 3113 θεωρεῖν.
1301 3042 1500 3109 Movet;
1544 3040 1655 3110 γὰρ
1707 3041 1822 3101 τοῖς

1930 3049 2128 3103 intueri
2158 3065 2175 3104 :
2223 3062 2384 3103 sensu
2411 3049 2557 3102 enim
2589 3048 2657 3100 ab
2686 3044 2952 3117 ejusmodi
2979 3046 3153 3099 solum
3193 3044 3507 3098 hominibus

226 3141 516 3200 τοιούτοις
568 3137 849 3205 αἰσθητοῖς
904 3135 1112 3203 ταύτην
1163 3132 1586 3202 ἐμφανίζεσθαι.
1646 3130 1821 3184 Τοῦτο

1928 3142 2333 3212 comprehendi.
2359 3141 2483 3195 Hzee
2506 3138 2577 3194 illi
2603 3140 2864 3194 sentiunt.
2887 3136 2993 3192 Nos
3011 3145 3188 3190 autem
3212 3132 3504 3205 reSponde-

228 3234 356 3303 μὲν
383 3227 478 3285 οὖν
512 3229 739 3285 ἐκείνων
766 3230 828 3282 τὸ
856 3229 1036 3298 δόγμα
1060 3244 1073 3259 ⁸
1103 3229 1263 3296 ἡμεῖς
1290 3227 1345 3279 δὲ
1374 3227 1512 3295 πρὸς
1542 3225 1701 3278 τοῦτο
1732 3225 1823 3278 λέν

229 3340 446 3393 γομεν,
506 3323 588 3375 ὅτι
636 3322 687 3374 oi
740 3322 806 3374 tat
844 3322 938 3373 τοῦ
980 3320 1416 3390 πρωτοπλαστου
1453 3319 1826 3388 καταγόμενοι

228 3417 454 3478 πάντες
476 3414 733 3483 τοιαύτην
765 3414 1018 3467 ἕλκουσιν
1051 3413 1111 3477 ιε
1154 3411 1319 3467 αὐτοῦ
1364 3412 1462 3483 τὴν
1489 3410 1675 3479 φύσιν,
1708 3410 1826 3463 οταν

229 3508 426 3577 αὐτὴν
455 3502 602 3577 εἶχεν
631 3507 817 3572 αὐτὸς,
849 3508 938 3560 ὅτε
967 3505 1065 3559 τοῦ
1094 3506 1291 3575 γεννᾲν
1315 3506 1542 3575 ἤρξατο.
1573 3503 1739 3570 Γέννη
1750 3512 1825 3570 μα

231 3602 365 3671 γὰρ
396 3600 541 3654 ἀπαν
568 3601 683 3652 ἴσον
728 3600 807 3668 τῷ
845 3600 1201 3669 γεγεννηκότι
1233 3600 1377 3651 κατὰ
1412 3598 1511 3666 τὴν
1542 3598 1730 3664 φύσιν.
1762 3594 1827 3647 Et

237 3695 359 3765 μὲν
402 3691 498 3747 οὖν
527 3692 858 3761 κατ”ἀρχάς
898 3694 926 3744 ὁ
972 3691 1109 3753 Θεὸς
1153 3693 1221 3759 τῇ
1262 3689 1424 3758 φύσει
1474 3688 1573 3740 τοῦ
1615 3701 1829 3756 πρωτοδ

232 3789 499 3844 ’πλάστου
533 3787 764 3855 δαίμονα
816 3784 1230 3852 συνεκλήρωσε,
1288 3785 1385 3835 καὶ
1426 3781 1624 3850 δούλην
1658 3780 1829 3848 αὐτὴν

231 3878 351 3932 θεοῦ
411 3877 870 3939 συνουσιωθέντος
918 3874 1175 3944 δαίμονος
1224 3874 1545 3941 ἀποιήσατο,
1601 3874 1831 3933 είκὸτως

228 3973 356 4026 καὶ
413 3972 464 4023 σί
503 3969 757 4033 ὲξιιύτοῦ
821 3966 1153 4037 δαιμονιώδη
1197 3965 1292 4018 καὶ
1321 3964 1521 4033 δούλην
1572 3963 1833 4030 δαίμονος

233 4061 429 4135 αὐτὴν
453 4062 776 4131 διεδέχοντο.
808 4061 869 4112 Et
905 4059 950 4111 δ’
984 4058 1280 4126 ἐλευθέραν
1320 4058 1414 4109 καὶ
1456 4055 1818 4119 αὐτεξούσιον

236 4158 435 4227 αὐτὴν
458 4154 859 4218 κατεσκεύασε,
887 4149 1151 4221 ληροῦσιν
1180 4149 1463 4218 ἄντικρυς,
1490 4148 1585 4199 καὶ
1622 4146 1834 4216 μωραί-

228 4264 467 4306 ’νουσιν.
526 4249 588 4301 Εἰ
623 4247 732 4316 γὰρ
766 4247 843 4316 μὴ
898 4243 1166 4313 ιλευθέρα
1212 4241 1311 4295 καὶ
1344 4240 1696 4304 αύτεξούσιος
1742 4235 1832 4309 ἦν,

238 4344 364 4397 οὐκ
391 4343 456 4397 ἂν
492 4340 571 4410 τῷ
605 4338 882 4411 γεννάρχῃ
922 4336 1021 4406 τὴν
1060 4335 1286 4405 ἐντολὴν
1313 4332 1709 4401 ἐνομοθέτησεν
1760 4326 1835 4384 ὧν

1930 3249 2073 3297 mus,
2100 3247 2310 3294 omnes,
2340 3233 2430 3302 qui
2470 3246 2499 3285 a
2530 3232 2702 3300 primo
2728 3242 2950 3300 parente
2981 3229 3186 3282 ducunt
3217 3228 3507 3297 originem,

1932 3324 2092 3380 talem
2131 3326 2199 3377 ab
2248 3324 2363 3394 ipso
2411 3332 2655 3377 naturam
2716 3324 2950 3385 trahere,
3011 3321 3222 3391 qualem
3278 3318 3510 3373 habebat

1933 3418 2217 3486 ipse.cum
2249 3416 2513 3483 inciperet
2559 3430 2839 3483 generare.
2892 3413 3080 3471 Oumis
3134 3414 3277 3466 enim
3331 3410 3509 3480 proles

1930 3508 2162 3576 genituri
2207 3520 2306 3559 suo
2362 3514 2552 3558 natura
2617 3520 2713 3574 par
2769 3515 2822 3558 et
2879 3504 3071 3558 similis
3100 3514 3201 3559 est.
3255 3501 3433 3569 Quare
3463 3502 3507 3555 si

1930 3597 2197 3666 principio
2226 3594 2369 3650 Deus
2420 3606 2628 3648 natura:
2689 3595 2846 3664 primi
2915 3595 3154 3663 parentis
3206 3596 3509 3648 daemonem

1928 3685 2198 3747 attribuit,
2248 3694 2302 3739 et
2354 3686 2672 3739 servitutem
2740 3684 2878 3739 banc
2947 3685 3213 3739 daemonis
3276 3684 3509 3739 essentia

1928 3777 2208 3845 coiijuncti
2242 3778 2543 3844 constituit,
2577 3778 2770 3832 merito
2801 3785 2853 3830 ct
2879 3779 3078 3845 posteri
3136 3778 3303 3847 ipsius
3340 3775 3513 3831 servin

1928 3868 2100 3925 'tutem
2135 3872 2395 3925 daemonis
2423 3879 2800 3939 susceperunt,
2835 3881 3192 3941 naturamque
3220 3870 3512 3927 daemonia-

1934 3979 2077 4017 cam.
2112 3959 2353 4027 Quodsi
2390 3960 2530 4015 illam
2560 3956 2784 4014 liberam
2840 3971 2892 4014 et
2943 3962 3025 4015 sui
3060 3959 3199 4029 juris
3256 3962 3508 4025 illalilUil,

1928 4060 2209 4123 negantur
2242 4061 2296 4107 et
2339 4052 2635 4105 insaniunt.
2668 4050 2803 4105 Nam
2855 4054 2899 4106 si
2932 4054 3108 4108 libera
3177 4065 3229 4107 et
3252 4058 3333 4107 sui
3375 4054 3513 4121 juris

1936 4158 2045 4199 non
2086 4142 2411 4206 exstitisset,
2476 4144 2649 4210 primo
2679 4144 2893 4213 generis
2933 4146 3138 4211 parenti
3199 4146 3510 4197 mandatum

1932 4242 2045 4291 non
2081 4235 2341 4299 dedisset,
2375 4236 2571 4304 quibus
2593 4252 2621 4289 e
2647 4236 2846 4306 plantis
2880 4238 3020 4291 vesci
3081 4236 3322 4303 deberet,
3382 4245 3436 4291 et
3484 4250 3512 4288 a

1937 4325 2130 4397 quibus
2158 4325 2452 4381 abstinere.

240 4449 315 4485 τε
375 4428 749 4501 μεταληπτέον
801 4426 950 4496 αὐτῷ
1018 4424 1222 4492 φυτῶν,
1272 4424 1370 4475 καὶ
1424 4415 1486 4475 οὗ
1530 4421 1606 4491 μὴ
1664 4436 1836 4490 προσο
1866 4459 1914 4515 D

241 4524 486 4577 απτέον.
1816 4544 1819 4547 ,

333 4616 398 4669 Εί
429 4615 622 4684 δούλην
654 4615 747 4667 τοῦ
794 4611 996 4682 ἐχθροῦ
1029 4610 1129 4671 τὴν
1174 4610 1338 4680 φύσιν
1392 4608 1553 4678 ἡμῶν
1607 4609 1637 4660 ό
1701 4606 1835 4671 Θεὸς

242 4708 511 4779 ἐποίησε,
531 4708 712 4760 πάντα
745 4706 801 4759 δὲ
832 4706 899 4758 τα
931 4704 1281 4773 πραττόμενα
1309 4704 1453 4757 κατά
1483 4701 1647 4770 φύσιν
1675 4702 1838 4768 ἀνέγ-

246 4802 444 4871 κλητα
500 4798 596 4852 καὶ
659 4794 1010 4864 ἀτιμώρητα,
1054 4794 1244 4845 λοιπὸν
1284 4790 1409 4844 οὕτε
1459 4792 1644 4861 κρίσις
1680 4790 1837 4844 ἐσται

244 4893 378 4948 τῶν
450 4889 879 4961 ἁμαρτανόντων
927 4886 1052 4939 οὕτε
1105 4886 1352 4946 κόλασις.
1424 4885 1655 4953 Ἔχουσι
1723 4884 1834 4955 γὰρ

242 4985 501 5055 ἰσχυραν
525 4982 830 5050 ἀπολογίαν
858 4979 997 5047 πρὸς
1034 4977 1125 5032 τὸν
1162 4976 1319 5040 Θεὸν,
1368 4980 1451 5031 ὅτι
1484 4976 1555 5028 Σὺ
1596 4978 1698 5046 τὴν
1737 4975 1843 5044 φύ-

250 5092 355 5127 σιν
400 5073 563 5143 ήμῶν
623 5076 689 5144 τῇ
744 5070 960 5141 δουλείᾳ
991 5068 1100 5122 τῶν
1151 5066 1421 5134 δαιμόνων
1474 5064 1784 5130 ὑπέζευξας
1821 5081 1836 5095 ·

248 5168 570 5232 ἀναγκαῖον
600 5165 659 5217 δὲ
707 5166 822 5227 τοῖς
859 5162 1071 5224 δούλοις
1127 5161 1313 5214 ἐκεῖνα
1369 5160 1661 5231 πράττειν,
1694 5158 1840 5228 ἅπερ

242 5262 315 5313 ‘ot
357 5259 716 5322 δεσπόζοντες
767 5255 1171 5309 ἐπιτάττουσιν.

345 5352 412 5405 Et
476 5351 576 5420 τὴν
656 5350 822 5419 φύσιν
899 5346 1057 5417 ἡμῶν
1142 5346 1172 5399 ὀ
1254 5346 1386 5410 Θεὸς
1474 5345 1670 5415 δούλην
1735 5346 1845 5399 τῶν

254 5442 547 5513 δαιμόνων
620 5442 917 5509 ἐποίησεν,
1014 5439 1063 5489 οί
1138 5438 1393 5507 δαίμονες
1467 5438 1524 5491 δὲ
1602 5437 1846 5491 κινοῦσιν

259 5536 430 5607 ἡμᾶς
482 5533 574 5586 ἐπὶ
630 5534 740 5587 πᾶν
805 5532 1001 5595 κακὸν,
1053 5530 1414 5600 εὑρεθήσεται
1460 5530 1680 5584 πάντων
1735 5530 1845 5582 τῶν

261 5626 643 5698 ἀνθρωπίνων
712 5622 901 5677 κακῶν
954 5623 1127 5683 αῖτιος
1192 5623 1222 5674 ὁ
1292 5622 1449 5684 Θεός.
1505 5622 1668 5675 ’Δλλά
1739 5621 1844 5691 μὴν

268 5722 526 5782 ἀναίτιος
586 5719 787 5779 παντὸς
842 5714 1014 5770 κακοῦ
1083 5716 1111 5767 ὁ
1143 5714 1298 5777 Θεός.
1354 5715 1522 5767 Οὐδὲν
1574 5714 1684 5784 γὰρ
1747 5731 1846 5767 κα-

270 5817 379 5869 κὸν
409 5817 471 5867 ἐκ
506 5813 599 5867 τοῦ
632 5811 792 5883 φύσει
830 5810 1056 5879 ἀγαθοῦ.
1100 5810 1214 5861 υὺκ
1263 5810 1369 5878 ἄρα
1422 5810 1447 5861 ό
1479 5807 1611 5870 Θεὸς
1658 5807 1853 5878 δούλην

1968 4606 1971 4611 Α
2021 4625 2077 4680 Si
2114 4633 2361 4677 naturam
2391 4630 2631 4676 nostram
2661 4619 2866 4701 inimici
2893 4633 3108 4676 servam
3144 4620 3282 4673 Deus
3314 4620 3516 4673 consti-

1947 4720 2069 4785 tuit,
2094 4716 2273 4771 omnia
2294 4725 2475 4769 autem
2506 4729 2625 4783 qua:
2668 4728 2697 4766 a
2728 4713 2882 4767 nobis
2905 4720 3095 4765 natura
3129 4711 3283 4770 tiunt,
3307 4725 3409 4762 nec
3465 4712 3517 4763 in

1947 4810 2149 4865 crimen
2179 4810 2354 4860 vocari
2385 4814 2633 4873 possunt,
2663 4818 2762 4857 nec
2784 4802 3049 4871 supplicio
3075 4800 3237 4866 adici,
3274 4802 3528 4867 sequitur

1946 4913 2006 4955 ut
2040 4917 2138 4956 nec
2170 4898 2455 4970 judicium,
2492 4911 2591 4967 nec
2620 4892 3019 4948 animadversio
3072 4892 3413 4960 peccantium
3450 4892 3525 4947 sit

1946 4994 2149 5048 futura.
2227 4991 2339 5045 llac
2403 4988 2546 5043 enim
2611 4985 2785 5041 valida
2865 4985 3180 5041 defensioue
3250 4987 3523 5047 adversus

1951 5086 2120 5137 Deum
2180 5086 2255 5137 uti
2308 5089 2600 5151 poterunt:
2671 5078 2749 5131 Tu
2802 5087 3051 5131 naturam
3116 5084 3357 5132 nostram
3409 5092 3522 5131 ser-

1952 5174 2109 5228 vituti
2171 5173 2472 5226 dtemonum
2526 5168 2823 5236 sulijecisti.
2881 5167 3279 5223 .Necessarium
3342 5176 3529 5221 autem

1953 5277 2081 5330 est,
2139 5275 2196 5319 ut
2252 5266 2392 5317 servi
2463 5260 2663 5315 faciant
2734 5278 2795 5314 ea
2844 5276 2963 5329 quae
3036 5261 3236 5314 domini
3308 5258 3522 5328 jubent.

2030 5360 2086 5413 Si
2149 5368 2394 5412 naturam
2459 5362 2699 5409 nostram
2758 5354 3062 5407 daemonum
3121 5366 3335 5405 servam
3387 5348 3532 5403 Deus

1957 5448 2262 5516 constituit,
2296 5450 2566 5501 dannOnes
2633 5456 2815 5498 autem
2858 5459 2953 5497 nos
3004 5443 3069 5496 ad
3124 5455 3284 5496 omne
3341 5440 3533 5492 vitium

1951 5542 2258 5610 impellunt,
2315 5540 2566 5593 vitiorum
2627 5541 2873 5591 υιιιιιιιιιι
2942 5545 3132 5587 auctor
3191 5542 3274 5585 est
3347 5531 3510 5587 Deus.

1956 5634 2116 5705 Atqui
2195 5632 2392 5687 nullius
2470 5629 2595 5684 mali
2680 5627 2821 5682 Deus
2902 5635 2985 5680 est
3063 5639 3250 5678 causa.
3314 5621 3532 5675 Nullum

1953 5732 2095 5786 enim
2152 5728 2349 5781 malum
2400 5725 2467 5779 ab
2505 5725 2688 5791 coqui
2730 5734 2921 5774 natura
2980 5722 3153 5773 bonus
3200 5726 3309 5784 est,
3363 5716 3535 5785 proli-

1967 5823 2187 5878 tiscitur
2282 5818 2395 5873 Non
2492 5817 2655 5882 igitur
2732 5813 3033 5868 dwmonum
3113 5824 3325 5865 servam
3397 5807 3539 5860 Deus
