4044 6290
532 326 667 390 12ῖ9

1758 324 2141 386 EUTHYMH
2182 325 2546 386 ZIGABENI

3656 322 3789 384 1280

533 445 784 489 naturam
816 441 1053 490 nostram
1082 434 1388 501 constituit,
1429 435 1527 492 sed
1575 434 1826 501 liberam,
1883 445 1939 491 ut
1987 443 2118 490 ante

2225 440 2331 492 τῶν
2357 441 2630 511 δαιμόνων
2653 441 2948 510 εἰργάσατο
2977 439 3077 510 τὴν
3107 438 3269 505 φύσιν
3289 437 3469 508 ἡμῶν,
3496 434 3609 490 ἀλλ’
3638 437 3790 490 ἐλευ-

532 524 793 590 diximus,
825 534 880 580 et
907 525 992 580 sui
1033 523 1193 593 juris.
1230 523 1512 580 Daemones
1557 533 1738 580 autem
1773 525 2111 579 suntadver-

532 615 665 671 sarii
697 618 890 680 nostri,
922 631 1027 672 non
1068 617 1308 673 essentia
1389 630 1490 672 nec
1544 615 1884 672 habitatione
1932 616 2116 672 nobis-

537 721 664 760 eum
695 706 996 775 conjuncti,
1039 715 1094 762 et
1119 707 1257 762 alias
1305 707 1521 778 quidem
1569 714 1757 776 aperte
1815 721 1916 762 nos
1960 706 2116 762 inva-

533 796 688 861 dunt,
724 796 860 851 alias
892 806 1074 853 autem
1105 797 1317 854 occulte
1342 798 1753 870 aggrediuntur.
1795 797 1946 864 Quod
1973 798 2017 854 si
2062 799 2115 853 in

539 903 637 944 nos
690 887 952 944 haberent
1015 898 1360 962 potestatem,
1418 891 1580 961 idque
1631 890 1813 946 statim
1870 890 1938 944 ab
1993 899 2114 946 ortu

536 989 744 1045 nostro,
775 995 883 1034 non
955 981 1335 1049 permitterent
1370 997 1470 1037 nos
1525 983 1577 1036 in
1637 981 1814 1035 lucem
1863 981 1972 1046 edi,
2025 988 2118 1034 aut

504 1063 646 1140 'jam
683 1072 854 1127 editos
884 1071 1090 1140 vivere,
1132 1087 1200 1128 ne
1238 1088 1402 1127 unum
1432 1071 1650 1143 quidem
1704 1072 1872 1127 diem.
1921 1070 2114 1143 Magna

538 1161 683 1216 enim
715 1162 978 1217 adversus
1011 1163 1258 1218 homines
1282 1162 1474 1218 ardent
1495 1163 1722 1228 invidia,
1743 1172 1795 1216 et
1817 1161 1998 1218 odium
2019 1175 2116 1215 eo-

540 1268 658 1307 rum
690 1254 744 1308 in
783 1271 881 1312 nos
939 1255 1197 1324 explicari
1248 1271 1356 1312 non
1409 1265 1623 1324 potest;
1683 1255 1879 1310 bellum
1936 1263 2116 1308 autem

540 1344 808 1412 ejusmodi
852 1347 1166 1414 intercedit,
1234 1358 1295 1415 ut
1320 1348 1524 1402 nullum
1550 1346 1676 1402 iniri
1704 1346 1877 1400 fmdus
1901 1345 2116 1415 Equeat,

543 1450 608 1490 ea
657 1436 884 1507 denique
923 1435 980 1493 in
1044 1452 1146 1493 nos
1197 1439 1298 1505 ira,
1367 1439 1658 1507 furoreque
1713 1436 2008 1500 insaniunt,
2062 1445 2120 1489 ut

542 1526 700 1582 facile
732 1528 908 1584 verbis
935 1530 1176 1585 enarrari
1204 1545 1311 1584 non
1337 1530 1531 1582 valeat.
1581 1528 1736 1594 Quod
1780 1534 1960 1582 autem
2011 1525 2122 1581 dat-

543 1633 729 1675 mones
755 1635 858 1674 non
915 1623 1077 1678 modo
1115 1624 1169 1676 in
1218 1622 1484 1686 homines,
1525 1622 1620 1677 sed
1673 1635 1740 1675 ne
1777 1619 1849 1690 {in
1927 1632 2120 1688 porcos

541 1706 758 1776 quidem
796 1709 1372 1781 habeantpotestatem
1400 1752 1417 1780 ,
1471 1711 1780 1767 daemonum
1808 1710 1977 1781 ,legio
2026 1711 2118 1766 de-

547 1800 894 1865 monstravit,
941 1809 998 1856 ut
1041 1811 1189 1871 patet
1230 1818 1298 1858 ex
1338 1803 1648 1874 Evangelio.
1708 1802 1926 1872 Espulsi
1976 1804 2120 1857 enim

543 1904 574 1943 α
606 1889 893 1947 Servatore
935 1901 1121 1948 nostro
1152 1895 1428 1963 petierunt
1465 1903 1524 1950 ut
1556 1894 1660 1949 sibi
1723 1909 1819 1963 per
1847 1897 2021 1964 ipsum
2058 1896 2124 1951 li—

544 1990 697 2035 ceret
739 1982 792 2036 in
829 1997 1027 2052 porcos
1059 1983 1288 2054 ingredi,
1329 1987 1420 2055 qui
1468 1997 1593 2041 tunc
1633 1986 1705 2041 ibi
1731 1988 2121 2055 pascebantur.

545 2071 663 2138 Quo
684 2073 973 2145 impetrato
1001 2077 1230 2149 ingressi
1269 2087 1417 2144 sunt,
1441 2090 1496 2133 et
1523 2089 1665 2135 totus
1691 2096 1977 2148 porcorum
1996 2095 2127 2150 grex

545 2162 705 2219 irruit
734 2181 974 2237 praeceps
1008 2171 1058 2222 in
1104 2185 1274 2235 mare,
1305 2181 1358 2226 et
1399 2171 1696 2227 suffocatus
1720 2182 1823 2227 est.
1856 2173 1914 2226 id
1945 2181 2124 2226 autem

548 2254 797 2324 permisit
825 2258 1104 2325 Servator,
1130 2276 1236 2315 non
1264 2271 1322 2316 ut
1347 2262 1682 2318 dmntonibus
1706 2264 2124 2333 gratiﬁcaretur,

545 2350 641 2404 sed
679 2362 734 2404 ut
765 2366 952 2406 eorum
993 2354 1251 2408 adversus
1306 2354 1556 2408 homines
1586 2355 1770 2409 odium
1793 2356 2123 2410 ostenderet.

545 2439 746 2498 Porcos
801 2441 945 2497 enim
995 2443 1408 2512 interfecerunt,
1462 2455 1519 2498 ut
1545 2459 1730 2499 eorum
1772 2444 1996 2510 domini,
2033 2443 2124 2513 qui

545 2541 700 2586 erant
723 2533 992 2599 homines,
1046 2533 1230 2589 dolore
1261 2545 1315 2589 et
1348 2536 1546 2589 damno
1602 2533 1940 2589 allicerentur
1998 2551 2012 2587 :
2072 2540 2124 2587 et

554 2637 614 2679 ut
640 2640 740 2681 nos
774 2628 1110 2681 disceremus
1167 2628 1366 2682 nullam
1405 2629 1677 2681 daemones
1732 2641 1835 2680 non
1869 2625 2040 2680 solum
2071 2625 2125 2680 in

551 2718 823 2783 homines,
850 2719 942 2773 sed
969 2734 1037 2775 ne
1062 2719 1114 2773 in
1147 2734 1338 2788 porcos
1385 2719 1623 2789 quidem,
1661 2727 1720 2772 ut
1762 2717 1966 2772 dictum
2018 2731 2122 2784 est,

551 2810 753 2864 habere
784 2816 1137 2878 potestatem,
1187 2810 1290 2865 nisi
1329 2824 1358 2864 a
1400 2810 1509 2864 Deo
1553 2802 1876 2876 permissum
1937 2809 2123 2877 fuerit,

556 2908 652 2954 aut
722 2901 789 2955 ad
844 2915 1031 2955 eorum
1108 2901 1198 2970 qui
1262 2916 1291 2956 a
1357 2901 1692 2956 daemonibus
1764 2902 2122 2971 amiguntur,

548 2990 1005 3054 enrondationem,
1039 3001 1131 3046 aut
1168 2991 1329 3045 aliam
1363 2990 1594 3059 aliquam
1651 2989 2014 3058 justissimam
2055 2991 2123 3045 ob

549 3097 796 3137 causam.

621 3173 678 3228 Si
709 3183 1031 3245 potestatem
1065 3175 1116 3230 in
1161 3179 1259 3231 nos
1293 3168 1607 3231 exercentes
1630 3191 1695 3230 ex
1753 3175 1942 3231 matris
1965 3183 2118 3231 utero

553 3267 844 3334 daemonas,
873 3267 1217 3334 haberemus,
1261 3284 1363 3322 non
1421 3268 1651 3324 dixisset
1697 3283 1922 3340 magnus
1982 3268 2120 3322 Pau-

553 3359 659 3424 lus,
720 3359 875 3414 nobis
942 3375 1047 3414 non
1091 3374 1210 3414 esse
1252 3359 1449 3415 luctam
1503 3361 1762 3416 adversus
1802 3374 2021 3414 carnem
2067 3368 2122 3414 et

553 3449 892 3519 sanguinem,
941 3451 1032 3504 sed
1078 3450 1336 3505 adversus
1382 3451 1652 3520 spiritales
1684 3451 1971 3520 nequitias,
2005 3452 2121 3507 sive

553 3539 815 3594 adversus
837 3537 1184 3606 incorporeas
1216 3539 1490 3609 improbas
1525 3549 1820 3608 potestates
1852 3541 1896 3606 ί,
1949 3555 2122 3606 neque

553 3629 714 3686 nobis
746 3628 950 3685 timidis
981 3630 1218 3684 animum
1251 3639 1306 3685 et
1339 3628 1588 3684 ﬁduciam
1617 3630 1920 3699 injecisset,
1945 3641 2002 3686 et
2031 3633 2122 3700 qui

553 3735 678 3775 cera
707 3719 983 3776 molliores
1029 3735 1241 3786 sumus,
1274 3720 1421 3776 ferro
1476 3721 1723 3778 duriores
1777 3722 2122 3790 reddidisset,

555 3823 728 3879 neque
757 3817 1026 3865 armasset
1059 3826 1156 3864 nos
1190 3820 1379 3865 contra
1405 3811 1675 3867 daemonas
1701 3812 1988 3867 adversum
2010 3809 2125 3868 'nos

556 3901 871 3966 instructos,
899 3901 1194 3957 adhortans
1259 3910 1313 3957 et
1335 3902 1578 3956 clamans
1616 3921 1629 3956 :
1671 3902 1905 3971 Accipite
1943 3921 2125 3960 arma-

557 4002 734 4047 turam
785 3991 903 4059 Dei,
989 4001 1046 4047 ut
1109 3995 1318 4063 positis
1380 4004 1523 4048 stare
1594 3997 1840 4049 adversus
1901 3995 2125 4052 insidias

555 4082 773 4148 diaboli,
799 4084 842 4136 ⁸.
895 4082 1061 4136 Porro
1083 4097 1282 4151 genera
1311 4081 1594 4136 declarans
1627 4097 1898 4136 armorum
1945 4082 2128 4152 subje-

557 4175 631 4228 cit
666 4192 681 4228 :
715 4174 873 4229 State
894 4177 1055 4244 igitur
1080 4175 1330 4228 succincti
1360 4175 1558 4227 lumbos
1586 4182 1778 4228 vestros
1804 4176 1859 4228 in
1889 4176 2126 4243 veritate,

557 4277 607 4320 et
641 4267 814 4320 induti
842 4267 1060 4320 loricam
1083 4265 1334 4335 justitia’,
1366 4274 1416 4320 et
1465 4265 1691 4320 calceati
1721 4265 1872 4336 pedes
1906 4268 1959 4319 in
1993 4282 2132 4337 pra:-

557 4362 832 4427 paratione
885 4358 1160 4428 Evangelii
1230 4362 1392 4428 pacis,
1446 4360 1500 4412 in
1585 4360 1822 4413 erunibus
1868 4370 2129 4414 sumentes

2218 528 2403 599 θέραν,
2427 532 2504 593 ὠς
2529 533 2875 600 προείρηται,
2901 533 2997 583 καὶ
3029 527 3402 592 αὐτεξουσιον.
3431 529 3496 581 οι
3531 528 3792 596 δαίμονες

2215 623 2274 678 δὲ
2301 622 2552 691 πολέμιοι
2577 621 2757 693 ἡμῶν,
2787 621 2907 675 ἀλλ’
2933 622 2995 676 οὐ
3036 621 3462 689 συνουσιωμὲνοι
3491 622 3586 674 καὶ
3613 621 3794 672 σύνοι-

2217 733 2326 782 κοι,
2365 715 2497 769 ποτὲ
2550 716 2649 786 μὲν
2701 714 2960 785 φανερῶς
3008 713 3207 780 ἔξωθεν
3250 715 3522 775 ἐπιόντες.
3575 712 3711 765 ποτὲ
3740 712 3797 764 δὲ

2215 810 2439 879 ἀφανῶς
2471 808 2863 879 ἐπιτιθέμενοι.
2900 809 2962 860 Εί
2992 807 3100 877 γὰρ
3146 806 3578 873 κατεξουσίαζον
3607 804 3795 876 ἡμῶν,

2217 903 2311 956 καὶ
2343 901 2518 954 ταῦτα
2546 901 2610 952 ὲκ
2639 901 2898 970 βρέφους,
2938 899 3036 952 οὐκ
3059 898 3126 952 ἃν
3159 899 3350 954 εἴασαν
3379 900 3530 968 ἡμᾶς
3570 898 3653 959 είς
3677 896 3794 964 φῶς

2217 995 2508 1068 προελθεῖν
2528 1013 2541 1026 ·
2580 993 3006 1066 ῆπροελθόντας
3041 994 3143 1045 οὐκ
3171 992 3238 1045 ἂν
3279 993 3514 1061 ἀφῆκαν.
3535 985 3637 1061 ζῇν
3665 991 3796 1060 ἄχρι

2222 1090 2352 1158 μιᾶς
2382 1088 2618 1158 ἡμέρας.
2645 1087 2821 1149 Πολὺς
2843 1086 2955 1156 γὰρ
2987 1085 3168 1138 αὐτῶν
3208 1086 3236 1138 ὁ
3264 1087 3407 1139 κατὰ
3433 1084 3545 1138 τῶν
3577 1083 3796 1150 ἀνθρώ-

2219 1197 2337 1233 πων
2355 1179 2574 1247 φθόνος.
2603 1179 2696 1232 καὶ
2723 1179 2785 1230 τὸ
2819 1180 2979 1246 μῖσος
3013 1177 3435 1244 ἀνεκδιήγητον,
3465 1175 3558 1228 καὶ
3585 1177 3615 1226 ὁ
3639 1175 3801 1226 πόλε-

2223 1289 2323 1344 μος
2355 1271 2641 1337 ἄσπονδος,
2674 1270 2770 1324 καὶ
2813 1272 2845 1330 ἡ
2892 1269 3083 1338 μανία,
3125 1269 3220 1321 καὶ
3252 1267 3425 1319 λύσσα
3480 1267 3556 1336 μὴ
3589 1265 3798 1336 ῥᾳδίως

2218 1360 2636 1431 ἀπαγγελθῆναι
2667 1357 2972 1428 δυναμένη.
3009 1357 3138 1409 Ὀτι
3169 1356 3228 1408 δὲ
3260 1357 3362 1407 οὐκ
3392 1353 3615 1422 ἔχουσιν
3641 1352 3799 1416 ἐξου-

2222 1454 2345 1507 σίαν
2388 1452 2440 1505 οἱ
2466 1451 2719 1521 δαίμονες
2751 1450 2812 1503 ού
2850 1449 3013 1518 μόνον
3041 1448 3181 1501 κατὰ
3200 1444 3532 1514 ἀνθρώπων,
3557 1442 3674 1495 ἀλλ’
3703 1443 3800 1494 ού-

2219 1545 2446 1602 δὲζκατὰ
2479 1545 2700 1614 χοίρων,
2731 1541 2937 1605 ἔδειξεν
2964 1542 2993 1593 ό
3024 1539 3232 1606 λεγεὼν
3258 1538 3368 1590 τῶν
3391 1536 3696 1606 δαιμόνων,
3726 1533 3798 1596 ὡς

2225 1639 2432 1708 [στερεῖ
2471 1636 2532 1689 τὸ
2576 1632 2932 1702 Εὑαγγέλιον.
2999 1630 3443 1699 Ἐξελαυνόμενοι
3501 1626 3616 1695 γὰρ
3652 1625 3799 1692 παρὰ

2221 1730 2317 1784 τοῦ
2384 1729 2640 1799 Σωτῆρος
2677 1727 2860 1797 ἡμῶν,
2908 1723 3316 1795 παρεκάλεσαν,
3361 1723 3454 1774 ἵνα
3525 1716 3795 1787 ἐπιτρέψῃ

2224 1823 2450 1886 τούτους
2481 1821 2747 1876 εἰσελθεῖν
2783 1821 2865 1882 είς
2899 1818 3001 1889 τὴν
3070 1817 3277 1885 ἀγέλην
3315 1814 3425 1868 τῶν
3462 1812 3674 1884 χοίρων
3718 1810 3796 1878 βο-

2227 1913 2513 1983 σκομένων
2542 1913 2660 1964 ἐκεῖ
2688 1908 3022 1978 τηνικαῦτα.
3045 1906 3220 1977 ,Ἐπεὶ
3269 1904 3326 1956 δὲ
3379 1901 3679 1970 επέτρεψε,
3706 1899 3794 1952 καὶ

2226 2006 2498 2075 εἰσῆλθον,
2531 2002 2792 2073 ὥρμησεν
2821 2002 2855 2070 ἠ
2889 1998 3060 2068 ἀγέλη
3109 1998 3258 2051 πᾶσα
3293 1996 3383 2049 διὰ
3418 1993 3520 2046 τοῦ
3554 1989 3796 2060 κρημνοῦ

2226 2099 2369 2153 κατὰ
2405 2097 2505 2165 τῆς
2527 2095 2824 2163 θαλάσσης,
2854 2092 2949 2145 καὶ
2977 2089 3284 2157 ἀπεπνίγη,
3316 2087 3390 2141 οὐ
3434 2086 3555 2146 τοῖς
3575 2085 3793 2151 δαίμοσι

2225 2192 2283 2244 δὲ
2315 2189 2682 2259 χαριζόμενος
2706 2187 2734 2239 ὁ
2784 2183 2974 2254 Σωτὴρ
3032 2178 3434 2252 παρεχώρησεν
3483 2178 3676 2237 αὐτοῖς
3706 2174 3796 2240 τῆς

2227 2283 2431 2353 ἀγέλης
2455 2281 2563 2334 τῶν
2595 2280 2818 2349 χοίρων,
2848 2276 2962 2329 ἀλλ’
2994 2276 3082 2327 ἵνα
3131 2272 3284 2342 δείξῃ
3317 2271 3414 2326 καὶ
3442 2269 3546 2339 τὴν
3579 2266 3796 2335 μανίαν,

2225 2375 2292 2446 ἢν
2320 2375 2504 2444 ἔχουσι
2547 2371 2690 2424 κατὰ
2725 2369 2834 2422 τῶν
2879 2365 3208 2436 ἀνθρώπων.
3265 2363 3366 2414 Διά
3399 2359 3511 2428 γὰρ
3549 2360 3682 2419 τοὺς
3713 2374 3802 2407 κυ-

2230 2466 2378 2536 ρίους
2412 2463 2524 2516 τῶν
2569 2462 2770 2531 χοίρων
2799 2457 3136 2512 ἀπέκτειναν
3170 2453 3399 2514 αὐτοὺς,
3438 2449 3536 2503 ἵνα
3575 2446 3800 2509 τοόῖοος

2225 2559 2302 2620 ὡς
2358 2554 2546 2617 ἁπλῶς
2589 2549 2913 2621 ἀνθρώπους
2963 2547 3266 2615 λυπήσωσι,
3317 2544 3410 2594 καὶ
3453 2539 3648 2600 κακῶς
3701 2538 3804 2590 κάν

2224 2653 2400 2722 τούτῳ
2425 2647 2738 2708 διάθωνται,
2781 2643 2876 2698 καὶ
2909 2643 2997 2696 ἵνα
3044 2637 3330 2709 μάθωμεν,
3359 2635 3444 2686 ὃτι
3493 2633 3621 2684 οὐδὲ
3661 2630 3807 2682 κατὰ

2225 2747 2428 2817 χοίρων
2466 2741 2681 2810 ἔχουσιν
2711 2735 2985 2802 ἐξουσίαν,
3012 2730 3195 2793 καθὼς
3233 2729 3564 2798 εἰρήκαμεν,
3611 2725 3693 2794 μὴ
3726 2723 3808 2775 ὃτι

2225 2857 2290 2908 γε
2323 2836 2462 2892 κατὰ
2493 2832 2820 2905 ἀνθρώπων,
2874 2833 2924 2883 εί
2975 2829 3049 2898 μή
3079 2842 3212 2880 ποτε
3253 2817 3723 2891 παραχωρηθείεν
3746 2817 3810 2908 tit

2223 2904 2319 2982 τοῦ
2359 2923 2496 2978 Θεοῦ
2536 2904 2625 2976 διὰ
2663 2919 2917 2974 παιδείαν
2949 2917 3055 2970 τῶν
3084 2910 3582 2983 δαιμονιζομένων,
3618 2909 3654 2976 ἢ
3684 2904 3808 2961 κατ’

2224 3015 2541 3087 οἰκονομίαν
2565 3013 2733 3083 ἄλλην
2766 3006 3170 3078 εὐλογωτάτην.

2294 3195 2357 3248 Ei
2389 3188 2914 3256 κατεξουσιάζοντας
2947 3183 3106 3256 ἡμῶν
3128 3184 3192 3236 ὲκ
3222 3182 3434 3244 κοιλίας
3485 3177 3701 3250 μητρὸς
3730 3176 3810 3227 el-

2222 3301 2388 3358 χομεν
2419 3283 2544 3343 τοὺς
2573 3279 2855 3347 δαίμονας,
2884 3277 2983 3330 οὑκ
3006 3277 3072 3330 ἂν
3100 3275 3287 3341 ἔλεγεν
3311 3273 3339 3324 ὁ
3360 3271 3534 3341 μέγας
3561 3268 3804 3331 Παῦλος,

2223 3393 2306 3445 δτι
2337 3379 2438 3430 οὑκ
2468 3375 2620 3428 ἐστιν
2658 3373 2792 3441 ἡμῖν
2828 3373 2862 3440 ἡ
2889 3370 3033 3439 πάλη
3057 3367 3195 3439 πρὸς
3249 3361 3411 3436 αἷμα,
3444 3365 3539 3415 καὶ
3595 3362 3805 3429 σάρκα,

2223 3467 2362 3521 ἀλλὰ
2403 3467 2542 3536 πρὸς
2570 3463 2636 3517 τὰ
2671 3461 3022 3531 πνευματικὰ
3053 3461 3151 3529 τῆς
3185 3455 3477 3525 πονηρίας,
3509 3454 3634 3522 ἢτοι
3669 3451 3808 3520 πρὸς

2222 3560 2550 3629 ἀσωμάτους
2589 3553 2833 3625 πονηρὰς
2865 3552 3127 3621 δυνάμεις
3148 3566 3163 3581 ·
3195 3548 3302 3602 οὐδ’
3336 3549 3402 3600 ἂν
3444 3543 3813 3626 ἁποδειλιιῆν-

2223 3672 2321 3717 τας
2347 3653 2496 3723 ἡμᾶς
2515 3648 2922 3720 παρεθάρρυνε,
2953 3644 3049 3698 καὶ
3065 3642 3235 3714 κηροῦ
3253 3637 3693 3711 μαλακωτέρους
3727 3635 3786 3686 δν

2226 3763 2334 3810 τας
2368 3743 2657 3816 εἰργάζετο
2697 3741 2920 3810 σιδήρου
2951 3730 3570 3808 στερῤοτὲρουςόὺδᾜν
3599 3727 3807 3788 ὥπλιζε

2226 3837 2371 3892 κατὰ
2403 3835 2512 3888 τῶν
2547 3829 3172 3903 ἀντιπαραταττομένων
3205 3825 3478 3894 δαιμόνων
3541 3819 3805 3884 ἐγκελευ-

2226 3930 2448 3999 όμενος,
2507 3926 2603 3979 καὶ
2643 3923 2780 3992 βοῶν
2812 3938 2828 3954 ο
2879 3918 3227 3975 Ἀναλάὄετε
3274 3916 3391 3982 τὴν
3441 3913 3807 3992 εανοπλίαν

2226 4021 2334 4075 τοῦ
2366 4017 2513 4073 Θεοῦ
2538 4015 2690 4084 πρὸς
2732 4014 2799 4068 τὸ
2832 4013 3126 4066 δύνασθαι
3185 4008 3340 4077 ὑμᾶς
3389 4004 3623 4074 στῆναι
3657 4004 3808 4071 πρὸς

2228 4115 2342 4180 τὰς
2366 4109 2685 4182 μεθοδειας
2734 4106 2841 4162 τοῦ
2890 4105 3196 4158 διαϐόλου.
3231 4100 3575 4165 Καταλέγων
3612 4099 3670 4150 δὲ
3715 4099 3807 4149 καὶ

2227 4209 2298 4260 τὰ
2326 4206 2437 4258 τῶν
2470 4202 2656 4258 ὃπλων
2680 4200 2798 4269 εἴδη
2833 4197 3164 4268 προσέθηκε’
3193 4193 3381 4262 Στῆτε
3423 4188 3543 4247 οὖν
3575 4190 3811 4257 περιζω-

2229 4302 2485 4369 σάμενοι
2517 4296 2634 4364 τὴν
2666 4293 2872 4362 ὀσφὺν
2900 4289 3072 4360 ὑμῶν
3103 4289 3174 4342 ἐν
3208 4285 3482 4353 ἀληθείᾳ,
3514 4284 3618 4336 καί
3640 4283 3812 4335 ,ιτ-ευ-

2230 4392 2481 4461 adparat
2505 4386 2612 4442 τὸν
2634 4385 2868 4453 θώρακα
2921 4379 3028 4448 τῆς
3074 4377 3496 4442 δικαιοσύνης,
3527 4374 3632 4426 καὶ
3663 4376 3808 4428 ὐπο-

561 4461 765 4505 scutum
806 4451 951 4519 ﬁdei,
1009 4452 1064 4504 in
1107 4467 1208 4520 quo
1257 4452 1470 4518 possitis
1522 4453 1700 4504 omnia
1744 4452 1849 4506 tela
1904 4452 2122 4519 improbi

2231 4433 2562 4551 δηζόμενοι
2597 4433 2742 4544 *τοὺὶζ
2785 4475 2976 4538 πόδας
3008 4470 3409 4538 ὲνὲτοιμασίᾳ
3461 4467 3569 4520 τοῦ
3613 4469 3808 4531 Εὐαγ-

561 4543 714 4610 igttea
761 4541 1110 4609 exstinguere,
1150 4551 1197 4594 et
1234 4541 1437 4611 galeam
1473 4542 1728 4595 salutaris
1792 4542 2028 4608 accipite,
2079 4552 2130 4599 et

561 4632 802 4701 gladium
823 4632 1061 4700 spiritus,
1091 4634 1230 4701 quod
1275 4643 1348 4686 est
1384 4634 1598 4686 verbum
1636 4631 1728 4686 Dei
1750 4634 1789 4687 ³.
1823 4633 2023 4690 Horum
2049 4652 2129 4692 ar-

563 4739 776 4780 morum
808 4734 954 4780 tanta
997 4725 1075 4780 vis
1099 4733 1202 4788 est,
1231 4733 1287 4778 ut
1319 4739 1384 4778 ne
1413 4723 1704 4792 fulgentem
1741 4726 1955 4795 quidem
1988 4727 2130 4797 ipso-

563 4831 683 4873 rum
715 4816 1053 4886 splendorem
1086 4815 1383 4870 adversarii
1426 4827 1630 4884 queant
1657 4819 1944 4874 sustinere.
1990 4819 2133 4885 Quo-

567 4909 727 4964 modo
761 4909 906 4964 enim
955 4898 1092 4977 quisj
1125 4923 1250 4964 cum
1307 4924 1373 4964 eo
1421 4908 1514 4980 qui
1563 4918 1887 4979 potestatem
1945 4911 2130 4980 habet,

566 4997 736 5066 possit
760 5000 1087 5053 contendere
1110 4998 1133 5052 ?
1155 4998 1436 5064 Quomodo
1465 4999 1636 5068 possit
1667 5000 1714 5054 ei
1742 5001 2014 5070 resistere,
2037 5005 2130 5072 qui

567 5086 828 5153 continet,
863 5096 917 5142 et
949 5097 1221 5159 expugnat
1249 5089 1272 5142 ‘I

2233 4576 2439 4647 γελίου
2468 4571 2574 4638 τῆς
2604 4568 2868 4640 εἰρήνης,
2903 4565 3002 4619 ἐπὶ
3034 4563 3218 4617 πᾶσιν
3251 4560 3671 4623 ἀναλαϐόντες
3713 4562 3810 4609 n‘r

2235 4665 2454 4736 θυρεὸν
2483 4663 2592 4731 τῆς
2620 4663 2898 4724 πίστεως,
2935 4658 3004 4712 ἐν
3032 4649 3080 4721 ᾧ
3101 4654 3446 4723 δυνήσεσθε
3501 4651 3711 4704 πάντα
3746 4647 3810 4700 τὰ

2230 4759 2394 4827 ,βέλη
2427 4755 2535 4811 τοῦ
2570 4753 2841 4821 πονηροῦ
2889 4752 2962 4805 τὰ
2999 4746 3398 4815 πεπυρωμένα
3430 4743 3684 4808 σϐέσαι,
3717 4742 3811 4793 καὶ

2237 4852 2354 4920 τὴν
2380 4846 2853 4916 περικεφαλαίαν
2879 4842 2985 4897 τοῦ
3023 4841 3325 4908 σωτηρίου
3366 4837 3690 4898 δέξασθαι,
3719 4834 3809 4885 καὶ

2237 4943 2351 5010 τὴν
2371 4943 2675 5011 μάχαιραν
2698 4938 2804 4992 τοῦ
2831 4938 3200 5004 Πνεύματος,
3227 4933 3261 4986 ὅ
3282 4933 3416 4985 ἐστι
3435 4928 3609 4997 ῥῆμα
3642 4927 3806 4982 Θεοῦ.

2236 5037 2456 5090 Τούτων
2489 5035 2547 5087 δὲ
2573 5033 2682 5086 τῶν
2732 5032 2915 5087 ὅπλων
2953 5028 3199 5098 τοσαύτη
3229 5044 3311 5088 τις
3347 5027 3382 5095 ἡ
3444 5022 3712 5091 δύναμις,
3739 5020 3809 5080 ὡς

2241 5131 2378 5201 μηδὲ
2429 5131 2530 5200 τὴν
2566 5127 3006 5198 ἀπολάμπουσαν
3032 5124 3214 5178 αὐτῶν
3241 5119 3542 5190 ἀστραπὴν
3574 5117 3809 5186 ὑφίστα-

567 5201 691 5256 σθαι
725 5201 852 5296 τοξος
890 5202 1206 5274 πολεμίους.
1270 5207 1393 5269 Πῶς
1431 5207 1540 5278 γὰρ
1570 5208 1636 5263 ἄν
1695 5226 1780 5273 τις
1815 5211 1892 5283 τῷ
1931 5214 2402 5289 κατεξουσιάζοντι
2441 5226 2699 5296 μάχοιτο;
2763 5223 2886 5286 Πῶς
2916 5221 2962 5275 δ’
2989 5219 3055 5273 ἂν
3098 5218 3176 5288 τῷ
3229 5217 3510 5286 συνέχοντι
3539 5212 3678 5281 ,καὶ
3716 5225 3807 5260 κει·

565 5292 889 5348 ταπονοῦντι
914 5296 1304 5365 κραταιότερον
1342 5298 1628 5368 ἀντισταίη
1656 5317 1672 5366 ;

640 5383 899 5442 Dominus
929 5398 1114 5442 noster
1145 5386 1308 5442 Jcsus
1335 5389 1580 5444 Christus
1606 5390 1759 5460 jussu
1789 5391 1904 5446 solo
1936 5393 2134 5449 dtemo-

567 5492 668 5533 nas
689 5478 964 5548 ejiciebat.
996 5477 1263 5548 Discipuli
1319 5487 1499 5533 autem
1534 5480 1704 5550 ipsius
1759 5497 1854 5551 per
1911 5485 2132 5540 invoca-

569 5571 769 5627 tionem
801 5574 919 5641 ejus
954 5571 1075 5626 illos
1125 5571 1453 5642 ell'ugabant,
1515 5581 1570 5629 et
1629 5575 1887 5632 obsessos
1943 5578 2010 5632 ab
2052 5578 2132 5634 eis

638 5753 654 5784 ¹
696 5751 893 5813 Epltes.
941 5752 1132 5816 v1.12.
1240 5753 1259 5786 ³
1301 5752 1434 5808 Ibid.
1482 5754 1566 5808 15.
1643 5755 1663 5786 ⁸
1704 5754 1837 5810 ibid.
1883 5755 1966 5812 Η.
2027 5755 2111 5812 l7.

2326 5397 2386 5450 '0
2424 5396 2525 5466 μὲν
2553 5396 2758 5462 Κύριος
2779 5394 2934 5464 ἡμῶν
2978 5391 3182 5463 Ἰησοῦς
3214 5388 3450 5460 Χριστὸς
3472 5390 3804 5458 ἐπιτάγματι

2243 5488 2389 5559 μόνῳ
2412 5491 2536 5552 τοὺς
2567 5489 2832 5558 δαίμονας
2867 5486 3178 5555 ἀπήλαυνεν
3201 5499 3214 5511 ·
3236 5483 3286 5534 οἱ
3331 5481 3583 5551 μαθηταὶ
3605 5483 3664 5534 δὲ
3691 5480 3805 5532 τού·

2237 5596 2331 5634 του
2357 5579 2443 5632 διὰ
2472 5580 2572 5650 τῆς
2613 5578 2952 5650 ἐπικλήσεως
2979 5576 3144 5640 αὑ,τοῦ
3174 5576 3402 5646 φεύγειν
3431 5577 3638 5642 αὐτοὺς
3677 5591 3804 5643 παρ-
