4044 6290
230 351 364 416 19.31

1139 351 1519 416 PANOPLIA
1557 353 2016 422 DOGMATICA.
2041 381 2109 394 ·-
2135 358 2288 424 ΤΙΤ.
2333 359 2541 426 XXVL

3375 354 3514 422 19.82

222 469 569 536 εσκεύαζον,
643 469 740 524 καὶ
786 469 917 536 τοὺς
977 469 1358 541 δαιμονῶντας
1439 472 1812 543 ἐθεράπευον,

1937 477 2224 541 curabant,
2257 491 2366 532 non
2396 484 2576 530 autem
2618 481 2880 530 accurata
2910 470 3323 528 llasalianorum
3387 485 3514 542 pre'

230 565 371 633 μήτε
396 566 465 634 τῇ
504 563 777 635 σπουδαίᾳ
803 564 913 618 τῶν
964 561 1337 616 Μασαλιανῶν
1363 563 1522 634 εὐχῇ,
1568 565 1710 635 μήτε
1743 568 1810 636 τῇ

225 656 467 728 χριμψει
509 656 604 710 καὶ
670 653 980 709 ἀποπτύσει
1015 653 1154 724 πρὸς
1182 654 1366 720 δίωξιν
1405 655 1515 709 τῶν
1535 637 1814 726 δαιμόνων

231 748 531 820 χρώμενοι.
563 749 634 801 El.
654 748 712 802 δὲ
745 750 774 802 6
823 748 1030 818 Κύριος
1061 747 1194 815 περὶ
1235 748 1345 800 τῶν
1391 748 1671 819 δαιμόνων
1699 747 1817 802 ἔλε-

231 857 352 907 γεν,
382 840 464 894 ὅτι
501 840 682 894 Τοῦτο
716 839 783 892 τὸ
828 838 1006 907 γένος
1047 839 1161 893 οὐκ
1193 837 1504 908 ἐξέρχεται
1532 842 1584 894 sl
1623 840 1712 910 μὴ
1745 840 1817 894 ἐν

225 931 545 1001 προσευχῇ
576 932 676 984 καὶ
695 932 974 999 νηστείᾳ,
996 930 1112 984 ἀλλ’
1137 931 1197 982 οὐ
1232 935 1362 1001 περὶ
1385 933 1606 986 πάντων
1626 933 1815 997 ἀπλῶς

227 1031 340 1085 τῶν
373 1030 835 1100 προσευχομένων
865 1030 959 1082 καὶ
1008 1030 1396 1099 νηστευόντων
1427 1030 1640 1100 ἔλεγεν,
1677 1030 1816 1086 ἀλλά

226 1123 360 1194 περὶ
390 1121 492 1191 μὲν
520 1121 630 1175 τῶν
652 1121 740 1174 διὰ
775 1120 872 1174 τοῦ
895 1121 1044 1175 θείου
1066 1123 1446 1193 βαπτίσματος
1466 1124 1815 1194 υίοθετηθέν-

230 1231 343 1268 των
373 1213 452 1281 τῷ
483 1214 604 1282 Θεῷ
630 1214 723 1268 καὶ
751 1214 946 1284 Πατρὶ,
975 1216 1070 1267 καὶ
1101 1215 1566 1285 συγκληρονόμων
1591 1214 1682 1269 τοῦ
1715 1215 1817 1285 φύ-

229 1323 312 1359 σει
335 1305 466 1358 Υίοῦ
502 1305 646 1359 κατὰ
685 1306 848 1376 χάριν
889 1307 1299 1377 γεγενημένων,
1339 1307 1470 1375 περὶ
1513 1301 1590 1362 ὧν
1626 1307 1815 1376 ἔλεγεν

235 1399 266 1451 6
311 1397 674 1460 Ἀπόστολος’
713 1399 886 1450 Ὅσοι
936 1399 1025 1462 εις
1082 1401 1347 1465 Χριστὸν
1387 1399 1812 1467 ἐϐαπτίσθητε,

229 1493 490 1561 Χριστὸν
517 1492 918 1548 ἐνεδύσασθε.
949 1495 1109 1556 ﬂcio;
1129 1495 1239 1564 γὰρ
1274 1494 1506 1558 ἄπιστος
1540 1493 1572 1564 ἢ
1606 1493 1815 1562 αίρετι·

233 1587 328 1646 κὸς
355 1583 564 1638 δύναιτ’
595 1585 662 1637 ἂν
693 1585 969 1639 ἀπελάσαι
1018 1586 1253 1656 δαίμονα
1284 1587 1374 1641 διὰ
1405 1587 1667 1657 νηστείας
1715 1587 1814 1638 καὶ

230 1675 565 1744 προσευχῆς,
602 1674 707 1728 κᾶν
736 1675 1069 1740 ἐπιδείξαιτο
1085 1677 1293 1740 ταύτας
1319 1677 1806 1747 ἀνυπερϐλήτουςς

225 1763 331 1823 Ὧν
356 1771 464 1840 γὰρ
491 1772 524 1840 ἡ
556 1771 742 1832 πίστις
775 1771 1038 1842 ἀδόκιμος
1095 1773 1192 1824 καὶ
1247 1771 1566 1841 ἀνίσχυρος,
1602 1772 1812 1825 τούτων

1921 563 2161 629 catione,
2228 579 2405 633 neque
2469 565 2854 619 exsecratione
2922 571 2977 618 et
3045 561 3394 632 despectione
3444 561 3511 616 ad

1917 653 2196 711 demonas
2309 653 2609 722 ejiciendus
2681 655 2988 708 utebantur.
3057 652 3123 707 Et
3201 667 3509 722 quanquam

1919 742 2180 797 Dominus
2238 742 2375 796 dixit
2443 743 2511 796 de
2571 741 2956 796 daemonibus:
3022 740 3136 794 Hoc
3179 757 3339 811 genus
3401 756 3507 795 non

1915 833 2128 902 ejicitur
2185 832 2302 885 uisi‘
2343 832 2398 884 in
2444 834 2684 885 oratione
2750 841 2800 884 et
2839 831 3050 901 jejunio
3079 832 3120 897 ¹,
3174 847 3280 885 non
3329 841 3508 888 tamen

1922 927 1989 979 de
2015 926 2289 991 omnibus,
2343 923 2436 993 qui
2495 923 2746 994 jejunaut
2795 933 2848 977 et
2907 935 3202 992 precantur
3246 925 3512 995 simplici-

1917 1021 2000 1072 ter
2029 1017 2241 1072 locutus
2271 1026 2372 1082 est,
2403 1017 2499 1070 sed
2533 1017 2597 1071 de
2625 1017 2730 1070 illis
2760 1016 3044 1080 duntaxat,
3100 1017 3194 1085 qui
3228 1032 3325 1085 per
3363 1018 3508 1070 divi-

1917 1123 2049 1162 num
2075 1108 2406 1178 baptismum
2438 1109 2491 1162 in
2522 1107 2612 1162 Dei
2641 1118 2695 1162 et
2725 1106 2909 1162 Patris
2960 1106 3100 1162 ﬁlios
3160 1117 3287 1162 sunt
3338 1107 3508 1177 adop-

1918 1201 2037 1267 tati,
2069 1210 2125 1256 et
2157 1201 2300 1271 ejus,
2348 1203 2441 1272 qui
2482 1213 2669 1257 natura
2699 1200 2872 1256 Filius
2909 1209 2990 1256 est
3045 1199 3357 1254 colueredes
3415 1213 3510 1266 per

1920 1291 2152 1357 gratiam
2193 1291 2390 1358 eli‘ecti,
2445 1293 2510 1346 de
2541 1293 2736 1361 quibus
2765 1290 2978 1346 dicebat
3009 1292 3299 1359 Apostolus
3329 1308 3342 1344 :
3379 1289 3508 1345 0m-

1919 1399 2010 1436 πει
2067 1386 2154 1451 qui
2224 1386 2280 1439 in
2354 1383 2622 1438 Christum
2690 1384 2944 1450 baptizati
3004 1386 3149 1448 estis,
3231 1383 3501 1437 Christum

1917 1479 2168 1533 induisti:
2197 1481 2239 1534 '.
2331 1480 2465 1546 Quis
2538 1483 2684 1535 enim
2746 1480 2977 1536 inlidelis
3066 1489 3159 1534 aut
3223 1480 3510 1534 haereticus

1919 1572 2214 1627 daemonem
2273 1573 2448 1643 possit
2486 1573 2755 1642 expellere
2793 1572 3016 1642 jejuniis
3072 1580 3125 1626 et
3153 1570 3506 1633 orationibus,

1923 1662 2053 1720 licet
2113 1665 2180 1720 iis
2242 1674 2430 1720 utatur
2459 1665 2723 1720 eximiis?
2785 1667 3028 1730 Quorum
3070 1664 3216 1718 enim
3262 1663 3506 1731 improba

1917 1763 1999 1808 est
2042 1755 2175 1810 lldes
2257 1766 2312 1810 et
2367 1755 2597 1818 inﬁrma,
2632 1756 2825 1809 horum
2878 1765 2932 1809 et
2963 1770 3157 1823 preces
3208 1764 3261 1809 et
3305 1753 3507 1823 jejunia

226 1861 324 1914 καὶ
417 1831 696 1932 προσευχὴ
713 1831 808 1916 καλ⁵
841 1831 1065 1929 νηστεία
1094 1862 1334 1925 πάντως.
1365 1831 1478 1916 lini.
1653 1862 1812 1932 ἔργον

1918 1853 2043 1898 sunt
2081 1844 2295 1898 inﬁrma
2336 1846 2517 1913 plane.
2573 1845 2824 1910 Et0pera
2861 1844 3102 1912 ipsorum
3154 1842 3496 1897 daemonibus

229 1950 413 2005 αὐτῶν
442 1953 502 2004 ού
535 1954 697 2016 μόνον
744 1954 805 2006 οὐ
869 1953 1125 2023 φοϐερὸν,
1182 1953 1320 2006 ἀλλὰ
1350 1954 1448 2007 καὶ
1510 1952 1668 2021 φίλον
1699 1956 1818 2016 τοῖς

229 2047 516 2117 δαίμοσινο
556 2049 605 2102 εί
637 2050 710 2119 μή
746 2050 851 2101 πού
884 2066 970 2112 τις
1005 2048 1114 2101 τῶν
1141 2048 1404 2102 τοιούτων
1436 2048 1524 2102 διὰ
1558 2048 1815 2118 γοητείας

231 2140 376 2203 τινὸς
407 2141 588 2205 ἔδοξεν
627 2142 908 2196 ἀπελάσαι
960 2144 1216 2214 δαίμονα.
1280 2142 1339 2195 'U
1374 2143 1509 2209 γοῦν
1545 2143 1690 2194 κατά
1720 2141 1814 2194 τὸν

230 2233 325 2287 τοῦ
373 2234 582 2303 Κυρίου
635 2233 802 2302 λόγον
838 2239 1308 2304 προσευχόμενος,
1367 2233 1461 2286 καὶ
1503 2231 1808 2304 νηστεύων,

229 2325 325 2377 καὶ
354 2324 461 2376 τῶν
498 2324 676 2379 ἄλλων
709 2325 809 2393 μὲν
862 2325 1076 2394 ἀρετῶν
1111 2321 1252 2378 εῐναι
1301 2326 1528 2397 μέτοχος
1574 2323 1808 2393 ὀφείλει,

241 2416 480 2486 μάλιστα
515 2416 573 2468 δέ
605 2417 704 2478 τάς
733 2415 827 2468 δύο
855 2415 1062 2480 ταύτας
1087 2416 1476 2487 μετέρχεσθαι,
1507 2415 1606 2486 τὴν
1637 2431 1811 2486 προσ-

228 2505 391 2577 ευχὴν
424 2506 571 2574 λέγω
623 2508 720 2559 καὶ
788 2506 893 2576 τὴν
919 2507 1204 2577 νηστείαν.
1245 2507 1304 2560 '0
1333 2507 1390 2560 δὲ
1424 2507 1527 2576 τὴν
1567 2522 1811 2577 προσευ-

227 2598 330 2671 χὴν
365 2599 466 2668 μὶν
498 2599 657 2668 μόνον
717 2597 1077 2667 ἐπιτηδεύων,
1108 2598 1207 2660 τὰς
1238 2597 1405 2660 ἀλλας
1428 2596 1486 2650 δὲ
1536 2595 1818 2668 παρατρέ-

227 2709 361 2763 χων,
394 2693 490 2746 καὶ⁵
523 2689 973 2762 καταρῤᾳθυμῶν
1010 2689 1211 2757 αὐτῶν,
1241 2689 1302 2742 οὐ
1356 2689 1518 2758 μόνον
1567 2689 1668 2742 οὐκ
1711 2689 1814 2740 ἀπο

1918 1948 2027 1988 non
2061 1934 2424 1999 formidanda,
2462 1935 2557 1988 sed
2608 1945 2760 2003 grata
2791 1942 2934 1987 strut.
2993 1933 3105 1986 Nisi
3138 1933 3262 2001 quis
3320 1945 3508 1985 eorum

1915 2025 2214 2095 praestigiis
2263 2034 2314 2079 et
2367 2024 2598 2080 fallaciis
2656 2024 2935 2079 dazmones
2986 2024 3187 2091 ejicere
3241 2023 3508 2078 videatur.

1914 2115 2182 2185 Quisquis
2234 2115 2401 2186 igitur
2443 2129 2511 2168 ex
2565 2115 2746 2169 verbis
2819 2115 3032 2170 Domini
3120 2123 3397 2185 precatur,
3449 2123 3509 2168 et

1915 2207 2148 2278 jejunat,
2181 2216 2237 2264 et
2266 2209 2494 2264 aliarum
2531 2208 2794 2263 virtutum
2839 2223 2960 2264 esse
3023 2210 3297 2279 particeps
3323 2209 3508 2272 debet,

1923 2300 1974 2356 in
2005 2301 2198 2370 primis
2242 2310 2432 2355 autem
2471 2303 2583 2356 haec
2612 2302 2742 2368 duo,
2796 2314 2993 2371 nempe
3024 2300 3391 2370 precationem
3457 2311 3512 2356 et

1919 2391 2211 2462 jejunium,
2259 2394 2539 2449 adhibere.
2589 2394 2693 2460 Qui
2735 2409 2865 2450 vero
2891 2395 3114 2462 reliquis
3145 2394 3366 2450 omissis
3391 2409 3514 2464 pre-

1916 2496 2012 2538 ces
2065 2492 2273 2538 tantum
2325 2483 2563 2547 adhibet,
2619 2486 2666 2539 is
2719 2499 2824 2538 non
2877 2485 3051 2539 solum
3116 2485 3510 2539 inhabitantem

1929 2572 2234 2628 daemonem
2271 2587 2377 2627 non
2423 2574 2624 2642 ejiciet,
2649 2581 2706 2626 ut
2738 2574 2826 2628 isti
2871 2574 3086 2638 dicunt,
3127 2577 3221 2630 sed
3273 2589 3419 2641 eum,
3464 2575 3513 2629 si

1922 2664 2081 2720 fortis
2105 2665 2197 2729 sit,
2231 2673 2455 2736 propter
2477 2665 2739 2720 virtutum
2768 2665 3068 2732 neglectum
3101 2666 3362 2731 alliceret,
3387 2668 3512 2721 licet

229 2784 418 2838 ελάσει
474 2781 567 2836 τὸν
597 2782 915 2835 ἐνοικοῦντα
949 2779 1126 2852 τούτῳ
1160 2780 1414 2852 δαίμονα,
1452 2779 1635 2843 καθὼς
1671 2774 1812 2834 οὗτοι

1929 2758 2130 2813 millies
2191 2758 2420 2826 singulis
2478 2758 2668 2813 diebus
2730 2769 3132 2826 exsecraretur,
3182 2768 3236 2813 et
3292 2757 3511 2813 ﬂumina

227 2874 501 2941 λέγουσιν,
535 2874 673 2926 ἀλλὰ
711 2873 806 2926 καὶ
844 2871 1046 2943 μᾶλλον
1073 2872 1276 2937 ἔξωθεν
1303 2873 1433 2926 ὄντα
1462 2873 1669 2942 διάτὴν
1703 2873 1816 2925 τῶν

1923 2857 2214 2918 sputorum
2241 2851 2565 2905 eliunderet.

233 2966 418 3020 καλῶν
451 2965 712 3036 ἀμέλειαν
771 2965 1163 3033 ἐπισπάσεται,
1222 2965 1326 3019 κᾶν
1359 2965 1624 3036 μυριάκις
1682 2964 1769 3032 ἐφ’
1823 2962 2062 3033 ἑκάστης
2116 2963 2330 3035 ἡμέρας
2369 2963 2718 3036 χρίμψαιτο,
2785 2963 2887 3018 κᾶν
2960 2962 3244 3033 ποταμοὺς
3311 2961 3515 3034 ἀφήσει

237 3059 512 3113 πτυέλων.

302 3153 366 3205 Εί
400 3120 783 3206 συνουσίωνται
826 3152 891 3222 τῇ
913 3150 1071 3219 φύσει
1091 3150 1203 3204 τῶν
1220 3149 1523 3222 ἀνθρώπων
1545 3150 1593 3204 οἱ
1615 3148 1811 3221 δαίμο-

1987 3146 2042 3202 Si
2089 3157 2294 3203 natura:
2339 3147 2616 3202 hominum
2669 3147 2942 3202 dmmones
2971 3146 3116 3202 insiti
3146 3158 3292 3212 sunt,
3350 3148 3419 3202 ab
3449 3163 3514 3202 ea

222 3261 338 3309 νες,
389 3243 647 3298 ἀδύνατον
681 3242 1126 3313 ἀποδιαιρεθῆναι
1171 3244 1394 3306 τούτους
1426 3243 1598 3309 αὐτῆς
1626 3242 1698 3296 δι’
1730 3242 1811 3294 oi-

229 3335 504 3406 ασδήπσττ
531 3337 778 3407 μηχανῆς
804 3335 935 3406 ἄχρι
985 3335 1193 3399 τέλους.
1258 3335 1339 3388 Τά
1392 3333 1502 3406 γὰρ
1554 3333 1810 3404 ἡνωμένα

229 3425 478 3494 φυσικῶς
505 3426 785 3496 ἀδιαίρετα
819 3426 1013 3496 μέχρις
1049 3427 1116 3480 ἂν
1150 3425 1231 3488 είς
1261 3425 1582 3479 τελευταίαν
1609 3425 1812 3478 ἀνάλυ-

229 3535 314 3570 σιν
339 3519 775 3587 τιαταντήσωσιν.
824 3517 1078 3572 motata
1118 3517 1326 3588 τρόπου
1373 3518 1518 3580 τινὸς
1573 3516 1811 3569 ἀπελαύ-

230 3625 434 3673 νονται,
481 3610 543 3662 οὐ
573 3609 818 3679 φυσικῶς
883 3610 1121 3680 ῆνωνται
1180 3611 1420 3676 πάντως,
1461 3608 1576 3662 ἀλλ’
1612 3608 1812 3674 ἔξωθεν

229 3701 575 3772 ἐπέρχονται,
599 3700 692 3754 καὶ
723 3699 1208 3768 συνδιατρίϐουσιν.

302 3789 365 3844 Et
395 3790 480 3844 διὰ
513 3790 613 3860 τὴν
643 3787 954 3860 παράϐασιν
979 3789 1078 3855 τῆς
1113 3789 1338 3859 πρώτης
1387 3789 1608 3859 ἐντολῆς
1653 3806 1812 3841 συνε-

232 3882 482 3953 πλήρωσε
504 3883 568 3952 τῇ
596 3879 753 3950 φύσει
779 3879 889 3932 τῶν
921 3879 1228 3949 ἀνθρώπιον
1250 3880 1278 3931 6
1310 3879 1444 3942 θεὸς
1472 3881 1597 3942 τοὺς
1617 3878 1706 3931 δαί
1715 3893 1811 3948 μο-

233 3990 352 4035 νας,
384 3972 482 4025 καὶ
519 3971 837 4039 παρέδωκεν
863 3969 1033 4039 αὐτὴν
1069 3969 1389 4039 ύποχειρίαν
1417 3971 1620 4033 αὐτοῖς,
1643 3985 1815 4024 κατα-

232 4063 392 4133 γνόιη
423 4077 508 4122 τις
527 4059 592 4112 ἂν
627 4057 793 4112 αὑτοῦ
838 4058 1040 4129 πολλὴν
1085 4059 1343 4130 ὡμότητα
1397 4060 1493 4113 καὶ
1521 4060 1812 4130 ἀπήνειαν,

233 4155 424 4224 πρῶτα
476 4154 575 4223 μὲν
608 4151 670 4203 τὸ
693 4151 1040 4223 ἀνθρώπινον
1075 4151 1238 4221 σῶμα
1271 4151 1530 4205 ἐπίνοσον
1559 4152 1655 4205 καὶ
1684 4151 1814 4221 θνη-

231 4248 326 4299 τὸν
351 4244 859 4306 κατασκευάσαντος
889 4242 977 4296 διὰ
1004 4242 1104 4313 τὴν
1144 4241 1446 4313 εἰρημένην
1476 4243 1808 4312 παράϐασιν,

232 4342 426 4394 ἔπειτα
447 4340 503 4393 δέ
533 4339 624 4392 καὶ
650 4338 1028 4409 βασανίζοντος
1050 4337 1177 4400 τοὺς
1209 4336 1534 4409 ἀνθρώπους
1591 4339 1681 4392 διά
1713 4339 1813 4410 τῆς

231 4431 542 4503 τυραννίδος
573 4431 681 4484 τῶν
737 4430 1006 4499 δαιμόνων
1041 4431 1441 4483 ἐπιταττόντων
1473 4429 1658 4492 αὐτοῖς
1712 4431 1812 4494 τὰς

230 4525 608 4598 ψυχοφθόρους
657 4523 952 4593 ἁμαρτίας,
991 4523 1086 4576 καὶ
1119 4522 1426 4576 τελευταῖον
1469 4523 1807 4593 ἀποκληρώ-

232 4634 423 4679 σαντος
455 4620 564 4678 τοῖς
589 4615 782 4669 ἀνίατα
818 4612 1199 4685 πλημμελοῦσι
1228 4615 1290 4669 τὸ
1319 4613 1430 4685 πῦρ
1469 4630 1527 4667 τε
1582 4615 1644 4668 τὺ
1673 4615 1809 4681 ἐξώ-

231 4728 390 4779 τερον
411 4709 468 4761 τὸ
494 4707 897 4777 ἡτοιμασμένον
950 4705 1028 4775 τῷ
1062 4705 1315 4774 διαϐόλῳ,
1357 4706 1449 4759 καὶ
1490 4707 1602 4769 τοῖς
1645 4706 1812 4775 ἀγγέ-

228 4805 346 4866 λοις
377 4801 564 4867 αὐτοῦ,
603 4800 698 4854 καὶ
730 4799 827 4862 τὰς
862 4797 1027 4861 ἄλλας
1062 4798 1314 4861 αἰωνίους
1342 4797 1612 4860 κολάσεις.
1649 4797 1812 4851 Ἀλλὰ

235 4899 343 4963 μὴν
371 4891 750 4962 φιλάνθρωπος
778 4892 806 4943 ό
842 4889 972 4952 Θεὸς
993 4888 1088 4941 καὶ
1129 4887 1361 4951 δίκαιοςο
1409 4891 1474 4959 τῇ
1508 4889 1608 4958 μὲν
1634 4905 1812 4959 παρα-

230 4986 387 5038 δάσει
415 4987 516 5053 τῆς
570 4983 788 5052 ἐντολῆς
831 4983 926 5035 καὶ
978 4983 1043 5052 τῇ
1076 4980 1135 5044 ἐξ
1187 4981 1355 5049 αὐτῆς
1407 4981 1656 5053 ἁμαρτίᾳ
1716 4979 1811 5036 τοῦ

229 5084 581 5155 προπάτορος
608 5085 662 5136 αἱ
697 5082 840 5136 νόσοι
866 5081 959 5135 καὶ
984 5083 1011 5134 6
1051 5079 1281 5141 θάνατος
1311 5075 1606 5144 ἐπιτίμιον,
1668 5073 1727 5126 ὃν
1778 5074 1812 5143 ἡ

237 5173 554 5245 παράϐασις
606 5173 704 5227 καὶ
759 5176 792 5242 ἠ
847 5173 1090 5243 ἁμαρτία
1132 5169 1524 5242 προεξένησαν,
1581 5165 1676 5219 καὶ
1724 5159 1816 5218 ob-

230 5285 325 5331 τος
356 5267 440 5320 διὰ
471 5265 900 5336 φιλανθρωπίαν,
958 5265 1046 5319 ἶνα
1076 5261 1430 5329 διακοπείσης
1482 5257 1585 5327 τῆς
1636 5257 1815 5327 ἀμαρο

230 5357 378 5418 τίας,
405 5358 478 5427 μὴ
509 5357 774 5412 ἀθάνατον
876 5356 934 5408 τὸ
990 5355 1177 5415 κακὸν,
1233 5352 1308 5410 ὡς
1339 5352 1367 5403 6
1396 5347 1658 5415 Θεολόγος
1709 5346 1814 5416 ἔφη

232 5447 558 5517 Γρηγόριοςο
612 5448 666 5500 αἱ
693 5447 749 5500 δὲ
779 5447 1034 5500 ἀθάνατοι
1063 5444 1313 5504 κολάσεις
1343 5442 1403 5492 οὐ
1462 5442 1560 5510 τῆς
1592 5439 1816 5508 πρώτης

232 5538 600 5607 παραδάσεώς
632 5541 769 5592 εἰσιν
809 5537 1106 5606 ἐπιτίμιον,
1171 5533 1304 5586 ἀλλὰ
1327 5532 1434 5585 τῶν
1482 5530 1813 5601 ἡμαρτημέ-

235 5645 346 5683 νων
377 5631 590 5700 ἐκάστῳ
621 5630 730 5683 τῶν
767 5625 1092 5700 ἀνθρώπων,
1125 5626 1243 5697 ἤτοι
1267 5623 1375 5678 τῶν
1397 5622 1506 5676 ἀπὸ
1533 5620 1630 5676 τοῦ
1661 5637 1812 5693 πρω-

315 5813 334 5845 ⁸
370 5812 563 5870 Matth.
609 5832 685 5884 ιι,
743 5816 835 5872 28.
910 5818 931 5851 ³
987 5817 1165 5875 Galal.
1207 5817 1402 5887 111,27.

1914 3241 2159 3309 separari
2193 3253 2362 3308 usque
2396 3240 2460 3293 ad
2493 3240 2650 3293 linem
2687 3239 2829 3294 nulla
2865 3240 3072 3293 ratione
3109 3247 3355 3307 possunt.
3381 3237 3512 3305 Qua:

1912 3333 2057 3387 enim
2091 3331 2406 3386 naturaliter
2438 3331 2722 3400 conjuncta
2775 3341 2922 3394 sunt,
2952 3330 3164 3400 sejuugi
3226 3341 3516 3400 nequeunt,

1913 3423 2090 3494 quoad
2114 3425 2166 3475 in
2184 3431 2482 3477 extremam
2509 3421 2890 3477 resolutionem
2915 3422 3248 3490 redigantur.
3267 3421 3449 3490 Itaque
3469 3420 3515 3475 si

1916 3515 2126 3569 ratione
2147 3513 2325 3582 aliqua
2355 3515 2724 3584 expelluntur,
2769 3515 3087 3569 naturaliter
3113 3511 3354 3582 profecto
3383 3527 3515 3568 con-

1909 3604 2079 3672 juncti
2116 3620 2221 3658 non
2248 3613 2393 3668 sunt,
2421 3604 2514 3659 sed
2547 3606 2887 3659 extrinsecus
2930 3605 3191 3662 accedunt
3222 3613 3276 3660 et
3306 3604 3518 3660 inhabi-

1911 3703 2050 3750 tant.
2257 3697 2263 3704 '

1989 3785 2046 3839 Si
2076 3797 2294 3855 propter
2344 3785 2502 3856 primi
2562 3787 2816 3858 praeepti
2856 3788 3336 3859 transgressionem
3376 3791 3518 3847 Deus

1916 3885 2125 3932 natura:
2171 3876 2450 3932 hominum
2497 3877 2775 3933 dzemonas
2824 3879 3090 3948 adjunxit,
3124 3895 3353 3952 eamque
3411 3883 3520 3939 illis

1915 3969 2168 4039 subjecit,
2196 3985 2402 4040 magna:
2429 3970 2546 4040 quis
2569 3971 2741 4039 ipsum
2767 3973 3100 4028 crudelitatis
3125 3981 3179 4029 et
3205 3972 3514 4029 immanita-

1916 4059 1986 4115 tis
2004 4074 2106 4115 non
2132 4059 2364 4128 incuset,
2388 4061 2478 4130 qui
2502 4073 2610 4114 nou
2633 4069 2917 4118 contentus
2944 4063 3012 4118 ob
3044 4062 3188 4118 illam
3217 4073 3517 4135 transgres—

1914 4152 2120 4207 sionem
2141 4167 2336 4219 corpus
2364 4151 2658 4206 humanum
2679 4153 2885 4209 morbis
2935 4156 3202 4225 mortique
3228 4156 3519 4226 subjicere,

1917 4248 2220 4303 daemonum
2241 4244 2514 4299 dominatu
2544 4245 2797 4300 mortales
2823 4248 3176 4317 oppresserit,
3204 4249 3296 4318 qui
3321 4259 3517 4319 cogant

1918 4355 2010 4396 eos
2029 4338 2285 4410 peccatis,
2309 4337 2505 4406 quibus
2538 4352 2682 4392 mors
2707 4340 2902 4394 anima:
2922 4339 3203 4410 inﬂigitur,
3231 4341 3515 4406 inservire,

1917 4445 1976 4490 ut
2023 4450 2117 4490 eos
2174 4433 2408 4504 denique
2464 4433 2555 4503 qui
2611 4433 2836 4490 uelariis
2895 4435 3189 4490 sceleribus
3270 4435 3516 4490 obstricti

1917 4525 2140 4591 inierint,
2193 4525 2296 4594 igni
2337 4524 2619 4590 exteriori,
2666 4525 2758 4591 qui
2807 4537 3028 4595 paratus
3059 4537 3141 4582 est
3191 4528 3405 4583 diabolo
3461 4538 3516 4582 et

1913 4617 2116 4686 angelis
2170 4617 2306 4682 ejus,
2343 4615 2572 4686 aliisque
2601 4616 2883 4686 suppliciis
2913 4618 3184 4671 addixerit
3232 4619 3518 4686 sempiter-

1915 4709 2021 4763 nis.
2051 4709 2212 4777 Atqui
2246 4707 2512 4778 benignus
2536 4717 2619 4762 est
2658 4695 2820 4776 Deus,
2844 4718 2897 4763 et
2927 4708 3125 4778 justus.
3160 4707 3344 4777 Itaque
3375 4724 3513 4777 prae-

1913 4799 2052 4867 cepti
2100 4799 2540 4869 transgressioui,
2579 4810 2633 4854 et
2667 4801 2825 4869 primi
2854 4802 3099 4869 parentis
3124 4810 3351 4869 peccato
3383 4815 3513 4870 pro-

1913 4889 2074 4957 positi
2126 4899 2255 4944 sunt
2299 4891 2472 4945 morbi
2507 4898 2563 4944 et
2607 4905 2782 4958 mors,
2840 4905 3000 4958 quam
3052 4892 3410 4960 transgressio
3463 4900 3516 4948 et

1914 4991 2196 5051 peccatum
2256 4983 2640 5038 conciliarunt.
2694 4983 2826 5047 Quae
2866 4983 3082 5051 quidem
3137 4999 3282 5039 mors
3312 4985 3515 5042 indicat

1914 5075 2030 5144 ejus
2052 5072 2462 5142 benignitatem,
2487 5083 2567 5127 est
2583 5074 2724 5127 enim
2748 5089 2907 5130 causa
2933 5085 2990 5128 ιιι
3007 5077 3306 5146 interrupto
3323 5093 3516 5148 pecca-

1917 5175 1970 5220 to
1991 5167 2189 5221 malum
2215 5176 2530 5236 perpetuum
2559 5183 2665 5222 non
2698 5170 2789 5234 sit,
2815 5179 2870 5223 ut
2896 5169 3186 5238 Gregorius
3207 5170 3513 5242 Theologus

1915 5256 2009 5310 ait.
2037 5254 2311 5327 Supplicia
2348 5267 2526 5313 autem
2551 5267 2751 5315 aeterna
2789 5275 2891 5315 non
2917 5262 3104 5332 prima:
3128 5263 3512 5333 transgressio-

1915 5348 1969 5400 ni
2011 5346 2286 5415 proposita
2333 5357 2478 5414 sunt,
2535 5351 2627 5411 sed
2663 5351 2887 5421 singulis
2933 5353 3259 5417 hominibus,
3335 5355 3511 5422 quise

1915 5439 2152 5508 peccatis
2177 5437 2542 5509 obstringunt,
2580 5442 2692 5498 sive
2729 5445 2818 5513 qui
2861 5446 2972 5515 jam
2999 5445 3122 5499 inde
3153 5459 3180 5498 a
3214 5445 3387 5513 primo
3409 5459 3508 5514 pa-

1919 5538 2071 5585 rente
2102 5543 2273 5599 usque
2298 5533 2363 5584 ad
2393 5534 2577 5588 mundi
2597 5538 3114 5591 consummationem
3151 5535 3349 5591 nullam
3381 5551 3512 5607 pec-

1915 5623 2053 5680 catis
2109 5624 2445 5680 curationem
2507 5625 2894 5684 adhibuerunt.
2959 5629 3268 5686 Daemonqu
3323 5636 3510 5685 autem

2435 5786 2466 5810 κ
