4044 6290
494 393 629 457 1287

1726 380 2112 446 EUTHYMII
2152 379 2517 444 ZIGABENI

3630 371 3769 436 ῙΞῐΒ

487 512 554 565 ad
577 509 722 577 ipsos
754 522 767 561 :
801 504 858 560 Si
889 519 1038 569 vera,
1064 500 1363 571 inquimus,
1396 508 1541 557 esset
1570 499 1712 570 apud
1745 515 1839 554 vos
1862 499 2075 570 impati-

2190 497 2371 569 φορίᾳ.
2401 494 2588 566 Φαμὲν
2616 492 2673 548 δὲ
2696 493 2860 564 ἡμεῖς
2898 491 3037 564 πρὸς
3069 490 3267 556 αὐτοὺς
3289 505 3305 523 ·
3338 489 3402 543 Ei
3435 486 3540 559 μὲν
3561 485 3770 557 ἀληθὴς

489 599 695 665 billtas,
729 611 792 652 ac
830 611 936 651 non
959 596 1177 649 omnino
1200 594 1360 660 falsa,
1395 607 1518 648 cum
1553 593 1684 647 lides
1721 603 1903 646 vestra
1927 590 2080 644 adul-

490 693 671 747 terina
698 689 1119 759 atqueimproba
1158 687 1456 757 rejiciatur,
1492 685 1558 740 ad
1599 685 1701 739 hoc
1728 683 1894 738 etiam
1923 688 2085 750 caput

493 784 975 852 responderemus.
1028 777 1221 831 Verum
1253 778 1377 847 quia
1403 791 1523 830 cum
1546 775 1667 828 aliis
1713 772 1907 827 vestris
1929 784 2088 824 exer-

493 875 840 931 citationibus
860 883 913 927 et
933 873 1032 926 ista
1055 873 1317 939 impressa
1338 879 1497 937 est,et
1517 869 1824 939 exploditur
1841 876 1900 920 ut
1925 879 2085 928 vana,

493 979 654 1036 atque
725 965 1082 1034 improbatur,
1136 975 1597 1031 supervacaneum
1645 968 1727 1013 est
1770 972 1833 1013 ea
1896 953 2085 1010 conari

496 1057 800 1119 confutare,
829 1071 948 1125 qua:
978 1069 1070 1123 per
1095 1068 1152 1108 se
1185 1062 1445 1108 corruunt
1497 1061 1550 1107 et
1576 1051 1724 1106 nulla
1757 1059 1906 1107 sunt.
1938 1047 2088 1104 Dici-

497 1165 616 1202 mus
665 1157 868 1211 autem,
928 1148 994 1201 ad
1048 1161 1142 1200 eos
1189 1146 1280 1216 qui
1330 1153 1700 1214 expurgantur
1757 1152 1817 1198 ut
1864 1143 2085 1208 debent,

494 1241 709 1296 Patrem
737 1252 789 1294 ct
811 1239 1004 1293 Filium
1033 1240 1290 1293 accedere
1317 1255 1330 1292 :
1367 1236 1477 1308 Ego
1507 1239 1675 1303 enim,
1711 1235 1883 1305 inquit
1907 1234 2089 1288 Domi-

497 1345 671 1400 nus,et
705 1331 864 1386 Pater
920 1335 986 1385 ad
1008 1347 1122 1385 eum
1167 1332 1453 1394 veniemus,
1490 1338 1539 1384 et
1595 1329 1921 1382 mansionem
1943 1326 2086 1395 apud

495 1446 612 1482 eum
633 1427 881 1497 faciemus
933 1423 973 1479 ⁸.
1005 1423 1106 1479 Ubi
1148 1433 1325 1477 autem
1369 1422 1528 1477 Pater
1582 1431 1637 1476 et
1684 1419 1853 1474 Filius
1880 1426 1983 1483 est,
2011 1416 2083 1470 ibi

503 1533 723 1589 prorsus
765 1527 848 1571 est
879 1515 1112 1585 Spiritus
1144 1523 1385 1570 sanctus.
1415 1512 1528 1568 Hoc
1561 1526 1691 1567 vero
1718 1519 1919 1565 sanctae
1959 1507 2084 1562 Tri-

499 1611 685 1664 nitatis
713 1608 1040 1663 domicilium
1075 1610 1146 1660 ita
1171 1607 1251 1673 lit,
1287 1617 1346 1662 ut
1396 1605 1633 1662 hominis
1662 1603 1904 1658 conditio
1947 1599 2088 1669 pati-

501 1714 608 1766 tur,
649 1716 753 1754 non
796 1709 978 1753 autem
1014 1708 1073 1752 ut
1123 1706 1318 1752 natura
1348 1713 1406 1751 se
1440 1697 1602 1750 habet
1637 1696 1752 1766 ipsa
1799 1693 2082 1757 Divinitas,

499 1805 660 1863 quam
694 1799 879 1859 utpote
930 1789 1198 1844 inﬁnitam
1249 1797 1305 1845 et
1357 1786 1863 1857 incomprehensam
1926 1782 2086 1838 nullae

506 1897 592 1939 res
620 1884 842 1951 capiunt
879 1890 1196 1952 procreata.

577 2059 742 2113 Binas
758 2058 904 2111 aiunt
923 2055 1192 2110 hominem
1214 2053 1413 2108 habere
1432 2051 1641 2107 animas
1675 2051 1894 2114 debere,
1920 2063 2085 2103 unam

505 2153 759 2206 omnibus
791 2149 1098 2204 hominibus
1126 2160 1492 2210 communem,
1515 2146 1744 2199 alteram
1786 2144 2084 2198 cmlestem.

506 2243 564 2300 Si
597 2243 768 2298 libros
793 2241 878 2297 isti
904 2239 1187 2306 Moesicos,
1223 2245 1277 2294 et
1305 2238 1442 2293 alios
1469 2237 1813 2307 propheticos
1836 2234 2087 2290 admitte-

508 2347 644 2401 rent,
671 2351 736 2390 ex
777 2335 883 2390 illis
914 2341 1228 2403 argumenta
1259 2345 1623 2394 sumeremus,
1649 2329 1845 2399 quibus
1861 2327 2079 2396 opinio-

507 2441 630 2480 nem
673 2424 829 2478 istam
871 2422 1060 2478 falsam
1101 2437 1224 2477 esse
1257 2422 1775 2477 demonstraremus.
1815 2417 1971 2472 Nunc
1991 2431 2088 2472 au-

506 2527 619 2571 tem
649 2516 905 2586 quoniam
921 2514 1230 2583 evangelica
1255 2522 1460 2567 tantum
1489 2522 1545 2569 et
1576 2511 1868 2582 apostolica
1887 2510 2088 2578 scripta

507 2625 568 2666 se
616 2609 907 2663 admittere
946 2605 1295 2670 conﬁtentur,
1327 2605 1550 2660 audiant
1587 2604 1714 2673 quid
1737 2602 1994 2657 Dominus
2017 2600 2088 2655 ad

509 2701 941 2771 apostolosdicat
981 2697 1220 2764 :Nolite,
1268 2699 1462 2767 inquit,
1496 2698 1676 2751 timere
1699 2711 1786 2750 eos
1839 2695 1929 2762 qui
1951 2694 2090 2748 occi-

508 2794 873 2859 duntcerpus,
903 2791 1134 2844 animant
1182 2799 1356 2842 autem
1404 2804 1505 2842 non
1561 2796 1776 2855 possunt
1822 2789 2086 2853 occidere;

507 2900 627 2938 eum
662 2885 833 2952 potius
877 2883 1076 2946 timete,
1101 2883 1212 2951 μοιιὶ
1247 2889 1414 2947 potest
1443 2889 1494 2934 et
1549 2881 1782 2934 animum
1815 2890 1868 2935 et
1899 2893 2090 2948 corpus

509 2973 721 3044 perdere
743 2974 785 3026 ³.
841 2971 906 3026 Et
921 2970 1120 3027 Paulus
1142 2972 1418 3040 apostolus
1438 2970 1492 3026 in
1515 2970 1726 3026 Troade
1747 2987 1870 3026 cum
1901 2982 2089 3026 omnes

513 3063 812 3149 Eutychen)
844 3072 1114 3116 mortuum
1178 3061 1554 3116 existimarent
1591 3078 1606 3116 :
1645 3058 1849 3126 Nolite,
1886 3058 2088 3130 inquit,

2187 585 2256 659 ἦν
2289 590 2323 659 ἡ
2349 587 2494 658 παρ’
2519 586 2651 657 ὑμῖν
2683 583 2944 650 ἀπάθεια,
2975 584 3072 637 καὶ
3101 583 3160 636 οὐ
3187 582 3365 652 πάντη
3412 577 3640 648 ψευδὴς,
3666 577 3766 629 iu

2187 678 2287 747 τῆς
2316 677 2441 732 καθ’
2476 676 2629 746 ὑμᾶς
2672 674 2908 737 πίστεως
2946 672 3256 737 κακοδόξου·
3279 673 3374 726 καὶ
3407 665 3774 736 διαδεδλημι-

2188 783 2287 836 νης
2323 767 2704 836 ὑπαρχούσης,
2739 765 3166 835 ἀντειρήκειμεν
3187 764 3255 816 ἀν
3301 763 3399 816 καὶ
3435 761 3577 828 πρὸς
3621 755 3775 810 τουτὶ

2185 857 2248 910 τὸ
2280 857 2597 926 κεφάλαιον·
2630 855 2754 912 snsi.
2797 855 2854 908 δὲ
2889 855 3030 925 μετά
3058 855 3157 924 τῆς
3200 855 3366 925 eun;
3397 854 3555 923 ὑμῶν
3579 853 3767 923 ἀσκή-

2189 962 2330 1008 σεως
2358 947 2858 1016 παρακεχάρακται
2885 945 2983 997 καὶ
3011 944 3174 1015 αῦτη,
3229 946 3325 998 καὶ
3351 945 3615 1015 ἀδόκιμος
3642 949 3771 1017 κρί-

2185 1053 2360 1103 νεται,
2431 1038 2694 1109 περιττὸν
2754 1037 3066 1105 ἀντιλέγειν
3109 1038 3205 1091 ἐπὶ
3251 1037 3362 1090 τῶν
3417 1038 3632 1091 οἴκοθεν
3667 1041 3771 1109 τὴν

2191 1130 2512 1200 ἀνατροπὴν
2543 1129 2797 1199 ἐχόντων,
2859 1129 3112 1198 Λέγομεν
3143 1129 3220 1191 δᾶ,
3274 1130 3367 1182 καὶ
3404 1131 3767 1201 πιστεύομεν,

2187 1221 2270 1275 δτι
2305 1221 2442 1292 πρὸς
2469 1220 2562 1274 τὸν
2591 1219 3007 1292 κεκαθαρμένον
3036 1220 3112 1283 ὡς
3157 1221 3262 1291 χρὴ
3282 1220 3638 1291 καθαίρεσθαι
3675 1223 3771 1290 γί-

2190 1311 2341 1365 νεταί
2393 1327 2478 1374 τις
2505 1309 2775 1380 δπιδημία
2805 1312 2899 1364 καὶ
2927 1307 3024 1363 τοῦ
3079 1310 3292 1377 [ἰατρὸς
3327 1311 3421 1363 καὶ
3458 1310 3552 1362 τοῦ
3601 1310 3762 1376 Υίοῦ,

2189 1399 2371 1463 καθὼς
2423 1400 2642 1470 είρηιιεν
2694 1384 2734 1451 δ’
2755 1400 2985 1469 Κύριος,
3037 1400 3118 1452 ὅτι
3190 1398 3339 1468 Ἐγὼ
3371 1399 3470 1452 καί
3499 1401 3531 1452 ό
3562 1400 3766 1469 Πατὴρ

2188 1490 2580 1558 ἐλευσόμεθα,
2611 1487 2714 1544 καί
2759 1487 2962 1558 μονὴν
3013 1488 3153 1557 παρ’
3199 1487 3361 1555 αὐτῷ
3405 1489 3766 1559 ποιήσομεν.

2192 1579 2368 1633 Ὅπου
2399 1579 2455 1632 δὲ
2485 1581 2514 1632 ὁ
2552 1579 2744 1650 Πατὴρ
2768 1579 2863 1632 καὶ
2894 1579 2923 1631 ὁ
2951 1579 3100 1646 Υίδς,
3135 1580 3258 1632 ἐκεῖ
3307 1580 3530 1642 πάντως
3583 1583 3677 1633 καὶ
3703 1581 3768 1633 τδ

2190 1669 2416 1740 Πνεῦμα
2440 1669 2500 1723 τὸ
2533 1670 2710 1739 ἅγιον.
2745 1670 2810 1723 Ἢ
2836 1668 2893 1723 δὲ
2919 1669 3020 1739 τῆς
3044 1671 3205 1737 ἀγίας
3235 1669 3463 1740 Τριάδος
3493 1670 3768 1741 ἐνοίκησις

2188 1764 2265 1827 ὡς
2293 1763 2520 1818 δυνατὸν
2553 1761 2832 1835 ἀνθρώπῳ
2858 1765 3054 1834 χωρεῖν
3080 1762 3255 1833 αὐτὴν
3276 1763 3512 1830 γίνεται,
3548 1763 3643 1818 καὶ
3672 1765 3766 1833 οὐχ

2113 1831 2162 1894 Β
2189 1855 2264 1919 ὼς
2297 1856 2414 1925 εχει
2437 1831 2714 1926 φύσεωςνή
2737 1831 2964 1922 etesse.
3009 1831 3318 1924 ’Δχώρτιτος
3333 1854 3443 1926 γὰρ
3459 1854 3605 1926 αὕτη
3624 1831 3766 1929 πάσῦ

2185 1951 2252 2018 τῇ
2289 1947 2466 2000 κτίσει
2488 1945 2577 2001 διὰ
2607 1943 2670 1998 τὸ
2700 1944 2931 2014 ἄπειρον
2958 1943 3128 2014 αὐτῆς
3170 1943 3267 1996 καὶ
3303 1946 3585 2014 ἀόριστον.

2255 2038 2498 2106 Λέγουσι
2535 2035 2630 2089 δύο
2651 2035 2828 2107 ψυχὰς
2859 2034 3100 2104 ὀφείλειν
3156 2033 3302 2104 ἔχειν
3333 2035 3426 2087 τὸν
3457 2036 3766 2107 ἄνθρωπον,

2189 2129 2317 2200 μίαν
2344 2128 2446 2200 μὲν
2471 2130 2571 2200 τὴν
2597 2129 2784 2199 κοινὴν
2817 2126 3148 2197 ἀνθρώποις,
3175 2126 3370 2196 ἑτέραν
3392 2127 3451 2180 δὲ
3477 2126 3583 2198 τὴν
3609 2129 3763 2198 οὺρά-

2188 2236 2322 2275 νιον.
2358 2219 2418 2272 Εί
2452 2218 2551 2290 μὶν
2579 2214 2674 2274 οῦν
2705 2218 2948 2287 ἐδέχοντο
2994 2217 3092 2281 τὰς
3119 2234 3178 2271 τε
3211 2220 3514 2281 Μωσαῖκάς
3549 2222 3642 2273 καὶ
3671 2223 3766 2285 τάς

2187 2310 2356 2372 ἄλλας
2406 2308 2757 2380 προφητικάς
2809 2308 3046 2376 βίϐλους,
3084 2308 3293 2362 ἐκεῖθεν
3325 2310 3390 2362 ἂν
3421 2310 3606 2376 αὗτοῖς
3629 2329 3769 2382 παρ-

2185 2401 2475 2472 ηγάγομεν
2507 2400 2603 2464 τὰς
2635 2399 2939 2466 ἀποδείξεις
2986 2400 3301 2471 ἐλέγχοντες
3350 2402 3411 2455 τὸ
3443 2401 3642 2472 ψεῦδος
3673 2404 3766 2456 τοῦ

2185 2491 2428 2546 τοιούτου
2455 2492 2747 2564 δόγματος*
2767 2492 2958 2546 ἑπεὶδὲ
2977 2491 3076 2556 τάς
3087 2509 3149 2546 τε
3172 2493 3536 2561 εὑαγγελικάς
3567 2497 3660 2548 καὶ
3674 2497 3770 2559 τὰς

2186 2585 2555 2647 ἁποστολικάς
2582 2585 2718 2648 τέως
2740 2585 3100 2656 ὁμολογοῦσιν
3151 2585 3494 2649 ἀσπάζεσθαι
3529 2586 3771 2656 βίϐλους,

2188 2677 2352 2747 φησὶν
2377 2679 2406 2730 δ
2435 2677 2640 2748 Κύριος
2678 2677 2815 2748 πρὸς
2862 2679 2989 2738 τοὺς
3020 2677 3354 2741 ἀποστόλους
3375 2694 3389 2708 ·
3425 2679 3522 2746 Μὴ
3569 2678 3774 2746 φοϐεῖ-

2187 2772 2298 2824 σθε
2326 2767 2445 2823 ἀπὸ
2501 2766 2620 2822 τῶν
2647 2767 3129 2822 ἀποκτεινόντων
3180 2768 3248 2822 τὸ
3280 2766 3454 2837 σῶμα
3474 2807 3490 2833 ,
3527 2769 3646 2837 τὴν
3697 2769 3769 2822 es

2187 2860 2401 2930 ψυχὴν
2441 2859 2529 2930 μὴ
2592 2859 2951 2930 δυναμένων
3005 2860 3377 2915 ἀποκτεῖναι·
3459 2862 3774 2931 φοϐήθητε

2191 2953 2260 3007 δὲ
2333 2950 2579 3022 μᾶλλον
2647 2954 2755 3006 τὸν
2827 2951 3170 3021 δυνάμενον
3227 2954 3325 3006 καὶ
3379 2954 3597 3023 ψυχὴν
3669 2955 3778 3008 καί

2189 3042 2361 3115 σῶμα
2400 3043 2718 3099 ἀπολέσαι.
2777 3045 2887 3098 Καὶ
2939 3041 3150 3107 Παῦλος
3195 3043 3255 3096 δὲ
3283 3047 3311 3097 ὁ
3343 3045 3672 3112 ἀπόστολος,
3713 3049 3776 3100 εν

513 3136 830 3222 perturbari,
858 3156 1038 3209 anima
1063 3156 1200 3210 enim
1230 3155 1344 3223 ejus
1375 3156 1429 3209 in
1460 3155 1571 3224 ipso
1599 3165 1677 3210 est
1705 3154 1748 3211 ³.
1777 3154 1896 3210 Alia
1917 3154 2081 3209 multa

2191 3137 2432 3209 Τρωάδι,
2477 3138 2696 3192 πάντων
2735 3136 3112 3206 ὐπειληφότων
3144 3137 3396 3193 τεθνάναι
3449 3138 3539 3190 τὸν
3589 3137 3776 3191 Εῦτυ-

511 3248 813 3303 o.nittimus
870 3246 1198 3311 testimonia,
1245 3247 1439 3317 quibus
1466 3246 1684 3317 planum
1727 3245 1789 3303 ﬁt
1841 3247 2087 3318 singulos

2190 3245 2304 3300 χον,
2339 3230 2466 3298 ἔφη’
2507 3228 2603 3297 Μὴ
2647 3227 3015 3297 θορυϐεῖσθε,
3064 3230 3102 3298 ἡ
3138 3230 3247 3300 γὰρ
3276 3229 3447 3298 ψυχὴ
3479 3227 3669 3285 αὐτοῦ
3703 3232 3780 3284 ὲν

517 3341 764 3397 homines
787 3339 1023 3412 singulas
1051 3338 1262 3392 animas
1300 3339 1523 3395 habere.

589 3602 924 3660 Clericorum
982 3601 1243 3658 simulant
1319 3599 1659 3669 electionem,
1713 3603 2086 3673 diaconorum,

523 3695 969 3765 sacerdotumque
1025 3696 1250 3766 gradum
1299 3695 1634 3764 invadentes,
1665 3705 1723 3751 ut
1767 3707 2088 3766 potestatem

521 3789 696 3844 solum
717 3788 1000 3856 quamdam
1016 3797 1072 3842 et
1097 3788 1472 3843 auctoritatem
1488 3791 2090 3861 arrogent.Quin.etiam

523 3881 908 3934 monachorum
963 3877 1201 3932 habitum
1253 3877 1506 3947 induunt,
1540 3887 1601 3934 ut
1652 3879 1873 3950 lateant,
1913 3881 2092 3939 multi-

525 3971 868 4039 tudincmque
894 3968 1188 4040 decipiant.

601 4129 641 4182 Α
673 4141 922 4183 manuum
969 4128 1245 4186 laboribus
1272 4129 1581 4198 abhorrent,
1627 4131 1872 4205 neglecto
1899 4147 2095 4204 magno

524 4219 712 4290 Paulo,
738 4223 826 4292 qui
850 4221 984 4278 dicit
1005 4241 1018 4277 :
1037 4221 1095 4277 Si
1115 4223 1231 4292 quis
1251 4240 1350 4278 non
1367 4225 1590 4292 laborat,
1609 4241 1712 4280 non
1754 4229 2028 4282 manducet
2051 4227 2094 4283 δ.

527 4311 592 4368 Et
615 4329 830 4369 rursum
863 4331 878 4369 :
913 4319 1104 4369 Manus
1144 4317 1225 4368 lue
1258 4315 1796 4383 ministraruntmihi,
1831 4327 1879 4373 et
1910 4319 1976 4372 iis
2004 4319 2095 4390 qui

528 4421 723 4458 mecum
750 4415 900 4459 erant
945 4407 989 4461 '.
1044 4407 1156 4462 Nec
1186 4407 1627 4464 animadvertunt
1657 4410 1906 4467 homines
1924 4412 2096 4484 ignari

2184 3320 2582 3388 aptamur,»
2616 3322 2701 3374 ἴνα
2723 3323 2820 3385 τὰς
2836 3320 3002 3385 ἀλλοις
3032 3321 3336 3392 μαρτυρίας
3357 3322 3558 3385 πολλὰς
3593 3321 3777 3384 053a..-

2184 3417 2460 3486 ἐάσωμεν,
2491 3414 2548 3466 αἳ
2582 3413 2714 3484 μίαν
2757 3413 2938 3485 ψυχὴν
2983 3413 3202 3484 ἑκάστῳ
3253 3412 3529 3483 ἀνθρώπῳ
3602 3430 3780 3486 προσ-

2191 3505 2564 3578 μαρτυροῦσι.

2259 3599 2371 3668 Τὴν
2404 3597 2514 3651 τῶν
2543 3595 2819 3669 κληρικῶν
2846 3596 3228 3668 ὑποκρίνονται
3249 3593 3584 3666 χειροτονίαν
3631 3596 3776 3666 βαθ-

2193 3688 2296 3760 μοῦ
2337 3688 2526 3761 ίερέων
2562 3691 2656 3742 καὶ
2695 3688 2956 3742 διακόνων
3025 3687 3393 3751 ἐπιϐαίνοντες
3417 3726 3434 3751 ,
3473 3689 3562 3740 ἵνα
3609 3688 3782 3757 μόνον

2191 3781 2441 3846 ἔξουσίαν
2464 3779 2587 3834 τινὰ
2609 3781 2705 3834 καὶ
2731 3779 3017 3833 αὑθεντίαν
3043 3780 3254 3842 ἑαυτοῖς
3280 3782 3780 3848 περιποιήσωνται.

2191 3870 2302 3926 Ναὶ
2347 3869 2456 3942 μὴν
2495 3869 2592 3923 καὶ
2619 3870 2680 3922 τὸ
2730 3869 2839 3922 τῶν
2889 3868 3139 3940 μοναχῶν
3173 3867 3497 3921 ὑποδύονται
3546 3866 3777 3938 σχῆμα,

2191 3959 2476 4016 λανθάνειν
2501 3957 2591 4013 διὰ
2625 3957 2818 4012 τούτου
2847 3957 3201 4029 βουλόμενοι,
3251 3959 3342 4010 καὶ
3375 3957 3503 4020 τοὺς
3546 3959 3779 4021 πολλοὺς

2193 4052 2434 4122 ἀπατᾷν.

2265 4143 2377 4214 Τὴν
2400 4141 2486 4196 διὰ
2503 4142 2613 4195 τῶν
2639 4140 2836 4212 χειρῶν
2857 4139 3121 4211 ἐργασίαν
3137 4139 3580 4209 ἀποστρέφονται
3605 4157 3777 4193 κατα-

2197 4229 2524 4303 φρονοῦντες
2562 4229 2658 4283 τοῦ
2692 4229 2929 4299 μεγάλου
2965 4229 3179 4282 Παύλου
3223 4229 3474 4297 λέγοντος
3500 4243 3518 4262 ·
3560 4230 3640 4283 ει
3689 4247 3779 4296 τις

2197 4328 2270 4380 οὑ
2299 4326 2461 4382 θέλει
2482 4320 2858 4392 ἐργάζὲσθαι,
2911 4320 3071 4391 μηδὲ
3113 4319 3359 4375 ἐσθιέτω
3385 4337 3402 4353 ·
3447 4322 3542 4375 καὶ
3589 4323 3778 4375 πάλιν·

2197 4419 2268 4473 Δί
2298 4415 2488 4485 χεῖρες
2527 4410 2704 4470 αὗται
2746 4411 3121 4480 διηκόνησαν
3146 4411 3310 4480 ἐμοὶ,
3358 4412 3456 4464 καὶ
3500 4411 3632 4478 τοῖς
3657 4413 3778 4465 σὺν

527 4511 590 4550 ex
617 4497 806 4549 inertia
851 4506 1012 4566 atque
1039 4498 1149 4553 0tio
1173 4507 1288 4553 tum
1311 4502 1467 4555 solita
1501 4503 1632 4557 vitia
1655 4504 1947 4572 proﬁcisci,
1981 4514 2089 4559 tum

2202 4509 2333 4580 ἐμοι
2353 4526 2368 4541 ο
2401 4511 2497 4561 καὶ
2526 4503 2864 4574 ἀγνοοῦντες,
2891 4503 2967 4565 ὡς
2994 4502 3188 4568 ἔοικεν,
3219 4503 3303 4556 δτι
3328 4503 3361 4572 ἠ
3386 4505 3555 4572 ἀργία
3584 4505 3683 4557 καὶ
3711 4507 3776 4556 τά

529 4587 740 4640 insolita
763 4585 918 4653 disci,
949 4595 1058 4640 tum
1089 4589 1332 4657 corporis
1359 4591 1598 4646 membra
1634 4592 1739 4648 illis
1771 4608 1893 4650 esse
1915 4597 2089 4664 oneri,

2203 4600 2405 4670 συνήθη
2435 4596 2581 4667 πάθη
2617 4597 2778 4660 κινεῖ,
2819 4592 3002 4647 καὶτὰ
3030 4593 3106 4663 μὴ
3147 4594 3354 4665 συνήθη
3383 4594 3656 4660 διδάσκει,
3686 4598 3776 4647 ut

530 4681 620 4750 qui
659 4681 737 4736 eis
769 4696 872 4734 non
910 4689 1152 4735 utuntur.

597 4773 1018 4840 Postulantibus,
1069 4782 1123 4829 et
1159 4773 1364 4844 egenis,
1396 4791 1458 4832 ac
1487 4776 1831 4846 pauperibus,
1889 4791 1980 4835 aut
2041 4782 2097 4837 in

529 4867 709 4936 aliqua
759 4866 1071 4922 calamitate
1129 4869 1438 4923 constitutis
1470 4869 1602 4924 nihil
1655 4871 2094 4942 impertiendum,

529 4967 621 5012 aut
667 4959 1116 5014 commodandum
1173 4973 1294 5016 esse
1330 4960 1538 5026 dicunt,
1573 4963 1667 5018 sed
1720 4967 2097 5022 tantummodo

531 5049 901 5105 admonendos
944 5065 1209 5120 pauperes
1254 5053 1446 5121 spiritu
1471 5067 1502 5108 a
1537 5054 1764 5110 Domino
1789 5057 1976 5112 beatos
2001 5072 2097 5127 ap-

531 5140 740 5211 pellari.
773 5140 881 5209 Ego
916 5154 1044 5195 vero
1073 5143 1152 5198 sic
1181 5143 1313 5198 istos
1354 5145 1687 5215 compellabo
1714 5165 1726 5199 :
1758 5145 1802 5202 Ο
1826 5148 1923 5202 viri
1949 5149 2097 5215 boni,

532 5232 755 5288 nescitis
786 5231 1068 5288 Dominum
1100 5235 1419 5303 praecepisse
1475 5244 1533 5289 ut
1576 5237 1827 5293 omnibus
1867 5243 2099 5309 petenti-

535 5325 635 5378 bus
657 5325 959 5377 tribuamus
992 5338 1007 5377 :
1044 5321 1200 5378 Omni
1237 5325 1404 5392 enim,
1429 5326 1621 5394 inquit,
1653 5329 1838 5396 petenti
1864 5345 1896 5382 a
1924 5337 1972 5382 te
2001 5330 2100 5384 tri-

528 5417 623 5469 bue
655 5413 697 5468 ⁸.
745 5413 935 5468 Vestra
962 5423 1139 5468 autem
1168 5415 1422 5484 iniquitas
1455 5416 1616 5472 celari
1638 5435 1743 5473 non
1780 5432 1974 5490 potest,
2003 5424 2096 5492 qui

531 5518 594 5557 ea
644 5517 765 5574 qua:
805 5513 928 5559 sunt
959 5519 1251 5574 pauperum
1311 5507 1378 5561 ad
1406 5521 1501 5562 vos
1543 5509 1777 5572 trahitis.
1804 5520 1859 5565 et
1905 5513 2101 5567 restria

533 5596 851 5662 commodis,
885 5597 1270 5668 voluptatibus,
1289 5607 1452 5668 atque
1472 5600 1681 5656 deliciis
1721 5611 1928 5658 tantum
1955 5618 2099 5670 acon-

2197 4693 2279 4746 ὃτι
2315 4693 2383 4744 τὰ
2408 4691 2544 4761 μέλη
2569 4687 2662 4742 τοῦ
2694 4687 2944 4758 σώματος
2975 4687 3171 4758 φορτία
3197 4691 3310 4749 τοῖς
3334 4689 3408 4757 μὴ
3442 4689 3774 4758 χρωμένοις.

2266 4779 2633 4852 Νομοθετοῦσι
2685 4778 2759 4849 μὴ
2809 4777 2917 4830 δεῖν
2981 4776 3318 4847 μεταδιδόναι
3377 4778 3489 4839 τοῖς
3541 4795 3773 4847 προσαι-

2194 4873 2379 4928 τοῦσιν
2401 4912 2416 4938 ,
2462 4872 2496 4942 ἢ
2543 4873 2656 4934 τοῖς
2700 4868 2876 4932 ἄλλως
2909 4869 3105 4938 πένησι
3153 4869 3246 4921 καὶ
3290 4869 3564 4938 πτωχοῖς,
3598 4869 3633 4939 ἢ
3665 4871 3773 4933 τοίς

2196 4964 2317 5020 καθ’
2368 4961 2671 5032 οίανδήτινα
2715 4961 3034 5031 περίστασιν
3089 4958 3356 5028 δεομένοις
3399 4958 3772 5031 ὲλεημοσύνης

2197 5059 2293 5111 καὶ
2332 5055 2674 5126 μεταδόσεως
2695 5093 2712 5121 ,
2753 5052 2868 5106 ἀλλ’
2900 5053 3082 5114 αὐτοῖς
3115 5053 3325 5120 μόνοις,
3370 5051 3624 5118 λέγοντες
3653 5057 3773 5105 ειν.

2195 5152 2320 5212 τοὺς
2352 5145 2491 5201 εἶναι
2521 5147 2648 5208 τοὺς
2679 5145 2930 5214 πτωχοὺς
2959 5142 3038 5214 τῷ
3075 5143 3383 5213 πνεύματι,
3421 5141 3521 5207 οῦς
3559 5146 3772 5213 ἐμακὰ.

2199 5255 2346 5310 ρισεν
2398 5237 2426 5288 ὁ
2473 5235 2699 5307 Κύριος.
2768 5235 2908 5300 Ἐγὼ
2951 5233 3008 5286 δὲ
3043 5233 3207 5304 φαίην
3238 5233 3306 5286 ἂν
3341 5232 3479 5302 πρὸς
3531 5234 3771 5297 αὐτούς·

2207 5329 2345 5384 Ἀλλ’
2374 5329 2402 5380 ὁ
2432 5328 2665 5396 Κύριος,
2703 5319 2748 5378 ὧ
2779 5319 2926 5378 οὗτοι
2948 5365 2963 5391 ,
2998 5326 3134 5378 πᾶσι
3163 5326 3273 5386 τοῖς
3297 5323 3573 5392 δεομένοις
3611 5343 3772 5395 μεταο

2198 5421 2398 5474 διδόναι
2419 5417 2738 5488 προσέταξε⁸
2760 5415 2942 5469 Παντὶ
2966 5417 3097 5485 γὰρ,
3121 5417 3274 5483 φησὶ,
3295 5412 3373 5479 τῷ
3387 5416 3662 5470 αιτοῦηι
3675 5432 3771 5471 σοι

2199 5513 2393 5568 δίδου.
2433 5511 2626 5582 Ὑμεῖς
2658 5509 2714 5562 δὲ
2745 5510 2808 5562 οὐ
2856 5508 3121 5577 λελήθατε
3147 5509 3285 5579 πρὸς
3315 5508 3546 5572 ἑαυτοὺς
3574 5511 3644 5563 τά
3667 5509 3768 5562 τῶν

2202 5607 2448 5674 πενήτων
2487 5603 2840 5673 μεθέλκοντες
2861 5637 2879 5665 ,
2935 5600 3030 5652 καὶ
3076 5601 3210 5671 πρὸς
3239 5600 3410 5672 μόνην
3437 5600 3541 5670 τὴν
3567 5604 3767 5654 olus-Juv

604 5774 622 5807 ⁸
645 5771 802 5828 Joan.
837 5790 947 5842 xlv,
979 5774 1070 5832 23.
1146 5778 1165 5809 '
1196 5776 1386 5834 Matth.
1425 5793 1479 5846 x,
1508 5779 1599 5837 28.
1675 5782 1696 5813 '
1721 5785 1841 5837 Act.
1873 5800 1965 5850 xx,
2005 5785 2088 5840 10.

2213 5784 2259 5841 ll
2277 5783 2466 5840 Thess.
2487 5781 2664 5849 nt,l0.
2739 5783 2760 5814 '
2786 5780 2908 5836 Act.
2932 5795 3027 5847 xx,
3049 5779 3136 5836 δι.
3218 5779 3238 5810 ⁸
3261 5778 3396 5835 Luc.
3421 5795 3500 5846 γι,
3541 5779 3632 5837 50.
