4044 6290
316 436 447 505 1289

1202 434 1577 501 PANOPLIA
1624 433 2086 495 DOGMATICA.
2126 456 2194 468 -
2227 432 2378 492 ΤΙΤ.
2416 429 2663 491 XXVII.

3431 425 3570 496 1290

310 551 602 607 εὐπάθειαν
626 546 891 618 ὁρῶντες,
918 545 1012 599 καὶ
1040 542 1254 614 τρυφὴν
1289 545 1500 606 ἑαυτοῖς
1527 544 1879 613 παρασκευά-

1987 542 2184 598 sulitis.
2223 541 2503 609 Quomodo
2538 543 2704 604 enim,
2733 550 2827 594 aut
2864 539 3007 593 unde
3037 554 3131 593 vos
3170 554 3435 607 pauperes
3457 540 3572 611 8ρί-

309 646 504 707 ζοντες.
547 638 670 700 Πῶς
707 639 852 707 γὰρ,
891 636 924 707 ἢ
965 636 1129 688 πόθεν
1164 635 1322 705 ὑμεῖς
1351 636 1558 704 πτωχοὶ
1596 635 1798 705 μᾶλλον
1829 637 1884 687 έν

305 730 519 800 ἀρεταῖς
570 727 756 791 ὀντες,
809 730 902 779 καὶ
954 723 1308 787 πλουτοῦντες
1361 726 1420 777 ὲν
1476 726 1612 778 πᾶσι
1657 727 1881 791 κακοῖςς

308 819 516 887 Σαπρὸν
544 817 655 888 γάρ
694 817 914 888 δένδρον
946 816 1009 869 οὐ
1056 818 1204 869 ποιεῖ
1235 818 1484 887 καρποὺς
1532 817 1762 881 καλοὺς,
1792 818 1887 870 καὶ

309 908 591 975 κακόδοξος
626 909 687 960 οὺ
730 907 955 962 δύναται
998 910 1370 995 καρποφορεῖν
1400 909 1623 978 ἀρετήν.
1668 908 1888 977 Πτωχὸς

305 1002 360 1056 δὲ
389 1001 463 1072 τῷ
492 1000 764 1068 πνεύματι
807 1001 915 1062 πᾶς
948 1001 974 1051 ό
1008 999 1098 1053 διὰ
1132 999 1265 1051 Θεὸν
1307 998 1581 1061 ταπεινός.
1636 1000 1727 1052 Δεῖ
1771 1003 1879 1070 γὰρ

306 1090 593 1147 πιστεῦσαι
624 1091 841 1162 πρῶτον
863 1132 879 1157 ,
910 1089 1034 1145 εἶτα
1062 1090 1172 1144 τῶν
1200 1090 1411 1160 ἀρετῶν
1437 1090 1806 1160 ἀπάρξασθαι.

1985 635 2112 699 ritu,
2143 636 2231 702 qui
2260 635 2312 687 in
2336 633 2626 687 virtutibus
2669 632 2847 703 potius
2893 633 3079 699 inopes
3115 631 3266 695 estis,
3315 631 3437 684 etin
3462 648 3575 684 om-
3611 645 3622 663 ι

1987 728 2147 782 nibus
2208 727 2355 781 vitiis
2410 726 2737 780 ahundatis?
2796 725 2933 779 Mala
2967 726 3114 779 enim
3164 724 3327 780 arbor
3368 724 3574 778 fructus

1988 819 2156 874 bonos
2189 835 2294 873 non
2333 819 2485 884 facit,
2523 828 2574 874 et
2608 820 2884 889 quiprave
2921 819 3201 873 institutus
3237 827 3314 873 est
3357 819 3575 872 virtutis

1989 910 2225 964 fructum
2259 910 2400 964 ferre
2422 926 2528 963 non
2565 919 2768 979 potest.
2814 910 3029 977 Pauper
3058 920 3142 964 est
3175 910 3390 980 Spiritu,
3424 909 3573 979 quis-

1987 1003 2109 1072 quis
2161 1013 2383 1071 prOpter
2412 1003 2578 1056 Deum
2616 1003 2835 1057 humilis
2894 1011 2995 1056 est.
3046 1001 3335 1057 llumilitas
3392 1011 3572 1057 autem

1987 1094 2265 1163 animique
2291 1095 2579 1147 submissio
2604 1095 2861 1149 virtutum
2887 1106 2971 1148 est
2998 1094 3441 1148 fundamentum:
3473 1108 3576 1147 nec

308 1185 434 1245 illud
505 1186 797 1239 obscurum
834 1196 938 1252 est,
974 1186 1183 1239 lidelem
1247 1184 1367 1239 esse
1395 1186 1486 1252 qui
1548 1194 1769 1253 propter
1799 1184 1967 1239 Deum
2008 1187 2224 1240 humilis
2257 1198 2361 1242 est.
2396 1187 2631 1240 Primum
2665 1188 2807 1240 enim
2839 1196 3049 1256 oportet
3082 1186 3326 1251 credere,
3382 1184 3573 1241 deinde

309 1279 533 1334 virtutes
560 1280 761 1336 colere.

371 1368 576 1422 Δύουσι
628 1370 719 1422 τὸν
769 1369 945 1439 γάμον
977 1370 1155 1422 καίτοι
1203 1368 1297 1420 τοῦ
1350 1368 1557 1439 Κυρίου
1597 1369 1882 1438 λέγοντος,

303 1461 381 1515 ὅτι
399 1462 456 1514 Ἃ
481 1463 514 1514 ό
543 1463 688 1526 Θεός
713 1460 1441 1541 συνέζευξενηᾶνθρωπος
1459 1461 1546 1530 μὴ
1572 1460 1884 1529 χωριζέτω,

303 1556 394 1607 καὶ
433 1554 528 1605 τὸν
571 1555 630 1605 ὲν
677 1554 832 1623 Κανᾷ
861 1554 1039 1621 γάμον
1071 1556 1139 1623 τῇ
1189 1552 1465 1623 παρουσίᾳ
1509 1555 1880 1622 τιμήσαντος,

301 1644 393 1693 καὶ
450 1641 549 1693 τοῦ
603 1641 876 1711 μακαρίου
939 1641 1154 1693 Παύλου
1206 1641 1545 1710 γράφοντος,
1609 1640 1803 1709 Τίμιος
1853 1642 1885 1692 ό

299 1731 511 1801 γάμος,
544 1731 642 1783 καὶ
672 1732 709 1797 ἡ
734 1731 905 1795 κοίτη
931 1724 1244 1799 ἀμίάντος.
1282 1730 1577 1784 Κάνταῦθα
1605 1729 1884 1801 προδήλως

295 1820 671 1875 ἐναντιοῦνται
701 1820 779 1890 τῷ
810 1837 870 1873 τε
900 1820 1124 1891 Χριστῷ
1168 1824 1263 1873 καὶ
1292 1823 1404 1885 τοῖς
1444 1822 1765 1885 ἀποστόλοις
1784 1862 1799 1887 ,
1831 1819 1881 1872 οἳ
1914 1866 1922 1891 τ

291 1916 403 1976 τοῖς
436 1912 892 1982 βδελυσσομένοις
922 1914 1013 1966 τὸν
1039 1913 1219 1981 γάμον
1251 1912 1600 1982 ἐπιτιμῶσιν.

374 2004 769 2073 Ἐπιτρέπουσι
831 2006 946 2067 τοῖς
1011 2003 1355 2074 βουλομένοις
1428 2004 1760 2056 ἀποκόπτειν
1812 2000 1879 2053 τὰ
1924 2038 1932 2045 .

287 2096 590 2164 παιδογόνα
651 2096 818 2164 μόρια
846 2134 862 2159 ,
922 2096 1021 2148 καὶ
1077 2097 1520 2166 παραχαράττειν
1579 2092 1721 2146 οῦτω
1782 2092 1879 2163 τὴν

289 2187 453 2257 φύσιν
484 2227 502 2250 ,
560 2186 659 2239 καὶ
706 2186 1150 2257 ἀκρωτηριάζειν
1178 2186 1287 2238 τῶν
1317 2186 1410 2237 ἐπὶ
1466 2184 1572 2257 γῆς
1619 2183 1712 2238 τοῦ
1743 2180 1879 2236 Θεοῦ

289 2278 618 2346 κτισμάτων
659 2277 720 2329 τὸ
762 2275 1100 2345 τιμιώτατον
1121 2316 1137 2342 ,
1168 2276 1312 2343 λέγω
1339 2274 1403 2343 δὴ
1436 2275 1526 2326 τὸν
1558 2268 1844 2349 ἄνθρωπον
1864 2314 1881 2339 ,

285 2367 343 2420 ὃν
378 2369 544 2438 παρά
581 2367 677 2420 τοῦ
740 2365 877 2419 Θεοῦ
908 2366 1117 2419 τέλειον
1145 2366 1237 2419 καὶ
1274 2364 1435 2418 καλὸν
1475 2363 1780 2417 πλασθέντα
1806 2365 1881 2427 ὡς

284 2459 457 2529 ἀτελῆ
495 2460 750 2522 πάντως,
796 2456 831 2526 ἢ
864 2456 943 2527 μὴ
982 2457 1163 2517 καλῶς
1203 2456 1589 2525 πεπλασμένον
1634 2455 1878 2525 ἐπιδιορ-

285 2549 518 2604 θοῦνται
541 2588 558 2615 ,
594 2548 690 2603 καὶ
729 2548 1148 2618 ἀπαρτίζουσιν,
1174 2538 1247 2609 ὡς
1272 2544 1457 2608 αὐτοῖς
1497 2546 1666 2598 δοκεῖ.
1710 2543 1789 2615 Τῇ
1824 2545 1881 2598 δὲ

284 2641 529 2712 ἀληθείᾳ
589 2639 860 2712 πηροῦσι,
912 2642 1009 2694 καὶ
1062 2640 1256 2708 ἄγονον
1323 2639 1415 2691 καὶ
1460 2638 1732 2713 ἀκαρπον.
1758 2638 1881 2689 ὅσον

285 2734 436 2788 κατά
470 2733 577 2802 τὴν
614 2733 712 2785 τοῦ
745 2734 998 2802 σώματος
1029 2731 1214 2801 φύσιν,
1244 2729 1674 2800 ἀπεργάζονται,
1704 2728 1882 2781 καίτοι

285 2827 400 2879 τῶν
432 2825 601 2879 θείων
632 2827 949 2881 ἀποστόλων
984 2824 1195 2894 Πέτρου
1231 2822 1325 2876 καὶ
1374 2821 1588 2875 Παύλου
1618 2822 1718 2888 τὴν
1748 2822 1884 2873 ἀπο-

284 2917 472 2987 κοπὴν
513 2915 621 2969 τῶν
650 2915 959 2986 εἰρημένων
994 2912 1203 2983 μορίων
1235 2912 1655 2982 ἀποτρεπόντων
1684 2910 1741 2961 ὲν
1773 2911 1881 2970 τοῖς

285 3009 522 3062 κανόσιν
564 3007 746 3059 αὐτῶν
768 3045 784 3069 ,
815 3006 903 3059 ἴνα
941 3007 1067 3068 τοὺς
1102 3004 1293 3067 ἄλλους
1328 3002 1578 3073 Πατέρας
1606 2993 1882 3081 ἐάσωμεν,

283 3104 385 3155 καὶ
417 3102 557 3163 τοὺς
585 3100 905 3169 νομοθέτας,
939 3099 1054 3150 ὅσοι
1082 3088 1447 3166 καὶνςροσεράν
1470 3093 1738 3164 τιμωρίαν
1770 3093 1883 3153 τοῖς

282 3193 573 3264 τολμῶσιν
604 3190 941 3261 εύνουχίζειν
970 3188 1266 3260 ὡρίσαντο.

372 3286 708 3358 Ὀμνύουσιν
762 3282 935 3344 ἀδεῶς
963 3320 979 3346 ,
1028 3280 1122 3333 καὶ
1164 3279 1518 3351 ἐπιορκοῦσι,
1567 3281 1658 3331 καὶ
1708 3275 1884 3329 ταῦτα.

279 3378 380 3433 ⁴τοῦ
429 3377 645 3445 Κυρίου
690 3373 850 3444 ἡμῶν
907 3371 1083 3441 Ἰησοῦ
1131 3368 1371 3443 Χριστοῦ
1425 3366 1770 3431 κωλύσαντος
1820 3367 1880 3420 ού

280 3471 461 3542 μόνον
511 3469 611 3538 τὴν
665 3465 991 3537 ἐπιορκίαν,
1028 3464 1166 3518 ἀλλά
1214 3464 1308 3518 καὶ
1353 3463 1413 3516 τὸ
1463 3463 1600 3524 ὅλως
1636 3461 1877 3532 ὀμνύειν.

282 3563 428 3615 Ὅτε
461 3560 523 3613 δὲ
553 3558 925 3631 κρατηθῶσιν,
953 3557 1028 3620 ὡς
1064 3556 1353 3635 αἱρετικοὶ,
1383 3552 1625 3637 τότεγκαι⁷
1646 3552 1743 3623 τὴν
1773 3550 1881 3602 τῶν

276 3630 674 3708 Μασαλιανῶν
705 3650 887 3702 πίστιν
912 3630 1203 3717 ἀρνοῦνται
1224 3685 1242 3711 ,
1276 3645 1369 3699 καὶ
1402 3630 1876 3723 ἀναθεματίζουσι,

276 3749 379 3800 καὶ
411 3747 524 3817 τὴν
563 3744 794 3813 ἄρνησιν
822 3743 1004 3812 ὅρκοις
1030 3739 1310 3809 βεϐαιοῦσι
1358 3739 1627 3809 φρικτοίς,
1646 3735 1879 3817 οἰόμενοι

276 3814 549 3910 μηδόλως
580 3836 920 3906 ἁμαρτάνειν
955 3833 1043 3886 διά
1084 3832 1185 3901 τὴν
1216 3828 1572 3899 ἐπικειμένην
1611 3814 1878 3893 ἀνάγκην,

275 3937 381 3987 καὶ
419 3931 523 3984 τὸν
558 3929 724 3998 φόϐον
758 3928 868 3981 τῶν
908 3924 1311 3994 κατασχόντων.
1340 3922 1451 3975 Καὶ
1481 3919 1619 3973 ἄλλα
1664 3917 1722 3971 δέ
1760 3933 1881 3969 τινα

276 4022 692 4096 μυθολογοῦσιν
720 4018 914 4085 ἀνάξια
951 4018 1212 4095 μνήμης,
1266 4016 1345 4087 μὴ
1392 4015 1474 4067 ὅτι
1504 4028 1567 4081 γε
1619 4000 1881 4081 ἀντιρρή-

272 4134 427 4181 cem;
454 4112 555 4168 διὰ
588 4113 648 4191 τὸ
678 4113 1082 4181 εύανάτρεπτον
1113 4108 1294 4163 αὐτῶν
1340 4105 1439 4161 καὶ
1491 4102 1877 4171 αύτέλεγκτον.

887 4234 1138 4301 Times
1178 4224 1304 4298 Kz'.

267 4332 450 4401 Κατὰ
492 4336 865 4411 Βογομίλωιρ.
902 4341 1097 4411 Βόγοιρ
1120 4337 1238 4411 μὲν
1267 4335 1377 4411 γὰρ
1433 4333 1639 4411 ἡβῶν
1686 4332 1878 4411 lion):

341 4416 565 4485 τάρων
584 4403 1098 4485 ’γᾷῶᾳσαμκέιζιεζ
1113 4403 1223 4485 τὸν
1258 4403 1674 4485 Θεὸν-,Μίλοκ
1808 4403 1876 4485 τό

2054 1372 2281 1443 Nuptias
2311 1374 2636 1441 dissolvunt,
2662 1376 2912 1442 quamvis
2941 1378 3195 1429 Dominus
3221 1374 3366 1429 dicat
3394 1391 3407 1426 :
3440 1371 3571 1437 Qua:

1990 1467 2124 1520 Deus
2147 1466 2445 1535 conjunxit,
2481 1468 2634 1520 homo
2674 1484 2778 1521 non
2805 1470 3042 1536 separe.“
3069 1486 3083 1535 ;
3110 1478 3159 1521 et
3208 1468 3260 1520 in
3300 1467 3447 1519 Cana
3466 1465 3572 1520 Ga-

1985 1557 2135 1611 lilteze
2187 1558 2470 1626 praesentia
2519 1573 2615 1612 sua
2674 1559 2886 1625 nuptias
2932 1557 3240 1622 honorarit;
3273 1566 3328 1611 et
3380 1556 3571 1610 beatus

1984 1648 2276 1716 Apostolus
2303 1649 2449 1702 dicat
2484 1668 2496 1701 :
2542 1648 2870 1703 Venerabile:
2890 1651 3104 1714 nuptiw,
3135 1660 3181 1701 et
3208 1660 3356 1702 torus
3380 1648 3573 1700 imma-
3664 1669 3670 1674 ’

1988 1741 2197 1795 culatus
2228 1744 2271 1795 ³.
2333 1742 2396 1795 Ει
2432 1742 2517 1795 hic
2547 1751 2734 1811 aperte
2767 1749 2876 1793 tum
2919 1738 3136 1794 Christo
3169 1747 3279 1791 tum
3308 1735 3570 1805 apostolis

1987 1835 2344 1887 adversantur
2373 1836 2463 1902 qui
2499 1835 2710 1902 nuptias
2749 1832 3052 1886 maledictis
3108 1830 3345 1883 alliciunt
3388 1838 3445 1880 et
3476 1827 3573 1881 de—

1987 1933 2278 1978 testantur.

2053 2015 2405 2076 Permittunt,
2434 2023 2489 2066 ut
2536 2016 2625 2083 qui
2661 2011 2866 2076 volunt,
2897 2020 3077 2082 partes
3100 2013 3346 2081 corporis
3399 2015 3571 2068 susci—

1982 2105 2195 2176 piendis
2250 2105 2433 2160 liberis
2486 2105 2824 2159 necessarias
2862 2113 3163 2172 amputem,
3214 2118 3387 2174 eaque
3444 2114 3569 2157 nota

1982 2204 2233 2249 naturam
2266 2194 2521 2259 alliciant,
2550 2195 2933 2262 horninemque
2964 2195 3104 2246 inter
3138 2209 3223 2247 res
3253 2209 3280 2246 a
3308 2195 3416 2247 Deo
3447 2207 3571 2262 pro-

1983 2296 2196 2341 creatas
2217 2285 2728 2354 prtestantissimum
2757 2284 3027 2351 mutilent,
3054 2296 3565 2354 etunque,tanqu:un

1980 2377 2332 2450 imperfectus
2358 2378 2581 2432 omnino
2611 2377 2702 2442 sit,
2739 2387 2833 2431 aut
2885 2377 3023 2430 male
3071 2376 3360 2439 formatus,
3407 2393 3566 2445 quem

1982 2476 2166 2522 tamen
2201 2467 2289 2523 ille
2321 2466 2617 2538 perlectum
2648 2476 2703 2523 et
2738 2469 2936 2523 bonum
2991 2467 3141 2533 fecit,
3196 2454 3471 2536 corrigunt
3514 2479 3568 2524 et

1981 2560 2292 2623 emendent,
2331 2571 2389 2614 ut
2418 2560 2519 2630 ipsi
2544 2570 2753 2629 putant.
2788 2559 2958 2626 Quem
3008 2569 3187 2615 tamen
3239 2575 3426 2614 revera
3447 2576 3564 2612 nm-

1986 2651 2165 2717 tilant,
2198 2651 2655 2722 infecundumque
2701 2663 2755 2707 et
2784 2652 2851 2707 ad
2886 2654 3278 2721 procreandum
3321 2654 3564 2708 inutilem

1984 2744 2240 2799 reddunt.
2270 2745 2432 2812 Atqui
2465 2745 2575 2798 divi
2623 2745 2850 2815 apostoli
2885 2743 3079 2800 Petrus
3117 2757 3173 2799 et
3194 2746 3393 2802 Paulus
3417 2747 3564 2817 ejus-

1985 2834 2127 2888 modi
2157 2836 2400 2889 memhra
2422 2836 2535 2891 suis
2559 2836 2613 2889 in
2641 2836 2942 2892 canonibus
2963 2837 3250 2905 prohibent
3268 2840 3563 2907 amputari,

1987 2935 2045 2978 ut
2069 2924 2204 2980 alios
2232 2925 2423 2980 Patres
2483 2936 2871 2995 praetereamus
2922 2936 2976 2982 et
3028 2929 3434 2998 legumlatores,
3471 2931 3562 2999 qui

1985 3014 2040 3070 id
2060 3014 2241 3072 facere
2290 3016 2552 3074 audentes
2611 3018 2948 3089 gravissimis
2989 3019 3223 3074 multant
3256 3021 3560 3091 suppliciis.

2051 3285 2246 3342 Jurant
2314 3297 2369 3343 et
2438 3292 2683 3358 pejerant
2740 3290 2859 3346 sine
2928 3290 3036 3344 ullo
3087 3298 3256 3356 metu,
3316 3306 3563 3362 quamvns

1982 3376 2241 3431 Dominus
2268 3385 2455 3432 noster
2481 3376 2637 3433 Jesus
2670 3376 2921 3433 Christus
2966 3390 3133 3445 vetet,
3164 3395 3273 3434 non
3300 3381 3475 3436 solum
3497 3396 3563 3435 ne

1981 3469 2304 3539 pejeremus,
2366 3470 2462 3522 sed
2492 3468 2654 3523 etiam
2688 3484 2755 3523 ne
2779 3469 3022 3538 juremus
3048 3472 3269 3525 omnino
3309 3473 3349 3526 ³.
3407 3469 3562 3537 Quod

1980 3557 2026 3614 si
2080 3566 2141 3613 ut
2170 3558 2410 3613 haeretici
2464 3569 2851 3627 coarguuntur,
2893 3570 3025 3615 tunc
3062 3572 3115 3615 et
3142 3560 3559 3617 Masalianorum

1981 3650 2141 3706 tidem
2196 3652 2469 3723 abnegant
2523 3644 2577 3705 et
2616 3652 2973 3717 detestantur,
3036 3653 3560 3725 abnegationemque

1976 3740 2327 3810 jurejurando
2360 3740 2702 3803 confirmant.
2749 3754 2915 3810 seque
2950 3740 3096 3794 nullo
3145 3742 3304 3796 modo
3336 3757 3560 3811 peccare

1980 3841 2190 3907 putant,
2226 3831 2370 3900 quod
2420 3832 2747 3885 necessitate
2788 3828 2961 3886 coacti
3011 3830 3120 3886 sint
3169 3839 3223 3884 et
3252 3833 3558 3900 cogentium

1981 3930 2149 3974 metu.
2201 3920 2350 3973 Alias
2390 3928 2649 3986 praeterea
2680 3934 2851 3989 nugas
2914 3920 3229 3988 confingunt
3283 3935 3403 3988 quae
3450 3932 3557 3972 tam

1981 4010 2137 4065 facile
2177 4010 2443 4065 confutari
2506 4012 2787 4079 evertique
2824 4018 3075 4080 possunt,
3133 4022 3191 4065 ut
3230 4026 3322 4065 eas
3382 4011 3560 4081 pigeat

1979 4092 2427 4158 commemorare.

2481 4234 2785 4291 TlTULUS
2823 4236 3032 4294 XXVII.

1980 4330 2243 4385 Adversus
2310 4328 2638 4399 Bogomilos.
2675 4347 2705 4401 ι
2735 4328 2845 4399 Bog
2885 4348 2904 4382 ι
2970 4340 3146 4385 autem
3201 4330 3555 4401 Bulgarorum

2048 4402 2229 4470 lingua
2262 4418 2281 4451 ι
2305 4402 2469 4454 Deum
2491 4419 2507 4450 ι
2533 4400 2850 4470 signiﬁcatu
2870 4401 3042 4455 Μὶιυί»
3072 4404 3552 4464 υενομηιέειτετεη

2050 4469 2163 4541 utr
2204 4470 2505 4541 Bogomifus
2547 4489 2565 4520 ι
2599 4469 2739 4538 apud
2802 4487 2889 4525 eos
2911 4472 2954 4525 is
2985 4473 3051 4527 sit
3095 4473 3185 4541 qui
3234 4472 3325 4525 Dei
3350 4474 3558 4526 miseri-

343 4473 654 4550 ἒλὲησονί.
682 4483 790 4552 Είη
844 4481 897 4552 δ’
936 4480 1014 4535 ἂν
1044 4479 1391 4552 Bordch
1431 4475 1559 4530 κατ’
1593 4473 1818 4539 αὐτοὺς
1844 4475 1877 4527 δ
2050 4480 2107 4523 ⁸η
2146 4489 2197 4552 (η

2052 4540 2283 4594 eordiam
2307 4539 2574 4607 implorat.

342 4555 469 4608 τοῦ
497 4548 659 4607 Θεοῦ
688 4551 797 4604 τὸν
824 4551 1005 4604 ἔλεον
1030 4548 1468 4616 ἐπισπώμενος.
1901 4580 1955 4642 D

2048 4654 2444 4727 Bogomilorum
2479 4654 2705 4709 haeresis
2748 4654 2891 4708 haud
2935 4654 3105 4707 multo
3156 4664 3281 4705 ante
3323 4653 3552 4715 eXStitit,

1973 4759 2131 4803 aetate
2165 4757 2370 4811 nostra,
2419 4740 2944 4812 Maealiunorumque
2972 4758 3096 4811 pars
3121 4742 3239 4804 fuit,
3286 4752 3342 4797 et
3369 4742 3556 4795 multis

1975 4841 2028 4895 in
2048 4842 2210 4897 rebus
2253 4837 2510 4894 convenit
2537 4852 2659 4890 cum
2720 4835 2931 4889 illorum
2988 4828 3267 4899 institutis,
3309 4837 3555 4904 quantum

1975 4943 2157 4988 tamen
2188 4935 2303 5001 ipsa
2333 4944 2547 4999 quoque
2567 4926 2916 4995 echgitavit,
2957 4934 3255 4993 et'pestem
3313 4926 3553 4980 adauxit.

1973 5020 2246 5076 Patefacta
2274 5029 2358 5073 est
2388 5026 2568 5072 autem
2619 5016 2810 5071 Alexio
2844 5016 3176 5085 imperatore
3235 5026 3420 5072 nostro
3473 5034 3559 5072 re-

1974 5124 2193 5186 gnante,
2239 5113 2331 5181 qui
2400 5111 2492 5165 Dei
2525 5110 2743 5164 numine
2791 5108 3143 5179 gubernatus,
3206 5111 3456 5177 pruden'i
3504 5121 3557 5163 et

1976 5205 2282 5261 admirabili
2315 5203 2526 5259 ratione
2558 5201 2855 5272 principem
2885 5201 3027 5257 illius
3059 5212 3285 5257 venatus
3318 5214 3400 5257 est
3457 5201 3555 5254 llic

1976 5309 2094 5352 erat
2122 5296 2355 5352 Basilius
2400 5295 2618 5365 quidam
2675 5294 2935 5354 medicus.
2970 5296 3130 5348 homo
3192 5296 3553 5363 perniciosus,

1977 5396 2139 5454 atque
2175 5384 2414 5453 pestifer,
2442 5394 2496 5437 et
2522 5383 2842 5451 corruptela:
2868 5383 3082 5453 plenus,
3104 5390 3266 5451 atque
3294 5383 3553 5435 malorum

1977 5478 2216 5531 omnimn
2250 5477 2689 5531 instrumentum.
2720 5477 2889 5544 Quem
2926 5477 3219 5543 imperator
3247 5490 3370 5529 cun:
3402 5474 3467 5528 ad
3497 5490 3556 5528 se

1977 5571 2317 5633 accersisset,
2374 5568 2777 5638 houoriliceque
2832 5566 3183 5636 suscepisset,
3209 5566 3556 5633 assidereque

1980 5662 2221 5725 fecisset,
2265 5658 2506 5731 jucunde
2554 5659 2900 5728 benigneque
2951 5657 3241 5721 allocutus,
3297 5656 3553 5726 dulcique

358 4667 436 4719 'H
463 4665 578 4717 τῶν
611 4662 925 4734 Βογομίλων
956 4665 1166 4734 αἵρεσις
1191 4661 1253 4714 ού
1286 4661 1392 4731 πρὸ
1417 4658 1613 4713 πολλοῦ
1646 4658 1874 4727 συνέστη

258 4760 375 4830 τῆς
410 4756 549 4810 καθ’
582 4757 728 4826 ἡμᾶς
769 4756 963 4825 γενεᾶς
984 4794 999 4819 ,
1034 4754 1201 4823 μέρος
1230 4752 1367 4807 οὖσα
1406 4754 1507 4824 τῆς
1553 4752 1662 4806 τῶν
1690 4751 1879 4805 Μασα-

256 4848 497 4905 λιανῶν
523 4886 539 4911 ,
575 4847 674 4900 καὶ
727 4844 1121 4915 συμφερομένη
1167 4844 1238 4897 τὰ
1278 4842 1451 4897 πολλὰ
1491 4843 1603 4906 τοῖς
1652 4841 1879 4896 ἐκείνων

255 4942 552 5011 δόγμασι,
584 4941 707 4991 τινὰ
736 4936 793 4990 δὲ
822 4937 917 4989 καὶ
945 4932 1408 5005 προσεξευροῦσα,
1440 4934 1534 4986 καὶ
1570 4930 1666 4999 τὴν
1696 4929 1875 5002 λύμην

254 5033 603 5102 αὐξήσασα.
633 5026 945 5095 Διεγνώσθη
970 5026 1026 5078 δὲ
1058 5024 1196 5078 κατά
1225 5024 1350 5085 τοὺς
1374 5024 1598 5094 χρόνους
1638 5021 1874 5085 Ἀλεξίου

253 5127 366 5180 τοῦ
403 5123 850 5193 θεοκυὸερνήτου
886 5118 1150 5190 βασιλέως
1178 5118 1357 5187 ἡμῶν,
1391 5116 1449 5177 ὃς
1479 5116 1747 5185 εὐτέχνως
1783 5112 1876 5165 καὶ

252 5222 425 5273 πάνυ
468 5215 794 5285 θαυμασίως
822 5212 914 5265 τὸν
936 5211 1163 5281 ἔξαρχον
1186 5210 1355 5280 αὐτῆς
1388 5206 1683 5278 θηρεύσαςο
1716 5204 1879 5258 Βασί-

251 5313 424 5374 λειος
457 5304 536 5379 ἦν
568 5300 722 5368 οὗτος
759 5308 788 5359 ό
839 5305 1019 5374 ίατρὸς
1042 5341 1057 5368 ,
1089 5301 1228 5372 ἀνὴρ
1257 5301 1497 5370 ὀλέθριος
1530 5298 1754 5369 μᾶλλον,
1786 5296 1880 5348 καὶ

251 5407 477 5475 λοιμὸς
503 5443 519 5466 ,
556 5402 652 5455 καὶ
696 5401 904 5470 φθορᾶς
952 5400 1181 5467 μεστὸς,
1222 5398 1313 5448 καὶ
1350 5393 1529 5461 πάσης
1560 5393 1760 5456 κακίας
1784 5391 1878 5461 δρ-

251 5511 453 5564 γανον
482 5508 499 5521 ·
554 5492 650 5543 καὶ
701 5491 836 5559 πρὸς
874 5487 1066 5541 ἑαυτὸν
1114 5482 1476 5555 μεταγαγὼν,
1511 5482 1606 5535 καὶ
1638 5482 1875 5549 ἐντίμως

249 5582 696 5650 ὑποδεξάμενος
720 5623 736 5647 ,
780 5583 876 5634 καὶ
906 5579 1004 5647 τῆς
1034 5576 1166 5648 παρ’
1196 5574 1377 5646 ἑαυτῷ
1406 5573 1675 5643 καθέδρας
1712 5571 1877 5636 ἀξιώ-

252 5698 398 5745 σας,
434 5676 545 5729 καὶ
577 5677 735 5745 λόγου
768 5674 1031 5743 μεταδοὺς
1066 5673 1240 5741 ἡδέος,
1286 5672 1379 5723 καὶ
1418 5665 1725 5738 προσηνοῦς
1755 5668 1875 5733 ὁμι-

342 5866 361 5897 ¹
394 5861 608 5919 Matth.
634 5858 821 5920 xxx,6.
900 5856 920 5885 ³
964 5855 1128 5910 Hebr.
1161 5868 1279 5914 xm,
1317 5852 1370 5904 4.
1448 5849 1681 5906 ‘Matth.
1706 5844 1867 5912 v.54.

617 5960 891 6022 Punoc.
938 5953 1056 6015 Gn.
1104 5948 1356 6012 CXXX.

3039 5928 3117 5994 41
