4020 6284
394 318 532 382 1'293

1315 304 1689 366 PANOPLIA
1731 296 2194 360 DOGMATICA.
2223 319 2294 330 ’-
2333 295 2481 354 TIT.
2520 293 2771 353 XXVII.

3495 285 3654 386 mi

387 434 539 501 τρεῖς
572 432 795 498 κλήσεις
832 431 897 482 ὲκ
937 431 1033 498 τῆς
1058 423 1394 490 Σαϐελιανῆς
1435 422 1700 493 αἱρέσεως
1749 417 1963 476 ἕλαῦον,

2092 411 2394 464 Iidicerunt.
2435 409 2620 476 Itaque
2650 404 2952 460 confutatio
2985 419 3050 458 ex
3086 405 3263 472 titulo,
3310 407 3399 473 qui
3443 408 3496 460 in
3546 409 3658 461 Sa—

387 524 486 596 τὴν
523 523 580 575 δὲ
625 522 721 574 τοῦ
752 521 998 573 τοιούτου
1039 518 1308 586 δόγματος
1357 511 1673 584 ἀνατροπὴν
1709 509 1971 580 ζητητέον

388 617 447 667 ὲν
479 612 559 684 τῷ
584 612 748 679 τίτλῳ
783 609 858 680 τῷ
888 610 1028 662 κατὰ
1061 607 1427 660 Σαϐελιανῶν.
1459 605 1538 675 Τῇ
1581 605 1766 673 μέντοι
1807 617 1969 669 τερα-

388 703 665 775 τομορφίᾳ
698 702 792 754 τοῦ
826 703 945 754 κατ’
971 699 1170 762 αὐτοὺς
1206 698 1340 751 Θεοῦ
1372 699 1432 750 τὸ
1468 694 1838 765 σωματοειδὲς
1879 694 1971 745 καὶ

388 796 450 848 τὸ
482 795 581 863 τῆς
621 793 835 864 μορφῆς
870 792 1159 844 ἀλλόκοτον
1195 791 1418 858 ἀρκέσει
1449 790 1585 855 πρὸς
1623 786 1864 854 ἔλεγχον.

464 886 536 954 γ’.
559 887 794 952 Λέγουσι
818 883 908 935 τὸν
934 883 1059 935 Υἰὸν
1087 882 1182 935 καὶ
1197 881 1254 934 τὸ
1277 879 1499 948 Πνεῦμα
1526 879 1585 931 τὸ
1607 879 1760 945 ἆγιον
1777 880 1852 936 εἰς
1880 876 1970 929 τὸν

391 979 617 1047 Πατέρα
653 977 836 1038 πάλιν,
885 976 977 1042 ἀφ’
1009 968 1072 1027 οὗ
1120 975 1393 1043 προῆλθον
1415 1014 1429 1037 ,
1463 972 1793 1041 ἀναλυῦἦναι
1815 1011 1830 1035 ,
1875 971 1972 1022 καὶ

392 1067 777 1137 τριπρόσωπον
804 1067 964 1119 αὐτὸν
990 1065 1098 1119 ἀπὸ
1124 1063 1218 1117 τοῦ
1247 1063 1786 1134 πεντακισχιλιοστοῦ
1817 1063 1970 1124 ἔτους

392 1159 518 1228 ἄχρι
550 1159 646 1210 καὶ
684 1159 980 1227 τριάκοντα
1025 1157 1120 1210 καὶ
1164 1157 1333 1227 τριῶν
1382 1157 1518 1208 ὲτῶν
1552 1157 1971 1226 χρηματίσαντα

392 1252 557 1304 πάλιν
591 1251 847 1319 γενέσθαι
880 1251 1308 1322 μονοπρόσωπον
1330 1290 1345 1315 ,
1378 1249 1674 1319 ἀσώματον
1714 1248 1813 1318 μὲν
1833 1288 1847 1310 ,
1880 1248 1973 1300 ἁν-

392 1341 793 1413 θρωπόμορφον
833 1343 912 1395 δέ.
952 1341 1056 1393 Φεῦ
1098 1343 1197 1411 τῆς
1229 1340 1430 1409 πολλῆς
1473 1339 1869 1408 ἀναισθησίαςῐ
1908 1338 1972 1388 Ὢ

391 1434 487 1486 τοῦ
519 1435 754 1497 πλατέος
781 1433 1051 1501 γέλωτοςι
1092 1433 1154 1484 Εἰ
1188 1431 1298 1502 γὰρ
1331 1431 1625 1501 ἀσώματος
1647 1472 1663 1497 ,
1713 1431 1829 1493 πῶς
1878 1431 1972 1483 ἁν-

393 1525 797 1596 Ορωπόμορφος
823 1543 837 1593 ;

466 1701 530 1752 δ’.
556 1701 792 1766 Λέγουσι
827 1701 966 1771 μήτε
991 1700 1120 1754 Υῐδν
1151 1695 1313 1764 εἶναι,
1361 1700 1500 1769 μήτε
1547 1698 1774 1769 Πνεῦμα
1815 1698 1971 1767 ἅγιον

2076 502 2339 556 belli-auos
2380 500 2673 566 inscriptus
2717 505 2823 562 est,
2869 497 3097 565 petenda
3125 497 3248 551 erit.
3285 495 3441 561 Quod
3477 507 3657 551 autem

2078 603 2378 647 monstrosa
2413 591 2577 644 Deum
2611 604 2766 643 suum
2810 588 2982 642 forma
3041 590 3544 653 comminiscanlur,
3593 605 3659 644 ex

2075 698 2335 753 corporea
2396 683 2739 748 absurdaque
2793 681 2992 748 specie,
3041 693 3204 748 quam
3260 681 3335 733 illi
3392 679 3660 745 tribuunt,

2073 773 2232 828 facile
2264 781 2442 843 potest.
2464 771 2704 838 intelligi.

2142 865 2193 919 5.
2227 866 2420 920 Dicunt
2466 862 2661 916 Filium
2695 873 2746 917 et
2774 862 3034 932 Spiritum
3067 871 3313 918 sanctum
3355 865 3406 917 in
3443 863 3662 918 Patre-ui

2071 971 2313 1021 rursum,
2355 970 2420 1008 ex
2455 969 2560 1023 quo
2594 967 2976 1024 provenerunt,
3004 955 3524 1024 resolvi,ipsumque
3567 956 3660 1024 qui

2074 1063 2214 1102 anno
2275 1046 2475 1101 abhinc
2537 1044 2823 1113 quinquies
2873 1045 3160 1099 millesimo
3226 1045 3662 1114 quingentesium

2076 1139 2349 1192 tricesimo
2377 1137 2535 1192 tertio
2583 1137 2745 1189 trium
2799 1136 2966 1190 fuerit
3013 1151 3389 1204 personarum,
3447 1151 3659 1188 rursum

2077 1231 2237 1284 unius
2274 1229 2472 1283 factum
2503 1241 2625 1281 esse
2675 1242 2938 1296 personae,
2994 1227 3371 1294 incorporeum
3421 1228 3659 1292 quidem,

2073 1322 2164 1376 sed
2200 1322 2434 1375 humana
2473 1327 2651 1373 tamen
2682 1317 2853 1371 forma
2905 1317 3208 1384 praeditum.
3265 1316 3520 1369 Facessat
3567 1316 3663 1368 ab-

2072 1415 2232 1467 surda
2260 1420 2316 1466 et
2346 1411 2412 1464 ab
2441 1411 2586 1462 omni
2613 1424 2835 1477 prorsus
2861 1422 3022 1461 sensu
3045 1408 3217 1462 aliena
3243 1408 3402 1460 ratio.
3434 1407 3490 1460 Si
3515 1406 3664 1459 enim

2074 1505 2425 1573 incorporeus
2464 1510 2566 1566 est,
2618 1500 2889 1569 quomodo
2932 1498 3201 1569 l‘ormasit
3241 1500 3473 1552 luunana
3521 1512 3662 1566 pra:-

2073 1599 2262 1654 ditus?

2145 1691 2200 1743 4.
2237 1688 2445 1759 Negant
2473 1689 2665 1744 Filium
2706 1699 2758 1743 ct
2789 1687 3051 1758 Spiritum
3106 1695 3354 1740 sanctum
3390 1696 3562 1752 usque
3593 1685 3662 1735 ad

392 1790 521 1860 ἄχρι
555 1790 649 1844 τοῦ
697 1793 1239 1862 πεντακισχιλιοστοῦ
1285 1792 1741 1845 πεντακοσιοστοῢ
1795 1792 1967 1857 ἔτους,

2092 1781 2361 1851 ιυῑιιίμιῑοε
2433 1783 2779 1836 millesimum
2805 1791 2857 1834 et
2910 1779 3401 1847 quingentesimum
3455 1789 3660 1827 annum

391 1881 579 1933 ἔκτοτε
609 1881 664 1934 δὲ
692 1883 877 1935 λαϐεῖν
903 1886 1097 1945 αὐτοὺς
1128 1885 1306 1954 ἀρχὴν
1332 1884 1426 1936 τοῦ
1454 1881 1617 1949 εἶναι,
1645 1886 1739 1935 καὶ
1767 1884 1968 1953 ὀνομά-

392 1971 604 2038 ζεσθαι,
661 1974 837 2031 καίτοι
885 1973 979 2026 τοῦ
1041 1975 1433 2043 εὐαγγελιστοῦ
1508 1976 1759 2030 Ἰωάννου
1811 1976 1970 2046 βρον-

391 2065 591 2128 τῶντος
624 2067 679 2116 ὲν
716 2065 792 2134 τῷ
824 2068 1041 2134 λέγειν,
1085 2067 1187 2121 Ἐν
1213 2068 1371 2137 ἀρχῇ
1403 2066 1480 2137 ἦν
1516 2071 1548 2122 ό
1581 2069 1816 2144 Λόγος,
1873 2072 1971 2123 καὶ

393 2157 632 2224 όΛόγος
665 2153 743 2227 ἦν
773 2160 922 2226 πρὸς
952 2160 1061 2212 τὸν
1089 2161 1257 2223 Θεὸν,
1288 2161 1385 2213 καὶ
1421 2163 1566 2226 Θεὸς
1595 2160 1672 2233 ἦν
1696 2166 1729 2215 ό
1759 2163 1974 2231 Adfor,»-

393 2245 469 2301 Τὸ
497 2249 554 2302 δὲ
598 2253 698 2302 Ἐν
728 2250 883 2318 ἀρχῇ
916 2248 994 2320 ἦν
1026 2253 1057 2304 ό
1091 2254 1316 2320 Λόγος,
1360 2254 1472 2305 ἴσον
1502 2257 1619 2306 ἐστὶ
1655 2253 1733 2323 τῷ
1777 2257 1889 2307 ’Λεὶ
1908 2251 1974 2326 ἦν

394 2345 423 2393 ὀ
448 2342 640 2408 Λόγος.
675 2344 736 2395 Εἰ
770 2346 826 2396 δὲ
857 2347 883 2397 ό
908 2344 1078 2411 Λόγος
1110 2346 1198 2396 ἀεὶ
1229 2341 1295 2415 ἦν
1335 2347 1391 2398 ἐν
1422 2345 1498 2416 τῷ
1533 2345 1741 2415 Πατρὶ,
1784 2348 1877 2398 καὶ
1917 2347 1978 2398 τὸ

400 2434 623 2503 Πνεῦμα
674 2437 736 2486 τὸ
793 2437 946 2502 ᾶγιον
979 2437 1065 2489 ἀεὶ
1093 2433 1256 2506 συνῆν
1293 2430 1400 2507 ἄρα
1431 2437 1506 2507 τῷ
1538 2437 1671 2507 Υἱῷ.
1712 2440 1820 2491 Καὶ
1867 2441 1976 2508 γὰρ

397 2525 507 2577 οὐδ’
539 2524 566 2576 ὁ
618 2523 747 2597 παρ’
795 2527 953 2596 ἡμῶν
994 2528 1403 2598 προφερόμενος
1461 2529 1615 2597 λόγος
1662 2530 1978 2600 εὑρίσκεταί

401 2634 532 2668 ποτε
561 2619 727 2687 χωρὶς
765 2619 1102 2688 πνεύματος.
1137 2622 1200 2673 υἱ
1243 2621 1297 2672 δὲ
1332 2621 1586 2688 λέγοντες
1628 2624 1718 2674 τὸν
1765 2623 1981 2692 Πατέρα.

400 2711 568 2780 χωρὶς
598 2707 736 2762 εἶναι
766 2711 857 2762 τοῦ
890 2711 1064 2780 Λόγου
1106 2715 1270 2782 μέχρι
1311 2712 1404 2765 τοῦ
1444 2713 1980 2783 πεντακισχιλιοστοῦ

401 2801 861 2854 πεντακοσιοστοῦ
909 2803 1086 2869 ἔτους,
1123 2804 1316 2870 ἄλογον
1347 2805 1510 2857 αὑτὸν
1549 2805 1677 2876 ἄχρι
1705 2806 1824 2857 τότε
1847 2847 1860 2869 ,
1885 2806 1983 2858 καὶ⁹

402 2891 606 2960 ἄσοφον
629 2935 643 2958 ,
680 2894 774 2947 καὶ
810 2893 1069 2949 ἀδύνατον
1101 2895 1558 2966 δογματίζουσιν,
1615 2895 1699 2949 ἵνα
1734 2897 1802 2948 τὰ
1851 2898 1983 2967 περὶ

405 2984 498 3036 τοῦ
529 2985 685 3052 ἁγίου
725 2986 1040 3053 Πνεύματος
1071 2987 1356 3056 ἐάσωμεν,
1398 2989 1618 3052 καὶτὰς
1655 2988 1821 3053 ἄλλοις
1859 2990 1985 3043 ἀτο-

406 3077 566 3143 πίας,
594 3078 649 3130 αἳ
685 3081 749 3149 τῇ
782 3080 1092 3150 μωρολογία
1117 3080 1321 3133 τούτων
1352 3081 1810 3137 ἐπακολουθοῦσι.

483 3352 544 3406 ε’.
562 3351 828 3421 Λέγουσιν
851 3392 865 3415 ,
901 3355 981 3406 ὅτι
1007 3357 1034 3407 ὁ
1054 3355 1150 3424 μὲν
1171 3348 1361 3424 Πατὴρ
1396 3356 1652 3425 ἐγέννησε
1682 3355 1740 3408 τὸ
1763 3350 1992 3426 Πνεῦμα

406 3443 468 3496 τὸ
507 3446 682 3514 ἇγιον,
722 3445 882 3499 τοῦτο
924 3446 978 3499 δὲ
1007 3449 1266 3515 ἐγέννησε
1301 3447 1694 3517 πνευματικῶς
1727 3448 1816 3499 τὸν
1852 3467 1989 3518 προ-

405 3536 567 3605 δότην
630 3537 872 3602 Ὶούδαν,
919 3539 1014 3590 καὶ
1062 3538 1189 3602 τοὺς
1237 3537 1430 3591 ἕνδεκα
1475 3539 1829 3602 ἀποστόλους.
1883 3539 1992 3592 Καὶ

405 3628 743 3699 προφέρουσι
793 3629 953 3697 ῥῆσιν
1001 3628 1293 3695 εὐαγγ-λικ
1335 3647 1362 3680 ν
1387 3668 1401 3692 ,
1449 3627 1702 3698 ’Λϐραὰμ
1729 3671 1744 3694 ,
1784 3631 1988 3700 φησὶν,

403 3716 700 3788 ἐνέν-νησέ
745 3736 852 3772 τον
899 3718 1125 3784 Ἰσαὰκ,
1191 3727 1395 3774 ἰσαακ
1437 3719 1506 3771 δὲ
1554 3722 1846 3790 ἐγέννησε
1885 3723 1991 3775 τὸν

403 3811 627 3874 Ἰακὼϐ,
663 3812 876 3865 Ἰακὼϐ
894 3812 961 3864 δὲ
981 3813 1274 3880 ἐγέννησε
1302 3812 1406 3865 τὸν
1440 3813 1686 3877 Ἰούδαν,
1717 3815 1814 3866 καὶ
1846 3814 1990 3879 τοὺς

405 3895 714 3974 ἀδελφοὺς
765 3903 987 3968 αὑτοῦ,
1041 3906 1168 3974 περὶ
1211 3905 1310 3972 τῆς
1340 3904 1502 3971 ἁγίας
1554 3903 1784 3976 Τριάδος
1816 3905 1993 3958 ταῦτα

405 3997 719 4064 γεγράφθαι
755 3995 1167 4064 διατεινόμενοι.
1204 3995 1428 4063 Πρῶτον
1471 3996 1569 4064 μὲν
1598 3993 1692 4047 οῦν
1732 3997 1792 4048 οὐ
1833 3999 1993 4066 μόνον

408 4089 563 4151 Υἱὸν,
591 4088 724 4140 ἀλλὰ
757 4093 847 4139 καί
885 4086 1074 4140 υἱωνὸν
1116 4087 1505 4154 ἐπεισάγουσι,
1540 4089 1631 4140 καὶ
1659 4088 1755 4156 οὐχ
1798 4089 1993 4140 υἱωνὸν

411 4182 596 4252 μόνον,
632 4182 766 4234 ἀλλὰ
801 4182 896 4234 καὶ
923 4181 1133 4234 δώδεκα
1164 4181 1548 4250 τρισεγγόνους
1588 4182 1709 4233 ὅσον
1744 4181 1878 4250 πρὸς
1904 4181 1993 4232 τὸν

411 4275 653 4342 Πατέρα.
693 4274 924 4324 Ἔπειτα
987 4264 1035 4324 εἰ
1085 4269 1183 4324 καὶ
1236 4272 1263 4323 ό
1313 4273 1440 4334 Υἱὸς
1501 4272 1725 4342 πατὴρ,
1783 4274 1878 4324 καὶ
1931 4272 1992 4324 τὸ

412 4363 635 4432 Πνεῦμα
672 4365 732 4416 τὸ
770 4364 926 4432 ἆγιον
958 4363 1107 4426 αὖθις
1142 4364 1342 4436 πατὴρ,
1383 4364 1491 4416 ἰδοὺ
1531 4369 1678 4429 τρεῖς
1731 4359 1988 4434 Πατέρες.
2041 4431 2046 4434 _

2072 1874 2363 1937 exstitisse,
2397 1889 2570 1942 eoque
2615 1872 2932 1941 principium
2965 1871 3299 1923 extrinsecus
3337 1867 3662 1934 suscepisse,

2073 1973 2132 2017 ut
2163 1973 2341 2018 essent
2394 1975 2449 2018 et
2478 1965 2910 2026 nominarentur,
2941 1975 3062 2014 cum
3113 1971 3290 2014 tamen
3339 1961 3664 2028 evangelist't

2073 2051 2310 2110 Joannes
2371 2056 2514 2110 clara
2543 2071 2672 2110 voce
2722 2065 2872 2108 tonet
2910 2073 2923 2108 :
2959 2047 3026 2106 In
3072 2053 3350 2120 principio,
3391 2052 3664 2121 inquiens,

2077 2158 2188 2202 erat
2227 2143 2469 2213 Verbum,
2504 2160 2548 2202 et
2567 2147 2792 2201 Verbum
2839 2156 2951 2199 erat
3015 2147 3154 2213 apud
3211 2145 3396 2207 Deum,
3423 2153 3472 2196 et
3519 2142 3657 2195 Deus

2077 2249 2190 2293 erat
2222 2238 2618 2293 Verbum.lllud
2645 2250 2820 2290 autem
2852 2255 2865 2290 :
2899 2237 2961 2290 In
2989 2237 3244 2306 principio
3267 2246 3379 2288 erat
3412 2232 3654 2298 Verbum,

2080 2331 2219 2386 idem
2255 2341 2443 2396 est,ac
2483 2331 2527 2386 si
2553 2331 2702 2384 dicas
2733 2348 2746 2385 :
2778 2329 3004 2398 Semper
3048 2339 3166 2383 erat
3199 2329 3454 2381 Verbum.
3505 2329 3658 2393 Quod

2081 2424 2126 2478 si
2169 2423 2335 2478 Filius
2365 2438 2577 2489 semper
2614 2423 2715 2476 fuit
2750 2423 2800 2476 in
2838 2420 3019 2487 Patre,
3069 2431 3125 2475 et
3161 2421 3395 2489 Spiritus
3441 2431 3667 2474 sanctus

2083 2530 2295 2583 semper
2320 2515 2504 2585 utique
2536 2513 2635 2568 fuit
2663 2530 2783 2567 cum
2804 2513 3186 2583 Filio,quando
3208 2527 3277 2566 ne
3300 2512 3520 2566 verbum
3541 2512 3664 2579 qui-

2086 2607 2206 2661 dem
2249 2624 2276 2661 a
2305 2609 2455 2661 nobis
2481 2607 2750 2678 prolatum
2786 2607 3058 2659 invenitur
3093 2620 3329 2673 unquam
3364 2605 3480 2656 sine
3514 2604 3664 2670 Spiri-

2089 2711 2165 2753 tu.
2203 2699 2300 2766 Qui
2331 2708 2508 2753 autem
2547 2701 2765 2753 Patrem
2790 2685 2908 2752 sine
2938 2697 3075 2752 FlllO
3127 2713 3296 2766 usque
3345 2696 3412 2751 ad
3465 2710 3663 2748 annum

2086 2792 2370 2860 quinquies
2458 2787 2804 2845 millesimum
2889 2788 3383 2859 quingentesimum
3480 2789 3670 2840 dicunt

2088 2877 2280 2950 fuisse,
2313 2900 2434 2937 eum
2469 2878 2535 2937 ad
2569 2883 2695 2936 illud
2750 2897 2922 2950 usque
2975 2891 3185 2950 tempus
3238 2881 3466 2934 rationis
3519 2895 3668 2939 usus.

2089 2978 2364 3046 sapientia:
2393 2977 2752 3044 potentireque
2787 2974 2952 3028 fuisse
2976 2981 3253 3041 expertem
3288 2965 3571 3035 asserunt,
3613 2982 3674 3025 ut

2091 3069 2307 3123 interim
2342 3070 2406 3121 de
2439 3067 2639 3136 Spiritu
2674 3078 2862 3121 sancto
2911 3078 3206 3128 taceamus,
3247 3065 3673 3130 omittamusqne

2001 3157 2057 3216 .“
2095 3171 2288 3216 cetera
2349 3161 2711 3225 incommoda,
2772 3175 2890 3228 qua:
2923 3157 3140 3212 stultant
3191 3160 3416 3212 istorum
3455 3158 3670 3226 opinio-

2047 3243 2052 3248 ’
2096 3267 2218 3306 nem
2243 3259 2670 3319 consequuntur.

2164 3365 2218 3418 5.
2249 3363 2431 3429 Pater,
2465 3345 2737 3432 inquiunt,
2766 3362 2957 3417 Filium
2977 3363 3182 3432 genuit,
3217 3374 3271 3418 et
3294 3363 3464 3417 Filius
3490 3364 3680 3433 genuit

2097 3456 2362 3526 Spiritum
2392 3465 2666 3519 sanctum,
2689 3455 2777 3510 ltic
2807 3467 2985 3518 autem
3015 3455 3212 3510 Judam
3262 3459 3446 3528 genuit
3492 3457 3677 3524 prodi-

2104 3555 2303 3608 torem,
2331 3555 2386 3600 et
2431 3546 2680 3600 undecim
2717 3547 3009 3614 apostolos.
3045 3545 3112 3600 Et
3159 3548 3468 3615 opinionem
3519 3563 3674 3601 suam

2095 3635 2370 3705 Evangelii
2397 3635 2725 3691 conﬁrmant
2783 3637 3090 3691 testimonio
3125 3657 3137 3691 :
3179 3637 3440 3690 Abraham
3495 3638 3675 3706 genuit

2099 3727 2278 3792 Isaac,
2309 3723 2466 3780 Isaac
2501 3736 2676 3780 autem
2693 3726 2869 3794 genuit
2891 3725 3081 3789 Jucob,
3103 3726 3268 3779 Jacob
3294 3736 3468 3780 autem
3497 3728 3678 3795 genuit

2092 3813 2316 3880 ludam,
2346 3825 2393 3866 et
2431 3815 2623 3882 fratres
2649 3814 2761 3881 ejus
2801 3816 2845 3868 ι.
2880 3811 3003 3867 Haec
3041 3815 3108 3868 de
3167 3827 3354 3869 sancta
3407 3814 3681 3870 Trinitute

2096 3907 2264 3961 fuisse
2297 3904 2499 3974 scripta
2539 3907 2890 3960 contendunt.
2927 3906 3166 3959 Primum
3203 3906 3368 3977 igitur
3421 3919 3528 3960 non
3584 3923 3676 3966 so.-

2097 4000 2207 4053 lum
2240 3999 2426 4062 lilium,
2457 3999 2552 4052 sed
2605 4009 2853 4066 nepotem
2907 3997 3190 4062 inducunt,
3256 4013 3354 4052 nec
3423 4009 3672 4068 nepotem

2095 4091 2275 4151 modo.
2309 4091 2402 4145 sed
2433 4089 2712 4143 duodecim
2743 4091 2971 4158 genitos.
3022 4098 3284 4157 quantum
3334 4091 3397 4142 ad
3453 4089 3671 4145 Putrem

2097 4183 2350 4252 pertinet.
2411 4181 2679 4234 Prmterea
2711 4183 2751 4234 si
2792 4179 2959 4242 Filius
3007 4194 3221 4247 quoque
3301 4189 3454 4250 pater
3497 4191 3601 4244 est,
3627 4194 3679 4233 et

2098 4272 2334 4342 Spiritus
2355 4283 2574 4326 sanctus
2599 4287 2812 4324 rursum
2850 4281 3006 4339 pater
3034 4282 3138 4336 est,
3173 4285 3299 4324 ecce
3331 4280 3440 4325 tres
3468 4271 3675 4328 Patres.

2097 4364 2377 4430 Quomodo
2409 4363 2572 4431 igitur
2607 4379 2771 4416 unum
2797 4364 3016 4416 Patrem
3053 4361 3421 4415 c0nliteutur?
3451 4362 3533 4417 Ad
3565 4366 3680 4419 haec

411 4458 524 4510 Καὶ
574 4457 686 4518 πῶς
738 4455 833 4508 ἕνα
889 4455 1112 4524 Πατέρα
1163 4453 1582 4524 δογματίζοντες
1624 4452 1984 4522 ὁμολογοῦσι;

2093 4459 2136 4510 si
2175 4455 2405 4523 Spiritus
2443 4465 2662 4508 sanctus
2695 4463 2778 4507 cst
2819 4454 2959 4506 [ilius
3013 4453 3154 4518 Filii,
3209 4470 3338 4510 ecce
3404 4455 3492 4511 hic
3550 4456 3676 4512 item

412 4552 526 4603 Καὶ
561 4551 722 4601 πάλιν
765 4551 810 4602 εἰ
854 4549 912 4600 τὸ
957 4549 1180 4618 Πνεῦμα
1216 4549 1271 4599 τι
1322 4549 1478 4616 ἅγιον
1525 4549 1640 4610 υἱὸς
1680 4545 1773 4599 τοῦ
1824 4548 1993 4614 Υἱοῦ,

417 4643 528 4694 ἰδοῦ
578 4641 855 4694 uitet-3.50:1.
883 4640 976 4693 δύο
1019 4640 1161 4693 Υἱοὲ.
1197 4642 1304 4694 Καὶ
1353 4641 1468 4703 πῶς
1518 4637 1614 4692 ἕνα
1668 4639 1791 4692 Υἱῦν
1828 4643 1884 4694 ὲν
1927 4643 1994 4711 τῇ

417 4733 670 4804 (helori;
729 4736 826 4803 τῆς
890 4733 1120 4802 Τριὰδος
1187 4733 1690 4802 συνομολογοῦσιν,
1762 4733 1850 4786 ἵνα
1905 4733 1998 4786 τὸν

429 4823 630 4874 Ἰούδαν
686 4825 778 4875 καὶ
827 4821 954 4884 τοὺς
1004 4819 1268 4890 ἀδελφοὺς
1319 4823 1484 4880 αὐτοῦ
1530 4825 1671 4877 κατὰ
1709 4825 1769 4876 τὸ
1818 4824 1998 4894 παρὸν

418 4916 671 4984 ἐάσωμεν
693 4933 708 4982 ;
1663 4925 1665 4929 ‘

495 5006 569 5072 ς’.
603 5010 838 5075 Λέγουσι
870 5008 960 5061 τὸν
1003 5005 1233 5078 δαίμονα
1264 5009 1352 5060 τὸν
1402 5009 1550 5080 παρὰ
1597 5008 1689 5060 τοῦ
1744 5010 1994 5079 Σωτῆρος

416 5098 788 5166 ὀνομασθέντα
818 5091 1062 5151 Σατανᾶν
1099 5096 1213 5149 υἱὸν
1250 5099 1343 5150 καὶ
1378 5099 1540 5150 αὑτὸν
1565 5093 1704 5151 εἶναι
1737 5098 1830 5151 τοῦ
1858 5099 1994 5150 Θεοῦ

419 5191 517 5242 καὶ
558 5190 803 5258 Πατρός,
839 5189 1241 5260 ὀνομαζόμενον
1273 5191 1591 5261 Σαταναὴλ,
1642 5191 1737 5244 καὶ
1779 5190 1996 5260 πρῶτον

420 5279 515 5332 τοῦ
552 5280 680 5332 Υἰοῦ
715 5285 808 5333 καὶ
842 5284 1043 5345 Λόγου,
1089 5285 1179 5334 καὶ
1218 5283 1598 5354 ἰσχυρότερον,
1646 5283 1742 5337 ﬁt;
1778 5286 1995 5354 πρωτό-

421 5388 611 5436 τοκον,
654 5371 728 5434 ὡς
760 5368 895 5424 εἶναι
942 5373 1161 5436 τούτους
1204 5374 1469 5439 ἀδελφοὺς
1513 5375 1776 5443 ἀλλήλων,
1841 5373 1995 5429 Εἶναι

421 5462 481 5512 δὲ
523 5463 611 5515 τὸν
641 5464 924 5534 Σαταναὴλ
963 5466 1245 5536 οἰκονόμον
1269 5509 1282 5532 ,
1328 5467 1423 5521 καὶ
1464 5469 1859 5540 δευτερεύοντα
1899 5469 1991 5520 τοῦ

425 5552 636 5623 Harpe;
657 5594 672 5620 ,
709 5555 806 5624 τὴν
837 5557 1005 5610 αὐτὴν
1039 5558 1187 5612 αὑτῶ
1220 5562 1605 5632 περικείμενον
1631 5565 1725 5614 7.1".
1753 5565 1990 5634 μορφήν,

497 5736 513 5764 ³
544 5733 730 5793 Matth.
758 5755 795 5804 l,
825 5737 881 5796 2.

2099 4549 2204 4601 duo
2234 4547 2378 4600 Filii.
2410 4546 2691 4612 Quomodo
2744 4548 2906 4614 igitur
2937 4563 3104 4600 unum
3154 4547 3348 4600 Filium
3396 4549 3449 4601 in
3487 4562 3678 4602 sancta

2096 4637 2366 4694 Trinitale
2410 4639 2660 4700 trudunt,
2714 4648 2772 4691 ut
2831 4639 2962 4691 nihil
2996 4639 3046 4692 in
3105 4641 3392 4708 praesentia
3445 4639 3511 4692 de
3537 4637 3677 4696 Juda

2100 4730 2340 4784 dicamus
2366 4741 2419 4782 et
2450 4729 2708 4784 fratribus
2738 4725 2898 4796 ejus?

2167 5005 2224 5070 li.
2249 5016 2437 5069 Dicunt
2459 5005 2780 5077 daemonem,
2809 5012 2900 5082 qui
2927 5029 2953 5065 a
2970 5012 3257 5068 Servatore
3274 5016 3573 5084 appellatus
3596 5030 3681 5074 est

2099 5105 2350 5169 Satanas,
2399 5104 2563 5157 lilium
2610 5120 2726 5158 csse
2750 5105 2923 5172 ipsum
2970 5121 3184 5174 quoque
3216 5107 3309 5159 Dei
3365 5107 3566 5174 Patris,
3621 5123 3679 5164 et

2095 5199 2275 5253 vocari
2335 5197 2612 5260 Satanael,
2636 5207 2686 5251 et
2710 5193 2846 5250 Filio
2880 5195 3055 5251 Verbo
3087 5208 3214 5250 natu
3253 5200 3506 5265 majorem
3558 5218 3680 5256 esse

2097 5290 2663 5359 praestantioremque,
2723 5296 2907 5354 utpme
2967 5289 3423 5359 primogenitum;
3481 5291 3677 5347 fratres

2095 5381 2258 5449 igttur
2295 5395 2437 5435 esse.
2480 5381 2584 5434 Sed
2610 5377 2864 5431 Sutanael
2898 5381 3088 5432 domus
3117 5395 3238 5433 esse
3265 5393 3674 5450 procuratorem

2090 5483 2144 5526 et
2174 5472 2439 5528 secundas
2468 5461 2588 5542 post
2621 5470 2832 5525 Patrem
2869 5482 3048 5538 partes
3091 5473 3355 5538 obtinere,
3381 5477 3679 5545 eademque

2093 5568 2228 5620 stola
2276 5573 2330 5618 et
2356 5565 2987 5647 habituhiudutumesse,
3019 5572 3076 5617 et
3124 5564 3191 5617 ad
3226 5565 3342 5632 ejus
3396 5567 3675 5621 dexteram
