4044 6290
442 368 582 432 1295

1674 363 2057 424 EUTHYMII
2110 364 2473 433 ZIGABENK

3578 362 3712 428 1296

436 483 723 541 considere
752 483 806 537 in
834 482 996 546 solio,
1030 489 1084 538 et
1112 480 1405 537 secundam
1437 479 1637 535 habere
1668 478 2012 551 dignitatem,

2122 481 2214 534 καὶ
2237 479 2455 551 στολὴν,
2485 478 2579 532 καὶ
2597 478 2653 530 ἐν
2674 477 2827 550 δεξιᾷ
2846 476 3013 531 αὐτοῦ
3036 476 3352 547 καθήμενον
3372 478 3472 531 ἐπὶ
3494 480 3707 548 θρόνου,

429 591 534 646 qna
570 576 785 646 quidem
818 576 1028 630 ebrium
1086 574 1357 642 stulteque
1389 571 1684 637 sublatum,
1737 570 1807 623 de
1870 568 2019 625 defe-

429 666 610 719 ctione
628 665 922 732 cogitasse,
950 670 1275 730 arreptaque
1302 660 1572 730 quondam
1597 658 1887 714 occasione
1919 659 2020 712 mi-

432 758 631 810 nisuas
664 765 903 808 tentasse
936 762 1261 823 potestates,
1316 763 1375 806 ut
1433 766 1665 806 excusso
1720 748 2017 804 ministerii

423 853 554 921 jugo
582 859 640 898 se
672 852 1053 909 sequerentur,
1106 849 1161 895 et
1196 855 1382 894 secum
1423 839 1473 892 in
1513 837 1729 893 Patrem
1780 849 2018 890 consur-

429 946 639 1004 gerent.
682 933 748 987 Et
799 932 864 986 ad
915 930 1224 985 istiusmodi
1252 946 1422 1000 nugas
1491 928 1891 984 confirmandus
1950 940 2016 980 ex

435 1029 595 1082 Lucae
627 1023 922 1093 Evangelio
959 1022 1269 1092 parabolam
1328 1021 1565 1074 ali‘erunt
1597 1019 1764 1073 villici
1821 1017 2021 1087 iniqui-

429 1122 576 1181 tatis,
635 1116 725 1185 qui
759 1114 937 1169 debita
1005 1114 1202 1167 minuit
1249 1111 1601 1165 debitoribus.
1660 1109 1813 1162 Hunc
1876 1107 2018 1162 enim

427 1225 546 1263 esse
571 1207 847 1270 Satanael,
875 1214 931 1259 et
952 1206 1016 1259 de
1040 1207 1142 1258 hoc
1171 1203 1338 1257 fuisse
1363 1202 1617 1271 scriptam
1646 1215 1763 1254 eam
1790 1202 2022 1268 parabo-

426 1303 532 1356 lam
562 1319 577 1366 ;
606 1299 825 1369 angelos
856 1298 1046 1366 igitur
1073 1311 1208 1365 quos
1258 1293 1707 1356 memoravimus,
1743 1298 2023 1359 sperantes

427 1409 486 1448 se
515 1389 769 1445 laboriosi
800 1386 1087 1442 ministerii
1121 1399 1286 1439 onere
1318 1385 1556 1437 levatum
1587 1383 1676 1442 iri,
1698 1390 1753 1434 ct
1806 1380 2018 1449 magnis

427 1485 545 1538 aliis
573 1480 853 1551 promissis
872 1478 1039 1532 fuisse
1064 1478 1335 1546 deceptos.
1355 1474 1568 1528 .Ponam
1608 1458 2022 1537 enim,dicebat,

431 1577 679 1627 thronum
769 1587 939 1624 meum
971 1571 1025 1623 in
1084 1568 1327 1631 nubibus,
1382 1577 1430 1620 et
1482 1582 1570 1619 ero
1630 1565 1816 1618 similis
1856 1562 2021 1615 Allis-

426 1664 629 1720 aimo‘.
670 1661 968 1717 Proditioni
1022 1660 1187 1729 igitur
1255 1668 1310 1711 et
1370 1656 1583 1712 insidiis
1643 1655 2009 1711 consensisse.

426 1757 539 1823 Qua
565 1752 785 1821 quidem
809 1766 871 1805 re
896 1747 1300 1825 animadversa,
1324 1746 1495 1800 Deum
1522 1734 1645 1799 illos
1682 1759 1712 1798 e
1736 1745 1874 1797 ctelo
1899 1758 2019 1796 om—

2123 572 2333 642 καὶτῆς
2355 572 2473 640 μετ’
2490 570 2654 623 αὐτὸν
2674 569 2836 655 εὐθρς
2859 571 3027 639 τιμῆς
3049 563 3391 638 ἀξιούμενον,
3418 570 3510 640 ὑφ’
3526 566 3593 641 ἧς
3618 588 3710 639 με-

2122 660 2509 725 θυσθέντα,καὶ
2524 661 2603 723 είς
2621 658 2881 713 ἀπόνοιαν
2905 659 3222 728 ἐπαρθέντα
3264 658 3558 728 μελετῆσαι
3578 665 3713 713 ἁπο-

2124 752 2374 816 στασίαν,
2394 753 2491 805 καί
2514 769 2645 804 ποτε
2666 742 3007 821 δραξάμενον
3025 747 3222 818 καιροῦ
3247 749 3498 803 καθεῖναι
3512 754 3710 821 πεῖράν

2123 861 2236 897 τισι
2272 842 2378 895 τῶν
2401 842 2797 911 λειτουργικῶν
2822 843 3130 911 δυνάμεων,
3155 843 3203 893 εἰ
3229 839 3504 909 βούλοιντο
3524 860 3711 913 κουφι-

2123 934 2346 1003 ζόμεναι
2396 933 2490 987 τοῦ
2545 935 2743 1006 βάρους
2796 926 2897 1003 τῆς
2946 930 3292 1001 λειτουργίας
3344 934 3711 1005 ἀκολουθῆσαι

2121 1026 2320 1094 τούτῳ.
2348 1028 2441 1079 καὶ
2473 1025 3062 1094 συγκατεξαναστῆναι
3094 1024 3189 1078 τοῦ
3232 1022 3467 1097 Πατρός.
3502 1029 3596 1090 Εἰς
3630 1029 3713 1081 πί-

2124 1134 2243 1170 στιν
2280 1117 2335 1170 δέ
2362 1118 2459 1187 τῆς
2488 1117 2764 1186 ληροιδίας
2809 1117 3017 1186 ταύτης
3048 1119 3359 1186 παράγουσι
3402 1121 3496 1191 τὴν
3542 1123 3603 1173 ἐν
3631 1121 3710 1189 τῷ

2124 1207 2263 1259 κατὰ
2285 1196 2501 1259 Λουκᾶν
2518 1204 2835 1275 Εὑαγγελίῳ
2858 1204 3176 1275 παραϐολὴν
3197 1205 3292 1257 τοῦ
3308 1207 3582 1276 οἰκονόμου
3602 1208 3705 1276 τῆς

2124 1292 2360 1362 ἀδικίας,
2389 1290 2454 1349 τὰ
2477 1295 2587 1349 τῶν
2612 1294 2938 1364 ὀφειλόντων
2960 1296 3097 1366 χρέη
3135 1297 3704 1364 μειώσαντοξΧοῦτον

2124 1390 2232 1457 γάρ
2254 1387 2343 1440 τὸν
2370 1387 2651 1455 Σαταναὴλ
2684 1382 2830 1439 εἶναι
2848 1427 2864 1453 ,
2894 1389 2988 1439 καὶ
3015 1389 3143 1456 περὶ
3172 1387 3366 1439 τούτου
3396 1388 3709 1458 γεγράφθαι

2124 1479 2226 1550 τὴν
2287 1479 2546 1548 τοιαύτην
2604 1477 2944 1548 παραϐολήν.
3007 1474 3143 1532 Εἶτα
3200 1480 3327 1542 τοὺς
3384 1481 3712 1550 εἰρημένους

2124 1571 2400 1641 ἀγγέλους
2432 1571 2821 1635 δελεασθέντας
2853 1570 2931 1641 τῷ
2970 1573 3266 1642 κουφισμῷ
3307 1574 3405 1642 τῆς
3450 1573 3712 1625 ἐπιπόνου

2126 1664 2515 1736 λειτουργίας,
2569 1665 2667 1719 καὶ
2734 1667 2858 1727 ταῖς
2920 1664 3109 1726 ἄλλαις
3159 1665 3490 1732 ὑπερόγκοις
3544 1668 3719 1732 ἐπαγ·
3786 1704 3790 1708 .

2128 1758 2360 1828 γελίαις,
2395 1757 2573 1826 Θήσω
2603 1758 2735 1828 γὰρ,
2757 1757 3045 1828 φησ“ι,τὸν
3077 1759 3298 1824 θρόνον
3311 1775 3431 1826 μου
3467 1757 3570 1810 ἐπι
3598 1755 3717 1810 τῶν

426 1816 524 1899 lies
548 1816 866 1897 (tetrusissc.
888 1840 1020 1904 Quis
1055 1838 1259 1891 insulsa
1282 1816 1337 1889 et
1381 1835 1664 1888 manifesta
1683 1834 1907 1886 istorum
1933 1831 2020 1900 lig-

2126 1816 2420 1914 έδεφελιῦν,
2459 1816 2560 1900 ita!
2585 1816 2800 1917 ιὶγόιὶάι
2821 1816 3030 1915 ’ὅμοιος
3056 1816 3135 1910 τά)
3159 1816 3448 1913 ’Υψίστιμ
3474 1862 3715 1899 συναπα·

428 1946 606 1991 menta
633 1950 734 1986 non
762 1929 957 1984 rideat?
989 1928 1043 1982 Si
1069 1928 1210 1981 enim
1241 1936 1429 1980 natura
1461 1924 1737 1978 DeiFilius
1766 1920 2020 1987 Satanael

425 2029 636 2090 fuisset,
661 2024 847 2077 fuisset
869 2020 1028 2074 etiam
1061 2027 1252 2072 natura
1292 2019 1450 2081 Deus,
1482 2028 1536 2070 et
1562 2016 1782 2068 omnino
1820 2015 2019 2068 immo-

424 2118 551 2171 bilis
567 2126 621 2170 et
651 2110 1024 2168 immutabilis.
1037 2108 1317 2178 Proprium
1332 2106 1475 2161 enim
1493 2113 1574 2161 est
1591 2094 1793 2159 natura:
1807 2103 2019 2169 divinae,

428 2218 486 2263 ut
503 2221 774 2277 numquam
798 2214 1060 2265 mutetur,
1084 2200 1177 2254 sed
1189 2201 1374 2255 eodem
1410 2201 1568 2251 modo
1594 2210 1805 2266 semper
1847 2211 1904 2249 se
1927 2197 2021 2247 ba-

426 2295 760 2362 beat.Quare
778 2293 1031 2362 quoniam
1056 2298 1292 2343 mutatus
1308 2297 1416 2350 est,
1436 2296 1491 2341 et
1517 2287 1729 2351 cecidit,
1759 2295 1813 2339 et
1837 2299 1867 2339 e
1883 2284 2021 2338 ctelo

427 2390 777 2459 dejectusest,
803 2400 909 2441 non
938 2392 1059 2439 erat
1082 2389 1272 2435 natura
1290 2379 1460 2434 Filius
1476 2379 1591 2444 Dei,
1622 2379 1715 2433 sed
1739 2380 1899 2431 aliam
1924 2376 2023 2430 ba-

427 2481 589 2537 bebat
605 2488 731 2535 natu
741 2490 1074 2545 ram,nempc
1090 2474 1391 2541 angelicam
1413 2482 1468 2526 et
1491 2480 2022 2542 procreatam,atque

428 2576 549 2631 ideo
582 2567 1087 2635 mulabilem.Quod
1114 2567 1161 2621 si
1183 2565 1493 2635 unigenitus
1516 2571 1601 2617 est
1619 2563 1797 2617 Patris
1826 2562 2016 2625 Filius,

428 2665 691 2729 Verbum,
735 2670 793 2715 ut
828 2658 1158 2728 evangelista
1214 2655 1450 2710 Joannes
1480 2654 1705 2708 docuit:
1753 2652 2017 2714 Vidimus,

430 2755 703 2827 inquiens,
733 2753 956 2824 gloriam
1017 2750 1132 2819 ejus
1178 2748 1404 2817 gloriam
1456 2747 1611 2805 quasi
1674 2744 1940 2816 Unigeniti
1987 2763 2018 2798 α

429 2849 622 2913 Patre,
659 2856 713 2900 et
767 2858 1022 2898 rursum:
1080 2840 1388 2910 Unigenitus
1444 2836 1640 2903 Filius,
1699 2839 1788 2908 qui
1841 2846 1915 2889 est
1965 2837 2019 2888 in

428 2940 548 2994 sinu
584 2935 786 2999 Patris,
839 2935 948 3001 ipse
977 2931 1317 2993 enarravit’,
1368 2930 1655 2982 mendaces
1708 2927 2019 2997 deprellen-

428 3033 632 3085 duntur
683 3037 739 3082 et
804 3028 1127 3095 impostores
1186 3020 1274 3092 qui
1335 3018 1558 3075 fratrem
1612 3020 1783 3089 ipsius
1834 3019 2021 3074 dicunt

426 3137 547 3177 esse
577 3117 851 3174 Satanae].
890 3114 945 3171 Si
1001 3116 1145 3170 enim
1171 3113 1395 3167 fratrem
1427 3111 1650 3166 haberet
1682 3109 1850 3164 Filius
1882 3110 2019 3164 Ver-

427 3213 575 3274 bum,
605 3207 922 3277 Unigenitus
976 3219 1081 3259 non
1138 3202 1524 3272 appellaretur.
1578 3200 1731 3265 Quod
1772 3199 1819 3255 si
1875 3201 2021 3254 etin

427 3299 693 3370 principio
734 3306 848 3350 erat
913 3293 1160 3357 Verbum,
1190 3301 1238 3344 et
1276 3290 1497 3345 Verbum
1528 3300 1640 3344 erat
1671 3289 1810 3357 apud
1833 3287 2021 3355 Deum,

426 3402 476 3446 et
512 3390 647 3444 Deus
684 3400 796 3442 erat
838 3381 1095 3449 Verbum,
1126 3394 1184 3437 ut
1212 3383 1546 3451 evangelista
1572 3381 1812 3436 Joannes
1842 3381 1937 3446 ait,
1968 3380 2019 3436 id

426 3495 530 3549 est,
574 3498 787 3550 semper
829 3489 948 3535 erat
987 3495 1107 3533 cum
1146 3477 1328 3542 Patre,
1367 3487 1422 3529 et
1455 3477 1508 3529 in
1541 3474 1723 3542 Patre,
1753 3478 2023 3543 quomodo

426 3580 566 3633 alter
586 3590 707 3630 esse
740 3573 917 3643 potuit
945 3570 1111 3625 frater
1160 3569 1354 3639 ipsius,
1394 3570 1484 3639 qui
1538 3568 1627 3621 illo
1683 3578 1827 3621 esset
1888 3578 2019 3622 natu

427 3666 619 3735 major.
655 3666 742 3734 qui
773 3672 856 3718 est
912 3669 1039 3717 ante
1082 3660 1300 3723 secula,
1331 3669 1386 3715 et
1412 3675 1516 3712 una
1542 3674 1663 3714 cum
1715 3657 1876 3712 Patre
1926 3659 2025 3711 im-

428 3767 599 3832 perat,
637 3766 693 3812 et
719 3757 840 3811 sine
884 3768 995 3825 quo
1043 3766 1318 3821 nunquam
1358 3748 1535 3805 Pater
1586 3749 1728 3804 fuit?
1767 3738 2021 3818 Alioquin

427 3852 548 3906 sine
584 3850 818 3911 ratione,
843 3855 898 3903 et
922 3846 1040 3900 sine
1069 3845 1360 3913 sapientia,
1388 3856 1443 3898 et
1472 3842 1591 3898 sine
1611 3845 1874 3912 potentia,
1902 3856 2024 3912 qua

425 3943 641 4013 quidem
674 3938 855 3993 omnia
885 3945 967 3992 est
995 3946 1185 3993 natura
1230 3934 1400 3989 Filius
1458 3944 1513 3989 et
1576 3933 1808 3989 Verbum
1863 3934 2011 4003 ejus,

425 4032 740 4091 exstitisset.
774 4028 1036 4097 Quoniam
1074 4029 1235 4099 igitur
1278 4025 1550 4092 Satanael,
1579 4034 1640 4080 ut
1682 4025 2024 4081 demonstra-

425 4128 822 4191 vimus,natura
849 4136 953 4178 non
979 4130 1097 4177 erat
1117 4121 1260 4177 lilius
1278 4118 1504 4187 Dei,nec
1528 4121 1756 4175 formam
1774 4118 1889 4188 ejus
1911 4135 2025 4177 om‘

424 4220 554 4275 nino
575 4233 675 4273 nec
691 4215 884 4273 stolam
910 4214 1116 4278 habuit,
1138 4223 1196 4268 ut
1219 4215 1553 4275 omittamus,
1577 4214 1719 4282 quod
1768 4213 1904 4273 stola
1968 4222 2025 4271 et

421 4307 589 4364 vestis
611 4306 931 4374 corporibus
953 4314 1007 4359 et
1025 4305 1186 4359 rebus
1202 4304 1522 4372 compositis
1541 4307 1817 4373 convenit;
1847 4322 1949 4364 nec
1967 4308 2022 4365 in

423 4402 641 4455 dextera
664 4397 803 4451 sedit
817 4395 1324 4464 majestatis,neque
1342 4397 1408 4448 ad
1427 4395 1599 4464 ipsum
1619 4398 2026 4468 pertinetfpara-

2122 1934 2318 2005 χθῆναι
2350 1936 2550 2007 τούτῳ,
2571 1938 2667 1989 καὶ
2697 1937 3143 2005 κοινωνῆσαιτῆς
3178 1936 3476 2003 ἐπιϐουλῆς
3494 1952 3507 1966 ·
3529 1936 3714 1994 αίσθό,

2124 2045 2285 2097 μενον
2341 2016 2400 2081 δέ
2441 2020 2646 2098 ταύτης
2685 2028 2779 2082 τὸν
2836 2027 2971 2080 Θεὸν
3042 2027 3198 2097 ῥίψαι
3239 2028 3460 2090 τούτους
3502 2028 3715 2082 ἄνωθεν

2119 2114 2256 2188 ὁμοῦ
2311 2121 2545 2185 πάντας.
2601 2122 2665 2174 Ὢ
2715 2121 2817 2190 τῆς
2865 2120 3255 2190 άναιδεστάτης
3301 2121 3398 2175 καὶ
3441 2122 3713 2190 προδήλου

2123 2211 2570 2280 μυθοπλαστίαςί
2614 2210 2677 2264 El
2720 2212 2830 2282 γὰρ
2867 2210 3028 2280 φύσει
3075 2208 3211 2264 Θεοῦ
3257 2211 3389 2276 Υίὸς
3422 2208 3492 2282 ἦν
3532 2212 3566 2264 6
3611 2212 3712 2264 Σα-

2119 2302 2347 2373 ταναὴλ,
2377 2298 2447 2373 ἦν
2483 2303 2550 2357 ἂν
2580 2302 2677 2357 καὶ
2705 2303 2870 2372 φύσει
2893 2303 3049 2381 Θεὸς,
3078 2303 3175 2355 καὶ
3216 2301 3502 2363 παντελῶς
3554 2302 3715 2370 ἄτρε-

2120 2393 2255 2455 πτός
2304 2410 2366 2446 τε
2408 2394 2505 2447 καὶ
2554 2391 2938 2455 ἀναλλοίωτος.
2990 2390 3155 2445 Ἵδιον
3228 2391 3340 2461 γὰρ
3393 2392 3497 2459 τῆς
3558 2392 3712 2454 θείας

2121 2477 2339 2546 φύσεως
2390 2482 2424 2551 η
2484 2481 2754 2553 ἀτρεψία,
2815 2482 2911 2559 καὶ
2955 2481 3018 2534 τὸ
3060 2478 3339 2544 ὡσαύτως
3395 2482 3543 2552 ἔχειν
3594 2483 3708 2535 ἀεί.

2132 2570 2286 2626 Ἐπεὶ
2319 2572 2375 2626 δὲ
2411 2575 2623 2645 ἐτράπη
2643 2615 2656 2640 ,
2689 2575 2784 2628 καὶ
2817 2573 3043 2641 ἐξέπεσε
3065 2615 3082 2640 ,
3113 2573 3209 2627 καὶ
3232 2573 3443 2628 ἄνωθεν
3475 2576 3710 2644 κατενή-

2119 2682 2332 2729 νεκται,
2386 2667 2486 2720 οὐκ
2532 2662 2603 2737 ἦν
2630 2668 2794 2737 φύσει
2831 2667 2959 2730 Υἱὸς
2988 2666 3159 2733 Θεοῦ,
3205 2666 3347 2721 ana
3398 2683 3488 2729 τις
3546 2668 3711 2737 ἑτέρα

2121 2759 2278 2828 φύσις
2325 2760 2593 2831 ἀγγελικὴ
2619 2761 2714 2817 καὶ
2751 2760 2978 2830 κτιστὴ,
3025 2759 3123 2812 καὶ
3153 2758 3241 2813 διὰ
3271 2760 3432 2812 τοῦτο
3465 2761 3707 2830 τρεπτή.

2122 2851 2182 2903 El
2213 2850 2270 2903 δέ
2298 2852 2392 2904 καὶ
2418 2853 2724 2922 μονογενής
2751 2852 2904 2904 ἐστιν
2934 2853 2962 2904 ὁ
2992 2848 3090 2903 τοῦ
3130 2850 3347 2921 Πατρὸς
3377 2850 3553 2918 Λόγος
3578 2889 3595 2911 ,
3634 2850 3712 2911 ὡς

2119 2943 2147 2994 ὁ
2211 2941 2609 3013 εὑαγγελιστὴς
2663 2942 2906 3008 ἐδίδαξεν
2962 2942 3242 3014 Ἰωάννης,
3307 2941 3715 3010 Ἐθεασάμεθα

2118 3034 2248 3104 γὰρ.
2272 3035 2427 3103 φησι.
2440 3032 2556 3101 τὴν
2571 3033 2763 3097 δόξαν
2782 3032 2991 3099 αὐτοῦ,
3009 3033 3200 3096 δόξαν
3225 3034 3304 3098 ὡς
3316 3033 3705 3103 Μονογενοῦς

2122 3127 2282 3195 παρὰ
2312 3126 2582 3193 Πατρός,
2625 3128 2719 3180 καὶ
2745 3122 2933 3189 αὖθις,
2985 3126 3050 3178 '0
3097 3125 3441 3195 μονογενὴς
3490 3125 3623 3190 Υἱὸς
3676 3130 3713 3179 δ

2121 3216 2208 3272 ὢν
2253 3220 2340 3284 εις
2386 3220 2494 3273 τὸν
2520 3218 2755 3272 κόλπον
2785 3217 2894 3272 τοῦ
2924 3217 3184 3286 Πατρός,
3214 3217 3455 3283 ἐκεῖνος
3486 3217 3711 3287 ἐξηγή-

2121 3327 2307 3369 σατοο
2356 3310 2608 3380 ληροῦσι,
2632 3311 2725 3364 καὶ
2754 3310 3169 3379 παραπαίουσιν
3201 3311 3251 3362 oi
3269 3310 3519 3379 λέγοντες
3551 3310 3713 3364 asa.

2125 3406 2226 3473 ςεὸν
2253 3403 2422 3458 αὐτοῦ
2450 3405 2541 3457 τὸν
2572 3404 2879 3473 Σαταναηλ.
2907 3402 2970 3457 Εἰ
3004 3404 3114 3472 γὰρ
3146 3400 3292 3472 εἶχεν
3323 3402 3572 3468 ἀδελφὸν,
3605 3405 3710 3457 οὒκ

2122 3496 2189 3551 ἂν
2219 3496 2535 3563 ὠνομάζετο
2562 3496 2861 3568 μονογενὴς
2884 3500 2911 3549 ὁ
2941 3498 3136 3564 Λογος.
3174 3492 3235 3548 Ei
3265 3495 3321 3549 δέ
3350 3494 3445 3547 καὶ
3476 3495 3534 3546 ἐν
3558 3494 3707 3564 ἀρχῇ

2121 3585 2189 3660 ἦν
2232 3590 2261 3642 ὁ
2295 3589 2499 3657 Λόγος,
2553 3591 2646 3642 καὶ
2687 3590 2716 3641 ό
2747 3588 2919 3657 Λόγος
2973 3583 3041 3658 ἦν
3081 3588 3216 3658 πρὸς
3262 3586 3352 3639 τὸν
3402 3584 3561 3650 Θεὸν,
3613 3587 3713 3638 καὶ

2123 3679 2255 3744 Θεὸς
2294 3675 2363 3750 ἦν
2387 3681 2415 3732 ὁ
2437 3678 2610 3749 Λόγος
2633 3719 2647 3743 ,
2678 3677 2817 3732 κατὰ
2848 3680 2940 3732 τὸν
2982 3677 3379 3748 εὐαγγελιστὴν
3421 3676 3710 3747 Ἰωάννην,

2123 3772 2407 3824 τουτέστιν
2444 3771 2531 3823 ἀεὶ
2572 3765 2639 3838 ἦν
2676 3770 2817 3840 μετὰ
2862 3769 2957 3822 τοῦ
2987 3769 3224 3837 Πατρὸς,
3264 3770 3359 3820 καὶ
3395 3766 3456 3819 ἐν
3481 3766 3562 3834 τῷ
3587 3766 3708 3820 Ila.-

2122 3864 2253 3934 τρὶ,
2296 3863 2413 3923 πῶς
2468 3862 2533 3916 ἂν
2581 3858 2650 3934 ἦν
2696 3861 2883 3931 ἕτερος
2932 3860 3164 3929 ἀδελφὸς
3222 3859 3328 3931 πρὸ
3385 3854 3556 3910 αὐτοῦ
3607 3856 3706 3909 τοῦ

2124 3963 2452 4026 προαιωνιου
2521 3956 2617 4008 καὶ
2668 3956 3008 4023 συνανάρχου
3081 3951 3160 4022 τῷ
3210 3949 3419 4020 “arpi,
3486 3950 3589 4002 καὶ
3643 3946 3702 3999 οὔ

2124 4049 2293 4116 χωρὶς
2326 4046 2582 4100 οὐδέποτε
2628 4041 2696 4118 ἦν
2745 4046 2773 4098 ὁ
2827 4044 3041 4115 Πατὴρ,
3085 4044 3172 4096 ἵνα
3211 4043 3287 4112 μὴ
3326 4042 3562 4109 ἄλογος,
3609 4040 3705 4092 καὶ

2123 4141 2346 4209 άσοφος,
2379 4142 2474 4194 καὶ
2503 4139 2764 4203 ἀδύνατος
2791 4137 3076 4211 εὑρεθείης
3110 4136 3299 4191 Ταῦτα
3339 4135 3451 4205 γάρ
3490 4140 3639 4187 ἐστιν
3673 4134 3702 4184 ὀ

2126 4233 2285 4303 φύσει
2338 4233 2465 4297 Υἱὸς
2502 4232 2596 4287 καὶ
2648 4233 2820 4301 Λόγος
2873 4230 3063 4286 αὑτοῦ.
3122 4230 3277 4282 Ἐπεὶ
3315 4228 3371 4281 δέ
3428 4228 3531 4280 οὐκ
3559 4221 3632 4297 ἦν
3674 4228 3704 4279 ὁ

2125 4324 2409 4395 Σαταναὴλ
2454 4325 2613 4393 φύσει
2666 4324 2777 4387 υίὸς
2830 4322 2966 4377 Θεοῦ
2992 4363 3007 4390 ,
3057 4321 3236 4384 καθὼς
3282 4319 3698 4389 ἀπεδείξαμεν,

2127 4417 2343 4480 πάντως
2386 4418 2506 4471 οὐδὲ
2544 4417 2646 4489 τὴν
2688 4416 2783 4470 τοῦ
2827 4415 2965 4469 Θεοῦ
3006 4414 3318 4485 περιέκειτο
3348 4411 3569 4483 μορφὴν
3603 4412 3698 4465 καὶ

424 4487 543 4544 bola
566 4487 633 4542 de
652 4484 832 4541 villico
848 4485 1171 4554 iniquitatis,
1194 4498 1315 4555 qua:
1336 4494 1418 4538 est
1438 4485 1493 4538 in
1521 4485 1816 4557 Evangelio
1834 4488 2013 4549 Lucae.

2122 4508 2344 4579 στολὴν,
2380 4509 2470 4562 ῐνα
2516 4484 2967 4581 παραδράμωμεν
3008 4484 3214 4572 εἰπεῖν,
3249 4506 3333 4558 ὅτι
3362 4505 3475 4557 τῶν
3513 4504 3702 4571 σωμά-

424 4618 534 4655 των
566 4600 664 4654 καὶ
701 4598 813 4652 τῶν
856 4596 1131 4651 συνθέτων
1157 4597 1307 4650 ἐστὶν
1345 4597 1379 4665 ὴ
1409 4595 1568 4666 στολὴ
1598 4598 1693 4650 καὶ
1718 4598 1981 4672 περιϐολή
2008 4618 2024 4635 ο
2063 4597 2185 4654 οὐδὲ
2243 4602 2300 4653 ἐν
2330 4600 2481 4672 δεξιᾷ
2506 4599 2603 4653 τοῦ
2631 4599 2824 4670 θρόνου
2856 4597 2958 4667 τῆς
3010 4596 3402 4669 μεγαλωσύνης
3433 4596 3696 4673 ἐκάθητο⁹

424 4688 548 4747 οὑδέ
574 4692 709 4764 περὶ
738 4691 935 4745 τούτου
971 4691 1004 4759 ἡ
1037 4689 1097 4743 ἐν
1140 4687 1219 4760 τῷ
1256 4688 1403 4743 κατὰ
1434 4689 1652 4743 Λουκᾶν
1716 4690 2037 4767 Εὐαγγελίῳ
2078 4693 2332 4765 περὶτοῦ
2396 4693 2689 4762 οἰκονόμου
2728 4692 2831 4759 τῆς
2872 4690 3087 4753 ἀδικίας
3128 4688 3348 4758 ἐξετέθη
3379 4688 3694 4758 παραϐολή⁶

497 4790 549 4842 7.
575 4787 737 4839 Aiunt
755 4782 1008 4840 Satanael
1028 4798 1059 4838 e
1073 4783 1399 4838 sublimibus
1414 4782 1705 4853 deiectum,
1726 4802 1845 4841 cum
1860 4791 2016 4857 aquis

2188 4789 2256 4852 ζ’.
2290 4788 2526 4855 Λέγουσι
2550 4787 2641 4840 τὸν
2669 4786 2954 4857 Σαταναὴλ
2971 4784 3177 4841 ἀνωθεν
3205 4783 3453 4853 ῥιφέντα,
3482 4784 3577 4835 καὶ
3624 4782 3696 4851 μὴ

429 4894 531 4932 non
570 4886 754 4948 posset
777 4876 1037 4941 insidere,
1064 4877 1209 4942 quod
1240 4884 1388 4929 terra
1434 4884 1579 4930 esset
1618 4876 1904 4933 invisibilis
1954 4889 2010 4935 et

2122 4877 2411 4947 δυνάμενον
2433 4881 2543 4935 τοῖς
2574 4876 2762 4929 ὕδασιν
2794 4876 3072 4947 ἐφιζάνειν
3100 4891 3113 4903 ’
3152 4874 3213 4928 Ἡ
3234 4871 3310 4941 τῆ
3340 4874 3473 4942 γάρ,
3502 4876 3695 4943 φησιν,

424 4969 802 5038 incomposita,
831 4969 1069 5021 divinam
1098 4973 1278 5019 autem
1334 4965 1512 5021 adhuc
1566 4965 1796 5022 iormam
1848 4978 2012 5040 atque

2122 4965 2188 5040 ἦν
2210 4970 2466 5039 ἀόρατος
2496 4970 2595 5023 καὶ
2622 4969 3191 5033 ἀκατασκεύαστος·
3221 4966 3459 5036 ἐπείπερ
3494 4964 3581 5016 ἔτι
3605 4964 3701 5017 καὶ

426 5063 669 5119 habitum
711 5059 938 5114 haberet
987 5066 1042 5112 et
1097 5058 1311 5112 creandi
1375 5068 1722 5127 potestatem,
1763 5062 2011 5132 angelos,

2122 5062 2208 5133 τὴν
2256 5062 2409 5115 θείαν
2444 5060 2760 5131 περιέκειτο
2811 5060 3028 5132 μορφὴν
3073 5058 3167 5112 καὶ
3199 5057 3417 5128 στολὴν,
3464 5058 3568 5109 καὶ
3597 5056 3699 5124 τὴν

426 5154 521 5225 qni
574 5168 756 5208 secum
821 5150 1154 5212 ceciderant,
1212 5163 1567 5213 convocasse,
1619 5163 1673 5207 et
1716 5155 2009 5223 audaciam

2122 5155 2521 5225 δημιουργικὴν
2575 5155 2848 5226 ἐκέκτητο
2896 5153 3149 5224 δύναμιν,
3203 5150 3547 5220 συγκαλέσαι
3598 5149 3695 5210 τὰς

429 5247 535 5304 illis
566 5245 818 5315 iniecisse
854 5241 1167 5308 dixisseqne
1204 5243 1506 5308 :Quoniam
1552 5244 1690 5299 Deus
1730 5244 1857 5299 fecit
1905 5260 2016 5299 cm-

2122 5248 2646 5315 συγκαταπεσούσας
2675 5248 2825 5320 αύτῷ
2848 5248 3129 5316 δυνάμεις,
3156 5246 3251 5299 καὶ
3273 5245 3476 5313 θάρσος
3500 5242 3693 5302 αὑταῖς

428 5339 533 5391 ium
562 5347 619 5393 et
650 5350 874 5401 terram,
909 5333 1245 5405 Inpriucipio
1272 5338 1440 5401 enim,
1469 5337 1665 5405 inquit,
1726 5336 1862 5391 Deus
1887 5338 2015 5407 fecit

2122 5336 2394 5408 ἐμϐαλεῖν,
2432 5340 2527 5392 καὶ
2558 5341 2757 5405 εἰπεῖν,
2779 5341 2853 5404 ὡς
2895 5339 3049 5393 Ἐπεὶ
3080 5339 3169 5391 τὸν
3196 5336 3427 5407 οὐρανὸν
3466 5334 3565 5389 καὶ
3594 5334 3692 5402 τὴν

428 5431 613 5483 salum
671 5439 717 5482 et
774 5436 967 5480 terram
998 5464 1012 5489 ,
1069 5426 1261 5479 faciam
1320 5434 1375 5479 et
1418 5440 1519 5494 ego
1570 5435 1826 5496 tanquam
1877 5430 2013 5483 alter

2122 5429 2215 5497 Υῆν
2237 5432 2262 5481 ὁ
2285 5428 2418 5493 Θεὸς
2436 5430 2715 5499 ἐποίησεν·
2738 5431 2841 5485 Ἐν
2856 5429 3016 5501 ἀρχῇ
3035 5431 3165 5501 γὰρ,
3186 5429 3374 5501 φησὶν,
3400 5426 3692 5492 ἐποίησεν

430 5519 570 5575 Deus
593 5519 887 5574 secundum
927 5514 1151 5580 cmlum,
1199 5523 1256 5568 et
1291 5514 1494 5582 reliqua
1533 5517 1790 5586 deinceps
1813 5523 2003 5574 eodem

2122 5525 2143 5575 ὁ
2185 5522 2330 5586 Θεὸς
2372 5523 2479 5575 τὸν
2512 5523 2775 5593 οὐρανὸν
2803 5524 2901 5578 καὶ
2942 5523 3057 5593 τὴν
3080 5521 3197 5593 γῆν
3224 5536 3239 5551 ⁸
3272 5520 3491 5590 ποιήσω
3534 5515 3689 5581 κάτώ

430 5614 635 5666 ordine.
672 5609 815 5662 Dixit
848 5609 1029 5679 igitur,
1067 5605 1358 5676 inquiunt:
1394 5604 1516 5661 Fiat
1574 5609 2001 5678 firmamentum,

2122 5614 2372 5685 δεύτερον
2405 5616 2669 5687 οὐρανὸν,
2703 5615 2779 5681 ὡς
2818 5615 3075 5686 δεύτερος
3112 5612 3245 5676 Θεὸς
3272 5654 3286 5677 ,
3326 5612 3422 5665 καὶ
3458 5610 3526 5664 τά
3563 5607 3684 5674 ἑξῆς

503 5790 516 5817 ¹
553 5788 658 5841 lea.
693 5784 909 5852 xnv,H.
988 5786 1008 5815 ⁸
1037 5781 1193 5838 Joan.
1226 5800 1263 5851 t,
1305 5784 1391 5852 Η,
1432 5787 1518 5839 18.
