4020 6284
351 384 371 446 i
382 384 485 445 297

1258 377 1630 440 PANOPLIA
1672 376 2135 439 DOGMATICA.
2176 405 2244 415 -
2281 379 2428 439 ΤΙΤ.
2474 379 2722 439 XXVII.

3466 375 3607 442 1298

342 499 675 565 ἀκολούθως,
713 496 808 552 καὶ
837 492 986 563 εἷπε,
1024 495 1319 566 Γενηθήτω
1351 495 1776 565 στερέωμα,ἶκαὶ
1807 493 1916 563 ὲγέ·

2026 504 2079 548 ει
2110 492 2317 550 factum
2355 503 2459 550 est.
2483 492 2648 550 Fiant
2672 496 2809 560 haec,
2840 504 2891 549 et
2938 497 3071 557 haec.
3108 504 3162 551 et
3182 495 3318 551 facta
3365 509 3513 554 sunt.
3541 500 3604 552 Et

343 608 485 645 νετο.
507 591 797 659 Γενηθήτω
818 590 948 643 τάδε
971 589 1067 643 καὶ
1086 587 1238 652 τάδε,
1256 582 1353 641 καὶ
1372 586 1664 655 γεγόνασιν
1682 585 1921 641 ἅπαντα.

342 684 455 737 Καὶ
484 681 918 751 κατακοσμήσας
949 680 1049 750 μὲν
1067 678 1159 732 τὸν
1189 678 1445 748 δεύτερον
1471 678 1705 747 οὐρανὸν
1735 694 1926 747 περιε-

342 776 451 829 λὼν
479 774 535 828 δὲ
566 776 627 829 τὸ
666 773 812 843 ὕδωρ
842 774 953 827 ἀπὸ
981 774 1280 844 προσώπου
1321 776 1421 842 τῆς
1459 775 1562 842 γῆς
1584 812 1599 839 ,
1633 774 1726 826 καὶ
1753 772 1924 838 τάξας

340 870 398 920 ἐν
431 862 512 930 οἷς
545 867 834 937 ἐδοκίμασε
866 865 1075 929 τόποις,
1114 863 1189 929 ὡς
1222 866 1253 936 ἠ
1281 865 1378 935 τῆς
1404 864 1798 934 κοσμογενείας
1827 863 1923 933 βι-

343 959 466 1023 6λος
491 960 737 1025 διέξεισι,
778 958 874 1012 xui.
906 956 1260 1021 καλλωπίσας
1293 959 1483 1029 αὐτὴν,
1516 959 1611 1011 καὶ
1645 957 1924 1027 καθωραΐ-

342 1066 480 1114 σας,
514 1050 608 1101 καὶ
635 1047 706 1101 τὰ
739 1050 804 1102 ἐκ
837 1048 939 1119 γῆς
971 1048 1154 1101 πάντα
1186 1048 1434 1119 φυόμενα
1464 1048 1919 1120 δημιουργήσας,

340 1143 434 1195 καὶ
474 1140 542 1193 τά
573 1140 689 1204 ζῶα
709 1179 725 1205 ,
761 1140 858 1195 καὶ
892 1140 947 1192 εί
976 1154 1032 1193 τι
1064 1140 1277 1212 ἕτερον,
1316 1140 1687 1210 ἀπεκλήρωσε
1718 1140 1921 1210 ταύτην

339 1229 519 1299 ἑαυτῷ
570 1245 630 1282 τε
680 1231 776 1284 καὶ⁸
814 1233 939 1294 ταῖς
981 1232 1380 1293 ἀποστατικαίς
1421 1232 1719 1301 δυνάμεσιν
1770 1233 1923 1302 οίκη-

337 1320 550 1389 τήριον.
587 1322 819 1375 Ἔπειτα
845 1322 1059 1387 πλάσας
1081 1322 1143 1376 τὸ
1172 1323 1332 1393 σῶμα
1344 1322 1440 1377 τοῦ
1468 1324 1645 1394 Ἀδὰμ
1675 1324 1784 1377 ἀπὸ
1818 1325 1919 1393 γῆς

339 1408 497 1464 ὕδατι
528 1414 891 1484 φυραθείσης,
928 1414 1161 1484 ἔστησεν
1189 1414 1374 1485 ὀρθὸν,
1400 1418 1495 1486 ἀφ’
1520 1410 1582 1471 οὗ
1612 1415 1920 1489 καταρῤεύ-

338 1505 484 1559 σασά
512 1523 597 1569 τις
627 1507 772 1572 νοτὶς
802 1509 895 1562 ἐπὶ
924 1508 1018 1561 τὸν
1046 1508 1223 1575 δεξιὸν
1253 1508 1415 1575 πόδα,
1447 1509 1543 1563 καὶ
1576 1509 1665 1563 διὰ
1698 1508 1794 1562 τοῦ
1828 1526 1925 1577 με·

336 1596 507 1665 γάλου
533 1598 801 1653 δακτύλου
825 1602 1051 1672 χυθείσα
1072 1601 1213 1657 κατά
1240 1599 1335 1655 τοῦ
1360 1602 1588 1670 ἐδάφους
1610 1601 1921 1665 ἑλικοειδῶς

334 1689 511 1761 ὲρῤύη
532 1731 547 1753 ,
584 1692 680 1745 καὶ
714 1694 902 1763 σχῆμα
930 1693 1110 1764 ὄψεως
1141 1693 1495 1749 ἀπετέλεσεν.
1539 1694 1826 1764 Ἀθροίσας
1859 1695 1917 1749 δὲ

330 1783 397 1834 τὸ
448 1784 508 1836 ὲν
559 1785 740 1855 ἑαυτῷ
796 1786 1016 1854 πνεῦμα
1068 1788 1096 1840 ὁ
1146 1786 1437 1855 Σαταναὴλ
1493 1786 1788 1840 ἐνέπνευσε
1837 1787 1917 1859 τῷ
1946 1838 1991 1898 Β

331 1874 637 1929 πλασθέντι
666 1876 877 1945 σώματι
908 1876 1078 1945 ζωὴν,
1113 1876 1177 1930 τὸ
1207 1876 1265 1931 δὲ
1299 1877 1357 1943 ἐξ
1386 1877 1547 1930 αὑτοῦ
1582 1877 1802 1947 πνεῦμα
1827 1876 1916 1933 διά

328 1965 643 2034 χαυνότητα
685 1969 1000 2038 καταρῤυὲν
1032 1971 1123 2021 ἐπὶ
1164 1969 1256 2021 τὸν
1287 1969 1462 2036 δεξιὸν
1501 1969 1702 2038 ὁμοίως
1738 1969 1873 2022 πόδα
1897 2008 1912 2031 ,

326 2055 430 2105 καὶ
455 2054 543 2108 διὸ.
574 2056 667 2109 τοῦ
689 2057 927 2127 μεγάλου
951 2058 1221 2111 δακτύλου
1242 2059 1404 2131 χυθὲν
1428 2060 1508 2122 είς
1526 2059 1626 2130 τὴν
1649 2058 1914 2129 ἑλικοειδῆ

330 2147 526 2217 ρανίδα
561 2149 926 2221 κατέσκηψεν.
962 2150 1031 2204 Ἠ
1060 2151 1116 2205 δὲ
1141 2153 1460 2222 παραυτίκα
1490 2152 1912 2222 ξωοποιηθεῖσα,

323 2236 429 2290 καὶ
474 2238 860 2307 ἀποτμηθεῖσα
905 2242 999 2294 τοῦ
1042 2242 1309 2311 δακτύλου
1346 2245 1575 2312 γέγονεν
1620 2245 1770 2312 ὄφις,
1822 2246 1915 2297 καὶ

324 2329 583 2399 εἷρπυσε.
605 2333 707 2386 Διά
733 2319 894 2386 τοῦτο
910 2334 1019 2404 γὰρ
1043 2333 1135 2387 καὶ
1152 2335 1419 2405 φρόνιμον
1442 2335 1608 2387 αὐτὸν
1631 2335 1913 2404 γενέσθαι,

325 2422 429 2476 καὶ
460 2408 709 2495 νουνεχῆ,
740 2425 817 2488 ὡς
844 2426 937 2493 τοῦ
969 2427 1190 2498 ὲμφυσή
1201 2446 1372 2498 ματος
1398 2428 1492 2481 τοῦ
1521 2428 1805 2494 Σαταναὴλ
1835 2430 1914 2491 είς

326 2517 509 2588 ψυχὴν
538 2520 689 2589 αὐτῷ
720 2521 1117 2585 καταστάντος,
1154 2523 1293 2593 ὅπερ
1330 2521 1454 2574 ἰδὼν
1481 2523 1509 2575 ὁ
1539 2520 1727 2586 καινὸς
1756 2516 1912 2587 οὗτος

322 2611 682 2681 δημιουργὸς,
701 2614 794 2665 καὶ
826 2615 1010 2683 γνοὺς,
1035 2616 1118 2670 ὅτι
1151 2616 1331 2685 μάτην
1354 2616 1528 2679 πονεῖ,
1559 2614 1914 2685 διεπρεσϐεύ-

326 2716 467 2755 σατο
520 2702 659 2775 πρὸς
709 2705 803 2759 τὸν
855 2708 1060 2775 ἀγαθὸν
1114 2711 1358 2780 Πατέρα,
1408 2708 1503 2761 καὶ
1562 2708 1909 2777 παρεκάλεσε

328 2794 651 2866 πεμφθῆναι
678 2797 989 2868 παράὑτοῦ
1018 2800 1208 2871 πνοὴν,
1234 2799 1710 2869 ιπαγγειλάμενος
1730 2805 1910 2857 κοινὸν

325 2878 474 2938 εἶναι
505 2884 597 2938 τὸν
625 2887 931 2959 ἄνθρωπον,
971 2892 1017 2942 εί
1049 2890 1361 2960 ζωοποιηθῇ
1380 2926 1400 2952 ,
1432 2893 1528 2945 xui
1556 2892 1663 2945 ἀπὸ
1694 2894 1789 2946 τοῦ
1822 2893 1913 2963 γέ-

324 2987 456 3033 νους
490 2972 656 3027 αὐτοῦ
690 2976 1031 3047 πληροῦσθαι
1062 2979 1188 3041 τοὺς
1223 2981 1282 3031 ὲν
1315 2978 1535 3048 οὐρανῷ
1566 2980 1770 3045 τόπους
1798 2982 1910 3037 τῶν

322 3064 749 3134 ἀπορριφέντων
776 3069 1043 3137 ἀγγέλων.
1077 3071 1182 3123 Τὸν
1216 3070 1272 3125 δὲ
1301 3072 1435 3126 Θεὸν
1458 3072 1533 3136 ὡς
1558 3074 1764 3143 ἀγαθὸν
1789 3078 1910 3130 ἔπι-

2030 600 2151 640 cum
2178 585 2379 641 cmlum
2397 586 2693 642 secundum
2738 595 3007 650 ornasset,
3051 595 3108 643 ct
3156 602 3328 656 aquas
3383 603 3412 643 a
3469 591 3606 647 facie

2028 683 2187 730 terra:
2215 678 2599 742 contraxisset,
2624 692 2827 748 easque
2872 679 2984 732 suis
3039 678 3090 733 in
3133 678 3289 741 locis,
3326 690 3383 732 ut
3437 683 3487 736 ei
3527 685 3604 735 ri-

2024 782 2147 823 sum
2174 777 2277 831 est.
2309 769 2648 835 collocasset,
2702 770 3157 840 quemadmodum
3208 772 3258 824 iu
3294 773 3449 835 libro,
3512 777 3602 842 qui

2026 863 2209 917 mundi
2252 862 2495 917 continet
2516 864 2974 933 procreationem,
2998 863 3331 930 descriptum
3358 874 3459 923 est.
3499 878 3604 917 Mr-

2024 968 2139 1009 ram
2178 954 2394 1009 ornavit
2421 964 2475 1010 et
2507 954 2811 1019 decoravit,
2844 964 2900 1009 et
2927 957 3109 1010 omnia
3140 956 3266 1010 fecit
3333 972 3452 1025 quae
3508 974 3603 1008 na»

2022 1055 2250 1101 scuntur
2275 1060 2306 1099 e
2356 1058 2523 1112 terra,
2582 1056 2637 1102 et
2663 1048 2915 1102 animalia
2964 1058 3018 1103 et
3047 1049 3091 1103 si
3126 1049 3253 1118 quid
3319 1049 3462 1103 aliud
3497 1060 3603 1107 eu.

2022 1151 2251 1208 eamque
2279 1139 2383 1194 sibi
2417 1149 2475 1194 ut
2502 1139 2624 1193 aliis
2669 1140 3047 1207 potestatibus,
3100 1156 3219 1211 quae
3269 1141 3596 1199 defecerant.

2021 1230 2308 1285 constituit
2337 1231 2691 1286 domicilium.
2738 1231 2942 1287 Deinde
2994 1249 3120 1290 cum
3171 1234 3341 1289 Adam
3399 1246 3597 1289 eterra

2023 1336 2162 1391 aqua
2187 1323 2469 1376 commista
2500 1322 2806 1388 (armasset,
2858 1339 2981 1379 eum
3042 1335 3250 1379 rectum
3287 1324 3592 1387 collocavit.

2022 1426 2087 1467 ex
2123 1427 2229 1479 quo
2260 1412 2456 1467 humor
2478 1414 2696 1482 quidam
2727 1416 2781 1468 in
2810 1417 3056 1469 dextrum
3104 1417 3293 1485 pedem
3347 1415 3595 1478 deﬂuxit,

2020 1513 2075 1558 et
2101 1518 2195 1571 per
2224 1519 2476 1573 magnum
2501 1505 2724 1571 digitum
2753 1505 2957 1561 ell’usus
2981 1508 3032 1560 in
3059 1515 3258 1560 terram
3283 1517 3342 1561 se
3364 1506 3600 1562 circum.

2021 1594 2211 1661 volvit,
2238 1603 2293 1649 et
2324 1596 2596 1665 serpentis
2626 1594 2847 1665 ﬁguram
2882 1596 3132 1651 reddidit.
3172 1595 3424 1651 Sataasel
3455 1610 3585 1650 vero

2021 1686 2274 1756 spiritum
2303 1702 2459 1743 suum
2486 1688 2747 1758 colligens
2777 1689 2829 1743 in
2878 1702 3073 1757 corpus
3105 1703 3135 1743 a
3193 1704 3252 1744 se
3297 1680 3594 1743 conﬂatum

2022 1778 2185 1834 vitam
2208 1780 2519 1836 insulilavit.
2551 1778 2657 1834 Sed
2689 1782 2916 1851 spiritus
2944 1782 3068 1849 ejus
3118 1797 3214 1851 per
3262 1797 3485 1836 vacuum
3524 1781 3594 1833 si-

2020 1870 2219 1924 militer
2239 1869 2406 1925 ﬂuens
2434 1872 2487 1926 in
2506 1873 2786 1926 dexterum
2806 1873 2992 1945 pedem
3027 1882 3080 1927 et
3093 1887 3186 1939 per
3200 1888 3449 1941 ntaguum
3466 1872 3597 1937 digia

2019 1969 2159 2020 tum.
2187 1960 2241 2013 in
2277 1969 2568 2016 tortuosum
2593 1961 2787 2016 stillam
2817 1964 3036 2027 coaluit,
3069 1977 3189 2032 qua:
3214 1964 3395 2019 statim
3428 1963 3592 2017 vitam

2016 2050 2289 2120 accipiens
2337 2060 2393 2106 et
2418 2066 2445 2106 a
2473 2052 2639 2122 digito
2668 2053 2966 2108 abscedens
2996 2068 3223 2123 serpens
3267 2052 3455 2108 effecta
3485 2061 3591 2114 est,

2014 2152 2069 2198 et
2097 2144 2366 2212 serpebat.
2398 2143 2602 2199 Idcirco
2627 2144 2795 2208 enim,
2828 2144 3097 2214 inquiunt,
3124 2155 3205 2200 est
3240 2147 3474 2214 prudens
3528 2161 3592 2199 ac

2017 2242 2199 2287 mente
2231 2234 2490 2302 praeditus
2522 2249 2765 2303 serpens,
2796 2237 3053 2305 quoniam
3087 2236 3387 2292 Satanaelis
3416 2236 3592 2291 insuf-

2014 2322 2165 2377 ﬂatio
2223 2324 2295 2377 illi
2323 2324 2425 2379 fuit
2452 2325 2645 2379 animae
2679 2324 2817 2380 loco.
2849 2326 3002 2392 Quod
3054 2342 3221 2382 novus
3279 2328 3384 2382 iste
3416 2326 3596 2398 epifex

2014 2416 2378 2483 conspicatus,
2411 2430 2530 2471 cum
2559 2417 3014 2474 animadverteret
3071 2432 3130 2475 se
3158 2420 3358 2475 frustra
3382 2421 3596 2474 labora-

2012 2522 2095 2572 re,
2134 2506 2333 2575 legatos
2358 2508 2504 2563 misit
2530 2508 2595 2561 ad
2630 2511 2831 2564 bonum
2869 2519 3100 2580 patrem,
3134 2512 3227 2580 qui
3260 2519 3506 2581 peterent
3540 2522 3598 2566 ut

2011 2600 2251 2655 mitteret
2275 2600 2522 2668 spiritqu
2547 2616 2726 2665 suum,
2759 2602 3115 2672 promisitque
3157 2602 3431 2659 hominem
3477 2605 3593 2658 fore

2008 2706 2374 2755 communem.
2408 2692 2452 2745 si
2479 2691 2643 2746 vitam
2674 2696 2962 2762 acciperet,
3004 2702 3059 2749 et
3089 2709 3155 2749 ex
3191 2710 3389 2765 genere
3422 2696 3594 2765 ipsius

2010 2781 2246 2852 repletas
2282 2782 2345 2836 iri
2378 2784 2556 2848 sedes,
2585 2800 2615 2837 ο
2666 2786 2861 2853 quibus
2905 2786 3082 2856 angeli
3118 2786 3312 2855 dejecti
3357 2787 3596 2842 fuerant-

2008 2868 2179 2925 Deum
2212 2881 2392 2925 autem
2429 2882 2614 2942 utpote
2642 2873 2837 2928 bonum
2866 2877 3142 2943 annuisse,
3192 2876 3597 2948 insudlasseque

2013 2959 2320 3017 Satanaelis
2358 2964 2611 3031 ﬁgmento
2642 2966 2888 3035 spiritum
2926 2966 3071 3033 vitae,
3107 2978 3161 3023 et
3197 2970 3457 3025 continuo
3511 2970 3595 3023 fa-

2010 3058 2155 3104 ctum
2179 3066 2308 3107 esse
2327 3053 2599 3108 hominem
2633 3056 2685 3108 in
2717 3057 2948 3109 animam
2979 3059 3271 3126 viventem,
3320 3076 3441 3130 quae
3475 3076 3598 3116 cor-

325 3152 543 3222 νεῦσαι,
600 3159 696 3212 καὶ
753 3160 1072 3229 ἐμφυσῆσαι
1129 3161 1209 3232 τῷ
1262 3165 1416 3235 παρὰ
1474 3165 1571 3217 τοῦ
1625 3167 1914 3238 Σαταναὴλ

2022 3156 2120 3211 pus
2147 3142 2462 3208 illustraret,
2501 3156 2556 3199 et
2589 3146 2870 3217 multiplici
2898 3151 3071 3216 gratia
3117 3153 3422 3207 decoraret.
3465 3152 3598 3210 PoSt

326 3247 626 3303 πλασθέντι
651 3252 871 3323 πνεῦμα
892 3251 1061 3323 ζωῆς,
1086 3257 1183 3310 καὶ
1205 3255 1462 3324 γενέσθαι
1486 3259 1801 3328 παραυτίκα
1825 3262 1916 3316 τὸν

326 3339 624 3411 ἄνθρωπον
654 3343 733 3407 είς
772 3344 952 3417 ψυχὴν
983 3347 1167 3412 ζῶσαν
1196 3347 1604 3418 λαμπρύνασαν
1630 3351 1687 3405 τὸ
1718 3352 1911 3422 σῶμα,

328 3432 428 3483 καὶ
476 3432 701 3496 πολλαῖς
748 3436 883 3489 αὐτὸ
924 3440 1445 3509 καταφαιδρύνασαν
1479 3442 1723 3511 χάρισιν.
1779 3441 1915 3497 Εἶτα

327 3522 433 3591 τῆς
468 3522 612 3588 Elia;
637 3525 842 3596 ὁμοίως
868 3527 1084 3585 ἐκεῖθεν
1116 3533 1462 3604 ποιηθείσης,
1498 3536 1590 3588 καὶ
1618 3537 1739 3598 ταῖς
1770 3536 1914 3600 ῐσαις

327 3614 777 3686 ἀπαστραψάσης
799 3618 1173 3690 λαμπρότητι,
1203 3624 1471 3693 φθονῆσαι
1488 3626 1580 3679 τὸν
1606 3626 1913 3696 Σαταναὴλ,

330 3703 429 3755 καὶ
470 3706 961 3778 μεταμεληθῆναι,
997 3711 1092 3764 καὶ
1125 3713 1416 3783 κινηθῆναι
1452 3717 1589 3784 πρὸς
1624 3718 1916 3787 ὲπιῦουλὴν

328 3792 427 3847 τοῦ
467 3795 787 3865 πλάσματος
828 3800 922 3852 τοῦ
957 3799 1087 3854 ίδίου
1107 3839 1122 3864 ,
1157 3805 1252 3854 καὶ
1284 3805 1576 3874 εἰσρυῆναι
1605 3810 1720 3869 τοῖς
1745 3809 1914 3876 ἐγκά-

326 3902 445 3948 τοις
475 3886 570 3939 τοῦ
598 3887 800 3957 ὄφεως,
833 3891 927 3943 καὶ
958 3892 1303 3964 ἐξαπατῆσαι
1329 3896 1427 3968 τήν
1460 3898 1625 3963 Εὔαν,
1660 3903 1752 3953 καὶ
1787 3918 1919 3971 συγ-

328 3974 591 4038 γενέσθαι
618 3980 782 4050 αύτῇ,
818 3981 919 4035 καὶ
952 3984 1179 4054 ποιῆσαι
1217 3985 1437 4054 ἔγκυον,
1477 3989 1565 4041 ἴνα
1597 3990 1659 4042 τὸ
1693 3990 1917 4061 σπέρμα

230 4090 245 4101 ο
329 4064 526 4120 τούτου
560 4069 832 4138 προλαδόν
866 4075 1249 4148 κατακυριεύῃ
1287 4076 1381 4131 τοῦ
1414 4079 1706 4148 ἀδαμιαίου
1744 4083 1913 4153 σπέρ-

334 4172 536 4225 ματος,
572 4159 669 4217 καὶ
700 4159 777 4223 ὠς
809 4158 918 4215 οἷόν
954 4180 1014 4215 τε
1047 4164 1341 4239 διαφθείρῃ
1362 4208 1377 4233 ,
1413 4170 1507 4222 καὶ
1546 4170 1622 4240 μὴ
1654 4176 1912 4243 συγχωρῇ

328 4247 664 4313 αὐξάνεσθαι
714 4253 809 4307 καὶ
839 4254 1236 4324 πληθύνεσθαι.
1268 4257 1381 4329 Τὴν
1405 4260 1461 4313 δὲ
1484 4264 1696 4332 ταχέως
1723 4264 1917 4335 ὠδινή-

333 4356 509 4395 σασαν
541 4342 918 4414 ἀπογεννῆσαι
957 4347 1048 4400 τὸν
1087 4348 1229 4403 mw
1264 4352 1329 4403 ἐκ
1359 4348 1458 4421 τῆς
1495 4355 1786 4419 συνουσίας
1816 4358 1912 4410 τοῦ

328 4433 643 4507 Σαταναὴλ,
674 4437 771 4490 καὶ
796 4437 1036 4510 ἀδελφὴν
1066 4439 1289 4511 δίδυμον
1320 4444 1679 4515 ὁμοιότροπον
1699 4487 1713 4511 ,
1741 4447 1913 4519 ὄνομα

2019 3243 2199 3288 autem
2229 3250 2350 3289 cum
2383 3236 2492 3291 Eva
2524 3238 2652 3293 item
2683 3255 2746 3294 ex
2779 3254 2843 3294 eo
2870 3242 3064 3298 fuisset
3094 3243 3347 3311 formata,
3377 3247 3593 3302 eodem-

2014 3340 2119 3396 que
2145 3337 2291 3383 esset
2323 3326 2511 3385 all‘ecta
2540 3330 2849 3400 splendore,
2878 3332 3130 3389 Satanael
3186 3335 3389 3391 invidia
3443 3353 3596 3392 com-

2016 3430 2220 3475 motum
2247 3423 2572 3478 sententiam
2605 3434 2842 3481 mutasse
2907 3428 3052 3482 et'ad
3102 3427 3327 3485 insidias
3378 3432 3597 3500 proprio

2015 3511 2274 3582 ﬁgmento
2336 3518 2620 3571 struendas
2681 3533 2740 3573 se
2793 3521 3151 3587 convertisse,
3218 3530 3273 3577 et
3327 3524 3597 3591 serpentis

2016 3604 2649 3662 visceribusiunuentem
2680 3610 2959 3680 decepisse
3020 3611 3210 3679 Evam,
3248 3621 3303 3668 et
3336 3628 3457 3667 cum
3503 3615 3593 3669 illa

2014 3699 2463 3754 consuetudinem
2488 3701 2764 3767 habuisse,
2795 3712 2941 3758 utea
2980 3711 3190 3759 uterum
3233 3716 3475 3775 gerente.
3508 3723 3597 3765 se-

2017 3804 2138 3843 men
2178 3790 2349 3859 ipsius
2373 3792 2567 3847 semiui
2603 3793 2772 3848 Adam
2828 3797 3081 3863 anteiret,
3135 3808 3189 3853 et
3245 3799 3422 3869 quoad
3479 3799 3595 3854 ﬁeri

2016 3892 2198 3948 posset
2234 3880 2363 3935 illud
2386 3894 2780 3953 corrumperet,
2822 3901 2920 3941 nec
2969 3889 3155 3958 augeri
3213 3889 3593 3959 multiplicari-

2016 3986 2119 4038 qne
2148 3972 2504 4040 permitteret.
2532 3973 2637 4030 Sed
2671 3974 2833 4031 Evam
2896 3992 3019 4033 mox
3079 3978 3361 4035 doloribus
3411 3991 3596 4049 partus

2015 4061 2260 4117 aﬂeetam
2289 4065 2563 4134 peperisse
2604 4065 2736 4121 Cain
2793 4084 2856 4122 ex
2918 4071 3212 4124 concubitu
3270 4070 3594 4136 Satanaelis,

2014 4164 2068 4209 et
2100 4170 2343 4211 sororem
2374 4157 2421 4211 ei
2447 4157 2702 4225 similem,
2740 4161 2825 4214 cui
2883 4176 3080 4216 nomen
3135 4160 3239 4216 fuit
3298 4164 3592 4231 Calonena,

2012 4249 2187 4303 Adam
2220 4263 2350 4305 vero
2384 4249 2729 4305 aemulatione
2752 4260 3083 4307 commotum
3120 4269 3232 4309 rem
3259 4254 3429 4324 ipsam
3457 4269 3594 4326 quo-

2013 4355 2120 4409 que
2159 4341 2410 4397 habuisse
2442 4357 2563 4397 cum
2590 4343 2716 4409 Eva,
2768 4353 2822 4399 et
2874 4343 3007 4400 Abel
3068 4347 3393 4414 suscepisse,
3431 4363 3591 4415 quem

2012 4432 2194 4487 statim
2218 4432 2544 4489 interﬁciens
2566 4433 2722 4499 Cain,
2750 4435 3101 4491 homicidium
3129 4438 3182 4491 in
3210 4442 3373 4492 vitam
3397 4440 3592 4494 intulit.

326 4525 472 4594 αὐτῇ
497 4526 828 4598 Καλωμενά,
866 4529 1321 4603 ζηλοτυπήσαντα
1349 4534 1405 4588 δὲ
1439 4536 1533 4590 τὸν
1574 4539 1750 4608 Ἀδὰμ
1783 4558 1909 4595 συν-

2018 4525 2249 4593 Ideoque
2286 4523 2545 4581 Joannem
2599 4526 2902 4597 apostolum
2939 4528 3159 4593 dixisse,
3199 4531 3338 4598 quod
3358 4530 3490 4585 Cain
3528 4548 3595 4586 ex

326 4615 511 4669 ελθεῖν
539 4621 635 4671 καὶ
662 4622 823 4673 αὐτὸν
845 4624 914 4692 τῇ
946 4623 1078 4694 Εὕα,
1109 4625 1204 4678 καὶ
1234 4627 1495 4698 γεννῆσαι
1517 4630 1610 4684 τὸν
1639 4631 1827 4698 Ἅϐελ,
1855 4632 1915 4686 δν

326 4707 542 4761 ἀνελὼν
559 4710 721 4774 εὐθὺς
744 4715 771 4764 ὁ
797 4713 961 4779 Κάῖν,
981 4715 1073 4767 τὸν
1093 4718 1254 4784 φόνον
1277 4721 1355 4778 εἰς
1371 4720 1463 4773 τὸν
1488 4720 1602 4791 βίον
1628 4724 1910 4794 εἰσήγαγε.

328 4799 437 4853 Διά
468 4798 628 4853 τοῦτο
663 4803 759 4855 καὶ
793 4802 885 4855 τὸν
946 4806 1246 4861 ἀπόστολον
1306 4812 1562 4883 Ίωάννην
1594 4817 1770 4868 εἰπεῖν
1792 4857 1806 4880 ,
1833 4819 1916 4871 ὅτι

326 4886 362 4937 ὁ
388 4885 526 4939 Κάῖν
548 4887 609 4940 ὲκ
625 4886 721 4940 τοῦ
751 4888 994 4960 πονηροῦ
1019 4887 1108 4962 ἦν,
1133 4894 1228 4947 τοῦ
1248 4897 1534 4969 Σαταναὴλ
1560 4905 1743 4971 μέντοι
1777 4921 1915 4975 συμ-

327 4975 635 5047 φθαρέντες
678 4981 924 5049 ἀσελγῶς
969 4987 1035 5055 τῇ
1086 4985 1199 5057 Ε’ίέιςμ⁵
1234 4986 1323 5041 διὰ
1371 4992 1537 5061 μέσου
1578 4995 1675 5049 τοῦ
1712 4997 1912 5066 ὄφεως,

326 5068 700 5139 ἀφαιρεθῆναι
731 5072 825 5125 ἀπ’
852 5073 1016 5126 αὑτοῦ
1048 5076 1147 5145 τὴν
1175 5077 1323 5132 θείαν
1351 5082 1552 5136 αὐτίκα
1577 5087 1672 5138 καὶ
1696 5086 1911 5157 στολήν,

329 5160 431 5213 καὶ
469 5163 702 5231 μορφὴν,
734 5166 828 5218 καὶ
860 5166 960 5236 τὴν
997 5167 1419 5241 δημιουργικὴν,
1450 5173 1525 5237 ὡς
1556 5176 1792 5248 εἴρηται,
1820 5179 1915 5233 δύ-

334 5269 519 5321 ναμιν,
549 5256 644 5307 xui.
662 5256 762 5325 τὴν
784 5256 877 5310 τοῦ
907 5257 1040 5311 Θεοῦ
1071 5263 1465 5333 προσηγορίαν.
1494 5266 1628 5320 Θεὸν
1651 5269 1759 5339 γὰρ
1785 5271 1912 5340 ἄχρι

330 5348 455 5397 τότε
480 5346 573 5398 καὶ
601 5347 763 5401 αὐτὸν
793 5348 1174 5418 ὀνομάζεσθαι.
1200 5354 1307 5406 Καὶ
1326 5356 1680 5425 γυμνωθέντα
1706 5361 1914 5415 τούτων

329 5436 593 5490 ἁπάντων
654 5441 931 5492 σκοτεινὸν
995 5442 1289 5513 γενέσθαι,
1349 5449 1445 5499 καὶ
1504 5447 1742 5521 δυσειδῆ.
1809 5455 1913 5507 Τὸν

331 5527 384 5582 δ’
410 5528 617 5594 ἀγαθὸν
646 5530 862 5600 Πατέρα
887 5534 1048 5605 μέχρι
1078 5536 1268 5590 τούτου
1294 5541 1571 5610 στήσαντα
1594 5543 1690 5612 τήν
1716 5546 1909 5612 ὀργὴν,

333 5621 558 5687 ἀφεῖναι
588 5620 777 5675 τοῦτον
802 5628 1217 5699 κοσμοκράτορα
1264 5632 1356 5685 καὶ
1384 5632 1596 5704 κύριον,
1646 5629 1719 5687 ὧν
1750 5636 1912 5701 αὐτὸς

336 5710 760 5780 ἐδημιούργησε,
792 5714 973 5771 πεσὼν
993 5720 1219 5777 ἀνωθεν.
1251 5720 1438 5779 Ταῦτα
1472 5728 1571 5796 μὲν
1595 5726 1821 5783 ἐκείνων
1846 5730 1912 5784 τὰ

416 5826 429 5856 ⁸
461 5825 655 5883 Hoan.
685 5844 768 5897 Ill,
797 5830 877 5887 l2.

2022 4617 2253 4688 maligno
2285 4628 2403 4674 erat
2440 4621 2478 4674 ‘.
2523 4620 2793 4676 Caeterum
2834 4636 2960 4677 cum
3023 4623 3274 4678 Satanael
3325 4625 3595 4692 impudice

2017 4722 2139 4762 cum
2198 4710 2307 4765 Eva
2370 4726 2465 4781 per
2531 4720 2835 4781 serpentem
2891 4722 3348 4780 corrumperetur.
3412 4713 3593 4768 divina

2018 4797 2185 4854 fuisse
2208 4801 2388 4855 statim
2408 4800 2676 4871 privatum
2693 4799 2861 4854 forma
2879 4816 2943 4855 ac
2962 4802 3302 4867 vestimento,
3324 4812 3377 4857 et
3396 4818 3592 4858 creau-

2017 4889 2067 4944 di
2102 4890 2375 4955 facultate,
2424 4901 2479 4945 et
2536 4890 2629 4946 Dei
2674 4891 3050 4961 appellatione.
3103 4893 3300 4961 quibus
3324 4895 3591 4964 adempth

2018 4984 2177 5037 rebus
2208 4984 2607 5037 tenebricosum
2663 4992 2822 5052 atque
2886 4983 3138 5037 onmibus
3178 4986 3408 5039 invisum
3463 5002 3592 5040 eva-

2015 5077 2173 5132 sisse.
2205 5075 2310 5130 Sed
2342 5075 2542 5130 bonum
2571 5074 2786 5129 Patrem
2819 5077 2899 5130 sic
2923 5076 3258 5131 iracundiam
3294 5088 3592 5147 tem-peras-

2014 5180 2094 5232 se,
2159 5176 2216 5220 ut
2274 5166 2613 5234 permitteret
2660 5181 2781 5219 eum
2852 5175 3128 5221 auctorem
3187 5181 3251 5221 ac
3309 5169 3588 5223 dominum

2015 5272 2199 5313 eorum
2233 5272 2375 5318 esse.
2404 5273 2522 5327 quae
2547 5259 2661 5327 ipse
2694 5273 2724 5312 e
2748 5258 3071 5313 sublimibus
3102 5260 3305 5313 cadens
3333 5259 3587 5313 condide-

2014 5356 2116 5402 rat.
2150 5346 2452 5401 Istiusmodi
2484 5357 2612 5401 sunt
2670 5348 2910 5416 ipsorum
2976 5348 3190 5401 fabulae.
3246 5346 3435 5401 Verum
3486 5365 3587 5405 cur

2017 5454 2119 5493 non
2143 5439 2313 5506 potuit
2340 5439 2495 5507 aquis
2522 5439 2777 5505 insidere,
2824 5440 2931 5494 imo
2967 5454 3114 5503 vero,
3147 5439 3362 5507 quando
3387 5454 3583 5506 corpo-

2015 5544 2073 5582 ra
2104 5543 2315 5597 quoque
2356 5528 2595 5583 insident
2633 5530 2811 5597 aquis,
2836 5546 2935 5584 cur
2960 5529 3074 5597 ipse
3106 5546 3209 5581 una
3256 5545 3379 5584 cum
3432 5532 3587 5587 defe-

2023 5617 2285 5673 ctricibus
2326 5618 2429 5672 illis
2465 5618 2845 5685 potestatibus,
2876 5616 3150 5686 proprium
3182 5633 3286 5672 non
3321 5618 3506 5673 habuit
3528 5620 3584 5675 in

2014 5712 2168 5781 aquis
2221 5711 2593 5767 domicilium?
2647 5708 3081 5779 quandoquidem
3142 5725 3282 5764 uuuc
3329 5713 3586 5767 etiamin
