4044 6290
454 450 595 518 1299

1671 455 2056 516 EUTHYMII
2095 439 2452 514 ZiGABENt

3550 444 3688 510 1300

447 564 602 631 aquis
635 563 903 628 habitant,
938 576 992 620 et
1051 566 1104 619 in
1141 565 1400 632 fontibus,
1455 572 1512 619 et
1543 564 1595 618 iu
1644 566 1806 630 mari,
1859 573 1914 618 et
1958 566 2013 617 in

2128 562 2326 631 μυθικά
2354 578 2367 592 ·
2418 559 2558 614 ἀλλὰ
2593 561 2708 622 πῶς
2742 559 2844 613 οὐκ
2882 557 3117 630 ἠδύνατο
3170 559 3283 621 τοῖς
3345 542 3532 611 ὕδασιν
3567 559 3690 626 ἐφι-

449 654 582 707 lncis
612 657 1005 722 subterraneis,
1073 672 1194 710 cum
1233 672 1261 708 a
1295 658 1517 711 materia
1576 656 1790 724 longius
1822 656 2020 720 absint,

447 761 607 806 quam
640 746 739 812 ipsi
777 755 1061 799 ventorum
1097 745 1294 800 ﬂatus?
1319 746 1470 812 Quod
1499 747 1544 800 si
1572 745 1828 799 Satanael
1859 757 2024 798 natu-

447 849 504 887 ra
532 834 718 889 fuisset
741 834 880 889 filius
911 837 1020 900 Dei,
1045 837 1278 904 potentia
1307 839 1451 892 Patri
1475 853 1572 891 suo
1596 852 1689 904 par
1707 837 2021 898 exstitisset,

446 927 896 991 quemadmodum
924 937 977 980 et
1011 929 1312 993 unigenitus
1370 929 1556 996 Filius,
1582 931 1672 998 qui
1713 931 1842 983 dicit
1869 948 1884 983 :
1911 927 2022 993 Ego

447 1026 495 1065 et
523 1013 685 1068 Pater
715 1033 875 1068 unum
923 1035 1104 1070 sumus
1135 1020 1172 1073 ι.
1207 1019 1275 1072 Ει
1327 1035 1537 1074 rursum
1579 1039 1591 1074 :
1636 1019 1849 1083 Omnia,
1905 1036 2022 1088 qua:

446 1104 608 1157 Pater
637 1103 808 1166 habet,
837 1123 950 1160 mea
979 1117 1100 1160 sunt
1141 1111 1180 1162 ¹.
1213 1107 1282 1160 Et
1313 1124 1526 1164 rursum
1557 1127 1570 1162 :
1605 1111 1706 1174 Qui
1738 1111 1868 1162 vidit
1921 1125 2020 1172 me,

451 1195 661 1248 Patrem
701 1199 824 1250 vidit
859 1200 898 1252 ³.
926 1198 992 1252 Ει
1028 1215 1240 1254 rursum
1269 1215 1284 1254 :
1328 1199 1448 1254 Nisi
1482 1202 1618 1270 facio
1642 1218 1798 1268 opera
1840 1200 2022 1254 Patris

447 1288 571 1351 mei,
600 1304 662 1340 ne
690 1290 746 1340 in
778 1305 856 1343 me
880 1291 1071 1343 credite
1101 1291 1142 1344 ⁸.
1205 1291 1356 1356 Quod
1379 1293 1426 1346 si
1459 1293 1697 1359 potentia
1723 1307 1820 1360 par
1852 1291 2028 1345 exsti-.

449 1377 624 1439 tisset,
653 1381 906 1453 quamvis
954 1382 1019 1433 de
1075 1380 1375 1439 defeetione
1426 1383 1648 1436 omnino
1706 1384 2021 1451 cogitasset,

449 1467 590 1520 haud
619 1467 773 1522 facile
802 1472 1047 1539 dejectus
1083 1481 1246 1527 esset.
1273 1472 1525 1540 Dejectus
1555 1486 1734 1529 autem
1772 1475 1862 1528 Dei
1911 1477 2022 1528 [οι-ο

450 1577 590 1614 mam
646 1573 807 1630 atque
830 1566 1090 1629 habitum,
1131 1580 1184 1622 et
1214 1570 1534 1636 procreandi
1567 1579 1890 1638 potestatem
1917 1583 2020 1621 non

452 1654 778 1710 retinuisset.
807 1655 900 1710 llis
951 1657 1094 1711 enim
1145 1660 1297 1728 prius
1331 1661 1480 1714 illum
1507 1662 1725 1728 spoliari
1758 1660 2019 1728 oportuit,

449 1745 643 1800 deinde
674 1747 890 1814 expelli.
952 1749 1134 1814 Quare
1183 1765 1306 1805 cum
1365 1766 1488 1820 pars
1553 1753 1744 1804 horum
1783 1751 2019 1804 absurda

451 1843 506 1886 et
541 1837 610 1887 ab
643 1837 790 1888 omni
823 1839 1052 1891 veritate
1105 1840 1279 1892 aliena
1329 1842 1611 1908 perspicue
1650 1842 1742 1903 sit,
1803 1849 2019 1894 constat

2125 655 2343 719 ζάνειν,
2411 654 2609 724 μᾶλλον
2655 653 2712 706 δὲ
2771 653 2894 705 ἐπεὶ
2933 654 3006 706 ’τὸ
3084 651 3364 720 ὲφιζὰνειν
3441 648 3692 718 σώματός

2124 745 2274 809 ἐστι,
2348 743 2468 805 πῶς
2529 743 2630 796 οὐκ
2693 741 2925 810 ἠδύνατο
2983 741 3123 809 μετά
3181 737 3290 792 τῶν
3349 751 3694 789 συναποστα-

2121 840 2290 892 τικῶν
2345 839 2628 906 δυνάμεων
2677 835 2821 906 ἔχειν
2870 835 2932 890 τὸ
3003 831 3146 902 ὕδωρ
3221 827 3692 895 ἐνδιαιτητήμονξ

2124 933 2236 984 Καὶ
2295 930 2403 998 γὰρ
2450 931 2546 982 καὶ
2599 927 2694 980 νῦν
2757 925 2945 978 ὕδασιν
3000 920 3411 983 ὲνδιαιτῶνται,
3466 916 3563 968 καὶ
3587 932 3692 983 πη-

2123 1025 2248 1090 γαῖς
2267 1062 2281 1086 ,
2332 1022 2428 1074 καὶ
2480 1021 2770 1089 ποταμοῖς,
2823 1018 2918 1070 καὶ
2946 1016 3169 1084 λίμναις
3188 1050 3204 1076 ,
3229 1010 3322 1063 καὶ
3359 1010 3659 1069 θαλάσσαις
3678 1047 3692 1068 ,

2122 1115 2216 1167 καὶ
2246 1113 2593 1182 καταχθόνιοι
2617 1113 2889 1178 μένουσιν,
2913 1108 2988 1169 ὡς
3011 1105 3300 1172 πνεύματα
3323 1101 3479 1164 ἇῦλα,
3511 1097 3696 1165 πολλῷ

2122 1204 2232 1257 τιῖιν
2265 1203 2563 1272 ἀνεμιαίων
2598 1201 2923 1269 πνευμάτων
2953 1197 3243 1264 ἀῦλότερα.
3284 1193 3346 1244 Ei
3381 1191 3436 1244 δὲ
3465 1193 3556 1242 καὶ
3591 1188 3697 1257 φύ-

2126 1311 2208 1348 σει
2234 1293 2370 1346 Θεοῦ
2401 1294 2512 1356 υίὸς
2542 1288 2642 1362 ἦν,
2675 1289 2952 1360 ίσοσθενὴς
2983 1287 3048 1340 ἂν
3084 1281 3152 1355 ἦν
3182 1283 3262 1351 τῷ
3293 1281 3455 1351 φύσει
3483 1279 3692 1345 Πατρὶ,

2123 1386 2377 1454 καθάπερ
2402 1385 2496 1438 καὶ
2527 1386 2553 1436 ὁ
2590 1382 2884 1452 μονογενής
2911 1379 3038 1440 Υἱὸς
3069 1379 3100 1429 ὁ
3123 1376 3316 1441 λέγων,
3363 1372 3508 1439 Ἐγὼ
3540 1369 3637 1420 καὶ
3665 1369 3698 1420 ὀ

2123 1477 2327 1544 Πατὴρ
2354 1477 2424 1530 ἓν
2454 1477 2661 1544 ἐσμεν.
2697 1473 2806 1526 Καὶ
2846 1468 3024 1532 αὖθις,
3065 1470 3126 1521 '0
3156 1463 3428 1534 ἑωρακὼς
3460 1459 3564 1530 ἐμὲ
3594 1458 3695 1510 ἐώ-

2115 1585 2267 1636 ρακε
2298 1569 2406 1622 τὸν
2441 1566 2689 1633 Πατέρα.
2720 1565 2830 1618 Καὶ
2860 1562 3053 1622 πάλιν,
3087 1561 3245 1610 Ὅσα
3275 1557 3399 1624 ἔχει
3433 1557 3465 1606 ό
3499 1549 3698 1615 Πατὴρ

2122 1660 2232 1728 ἐμά
2256 1660 2409 1712 ἐστι.
2451 1659 2560 1709 Καὶ
2593 1656 2770 1718 αὖθις,
2801 1655 2868 1706 El
2896 1655 2967 1706 οὑ
2992 1650 3140 1704 ποιῶ
3165 1649 3236 1702 τὰ
3269 1647 3412 1714 ἔργα
3447 1642 3554 1696 τοῦ
3584 1645 3702 1694 Πα-

2121 1752 2261 1814 τρός
2285 1750 2522 1818 μου.μὴ
2549 1745 2866 1800 πιστεύετέ
2887 1759 3009 1813 μοι.
3045 1739 3346 1807 Ἰσοσθενὴς
3374 1736 3432 1788 δὲ
3464 1734 3541 1786 ὣν
3572 1735 3697 1785 ἀντ-

2123 1843 2252 1911 έστη
2305 1842 2391 1904 ἂν,
2415 1839 2601 1908 ἐπειδὴ
2624 1840 2716 1890 καὶ
2737 1838 2874 1898 ὅλως
2898 1833 3238 1888 ἀποστασίαν
3262 1829 3586 1898 ἐμελέτησε,
3611 1824 3704 1877 καὶ

449 1934 502 1981 et
531 1939 616 1990 ea,
647 1940 766 1993 quis
795 1939 1220 1996 consequuntur,
1258 1931 1415 1997 plane
1438 1931 1570 1984 falsa
1603 1945 1749 1994 esse,
1788 1947 1886 1985 nec
1913 1931 2020 1986 ullo

2128 1929 2224 1980 οὐκ
2269 1928 2333 1981 ἂν
2364 1926 2504 1980 οὕτω
2550 1926 2750 1996 ῥᾳδίως
2791 1921 3126 1990 κατεϐλήθη.
3160 1919 3284 1980 ΙΙῶς
3311 1917 3366 1970 δὲ
3401 1917 3495 1969 καὶ
3525 1915 3699 1985 ριφεὶς

453 2014 609 2066 modo
638 2029 797 2082 posse
822 2018 1141 2074 consistere.
1175 2018 1282 2072 Nec
1310 2019 1440 2072 illud
1495 2020 1870 2088 negligendum
1923 2029 2024 2084 est,

449 2105 592 2170 quod
628 2120 692 2158 ex
719 2105 914 2176 Moysis
943 2106 1082 2168 libro
1106 2121 1265 2174 quem
1296 2108 1620 2176 improbant,
1660 2108 2024 2163 testimonium

453 2195 580 2247 illud
609 2193 891 2264 proferunt
928 2215 940 2252 :
980 2197 1044 2250 In
1094 2198 1349 2266 principio
1387 2198 1512 2266 fecit
1564 2198 1703 2252 Deus
1749 2201 1934 2252 ctutum
1977 2209 2026 2254 et

451 2296 670 2340 terram.
703 2286 837 2342 Nam
899 2292 1043 2358 quod
1095 2291 1343 2344 Satanael
1380 2293 1775 2346 ﬁrmamentum
1837 2293 2027 2347 fecisse

451 2379 656 2444 dicunt,
688 2391 739 2434 et
774 2395 943 2450 aquas
975 2381 1026 2433 in
1078 2381 1193 2436 loca
1224 2381 1356 2451 ipsis
1411 2394 1598 2451 parata
1647 2399 2023 2454 congregasse,

451 2488 783 2542 ornasseque
838 2475 1263 2546 firmamentum,
1323 2485 1376 2529 et
1418 2487 1641 2545 terram,
1694 2487 1748 2532 et
1782 2493 1901 2546 qua:
1939 2493 2024 2532 se-

451 2576 692 2630 quuntnr
711 2566 915 2630 omnia,
954 2582 1122 2636 usque
1165 2569 1230 2620 ad
1281 2568 1515 2622 hominis
1569 2569 1946 2624 formationem
1973 2581 2027 2624 et

453 2655 868 2719 inminutionem
899 2658 953 2716 in
984 2672 1131 2722 eunt,
1165 2673 1228 2712 ex
1254 2658 1453 2728 Moysis
1475 2661 1634 2725 libro,
1654 2660 1707 2712 in
1730 2675 1838 2729 quo
1867 2676 2026 2714 mmi-

453 2749 504 2800 di
533 2749 1220 2816 procreatimiemeuarrat,
1240 2761 1488 2820 surrepta
1513 2761 1639 2806 sunt
1656 2768 1682 2804 a
1707 2750 2023 2820 Bogomilis,

450 2840 539 2905 qui
566 2837 1002 2903 Paulicianorum
1056 2840 1366 2909 Opinionem
1413 2852 1702 2911 sequentes
1751 2843 2027 2910 opiﬁcium

452 2946 641 2985 eorum
673 2931 953 2987 Satanaeli
1012 2933 1339 2988 tribuerunt.
1393 2933 1472 2986 illi
1526 2934 1668 2987 enim
1705 2948 1808 2988 non
1851 2933 2026 2988 solum

451 3021 676 3080 aliarum
701 3038 901 3088 rerum,
925 3023 1018 3078 sed
1052 3025 1212 3078 etiam
1236 3024 1394 3092 primi
1422 3025 1746 3089 hominis,et
1771 3038 1946 3090 terrae,
1975 3035 2028 3080 et

449 3116 688 3168 omnium
723 3130 843 3184 quae
873 3116 925 3168 in
962 3118 1162 3175 ntundo
1204 3127 1352 3180 sunt,
1410 3120 1838 3185 procreationem
1887 3117 2027 3171 malo

2129 2017 2273 2088 εἶχεν
2303 2018 2383 2070 ἔτι
2409 2019 2507 2089 τὴν
2543 2019 2635 2069 τοῦ
2672 2014 2806 2068 Θεοῦ
2842 2014 3082 2084 μορφὴν,
3113 2010 3210 2063 καὶ⁸
3240 2008 3454 2077 στολήν,
3484 2006 3581 2058 καὶ
3608 2005 3701 2075 τὴν

2127 2110 2527 2181 δημιουργικὴν
2557 2107 2720 2161 αὑτοῦ
2753 2107 3022 2174 δύναμιν;
3055 2104 3199 2156 Ἔδει
3236 2101 3344 2170 γὰρ
3372 2100 3540 2152 αὐτὸν
3574 2097 3705 2167 πρό-

2125 2220 2283 2272 τερον
2309 2202 2660 2272 γυμνωθῆναι
2685 2199 2913 2261 τούτων,
2942 2195 3060 2250 εἶτα
3081 2193 3511 2266 καταῤῥιφήναι.
3551 2191 3705 2243 Ἀπι-

2129 2293 2291 2350 θάνου
2327 2296 2385 2348 δὲ
2435 2294 2528 2348 τοῦ
2567 2294 2767 2363 μέρους
2815 2290 3005 2343 τούτου
3045 2285 3322 2356 φανέντος,
3353 2283 3449 2336 καὶ
3494 2278 3701 2348 γυμνοῦ

2128 2392 2309 2457 πάσης
2343 2388 2622 2457 ἀληθείας,
2654 2382 2967 2443 ἀκολούθως
2999 2380 3094 2433 καὶ
3120 2377 3188 2431 τά
3221 2373 3498 2428 ἀκόλουθα
3528 2371 3704 2438 τούτῳ

2126 2484 2298 2556 ψευδῆ
2331 2482 2636 2552 φαίνονται,
2663 2478 2757 2529 καὶ
2784 2474 3089 2528 ἀσύστατα.
3116 2467 3431 2537 Σκοπητέον
3468 2465 3546 2528 δὲ,
3589 2463 3705 2525 πῶς

2128 2553 2193 2630 ἐκ
2220 2577 2318 2646 τῆς
2358 2571 2729 2640 ἀθετουμένης
2761 2568 2947 2628 αὐτοῖς
2983 2562 3265 2633 μωσαῖκῆς
3299 2557 3487 2628 βίϐλου
3522 2553 3706 2623 παρά-

2127 2688 2284 2740 γουσι
2335 2665 2662 2738 μαρτυρίαν,
2695 2663 2776 2716 ὅτι
2815 2663 2873 2713 ὲν
2919 2659 3064 2728 ἀρχῇ
3115 2657 3372 2722 ἐποίησεν
3394 2654 3422 2703 ὁ
3454 2649 3591 2710 Θεὸς
3617 2647 3708 2700 τὸν

2128 2760 2359 2834 οὐρανὸν
2389 2757 2486 2812 καὶ
2521 2757 2621 2825 τὴν
2652 2756 2777 2824 γῆν.
2831 2751 2906 2805 Τὸ
2933 2750 2991 2804 δὲ
3021 2746 3392 2817 δογματίζειν,
3430 2743 3512 2794 ὅτι
3546 2743 3574 2834 ό
3607 2741 3711 2791 Σα-

2127 2833 2333 2922 ταναὴλ
2358 2850 2760 2921 ἐδημιούργησε
2777 2845 2838 2898 τὸ
2866 2843 3176 2913 στερέωμα,
3206 2839 3300 2892 καὶ
3322 2838 3404 2890 ὅτι
3430 2833 3712 2902 συνήγαγε

2127 2949 2197 3003 τὰ
2225 2945 2393 2999 ὕδατα
2420 2945 2500 3005 εἰς
2531 2945 2631 3002 τὰς
2667 2935 3209 2994 κατασκευασθείσας
3239 2932 3423 2990 αὐτοῖς
3457 2944 3712 2992 συναγωο

2127 3041 2251 3108 γάς,
2279 3041 2374 3094 καὶ
2403 3039 2484 3090 ὅτι
2510 3034 2891 3102 κατεκόσμησε
2918 3029 2979 3082 τὸ
3013 3027 3301 3094 στερέωμα
3329 3022 3423 3075 καὶ
3451 3022 3548 3090 τὴν
3584 3019 3711 3086 γῆν,

2129 3133 2224 3186 καὶ
2255 3130 2323 3183 τὰ
2353 3128 2550 3198 ἑφεξῆς
2578 3126 2794 3179 ἅπαντα
2827 3122 2986 3192 μέχρι
3018 3119 3112 3171 τοῦ
3146 3119 3224 3179 είς
3252 3115 3342 3167 τδν
3379 3111 3712 3182 πρωτόπλα·

450 3205 748 3267 ascribunt.
795 3207 986 3271 Quaere
1041 3209 1092 3261 in
1163 3208 1319 3262 titulo
1371 3207 1634 3266 Adversus
1691 3209 2025 3261 l’aulicianos

2133 3239 2257 3276 στον
2301 3220 2720 3291 ὲμφυσήματος,
2765 3219 2829 3268 ὲκ
2879 3214 2978 3282 τῆς
3028 3209 3313 3282 μωσαῖκῆς
3508 3220 3712 3298 κοσμο-

451 3296 627 3364 capita
657 3312 775 3364 quae
807 3297 1060 3366 inscripta
1093 3307 1219 3352 sunt
1249 3314 1266 3351 :
1308 3299 1427 3352 Non
1459 3316 1569 3356 esse
1607 3300 1711 3352 duo
1734 3300 2021 3366 principia,

449 3387 540 3440 sed
575 3405 733 3440 unum
761 3399 1026 3441 auctorem
1057 3389 1194 3452 caeli,
1230 3398 1278 3442 et
1306 3400 1480 3452 ιρι-ναι,
1517 3399 1566 3442 ει
1595 3405 1774 3442 eorum
1821 3406 1939 3460 quae
1969 3391 2023 3443 in

449 3480 617 3530 medio
660 3489 804 3543 sunt,
857 3487 910 3530 ct
960 3479 1011 3530 in
1076 3477 1182 3534 illis
1243 3478 1487 3532 invenies
1530 3478 1708 3531 varias
1762 3481 2022 3545 rationes,

448 3568 644 3634 quibus
693 3569 806 3636 Ιιέιξο
865 3566 1258 3636 Bngomilnrum
1317 3567 1500 3635 opinio
1537 3566 1808 3627 confutari
1867 3567 2025 3621 facile

449 3670 632 3729 queat.
663 3660 737 3716 lbi
786 3675 1000 3729 rursum
1032 3671 1216 3727 aperte
1247 3659 1618 3728 deprehendes
1670 3660 1723 3714 in
1773 3660 2025 3728 capitulis

449 3754 923 3821 subsequentibus,
948 3768 1065 3820 quae
1089 3753 1341 3808 similiter
1362 3753 1627 3822 inscripta
1651 3761 1780 3810 sunt
1814 3772 1826 3807 :
1851 3751 2025 3808 Unum

449 3863 561 3899 esse
620 3847 848 3913 corporis
879 3854 925 3898 et
965 3845 1159 3909 animis
1204 3856 1483 3915 auctorem.
1513 3843 1647 3898 Nam
1683 3845 1918 3910 fabulam
1963 3848 2028 3896 de

449 3949 706 4008 serpente,
750 3940 818 3992 ab
869 3938 997 4006 ipsis
1044 3935 1352 4002 confictam,
1403 3947 1458 3990 ut
1490 3938 1600 3992 risu
1642 3939 1816 4007 potius
1867 3952 2026 4006 quam

451 4031 823 4087 confutatione
848 4031 1063 4097 dignam
1087 4031 1420 4085 omittemus.
1468 4028 1635 4095 Quem
1672 4045 1832 4098 porro
1886 4031 2028 4099 lega-

455 4137 564 4178 tum
599 4124 743 4178 misit
772 4123 838 4176 ad
873 4122 1082 4176 Patrem
1111 4131 1160 4176 et
1211 4121 1377 4175 Deum
1417 4137 1576 4191 quem
1621 4121 1828 4175 insidiis
1857 4125 2028 4190 petie-

456 4226 560 4280 ι·.ιι,
616 4217 729 4283 ipse
751 4215 860 4282 jam
897 4215 1066 4268 hostis
1107 4214 1445 4268 declaratus?
1474 4212 1642 4268 Nemo
1666 4215 1810 4266 enim
1833 4229 2018 4267 eorum

455 4309 545 4377 qui
576 4309 730 4359 simul
762 4304 1072 4358 defecerant
1099 4320 1163 4358 eo
1196 4319 1416 4357 munere
1443 4304 1589 4372 fungi
1625 4318 1791 4357 ausus
1857 4314 2024 4358 esset.

461 4404 522 4454 lat
579 4412 736 4457 neruo
798 4411 1012 4463 rursum
1075 4396 1387 4465 angelorum
1449 4398 1555 4450 Deo
1601 4396 2026 4461 ministrantium

459 4506 577 4548 eam
638 4487 972 4557 provinciam
1014 4490 1266 4556 cepisset,
1315 4497 1372 4542 ut
1434 4489 1487 4548 ei,
1531 4489 1739 4543 hostem
1773 4489 1942 4557 ipsius
1975 4500 2031 4544 et

2131 3314 2346 3384 γενείας
2384 3310 2762 3381 ὲσυλήθησαν,
2799 3305 2874 3374 τῷ
2914 3300 3201 3370 Σαταναὴλ
3235 3299 3290 3351 δὲ
3325 3297 3582 3349 ἀνέθεντο
3616 3293 3713 3361 τὴν

2133 3407 2336 3460 τούτων
2380 3400 2739 3473 δημιουργίαν
2773 3399 2822 3452 οἱ
2871 3395 3159 3464 Βογὸμιλοι
3192 3391 3270 3460 τῷ
3315 3390 3548 3455 δόγματι
3601 3385 3715 3436 τῶν

2131 3499 2508 3554 Παυλικιάνων
2533 3478 2970 3550 ἀκολουθοῦντες.
3006 3489 3236 3542 Ἐκεῖνοι
3252 3484 3359 3553 γὰρ
3379 3482 3457 3550 τῷ
3483 3477 3716 3548 πονηρῷ

2130 3594 2190 3646 οὑ
2223 3591 2380 3662 μόνον
2397 3591 2493 3656 τὴν
2518 3602 2726 3640 τουτων
2752 3579 3120 3652 δημιουργίαν
3150 3574 3546 3644 ἀπονέμουσιν,

2138 3685 2232 3738 καὶ
2254 3683 2348 3752 τὴν
2383 3679 2476 3734 τοῦ
2505 3677 2722 3749 πρώτου
2751 3674 2983 3744 οὐρανοῦ
3008 3672 3102 3723 καὶ
3130 3668 3227 3738 τῆς
3243 3667 3369 3734 γῆς,
3393 3665 3490 3717 καὶ
3514 3661 3716 3716 ἁπλῶς

2131 3775 2326 3836 εἰπεῖν,
2355 3771 2608 3824 ἁπάντων
2633 3767 2742 3819 τῶν
2769 3763 3100 3832 ὲγκοσμίων.
3130 3758 3238 3810 Καὶ
3265 3757 3506 3824 ζήτησον
3538 3756 3597 3805 ἐν
3637 3751 3716 3819 τῷ

2132 3865 2282 3917 κατὰ
2334 3859 2454 3914 τῶν
2500 3854 2924 3912 Παυλικιὰνων
2981 3850 3144 3918 τίτλῳ
3170 3848 3236 3900 τὰ
3282 3844 3592 3910 κεφάλαια,
3633 3836 3716 3901 οἷς

2131 3951 2689 4022 ὲπιγέγραπτκι,”οτι
2711 3948 2782 3999 οὺ
2801 3944 2909 3997 δύο
2938 3941 3136 4009 ἀρχαὶ,
3169 3936 3303 3994 ἀλλ’
3320 3932 3409 4000 εἷς
3432 3935 3717 4000 δημιοερ-

2131 4045 2236 4114 γὸς
2257 4042 2540 4111 οὐρανοῦ,
2559 4039 2656 4093 καὶ
2674 4037 2806 4107 γῆς,
2825 4037 2917 4090 καὶ
2936 4034 3052 4087 τῶν
3066 4033 3330 4102 ἐνμέσῳ,
3345 4030 3440 4082 καὶ
3458 4029 3716 4096 εὑρήσεις

2133 4141 2190 4190 ὲν
2219 4135 2448 4194 ἐκείνοις
2469 4133 2566 4192 τὰς
2598 4128 2945 4198 προσφόρους
2972 4123 3438 4194 ἁνατροπάς,ὃσαι
3465 4118 3545 4174 τῶ
3574 4135 3715 4185 παρ-

2133 4231 2252 4284 όντι
2313 4227 2422 4281 τῶν
2453 4223 2768 4292 Βογομίλων
2793 4221 3026 4289 δόγματι
3057 4215 3565 4287 προσαρμόζουσιν.
3595 4213 3716 4264 Ὀτι

2133 4322 2189 4375 δὲ
2214 4321 2332 4373 οὐδὲ
2356 4319 2415 4372 τὸ
2442 4318 2600 4384 σῶμα
2631 4314 2723 4368 τοῦ
2748 4311 3176 4381 πρωτοπλάστου
3198 4294 3602 4377 δημιούργημα
3621 4302 3717 4356 τοῦ

2135 4411 2419 4480 Σαταναήλ
2454 4411 2619 4471 ἐστιν,
2656 4406 2775 4460 ἐκεῖ
2805 4404 2966 4456 πάλιν
3001 4402 3182 4470 σαφῶς
3219 4403 3478 4471 εὑρήσεις
3515 4402 3575 4451 ἐν
3604 4401 3718 4458 τοῖς

2135 4505 2333 4573 ἐφεξῆς
2351 4502 2688 4571 κεφαλαίοις,
2709 4496 2789 4561 οἷς
2813 4497 3014 4567 ὁμοίως
3038 4496 3604 4564 ἐπιγέγραπται,’οτι
3629 4487 3718 4552 εἷς

459 4600 614 4640 suum
651 4581 1048 4636 reconciliaret.
1083 4579 1162 4634 Ad
1204 4581 1317 4634 hmc
1365 4581 1635 4650 quomodo
1673 4582 1845 4635 bonus
1886 4581 2025 4642 Deus

2133 4595 2495 4666 δημιουργὸς
2513 4593 2620 4646 τοῦ
2642 4591 2941 4658 σώματος,
2963 4586 3184 4655 καὶτῆς
3205 4585 3439 4654 ψυχῆς,
3466 4587 3591 4652 ήτοι
3621 4583 3716 4636 τοῦ

459 4677 680 4735 inimico
707 4672 1073 4729 consensisset
1110 4669 1425 4740 postulanti,
1461 4680 1518 4726 ut
1561 4671 1795 4734 animam
1831 4673 1881 4724 in
1910 4687 2034 4727 cor-

461 4787 560 4838 pus
590 4785 616 4819 ιι
649 4783 708 4822 se
740 4766 1030 4819 formatum
1063 4764 1390 4826 demitteret,
1426 4773 1483 4816 ut
1527 4763 1687 4816 homo
1728 4765 2032 4817 communis

461 4863 636 4916 foret?
665 4859 794 4925 Quae
824 4859 967 4912 enim
993 4856 1303 4910 communio
1333 4856 1432 4908 luci
1481 4870 1600 4908 cum
1634 4855 1902 4910 tenebris?
1942 4866 2033 4908 aut

458 4954 548 5019 qui
582 4966 876 5005 consensus
932 4950 1039 5002 Deo
1098 4962 1220 5000 cum
1275 4946 1439 5000 Belial
1474 4946 1536 4997 l’?
1586 4943 1702 4997 iam
1763 4943 2032 5012 quomodo

460 5042 712 5104 Sntanael
744 5040 984 5104 corporis
1013 5054 1204 5106 expers
1237 5040 1444 5090 ratione
1466 5051 1723 5104 corporea
1758 5051 1878 5089 cum
1917 5035 2026 5089 Eva

455 5134 780 5191 conetihuit?
808 5132 910 5186 Per
943 5129 1233 5184 visnmnc?
1265 5131 1328 5182 At
1359 5129 1402 5182 si
1425 5129 1533 5195 ~per
1563 5130 1759 5192 visum,
1794 5144 2026 5198 quomo—

457 5230 524 5283 do
553 5243 617 5286 ex
650 5228 734 5280 illa
769 5225 908 5288 filios
943 5222 1285 5292 procreavit?
1319 5222 1426 5275 Aut
1458 5238 1555 5274 cur
1578 5222 1710 5276 Cain
1749 5220 1890 5274 [ilius
1917 5221 2033 5288 ejus

458 5336 562 5378 non
589 5320 690 5387 ipsi
731 5333 834 5387 par.
864 5325 918 5371 ct
951 5317 1141 5375 similis
1175 5315 1294 5378 fuit,
1320 5315 1410 5367 sed
1438 5314 1639 5380 Atiam?
1670 5311 1858 5367 Omnis
1887 5311 2030 5366 enim

457 5410 640 5479 proles
701 5409 929 5477 genitori
992 5419 1184 5465 natura
1244 5420 1340 5470 par
1389 5415 1441 5458 et
1495 5404 1688 5456 similis
1745 5412 1846 5456 est.
1897 5400 2030 5455 Nam

457 5501 596 5568 quod
625 5499 860 5553 Joannes
889 5496 1171 5566 apostolus
1204 5495 1361 5557 dixit,
1408 5494 1540 5547 Cain
1565 5511 1629 5546 ex
1665 5494 1809 5547 malo
1840 5493 2030 5555 fuisse,

459 5609 561 5647 non
589 5609 655 5647 eo
687 5601 932 5659 spectant
977 5593 1089 5644 haec
1144 5588 1330 5650 verba,
1364 5589 1502 5656 quod
1554 5603 1777 5654 corpore
1841 5584 1909 5640 ab
1945 5585 2035 5639 illo

459 5687 620 5739 fuerit
652 5695 990 5752 procreatus,
1031 5686 1124 5738 sed
1150 5683 1293 5751 quod
1323 5682 1389 5734 ab
1428 5681 1518 5734 illo
1581 5680 1839 5734 malitiam
1892 5680 2035 5732 didi~

461 5795 536 5830 cei
555 5779 613 5828 i‘.
650 5778 802 5845 Step0.
823 5777 967 5836 enim
989 5786 1044 5829 et
1075 5776 1369 5842 discipulus
1397 5787 1622 5827 VOt'altll'
1651 5774 1808 5835 filius,
1829 5780 1885 5827 et
1915 5787 2028 5824 ma-

537 5887 724 5942 ’Junn.
747 5904 798 5954 χ,
827 5888 910 5941 .30.
1013 5891 1031 5921 ²
1061 5889 1195 5943 Juan
1250 5905 1356 5952 xw,
1383 5887 1462 5942 l3.
1545 5889 1562 5918 ⁸
1585 5887 1742 5951 inin.
1768 5903 1871 5942 xiv.
1903 5887 1956 5942 9.

2035 5886 2231 5946 ‘Joan,
2270 5905 2322 5955 ι,
2363 5889 2449 5944 57.

2130 4663 2442 4758 ἀνθρώπου.
2466 4685 2577 4751 Τὴν
2597 4681 2706 4751 γὰρ
2735 4679 2878 4733 κατά
2904 4680 2996 4731 τὸν
3021 4679 3145 4743 ὄφιν
3172 4675 3506 4746 μυθολογίαν
3533 4663 3766 4756 aitait".

2131 4779 2478 4848 παρήσομεν,
2500 4775 2575 4836 ὼς
2591 4773 2827 4841 γέλωτος
2851 4769 3053 4838 μᾶλλον
3075 4769 3106 4836 ἣ
3133 4767 3515 4836 ἀντιρρήσεως
3539 4766 3735 4858 ἀξίανῇ

2129 4867 2230 4919 Διὰ
2253 4866 2393 4927 τίνος
2420 4864 2476 4916 δὲ
2503 4863 2723 4932 μεσίτου
2749 4861 2841 4913 καὶ
2863 4859 2959 4930 τὴν
2981 4858 3116 4927 πρὸς
3138 4858 3229 4909 τὸν
3251 4855 3720 4907 ἐπιϐουλευθέντα

2130 4958 2356 5024 Πατέρα
2374 4957 2466 5012 καὶ
2489 4952 2621 5005 Θεὸν
2639 4952 2937 5029 ἐποιήσατο
2965 4949 3261 5020 πρεσϐείαν
3280 4949 3306 4999 ὁ
3336 4947 3721 5018 καταρραγεὶς

2128 5046 2321 5116 ἐχθρός
2348 5063 2362 5111 ;
2397 5044 2572 5105 οὐδεὶς
2605 5043 2702 5110 μὲν
2727 5043 2834 5113 γὰρ
2857 5043 2920 5093 ἐκ
2944 5040 3051 5094 τῶν
3077 5039 3545 5092 συναποστάντων
3572 5036 3720 5103 αὖτῷ

2127 5137 2335 5206 ταύτην
2378 5135 2750 5204 ἀνετόλμησεν
2795 5133 3120 5201 ὑποστῆναι.
3167 5131 3278 5183 Καὶ
3329 5126 3494 5191 αὖθις
3540 5129 3718 5189 οὐδεὶς

2127 5230 2237 5282 τῶν
2281 5230 2429 5296 παρά
2465 5227 2542 5296 τῷ
2585 5226 2704 5294 Θεῷ
2749 5223 3143 5295 λειτουργικῶν
3181 5221 3434 5289 ἀγγέλων
3484 5220 3716 5288 ἠθέλησε

2133 5323 2454 5390 μεσιτεῠσαι
2481 5320 2555 5390 τῷ
2581 5321 2675 5372 καὶ
2702 5317 2906 5371 τούτων
2927 5317 3126 5394 ἐχθρῷ.
3159 5315 3280 5378 Πῶς
3312 5315 3369 5366 δὲ
3401 5317 3500 5366 καὶ
3529 5317 3555 5366 ὀ
3579 5317 3719 5380 ἀγα-

2133 5413 2222 5474 θὸς
2258 5412 2389 5473 Θεὸς
2424 5411 2744 5480 ἐπλήρωσεν
2787 5409 2852 5462 ἂν
2890 5409 2989 5477 τὴν
3025 5407 3238 5475 αἴτησιν
3273 5405 3368 5457 τοῦ
3405 5404 3718 5475 δυσμενοῦς

2132 5505 2231 5572 τὴν
2261 5504 2390 5574 περὶ
2415 5501 2509 5554 τοῦ
2541 5501 2901 5569 καταπέμψαι
2932 5500 3066 5569 πρὸς
3097 5499 3156 5549 τὸ
3179 5498 3244 5549 δι’
3270 5496 3444 5548 αὐτοῦ
3474 5495 3718 5548 πλασὺὲν

2136 5593 2294 5662 σῶμα
2324 5594 2537 5663 ψυχὴν,
2572 5594 2714 5646 ὥστε
2747 5588 2887 5644 εἶναι
2919 5591 3007 5643 τὸν
3039 5590 3330 5658 ἄνθρωπον
3366 5587 3552 5639 κοινόν
3577 5604 3591 5649 ;
3619 5584 3717 5645 Τίς

2133 5685 2242 5753 γὰρ
2260 5685 2512 5737 κοινωνία
2543 5687 2682 5751 φωτὶ
2710 5685 2845 5752 πρὸς
2881 5683 3069 5743 σκότος
3095 5700 3109 5746 ;
3141 5681 3236 5742 Τίς
3266 5679 3321 5731 δὲ
3351 5678 3718 5747 συμφώνησις

2136 5772 2257 5843 Θεῷ
2289 5775 2423 5844 πρὸς
2454 5775 2688 5844 Βελίαρ;
2723 5776 2845 5837 ηὼς
2873 5774 2917 5825 δ’
2969 5775 3036 5825 ἂν
3068 5775 3163 5827 καὶ
3186 5774 3213 5824 ὁ
3243 5772 3529 5826 Batava“.
3562 5768 3716 5822 ἀσὼο

2534 5892 2553 5920 ⁵
2589 5887 2629 5943 ll
2653 5888 2776 5944 Cor.
2811 5906 2883 5953 vr,
2915 5888 3000 5952 14,
3027 5889 3109 5942 15.
