4044 6290
1361 278 1389 295 ⁴

333 427 464 493 1301

1205 437 1601 500 .PANOPLIA
1642 437 2096 504 DOGMATICA.
2144 462 2212 474 -
2250 435 2396 494 ΤΙΤ.
2441 435 2683 494 XXVII.

3429 391 3576 492 1302

332 557 502 610 ματος
525 538 620 604 ῶν,
653 542 984 610 σωματικῶς
1004 546 1086 614 τῇ
1104 543 1217 616 Εὕα
1248 547 1582 614 συνεγένετο,
1615 547 1662 599 εί
1693 547 1768 616 μή
1798 562 1902 600 που

2017 555 2182 614 gister
2212 554 2384 614 pater.
2422 545 2618 599 Verum
2679 538 2935 611 quoniam
2981 538 3179 593 nullius
3210 552 3396 592 rerum
3451 554 3578 608 pro-

331 630 471 682 κατὰ
513 630 816 694 φαντασίαν
857 633 999 686 εἴποι
1035 650 1157 701 τις;
1191 637 1252 688 Ei
1292 636 1352 688 δὲ
1393 639 1531 690 κατά
1561 638 1904 705 φαντασίαν,

332 719 450 781 πῶς
480 719 544 773 ἂν
575 721 994 793 ὲπαιδοποίησεν
1016 725 1075 791 ἐξ
1104 726 1273 796 αὐτῆς
1297 742 1310 792 ;
1341 727 1463 790 Πῶς
1484 727 1540 780 δὲ
1563 729 1592 779 ὁ
1621 728 1758 779 Κάῖν
1791 726 1905 790 υίὸς

333 809 498 862 αὑτοῦ
531 811 770 879 γεγονὼς
815 814 914 866 οὐκ
952 815 1100 886 αύτῷ
1124 811 1192 886 ἦν
1240 816 1352 879 ῖσος
1401 817 1494 869 καὶ
1528 818 1734 886 ὅμοιος,
1770 817 1907 870 ἀλλά

333 900 412 969 τῷ
451 901 658 970 ’Δδάμς
689 903 805 956 Πᾶν
825 903 934 972 γὰρ
959 905 1205 974 γέννημα
1237 906 1349 959 ίσον
1380 908 1475 959 καὶ
1494 909 1678 976 ὅμοιον
1709 909 1786 976 τῷ
1815 924 1904 976 γε·

336 993 629 1061 γεννηκότι
670 993 814 1046 κατά
849 993 948 1064 τὴν
977 995 1140 1063 φύσιν
1179 996 1345 1050 ἐστίν.
1410 998 1468 1050 '0
1498 997 1558 1050 δὲ
1605 998 1906 1060 ἀπόστολος

347 1082 598 1152 Ἰωάννης
634 1079 787 1137 εἶπεν
815 1085 885 1139 ἐκ
912 1085 1018 1140 τοῦ
1057 1087 1323 1155 πονηροῦ
1353 1087 1460 1142 τὸν
1497 1085 1669 1150 Κάῖν,
1701 1089 1798 1157 οὐχ
1831 1091 1906 1152 ὡς

339 1170 403 1222 ἐκ
428 1169 520 1222 τοῦ
552 1171 793 1242 πονηροῦ
821 1175 1149 1244 σωματικῶς
1177 1177 1530 1248 γεννηθέντα,
1562 1178 1677 1231 ἀλλ’
1709 1178 1782 1241 ὡς
1805 1180 1906 1248 τὴν

339 1216 402 1222 ην
437 1216 516 1222 ννν
558 1216 791 1242 "vnn-vv
822 1216 1146 1244 vwr-"nw‘
1188 1216 1530 1248 ι-’νσινθνυυιο
1562 1216 1660 1231 νην*
1709 1216 1780 1241 “"0
1815 1216 1904 1248 ’σι’

308 1216 538 1386 ἶκακίαν
558 1263 619 1326 ἐξ
640 1264 854 1317 ἐκείνου
880 1267 1257 1346 μεμαθηκότα.
1293 1268 1558 1331 Πολλάκις
1582 1268 1690 1338 γάρ
1715 1268 1906 1320 τέκνον

319 1355 550 1386 Αδέυενηι
591 1358 679 1386 ναὶ
705 1359 730 1386 ,ι
762 1358 1010 1386 ..-οη-λ.-
1057 1361 1146 1386 ...Α
1179 1361 1359 1386 _.._.L-
1419 1361 1576 1386 -10--
1613 1363 1634 1386 ,ι
1657 1360 1877 1386 ἓ.ἒέ.-..-

315 1341 553 1434 ἐλέγεται
591 1358 685 1409 καὶ
705 1359 732 1409 ό
760 1341 1031 1429 μαθητὴς,
1057 1361 1152 1414 καὶ
1179 1361 1362 1430 πατὴρ
1416 1361 1576 1424 αὖθις
1611 1363 1636 1413 ὁ
1655 1360 1902 1414 διδάσκα-

316 1441 449 1521 ξλος.
506 1447 663 1500 Ἐπεὶ
707 1448 766 1502 δὲ
813 1450 1028 1514 οὐδενὸς
1075 1451 1184 1506 τῶν
1232 1451 1544 1520 ὲγκοσμίων
1587 1453 1907 1521 κτισμάτων

339 1491 449 1508 -ι-,.
525 1491 663 1500 ω.-.
709 1491 766 1502 --
814 1491 1026 1514 "ﬂ",
1087 1491 1181 1506 ...η
1232 1491 1256 1503 ..
1303 1491 1394 1505 ,νυν
1451 1491 1541 1504 .w.
1589 1491 1708 1505 ...η
1762 1491 1903 1505 ...ων

313 1491 550 1610 ζὲδείχθη
585 1537 919 1610 δημιουργὸς
945 1543 972 1594 ὁ
1002 1491 1373 1607 Σατανᾶςίώς
1405 1491 1462 1595 ἓν
1492 1546 1603 1606 τοῖς
1629 1491 1767 1596 κατι-ἀ
1799 1542 1907 1596 τῶν

311 1602 718 1683 ῘΠαυλικιάνων
754 1602 1068 1699 κειραλαίοις
1099 1602 1538 1704 ἀναγέγραπται,
1573 1602 1708 1702 πρὸς
1737 1633 1772 1687 ἀ
1804 1634 1908 1702 πρὸ

341 1718 540 1786 μικροῦ
563 1721 891 1792 προεπέμψα
901 1740 1018 1791 μεν,
1042 1725 1254 1787 οὐδενὸς
1279 1725 1387 1795 ἀρα
1410 1725 1517 1777 τῶν
1540 1725 1596 1776 ὲν
1623 1724 1697 1796 τῷ
1719 1725 1909 1792 κόσμῳ

340 1810 655 1878 κτισμάτων
690 1815 1114 1884 κοσμοκράτορα
1148 1816 1242 1868 καὶ
1295 1814 1486 1886 κύριον
1518 1816 1681 1869 αὑτὸν
1715 1818 1741 1868 ό
1775 1815 1907 1878 Θεὸς

2009 646 2338 698 creatarum,
2367 650 2484 704 quae
2517 636 2568 687 in
2605 634 2805 688 mundo
2828 641 2973 695 sunt,
3008 640 3194 683 auctor
3218 638 3300 683 est
3326 627 3576 694 Satanas,

2007 736 2065 780 ut
2095 726 2149 780 in
2190 727 2296 779 illis
2331 726 2597 792 capitibus
2632 726 2891 786 adversus
2938 722 3282 776 Paulicianos
3337 720 3575 786 scriptis,

2008 816 2076 869 ad
2104 830 2223 884 quae
2256 815 2414 885 paulo
2446 824 2570 870 ante
2603 817 2860 867 lectorem
2896 814 3199 882 rejecimus,
3244 803 3583 864 demonstra;

2008 915 2122 960 tum
2155 917 2259 972 est,
2306 913 2540 968 constat,
2587 921 2708 958 eum
2769 905 2964 960 nullius
3017 905 3093 958 rei
3134 918 3251 973 qua:
3282 902 3334 954 in
3382 901 3579 954 mundo

2007 1001 2100 1064 sit,
2137 1000 2412 1054 dominmn
2437 1014 2467 1053 a
2495 998 2603 1053 Deo
2630 997 2796 1053 fuisse
2825 998 3205 1051 constitutum.
3271 993 3376 1047 Sed
3436 1008 3573 1060 quo-

2007 1088 2152 1142 niam
2195 1088 2514 1143 vocabulum
2571 1087 2698 1151 hoc,
2733 1088 2982 1150 mundus,
3039 1084 3316 1153 multiplex
3365 1091 3467 1146 est,
3528 1093 3583 1134 et

2007 1178 2280 1247 signiﬁcat
2332 1179 2494 1234 etiam
2557 1178 2817 1232 malitiam
2891 1186 2945 1232 et
2985 1175 3309 1244 nequitiam,
3357 1188 3477 1241 quae
3526 1171 3578 1224 in

2007 1270 2209 1323 mundo
2239 1284 2342 1335 σει,
2364 1269 2430 1324 de
2460 1285 2563 1338 qua
2589 1269 2846 1326 Dominus
2895 1269 2961 1322 ad
3017 1267 3310 1334 discipulos
3353 1263 3581 1333 loquens

2008 1359 2272 1414 intellexit
2305 1378 2317 1413 :
2351 1359 2412 1414 Si
2442 1377 2504 1414 ex
2539 1361 2754 1424 mundo,
2785 1361 3051 1429 inquiens,
3103 1357 3307 1419 essetis,
3355 1355 3582 1408 mundus

2007 1450 2144 1520 quod
2169 1467 2322 1504 suum
2353 1460 2426 1505 est
2452 1451 2691 1519 diligeret
2719 1451 2762 1513 ί,
2827 1451 2980 1504 istius
3001 1449 3168 1504 solius
3195 1446 3451 1501 Dominus
3491 1458 3582 1510 ap-

2009 1540 2240 1610 pellatur
2281 1557 2296 1594 :
2338 1540 2448 1608 ipse
2473 1541 2616 1596 enim
2646 1543 2712 1594 ab
2746 1541 2968 1594 honesto
3017 1540 3272 1592 recedens
3320 1535 3577 1591 malitiam

2007 1633 2318 1702 peperit,~et
2353 1648 2448 1702 per
2481 1633 2648 1702 ipsam
2684 1633 2937 1702 princeps
2974 1647 3037 1685 ac
3086 1631 3338 1685 dominus
3390 1641 3575 1682 eorum

2010 1723 2382 1789 constituitur,
2407 1724 2497 1794 qui
2527 1725 2590 1778 ab
2631 1724 2719 1777 illa
2751 1725 2981 1794 decepti,
3015 1723 3064 1778 ei
3117 1737 3234 1778 sese
3272 1721 3413 1776 ultro
3456 1719 3582 1773 sub-

2006 1815 2230 1882 jiciunt.

339 1903 695 1972 κατέστηκεν.
768 1905 908 1958 Ἀλλ’
954 1907 1076 1960 ἐπεὶ
1130 1908 1546 1978 πολυσήμαντον
1591 1907 1759 1975 ὄνομα
1811 1906 1905 1958 τοῦ
1947 1906 2151 1975 κόσμου
2179 1908 2445 1974 πέφυκεν,
2471 1906 2530 1958 ἓν
2559 1906 2616 1958 δὲ
2666 1906 2773 1958 τῶν
2814 1906 3237 1976 σημαινομένων
3285 1903 3401 1956 ἐστὶ
3431 1901 3581 1971 καὶὴ

341 1993 580 2062 κοσμικὴ
627 1993 796 2046 κακία
870 1997 963 2048 καλ¹
1011 1996 1306 2066 μοχθηρία,
1348 1998 1477 2065 περὶ
1524 1990 1591 2064 ἦς
1641 1997 1667 2047 ό
1709 1994 1908 2064 Κύριος
1942 1993 2095 2060 ἔλεγε
2133 1995 2269 2063 πρὸς
2309 1994 2436 2055 τοὺς
2509 1995 2778 2064 μαθητάς,
2826 1997 2907 2047 ὅτι
2946 1997 3014 2048 El
3079 1997 3144 2047 ἐκ
3192 1994 3296 2048 τοῦ
3345 1992 3581 2060 κόσμου

341 2076 465 2148 ἦτε,
497 2087 529 2137 ὀ
559 2085 785 2154 κόσμος
817 2086 894 2141 ἂν
921 2086 987 2138 τὸ
1019 2087 1174 2141 ἴδιον
1195 2088 1412 2156 ἐφίλει,
1446 2087 1649 2155 ταύτης
1682 2085 1736 2136 δὲ
1769 2085 1937 2156 μόνης
1975 2084 2302 2154 ὀνομάζεται
2337 2087 2755 2156 κοσμοκράτωρ,
2789 2087 2953 2149 αὐτὸς
2999 2086 3096 2152 τὴν
3130 2085 3328 2138 κακίαν
3383 2083 3584 2152 ταύτην

341 2171 752 2245 δημιουργήσας
778 2180 843 2247 τῇ
873 2177 967 2230 τοῦ
999 2177 1166 2231 καλοῦ
1200 2182 1367 2248 φυγῇ,
1401 2178 1493 2232 καὶ
1518 2177 1584 2230 δι’
1615 2177 1784 2246 αὐτῆς
1811 2175 2014 2246 ἄρχων,
2040 2178 2136 2229 καὶ
2172 2175 2441 2245 κυριεύων
2497 2178 2602 2229 τῶν
2643 2178 2732 2230 ὑπ’
2761 2178 2931 2246 αὐτῆς
2997 2176 3423 2248 δελεαζομένων,
3489 2179 3580 2232 καὶ

340 2266 793 2334 ὑποταττομένων
819 2267 1077 2329 ἑκουσίως
1107 2267 1276 2336 αὐτῷ.

409 2356 658 2426 η’.Λέγου
669 2372 772 2420 σιν,
788 2355 869 2408 ὅτι
885 2357 990 2408 τῶν
1006 2359 1304 2426 ανθρώπων
1326 2357 1533 2426 πικρῶς
1543 2375 1803 2429 τυραννον
1813 2356 1902 2426 μέ-

2079 2353 2133 2407 8.
2163 2353 2372 2416 Dicunt,
2397 2368 2516 2407 cum
2535 2352 2778 2407 homines
2797 2353 3292 2408 acerbodcemonum
3311 2351 3583 2406 dominatu

341 2467 448 2504 νων
469 2490 486 2514 ,
519 2449 615 2502 καὶ
648 2448 873 2516 ἀπηνῶς
907 2449 1300 2518 ἀπολλυμένων
1321 2494 1334 2512 ,
1371 2451 1532 2520 μόγις
1561 2450 1730 2518 ὀλίγοι
1767 2451 1908 2512 τινὲς

341 2543 439 2610 τῆς
483 2540 580 2594 τοῦ
611 2540 822 2610 Πατρδς
860 2541 1078 2610 μερίδος
1116 2543 1386 2609 ἐγένοντο,
1419 2543 1512 2594 καὶ
1562 2544 1643 2604 εἰς
1672 2541 1768 2612 τὴν
1800 2541 1909 2595 τῶν

343 2632 590 2700 ἀγγέλων
645 2631 799 2697 τάξιν
846 2632 1141 2702 ἀνέδησαν.
1194 2631 1431 2695 Τούτους
1479 2633 1535 2686 δὲ
1589 2629 1731 2686 εἶναι
1784 2632 1911 2696 τοὺς

345 2725 402 2777 ἐν
435 2726 552 2786 ταῖς
583 2723 957 2790 γενεαλογίαις
980 2723 1073 2776 τοῦ
1099 2741 1156 2777 τε
1191 2725 1330 2777 κατά
1361 2725 1640 2777 Ματθαῖον
1669 2725 1912 2792 Εὐαγγέ-

345 2815 460 2867 λίου
494 2813 588 2866 καὶ
626 2810 720 2866 τοῦ
755 2815 897 2869 κατὰ
937 2816 1152 2868 Λουκᾶν
1201 2815 1733 2885 μνημονευομένους.
1781 2813 1943 2892 Ὀψέα

2008 2453 2407 2513 premerentur,
2441 2443 2836 2512 crudeliterque
2865 2445 3237 2512 perderentur,
3271 2443 3354 2496 vix
3381 2458 3580 2512 paucos

2010 2549 2071 2590 ex
2103 2543 2250 2603 parte
2284 2533 2457 2586 Patris
2487 2533 2786 2600 exstitisse,
2813 2542 2867 2587 et
2890 2535 2941 2586 in
2971 2533 3281 2602 angelorum
3335 2534 3577 2588 ordinem

2011 2625 2435 2688 ascendisse,eos
2457 2623 2732 2688 nimirum,
2761 2625 2850 2692 qui
2881 2627 2930 2678 in
2961 2624 3288 2694 genealogiis
3313 2623 3584 2695 Evangelii

2010 2715 2609 2773 sccundumMatthieum
2629 2725 2678 2769 et
2697 2715 2986 2785 secundum
3006 2715 3200 2770 Lucam
3222 2727 3584 2770 recense.itur.

2011 2803 2247 2858 Tandem
2269 2813 2444 2858 autem
2472 2805 2756 2874 aliquando
2773 2805 2987 2859 Patrem
3011 2821 3069 2860 se
3107 2803 3276 2873 decipi
3332 2807 3586 2875 atquein-

347 2920 478 2956 ποτε
528 2903 584 2956 δὲ
613 2904 811 2973 συνῆκε
859 2903 1284 2971 κατασοφισθεὶς
1332 2905 1359 2956 ό
1391 2904 1600 2972 Πατὴρ,
1651 2904 1744 2955 καὶ
1797 2901 1910 2954 ἀδι-

2017 2893 2143 2961 iguria
2161 2893 2293 2947 allici
2323 2895 2876 2965 animadvertisse,qui
2906 2913 3023 2949 cum
3048 2896 3473 2966 praestantiorem
3493 2893 3592 2950 ho-

349 2995 562 3049 κεῖσθαι
591 2995 773 3063 γνοὺς,
810 2997 892 3048 ὅτι
922 2996 982 3048 τὸ
1012 2995 1340 3064 τιμιώτερον
1373 2999 1540 3065 μέρος
1571 2996 1662 3048 τοῦ
1694 2994 1910 3066 ἀνθρὼ-

349 3105 452 3140 που
481 3087 603 3150 δοὺς
625 3127 638 3151 ,
665 3087 735 3140 τὰ
761 3086 1096 3156 καιριώτατα
1134 3087 1457 3150 συντελέσας
1493 3089 1572 3149 είς
1604 3087 1693 3138 τὸν
1726 3088 1909 3154 ἀπαρ-

349 3177 540 3246 τισμὸν
588 3176 780 3240 αὐτοῦ,
839 3179 1368 3245 πολλοστημόριον
1414 3177 1774 3244 ἀποφαίνεται
1818 3175 1912 3228 τοῦ

349 3272 564 3338 γένους,
605 3271 697 3323 καὶ
747 3270 864 3339 ἅμα
903 3271 1236 3340 κατελεήσας
1283 3271 1382 3338 τὴν
1425 3269 1623 3339 ψυχὴν,
1679 3270 1739 3322 τὸ
1785 3269 1915 3324 ἴδιον

352 3361 655 3431 ἐμφύσημα
690 3361 1003 3430 πάσχουσαν
1029 3360 1200 3423 οὕτως
1231 3361 1454 3424 ἀθλίως,
1495 3360 1590 3413 καὶ
1613 3361 1916 3414 καταδυνα-

353 3441 696 3524 στευομένηνκ
733 3453 1090 3520 διαναστῆναι
1136 3453 1270 3522 πρὸς
1311 3453 1547 3522 ἄμυναν,
1577 3453 1688 3519 πκαὶ
1719 3455 1793 3505 ’έν
1839 3452 1916 3520 τῷ

353 3543 878 3614 πεντακισχιλιοστῷ
911 3542 1358 3612 πεντακοσιοστῷ
1390 3541 1498 3594 έτει
1524 3541 1916 3612 ὲξερεύξασθαι

351 3634 451 3701 τῆς
482 3633 679 3688 ἑαυτοῦ
725 3637 952 3705 καρδίας
989 3635 1180 3702 Λόγον,
1217 3634 1406 3688 τοῦτον
1431 3635 1494 3705 δὴ
1536 3637 1624 3688 τὸν
1655 3635 1782 3689 Υίδν
1824 3636 1917 3687 καὶ

350 3724 505 3781 Θεόν.
545 3724 942 3792 Ἐξηρεύξατο
971 3724 1104 3792 γὰρ,
1135 3728 1319 3792 φησὶν,
1351 3725 1389 3790 ἡ
1419 3725 1632 3793 καρδία
1658 3743 1776 3793 μου
1809 3725 1921 3779 Λό-

351 3833 462 3884 γον
494 3816 744 3885 ἀγαθόν.
779 3815 982 3868 Τοῦτον
1022 3815 1077 3867 δὲ
1105 3815 1197 3868 τὸν
1226 3815 1396 3882 Λόγον
1429 3816 1522 3868 καὶ
1555 3816 1684 3868 Υἱὺν
1718 3816 1922 3886 ἰσχυρί-

353 3906 535 3970 ζονται
579 3903 717 3958 εῖναι
739 3907 830 3958 τὸν
868 3903 1205 3976 ἀρχάγγελον
1230 3905 1468 3974 Μιχαήλ.
1489 3905 1764 3960 Καλεῐτα]
1790 3907 1921 3974 γὰρ,

353 3999 509 4066 φησὶ,
542 3998 608 4050 τὸ
642 3997 829 4066 ὄνομα
858 3995 1044 4050 αὑτοῦ
1072 4001 1340 4065 μεγάλης
1368 3996 1611 4065 βουλῆς
1644 3997 1918 4066 ἄγγελος.

352 4088 412 4142 Ἀ
424 4087 721 4158 ρχάγγελον
759 4088 857 4157 μὲν
881 4087 1214 4159 καλούμενον
1238 4089 1313 4150 ὡς
1355 4088 1625 4157 θειότερον
1653 4089 1788 4141 ὅλων
1817 4089 1924 4143 τῶν

353 4179 624 4248 ἀγγέλων,
668 4174 875 4247 Ἰησοῦν
907 4180 982 4244 δὲ,
1018 4181 1093 4244 ὡς
1123 4179 1304 4233 πᾶσαν
1335 4178 1489 4230 νόσον
1523 4177 1618 4232 καὶ
1649 4179 1922 4248 μαλακίαν

358 4272 587 4341 ίώμενον
607 4312 624 4336 ,
656 4272 890 4342 Χριστὸν
921 4271 997 4338 δὲ,
1024 4272 1100 4334 ὡς
1138 4269 1429 4341 χρισθέντα
1463 4271 1527 4338 τῇ
1565 4269 1748 4338 σαρκί.
1785 4268 1924 4322 Κατ-

355 4363 530 4416 ελθεῖν
577 4363 634 4416 δὲ
661 4363 894 4425 ἀνωθεν,
925 4365 1018 4417 καὶ
1041 4364 1332 4432 είσρυῆναι
1357 4361 1448 4414 διὰ
1463 4360 1556 4412 τοῦ
1589 4361 1764 4428 δεξιοῦ
1787 4361 1924 4423 ὠτὸς

355 4453 452 4520 τῆς
486 4453 766 4524 Παρθένου
802 4454 896 4507 καὶ
931 4452 1254 4523 περιθέσθαι
1286 4452 1467 4521 σάρκα
1493 4451 1572 4520 τῷ
1607 4453 1922 4521 φαινομένῳ

361 4543 458 4612 μὲν
505 4544 698 4615 ύλικὴν
745 4545 840 4597 καὶ
888 4545 1077 4613 ὁμοίαν
1114 4542 1406 4614 ἀνθρώπου
1458 4541 1731 4613 σώματος,
1771 4546 1837 4615 τῇ
1881 4545 1924 4598 δ’

358 4637 587 4708 ἀληθείᾳ
616 4638 776 4692 άῦλον
801 4638 896 4692 καὶ
917 4637 1217 4708 θεοπρεπῆ,
1248 4639 1346 4691 καὶ
1367 4635 1603 4714 ἐξελθεῖν
1628 4631 1783 4700 αὖθις
1805 4637 1925 4690 ὅθεν

359 4727 596 4796 είσῆλθε,
651 4728 751 4798 τῆς
810 4728 1086 4798 Παρθένου
1147 4729 1284 4799 μήτε
1339 4728 1436 4798 τὴν
1492 4728 1700 4782 εἴσοδον
1759 4729 1924 4782 αὑτοῦ

360 4817 612 4886 γνούσης,
650 4821 786 4889 μήτε
818 4819 915 4889 τὴν
950 4819 1145 4885 ἔξοδον,
1177 4819 1290 4872 ἀλλ’
1315 4818 1500 4883 ἁπλῶς
1525 4821 1802 4891 ,εὑρούσης
1834 4821 1929 4874 αύ-

359 4908 449 4960 τδν
483 4910 541 4960 ὲν
583 4909 660 4979 τῷ
698 4910 947 4979 σπηλαίῳ
981 4910 1233 4979 κείμενον
1271 4910 1791 4980 ἐσπαργανωμένον,
1833 4912 1927 4964 καὶ

2011 2982 2170 3036 minis
2204 2993 2407 3050 partem
2443 2985 2737 3048 tribuisset,
2769 2987 2820 3038 in
2867 3001 3036 3054 eoque
3084 2987 3439 3056 perficiendo,
3461 3005 3580 3056 qua

2013 3075 2294 3142 praecipuae
2332 3084 2455 3128 sunt
2477 3087 2654 3144 partes
2703 3075 3036 3143 absolvisset,
3062 3078 3264 3147 majore
3293 3087 3467 3132 tamen
3493 3095 3586 3149 ge-

2013 3166 2164 3218 neris
2187 3165 2459 3218 hominum
2482 3181 2704 3219 numero
2730 3168 3048 3234 privaretur,
3080 3169 3423 3237 animamque
3444 3185 3589 3223 com-

2015 3256 2322 3318 miseratus,
2364 3271 2525 3323 quam
2564 3257 2675 3323 ipse
2715 3257 3058 3317 insnillzissct,
3096 3274 3215 3328 qua:
3248 3270 3354 3313 tam
3383 3263 3581 3315 misera

2015 3344 2274 3398 servitute
2299 3343 2650 3413 aliligeretur,
2691 3345 2756 3397 ad
2814 3347 3071 3401 ultionem
3125 3345 3266 3400 anno
3300 3349 3587 3417 quinquies

2017 3435 2302 3489 millesimo
2357 3437 2789 3504 quingentesimo
2850 3452 2916 3490 ex
2981 3438 3145 3492 corde
3197 3453 3294 3493 suo
3344 3437 3586 3493 .Verbum

2017 3538 2316 3591 eructasse,
2334 3526 2384 3579 id
2413 3526 2721 3590 est,Filium
2739 3527 2990 3581 etDeum.
3013 3526 3282 3595 Scriptum
3300 3538 3381 3584 est
3395 3533 3538 3585 enim
3567 3547 3583 3584 :

2021 3615 2402 3670 Eructavitcor
2452 3633 2622 3676 meum
2672 3617 2886 3671 Verbum
2931 3619 3120 3671 bonum
3151 3619 3192 3674 '.
3251 3620 3361 3674 lloc
3414 3632 3588 3676 autem

2021 3707 2256 3762 Verbum
2312 3717 2366 3761 et
2427 3707 2620 3761 Filium
2679 3707 2990 3761 Michaclem
3046 3710 3422 3778 archangelum
3471 3726 3591 3765 esse

2022 3799 2349 3854 contendunt
2389 3814 2405 3850 :
2477 3795 2758 3850 Vocabitur
2803 3799 2962 3863 enim,
3021 3797 3214 3866 inquit,
3255 3816 3441 3853 nomen
3473 3803 3588 3876 ejus

2022 3890 2198 3958 magni
2219 3889 2424 3941 consilii
2447 3889 2658 3958 angelus
2686 3889 2725 3940 ³.
2779 3888 3175 3956 Archangelum
3215 3893 3392 3944 vocari
3443 3893 3584 3960 quod

2022 3979 2226 4050 angelis
2277 3979 2529 4043 omnibus
2585 3981 2888 4042 antecellat,
2949 3979 3132 4034 Jesum
3193 3992 3394 4047 autem,
3444 3983 3591 4052 quod

2023 4087 2237 4127 omnem
2269 4071 2512 4124 morbum
2562 4085 2884 4140 omnemque
2910 4071 3150 4126 dolorem
3213 4083 3386 4137 curet,
3431 4071 3590 4127 Chri-

2024 4168 2164 4214 stum
2195 4172 2341 4222 vero,
2374 4159 2512 4226 quod
2541 4169 2730 4212 unctus
2752 4161 2823 4214 sit
2877 4174 3040 4213 carne
3061 4200 3076 4223 ,
3133 4159 3481 4215 descendisse
3528 4167 3592 4216 de

2026 4252 2196 4316 caelis,
2237 4261 2291 4306 et
2318 4266 2410 4319 per
2458 4266 2638 4305 aurem
2689 4251 2920 4322 Virginis
2955 4254 3230 4308 dexteram
3287 4253 3582 4322 inlluxisse,

2027 4357 2240 4415 carnem
2279 4341 2540 4405 induisse,
2567 4357 2685 4410 quae
2711 4351 2928 4410 aspectu
2956 4345 3170 4413 quidem
3224 4345 3470 4398 videatur
3517 4362 3581 4400 ex

2028 4431 2248 4485 materia
2279 4440 2548 4495 constare,
2582 4439 2636 4483 et
2660 4433 2877 4485 humani
2921 4433 3163 4500 corporis
3185 4447 3306 4488 esse
3366 4435 3586 4502 similis,

2026 4537 2146 4576 cum
2209 4531 2385 4575 tamen
2408 4535 2594 4575 revera
2625 4523 2858 4576 materiae
2911 4524 2979 4578 sit
3029 4539 3222 4593 expers
3269 4541 3330 4580 ac
3382 4527 3582 4581 divina.

2027 4614 2258 4667 Rursum
2289 4620 2466 4666 autem
2487 4625 2760 4679 egressum
2791 4628 2910 4669 esse
2936 4629 3032 4683 per
3060 4615 3204 4669 illam
3229 4627 3458 4685 partem,
3491 4632 3588 4686 per

2027 4717 2185 4772 quam
2212 4701 2514 4768 introierat,
2542 4699 2762 4773 Virgine
2796 4718 2895 4758 nec
2947 4705 3226 4759 introitum
3281 4706 3452 4774 ipsius
3494 4721 3595 4762 nec

2029 4795 2227 4848 exitum
2253 4793 2556 4847 sentiente:
2586 4791 2901 4860 simpliciter
2926 4793 3068 4846 enim
3097 4807 3218 4846 eum
3253 4795 3308 4846 in
3339 4794 3592 4862 spelunca

2025 4888 2290 4956 iacentem
2351 4893 2408 4940 et
2465 4884 2654 4953 pannis
2707 4883 2998 4936 involutum
3050 4883 3335 4950 reperisse,
3391 4899 3456 4939 ac
3489 4887 3596 4942 dis-

361 5000 573 5056 τελέσαι
608 5003 706 5072 τὴν
741 5003 1003 5073 ἐνσαρκον
1041 5002 1378 5083 οἰκονομίαν,
1419 5004 1512 5056 καὶ
1554 5003 1798 5070 ποιῆσαι,
1833 5004 1916 5056 καῖ

2033 4977 2399 5048 pensationem
2429 4973 2645 5042 quidem
2681 4973 2732 5026 in
2758 4987 2920 5027 carne
2950 4975 3223 5042 peregisse
3269 4973 3590 5045 fecisseque.

359 5092 566 5157 διδάξαι
592 5094 660 5146 τά
689 5096 747 5147 ὲν
778 5096 890 5156 τοῖς
925 5095 1277 5162 Εὑαγγελίοις
1308 5095 1720 5164 ἀναταττόμενα
1741 5135 1756 5160 ,
1784 5095 1924 5164 πλὴν

365 5185 421 5235 ἓν
483 5184 757 5254 φαντασίᾳ
816 5186 926 5246 τοῖς
981 5184 1506 5254 ἀνθρωποπρεπέσιν
1566 5185 1929 5252 ὑποκείμενον

366 5273 586 5328 πάθεσι.
608 5275 1002 5345 Σταυρωθέντα
1025 5275 1079 5328 δὲ
1107 5276 1199 5328 καὶ
1221 5275 1531 5328 ἀποθανεῖν.
1564 5276 1671 5328 Καὶ
1698 5274 1931 5344 ἀναστῆ-

366 5381 450 5416 ναι
493 5364 721 5430 δόξαντα
769 5367 929 5417 λῦσαι
980 5365 1077 5433 τὴν
1125 5365 1349 5435 σκηνὴν,
1399 5366 1494 5417 καὶ
1535 5365 1823 5434 γυμνῶσαι
1869 5365 1930 5416 τὸ

366 5452 570 5521 δρᾶμα,
615 5455 709 5507 καὶ
743 5455 1078 5521 ἀποθέμενον
1114 5455 1174 5507 τὸ
1209 5456 1552 5524 προσωπεῖον
1587 5456 1804 5523 συσχεῖν
1840 5453 1931 5505 τὸν

368 5545 680 5614 ἀποστάτην
702 5587 716 5610 ,
751 5548 844 5600 καὶ
879 5549 1044 5616 παχεῖ
1075 5548 1170 5600 καὶ
1205 5547 1361 5616 βαρεί
1393 5545 1558 5612 κλοιῷ
1594 5546 1890 5614 καταδῆσαι
1914 5587 1928 5608 ,

370 5636 463 5689 καὶ
496 5638 774 5704 ἐγκλεῖσαι
803 5639 880 5709 τῷ
910 5640 1186 5710 ταρτάρῳ,
1233 5641 1580 5709 περιελόντατ,
1617 5641 1708 5692 καὶ
1746 5643 1808 5693 ἐκ
1837 5639 1931 5691 τοῦ

445 5835 459 5866 ¹
492 5832 673 5890 Matth.
719 5852 806 5906 xv,
847 5838 927 5893 l9.
1005 5841 1024 5869 ’
1058 5840 1198 5894 PSul.
1233 5856 1372 5905 κων,
1399 5842 1452 5894 2.
1531 5842 1551 5871 ³
1577 5840 1675 5894 lsa.
1703 5857 1774 5903 ix,
1803 5841 1852 5898 6.

2032 5077 2085 5124 et
2112 5067 2358 5122 docuisse
2381 5079 2442 5116 ea
2473 5077 2591 5132 quas
2619 5063 2673 5116 in
2691 5063 2996 5130 Evangeliis
3017 5064 3388 5130 continentur,
3415 5069 3592 5133 specie

2028 5168 2204 5212 tamen
2237 5165 2291 5212 et
2316 5155 2567 5223 opinione
2590 5155 2848 5209 duntaxat
2878 5150 3045 5208 fuisse
3069 5154 3318 5211 humanis
3349 5156 3592 5211 aﬂ‘ectio-

2030 5250 2186 5304 nibus
2250 5246 2565 5311 obnoxium,
2622 5254 2676 5300 et
2722 5260 2846 5299 cum
2903 5245 3176 5300 videretur
3224 5248 3488 5317 cruciﬁgi,
3541 5262 3595 5302 et

2030 5339 2184 5403 mori,
2211 5347 2263 5391 et
2337 5352 2636 5406 resurgere,
2697 5351 2914 5391 scenam
2957 5337 3205 5402 solvisse,
3251 5349 3305 5392 et
3354 5338 3586 5392 fabulam

2029 5433 2369 5500 patefecisse,
2397 5425 2741 5498 depositaque
2773 5444 2998 5496 persona
3057 5427 3367 5484 confudisse
3413 5431 3595 5484 deser-

2031 5536 2222 5588 torem,
2248 5531 2300 5577 et
2330 5537 2511 5577 crassa
2561 5523 2816 5589 gravique
2845 5531 3032 5574 catena
3063 5520 3304 5573 vinctum
3354 5521 3407 5573 in
3451 5519 3592 5575 T-an-

2033 5625 2144 5672 taro
2177 5616 2476 5678 inclusisse,
2504 5614 2874 5681 ademisseque
2905 5611 3049 5665 illius
3077 5612 3278 5666 nomini
3308 5613 3596 5684 syllabam,
