4044 6290
322 314 340 376 1
354 314 461 378 305

1214 317 1590 379 PANOPLIA
1630 317 2094 397 DOGMATICA.
2122 343 2194 354 —
2231 318 2379 409 ΤΠ.
2421 318 2665 381 xxvn.

3446 319 3583 383 1306

318 429 383 480 ὲκ
410 427 511 494 τῆς
540 426 885 513 Μανιχαῖκῆς
909 427 1094 513 αὐτοῖς
1122 428 1411 515 ἀνεσπάρη
1443 427 1898 513 παραφροσύνης,

2008 429 2277 483 Armenios
2294 429 2530 498 scriptus
2560 439 2665 494 est,
2699 427 2815 498 lege
2841 427 3130 499 septimum
3179 434 3367 496 caput,
3433 438 3485 481 et
3515 429 3583 482 ad

320 522 415 576 καὶ
447 520 561 574 τῶν
589 520 699 590 πρὸ
742 508 1207 590 αὖτῆςλτοιούτων
1252 508 1540 590 αἱρέσεων.
1597 508 1900 587 Ἀνάγνωθι

320 614 377 666 δὲ
424 614 482 664 ἑν
521 611 600 682 τῷ
654 610 805 665 κατὰ
844 610 1159 680 Ἀρμενίων
1213 610 1379 680 τίτλῳ
1412 612 1476 663 τὸ
1525 610 1754 680 ἕϐδομον
1806 627 1899 664 κε-

325 705 573 772 φάλαιον,
599 698 697 758 καὶ
726 694 1002 774 κατάϐηθι
1028 694 1115 771 eq)"
1136 703 1172 757 ἃ
1195 690 1769 773 τοῦτοίπαραπέμπει,
1805 703 1895 758 καί

323 799 424 849 οὐκ
447 797 660 863 ἀγενεῖς
690 796 945 865 εὑρήσεις
976 797 1361 867 παρατροπὰς.
1389 796 1604 852 Γελοῖόν
1636 796 1693 849 δὲ
1725 799 1822 851 κα¹ι
1837 799 1901 852 τὸ

329 890 597 959 περιελεῖν
650 890 711 943 τὸ
761 890 829 960 ἢλ
863 889 956 941 τοῦ
989 890 1298 960 Σαταναὴλ,
1335 891 1427 945 καὶ
1462 892 1563 945 οὐκ
1599 892 1900 969 ἀξιόλογον.

324 984 434 1037 Καὶ
463 984 574 1053 γὰρ
608 984 703 1037 καὶ
728 984 836 1053 πρὸ
868 982 964 1036 τοῦ
993 984 1246 1038 καθελεῖν
1271 987 1373 1053 τὴν
1397 985 1689 1055 τυραννίδα
1710 986 1901 1039 τούτου

324 1074 512 1139 ἔλεγεν
550 1073 579 1125 6
618 1057 1047 1144 ὲνανθρωπήσας
1078 1073 1232 1137 Θεὸς,
1284 1073 1608 1147 Ἐθεώρουν
1640 1072 1750 1127 τὸν
1787 1076 1903 1128 Σα-

324 1164 516 1219 τανᾶν
559 1164 641 1229 ὡς
683 1163 1005 1231 ἀστραπὴν
1045 1164 1114 1217 ἐκ
1150 1161 1258 1218 τοῦ
1305 1164 1571 1232 οὐρανοῦ
1612 1164 1903 1229 πεσόντα,

330 1252 501 1321 μήπω
523 1250 648 1304 κατ’
703 1250 901 1313 αὐτοὺς
928 1253 1022 1304 τοῦ
1048 1252 1116 1322 ἢλ
1140 1253 1610 1323 περιαιρεθέντος.
1641 1254 1906 1323 Περιττὸν

326 1344 383 1396 δὲ
416 1344 511 1397 καὶ
543 1344 603 1396 τὸ
633 1344 911 1396 ἀντειπεῖν
943 1344 1085 1413 πρὸς
1111 1345 1212 1423 τὴν
1246 1345 1385 1414 μετά
1410 1349 1511 1414 τὴν
1543 1345 1817 1423 ἀνάληψιν
1846 1348 1905 1399 ὲν

325 1437 472 1506 δεξιᾷ
510 1436 781 1505 καθέδραν
812 1437 908 1491 τοῦ
942 1418 1321 1517 σαρκωθέντος
1355 1437 1455 1517 τὴν
1479 1437 1573 1491 ἐπὶ
1592 1437 1687 1491 τοῦ
1711 1418 1905 1507 θρόνου

324 1527 420 1579 τοῦ
452 1527 757 1599 Σαταναήλ.
790 1510 1287 1607 Προαποδέδεικται
1313 1510 1443 1605 γάρ,
1474 1529 1558 1584 δτι
1594 1529 1719 1583 οὔτε
1746 1531 1908 1599 φύσει

329 1621 446 1681 υίὸς
468 1614 538 1688 ἦν
566 1602 937 1684 ἑκεῖνος,οὺδὲ
962 1602 1333 1690 πρωτότοκος,
1361 1602 1488 1674 οὔτε
1520 1621 1709 1693 θρόνον
1739 1617 1903 1694 εἶχεν,

327 1709 450 1763 οὔτε
490 1710 547 1763 ὲν
582 1710 735 1780 δεξιᾷ
765 1695 911 1785 ποτεέ
932 1709 1027 1762 τοῦ
1060 1710 1275 1779 [ἰατρὸς
1306 1694 1552 1767 ἐκάθισε.
1876 1696 1879 1701 ’

2000 532 2063 571 ea
2086 520 2433 589 progredere,
2460 520 2526 574 ad
2563 510 2684 589 quae
2712 512 2861 574 inde
2917 518 3183 588 rejiceris,
3229 525 3285 570 et
3327 527 3585 573 strenuae

1998 608 2249 668 invenies
2276 611 2698 669 confutatioues.
2750 611 2870 666 Jam
2913 611 3042 667 illud
3066 611 3354 667 ridiculum
3406 618 3459 665 et
3486 612 3584 664 ab—

2001 701 2223 756 surdum
2268 712 2371 765 est,
2419 703 2569 772 quod
2613 718 2679 758 ex
2722 704 2942 758 nomine
2997 702 3249 757 Satanae!
3320 702 3581 771 syllabam

2000 794 2049 848 et
2116 793 2422 860 ademptam
2483 796 2687 849 dicunt.
2761 795 2969 849 Etenim
3055 796 3219 849 etiam
3290 805 3582 864 antequam

2005 874 2493 953 tyranniilem’ejus
2543 886 2865 939 evertisset:
2905 884 3180 950 Videbam,
3234 887 3408 955 inquit
3444 887 3583 939 Dcus

2005 976 2166 1030 homo
2186 968 2387 1039 iactus,
2410 972 2669 1029 Satanam
2698 986 2947 1047 tauquam
2979 978 3158 1046 fulgur
3178 994 3205 1031 ε
3232 979 3360 1032 casto
3389 979 3583 1031 caden-

2004 1074 2105 1119 tem
2135 1066 2175 1130 ',
2226 1081 2347 1121 cum
2391 1067 2630 1123 nondum
2665 1068 2713 1123 el
2740 1068 2944 1139 syllaba
2994 1069 3184 1123 fuisset
3207 1070 3439 1124 sublata.
3474 1071 3584 1124 Su-

2003 1170 2399 1226 pervacaneum
2436 1168 2519 1213 est
2542 1160 2706 1214 etiam
2738 1161 3055 1225 ostendere,
3087 1176 3210 1215 eum
3237 1173 3355 1230 post
3387 1177 3581 1215 ascen-

2005 1249 2213 1304 sionem
2244 1251 2466 1304 suamin
2496 1250 2630 1305 solio
2655 1250 2960 1305 Satanaelis
2985 1254 3051 1306 ad
3090 1252 3369 1306 dexteram
3400 1252 3583 1307 Patris

2006 1343 2342 1398 consedisse.
2369 1341 2625 1397 Satanael
2650 1344 2817 1408 enim,
2844 1352 2902 1398 ut
2951 1344 3463 1411 demonstravimus,
3494 1360 3588 1399 ne-

2007 1448 2113 1504 que
2165 1443 2362 1489 natura
2394 1435 2569 1504 iiilius
2633 1436 2735 1489 l'uit
2782 1450 2962 1505 neque
3015 1436 3432 1506 primogenitus,
3486 1453 3587 1493 nec

2006 1524 2200 1581 solium
2239 1526 2448 1591 habuit,
2498 1515 2597 1581 nec
2642 1527 2709 1582 ad
2778 1528 3058 1582 dexteram
3113 1528 3293 1583 Patris
3345 1544 3583 1598 unquam

2011 1616 2238 1672 assedit.

399 1764 729 1867 θ’ΤΔέγουσί,
768 1762 911 1863 τοὺς]
940 1760 1319 1880 ἀποπεσόντας
1355 1788 1644 1871 ἀγγέλους,
1665 1804 1905 1859 ἀκούσαν

2082 1796 2136 1851 9.
2180 1796 2396 1863 Dicunt,
2427 1800 2645 1880 angelos
2672 1800 2761 1869 qui
2792 1800 3123 1866 ceciderant,
3155 1816 3275 1855 cum
3295 1801 3590 1857 intellexis-

325 1906 446 1953 τας,
463 1890 577 1944 ὃτιὸ
589 1892 868 1961 Σαταναὴλ
882 1893 1144 1959 ὑπέσχετο
1155 1894 1235 1963 τῷ
1246 1896 1361 1947 Πατ
1368 1896 1420 1965 pl
1433 1895 1538 1965 πλη
1547 1896 1775 1966 ροῦσθαι
1787 1898 1913 1961 τοὺς

330 1984 387 2036 ιν
416 1982 631 2055 οὐρανῷ
659 1988 857 2048 τόπους
887 1986 1070 2065 αὐτῶν
1091 1986 1199 2065 ἀπὸ
1224 1988 1316 2041 τοῦ
1339 1988 1533 2065 γένους
1553 1989 1665 2043 τῶν
1694 1989 1909 2061 ἀνθρώ-

330 2088 450 2125 πων
467 2116 482 2138 ,
518 2073 645 2129 ίδεῖν
679 2075 930 2145 ἀσελγῶς
958 2062 1056 2141 τάς
1084 2062 1399 2151 θυγατέρας
1423 2081 1536 2135 τῶν
1563 2068 1870 2153 ἀνθρώπων
1890 2121 1906 2146 ,

330 2166 424 2246 καὶ
464 2165 650 2220 λαϐεῖν
689 2168 861 2232 αὑτὰς
904 2170 984 2234 είς
1028 2171 1320 2238 γυναῖκας,
1362 2173 1452 2225 ἵνα
1499 2173 1571 2227 τὰ
1611 2175 1910 2245 σπέρματα

328 2244 513 2312 αὐτῶν
555 2244 647 2321 είς
678 2258 771 2312 τὸν
811 2260 1046 2329 οὐρανὸν
1079 2244 1378 2316 ἀνέλθωσιν
1424 2265 1505 2327 είς
1545 2267 1671 2329 τοὺς
1710 2244 1910 2332 τόπους

328 2345 438 2425 τῶν
475 2348 730 2425 πατέρων
761 2335 965 2404 αὐτῶν.
994 2338 1222 2413 Ἰδόντες
1253 2350 1384 2421 γὰρ,
1417 2356 1570 2421 φησὶ,
1604 2355 1652 2406 oi
1684 2356 1790 2409 υίοὶ
1816 2356 1913 2411 τοῦ

326 2438 465 2491 Θεοῦ
492 2439 590 2501 τὰς
618 2438 933 2510 θυγατέρας
955 2439 1064 2517 τῶν
1086 2440 1418 2510 ἀνθρώπων,
1446 2442 1530 2496 ὅτι
1556 2443 1719 2496 καλαί
1743 2443 1908 2509 είσιν,

329 2531 521 2585 ἔλαϐον
549 2532 760 2605 ἑαυτοῖς
792 2532 1057 2608 γυναῖκας
1081 2532 1269 2608 ’Υἱοὺς
1303 2531 1360 2585 δὲ
1393 2531 1486 2586 τοῦ
1519 2533 1657 2587 Θεοῦ
1689 2535 1911 2601 τούτους

331 2620 720 2697 ὀνομάζουσιν,
751 2620 826 2683 ὦς
854 2606 949 2675 καὶ
982 2606 1182 2697 αὐτοῦς
1211 2621 1307 2674 ἀπ’
1335 2622 1546 2676 ἐκείνου
1577 2625 1872 2693 γεγονότας
1892 2664 1908 2689 ,

334 2696 404 2767 ὲκ
437 2712 493 2768 δὲ
526 2698 627 2789 τῆς
662 2713 954 2776 συνουσίας
986 2696 1169 2767 αὐτῶν
1201 2714 1643 2793 ἀπογεννηθῆναι
1670 2717 1795 2778 τοὺς
1825 2716 1912 2784 γί-

333 2800 562 2879 γαντας,
586 2804 679 2869 οὓς
705 2807 1022 2876 ἀντιστῆναι
1052 2807 1133 2876 τῷ
1158 2806 1468 2874 Σαταναὴλ,
1495 2809 1590 2863 καὶ
1612 2808 1912 2879 θριαμϐεῦ-

336 2915 429 2951 σαι
458 2899 574 2959 τοῖς
611 2881 927 2967 ἀνθρώποις
964 2901 1065 2966 τὴν
1098 2899 1440 2951 ἀποστασίαν
1482 2900 1685 2963 αὐτοῦ’,
1722 2900 1817 2955 τὸν
1849 2885 1907 2955 δέ

332 2974 657 3056 θυμωθέντα
688 2987 994 3055 ἐπαγαγεῖν
1034 2986 1219 3048 αὐτοῖς
1249 2987 1341 3038 τὸν
1373 2987 1781 3057 κατακλυσμὸν,
1817 2988 1912 3041 καὶ

2013 1900 2133 1945 seut
2164 1872 2681 1948 Satanaelemtpatri
2712 1908 2837 1949 esse
2864 1895 3186 1963 pollicitum,
3220 1895 3336 1950 loca
3354 1898 3590 1965 ipsorum

2011 1997 2076 2037 ex
2109 1982 2387 2037 hominum
2409 1999 2607 2053 genere
2653 1970 2920 2055 completa
2971 1985 3059 2046 iri,
3114 1986 3253 2041 tilias
3306 1986 3588 2041 hominum

2012 2078 2282 2145 impudice
2314 2079 2665 2155 conspexisse
2698 2092 2899 2155 easque
2926 2077 2979 2132 in
3035 2092 3233 2134 uxores
3286 2083 3588 2147 accepisse.

2009 2184 2115 2239 quo
2149 2184 2332 2224 semen
2357 2170 2597 2239 ipsorum
2624 2172 2676 2222 in
2710 2172 2904 2224 coelum
2948 2178 3310 2224 reverteretur
3355 2170 3421 2223 ad
3476 2169 3589 2224 loca

2009 2272 2223 2331 patrum
2256 2276 2500 2316 suorum.
2573 2259 2814 2315 Videnles
2843 2261 3011 2325 enim,
3038 2262 3306 2329 inquiunt,
3352 2260 3457 2329 ﬁlii
3498 2259 3595 2315 Dei

2010 2355 2153 2424 ﬁlias
2183 2355 2471 2418 hominum,
2494 2355 2633 2419 quod
2673 2364 2845 2407 essent
2878 2354 3133 2421 pulchrae,
3166 2362 3474 2423 acceperunt
3494 2353 3593 2407 sibi

2009 2447 2138 2517 ipsis
2163 2462 2353 2501 uxores
2369 2446 2413 2501 '.
2466 2446 2637 2501 Porro
2669 2430 2762 2500 Dei
2788 2444 2926 2499 Iilios
2948 2445 3222 2515 appellant
3245 2444 3369 2508 hos,
3400 2459 3592 2514 quem-

2010 2538 2302 2594 admodum
2351 2544 2408 2591 et
2452 2551 2512 2591 se
2562 2537 2629 2590 ab
2671 2536 2764 2591 illo
2795 2535 3028 2603 genitos.
3059 2533 3136 2589 Ex
3162 2535 3357 2588 horum
3413 2534 3592 2587 autem

2011 2630 2399 2701 coniunctione
2417 2629 2660 2698 gigantes
2688 2608 2855 2681 fuisse
2905 2626 3089 2680 dicunt
3124 2631 3457 2693 procreatos,
3500 2623 3592 2691 qui

2010 2734 2134 2776 cum
2175 2718 2462 2775 Satanaele
2489 2716 2870 2787 pugnaverint,
2916 2723 2971 2769 et
2994 2728 3093 2783 pro
3149 2711 3461 2767 hominibus
3524 2712 3598 2767 de

2011 2812 2103 2867 illo
2134 2810 2466 2879 triumphum
2498 2806 2848 2876 reportarint.
2880 2806 3220 2874 Quapropter
3248 2802 3396 2856 illum
3455 2799 3598 2854 indi-

2012 2916 2232 2975 gnatum
2265 2902 2524 2957 diluvium
2556 2899 2829 2961 intulisse,
2882 2907 2936 2951 et
2967 2912 3069 2950 una
3128 2909 3252 2948 cum
3293 2892 3427 2962 ipsis
3476 2905 3596 2944 om.

2011 3010 2136 3051 nem
2167 3008 2393 3050 carnem
2434 2993 2701 3047 viventem
2735 2986 3022 3043 delevisse.
3064 2984 3249 3040 Solum
3284 2990 3466 3037 autem
3484 2978 3599 3035 Noe

331 3076 645 3147 διαφθεῖραι
673 3076 774 3128 σὺν
804 3077 988 3139 αὐτοῖς
1015 3077 1198 3129 πᾶσαν
1219 3076 1403 3139 ζῶσαν
1429 3080 1631 3148 σάρκα,
1667 3078 1826 3147 μόνον
1851 3078 1905 3130 δὲ

2012 3090 2103 3160 qui
2138 3089 2303 3143 tiliam
2334 3101 2437 3141 non
2466 3082 2703 3139 habebat
2728 3079 3085 3135 defectionem
3120 3074 3591 3143 Satanaelisigno-

334 3172 428 3224 τὸν
467 3169 593 3224 Νῶε
644 3170 925 3240 θυγατέρα
979 3170 1056 3239 μὴ
1102 3170 1447 3240 κεκτημένον
1497 3171 1765 3239 ἀγνοῆσαι
1811 3170 1905 3241 τὴν

2014 3192 2182 3243 rasse,
2215 3187 2270 3233 et
2298 3177 2353 3231 in
2385 3176 2529 3231 illius
2577 3169 2923 3229 observantia
2980 3165 3368 3238 permansisse,
3441 3161 3598 3230 cujus

333 3260 671 3316 ἀποστασίαν
722 3260 820 3314 τοῦ
877 3260 1197 3331 Σαταναὴλ,
1263 3263 1378 3314 καῖ’
1412 3262 1690 3329 διαμεῖναι
1742 3261 1905 3331 θερα‹

2009 3267 2228 3339 quidem
2256 3266 2401 3323 cultu
2431 3261 2773 3319 Satanaelem
2824 3256 3098 3330 placatum
3164 3256 3479 3326 permisisse
3540 3264 3598 3307 ut

334 3351 567 3405 πεὺοντα
589 3349 800 3413 τοῦτον,
824 3342 887 3403 οὗ
907 3352 972 3421 τῇ
1003 3349 1232 3421 λατρεία
1254 3350 1346 3402 τὸν
1373 3348 1657 3419 Σαταναὴλ
1682 3351 1905 3419 ἀρεσκό-

2011 3375 2194 3417 arcam
2218 3366 2560 3413 construeret
2590 3368 2757 3424 seque
2804 3352 2976 3407 solum
3034 3357 3282 3405 servaret
3322 3361 3446 3401 cum
3485 3345 3597 3399 illis

336 3459 501 3514 μενον
535 3440 833 3494 ὑποθέσθαι
866 3441 933 3494 τὰ
967 3442 1100 3511 περὶ
1132 3442 1235 3509 τῆς
1270 3440 1508 3494 κιϐωτοῦ
1528 3480 1544 3506 ,
1581 3443 1675 3495 καὶ
1706 3442 1905 3496 διασῶ-

2010 3452 2101 3521 qui
2128 3451 2182 3504 in
2214 3462 2275 3504 ea
2304 3454 2483 3502 erant.
2512 3426 2825 3498 Istiusmodi
2855 3426 2985 3495 sunt
3020 3453 3207 3493 eorum
3263 3450 3437 3506 nugae.
3489 3433 3601 3488 Nos

333 3552 428 3586 σαι
467 3533 658 3586 τοῦτον
705 3534 866 3601 μόνον
921 3532 1059 3602 μετά
1098 3532 1207 3585 τῶν
1249 3533 1309 3584 ὲν
1359 3532 1520 3602 αὐτῇ.
1571 3532 1756 3587 Ταῦτα
1812 3536 1905 3601 μὲν

2013 3555 2217 3607 autem,
2251 3550 2515 3611 quantum
2543 3536 2773 3609 pertinet
2806 3532 2874 3587 ad
2902 3530 3230 3600 impudicam
3264 3528 3596 3598 angelorqu

333 3623 561 3678 61:3!va
592 3623 661 3676 τὰ
705 3622 1034 3693 ληρήματα·
1071 3622 1308 3693 λέγομεν
1353 3624 1412 3677 δὲ
1449 3626 1576 3695 περὶ
1608 3624 1710 3693 τῆς
1748 3626 1905 3679 ἀσελ-

2011 3654 2135 3693 cum
2172 3635 2390 3692 feminis
2421 3629 2876 3687 consuetudinem
2902 3636 2956 3682 et
2986 3627 3282 3681 liberorum
3331 3635 3593 3691 procrea-

331 3716 468 3786 γοῦς
513 3714 805 3778 συνουσίας
838 3714 933 3768 καὶ
981 3713 1327 3783 παιδογονίας
1366 3715 1476 3767 τῶν
1524 3715 1905 3770 ἀποπεσόντων

2014 3732 2240 3794 tionem,
2280 3727 2332 3782 id
2364 3724 2777 3793 respondemus,
2813 3706 2958 3790 quod
3016 3716 3268 3785 superius
3333 3713 3595 3774 diximus,

328 3808 538 3860 τούτων
576 3804 828 3872 ἀγγέλων
852 3802 1064 3873 ὅσαπερ
1089 3802 1348 3871 ἀνωτέρω
1412 3802 1509 3854 καὶ
1540 3804 1667 3870 περὶ
1694 3803 1794 3870 τῆς
1816 3802 1905 3854 τοῦ

2016 3838 2139 3879 cum
2178 3822 2243 3876 de
2282 3816 2556 3888 impudica
2586 3812 2893 3870 Satanaelis
2949 3824 3072 3865 cum
3143 3808 3251 3862 Eva
3303 3812 3597 3859 consuetu-

330 3896 620 3966 Σαταναὴλ
653 3894 956 3949 ἀκολάστου
992 3891 1131 3962 πρὸς
1169 3893 1271 3961 τὴν
1306 3890 1451 3945 Εὕαν
1488 3893 1782 3956 συνουσίας
1819 3894 1913 3946 καὶ

330 3987 682 4055 τεκνογονίας
740 3985 1069 4055 εἰρήκαμεν.
1123 3980 1290 4047 Υίοὺς
1350 3984 1450 4054 μὲν
1485 3980 1581 4038 οὗν
1633 3984 1733 4038 τοῦ
1777 3984 1912 4038 Θεοῦ

335 4078 602 4140 λαϐόντας
648 4079 914 4144 γυναῖκας
946 4074 1230 4144 ὠνόμασεν
1256 4076 1290 4145 ἡ
1318 4075 1509 4146 Γραφὴ
1528 4076 1664 4139 τοὺς
1693 4075 1900 4143 ἀπογό-

332 4186 457 4232 νους
482 4167 576 4221 τοῦ
609 4166 738 4232 Σὴθ.
769 4167 828 4230 ὃς
854 4166 1219 4236 ἐπωνομάσθη
1241 4166 1372 4229 Θεὸς
1400 4166 1488 4219 διὰ
1515 4166 1605 4219 τὸν
1638 4166 1915 4236 θεομίμη-

2015 3916 2141 3970 dine
2168 3924 2224 3967 et
2253 3911 2545 3965 liberorum
2593 3903 2968 3975 procreatione
3020 3898 3390 3967 loqueremur.
3448 3893 3596 3949 Scri-

2014 4015 2172 4076 ptura
2199 4012 2382 4057 autem
2438 3998 2532 4053 Dei
2560 3996 2721 4058 ﬁlios,
2754 3995 2846 4062 qui
2885 3991 3140 4045 mulieres
3172 4003 3369 4042 uxores
3429 3999 3592 4039 acce-

2014 4098 2216 4165 perint,
2238 4101 2392 4149 vocat
2433 4090 2571 4144 ﬁlios
2592 4088 2747 4152 Seth,
2772 4088 2861 4154 qui
2896 4094 3116 4153 propter
3142 4081 3382 4149 divinam
3428 4078 3594 4131 vitam

2016 4188 2069 4249 et
2098 4188 2457 4246 innocentiam
2487 4184 2786 4256 appellatus
2827 4189 2911 4236 est
2978 4179 3133 4261 deus.
3193 4174 3358 4228 Fiiias
3416 4183 3594 4226 auten.

335 4278 429 4314 τον
465 4258 633 4314 αὑτοῦ
667 4259 807 4330 βίον,
842 4259 937 4312 καὶ
968 4258 1028 4312 τὸ
1054 4258 1153 4327 τῆς
1186 4257 1463 4322 πολιτείας
1501 4259 1905 4328 ἀνεπίληπτον·

2018 4276 2292 4339 hoininum
2323 4294 2418 4334 eas
2450 4262 2624 4341 vocat,
2654 4289 2775 4345 quae
2807 4289 2873 4326 ex
2924 4257 3123 4341 genere
3154 4266 3286 4322 Cain
3326 4274 3380 4318 et
3419 4273 3597 4332 poste-

338 4353 648 4425 θυγατέρας
693 4352 750 4405 δὲ
789 4350 1093 4419 ἀνθρώπων
1136 4350 1237 4412 τὰς
1279 4350 1388 4404 ἀπὸ
1427 4350 1522 4404 τοῦ
1576 4351 1769 4417 γένους
1815 4350 1905 4405 τοῦ

2016 4353 2092 4430 ris
2122 4375 2243 4445 ejus
2279 4371 2699 4427 descenderunt.
2730 4364 2998 4422 Diluvium
3035 4362 3201 4428 igitur
3250 4357 3432 4413 intulit
3490 4369 3596 4409 non

336 4416 478 4497 Κάῖν
530 4416 626 4498 καὶ
683 4444 794 4496 τῶν
847 4416 906 4509 ἐξ
965 4442 1132 4495 αὐτοῦ
1187 4416 1600 4510 καταγομένας.
1651 4444 1756 4496 Τὸν
1816 4446 1905 4513 μὲν

2018 4416 2294 4532 Sataitael,
2324 4463 2420 4521 sed
2458 4464 2574 4533 ipse
2605 4461 2766 4524 Deus,
2827 4470 2989 4527 quem
3031 4453 3249 4522 quidem
3318 4451 3489 4504 Deum
3545 4454 3600 4502 et

332 4537 426 4590 οὖν
457 4536 852 4605 κατακλυσμὸν
882 4536 1165 4605 ἐπήγαγεν
1201 4536 1299 4603 οὐχ
1331 4539 1358 4588 6
1389 4535 1677 4603 Σαταναὴλ
1700 4576 1714 4598 ,
1742 4534 1861 4589 ἀλλ’
1889 4537 1905 4589 ἑ

2016 4552 2131 4625 Noe
2156 4554 2537 4625 cognoscebat,
2569 4561 2623 4606 et
2661 4548 2942 4608 adorabat,
2975 4554 3029 4600 et
3064 4544 3129 4597 ab
3155 4558 3218 4597 eo
3285 4542 3598 4596 mandatum

334 4630 469 4693 Θεὸς
502 4630 615 4691 τοῖς
652 4629 1145 4692 κατακλυσθεῖσιν,
1189 4628 1251 4681 ὃν
1275 4629 1371 4681 καὶ
1404 4630 1431 4682 6
1457 4629 1580 4681 Νῶε
1620 4628 1754 4681 Θεὸν
1800 4628 1905 4697 ἐγίι

2015 4624 2301 4719 acceperat
2332 4655 2389 4701 ut
2436 4659 2619 4699 arcam
2664 4639 3047 4719 exaediﬁcaret.
3104 4626 3203 4688 Hic
3252 4633 3354 4686 fuit
3412 4640 3602 4719 auctor

331 4723 511 4776 νωσκέ
535 4733 595 4776 τε
645 4724 739 4777 καί
764 4722 1116 4795 προσεκύνει,
1148 4723 1242 4787 καὶ
1274 4724 1368 4793 ὑφ’
1392 4718 1453 4776 οῦ
1490 4724 1590 4792 τὴν
1622 4724 1726 4791 τῆς
1749 4724 1905 4777 κιϐω-

2015 4716 2239 4808 Antiqui
2271 4720 2629 4798 Testamenti,
2663 4716 2825 4799 quem
2862 4723 3082 4794 proprie
3134 4732 3189 4775 et
3246 4734 3372 4774 vere
3429 4718 3599 4770 Deum

332 4814 427 4866 τοῦ
462 4817 814 4884 κατασκευὴν
860 4815 1170 4885 ἐπετράπη.
1217 4810 1387 4875 Οὗτος
1430 4814 1486 4867 δὲ
1516 4810 1585 4879 ἣν
1624 4815 1652 4866 6
1682 4816 1781 4884 τῆς
1815 4833 1905 4867 πα·

2017 4846 2135 4887 essc
2164 4827 2447 4899 perspicue
2496 4826 2549 4877 in
2596 4822 2752 4876 titulo
2780 4819 3046 4871 Adversus
3097 4811 3440 4866 Paulicianos
3471 4824 3571 4863 con

332 4904 494 4965 λαιᾶς
525 4903 802 4973 Διαθήκης
830 4904 1147 4973 νομοθέτης.
1183 4904 1306 4957 Ὅτι
1330 4905 1388 4958 δὲ
1424 4905 1631 4975 κυρίως
1659 4907 1755 4957 καὶ
1784 4904 1905 4976 ἅλη-

2014 4922 2219 4991 scripto
2251 4904 2763 4976 demonstravimus,
2794 4912 2845 4962 in
2873 4908 2981 4962 illis
3004 4906 3276 4991 capitibus
3305 4904 3357 4956 in
3401 4902 3602 4971 quibus

335 4994 445 5058 θῶς
471 4990 626 5058 οὗτος
656 4996 807 5061 Θεὸς,
838 4996 1326 5067 προαποδέδεικται
1361 4998 1550 5064 σαφῶς
1576 5000 1635 5051 ἐν
1660 4996 1740 5066 τῷ
1771 5000 1905 5054 atati}

2015 4990 2373 5074 ostendimus,
2396 4998 2523 5062 boni
2566 5004 2660 5059 Dei
2701 5018 2824 5057 esse
2855 4990 3266 5053 Testamentum
3326 4996 3514 5060 Vetus,
3542 5005 3599 5049 et

334 5084 457 5139 τῶν
472 5082 898 5140 [Ῑαυλικιάνων
914 5086 1101 5153 τίτλῳ,
1120 5088 1178 5139 ὲν
1197 5087 1308 5146 τοῖς
1324 5086 1637 5152 κεφαλαίοις
1652 5084 1905 5155 δηλονότι,

2018 5090 2109 5174 qui
2145 5106 2285 5159 ineo
2312 5084 2548 5155 illustres
2577 5082 2903 5160 exstiterunt
2929 5135 2945 5160 ,
2985 5090 3119 5147 etin
3170 5089 3277 5144 illis
3340 5088 3470 5143 item
3511 5102 3605 5141 ca-

336 5172 419 5239 οἷς
468 5177 898 5248 ἐπιγέγραπται,
932 5178 1056 5231 Ὅτι
1102 5177 1198 5230 τοῦ
1231 5176 1439 5244 ἀγαθοῦ
1495 5175 1635 5247 Θεοῦ
1690 5178 1827 5231 εἰσιν
1884 5176 1905 5230 i

2020 5172 2222 5269 pitibus
2249 5210 2368 5265 quae
2384 5174 2826 5260 subsequuntur.

339 5284 402 5319 τε
436 5268 645 5322 παλαιὰ
675 5268 988 5333 νομοθεσία,
1025 5267 1120 5323 καὶ
1150 5270 1199 5323 oi
1229 5271 1285 5321 ὲν
1310 5270 1444 5339 αὐτῇ
1469 5269 1807 5339 λάμψαντες,
1841 5267 1920 5323 ἔτι
2023 5267 2035 5281 7
2275 5270 2293 5300 ί
2433 5272 2436 5276 ‘
2506 5276 2509 5283 '
2588 5276 2589 5283 ‘

336 5356 395 5409 δὲ
426 5358 519 5410 καὶ⁵
550 5354 749 5421 ἐντοῖς
783 5358 984 5427 ἐφεξῆς
1015 5357 1221 5413 τούτων
1255 5359 1597 5428 κεφαλαίοις.

411 5452 461 5500 ι’.
488 5446 724 5513 Λέγουσι
746 5447 836 5501 τὸν
861 5448 1070 5519 Μωσῆν
1090 5450 1433 5505 πλανηθέντα
1454 5451 1606 5521 παρά
1627 5451 1721 5506 τοῦ
1745 5453 1905 5507 Σατα·

2098 5446 2183 5501 10.
2214 5443 2427 5503 Dicunt.
2458 5441 2733 5512 Moysema
2758 5438 3045 5494 Satanaele
3066 5434 3413 5504 deceptumiu
3438 5428 3606 5501 A'igy-

339 5536 474 5607 ναὴλ
498 5537 758 5592 ἀπελθεῖν
783 5540 864 5602 είς
884 5540 1159 5607 Αἴγυπτον
1185 5536 1363 5607 αὖθις,
1389 5541 1485 5596 καὶ
1516 5541 1800 5596 ἀπατῆσαι
1825 5543 1905 5596 rex

2025 5546 2176 5605 ptum
2207 5534 2515 5601 revertisse,
2556 5530 2936 5589 etJudaeorum
2996 5526 3252 5598 populum
3301 5524 3600 5593 decepisse,

417 5721 431 5750 ⁸
472 5718 601 5776 Luc.
642 5734 697 5788 ιι,
729 5718 816 5776 18.
908 5720 1084 5776 ’ch.
1114 5733 1187 5776 vi.
1227 5720 1281 5776 Ξ.
