4044 6290
464 383 597 446 1307

1701 377 2085 443 EUTHYMII
2127 376 2492 437 ZlGABENI

3606 378 3746 445 1308

459 510 513 555 et
544 514 638 555 eos
662 498 917 556 eduxisse
943 497 1215 569 portentis
1241 506 1299 554 et
1322 498 1515 570 signis,
1552 510 1673 569 quae
1710 498 1913 553 virtute
1940 495 2038 549 Sa-

2160 494 2272 548 ιαὺν
2296 494 2407 547 τῶν
2448 491 2742 556 Ἰουδαίων,
2771 491 2867 546 καὶ
2887 491 3183 563 ἐξαγαγεῖν
3205 491 3407 557 αὐτοὺς
3434 494 3744 565 ποιήσαντα

431 591 694 656 ῑιοιιοειίε
726 589 1019 657 elﬁciebat,
1057 599 1111 646 et
1140 599 1383 646 montem
1424 590 1581 645 Sinai
1635 586 2042 650 conscendisse,

427 666 439 725 ἶ
462 685 636 752 legem
666 699 696 737 a
732 682 1022 738 Satanaele
1061 682 1319 738 traditam
1364 684 1667 753 accepisse,
1733 695 1830 750 per
1870 679 2047 734 illam—

462 790 569 844 que
597 773 1009 829 innumerabilia
1043 774 1318 827 hominum
1355 773 1522 827 millia
1588 772 1909 842 perdidisse.
1954 770 2049 821 At-

462 881 569 935 que
601 865 825 933 hujusce
852 864 928 917 rei
963 873 1153 919 testem
1177 878 1299 918 esse
1351 863 1598 926 Paulum,
1633 865 1748 932 qui,
1787 861 2049 927 Concupi-

461 956 750 1019 scentiam,
794 955 1000 1025 inquit,
1054 955 1369 1017 nesciebam,
1425 957 1527 1007 nisi
1562 970 1654 1024 per
1680 954 1846 1021 legem
1875 954 1940 1014 ¹;
1996 959 2050 1003 et

462 1061 679 1101 rursum
711 1064 724 1098 :
753 1045 1069 1099 Adveniente
1097 1056 1275 1099 autem
1302 1050 1553 1099 mandato
1585 1055 1861 1113 peccatum
1917 1041 2049 1094 revi-

460 1140 538 1192 xit
568 1140 612 1191 ί.
676 1138 900 1201 Verum,
924 1153 955 1193 ο
978 1136 1188 1192 fraudis
1216 1138 1476 1201 artiﬁces,
1530 1151 1628 1190 cur
1665 1135 1739 1200 id,
1768 1134 1910 1202 quod
1959 1146 2048 1186 se-

462 1232 666 1298 quitur,
692 1233 988 1293 omisistis,
1035 1245 1271 1298 nempe:
1331 1228 1440 1282 Lex
1469 1237 1680 1293 sancta,
1735 1227 2049 1279 mandatum

462 1332 727 1384 sanctum,
753 1330 803 1374 et
844 1322 1049 1388 justum
1079 1330 1129 1373 et
1163 1324 1353 1374 bonum
1387 1321 1445 1373 ’?
1497 1321 1649 1386 Quod
1685 1320 1731 1372 si
1778 1320 1864 1371 lex
1904 1319 2050 1387 Apo-

462 1414 585 1468 διοιί
623 1412 934 1467 testimonio
968 1421 1051 1466 est
1086 1421 1298 1477 sancta,
1328 1423 1382 1466 et
1427 1412 1739 1465 mandatum
1798 1418 2047 1464 sanctum

462 1516 517 1560 et
540 1508 763 1569 bonum,
802 1520 910 1558 non
942 1515 1026 1559 est
1049 1504 1271 1573 impuri,
1325 1514 1381 1557 et
1440 1503 1654 1571 injusti,
1712 1511 1765 1555 et
1817 1498 2050 1567 improbi

464 1594 795 1648 Satanaelis.
825 1593 977 1647 Malae
1005 1594 1148 1647 enim
1172 1594 1386 1648 arboris
1418 1593 1614 1660 {malus
1671 1599 1753 1646 est
1799 1590 2047 1653 fructus;

461 1683 851 1757 borius-autem
888 1685 1099 1738 fructus
1124 1693 1214 1738 est
1274 1684 1486 1737 arboris
1544 1684 1717 1748 bona},
1780 1684 2048 1749 quemad-

462 1773 680 1827 modum
707 1780 762 1825 et
784 1772 1048 1829 Dominus
1081 1774 1157 1826 ait
1186 1772 1230 1826 ⁸.
1291 1771 1399 1826 Sed
1433 1781 1490 1826 ut
1518 1773 1719 1826 clarius
1748 1773 1913 1826 etiam
1960 1773 2050 1826 illa

461 1863 708 1931 Apostoli
728 1867 893 1919 verba
927 1856 1325 1934 intelligantur,
1358 1864 1652 1917 notandum
1683 1874 1767 1918 est
1790 1880 1912 1919 eum
1940 1880 2050 1919 non

463 1955 689 2020 dixisse,
716 1955 888 2025 legem
914 1970 1036 2011 esse
1066 1958 1272 2024 peccati
1292 1956 1647 2025 eilectricem,
1671 1958 1766 2014 sed
1795 1959 2051 2025 indicem,

463 2048 667 2114 quippe
693 2062 812 2116 quae
835 2050 1008 2116 ipsum
1040 2051 1301 2115 ostendit,
1335 2059 1388 2102 et
1428 2050 1672 2118 praecipit
1697 2059 1754 2105 ut
1785 2052 2017 2106 evitetur
2038 2089 2053 2112 ,

468 2149 726 2205 tanquam
761 2139 1012 2194 interitus
1060 2155 1244 2194 causa.
1284 2139 1420 2193 Cum
1497 2140 1642 2193 enim
1707 2141 1791 2221 lex
1857 2141 2055 2208 scripta

466 2233 703 2284 nondum
742 2239 886 2285 esset
917 2230 1047 2306 lata,
1080 2246 1199 2299 quae
1260 2240 1541 2300 peccatum
1582 2233 1882 2300 -probibet,
1930 2232 2059 2285 licet

468 2323 932 2386 committeretur,
996 2338 1106 2377 non
1160 2331 1341 2377 tamen
1378 2322 1518 2378 adeo
1571 2325 1939 2392 perniciosum
2003 2336 2058 2380 et

483 2414 798 2483 fugiendum
818 2416 1280 2485 cognoscebatur.
1312 2415 1592 2480 Quomodo
1617 2427 1801 2471 autem
1826 2418 2055 2473 venien-

468 2518 523 2562 te
549 2509 803 2563 mandato
858 2517 1141 2577 peccatum
1210 2509 1492 2574 revixerit,
1538 2508 1686 2563 audi.
1748 2508 2058 2579 Antequam

467 2601 555 2655 lex
633 2599 1094 2669 promulgaretur,
1130 2599 1457 2655 imbecillum
1518 2610 1636 2654 erat
1681 2612 1735 2655 et
1801 2609 2058 2670 tanquam

468 2700 744 2743 mortuum
782 2699 1090 2755 peccatum,
1121 2704 1221 2744 nec
1254 2699 1463 2743 tantum
1508 2693 1862 2760 peccantibus
1923 2706 2058 2762 sup-

468 2780 691 2849 plicium
720 2780 915 2834 aﬂ‘errc
940 2790 1171 2849 poterat,
1208 2791 1470 2849 quantum
1525 2794 1647 2851 post
1709 2783 1842 2853 legis
1903 2784 2062 2840 aﬂ‘ert

469 2866 980 2935 promulgationem,
1006 2877 1059 2923 et
1087 2868 1289 2922 idcirco
1323 2884 1429 2923 non
1453 2871 1741 2925 admodum
1775 2888 2061 2942 oppugna-

473 2958 587 3012 bat.
619 2957 979 3027 Posteaquam
1023 2970 1206 3014 autem
1245 2961 1328 3015 lex
1397 2962 1711 3017 hominibus
1764 2967 1886 3019 data
1950 2976 2057 3031 est,

469 3063 590 3116 qua:
645 3050 853 3117 peccati
912 3050 1227 3104 debellatrix
1287 3062 1371 3106 est
1432 3061 1485 3105 ct
1534 3055 1870 3119 adversaria,
1935 3066 2061 3111 tunc

2150 587 2353 655 τέρατα
2385 585 2481 637 καῖ⁵
2513 587 2718 653 σημεῖα
2748 585 2838 638 διά
2865 586 2964 653 τῆς
2996 585 3283 653 ἐνεργείας
3306 586 3402 639 τοῦ
3432 588 3745 659 Σαταναὴλ,

2150 678 2245 731 καὶ
2276 678 2521 731 ἀνελθεῖν
2556 678 2637 740 εἰς
2665 677 2727 730 τὸ
2752 677 2881 748 ὅρος
2916 678 2976 731 τὸ
3005 680 3159 742 Σινᾶ,
3191 679 3289 732 καὶ
3312 679 3503 732 λαϐεῖν
3531 682 3627 735 τὸν
3656 683 3744 735 νό-

2152 782 2253 834 μον
2295 764 2653 835 ὑφηγηθέντα
2685 766 2839 833 παρά
2868 764 2964 817 τοῦ
3004 766 3313 836 Σαταναὴλ,
3346 767 3443 819 καὶ
3476 769 3743 821 ἀπολέσαι

2149 856 2217 909 δι’
2267 857 2432 909 αὑτοῦ
2487 857 2759 926 μυριάδας
2809 854 3244 925 ἀναριθμήτους,
3293 858 3390 910 καὶ
3441 864 3744 929 μαρτυρεῖν

2150 949 2280 1019 περὶ
2308 949 2500 1001 τούτου
2531 949 2623 1001 τὸν
2659 946 2985 999 Ἀπόστολον
3016 948 3265 1014 λέγοντα,
3297 947 3424 1015 Τὴν
3451 951 3748 1016 ἁμαρτίαν

2150 1041 2262 1093 οὐκ
2294 1038 2490 1108 ἔγνων
2508 1041 2561 1092 εὶ
2576 1037 2660 1105 μὴ
2686 1039 2786 1090 διὰ
2814 1039 3025 1105 νόμον.
3059 1038 3169 1089 Καὶ
3200 1037 3747 1104 αὖθις,Ἐλθούση‹·

2150 1132 2219 1184 δὲ
2237 1131 2347 1200 τῆς
2379 1130 2637 1199 ἐντολῆς
2666 1132 2703 1199 ὴ
2735 1118 2991 1198 ἁμαρτία
3016 1129 3331 1197 ἀνέζησεν*
3364 1130 3523 1192 Ἀλλ’,
3575 1128 3623 1184 ὦ
3656 1150 3746 1184 σου

2152 1226 2343 1291 φισταὶ
2370 1223 2475 1291 τῆς
2522 1222 2742 1286 κακίας,
2792 1222 2848 1273 τί
2895 1220 2954 1273 τὸ
2986 1221 3115 1286 ἑξῆς
3147 1223 3437 1292 κακοήθως
3489 1226 3743 1292 ὑπεκρα-

2150 1317 2387 1386 τήσατε;
2419 1314 2737 1383 Γέγραπται
2768 1312 2878 1381 γὰρ
2911 1312 3093 1377 εὐθὺς,
3127 1313 3210 1364 ὅτι
3245 1313 3306 1364 '0
3341 1314 3521 1381 νόμος
3548 1315 3738 1382 ἅγιος,

2152 1405 2249 1458 καὶ
2286 1406 2321 1471 ἠ
2357 1403 2574 1470 ἐντολὴ
2609 1403 2767 1471 ἁγία,
2804 1401 2904 1454 καὶ
2935 1401 3157 1463 δικαία,
3190 1402 3289 1455 καὶ
3321 1403 3538 1471 ἀγαθή.
3597 1404 3659 1454 Εἰ
3683 1404 3740 1454 δὲ

2152 1499 2294 1551 κατὰ
2361 1497 2463 1566 τὴν
2528 1493 2622 1549 τοῦ
2690 1494 3018 1548 Ἀποστόλου
3084 1495 3395 1565 μαρτυρίαν
3472 1498 3501 1549 6
3578 1497 3741 1564 νόμος

2155 1590 2329 1656 ἅγιος,
2356 1588 2511 1658 καὶὴ
2550 1587 2741 1657 ἐντολὴ
2788 1586 2945 1655 ἀγία,
2999 1587 3096 1641 καὶ
3128 1587 3338 1652 δικαία,
3387 1588 3482 1639 καὶ
3543 1587 3749 1655 ἀγαθή,

2152 1682 2251 1734 ούκ
2287 1680 2392 1751 ἄρα
2434 1678 2526 1733 τοῦ
2581 1681 2858 1748 ἀνάγνου,
2920 1679 3014 1734 καὶ
3082 1681 3307 1743 ἀδίκου,
3359 1680 3458 1733 καὶ
3507 1683 3750 1748 πονηροῦ

2154 1772 2441 1842 Σαταναὴλ
2488 1769 2597 1826 εἷεν
2651 1773 2718 1827 ἂν
2768 1773 2945 1827 ταῦτα
2999 1773 3320 1839 νομοθεσίαι
3378 1773 3475 1824 καὶ
3521 1773 3752 1837 ἐπιτάγ-

2159 1886 2324 1940 ματα.
2381 1866 2598 1937 Σαπροῦ
2664 1866 2760 1935 μὲν
2819 1866 2928 1935 γὰρ
2995 1864 3210 1933 δένδρου
3298 1864 3511 1932 σαπρὸς
3592 1863 3746 1916 ἔσται

2157 1962 2406 2032 καρπὸς,
2467 1961 2496 2013 6
2539 1958 2596 2011 δὲ
2641 1956 2803 2019 καλὸς
2858 1956 3076 2017 πάντως
3119 1954 3319 2018 καλοῦ,
3392 1953 3578 2015 καθὼς
3644 1955 3739 2008 καὶ

2156 2057 2183 2107 ό
2240 2054 2441 2125 Κύριος
2504 2051 2849 2121 ἀπεφήνατο.
2886 2048 3006 2100 Ἵνα
3044 2048 3102 2100 δὲ
3162 2048 3255 2099 καὶ
3320 2047 3389 2101 τὰ
3433 2045 3746 2116 δηλωθέντα

2156 2147 2251 2200 τοῦ
2295 2144 2623 2199 ,Αποστόλου
2659 2138 3024 2209 σαφηνισθείη
3058 2138 3235 2209 ῥητὰ,
3262 2138 3605 2208 προσεκτέον
3625 2180 3642 2204 ,
3673 2139 3751 2191 ὅτι

2159 2241 2220 2305 ού
2256 2237 2543 2307 ποιητικὸν
2578 2236 2677 2303 τῆς
2712 2231 2991 2303 ἁμαρτίας
3026 2230 3219 2300 εἴρηκε
3253 2232 3345 2283 τὸν
3378 2231 3583 2298 νόμον,
3616 2230 3750 2283 ἀλλά

2158 2330 2464 2399 γνωστικὸν
2513 2327 2705 2395 αὐτῆς,
2756 2325 2832 2386 ὠς
2890 2322 3320 2375 ὑποδεικνύοντα
3377 2321 3609 2388 ταύτην,
3661 2322 3752 2374 καὶ

2160 2417 2574 2488 προστάττοντα
2610 2412 2837 2482 φεύγειν
2866 2411 3062 2479 αὐτὴν,
3084 2411 3156 2471 ὠς
3184 2408 3541 2479 φθοροποιόν.
3572 2408 3753 2477 Μήπω

2160 2508 2271 2575 γάρ
2300 2506 2549 2567 δοθέντος
2580 2502 2674 2556 τοῦ
2702 2500 2950 2570 γραπτοῦ
2980 2499 3170 2554 τούτου
3196 2501 3361 2570 νόμου
3391 2498 3484 2552 τοῦ
3517 2498 3752 2552 κωλύονο

2161 2616 2252 2661 τος
2280 2596 2474 2666 αὐτὴν,
2511 2594 2560 2646 εἰ
2595 2594 2690 2647 καὶ
2728 2594 3041 2663 ἐνηργεῖτο,
3076 2591 3194 2645 ἀλλ’
3224 2590 3320 2660 οὐχ
3354 2589 3503 2643 οὕτω
3538 2590 3752 2657 λυμαν-

2160 2692 2289 2760 τικὴ
2318 2691 2413 2743 καὶ
2437 2687 2643 2756 φευκτὴ
2666 2688 2781 2747 τοῖς
2803 2684 3111 2757 ἀνθρώποις
3137 2684 3486 2753 ὲγνωρίζετο.
3516 2684 3643 2745 Πῶς
3671 2683 3747 2748 δὲ,

2162 2781 2423 2850 ἐλθούσης
2451 2780 2549 2847 τῆς
2573 2777 2817 2842 ἐντολῆς,
2839 2778 2872 2846 ή
2897 2773 3148 2846 ἀμα⁴ρτία
3172 2774 3461 2844 ἀνέζησεν,
3489 2774 3750 2827 ἄκουσον.

2164 2875 2288 2927 Ὅτι
2320 2873 2429 2942 πρὸ
2465 2872 2562 2941 μὲν
2589 2870 2692 2940 τῆς
2725 2870 2958 2940 νομικῆς
2991 2870 3217 2937 ἐντολῆς
3247 2870 3483 2941 ἀσθενὴς
3513 2867 3583 2942 ἦν
3605 2912 3621 2937 ,
3657 2870 3757 2926 καὶ

2161 2947 2271 3020 οἷον
2303 2965 2495 3036 νεκρὰ,
2518 2964 2591 3034 μὴ
2621 2963 2897 3031 δυναμένη
2927 2960 3200 3031 τοσαύτην
3230 2962 3533 3031 καταδίκην
3559 2961 3759 3033 προξε-

2163 3062 2273 3113 νεῖν
2338 3060 2449 3119 τοίς
2507 3058 2915 3126 ἁμαρτάνουσιν
2968 3055 3102 3123 ὅσην
3154 3054 3411 3124 προξενεῖ
3469 3055 3610 3122 μετὰ
3662 3055 3759 3106 τὸν

468 3142 646 3212 ipsum
678 3151 957 3208 peccatum
982 3144 1278 3196 excitatum
1322 3154 1405 3199 est
1430 3155 1483 3198 et
1523 3147 1926 3214 quodammodo
1976 3166 2056 3205 res

2164 3151 2350 3220 νόμον,
2393 3149 2490 3201 καὶ
2514 3149 2603 3201 διὰ
2647 3147 2809 3200 τοῦτο
2859 3148 2935 3217 μὴ
2989 3146 3131 3199 πάνυ
3182 3146 3542 3217 πολεμοῦσα’
3570 3150 3663 3200 ὅτε
3688 3147 3749 3202 δὲ

467 3231 622 3295 vixit,
660 3231 713 3284 id
744 3240 829 3285 est
879 3247 1104 3301 magnas
1146 3234 1290 3288 vires
1315 3236 1568 3302 sumpsit,
1596 3247 1762 3305 atque
1816 3239 2054 3293 crudeli-

471 3328 555 3371 ter
586 3319 760 3372 szeviit
792 3320 842 3372 in
881 3335 975 3375 eos
1001 3320 1093 3389 qui
1123 3322 1297 3390 legem
1340 3334 1721 3392 susceperant.
1754 3326 1909 3391 Quod
1953 3342 2053 3381 au-

470 3418 579 3465 tem
606 3411 820 3481 Moyses
851 3428 877 3464 a
911 3411 1203 3466 Satanaele
1229 3415 1483 3481 deceptus
1514 3431 1617 3468 non
1644 3416 1824 3486 fuerit,
1874 3420 1967 3474 sed
1989 3422 2057 3476 ab

467 3514 535 3555 eo
572 3501 665 3569 qui
692 3516 817 3554 vere
842 3512 924 3555 est
950 3502 1111 3563 Deus,
1146 3503 1347 3557 missus
1387 3503 1479 3570 sit,
1525 3514 1579 3558 et
1606 3505 1777 3574 legem
1827 3523 2057 3579 accepe-

471 3593 564 3656 rit,
600 3591 880 3662 multaque
924 3594 1203 3647 hominum
1241 3594 1407 3648 millia
1441 3610 1550 3649 non
1576 3598 1895 3663 perdiderit,
1956 3603 2053 3656 sed

469 3685 805 3753 gubernarit,
841 3684 1109 3754 intelliges
1140 3700 1206 3740 ex
1237 3686 1415 3752 titulo,
1455 3704 1613 3757 quem
1678 3699 1862 3745 contra
1912 3692 2059 3747 Pau-

470 3778 694 3832 licianos
746 3777 1090 3846 scripsimus,
1146 3781 1605 3847 quemadmodum
1668 3781 1721 3835 in
1779 3786 2058 3852 superiore

472 3872 650 3937 capite
682 3871 1105 3926 declaravimus.

545 4140 634 4195 ll.
663 4139 770 4193 Eos
802 4139 945 4196 solos
967 4140 1155 4195 dicunt
1188 4157 1308 4196 esse
1329 4155 1567 4207 sant-tos,
1612 4148 1701 4214 qui
1738 4149 1880 4216 apud
1924 4148 2059 4206 Mat-

474 4234 675 4289 thaaum
705 4241 758 4287 et
777 4231 1001 4296 Lucam,
1027 4242 1083 4285 ut
1123 4234 1379 4297 diximus,
1406 4236 1455 4289 in
1471 4238 1797 4307 genealogiis
1822 4255 2059 4297 comme-

473 4333 778 4389 morantur,
794 4324 1130 4378 etsexdccim
1151 4324 1458 4392 prophetas,
1474 4335 1524 4379 et
1543 4326 1833 4393 apostolos.
1854 4338 1905 4383 et
1920 4346 2061 4384 mar-

476 4429 644 4488 tyres,
675 4416 766 4483 qui
799 4431 864 4469 ne
883 4415 1023 4469 idola
1040 4417 1354 4483 adorarent,
1375 4419 1541 4472 OleiSi
1561 4431 1708 4474 sunt.
1735 4420 2060 4479 Sacerdotes

2168 3245 2194 3296 6
2223 3243 2388 3312 νόμος
2418 3240 2575 3311 ἐδόθη
2602 3242 2714 3302 τοῖς
2744 3238 3082 3310 ἀνθρώποις,
3110 3241 3137 3292 ό
3166 3239 3263 3307 τῆς
3293 3240 3571 3308 ἁμαρτίας
3592 3242 3758 3293 ἀναιο

2169 3335 2380 3405 ρετικδς
2428 3334 2522 3385 καὶ
2564 3331 2844 3398 πολέμιος,
2873 3331 2995 3383 τότε
3048 3331 3287 3399 μάλιστα
3338 3331 3630 3400 διηγέρθη,
3663 3333 3760 3384 καὶ

2165 3424 2278 3482 οἷον
2305 3425 2572 3492 ἀνέζησεν
2608 3423 2770 3492 αὕτη,
2800 3422 3053 3475 τουτέστι
3091 3423 3321 3492 σφοδρὸν
3356 3422 3618 3485 ἔπνευσε,
3664 3423 3762 3477 καὶ

2170 3518 2396 3590 μανικὸν
2437 3515 2701 3586 ὲλύττησε
2749 3515 2892 3568 κατά
2923 3514 3030 3567 τῶν
3066 3514 3486 3582 ὑποδεξαμένων
3536 3514 3641 3577 τὰς
3674 3531 3763 3567 νο-

2169 3610 2332 3681 μικὰς
2363 3607 2605 3669 ἐντολάς.
2627 3608 2749 3660 ’Ότι
2776 3607 2831 3660 δὲ
2850 3608 2877 3659 6
2906 3602 3151 3671 Μωῡσῆς
3176 3608 3276 3660 οὐκ
3294 3606 3577 3676 ἐπλανήθη
3604 3608 3764 3677 παρὰ

2164 3701 2259 3755 τοῦ
2287 3698 2593 3768 Σαταναὴλ,
2626 3698 2742 3750 ἀλλ’
2766 3700 2795 3750 ὁ
2826 3698 2902 3750 ὢν
2929 3698 3063 3761 Θεὸς
3096 3697 3419 3751 ἀπέστειλεν
3448 3698 3638 3761 αὐτὸν,
3664 3696 3763 3751 καὶ

2164 3791 2330 3854 αὐτὸς
2353 3788 2500 3858 αὐτῷ
2522 3789 2725 3841 δέδωκε
2754 3789 2843 3841 τὸν
2871 3789 3058 3854 νόμον,
3091 3788 3186 3841 καὶ
3205 3788 3307 3841 οὐκ
3334 3788 3608 3851 ἀπώλεσε,
3639 3788 3759 3840 ἀλλ’

2166 3883 2423 3952 ὡδήγησε
2477 3881 2545 3932 δι’
2588 3880 2755 3934 αὐτοῦ
2790 3880 2888 3943 τάς
2923 3881 3125 3943 πολλὰς
3179 3879 3397 3943 ὲκείνας
3457 3881 3756 3950 μυριάδας.

2167 3972 2490 4042 εύρήσειςέν
2505 3970 2583 4041 τῷ
2602 3970 2753 4023 κατὰ
2780 3972 2898 4024 τῶν
2925 3971 3551 4042 Παυλικιάνωντίτλῳ,
3576 3970 3759 4033 καθὼς

2168 4064 2225 4117 ὲν
2241 4063 2316 4133 τῷ
2334 4064 2439 4135 πρὸ
2462 4063 2649 4116 τούτου
2676 4062 2956 4130 κεφαλαίῳ
2982 4063 3324 4130 διελάΰομεν.

2242 4160 2324 4206 ια’.
2363 4154 2630 4221 Λέγουσιν
2669 4154 2858 4221 ἁγίους
2882 4156 3074 4222 μόνους
3093 4150 3233 4207 εἶναι
3258 4154 3387 4217 τούς
3417 4171 3478 4208 τε
3501 4156 3658 4223 παρὰ
3682 4154 3758 4219 τῷ

2168 4247 2437 4315 Ματθαίῳ
2469 4246 2565 4298 καὶ
2591 4245 2668 4315 τῷ
2696 4247 2885 4316 Λουκᾷ
2918 4246 3437 4316 γενεαλογηθέντας,
3465 4247 3545 4309 ὡς
3574 4247 3762 4316 προεί-

2173 4355 2359 4406 ρηται,
2392 4337 2487 4389 καὶ
2516 4338 2641 4399 τοὺς
2670 4336 2963 4402 ἑξκαίδεκα
2994 4339 3303 4408 προφήτας,
3340 4341 3437 4391 καὶ
3470 4340 3600 4401 τοὺς
3628 4342 3760 4391 ἀπο·

2169 4428 2412 4492 στόλους,
2435 4429 2531 4480 καὶ
2570 4428 2695 4490 τοὺς
2728 4428 3033 4497 μάρτυρας,
3064 4430 3180 4482 ὅσοι
3209 4430 3295 4482 διὰ
3323 4430 3384 4481 τὸ
3414 4430 3490 4499 μὴ
3519 4446 3763 4498 προσκυ-

474 4517 655 4563 anlem
680 4518 734 4561 et
756 4505 945 4559 Patres
978 4521 1168 4559 omnes
1200 4517 1457 4577 tanquam
1494 4510 1759 4564 idolorum
1799 4514 2055 4582 cultores,

2164 4524 2325 4590 νῆσαι
2352 4520 2423 4574 τὰ
2439 4520 2634 4573 εἴδωλα
2651 4521 3106 4590 κατεσφάγησαν.
3132 4522 3271 4584 Τοὺς
3292 4521 3566 4591 ίεράρχας
3590 4523 3647 4573 δὲ
3668 4522 3759 4573 καὶ

474 4601 734 4671 quoniam
770 4600 1002 4652 adorant
1064 4599 1349 4667 imagines,
1405 4604 1665 4668 reprohos
1721 4605 2063 4674 existimant,

473 4705 527 4749 ct
556 4707 746 4747 omnes
779 4705 933 4761 reges
958 4691 1078 4760 pios
1106 4705 1136 4743 e
1166 4701 1313 4745 sorte
1345 4690 1780 4748 Christianorum
1821 4697 2070 4766 rejicien-

475 4789 573 4840 dos
598 4795 814 4854 putant,
870 4784 1017 4839 solos
1076 4795 1257 4839 autem
1314 4783 1611 4850 imaginum
1664 4799 2067 4858 oppugnatores

475 4878 808 4933 orthodoxos
862 4876 1157 4946 ﬁdelesque
1192 4887 1405 4943 vocant,
1451 4876 1832 4948 imprimisque
1861 4879 2066 4948 Copro—

478 4985 724 5041 nymum.
768 4968 1124 5024 Venerandas
1175 4970 1320 5024 enim
1367 4970 1631 5037 imagines
1662 4983 2058 5038 aspernantur,

477 5056 690 5117 etid‘ola
723 5062 963 5131 gentium
995 5062 1295 5130 appellant,
1316 5071 1717 5130 argentumque
1781 5071 1833 5116 et
1862 5078 2058 5116 aurum

478 5165 709 5222 etapera
736 5167 990 5206 manuum
1028 5153 1330 5216 hominum,
1382 5151 1697 5220 ignorantes
1738 5153 1882 5205 aliud
1939 5168 2061 5209 esse

481 5247 797 5314 imaginem.
826 5254 880 5300 et
903 5244 1046 5299 aliud
1075 5246 1315 5314 idolum;
1352 5249 1498 5302 nulla
1562 5252 1710 5303 enim
1775 5259 1870 5303 aut
1921 5249 2058 5305 falsa

482 5354 604 5395 esse
639 5339 903 5394 idolorum
945 5338 1299 5408 exemplaria,
1332 5341 1621 5433 cum‘deos
1647 5342 1921 5412 appellent
1967 5358 2062 5399 eos

487 5435 577 5503 qui
609 5449 718 5488 non
746 5444 873 5488 sunt
897 5434 993 5494 dii.
1024 5434 1121 5488 sed
1151 5434 1447 5500 daemones,
1472 5434 1566 5504 qui
1602 5436 1704 5492 sibi
1736 5436 1874 5491 falso
1920 5438 2063 5491 divi-

487 5528 719 5579 nitatem
748 5533 1025 5593 arrogant.
1060 5526 1127 5577 At
1156 5524 1450 5593 imaginum
1486 5526 1626 5594 apud
1656 5541 1754 5580 nos
1780 5543 1905 5582 vera
1938 5537 2067 5583 sunt

487 5618 839 5686 exemplaria,
875 5627 931 5673 et
960 5633 1085 5674 vere
1113 5616 1351 5673 referunt
1405 5620 1455 5673 id
1515 5620 1657 5688 quo].
1708 5623 2066 5690 appellantur.

570 5819 586 5849 ⁸
624 5819 783 5874 Rom.
825 5836 921 5885 vn,
952 5819 1002 5873 ’1.

2163 4615 2288 4677 τοὺς
2318 4615 2573 4684 Πατέρας
2603 4613 2740 4683 ὁμοῦ
2773 4615 2985 4676 πάντας
3008 4614 3540 4684 ἀποδοκιμάζουσιν,
3575 4616 3652 4677 ὡς
3680 4616 3759 4667 εί-

2163 4704 2511 4774 δωλολάτρας
2545 4704 2635 4756 διὰ
2664 4706 2762 4774 τὴν
2796 4705 2907 4756 τῶν
2947 4706 3177 4759 εἰκόνων
3209 4705 3618 4776 προσκύνησιν.
3652 4706 3764 4759 Καὶ

2161 4801 2289 4862 τοὺς
2326 4798 2424 4869 μὲν
2458 4797 2704 4861 εὐσεϐεῖς
2727 4798 2980 4860 ἅπαντας
3013 4798 3253 4869 βασιλεῖς
3280 4799 3638 4869 ἀλ).οτριοῦσι
3668 4798 3760 4851 τοῦ

2163 4892 2370 4961 κλήρου
2394 4890 2502 4943 τῶν
2519 4889 2893 4959 Χριστιανῶν,
2927 4892 3128 4959 μόνους
3153 4891 3210 4944 δὲ
3240 4890 3509 4944 καλοῦσιν
3538 4891 3757 4962 696056-

2163 4984 2287 5048 ξους
2326 4983 2421 5035 καὶ
2458 4982 2687 5044 πιστοὺς
2732 4982 2860 5045 τοὺς
2892 4982 3330 5052 Εἰκονομάχους,
3369 4983 3468 5035 καὶ
3510 4983 3756 5051 μάλιστα

2160 5079 2252 5132 τὸν
2307 5073 2711 5144 Κοπρὼνυμον.
2778 5075 3137 5143 Ἀτιμάζουσι
3198 5075 3307 5144 γὰρ
3363 5074 3465 5128 καὶ
3518 5074 3626 5136 τὰς
3674 5089 3760 5124 σε·

2161 5166 2427 5234 δασμίους
2458 5164 2697 5231 εἰκόνας,
2736 5164 2814 5218 Τὰ
2844 5165 3379 5233 εἵδωλα,λέγοντες,
3410 5161 3538 5217 τῶν
3565 5160 3757 5218 ἐθνῶν

2158 5257 2445 5324 ἀργύριον
2495 5254 2597 5308 καὶ
2636 5258 2915 5323 χρυσίον,
2942 5256 3089 5325 ἔργα
3138 5255 3355 5326 χειρῶν
3400 5256 3757 5322 ἀνθρώπων.

2170 5346 2528 5415 ἀγνοοῦντες,
2564 5349 2647 5399 ὅτι
2678 5348 2809 5401 ἄλλο
2836 5349 3055 5402 εἴδωλον
3076 5389 3090 5411 ,
3126 5350 3221 5403 καὶ
3254 5348 3385 5402 ἄλλο
3412 5348 3584 5400 εἰκών
3611 5364 3625 5376 ·
3661 5346 3758 5397 καὶ

2172 5445 2253 5496 ὅτι
2284 5441 2394 5500 τοῖς
2428 5438 2527 5507 μὲν
2550 5440 2793 5504 εἰδώλοις
2820 5441 2890 5493 τά
2915 5442 3250 5511 πρωτότυπα
3276 5440 3639 5493 ἀνυπόστατα
3666 5439 3760 5490 καὶ

2173 5533 2389 5604 ψευδῆι
2450 5528 2605 5594 θεοὺς
2666 5533 2777 5601 γὰρ
2833 5534 3174 5603 ἐπεφήμιζον
3228 5533 3412 5595 αὐτοῖς
3471 5534 3553 5602 μὴ
3605 5532 3761 5588 δντεις

2178 5623 2352 5690 θεοὺς,
2379 5621 2518 5679 ἀλλά
2542 5619 2804 5690 δαίμονας
2831 5622 3195 5692 ψευδομένους
3214 5621 3313 5693 τὴν
3345 5620 3582 5691 θεότητα
3610 5638 3623 5650 ·
3648 5617 3762 5670 τῶν

1104 5820 1121 5850 ⁸
1156 5818 1350 5877 ibid.9.
1425 5819 1444 5851 ³
1473 5818 1599 5874 ibid.
1628 5819 1711 5874 19..
1788 5821 1808 5851 “
1845 5821 2037 5877 Matth.
2074 5838 2167 5888 vn,
2204 5824 2284 5887 l'l,
2318 5826 2402 5881 18.
