4020 6284
321 420 460 484 139

311 726 450 793 ρῶν,
476 725 651 778 ταῦτα
670 726 726 779 δὲ
751 728 960 792 εἰκόνες
986 731 1535 805 ἀγίων.ῐ]λατύτερον
1552 737 1609 789 δὲ
1635 737 1764 807 περὶ
1787 739 1897 792 τῶν

307 820 486 884 ἁγίων
531 819 758 874 είκόνων
801 821 1018 892 εἴρηται
1059 826 1117 877 ἐν
1144 825 1221 896 τῷ
1246 828 1397 881 κατὰ
1424 829 1539 882 τῶν
1560 831 1895 900 Είκονομά-

303 931 438 984 χων
469 915 654 985 τίτλῳ,

387 1004 472 1075 ιβ’·
523 1008 845 1077 Ἐρωτηθεὶς
881 1013 1010 1081 παρ’
1055 1013 1212 1082 ἡμῶν
1261 1015 1406 1085 ὁτῆς
1430 1017 1693 1087 αἱρέσεως
1715 1021 1894 1080 αὐτῶν

301 1094 557 1167 ἔξαρχος,
582 1099 704 1163 Πῶς
730 1102 1165 1173 ἀποδοκιμάζετε
1196 1109 1321 1170 τοὺς
1342 1109 1400 1161 ἐν
1423 1109 1601 1176 άπγίοις
1629 1115 1892 1188 ίεράρχας

301 1191 407 1242 καὶ
435 1188 560 1251 τοὺς
580 1193 886 1262 μακαρίους
923 1195 1193 1264 Πατέρας,
1225 1192 1301 1252 ὧν
1325 1200 1392 1254 τὰ
1426 1201 1656 1271 λείψανα
1681 1207 1893 1275 θαυμα-

296 1279 634 1348 τουργοῦσι’;
658 1282 850 1353 διάρας
871 1287 939 1339 τὰ
971 1285 1174 1356 βέῦηλα
1203 1291 1354 1362 χείλη
1381 1293 1713 1364 ἐξηρεύξατο
1737 1299 1893 1367 λόγον

298 1375 569 1443 πονηρόν.
595 1373 728 1428 Εἷπε
757 1381 886 1445 γὰρ,
910 1380 990 1432 ὅτι
1020 1385 1501 1453 συγκεκλήρωνται
1531 1390 1742 1455 τούτοις
1774 1395 1891 1448 δαί-

299 1482 489 1532 μονες,
516 1467 565 1518 οἳ
593 1467 900 1533 διδάξαντες
929 1473 1124 1536 αὐτοὺς
1145 1474 1222 1527 ἔτι
1251 1474 1484 1541 ζῶντας,
1525 1481 1575 1533 οἳ
1639 1485 1752 1545 τοῖς
1798 1487 1893 1539 τά·
1929 1529 1936 1532 -

293 1570 428 1622 φοις
457 1557 636 1611 αὐτῶν
664 1562 1075 1631 παραμένοντες
1129 1569 1585 1638 τερατουργοῦσιν
1623 1575 1702 1634 εἰς
1721 1575 1890 1645 πρόσο

293 1663 454 1700 ωπον
500 1648 680 1701 αὐτῶν
732 1646 816 1704 ἵνα
865 1657 992 1716 τοὺς
1039 1656 1300 1726 ἀνοήτους
1357 1659 1768 1731 ἐξαπατήσωσι,
1795 1668 1886 1719 καὶ

285 1740 533 1792 πείσωσι
563 1743 726 1812 τιμᾷν
758 1745 884 1807 τοὺς
905 1744 1180 1814 ’ἀνάγνους
1233 1748 1310 1812 ὼς
1360 1750 1575 1818 ἁγίους.
1635 1754 1887 1810 Τοσαῦτα

284 1831 412 1900 γάρ
438 1831 694 1887 δύνασθαι
727 1835 853 1898 τοὺς
879 1835 1160 1904 δαίμονας,
1207 1841 1308 1892 ὅσα
1352 1839 1417 1910 δὴ
1454 1845 1547 1896 καὶ
1603 1843 1880 1912 βούλονται

288 1918 569 1984 λαὸόντας
593 1923 800 1976 ἀνωθεν
823 1925 1073 1989 ἐξουσίαν
1117 1927 1244 1997 ἀχρι
1287 1933 1525 2000 πέρατος
1567 1934 1677 1988 τῶν
1742 1939 1881 1991 ἑπτὰ

281 2012 533 2067 αἰώνων.
574 2012 734 2067 Ἀλλά
775 2017 936 2069 πόθεν
951 2016 1109 2070 τοῦτο
1131 2021 1466 2092 μεμαθηκὼς
1487 2022 1651 2093 ἔχεις,
1680 2020 1726 2079 ὧ
1749 2027 1880 2098 λῆρε

285 2104 396 2155 καὶ
444 2104 770 2175 παράφορες
832 2107 942 2160 Ποῦ
985 2108 1042 2161 δὲ
1089 2112 1185 2163 καὶ
1213 2111 1400 2182 θήσεις
1425 2113 1485 2166 τὸ
1523 2115 1880 2184 εὐαγγελικὺν

279 2197 474 2246 ἐκεῖνο
510 2195 571 2247 τὸ
598 2197 739 2250 κοιτά
787 2197 877 2250 τὸν
925 2202 1116 2270 καιρὸν
1171 2202 1263 2256 τοῦ
1296 2204 1629 2258 Δεσποτικοῢ
1675 2209 1880 2274 πάθους

281 2287 464 2355 ῥηθὲν
493 2289 554 2341 τὸ
579 2287 756 2352 λέγον,
788 2291 919 2344 Νῦν
949 2291 1152 2362 ἄρχων
1200 2294 1308 2350 τοῦ
1362 2297 1601 2366 κόσμου
1660 2300 1879 2355 τούτου

273 2375 732 2446 ἐκϐληθήσεται
757 2380 873 2444 ἔξω
896 2398 914 2446 ;
941 2380 1004 2432 Εἰ
1033 2381 1091 2433 δὲ
1123 2383 1150 2434 ὁ
1169 2382 1371 2452 ἄρχων,
1395 2385 1576 2456 πολλῷ
1601 2389 1800 2454 μᾶλλον
1828 2388 1878 2440 οἱ

280 2467 590 2536 ἀρχόμενοι
611 2468 886 2538 δαίμονες.
914 2470 1040 2533 Πῶς
1066 2471 1123 2524 δὲ
1159 2475 1253 2526 καὶ
1276 2476 1390 2539 τοῖς
1442 2476 1720 2546 λειψάνοις
1769 2479 1878 2532 τῶν

280 2559 585 2629 μακαρίων
631 2561 892 2631 Πατέρων
939 2563 1422 2634 συγκεκλήρωνται
1464 2569 1514 2620 oi
1553 2570 1875 2639 φρίσσοντες

270 2649 429 2702 αὑτά
467 2650 767 2721 δαίμονες;
805 2653 1075 2718 Πολλάκις
1110 2655 1218 2728 γὰρ
1252 2659 1363 2713 τῶν
1412 2659 1875 2732 δαιμονιζομένων

269 2741 619 2808 ἐγγιζόντων
677 2749 788 2808 τοῖς
853 2747 1049 2816 τάφοις
1097 2749 1309 2815 αὐτῶν,
1356 2751 1779 2821 δραπετεύουσιν
1823 2759 1873 2810 οἱ

266 2832 578 2902 δαίμονες,
618 2838 872 2908 καθάπερ
917 2841 1020 2893 ὑπὸ
1072 2842 1243 2910 πυρὸς
1288 2843 1387 2913 τῆς
1425 2845 1708 2916 δυνάμεως
1763 2850 1872 2904 τῶν

270 2924 558 2995 λειψάνων
592 2930 979 2998 μαστιζόμενοί
1001 2950 1059 2984 τε
1085 2935 1180 2986 καὶ
1209 2935 1580 3004 ἐλαυνόμενοι.
1633 2941 1696 2993 ΕΞ
1723 2941 1779 2993 δὲ
1803 2941 1873 2994 τὰ

267 3018 517 3087 λείψανα
538 3021 744 3074 τούτων
776 3024 1168 3092 δραπετεύουσι
1196 3031 1322 3089 τοὺς
1354 3027 1617 3097 δαίμονας
1641 3072 1656 3093 ,
1690 3031 1870 3101 πολλῷ

267 3110 487 3177 μᾶλλον
513 3114 710 3166 ἐκεῖνοι
734 3113 937 3178 ζῶντες
963 3115 1181 3170 ἐδίωκον
1208 3119 1422 3181 αὐτοὺς,
1445 3121 1537 3172 καὶ
1559 3122 1680 3174 οὐδὲ
1709 3141 1869 3184 προσ-

1206 435 1585 500 PANOPLIA
1622 441 2080 514 DOGMATICA.
2118 477 2184 493 σ-
2224 456 2370 524 ΤΙΤ.
2413 463 2664 529 XXVII.

307 540 538 647 65mg"
574 542 703 612 ἡμῖν
734 545 961 599 εἰκόνων
987 549 1056 600 τά
1084 550 1422 616 πρωτότυπα
1450 554 1620 619 ὅντως
1646 556 1778 612 ὄντα
1809 577 1874 611 κα

1976 567 2182 638 .Atque
2211 573 2353 630 idola
2385 580 2604 647 quidem
2639 582 3026 637 sceleratorum
3076 592 3204 638 sunt

305 632 673 703 ἀληθεύοντα,
702 635 729 688 ὃ
759 635 1075 692 καλοῦνται.
1112 641 1354 696 Κάκεῖνα
1392 645 1490 712 μὲν
1523 645 1720 700 εἴδωλα
1755 667 1855 718 μια
1882 682 1898 691 -

3440 472 3583 536 1310

3264 585 3554 640 simulacra

2095 627 2110 638 ,
2389 627 2604 647 1"".--
2639 627 3026 637 _--_-._--._...
3076 627 3204 638 η...
3264 627 3581 652 -....,.........,

1999 660 2259 733 imagines
2287 683 2416 724 vero
2441 681 2755 726 sanctorum
2781 674 3006 744 eﬁigies.
3036 673 3143 727 Sed
3171 675 3239 729 de
3255 687 3579 732 sanctorum

2000 756 2326 823 imaginibus
2359 759 2414 814 itt
2443 762 2602 817 titulo
2637 763 2904 819 Adversus
2968 766 3260 833 imaginum
3309 781 3583 836 oppugna-

1999 855 2136 902 tores
2166 849 2329 906 latius
2361 852 2787 923 disputavimus.

2069 1031 2159 1085 12.
2179 1031 2682 1102 Princepsisturum
2716 1032 2959 1096 haaresis,
2983 1047 3104 1086 cum
3137 1047 3202 1087 ex
3233 1047 3297 1086 eo
3311 1046 3586 1101 quaerere-

2000 1132 2087 1176 tur
2101 1138 2198 1176 cur
2216 1123 2766 1194 sanetoslsacerdOtes
2788 1123 3084 1189 beatosque
3099 1123 3290 1177 Patres
3303 1122 3578 1191 rejiciant,

1996 1230 2224 1281 quorum
2257 1216 2511 1284 reliquias
2542 1223 2888 1275 venerantur,
2921 1214 3082 1266 labiis
3131 1213 3374 1281 profanis
3425 1221 3580 1282 pate-

1995 1303 2154 1360 factis
2176 1308 2398 1360 verbum
2425 1306 2624 1360 malum
2673 1307 2945 1360 eruetavit
2977 1325 2990 1360 :
3027 1306 3321 1372 Quoniam,
3379 1307 3579 1374 inquit,

1993 1411 2118 1451 cum
2151 1397 2258 1450 illis
2291 1405 2420 1452 sunt
2450 1399 2742 1462 daemones,
2769 1399 2863 1466 qui
2889 1412 2984 1451 eos
3017 1399 3142 1451 dum
3168 1397 3440 1459 viverent,
3473 1397 3568 1450 do-

1994 1501 2242 1554 cuerunt,
2275 1499 2330 1544 et
2357 1490 2425 1544 ad
2455 1505 2640 1545 eorum
2691 1490 2926 1545 tumulos
2989 1490 3294 1544 assidentes
3321 1495 3575 1558 portenta

1994 1581 2200 1636 faciunt
2234 1583 2334 1636 sub
2359 1596 2835 1652 eorum-persona,
2886 1591 2944 1636 ut
2997 1582 3216 1650 ignaros
3277 1579 3572 1647 decipiant,

1991 1675 2361 1746 suadeantque
2382 1683 2440 1729 ut
2472 1677 2712 1744 impuros
2739 1683 2996 1743 tanquam
3039 1683 3263 1726 sanctos
3324 1671 3569 1723 adorent.

1990 1765 2227 1822 Tantum
2255 1767 2398 1821 enim
2418 1767 2689 1821 daemones
2715 1780 2896 1835 posse,
2919 1774 3182 1833 quantum
3211 1760 3419 1825 volunt,
3444 1773 3566 1812 eum

1915 1895 1958 1953 Β
1990 1873 2108 1914 eam
2144 1874 2174 1913 e
2203 1856 2419 1913 sublimi
2446 1865 2767 1925 potestatem
2787 1856 2854 1910 ad
2890 1865 3100 1923 septem
3127 1867 3298 1920 usque
3343 1850 3568 1905 saeculu-

1987 1966 2106 2005 rum
2145 1949 2303 2003 ﬁnem
2333 1947 2665 2017 acceperint.
2708 1946 2814 2000 Sed
2872 1950 3014 2000 unde
3074 1955 3130 1998 tu
3157 1946 3270 1997 haec
3310 1940 3569 2005 didicisti,

1982 2051 2212 2112 nugator
2241 2041 2512 2108 stulteque
2540 2037 2745 2092 senex?
2777 2039 2883 2090 Aut
2911 2036 3005 2090 ubi
3033 2032 3407 2102 evangelicum
3435 2030 3564 2084 illud

1981 2135 2126 2203 «ιιιοά
2163 2133 2428 2186 Dominus
2471 2131 2630 2200 paulo
2654 2138 2780 2182 ante
2808 2128 2998 2182 mortis
3025 2141 3135 2181 suae
3168 2138 3379 2192 tempus
3434 2122 3572 2176 dixit

1979 2224 2296 2287 collocabis,
2316 2223 2469 2276 Nunc
2491 2222 2731 2290 princeps
2751 2219 2908 2287 hujus
2928 2217 3112 2270 mundi
3125 2215 3367 2283 ejiciatur
3388 2213 3566 2281 foras?

1981 2315 2132 2383 Quod
2165 2317 2210 2369 si
2243 2315 2517 2382 princeps,
2551 2310 2722 2364 multo
2750 2308 2926 2377 magis
2954 2308 3253 2369 daemones,
3318 2304 3410 2371 qui
3465 2304 3566 2357 sub

1979 2408 2098 2476 ejus
2134 2415 2255 2460 sunt
2279 2405 2604 2473 principatu.
2645 2399 2914 2454 Praeterea
2944 2397 3218 2466 quomodo
3272 2396 3556 2448 beatorum

1977 2499 2199 2554 Patrum
2227 2494 2473 2562 reliquiis
2501 2493 2769 2546 inhaerent
2799 2490 3096 2552 daemones,
3129 2487 3220 2555 qui
3244 2500 3340 2540 eas
3390 2484 3562 2538 refor-

1977 2588 2185 2643 midant
2214 2585 2237 2637 ⁸2
2269 2583 2594 2650 Plerumque
2631 2580 2776 2634 enim
2804 2593 2926 2634 cum
2956 2577 3204 2632 homines
3247 2590 3274 2627 a
3307 2573 3570 2627 daemoni—

1975 2674 2076 2728 bus
2091 2671 2266 2726 vexati
2288 2671 2352 2723 ad
2372 2684 2557 2724 eorum
2581 2664 3132 2733 acceduntsepulera,
3159 2679 3188 2717 a
3213 2665 3412 2716 virtute
3437 2659 3568 2714 reli-

1973 2777 2249 2834 quiarum,
2273 2771 2529 2828 tanquam
2558 2759 2626 2814 ab
2655 2758 2798 2828 igne,
2846 2756 2947 2824 ipsi
2977 2758 3248 2810 daemones
3275 2752 3564 2820 auiugiunt

1972 2851 2151 2907 vexati
2207 2859 2261 2904 et
2308 2849 2625 2904 excruciati.
2681 2846 2832 2912 Quod
2883 2853 2930 2900 sl
3017 2844 3260 2912 reliquiae
3324 2843 3564 2909 ipsorum

1973 2945 2248 3000 daemones
2282 2941 2530 3012 ejiciunt,
2564 2939 2734 2993 multo
2764 2937 2940 3008 magis
2993 2937 3120 3006 ipsi,
3176 2950 3300 2990 cum
3354 2936 3408 2988 in
3457 2933 3562 2987 hac

1973 3038 2083 3090 vita
2106 3037 2384 3104 degerent,
2440 3047 2534 3086 eos
2563 3031 3046 3101 persequebantur,
3077 3043 3177 3082 nec
3206 3027 3307 3096 ipsi
3350 3027 3419 3080 ad
3471 3037 3566 3078 eos

1973 3125 2248 3179 audebant
2269 3123 2647 3188 aceedere,sed
2674 3119 2794 3174 illos
2819 3129 3075 3188 tanquam
3100 3118 3169 3172 ab
3193 3117 3274 3172 eis
3293 3112 3564 3170 verberati

267 3203 506 3268 εγγίσαι
536 3204 749 3268 τούτοις
777 3205 1022 3276 ἐτόλμων
1040 3209 1240 3260 ἐκεῖνοι
1285 3209 1578 3277 φεύγοντες
1619 3214 1695 3278 ὡς
1725 3217 1871 3268 αίκί-

1976 3213 2336 3268 declinabant.
2375 3209 2472 3266 Sin
2520 3209 2826 3274 evitabant,
2859 3222 2966 3264 non
3006 3208 3194 3276 utique
3247 3205 3564 3261 habitabant

269 3295 497 3360 ζοντας.
534 3296 597 3348 Εί
619 3289 674 3349 δέ
697 3297 925 3366 ἔφευγον
953 3299 1170 3365 αὐτοὺς,
1207 3301 1492 3372 πρόδηλον,
1540 3306 1622 3359 ὅτι
1648 3303 1718 3360 οὗ
1744 3324 1871 3361 συν-

271 3384 488 3456 ῴκουν,
534 3388 653 3441 οὐδὲ
679 3388 980 3444 ἐδίδασκον.

358 3479 448 3546 ιγ’.
471 3481 734 3548 Λέγουσιν
761 3481 853 3535 ἀπ’
877 3483 1058 3536 αὐτῶν
1086 3484 1187 3554 μὲν
1221 3486 1416 3556 μόνων,
1436 3491 1554 3559 ἦτοι
1581 3493 1688 3545 τῶν
1706 3493 1871 3560 Βογο-

275 3569 480 3641 μίλων,
533 3572 756 3641 φεύγειν
784 3575 870 3628 ἀεὶ
898 3577 1024 3636 τοὺς
1052 3575 1312 3647 δαίμονας
1343 3579 1475 3634 ὡσεὶ
1503 3583 1654 3647 τόξου
1685 3583 1866 3654 βολήν,

271 3666 499 3735 ἑκάστῳ
534 3665 591 3717 δὲ
612 3665 718 3719 τῶν
743 3666 918 3721 ἄλλων
955 3668 1211 3724 ἁπάντων
1240 3674 1468 3727 ἐνοικεῖν
1495 3676 1745 3746 δαίμονα,
1776 3681 1867 3732 καὶ

270 3758 552 3812 διδάσκειν
603 3759 766 3812 αὐτὸν
820 3759 888 3813 τὰ
944 3759 1179 3830 πονηρὰ,
1207 3764 1301 3816 καὶ
1347 3765 1502 3833 ἄγειν
1525 3769 1618 3820 ἐπὶ
1649 3770 1748 3832 τὰς
1775 3773 1867 3824 άν-

275 3849 621 3918 οσιουργίας,
656 3851 752 3902 καὶ
793 3851 1228 3921 ἀποθνήσκοντος
1277 3855 1505 3908 ἐνοικεῖν
1547 3857 1704 3922 αὖθις
1755 3864 1867 3925 τοῖς

272 3940 556 4008 λειψάνοις
591 3939 780 4005 αὐτοῦ,
815 3942 910 3995 καὶ
938 3943 1281 4013 παραμένειν
1301 3945 1380 4015 τῷ
1408 3947 1585 4017 τάφῳ,
1613 3953 1708 4004 καὶ
1734 3951 1865 4005 ἀναο

281 4029 469 4100 μένειν
501 4032 600 4100 τὴν
622 4031 942 4098 ἀνάστασιν,
967 4033 1057 4086 ἴνα
1082 4035 1181 4088 σὺν
1215 4035 1364 4106 αὐτῷ
1419 4038 1734 4109 κολασθείη,
1768 4043 1864 4096 καὶ

285 4121 413 4194 μηδ’
435 4124 492 4175 ἐν
515 4125 580 4193 τῇ
605 4122 824 4176 κολάσει
847 4121 1037 4176 τούτου
1067 4123 1466 4196 διαχωρίζοιτο.
1527 4129 1601 4181 Τὸ
1635 4132 1733 4197 μὲν
1770 4131 1866 4186 οὖν

278 4216 511 4268 ἐνοικεῖν
537 4216 757 4284 ἑκάστῳ
786 4214 895 4268 τῶν
918 4215 1222 4285 ἀνθρώπων
1240 4217 1469 4287 δαίμονα
1493 4220 1602 4274 ἀπὸ
1626 4221 1727 4290 τῆς
1755 4224 1864 4277 τῶν

278 4306 646 4363 Μασαλιανῶν
676 4305 892 4377 ἔχουσιν
922 4307 1210 4376 αἱρέσεως,
1247 4309 1342 4361 καὶ
1383 4309 1619 4380 ζήτησον
1669 4316 1728 4366 ἐν
1783 4315 1860 4385 τῷ

281 4398 400 4454 κατ’
431 4399 656 4452 ἐκείνων
679 4397 845 4467 τίτλῳ
863 4397 923 4450 τὸ
951 4404 992 4450 ε’
1022 4399 1339 4466 κεφάλαιον,
1398 4403 1495 4455 καὶ
1541 4405 1610 4457 τὰ
1661 4406 1861 4477 ἐφεξῆς

281 4489 445 4554 ὀκτὼ,
467 4491 562 4544 καὶ
592 4489 811 4560 μαθήσῃ
841 4489 942 4559 τὴν
974 4490 1203 4544 ἀτοπίαν
1250 4492 1346 4546 τοῦ
1394 4493 1684 4564 δόγματος.
1742 4499 1857 4569 Τῆς

281 4584 453 4652 ἀρχῆς
481 4583 539 4635 δὲ
559 4581 792 4650 ψευδοῦς
823 4581 1190 4653 ἐλεγχθείσης,
1215 4586 1312 4637 καὶ
1349 4585 1410 4638 τὸ
1433 4586 1585 4650 τέλος
1613 4590 1856 4644 τοιοῦτον

283 4673 788 4737 συναποδείκνυται,
815 4674 878 4727 τὸ
925 4674 1194 4744 περὶτῶν
1228 4674 1496 4745 λειψάνων
1549 4678 1712 4748 λέγω,
1764 4683 1861 4737 καὶ

277 4764 374 4831 τῆς
391 4765 446 4816 ἐν
473 4764 654 4828 αὐτοῖς
671 4764 938 4833 οἰκήσεως
952 4765 1060 4818 τῶν
1083 4765 1374 4836 δαιμόνων.
1402 4769 1510 4822 Καὶ
1533 4771 1655 4825 καθ’
1675 4772 1860 4844 ἓτερον

281 4857 340 4908 δὲ
370 4854 544 4924 λόγον,
578 4857 624 4908 εί
661 4854 968 4924 παρέμενεν
991 4856 1205 4925 ἑκάστῳ
1251 4859 1358 4910 τῶν
1386 4860 1696 4916 τεθνεώτων
1737 4866 1857 4918 δαί-

287 4965 399 5020 μων
432 4947 780 5017 ἐκδεχόμενος
809 4947 908 5015 τὴν
937 4945 1253 4999 τελευταίαν
1275 4949 1591 5015 ἀνάστασιν,
1649 4956 1860 5009 ἐπέλει-

282 5041 386 5110 ψαν
443 5038 508 5092 ἂν
561 5039 611 5091 ol.
659 5037 933 5107 δαίμονες.
973 5038 1104 5090 Ἀπὸ
1142 5040 1250 5109 γὰρ
1288 5039 1458 5112 Ἀδὰμ
1485 5043 1613 5114 ἄχρι
1639 5047 1734 5099 καὶ
1764 5048 1861 5100 νῦν

279 5129 544 5186 ἀπέθανον
584 5131 860 5198 ἀνθρωττοι
891 5130 1149 5200 μυριάδες
1185 5132 1571 5205 ἀναρίθμητοι.
1623 5139 1750 5191 ὀτι
1780 5140 1860 5204 ,δὲ

281 5221 344 5274 οὐ
377 5220 666 5289 φεύγουσιν
688 5221 794 5273 ἀπὸ
831 5221 1009 5289 μόνων
1031 5221 1137 5274 τῶν
1162 5222 1476 5291 Βογομίλων
1506 5228 1554 5278 οἱ
1582 5227 1856 5298 δαίμονες,

283 5312 414 5368 ἀλλὰ
444 5313 538 5365 καὶ
567 5313 908 5380 συνδιάγουσι
973 5313 1194 5383 μᾶλλον,
1242 5315 1335 5367 καὶ
1389 5319 1859 5388 παρρησιάζονται

285 5405 418 5474 πρὸς
447 5403 665 5466 αὐτοὺς,
696 5403 855 5473 δῆλον
891 5405 999 5458 ἀπό
1027 5421 1086 5456 τε
1120 5404 1220 5476 τῆς
1269 5405 1437 5476 ἄλλης
1496 5409 1708 5482 πλάνης
1763 5416 1862 5467 αὖ-

279 5496 404 5562 τῶν,
438 5498 534 5547 καὶ
556 5499 649 5548 τοῦ
679 5497 962 5564 φαίνεσθαι
983 5497 1192 5562 τούτοις
1221 5500 1279 5552 ἐν
1297 5500 1539 5571 σχήμασι
1562 5501 1856 5576 διαφόροις,

279 5589 372 5644 καὶ
399 5587 711 5641 ὑποκατιὼν
744 5590 1014 5660 εὑρήσεις.

349 5676 427 5734 ιδ’.
447 5680 899 5749 ’Λτιμάζουσιτὺν
911 5681 1051 5738 θεῖον
1071 5685 1325 5756 σταυρδν,
1342 5686 1418 5752 ὡς
1441 5688 1734 5764 ἀναιρέτην
1758 5693 1853 5747 τοῦ

347 5868 364 5904 ⁸
415 5867 696 5933 Joan.xu,
753 5865 841 5923 51.
1365 5913 1400 5926 ρ

1971 3318 2092 3358 cum
2127 3302 2254 3368 illis,
2291 3316 2388 3356 nec
2410 3315 2504 3356 eos
2539 3298 2833 3355 docebant.

2041 3505 2130 3560 15.
2165 3503 2361 3558 Dicunt
2391 3499 2652 3571 Bogomili
2677 3498 2950 3553 daemones
2975 3505 3234 3564 tanquam
3262 3507 3426 3549 arcus
3459 3507 3556 3548 sa-

1969 3599 2159 3669 gittam
2193 3610 2223 3649 a
2251 3609 2310 3649 se
2340 3593 2476 3649 solis
2525 3592 2806 3658 aufugere,
2844 3589 3088 3658 singulos
3116 3596 3295 3642 autem
3333 3587 3560 3655 reliquis

1971 3686 2281 3742 hominibus
2312 3681 2542 3750 singulis
2570 3680 2878 3734 inhabitare
2932 3687 2988 3732 et
3013 3675 3256 3731 facinora
3305 3677 3559 3740 educere,

1967 3790 2022 3836 et
2047 3780 2112 3833 ad
2135 3777 2338 3845 ﬂagitia
2361 3785 2415 3830 et
2441 3774 2605 3844 impia
2637 3773 2777 3826 facta
2811 3770 3126 3839 perducere,
3163 3777 3220 3823 et
3253 3781 3374 3822 eunt
3407 3780 3557 3820 mor-

1969 3872 2047 3927 tui
2072 3870 2295 3934 fuerint,
2328 3870 2383 3921 in
2419 3868 2664 3935 ipsorum
2696 3862 2940 3929 reliquiis
2968 3861 3228 3924 insidere,
3256 3867 3312 3913 et
3367 3858 3554 3926 sepulo

1965 3962 2076 4016 eris
2102 3959 2378 4023 assistere,
2405 3965 2570 4024 atque
2601 3951 3058 4024 resurrectionem
3103 3959 3444 4017 exspectare,
3493 3955 3552 4000 ut

1965 4067 2074 4107 una
2105 4065 2226 4106 cum
2255 4049 2361 4103 illis
2393 4048 2712 4118 puniantur,
2749 4060 2812 4099 ac
2842 4057 2908 4098 ne
2939 4044 2992 4096 in
3026 4043 3298 4112 supplicio
3323 4042 3544 4111 quidem

1965 4158 2060 4198 eos
2079 4138 2543 4207 desemre.1Qnod
2604 4139 2657 4190 in
2711 4133 2942 4203 singulis
2985 4132 3301 4186 hominibus
3351 4131 3554 4198 singuli

1965 4237 2239 4290 daemones
2267 4230 2574 4286 inhabiteut
2598 4243 2665 4282 ex
2685 4224 3139 4282 Massalianorum
3166 4223 3359 4278 haeresi
3415 4224 3556 4278 didi-

1963 4337 2176 4384 cerunt.
2206 4324 2449 4392 Quaerito
2477 4323 2530 4376 in
2561 4334 2748 4394 eorum
2786 4317 2940 4374 titulo
2975 4316 3225 4388 quintum
3256 4326 3442 4384 caput,
3498 4325 3553 4369 et

1962 4431 2106 4483 octo,
2135 4433 2255 4488 qua:
2278 4417 2534 4484 deinceps
2565 4420 2996 4481 consequuntur,
3017 4418 3072 4465 et
3123 4424 3285 4478 quam
3336 4409 3413 4462 sit
3458 4408 3557 4463 ab-

1963 4514 2130 4569 surda
2162 4511 2277 4566 haec
2306 4509 2512 4577 opinio,
2551 4505 2820 4573 intelliges
2873 4502 2992 4557 Jam
3036 4517 3160 4558 cum
3219 4501 3550 4571 principiqu

1960 4604 2392 4658 demonstratum
2429 4597 2590 4651 fuerit
2625 4610 2744 4650 esse
2771 4591 2990 4660 falsum,
3018 4599 3076 4646 et
3097 4599 3404 4646 extremum
3431 4603 3558 4644 esse

1958 4693 2136 4748 simile
2168 4690 2499 4761 coarguitur,
2527 4704 2648 4743 cum
2672 4687 2949 4760 daemones
2976 4684 3169 4738 dicunt
3200 4683 3253 4736 in
3303 4681 3555 4749 reliquiis

1956 4783 2288 4838 inhabitare.
2345 4780 2665 4847 Quanquam
2699 4777 2743 4830 si
2772 4777 3045 4829 daemones
3079 4772 3275 4841 singuli
3310 4773 3362 4824 in
3406 4785 3556 4824 mor-

1958 4876 2066 4931 tuis
2091 4875 2320 4943 singulis
2361 4873 2755 4937 inhabitarent,
2788 4880 2845 4925 et
2874 4878 3174 4924 extremam
3205 4868 3258 4921 in
3306 4867 3416 4923 illis
3463 4882 3552 4921 re-

1958 4963 2358 5033 surrectionem
2393 4969 2762 5022 morarentur,
2797 4958 3097 5012 deﬁcerent
3129 4957 3423 5012 daemones.
3469 4959 3552 5010 Ab

1958 5052 2132 5107 Adam
2164 5067 2308 5106 enim
2343 5052 2410 5105 ad
2444 5051 2546 5106 hoc
2572 5065 2746 5119 usque
2782 5062 2996 5119 tempus
3023 5049 3352 5104 interierunt
3378 5047 3547 5102 millia

1957 5145 2240 5200 hominum
2269 5142 2706 5198 innumerabilia.
2731 5141 2888 5207 Quod
2911 5149 3094 5197 autem
3128 5156 3158 5195 a
3205 5142 3337 5196 solis
3378 5141 3552 5210 Bogu-

1959 5236 2106 5290 milis
2134 5250 2239 5289 non
2261 5235 2468 5305 fugiant
2500 5235 2794 5300 daemones,
2847 5237 2942 5290 sed
2993 5249 3117 5289 cum
3173 5233 3279 5288 illis
3326 5235 3546 5303 degant,

1958 5328 2328 5397 audacterque
2347 5336 2653 5388 versentur,
2680 5327 3033 5395 perspicuum
3060 5326 3140 5390 iit,
3178 5334 3292 5379 lum
3325 5339 3390 5378 ex
3425 5323 3548 5378 aliis

1959 5421 2199 5489 ipsorum
2220 5419 2522 5484 erroribus,
2563 5429 2673 5472 tum
2699 5433 2765 5473 ex
2793 5434 2859 5474 eo
2889 5419 3029 5487 quod
3075 5419 3181 5472 illis
3236 5432 3335 5471 sua
3385 5417 3538 5470 varia

1960 5513 2145 5582 specie
2167 5522 2332 5584 atque
2353 5513 2528 5570 forma
2571 5528 2693 5569 sese
2730 5511 3054 5580 conspicuos
3103 5511 3367 5580 praebent.
3425 5518 3432 5525 °

2041 5692 2128 5750 ﬂ.
2155 5693 2385 5750 Crucem
2406 5683 2988 5762 divinam’despiciunt,
3012 5687 3158 5760 quod
3181 5687 3235 5743 in
3253 5701 3314 5743 ea
3339 5685 3539 5744 Serva-
