4044 6290
484 340 617 407 1311

1704 336 2085 402 EUTHYMII
2123 335 2483 417 ZIGABENI

2824 258 2854 277 -Ι

3605 326 3748 395 1312

484 468 570 509 tor
628 454 911 518 occiderit,
969 469 1092 510 cum
1120 454 1266 510 illam
1289 455 1470 524 potius
1514 456 1774 512 deberent
1800 457 2068 510 honorare

2194 454 2444 523 Ξωτῆρος,
2468 452 2527 507 ὃν
2553 453 2659 507 ἔδει
2685 453 2884 524 μᾶλλον
2912 454 3098 523 τιμᾷν,
3127 451 3204 514 ὡς
3260 448 3595 518 καθαιρέτην
3656 446 3749 499 τοῦ

448 565 457 611 ι
486 554 749 615 tanquam
782 545 984 601 diaboli
1006 545 1380 614 perditricem.
1402 545 1535 601 Cum
1556 547 1700 601 enim
1720 548 1786 602 ad
1817 547 1945 601 illud
1969 562 2064 601 us-

451 618 591 705 ique
626 647 839 705 tempus
868 635 1154 690 mortifera
1185 637 1485 701 exstiterit,
1522 653 1591 693 ex
1616 652 1683 693 eo
1731 638 1927 693 salutis
1979 638 2069 690 iu-

453 713 848 781 strumentum
896 726 1086 781 eﬂ'ecta
1109 738 1191 780 est
1239 728 1684 790 augustissimum
1735 738 1788 782 et
1819 728 2070 783 hostibus

423 811 429 821 “
488 818 727 870 maxime
757 817 1179 879 formidandum,
1209 819 1408 886 quippe
1425 834 1546 887 quae
1573 818 2070 888 Dominisanguine

488 921 542 962 et
573 923 711 976 aqua
737 922 1035 977 conspersa
1070 916 1175 963 est.
1206 908 1310 963 Sed
1346 909 1445 963 hac
1476 911 1606 964 item
1639 913 1703 964 de
1727 911 1863 965 rein
1915 911 2070 965 titulo

490 1003 741 1054 adversus
767 1000 1043 1053 Armenios
1061 1001 1263 1069 scripto
1279 1000 1481 1056 dictum
1496 1011 1597 1056 est.
1618 1001 1737 1057 Illic
1753 1012 1917 1072 caput
1932 1016 2077 1073 qum-

491 1091 598 1147 rito
622 1099 874 1158 quartum
909 1090 1205 1144 decimum.

561 1184 652 1238 ‘15.
675 1184 807 1235 Cum
835 1196 1022 1235 rursus
1044 1196 1111 1250 ex
1153 1182 1241 1237 illo
1264 1196 1414 1244 sene.
1441 1198 1602 1252 quem
1632 1182 1851 1237 haresis
1873 1183 2077 1253 princi-

494 1290 613 1345 pem
642 1275 999 1336 ostendimus,
1019 1288 1339 1342 quaererem,
1366 1290 1465 1329 cur
1486 1290 1515 1329 a
1538 1275 1873 1329 da-mouihus
1900 1274 2080 1329 vexati

495 1366 563 1417 ad
585 1377 802 1417 crucem
826 1373 1139 1425 accurrunt,
1158 1372 1213 1418 et
1230 1365 1620 1430 vociferantur,
1639 1365 1937 1435 respondit,
1956 1380 2081 1420 cru-

495 1470 612 1508 cum
677 1464 737 1511 ut
764 1456 1041 1524 proprium
1072 1470 1207 1522 opus
1231 1456 1401 1509 auzari
1434 1457 1787 1510 vehementer
1816 1471 1844 1509 a
1872 1456 2076 1509 daemo-

498 1544 676 1608 nibus,
702 1546 792 1614 qui
853 1545 904 1598 in
964 1546 1044 1599 eis
1100 1545 1430 1601 inhabitant.
1494 1546 1602 1616 Ipsi
1650 1546 1822 1611 enim,
1884 1546 2078 1615 inquit,

498 1633 643 1687 illam
700 1642 828 1689 tunc
855 1634 1255 1703 excogitarunt,
1287 1646 1346 1689 ut
1401 1636 1744 1691 Servatorem
1804 1650 1836 1691 e
1896 1636 2080 1691 medio

502 1724 766 1779 tollerent.
800 1724 1114 1792 Aliquando
1171 1735 1354 1780 autem
1386 1742 1505 1781 eam
1530 1741 1589 1782 se
1612 1728 1820 1799 lingunt
1870 1726 2085 1783 allicere

500 1816 933 1879 cuutumelia,et
956 1816 1099 1871 ultro
1153 1816 1298 1871 illam
1353 1817 1585 1889 fugiunt,
1613 1828 1675 1873 ut
1730 1820 1779 1873 id
1832 1820 2083 1876 homines

498 1907 849 1976 aspicientes,
882 1923 1000 1962 eam
1035 1909 1208 1978 magis
1234 1909 1526 1973 honorent,
1566 1922 1820 1981 tanquam
1880 1913 2084 1966 daemo-

498 2012 631 2053 num
663 1998 938 2051 inimicam
971 2007 1023 2051 et
1053 1998 1432 2067 expultricem.
1464 1999 1681 2058 Veritas
1707 2010 1884 2057 autem
1939 2002 2082 2072 apud

501 2105 603 2143 nos
630 2088 775 2143 haud
821 2088 893 2141 ita
928 2103 986 2142 se
1011 2088 1192 2145 habet.
1216 2088 1351 2144 Nam
1402 2091 1483 2144 vel
1518 2091 1670 2146 inviti
1728 2097 2017 2146 trahuntur
2050 2107 2081 2147 a

498 2178 680 2242 crucis
711 2177 934 2240 virtute,
960 2187 1015 2232 et
1044 2177 1321 2245 allatrant,
1358 2188 1416 2234 ut
1448 2181 1631 2235 rabies
1691 2181 1930 2249 ipsorqu
1986 2197 2081 2237 os-

504 2269 778 2330 tendatur,
835 2267 1094 2323 Latratus
1151 2272 1320 2333 enim,
1357 2271 1717 2340 corporisque
1764 2272 2001 2338 vexatio,
2032 2283 2089 2329 et

500 2356 735 2428 gemitus
758 2371 949 2411 eorum
974 2357 1067 2426 qui
1098 2373 1128 2412 a
1162 2356 1501 2414 daemonibus
1533 2360 1935 2429 opprimuntur,
1975 2373 2087 2417 tor-

503 2456 747 2503 mentum
801 2459 854 2503 et
874 2451 1153 2504 cruciatus
1191 2449 1497 2505 daemonum
1526 2434 1786 2516 indicant,
1814 2454 1908 2520 qui
1958 2468 2089 2510 cru-

503 2554 621 2595 cem
661 2548 720 2593 ut
748 2539 1018 2593 inimicam
1055 2534 1361 2609 despiciunt
1407 2550 1464 2596 et
1488 2544 1873 2611 expttltricem.

573 2629 665 2687 16.
707 2630 1040 2700 Baptismum
1081 2642 1327 2686 nostrqu
1357 2631 1581 2690 Joannis
1610 2637 1938 2706 baptismum
1969 2651 2092 2692 esse

505 2719 719 2786 dicunt,
765 2736 861 2789 per
891 2736 1090 2791 aquam
1120 2725 1263 2777 enim
1291 2722 1408 2778 ﬁeri
1431 2764 1447 2788 ,
1499 2740 1656 2779 suum
1691 2741 1819 2781 vero
1865 2727 2095 2800 Christi,

503 2825 604 2878 per
637 2810 901 2881 Spiritum
932 2813 1077 2866 enim
1112 2812 1251 2879 fieri,
1308 2823 1367 2868 ut
1416 2815 1543 2883 ipsis
1593 2816 1830 2873 videtur.
1886 2818 2088 2883 Quam-

506 2903 695 2957 obrem
729 2902 775 2958 si
802 2904 925 2972 quis
949 2903 1015 2958 ad
1046 2904 1195 2972 ipsos
1246 2904 1512 2975 confugit,
1570 2922 1696 2961 eum
1728 2908 2090 2977 rebaptizant.

511 2993 591 3047 Ac
636 2994 872 3063 primum
927 2996 1148 3065 quidem
1215 2996 1293 3051 illi
1338 3003 1557 3066 tempus
1605 3001 1969 3068 praescribunt
2027 3002 2093 3055 ad

507 3083 929 3150 confessionem,
957 3095 1013 3143 et
1047 3088 1517 3159 expurgationem,
1542 3098 1596 3144 et
1617 3091 1931 3146 continuam
1962 3106 2089 3162 pre-

507 3174 801 3230 cationem.
840 3174 1045 3239 Deinde
1073 3177 1316 3235 Joannis
1343 3179 1695 3250 Evangelium
1751 3183 1914 3251 capiti
1972 3183 2093 3252 ejus

511 3267 819 3334 imponunt,
848 3275 904 3323 et
945 3268 1194 3338 spiritum
1231 3278 1482 3325 sanctum
1519 3287 1679 3327 suum
1720 3273 2003 3338 invocant,
2039 3280 2095 3328 et

512 3353 681 3410 Pater
703 3367 881 3412 noster
930 3372 1155 3414 canunt.
1187 3362 1254 3416 Et
1284 3372 1404 3432 post
1445 3364 1774 3429 baptismum
1821 3365 2094 3434 ejusmodi

512 3460 728 3516 tempus
765 3448 962 3511 iterum
1002 3451 1287 3518 assignant
1309 3451 1376 3506 ad
1404 3453 1804 3517 accuratiorem
1862 3455 2091 3519 institu-

514 3538 741 3607 tionem,
776 3538 1324 3611 temperatioremque
1351 3544 1540 3610 vitam,
1565 3552 1620 3600 et
1649 3545 1924 3615 puriorem
1972 3560 2099 3612 pre-

521 3631 820 3687 cationem.
871 3630 1076 3688 Deinde
1127 3634 1494 3693 testimonium
1540 3634 1809 3707 exigunt,
1858 3651 1927 3693 an
1983 3637 2100 3694 haec

514 3722 840 3779 observarit.
893 3720 1049 3789 Quod
1073 3721 1121 3780 si
1187 3724 1291 3779 viri
1342 3724 1709 3794 mulieresque
1755 3725 2097 3795 aliirmarint,

515 3813 723 3869 ducunt
757 3829 881 3869 eum
904 3814 972 3875 ad
996 3812 1354 3870 celebriorem
1409 3815 1768 3883 initiationem
1801 3832 1818 3874 :
1850 3824 2102 3891 statuunt

517 3907 663 3960 enim
692 3905 953 3959 miserum
986 3905 1055 3960 ad
1087 3904 1352 3960 orientem
1390 3906 1580 3973 solem,
1619 3916 1674 3975 et
1708 3907 1874 3977 impio
1926 3910 2101 3979 ipsius

517 3995 680 4063 capiti
735 4010 927 4050 rursus
977 3992 1332 4066 Evangelium
1381 3997 1685 4067 imponunt,
1750 4008 1804 4053 et
1849 3998 2104 4071 profanas

518 4101 712 4142 manus
731 4088 991 4145 adhibent
1026 4101 1175 4151 suas,
1220 4089 1313 4158 qui
1371 4089 1571 4155 adsunt
1602 4090 1703 4146 viri
1753 4102 1918 4161 atque
1947 4090 2104 4147 femi-

516 4192 621 4240 nae,
669 4187 724 4231 et
765 4192 955 4247 preces
1005 4177 1249 4245 nefarias
1313 4190 1540 4246 canunt,
1606 4170 1773 4250 idest
1813 4183 2099 4257 hymnum,

517 4284 623 4336 quo
656 4270 858 4338 gratias
883 4277 1072 4340 agunt,
1107 4270 1251 4339 quod
1278 4272 1528 4326 traditam
1554 4272 1884 4345 impietatem
1914 4275 2105 4329 obser-

519 4362 680 4416 varit.
704 4362 882 4430 Atque
908 4362 981 4420 ita
1024 4362 1269 4432 initiant,
1289 4375 1451 4436 atque
1473 4365 1788 4435 perﬁciunt,
1825 4367 1935 4420 imo
1956 4381 2091 4421 vero

2169 545 2439 600 διαϐόλου.
2491 547 2668 616 Μέχρι
2741 545 2849 614 γὰρ
2906 544 3026 597 τότε
3077 542 3453 612 θανατηφόρον
3517 538 3751 609 ὄργανον

2170 636 2545 706 χρηματίζων,
2568 637 2750 689 ἔκτοτε
2780 635 3065 705 ζωηφόρον
3088 635 3251 688 ὅπλον
3301 632 3544 699 ἐγένετο.
3600 630 3754 699 βασι-

2174 724 2477 780 λικώτατόν
2508 743 2568 779 τε
2600 728 2692 779 καὶ
2722 724 3102 794 φοϐερώτατον
3131 724 3244 785 τοῖς
3274 721 3509 791 ἐχθροῖς,
3538 719 3636 773 ﬁt:
3676 717 3754 787 τῷ

2173 818 2488 889 Δεσποτικῷ
2503 817 2694 888 αἵματι
2711 819 2804 872 καὶ
2822 816 2975 870 ὕδατι
2991 812 3497 886 καταρῤαντισθεὶς.
3522 810 3754 880 Εἴρηται

2174 908 2231 961 δὲ
2249 909 2374 978 περὶ
2394 910 2583 962 τούτου
2616 909 2709 961 καὶ
2734 910 2790 960 ὲν
2812 906 2891 976 τῷ
2906 909 3058 960 κατὰ
3084 904 3201 957 τῶν
3225 901 3754 971 Ἀρμενίωντίτλῳ,

2176 999 2270 1051 καὶ
2299 996 2559 1068 ζητητέον
2588 999 2705 1050 ἐκεῖ
2732 995 3028 1066 κεφάλαιον
3061 994 3143 1047 ιδ’.

2252 1183 2334 1231 ιε’.
2352 1175 2676 1247 Ἐρωτηθεὶς
2699 1172 2856 1235 αὖθις
2878 1171 3006 1241 παρ’
3024 1172 3057 1240 ἡ
3067 1170 3183 1240 μῶν
3204 1171 3231 1222 ὁ
3248 1166 3499 1237 δηλωθεὶς
3524 1164 3759 1233 ἔξαρχος

2179 1271 2277 1339 τῆς
2333 1269 2620 1338 αἱρέσεως,
2682 1265 2806 1327 Πῶς
2855 1264 2905 1316 οἱ
2937 1260 3298 1331 δαιμονῶντες
3359 1256 3761 1327 προστρέχουσι

2179 1360 2259 1431 τῷ
2289 1358 2538 1428 Σταυρῷ,
2571 1358 2666 1411 καὶ
2694 1352 3128 1409 καθυλακτοῦσιν
3157 1368 3172 1416 ;
3204 1348 3564 1418 ἀπεκρίνατο,
3595 1345 3763 1413 φιλεῖ-

2184 1451 2308 1503 σθαι
2339 1449 2573 1518 μάλιστα
2597 1445 2690 1499 τδν
2721 1443 2958 1513 σταυρὸν
2989 1442 3094 1493 ὑπὸ
3120 1440 3228 1493 τῶν
3257 1437 3619 1490 ἐνοικούντων
3667 1434 3762 1487 αύ-

2182 1543 2293 1603 τοῖς
2323 1538 2613 1608 δαιμόνων,
2649 1537 2723 1599 ὡς
2755 1536 2952 1588 οἰκεῖον
2984 1532 3167 1602 ἔργον.
3216 1530 3385 1583 Αὐτοὶ
3422 1529 3558 1597 γὰρ,
3610 1526 3761 1596 φησὶ,

2184 1631 2376 1685 τοῦτον
2412 1627 2823 1684 κατεσκεύασαν
2874 1628 2954 1688 εἰς
2986 1624 3288 1693 ,ἀναίρεσιν
3346 1620 3443 1673 τοῦ
3490 1617 3763 1687 Σωτῆρος.

2192 1722 2347 1775 Ἔστι
2392 1719 2437 1773 δ’
2492 1720 2579 1772 ὅτε
2628 1716 2724 1770 καὶ
2758 1712 3109 1783 καθυϐρίζειν
3135 1711 3323 1765 τοῦτον
3358 1712 3417 1763 ὲν
3451 1710 3765 1777 ὑποκρίσει.

2186 1815 2283 1868 καὶ
2311 1813 2537 1880 φεύγειν
2567 1808 2730 1864 αὐτὸν
2750 1808 3010 1870 πολλάκις
3040 1805 3325 1867 ἑκουσίως,
3361 1804 3449 1855 ἵνα
3480 1802 3763 1869 βλέποντες

2184 1906 2237 1957 οἱ
2287 1904 2563 1972 ἄνθρωποι
2587 1900 2789 1970 τιμῶσι
2855 1898 3055 1967 μᾶλλον
3114 1896 3297 1960 αὑτὸν,
3342 1894 3421 1955 ώς
3450 1892 3651 1962 ἐχθρὸν
3679 1892 3765 1943 καὶ

2186 1996 2419 2063 διώκτην
2440 1994 2548 2047 τῶν
2578 1990 2889 2060 δαιμονίων.
2920 1989 3073 2058 Ἔχει
3094 1987 3151 2040 δὲ
3188 1986 3317 2055 παρ’
3341 1986 3477 2054 ἡμῖν
3506 1984 3610 2051 οὐχ
3632 1981 3767 2034 οὕτω

2187 2087 2246 2141 τὸ
2281 2086 2500 2154 ἀληθές.
2526 2083 2821 2137 Ἔλκεσθαι
2851 2080 2949 2150 μὲν
2988 2080 3097 2149 γὰρ
3136 2078 3231 2131 καὶ
3269 2076 3508 2136 ἄκοντας
3538 2074 3646 2127 ὑπὸ
3676 2073 3767 2140 τῆς

2186 2177 2280 2235 τοῦ
2306 2173 2548 2247 Σταυροῦ
2575 2173 2879 2242 δυνάμεως,
2923 2173 3018 2224 καὶ
3066 2170 3155 2223 ἴνα
3222 2166 3649 2238 βασανίζωνται.
3708 2164 3769 2217 '11

2188 2268 2298 2339 γὰρ
2349 2266 2525 2336 ὑλακὴ
2573 2265 2667 2318 καὶ
2730 2265 2787 2317 αἱ
2823 2261 3187 2333 στρεϐλώσεις
3230 2260 3325 2312 τοῦ
3382 2257 3639 2327 σώματος
3668 2256 3770 2307 τῶν

2188 2357 2669 2429 δαιμονιζομένων,
2706 2354 2800 2409 καὶ
2820 2356 2871 2408 οἱ
2901 2354 3178 2421 τιναγμοὶ,
3203 2350 3508 2421 τεκμήριόν
3544 2349 3653 2400 εἰσι
3677 2348 3772 2415 τῆς

2193 2449 2427 2521 βασάνου
2458 2447 2568 2499 τῶν
2592 2444 2885 2515 δαιμόνων.
2924 2441 3240 2512 ’Υϐρίζουσι
3263 2439 3320 2492 δὲ
3348 2437 3536 2502 αὐτὸν,
3570 2438 3649 2500 ὡς
3690 2438 3777 2505 ὲχ-

2194 2541 2343 2612 θρὺν,
2385 2539 2482 2592 καὶ
2511 2536 2809 2606 φεύγουσιν
2838 2536 2913 2597 ὡς
2938 2532 3196 2602 διώκτην.

2266 2638 2365 2695 ις’.
2385 2630 2458 2683 Τὸ
2484 2629 2581 2698 μὲν
2602 2627 2731 2698 παρ’
2754 2629 2883 2698 ἡμῖν
2911 2625 3193 2696 βάπτισμα
3207 2622 3300 2676 τοῦ
3315 2622 3563 2676 Ἰωάννου
3583 2619 3777 2684 λέγον-

2197 2740 2302 2786 σιν,
2327 2723 2403 2786 ώς
2438 2721 2505 2775 δι’
2530 2720 2721 2781 ὓδατος
2748 2717 3187 2786 ὲπιτελούμενον,
3222 2714 3283 2767 τὸ
3309 2713 3363 2766 δὲ
3404 2710 3540 2781 παρ’
3593 2710 3778 2771 αὐτοῖς

2194 2815 2288 2869 τοῦ
2321 2812 2555 2884 Χριστοῦ
2584 2812 2670 2865 διὰ
2694 2809 3031 2878 Πνεύματος,
3064 2806 3139 2868 ὡς
3173 2806 3320 2858 δοκεῖ
3342 2804 3553 2867 αὐτοῖς,
3586 2800 3780 2853 τελού-

2200 2922 2379 2975 μενον.
2416 2903 2507 2954 Διὸ
2538 2902 2633 2955 καὶ
2663 2899 2755 2971 τὸν
2783 2896 3221 2969 προσερχόμενον
3259 2895 3440 2955 αὐτοῖς
3475 2892 3785 2947 άναϐαπτὶ-

2199 2995 2391 3060 ζουσι,
2458 2992 2651 3063 πρῶτα
2693 2990 2791 3060 μὲν
2843 2986 3192 3056 ἀφορίζοντες
3240 2983 3390 3052 αύτῷ
3460 2982 3657 3049 καιρὸν
3702 2981 3785 3042 εἰς

2198 3084 2605 3153 ἐξομολόγησιν,
2634 3082 2730 3135 καὶ
2752 3078 2996 3147 ἁγνείαν,
3035 3079 3131 3130 κα)⁸
3161 3075 3412 3128 σύντονον
3437 3073 3780 3143 προσευχὴν,

2195 3172 2319 3229 εἶτα
2352 3179 2417 3246 τῇ
2442 3174 2652 3245 κεφαλῇ
2682 3171 2847 3227 αὐτοῦ
2873 3170 2935 3224 τὸ
2957 3168 3102 3222 κατὰ
3146 3167 3406 3236 Ἰωάννην
3444 3165 3785 3232 Εὑαγγέλιον

2196 3268 2553 3331 ἔπιτιθέντες,
2582 3266 2678 3318 καὶ
2706 3264 2765 3317 τὸ
2793 3261 2926 3331 παρ’
2955 3260 3139 3324 αὐτοῖς
3177 3258 3333 3327 ἆγιον
3382 3256 3610 3326 Πνεῦμα
3656 3258 3787 3308 ἑπι-

2197 3362 2547 3429 καλούμενοι,
2568 3358 2663 3410 καὶ
2690 3356 2772 3421 τὸ,
2797 3355 2981 3424 Πάτερ
3000 3352 3182 3423 ἡμῶν,
3203 3351 3513 3422 ἐπᾴδοντες.
3542 3350 3704 3407 Μετὰ
3726 3349 3787 3400 δὲ

2196 3451 2259 3504 τὸ
2295 3446 2536 3502 τοιοῦτον
2594 3444 2879 3516 βάπτισμα
2929 3442 3120 3514 καιρὸν
3179 3437 3334 3502 αὖθις
3370 3438 3788 3509 ἀποκληροῦσιν

2198 3543 2277 3606 εις
2306 3538 2703 3610 ἀκριϐεστέραν
2730 3536 2977 3607 ἀγωγὴν,
3036 3535 3133 3591 καὶ
3185 3533 3459 3587 πολιτείαν
3518 3533 3793 3602 ἐγκρατε-

2202 3636 2422 3706 στέραν,
2459 3635 2552 3689 καὶ
2587 3631 2983 3704 καθαρωτέραν
3018 3628 3348 3701 προσευχὴν,
3397 3623 3521 3680 εἶτα
3578 3643 3789 3696 μαρτυ-

2202 3729 2327 3797 ρίαν
2370 3724 2715 3788 ὰπαιτοῦσιν,
2753 3724 2802 3777 ει
2838 3719 3071 3790 ἐφύλαξε
3146 3719 3344 3787 πάντα,
3372 3721 3423 3771 εἰ
3470 3718 3791 3780 σπουδαίοις

2200 3818 2582 3888 διηγωνίσατο,
2612 3815 2710 3873 καὶ
2751 3810 3173 3883 μαρτυρούντων
3213 3809 3443 3879 ἀνδρῶν,
3494 3809 3636 3877 ὁμοῦ
3698 3813 3794 3862 καὶ

2202 3910 2478 3978 γυναικῶν
2504 3908 2732 3976 ἄγουσιν
2768 3905 2931 3959 αὐτὸν
2961 3903 3055 3955 ἐπὶ
3101 3902 3202 3972 τὴν
3242 3901 3656 3973 θρυλλουμένην
3706 3919 3791 3955 τεο

2203 4003 2440 4065 λείωσιν,
2494 4001 2589 4055 καὶ
2630 4001 2929 4070 στήσαντες
2980 3997 3071 4051 τὸν
3103 3995 3285 4050 ἄθλιον
3338 3995 3482 4049 κατὰ
3519 3998 3791 4060 ἀνατολὰς

2204 4095 2536 4151 ἐπιτιθέασιν
2557 4092 2711 4156 αὖθις
2743 4095 2809 4164 τῇ
2839 4092 3010 4163 μιαρᾷ
3035 4088 3225 4143 τούτου
3252 4089 3465 4160 κεφαλῇ
3492 4089 3556 4141 τὸ
3614 4090 3793 4155 Εὐαγ-

2205 4186 2404 4253 γέλιον,
2444 4186 2537 4237 καὶ
2567 4184 2665 4248 τὰς
2695 4185 2909 4252 ἐναγεῖς
2945 4184 3125 4238 αὐτῶν
3168 4182 3458 4254 ἐπέχοντες
3491 4183 3686 4251 χεῖρας
3739 4184 3788 4233 οι

2209 4276 2612 4346 παρατυχόντες
2641 4276 2833 4346 ἄνδρες
2854 4276 2951 4330 καὶ
2971 4276 3227 4342 γυναῖκες
3258 4274 3357 4343 τὴν
3385 4273 3609 4327 ἀνόσιον
3657 4274 3790 4342 ἐπᾴ-

2207 4370 2355 4422 δουσι
2389 4368 2638 4438 τελετήν.
2670 4366 2820 4436 Αὖτη
2870 4367 2928 4421 δέ
2947 4369 3099 4421 ἐστιν
3128 4366 3553 4436 εὐχαριστήριος
3600 4364 3787 4433 ὕμνος,

517 4451 812 4511 coniiciunt
883 4461 938 4519 et
1018 4454 1376 4525 submergunt
1450 4472 1623 4521 eum,
1694 4459 1784 4526 qui
1835 4459 2090 4527 promndc

2206 4459 2288 4512 ὅτι
2307 4455 2593 4525 διεφύλαξε
2625 4455 2725 4526 τὴν
2749 4455 3195 4526 παραδεδομένην
3222 4454 3499 4508 ἀσέϐειαν.
3536 4455 3648 4506 Καὶ
3705 4452 3790 4505 οῦ·

518 4542 713 4612 diguus
743 4552 826 4596 est
857 4551 1063 4598 tartaro
1091 4555 1255 4613 atque
1301 4546 1545 4607 interitu.
1612 4546 1667 4600 Si
1690 4557 1876 4603 noster
1931 4550 2090 4618 igitur

2196 4567 2275 4603 τω
2305 4548 2534 4613 τελοῦσι,
2567 4548 2768 4617 μᾶλλον
2796 4547 2854 4603 δὲ
2888 4545 3228 4609 συντελοῦσι,
3286 4548 3382 4599 καὶ
3440 4546 3784 4599 καταποντί-

520 4634 823 4702 baptismus
852 4648 992 4703 aqua
1013 4634 1190 4701 solum
1222 4646 1597 4705 perageretur,
1652 4634 1883 4690 Joannis
1941 4637 2099 4695 uimi-

521 4741 641 4779 rutu
672 4734 837 4781 esset.
884 4724 1039 4783 Nunc
1094 4735 1278 4783 autem
1340 4741 1464 4791 cum
1514 4743 1654 4796 aqua
1709 4737 1998 4798 peragatur
2047 4738 2102 4783 et

525 4818 751 4887 Spiritu,
776 4819 1233 4888 quemadmodum
1271 4802 1539 4891 Dominus
1555 4819 1736 4872 docuit
1775 4838 1789 4873 :
1830 4819 1951 4889 Nisi
1980 4824 2100 4886 quis

524 4914 819 4977 baptizatus
876 4914 1065 4983 fuerit,
1129 4915 1401 4985 inquiens,
1461 4930 1526 4968 ea:
1577 4930 1715 4982 aqua
1775 4926 1822 4966 et
1886 4913 2097 4984 Spiritu

522 5013 727 5064 sancta,
754 5006 1093 5060 nonintrabt't
1115 5006 1168 5061 in
1188 5022 1403 5076 regnum
1423 5006 1567 5069 Dei‘,
1588 4998 1856 5071 incassum
1880 5009 2100 5075 latrant.

525 5094 724 5149 Verum
760 5097 823 5150 de
849 5098 1120 5165 baptismo
1162 5113 1379 5168 quoque
1432 5099 1636 5154 dictum
1703 5099 1867 5154 estin
1923 5100 2101 5167 titulo,

524 5202 684 5256 quem
744 5186 1008 5242 Adversus
1031 5188 1377 5259 Paulicianos
1408 5191 1857 5261 conscripsimus,
1894 5200 1949 5245 et
1980 5191 2107 5259 inde

528 5277 695 5346 petito
723 5280 922 5348 capita,
947 5292 1070 5348 quae
1099 5279 1166 5333 ad
1198 5294 1310 5334 rem
1345 5281 1638 5349 pertinent.
1698 5279 1890 5345 Noster
1940 5282 2105 5352 igitur

529 5370 855 5439 baptismus,
887 5376 945 5431 ut
973 5369 1234 5426 Dominus
1263 5370 1470 5435 docuit,
1504 5385 1598 5447 per
1627 5354 1818 5441 aquam
1850 5381 1905 5427 et
1928 5370 2103 5443 Spiri-s

531 5470 641 5515 tum
669 5471 919 5517 sanctum
947 5462 1248 5533 perﬁcitur.
1282 5461 1590 5531 Baptismus
1634 5470 1817 5543 autem
1873 5463 2101 5518 istorum

531 5556 672 5611 unde
702 5567 951 5625 sumptus
977 5556 1070 5621 sit,
1096 5554 1198 5625 ipsi
1230 5554 1438 5622 dicant;
1464 5554 1516 5609 in
1550 5554 1697 5610 nullo
1718 5556 1864 5611 enim
1895 5566 2100 5626 septem

606 5755 622 5787 ¹
674 5753 832 5810 Joan.
874 5770 959 5822 ιιι,
988 5755 1043 5809 5.

2199 4642 2350 4707 ζουσι
2372 4639 2466 4691 τὸν
2497 4637 2661 4709 βυθοῦ
2716 4639 2810 4691 καὶ
2840 4636 3141 4706 διαφθορᾶς
3171 4635 3412 4698 ἐπάξιον.
3469 4636 3533 4688 El
3562 4637 3670 4705 μὲν
3702 4632 3789 4688 οὖν

2199 4733 2352 4787 ὕδατι
2389 4733 2535 4802 μόνῳ
2562 4731 2622 4783 τὸ
2671 4730 2793 4783 καθ’
2844 4730 2988 4799 ἡμᾶς
3022 4729 3256 4782 ἐτελεῖτο
3289 4728 3607 4797 βάπτισμα,
3634 4724 3704 4799 ἦν
3726 4730 3789 4781 ἂν

2197 4821 2340 4875 οὓτω
2368 4821 2463 4874 τοῦ
2499 4820 2746 4874 Ἰωάννου
2777 4819 2837 4870 τὸ
2861 4819 3133 4889 ἡμέτερον
3183 4817 3466 4886 βάπτισμα
3496 4831 3511 4846 '
3566 4819 3695 4870 ἐπεὶ
3734 4817 3787 4870 δὲ

2205 4916 2300 4984 οὐχ
2334 4913 2488 4968 ὕδατι
2517 4914 2697 4982 μόνον,
2721 4911 2858 4964 ἀλλὰ
2884 4912 2979 4964 καὶ
3003 4911 3144 4979 άγιῳ
3174 4910 3448 4978 [Ινεύματι
3481 4911 3786 4977 τελεσιουρ-

2206 5004 2895 5078 γεῖται,καθὼςὸΚύριος
2956 5004 3195 5070 ἐδίδαξεν
3252 5004 3444 5067 εἰπὼν,
3514 5005 3668 5057 Ἐὰν
3710 5005 3785 5073 μή

2205 5116 2288 5163 τις
2322 5095 2587 5167 γεννηθῇ
2627 5094 2701 5148 δι’
2744 5094 2962 5158 ὓδατος
2996 5094 3093 5145 καὶ
3143 5092 3515 5159 Πνεύματος,
3582 5095 3661 5147 οὐ
3707 5092 3785 5160 μὴ

2206 5191 2454 5257 ετσέλθῃ
2512 5189 2600 5253 εις
2659 5184 2777 5253 τὴν
2830 5184 3166 5249 ,βασιλείαν
3214 5183 3323 5238 τοῦ
3379 5182 3553 5245 Θεοῦ.
3615 5188 3787 5253 μάτην

2210 5277 2552 5331 ὑλακτοῦσιν.
2588 5273 2817 5345 Εἴρηται
2845 5273 2952 5344 γὰρ
2985 5274 3078 5325 καὶ
3107 5275 3165 5324 ὲν
3196 5271 3273 5341 τῷ
3301 5273 3452 5327 κατὰ
3482 5272 3609 5327 τῶν
3636 5278 3784 5327 Παυ-

2206 5368 2496 5435 λικιὰνων
2526 5366 2689 5434 τίτλῳ
2716 5366 2844 5436 περὶ
2880 5363 2972 5417 τοῦ
2996 5364 3153 5432 ἁγίου
3185 5364 3571 5434 βαπτίσματος
3636 5369 3785 5435 daps-

2210 5460 2487 5530 ϐέστερον,
2512 5459 2607 5512 καὶ
2628 5457 2861 5528 ζήτησον
2888 5456 3004 5507 ἐκεῖ
3029 5456 3095 5508 τὰ
3123 5455 3252 5525 περὶ
3280 5453 3475 5508 τούτου
3495 5456 3781 5523 κεφάλαια.

2222 5554 2388 5609 Ἀλλὰ
2414 5554 2475 5607 τὸ
2507 5550 2609 5624 μὲν
2637 5551 2907 5623 ἡμέτερον
2961 5548 3245 5620 βάπτισμα
3306 5547 3453 5601 κατὰ
3498 5547 3562 5599 τὸ
3631 5548 3781 5617 ῥηθὲν
