4020 6284
253 392 382 459 i313

1174 405 1545 454 mnuum
1595 395 2049 477 υυϋΜΑϊιιςΑ.
2084 421 2154 434 —-
2185 401 2329 458 '1'1'1‘.
2374 405 2619 461 uvn.

3369 403 3504 470 13M

245 510 346 562 ὑπὸ
369 506 462 562 τοῦ
490 501 796 577 Κυρίουιδυ
849 503 1040 567 ὕδατος
1085 503 1295 572 γίνεται
1338 504 1432 558 καὶ
1469 501 1626 575 ἁγίου
1655 501 1816 560 Πνεύε

1925 504 2220 571 librorum,
2283 501 2425 576 quos
2487 507 2719 575 probant
2789 503 3083 578 reperitur.
3135 509 3504 577 Quamobrem

248 616 430 668 ματος,
454 597 517 649 τὸ
556 594 613 648 δὶ
641 592 778 664 παρ’
798 593 1024 646 ἐκείνων
1052 593 1216 646 πόθεν
1248 593 1542 665 παρεδόθη,
1567 585 1825 660 δειξάτω-

243 706 356 744 σαν.
410 689 500 743 Ἐν
531 685 660 757 ποίᾳ
686 683 794 738 τῶν
833 683 1040 737 δεκτῶν
1084 685 1265 748 αὐτοῖς
1291 685 1430 739 ἐπτά
1458 685 1658 756 βίϐλων
1687 685 1818 758 περὶ

1932 595 2084 652 illum
2121 617 2150 651 a
2181 589 2518 653 daenmuilms
2583 598 2840 652 didicisSe
2901 601 3242 671 perspicuum
3289 615 3391 671 cst,
3447 599 3505 661 ut

1925 705 2057 745 vero
2091 691 2388 756 divinoque
2415 689 2688 756 baptismo
2718 690 3109 757 spoliarentur.

242 782 424 836 τούτου
455 785 766 852 γέγραπται
790 798 803 846 ;
830 779 1092 834 Λείπεται
1147 771 1238 831 οὖν
1270 777 1375 830 ὑπὸ
1405 777 1514 830 τῶν
1547 778 1814 849 δαιμόνων
1853 780 2013 834 τοῦτο
2074 779 2266 851 μαθεῖν
2295 782 2514 843 αὐτοὺς,
2581 781 2670 836 ῖνα
2715 786 3042 854 γυμνωθῶσι
3084 787 3180 840 τοῦ
3242 785 3500 860 ἀληθινοῦ

244 878 330 929 καὶ
362 876 508 928 θείου
543 875 938 945 βαπτίσματος.

317 967 401 1032 ιζ’.
435 968 779 1038 Ἀτιμάζουσι
807 969 905 1038 τὴν
936 969 1205 1040 μυστικὴν
1222 969 1315 1021 καῖ¹
1342 969 1575 1039 φρικτὴν
1602 971 1813 1041 ἱερουρ-

246 1059 384 1128 γίαν,
413 1059 507 1112 καὶ
535 1059 634 1128 τὴν
662 1047 763 1112 τοῦ
789 1058 1122 1112 Δεσποτικοῦ
1152 1060 1401 1129 σώματος
1452 1060 1546 1111 καὶ
1579 1060 1814 1129 αἵματος

243 1151 396 1218 ἁγίαν
422 1150 748 1219 μετάληψιν,
775 1148 966 1204 θυσίαν
996 1150 1106 1202 τῶν
1137 1149 1495 1203 ἐνοικούντων
1515 1151 1628 1211 τοῖς
1666 1149 1816 1209 ναοῖς

243 1241 505 1309 δαιμόνων
532 1239 737 1310 ταύτην
766 1240 1186 1302 ἀποκαλοῦντες.
1227 1241 1289 1292 Ὢ
1317 1239 1528 1309 μιαρῶν
1557 1233 1812 1308 xeo.th

244 1327 558 1398 ὣγλὼσσης
609 1329 987 1400 μιαρωτέραςῖ
1027 1331 1136 1383 Καὶ
1195 1329 1502 1398 παριστῶσι
1564 1327 1818 1398 μάρτυρα

209 1405 327 1491 ἰτέιν
353 1422 636 1491 προφήτην
674 1421 904 1473 Ἡσαΐαν
925 1420 1175 1488 λέγοντα,
1211 1423 1277 1474 Ol
1306 1417 1714 1487 ἐτοιμάζοντες
1745 1417 1821 1485 τῇ

243 1445 327 1474 τον
353 1445 636 1491 προφητην
694 1445 904 1473 Πσαιαν
928 1445 1175 1488 Λεγυντα,
1211 1445 1277 1474 υι
1306 1445 1714 1487 ετυιμαςυνῐες

219 1445 387 1610 ιτύχῃ
419 1512 734 1579 τράπεζαν,
763 1512 862 1566 καί
903 1512 1287 1580 πληροῦντες
1319 1511 1400 1576 τῷ
1429 1510 1667 1580 δαίμονι
1724 1509 1821 1563 κέ-

232 1599 458 1672 ρασμα,
496 1606 570 1673 μὴ
605 1603 878 1663 συνιέντες
905 1605 955 1656 oi
985 1604 1369 1674 παραπλῆγες,
1396 1604 1479 1656 ὅτι
1516 1599 1652 1672 πρὸς
1691 1599 1818 1663 τοὺς

243 1695 756 1763 είδωλολατροῦντας
813 1697 842 1748 6
898 1695 1076 1764 λόγος.
1135 1695 1208 1748 Τὸ
1249 1697 1305 1746 δὲ
1376 1694 1635 1762 μυστικὸν
1684 1694 1814 1762 παρ’

1983 969 2071 1022 17.
2105 967 2409 1036 Mysticum,
2452 970 2821 1023 venerandum
2859 971 3188 1026 sacriﬁcium
3253 984 3500 1029 contem-

1924 1069 2061 1114 nunt
2078 1069 2242 1127 atque
2260 1051 2585 1128 despiciunt.
2609 1059 2670 1114 Et
2687 1072 2926 1115 sanctam
2942 1063 3186 1130 corporis
3200 1073 3251 1117 et
3273 1079 3499 1133 sangui-

1913 1152 1997 1206 nis
2019 1151 2230 1205 Domini
2252 1153 2716 1218 communionem,
2742 1153 3066 1215 daemonum,
3086 1157 3175 1222 qui
3199 1155 3252 1209 in
3283 1155 3500 1225 templis

1913 1242 2177 1304 habitant,
2205 1236 2535 1298 sacriﬁcium
2596 1244 2891 1316 appellant.
2933 1246 2976 1300 Ο
3024 1246 3185 1315 impia
3240 1248 3414 1313 labra,
3467 1265 3501 1302 o

1914 1336 2126 1406 linguas
2156 1337 2554 1391 exsecrandasl
2593 1335 2747 1392 Isaia:
2771 1337 3047 1407 prophetae
3089 1339 3153 1392 ad
3217 1340 3316 1393 llOC
3373 1357 3496 1408 pro-

1919 1427 2160 1482 bandum
2191 1427 2421 1482 aderunt
2455 1428 2848 1496 testimonium,
2878 1427 3109 1483 dicentis
3143 1447 3156 1484 :
3188 1429 3290 1495 Qui
3339 1446 3499 1497 para-

1915 1511 2100 1571 verant
2120 1534 2350 1571 mensam
2384 1512 2636 1588 fortunis,
2665 1526 2713 1571 et
2754 1518 2981 1572 dwmoni
3009 1513 3252 1587 poculum
3312 1522 3500 1589 imp’e—

1913 1621 2097 1663 verum
2124 1611 2162 1663 '.
2197 1609 2305 1663 Nec
2336 1610 2640 1680 intelligunt
2682 1612 2934 1665 homines
2975 1612 3122 1665 stulti
3191 1613 3351 1666 verba
3409 1613 3501 1666 illa

1916 1702 1983 1757 ad
2018 1702 2333 1757 idololatras
2356 1702 2486 1766 dici,
2530 1719 2652 1756 cum
2710 1689 2940 1772 mystica
2981 1719 3139 1758 caena
3200 1718 3360 1772 quam
3404 1719 3501 1758 nos

241 1790 364 1856 ἡμῖν
397 1788 610 1841 δεῖπνον
657 1787 685 1839 6
723 1788 960 1858 Χριστὸς
1025 1788 1342 1858 παρέδωκεν
1389 1785 1582 1850 εἰπὼν,
1635 1786 1816 1840 Τοῦτο

1919 1777 2260 1848 celebramus
2319 1808 2348 1846 a
2393 1791 2624 1847 Domino
2661 1783 2861 1846 tradita
2921 1787 3013 1856 sit,
3059 1794 3330 1870 dicente:
3388 1793 3500 1845 Hoc

236 1876 454 1930 ποιεῖτε
481 1878 569 1942 είς
606 1876 724 1945 τὴν
749 1876 904 1944 ἐμὴν
930 1876 1300 1946 ἀνάμνησιν,
1329 1873 1403 1936 ὡς
1435 1877 1483 1928 oi
1533 1875 1814 1942 εὐαγγελι-

237 1969 356 2021 σταὶ
382 1967 633 2020 διδάσκου
645 1983 746 2020 σιν.
783 1967 1015 2038 Εἴρηται
1038 1967 1094 2020 δὲ
1119 1969 1176 2020 ὲν
1201 1965 1278 2036 τῷ
1307 1965 1447 2019 κατά
1473 1965 1580 2018 τῶν
1613 1964 1813 2018 Παυλι-

232 2061 429 2114 κιάνων
458 2060 600 2130 λόγῳ
629 2060 722 2113 καὶ
750 2060 994 2130 περὶτῆς
1026 2059 1174 2122 θείας
1199 2058 1403 2129 ταύτης
1430 2057 1808 2127 μεταλήψεως,

234 2152 324 2204 καὶ
383 2150 616 2220 ζήτησον
669 2151 786 2204 ἐκεῖ
845 2151 974 2221 περὶ
999 2151 1221 2221 ταύτης.
1257 2144 1382 2204 Οίον
1414 2149 1471 2201 δὲ
1511 2149 1690 2202 αὐτῶν
1719 2141 1810 2223 καὶ

229 2240 429 2307 τοῦτο;
469 2241 667 2312 Ἀρτον
708 2241 804 2310 μὲν
857 2241 964 2310 γὰρ
1003 2239 1286 2302 κοινωνίας
1333 2237 1657 2308 ὀνομάζουσι
1713 2233 1814 2306 τὴν

237 2329 538 2399 προσευχὴν
553 2329 642 2382 τοῦ
653 2370 669 2396 ,
689 2330 865 2399 Πάτερ
877 2331 909 2400 ἠ
920 2325 1033 2398 μῶν
1054 2344 1067 2357 °
1080 2329 1192 2383 Τὸν
1204 2329 1386 2396 ἄρτον
1398 2327 1606 2396 γάρ,φη
1614 2327 1687 2391 σῖ,
1709 2326 1817 2379 τὸν

236 2421 554 2474 ἐπιούσιον
576 2438 589 2452 ·
623 2422 884 2492 ποτήριον
913 2419 970 2473 δὲ
1003 2420 1283 2482 κοινωνίας
1313 2419 1515 2490 ὁμοίως
1534 2417 1630 2488 τὴν
1657 2418 1816 2485 λεγο-

235 2512 402 2580 μένην
432 2513 490 2563 ὲν
523 2510 600 2582 τῷ
623 2509 938 2580 Εὐαγγε).ίῳ
963 2508 1248 2580 διαθήκην.
1285 2507 1465 2562 Τοῦτο
1491 2509 1618 2577 γὰρ,
1653 2505 1810 2576 φησί,

232 2601 301 2654 τὸ
337 2599 627 2669 ποτήριον
648 2600 686 2667 ἠ
722 2602 900 2668 καινὴ
921 2599 1178 2667 διαθήκη
1209 2598 1483 2651 Μυστικὸν
1508 2595 1564 2649 δὲ
1591 2593 1810 2649 δεῖπνον

235 2691 333 2762 τὴν
364 2689 688 2761 ἀμφοτέρων
715 2688 921 2744 τούτων
946 2689 1264 2762 μετάληψιν.
1300 2690 1362 2742 Εἰ
1391 2689 1446 2742 δέ
1483 2706 1567 2751 τις
1604 2687 1815 2740 ἀνθυπο

234 2783 452 2851 αγάγοι,
508 2783 618 2835 Καὶ
649 2781 766 2846 πῶς
811 2783 872 2835 τὸ
893 2783 1074 2852 Πάτερ
1106 2781 1283 2852 ἡμῶν,
1307 2781 1384 2843 ὥς
1427 2780 1585 2848 σῶμα
1608 2779 1816 2832 Δεσπο-

237 2875 387 2925 τικὸν
417 2873 612 2925 κλᾶται
635 2875 730 2925 καὶ
771 2871 1145 2942 διαμερίξεται
1173 2888 1188 2935 ;
1249 2870 1366 2933 πῶς
1395 2869 1452 2922 δὲ
1482 2870 1575 2921 καὶ
1606 2870 1667 2920 τὸ
1696 2867 1814 2935 νῦν,

250 2962 585 3032 Ἔδοξάσθη
617 2966 650 3016 ό
685 2963 818 3028 Υίὸς
857 2962 966 3016 τοῦ
985 2961 1326 3029 ἀνθρώπου,
1350 2961 1443 3014 καῖ⁵
1467 2959 1536 3013 τά
1561 2959 1710 3030 ὲξῆς,
1735 2949 1810 3022 ὥς

1912 1883 2073 1952 facite
2103 1885 2157 1935 in
2184 1899 2352 1936 meam
2383 1885 2927 1936 commemorationem
2947 1886 2989 1948 ³,
3024 1893 3078 1936 ut
3107 1875 3300 1937 docent
3333 1877 3499 1958 θνηιί-

1914 1973 2145 2044 gelisuc.
2210 1975 2477 2028 Caeterum
2541 1983 2596 2028 et
2644 1976 2709 2028 de
2755 1974 2936 2028 divina
2991 1975 3092 2027 hac
3147 1965 3501 2044 perceptione

1915 2066 2118 2121 dictum
2140 2076 2223 2122 est
2246 2066 2297 2120 in
2325 2065 2480 2120 titulo
2505 2062 3079 2120 Pauliciauorum.lllic
3099 2066 3263 2136 igitur
3289 2053 3496 2135 quam.

1916 2157 2089 2214 Porro
2136 2156 2533 2212 communionis
2599 2171 2831 2223 panem,
2877 2149 3250 2225 precationem’
3302 2155 3494 2208 illam:

1918 2250 2086 2305 Pater
2111 2260 2306 2312 noster,
2349 2248 2640 2316 appellant.
2672 2244 2868 2298 Panem
2891 2249 3058 2310 enim,
3093 2247 3286 2314 inquit,
3321 2247 3497 2315 quoti-

1919 2339 2136 2395 dianum
2163 2339 2183 2371 ³
2214 2355 2228 2403 ;
2260 2337 2661 2392 comniunimiis
2684 2335 2909 2390 calicem
2941 2334 3346 2389 Testamentum
3379 2352 3500 2392 esse

1915 2432 2124 2495 dicunt,
2158 2430 2300 2498 quod
2347 2429 2403 2481 in
2445 2425 2737 2497 Evangeliu
2789 2429 3141 2481 t'nemoratur.
3203 2426 3302 2481 Hic
3323 2429 3495 2494 enim,

1906 2523 2104 2596 inquit,
2133 2524 2277 2579 calix
2302 2515 2494 2578 novum
2526 2521 2978 2577 Testamentumi.
3001 2521 3293 2594 Utriusque
3313 2519 3495 2579 autem

1917 2619 2318 2690 perceptionem
2367 2609 2653 2683 mysticam
2710 2616 2922 2670 ccenam
2983 2623 3201 2670 vocant.
3265 2614 3323 2670 Si
3376 2613 3501 2683 quis

1914 2728 2045 2768 vero
2071 2709 2403 2780 subjecerit,
2435 2707 2738 2775 Quomodo,
2772 2703 3044 2778 inquiens,
3069 2706 3232 2762 Pater
3284 2720 3491 2776 noster,

1917 2814 1978 2859 ut
2012 2817 2211 2871 corpus
2237 2797 2447 2854 Domini
2481 2799 2751 2871 frangitur
2798 2809 2961 2867 atque
3005 2799 3298 2854 dividitur?
3346 2797 3497 2864 Quo-

1918 2895 2080 2952 modo
2110 2895 2239 2951 item
2277 2895 2406 2948 illud
2439 2909 2454 2948 :
2490 2889 2646 2950 Nunc
2669 2893 2998 2962 clariﬁcatus
3030 2903 3105 2947 est
3129 2890 3304 2946 Filius
3329 2890 3498 2945 homi-

1921 2987 2002 3039 nis
2025 2986 2070 3050 ⁵,
2127 2995 2384 3053 tanquam
2415 2982 2724 3037 Servatoris
2753 2979 2976 3050 sanguis
3001 2995 3031 3035 a
3057 2979 3214 3035 vobis
3255 2975 3494 3034 eﬂ‘undi-

235 3055 468 3123 αἵματος
495 3055 588 3107 τοῦ
612 3053 864 3124 Σωτῆρος
889 3054 1032 3125 ὑπὲρ
1061 3051 1218 3124 ἡμῶν
1253 3051 1515 3124 ἑξεχύθης
1555 3055 1630 3123 μὴ
1657 3052 1816 3121 γινώ-

1921 3078 2046 3134 tur?
2066 3092 2127 3133 se
2158 3077 2345 3132 dicunt
2364 3076 2631 3146 ignorare.

236 3161 388 3197 σκειν
425 3143 768 3213 ὁμολογοῦσι.

312 3233 401 3305 ιη’.
428 3235 692 3304 Λέγουσιν
713 3242 768 3288 ἐν
786 3235 1040 3300 πᾶσιτοῖς
1061 3235 1222 3307 ἱεροῖς
1243 3239 1388 3300 ναοῖς
1407 3237 1676 3289 κατοικεῖν
1691 3235 1818 3300 τοὺς

234 3323 493 3393 δαίμονας
521 3325 875 3396 διαλαχόντας
910 3327 1104 3390 αὐτοὺς
1133 3322 1409 3396 ἀναλόγως
1437 3327 1536 3398 τῆς
1581 3314 1815 3381 ἑκάστου

232 3415 442 3481 τάξεως
475 3418 569 3471 καὶ
602 3413 905 3486 δυνάμεως.
939 3417 1043 3471 Τδν
1097 3420 1285 3490 μέντοι
1341 3419 1589 3474 Σατανᾶν
1644 3419 1812 3473 πάλαι

234 3506 338 3575 μὲν
360 3505 748 3576 ἀποκληρῶσαι
785 3505 934 3576 αὐτῷ
978 3507 1071 3561 τὸν
1107 3502 1543 3579 πολυθρύλλητον
1565 3510 1622 3561 ὲν
1659 3507 1817 3577 Ἰεροο

232 3594 492 3666 σολύμοις
530 3597 678 3658 ναὸν,
740 3597 879 3665 μετά
926 3597 984 3650 δὲ
1044 3597 1144 3668 τὴν
1173 3599 1382 3652 ἐκείνου
1428 3597 1814 3670 καταστροφὴν

231 3687 620 3752 ἐξιδιώσασθαι
643 3689 734 3741 τὸν
765 3691 825 3742 ὲν
849 3691 916 3759 τῇ
952 3689 1183 3758 βασιλίδι
1231 3691 1406 3763 ταύτῃ
1449 3692 1560 3745 τῶν
1608 3691 1814 3744 πόλεων

232 3775 526 3848 ὑπερφερῆ
559 3779 652 3830 καὶ
673 3777 1018 3848 περιώνυμον
1047 3778 1148 3846 τῆς
1170 3779 1262 3832 τοῦ
1307 3771 1444 3832 Θεοῦ
1493 3780 1685 3847 σοφίας
1732 3777 1815 3831 οἷο

231 3885 356 3922 κον.
399 3869 472 3921 Ού
544 3869 653 3939 γὰρ
699 3869 727 3920 6
755 3868 1042 3937 ’Υψιστος,
1073 3871 1254 3937 φασὶν,
1305 3870 1364 3922 ὲν
1417 3865 1815 3941 χειροποιήτοις

231 3963 389 4021 ναοῖς
417 3962 684 4026 κατοικεῖ,
731 3961 820 4013 τὸν
866 3946 1093 4030 ούρανδν
1121 3959 1261 4028 ἔχων
1324 3959 1657 4032 οἰκητήριον.
1704 3960 1815 4013 Καὶ

233 4053 371 4124 μὴν,
413 4052 476 4105 '0
503 4048 664 4117 οἶκός
693 4069 832 4121 μου,
864 4037 1028 4121 φησὶν
1057 4053 1084 4106 6
1111 4055 1333 4124 Κύριος,
1364 4049 1530 4118 οἶκος
1553 4066 1816 4120 προσευ-

227 4144 358 4216 χῆς
387 4133 776 4214 κληθήσεται.
809 4145 920 4199 και
947 4133 1100 4209 αὖθις
1133 4131 1318 4210 ἔλεγεν
1351 4148 1379 4198 6
1429 4144 1683 4216 Χριστὸς,
1716 4143 1813 4212 Μὴ

226 4233 464 4290 ποιεῖτε
519 4236 627 4290 τὸν
677 4234 850 4291 οἷκον
873 4237 980 4292 τοῦ
1023 4239 1254 4304 Πατρός
1283 4250 1404 4307 μου
1432 4233 1602 4291 οἶκον
1629 4235 1814 4305 ἐμπο·

223 4327 393 4397 ρίου,
429 4328 557 4399 περὶ
577 4328 670 4382 τοῦ
687 4331 1082 4400 ἕχειροποιὴτου
1135 4329 1265 4384 ναοῦ
1301 4329 1402 4400 τῆς
1459 4324 1818 4400 Ἰερουσαλὴμ

227 4413 400 4468 τοῦτο
430 4416 627 4484 λέγων.
659 4416 725 4470 Ei
762 4418 819 4470 δὲ
844 4419 870 4470 6
899 4420 957 4471 ὲν
999 4419 1356 4489 Ἰερουσαλὴμ
1405 4419 1530 4481 ναὸς
1558 4415 1704 4480 οἶκος
1749 4414 1817 4487 ἦν

226 4507 335 4560 τοῦ
365 4507 523 4573 Θεοῦ,
548 4507 729 4579 πολλῷ
755 4509 956 4580 μᾶλλον
979 4512 1007 4563 6
1039 4511 1097 4563 ὲν
1161 4512 1228 4580 τῇ
1262 4508 1496 4580 βασιλίδι
1556 4509 1668 4562 τῶν
1722 4509 1821 4561 πό-

228 4602 402 4664 λεων,
429 4601 525 4654 καὶ⁵
559 4601 747 4664 ἁπλῶς
772 4604 946 4656 εἰπεῖν
965 4603 1164 4665 πάντες
1191 4604 1239 4655 οἱ
1285 4603 1429 4656 κατά
1473 4583 1638 4654 τόπον
1667 4603 1824 4669 ἀφιε-

233 4691 481 4762 ρωμένοι
509 4691 584 4760 τῷ
613 4691 752 4758 Θεῷ.
783 4695 874 4745 καὶ
905 4696 968 4763 τῇ
1008 4693 1334 4763 Θεομήτορι,
1385 4692 1479 4746 καὶ
1526 4692 1660 4744 πᾶσι
1710 4693 1822 4754 τοῖς

227 4782 422 4849 ἁγίοις
469 4785 587 4836 ναοὶ
627 4783 761 4836 θεῖοί
790 4784 848 4836 τέ
879 4785 1016 4849 είσι,
1043 4786 1137 4838 καὶ
1191 4784 1543 4854 ἀγιαστήρια,
1576 4784 1674 4836 καὶ
1713 4782 1822 4835 τῶν

226 4875 512 4942 δαιμόνων
555 4874 980 4945 φυγαδευτήρια.
1011 4875 1186 4928 Ὅπου
1233 4876 1342 4946 γὰρ
1387 4877 1530 4928 οἰκεῖ
1557 4873 1679 4928 θεία
1723 4874 1822 4944 χά-

229 4981 355 5036 ρις,
383 4964 591 5018 ἐκεῖθεν
619 4965 957 5036 ἀπελήλαται
1017 4968 1123 5020 πᾶν
1155 4967 1372 5038 πνεῦμα
1404 4967 1658 5037 πονηρὸν,
1728 4966 1824 5019 καὶ

229 5057 402 5108 πᾶσα
423 5056 530 5109 τῶν
559 5056 829 5126 δαιμόνων
856 5057 1127 5129 ἐνέργεια.

317 5147 408 5201 ιϐ’.
429 5149 610 5217 Μόνην
621 5148 945 5219 ὀνομάζουσι
957 5149 1261 5223 προσευχὴν
1276 5150 1374 5220 τὴν
1389 5151 1496 5204 ύπδ
1507 5149 1600 5206 τοῦ
1619 5149 1822 5218 Κυρίου

229 5239 642 5306 παραδοθεῖσαν
671 5243 729 5294 ἐν
752 5243 866 5304 τοῖς
893 5241 1279 5310 Εὐαγγελίοις,
1313 5244 1480 5314 ἤγουν
1527 5241 1588 5296 τὺ
1622 5241 1814 5309 Πάτερ

231 5329 444 5398 ἡμῶν,
473 5333 565 5385 καὶ
601 5331 668 5385 τά
688 5332 832 5403 ἑξῆς.
864 5330 976 5386 Καὶ
997 5333 1202 5404 ταύτην
1227 5333 1396 5405 μόνην
1418 5333 1816 5405 προσεύχονται

229 5420 479 5484 ἑπτάκις
510 5422 610 5491 μὲν
633 5422 732 5492 τῆς
767 5422 1000 5493 ἡμέρας,
1054 5423 1315 5488 πεντάκις
1353 5425 1409 5478 δὲ
1456 5423 1558 5493 τῆς
1606 5422 1818 5485 νυκτός.

243 5508 482 5574 Ὅσάκις
531 5511 588 5564 δὲ
653 5513 733 5576 τίς
777 5514 1082 5584 προσευχὴν
1128 5515 1390 5582 ἵστανται,
1453 5513 1671 5582 λέγουσι
1725 5513 1825 5584 τὴν

1991 3229 2081 3292 18.
2116 3232 2175 3289 In
2208 3232 2379 3288 sacris
2403 3216 2654 3288 omnibus
2681 3229 2898 3298 templis
2943 3228 3192 3283 habitare
3221 3227 3497 3282 daemones

1915 3327 2126 3392 dicunt,
2173 3328 2297 3380 cum
2329 3339 2393 3379 ea
2457 3323 2687 3392 quisque
2740 3320 2964 3377 sortitus
3023 3320 3095 3375 ‘sit
3147 3319 3497 3389 proportione

1913 3417 2122 3475 ordinis
2143 3427 2195 3473 et
2226 3417 2466 3472 virtutis.
2511 3415 2773 3470 Satanam
2811 3413 3028 3482 quidem
3050 3411 3152 3467 sibi
3197 3409 3496 3466 celeberri~

1916 3511 2060 3567 mum
2089 3510 2362 3581 quondam
2395 3509 2526 3562 illud
2553 3506 3052 3576 Hierosolymorum
3085 3504 3343 3573 templum
3396 3503 3493 3556 de-

1911 3595 2132 3675 legisse,
2187 3617 2296 3671 quo
2351 3613 2541 3655 everso
2579 3598 2836 3654 eximium
2897 3605 2950 3651 et
3001 3597 3350 3650 decantatum
3402 3593 3494 3647 Dei

1916 3697 2129 3768 Supbize
2159 3694 2419 3763 templum
2463 3691 2516 3745 in
2555 3689 2660 3745 hac
2683 3690 2897 3744 urbium
2937 3688 3122 3756 regina
3161 3685 3490 3754 suscepisse.

1914 3787 2100 3858 Neque
2133 3788 2300 3851 enim,
2333 3771 2609 3855 inquiunt,
2638 3782 2692 3834 in
2725 3796 2884 3834 manu
2931 3779 3093 3834 factis
3133 3775 3348 3844 templis
3401 3775 3495 3828 Al-

1914 3875 2158 3934 tissimus
2185 3875 2414 3941 habitat,
2440 3890 2563 3928 cum
2593 3872 2792 3927 cmlum
2844 3870 2914 3925 sit
2964 3870 3080 3936 ejus
3125 3867 3487 3923 domicilium.

1916 3967 2080 4038 Atqui
2110 4007 2125 4032 ,
2162 3967 2362 4021 Domus
2387 3982 2527 4029 mea,
2589 3963 2767 4031 inquit
2795 3961 2959 4022 Deus,
3005 3961 3191 4012 domus
3233 3958 3493 4012 orationis

1915 4065 2186 4116 vocabitur
2214 4062 2259 4115 °.
2279 4059 2347 4113 Et
2375 4063 2608 4123 rursum,
2635 4052 2837 4116 Nolite,
2860 4052 3026 4120 inquit
3051 4049 3322 4112 Christus,
3351 4051 3496 4119 facc-

1916 4172 1972 4210 re
1999 4157 2210 4208 domum
2244 4145 2425 4205 Patris
2461 4146 2562 4201 mei
2610 4146 2824 4198 domum
2849 4141 3223 4212 negotiationis
3248 4139 3269 4171 "
3296 4177 3311 4203 ,
3368 4155 3491 4194 cum

1919 4248 1989 4304 de
2030 4235 2529 4313 Hierosolymorum
2587 4236 2793 4306 templo
2849 4235 3184 4303 loqueretur.
3238 4231 3390 4298 Quod
3448 4229 3496 4284 si

1923 4338 2179 4408 templum
2215 4335 2342 4389 illud
2368 4341 2487 4388 erat
2512 4329 2624 4394 Dei,
2657 4328 2826 4381 multo
2859 4325 3029 4392 magis
3055 4323 3179 4383 hoc,
3216 4321 3358 4390 quod
3405 4328 3492 4374 est

1921 4433 1977 4486 in
2015 4431 2118 4484 hac
2140 4427 2351 4483 urbium
2380 4423 2588 4493 regina,
2617 4429 2672 4475 et
2704 4427 2764 4472 ut
2807 4416 3046 4472 breviter
3073 4411 3271 4472 dicam,
3308 4410 3491 4464 omnia

1918 4519 2280 4590 templa,qu:e
2305 4515 2498 4583 quovis
2531 4513 2582 4564 in
2626 4511 2753 4563 loco
2823 4514 2935 4560 tum
2979 4503 3108 4567 Deo,
3159 4512 3273 4554 tum
3327 4498 3486 4590 δῖοιτὶ

1917 4589 2058 4682 ejus,
2091 4620 2202 4663 tum
2233 4605 2485 4662 omnibus
2513 4603 2716 4656 sanctis
2741 4604 3059 4654 consecrata
3089 4601 3236 4654 sunt,
3302 4589 3486 4644 divina

1918 4680 2214 4770 sanctaque
2245 4705 2392 4759 sunt,
2423 4705 2478 4749 et
2520 4693 2819 4770 daemones
2858 4686 3153 4755 expellunt.
3209 4681 3309 4738 Ubi
3345 4680 3491 4734 enim

1919 4793 2101 4849 divina
2124 4769 2335 4844 habitat
2361 4769 2553 4856 gratia,
2586 4782 2710 4836 inde
2740 4775 2918 4833 omnis
2955 4776 3126 4830 malus
3159 4772 3385 4843 Spiritus
3433 4780 3490 4824 et

1919 4884 2096 4941 omnis
2115 4884 2417 4937 daemonum
2439 4876 2524 4929 vis
2548 4871 2860 4941 expellitur.

1992 5146 2282 5206 19.Solam
2316 5135 3012 5215 precationemappellant,
3039 5146 3201 5202 quam
3235 5131 3493 5185 Dominus

1915 5240 2144 5297 tradidit
2165 5238 2218 5292 in
2246 5231 2575 5304 Evangeliis,
2629 5231 2680 5285 id
2705 5237 2807 5293 est,
2867 5225 3036 5279 Pater
3080 5233 3275 5278 noster.
3315 5219 3380 5273 Et
3424 5234 3490 5274 ea

1918 5329 2032 5386 sola
2061 5337 2287 5382 utuntur
2308 5322 2512 5392 septies
2541 5320 2763 5390 quidem
2798 5316 2906 5379 die,
2966 5312 3254 5382 quinquies
3307 5315 3487 5362 autem

1923 5431 2105 5476 nocte.
2139 5415 2245 5470 Sed
2275 5415 2490 5485 quoties
2522 5412 2587 5464 ad
2617 5406 2947 5480 precandum
2992 5404 3278 5466 accedunt,
3323 5400 3486 5455 toties

1924 5523 2044 5566 eam
2075 5505 2358 5568 adhibent,
2391 5501 2482 5557 alii
2506 5500 2685 5557 decies
2701 5506 2759 5554 et
2789 5493 3098 5566 quinquies,
3143 5490 3231 5544 alii
3271 5491 3489 5558 saepius,

319 5711 338 5742 ⁸
363 5711 469 5768 lsa.
496 5727 631 5782 va,
653 5713 738 5772 Η.
818 5715 839 5746 '
871 5712 1003 5772 Luc.
1031 5729 1165 5782 ml,
1206 5713 1294 5769 i9.
1370 5714 1391 5747 ³
1414 5711 1608 5768 Matth.
1627 5725 1702 5778 Vt,
1728 5709 1811 5768 9-1

1919 5705 1940 5740 ⁸
1973 5706 2103 5762 Luc.
2129 5717 2265 5770 nn,
2301 5699 2392 5758 20.
2457 5697 2650 5754 'Joan.
2677 5709 2794 5763 ιιιι,
2836 5691 2926 5748 δι.
3001 5689 3229 5750 ‘nattu.
3258 5698 3369 5750 ut,
3403 5685 3489 5749 15.

228 5785 256 5817 τ
291 5781 453 5840 Jonn.
483 5799 544 5851 tt,
575 5781 662 5839 16.

2043 5831 2120 5885 μ’
