4044 6290
545 298 685 363 1315

1771 292 2116 352 EUTHYM]
2133 293 2157 352 Ι
2217 295 2579 358 ZlGABENI

3677 302 3810 368 1316

539 413 631 468 alii
683 411 882 466 rarius.
942 410 1201 480 Reliquas
1245 406 1587 477 precationes
1634 413 2014 469 contemnunt,
2043 408 2118 460 ‘et

2229 409 2527 480 προσευχὴν
2564 407 2787 479 ταύτην,
2812 410 2862 464 οί
2887 413 2989 481 μὲν
3018 412 3239 476 δεκάκις
3265 413 3405 491 μετά
3435 413 3810 480 γονυκλισίας,

543 503 882 572 multiloquia
914 509 1128 565 vocant,
1183 510 1236 554 et
1281 499 1533 564 gentibus
1590 497 1905 562 convenire,
1954 512 2125 566 eoque

543 605 795 663 spectare
830 591 1239 660 multiloquium
1285 589 1523 653 illud,de
1563 605 1671 657 quo
1725 589 1778 642 in
1835 589 2125 657 Evangelia

515 687 806 753 ,scriptum
837 693 940 736 est.
972 681 1082 734 Nec
1111 681 1552 734 animadvertunt
1620 681 1671 732 in
1724 695 1788 733 eo
1845 678 2125 747 Evangelii

561 777 682 829 loco
705 791 809 829 non
835 785 940 826 tam
966 775 1250 827 verborum
1283 773 1702 833 multitudinem,
1735 788 1895 841 quam
1942 789 2124 827 rerum

546 881 650 916 non
682 863 1126 917 convenientium
1185 862 1501 929 petitionem
1551 860 1895 926 reprehendi.
1954 861 2125 916 Porro

543 957 807 1009 Dominus
839 953 1414 1022 nosterprecalionem
1477 951 1648 1015 illam,
1707 951 1866 1005 Pater
1916 963 2124 1017 noster,

540 1049 700 1102 nobis
734 1048 960 1100 tradidit
1002 1055 1259 1112 tanquam
1329 1045 1646 1098 obsecrandi
1703 1042 2014 1105 formulam,
2071 1053 2128 1098 et

540 1139 871 1204 exemplum,
897 1153 959 1191 ac
985 1138 1249 1200 radicem,
1280 1151 1383 1188 non
1412 1146 1470 1188 ut
1497 1136 1604 1190 illis
1650 1135 1827 1190 verbis
1874 1138 2124 1202 precandi

544 1230 809 1283 rationem
843 1229 1210 1289 concluderet,
1259 1239 1354 1282 sed
1392 1237 1449 1280 ut
1481 1228 1605 1281 inde
1641 1227 1867 1280 aliarum
1939 1241 2128 1296 preca-

543 1325 743 1376 tionum
778 1329 1564 1392 argumenta,propagata1am
1602 1319 1726 1382 ﬁde,
1754 1333 2123 1372 sumeremus.

547 1413 759 1467 Etenim
798 1430 863 1468 ne
899 1422 956 1467 ut
982 1414 1293 1482 jejunarent
1320 1411 1563 1479 quidem,
1611 1411 1717 1466 illis
1781 1412 1934 1465 initio
1992 1427 2128 1481 prte-

542 1503 706 1571 cepit,
732 1517 904 1570 neque
937 1513 994 1556 ut
1022 1517 1213 1571 aspere
1236 1511 1289 1554 et
1318 1500 1529 1553 duriter
1551 1500 1713 1554 vitam
1753 1501 2125 1566 traducerent,

543 1597 618 1650 nti
661 1607 781 1665 post
807 1596 950 1648 illius
1017 1595 1070 1648 in
1129 1594 1326 1648 caelum
1391 1605 1677 1646 ascensum
1750 1591 2124 1645 traduxerunt.

543 1689 908 1754 Quamobrem
936 1686 1190 1741 dicebat:
1227 1683 1352 1738 Non
1377 1694 1597 1753 possunt
1633 1683 1922 1750 ﬁliisponsi
1960 1685 2128 1737 mazsti

542 1795 674 1841 esse,
716 1777 950 1847 quandiu
975 1793 1092 1830 eum
1117 1776 1228 1829 illis
1251 1785 1327 1828 est
1391 1790 1656 1840 sponsus;
1713 1775 1918 1827 venient
1954 1784 2129 1826 autem
2161 1769 2201 1822 Β

545 1868 676 1932 dies,
703 1885 824 1921 cum
846 1883 1073 1937 sponsus
1104 1865 1383 1935 auferetur
1405 1865 1468 1918 ab
1499 1866 1597 1932 eis,
1654 1874 1704 1919 et
1733 1876 1854 1918 tunc
1907 1866 2128 1936 jejuna-

543 1964 673 2015 bunt
720 1959 760 2012 ί.

614 2244 708 2300 20.
740 2241 971 2298 Haeresis
997 2243 1221 2298 istorum
1244 2243 1494 2314 princeps
1520 2240 1838 2309 afﬁrmabat,
1871 2244 2012 2301 hanc
2040 2245 2138 2302 Do-

547 2336 676 2390 mini
696 2349 885 2390 vocem
916 2336 1094 2390 suisin
1130 2335 1435 2407 Evangeliis
1465 2351 1586 2392 esse
1613 2337 1904 2407 scriptam:
1933 2339 2136 2396 Daemo-

550 2428 641 2480 nia
673 2427 855 2491 colite,
881 2442 985 2480 non
1019 2437 1075 2508 ut
1100 2427 1252 2482 vobis
1285 2429 1629 2498 prosint,{sed
1667 2445 1734 2484 ne
1760 2432 1962 2486 obsint.
2005 2432 2136 2498 Quae

543 2520 761 2588 quidem
783 2519 944 2574 verba
974 2519 1250 2587 explicans
1275 2520 1586 2590 adjiciebat,
1619 2522 1842 2576 colenda
1868 2538 1988 2578 esse
2019 2526 2130 2579 dat-

545 2609 748 2674 monia,
811 2623 931 2678 quae
992 2609 1046 2662 in
1105 2611 1320 2679 templis
1349 2626 1510 2665 manu
1534 2612 1690 2667 factis
1724 2613 1995 2678 habitant,
2064 2629 2132 2670 ne

543 2699 869 2764 irascantur,
902 2707 957 2754 et
987 2702 1216 2768 perdant
1246 2717 1339 2756 eos
1364 2704 1454 2772 qui
1525 2703 1578 2757 id
1607 2704 1783 2758 facere
1811 2706 2134 2773 recusarint,

542 2805 667 2843 cum
704 2806 949 2859 magnam
981 2801 1142 2860 atque
1188 2792 1444 2846 invictam
1473 2793 1702 2848 habeant
1735 2795 1967 2849 nocendi
1997 2797 2129 2861 vim,

542 2882 628 2935 cui
670 2895 735 2935 ne
765 2879 1012 2936 Christus
1044 2885 1258 2952 quidem
1317 2893 1410 2938 aut
1445 2884 1677 2954 Spiritus
1741 2895 1959 2942 sanctus
2000 2889 2136 2943 resi-

549 2983 695 3025 stere
717 2972 919 3036 valent,
940 2973 1190 3041 quoniam
1223 2973 1383 3028 Pater
1415 2974 1518 3028 illis
1552 2975 1728 3030 adhuc
1757 2975 2006 3045 ignoscit,
2037 2992 2137 3032 nec

541 3065 732 3117 adimit
763 3064 932 3118 robur
954 3065 1215 3132 ipsorum,
1250 3065 1343 3120 sed
1372 3066 1450 3119 eis
1480 3067 1662 3120 mnndi
1697 3067 2025 3122 dominatum
2046 3084 2136 3123 us-

539 3170 646 3224 que
665 3159 729 3210 ad
747 3158 1266 3212 consummationem
1285 3159 1466 3212 saeculi
1490 3159 1757 3213 concedit.
1786 3158 1970 3228 Neque
1987 3162 2133 3215 enim

545 3246 868 3315 Filiumlcum
887 3247 939 3301 in
957 3248 1212 3302 mundqu
1231 3249 1532 3304 mitteretur
1546 3249 1800 3305 etaPatre
1814 3260 1979 3306 totam
2001 3253 2136 3322 ipso-

545 3352 664 3389 rum
724 3337 1058 3390 eversionem
1105 3337 1419 3405 postularet,
1447 3353 1565 3391 eam
1597 3348 1812 3407 propter
1839 3342 2130 3398 bonitatem
2150 3350 2163 3364 ‘

550 3425 726 3479 Patris
751 3426 1044 3492 impetrare
1069 3429 1332 3492 potuisse.
1367 3425 1561 3480 Verum
1607 3429 1859 3498 quoniam
1899 3433 1995 3486 has
2024 3448 2128 3486 nu-

547 3529 643 3582 gas
666 3529 732 3566 ex
759 3513 1173 3569 Masalianorum
1208 3515 1399 3571 haeresi
1418 3528 1792 3588 perceperunt,
1818 3522 2044 3589 quaerito
2068 3524 2124 3578 in

543 3619 610 3658 eo
650 3605 822 3670 titulo,
847 3607 934 3674 qui
953 3607 1206 3662 adversus
1232 3608 1351 3662 illos
1379 3611 1717 3679 conscriptus
1756 3621 1862 3677 est,
1885 3613 2129 3680 quintum

543 3706 722 3763 caput,
758 3708 810 3750 et
845 3707 993 3763 octo,
1027 3713 1146 3766 quae
1173 3698 1428 3767 deinceps
1485 3715 1811 3770 sequuntur,
1861 3712 1916 3758 et
1963 3721 2128 3776 argu-

543 3799 725 3842 menta
745 3789 810 3843 ad
832 3804 922 3843 eas
944 3789 1261 3844 evertendas
1290 3791 1571 3860 aptissima
1597 3795 1854 3862 reperies.
1883 3794 1958 3849 De
1981 3797 2131 3850 ltiset

541 3879 791 3945 superius
807 3881 1011 3932 dictum
1043 3889 1126 3933 est
1141 3879 1192 3933 in
1210 3881 1529 3937 duodecimo
1546 3885 1723 3952 capite
1748 3886 1972 3954 hujusce
2000 3887 2129 3942 titu-

543 3965 600 4021 li.
622 3968 751 4021 Nam
775 3972 918 4037 quod
943 3971 1215 4025 daemonas
1239 3972 1457 4028 Christo
1491 3984 1544 4028 et
1572 3973 1774 4043 Spiritu
1805 3989 1997 4032 sancto
2018 3979 2128 4033 for-

542 4060 707 4115 tiores
744 4071 1017 4127 asserunt,
1042 4078 1150 4130 quo
1172 4065 1433 4132 supplicio
1448 4066 1591 4136 digni
1620 4082 1726 4121 non
1744 4067 1852 4121 sint
1883 4071 2129 4130 homines

552 4151 1036 4222 itnpii,hostesque
1067 4155 1182 4218 Dei,
1224 4158 1648 4232 adoratoresque
1688 4169 1742 4213 et
1766 4161 2001 4218 cultores
2019 4166 2127 4220 da:-

544 4256 784 4307 tnonttm,
805 4257 968 4297 verea
989 4246 1322 4300 daemonibus
1340 4248 1518 4301 vexati
1541 4259 1596 4302 et
1617 4233 1918 4305 daemonum
1934 4255 2121 4308 amici?

2231 501 2280 551 οἱ
2313 500 2370 553 δὲ
2403 502 2902 567 πεντεκαιδεκάκις,
2931 504 2980 555 οἱ
3011 502 3068 555 δὲ
3100 501 3286 556 πλεῖον
3329 504 3361 574 ἢ
3415 505 3660 559 ἔλαττον.
3713 509 3817 572 Τὰς

2231 589 2278 641 δ’
2307 589 2470 651 ἄλλας
2493 591 2671 652 πάσας
2697 592 3007 662 προσευχὰς
3048 592 3398 664 ἀτιμάζουσι,
3466 595 3812 664 βαττολογῐας

2232 680 2399 742 αὑτὰς
2430 681 2851 744 ἀποκαλοῦντες,
2891 681 3116 749 καὶτῆς
3164 681 3380 751 ὲθνικῆς
3433 682 3675 752 μερίδος,
3723 687 3813 754 τὴν

2235 775 2292 824 ἐν
2322 775 2432 834 τοῖς
2461 773 2814 840 Εὐαγγελίοις
2841 774 3139 845 εἰρημένην
3161 773 3517 843 βαττολογίαν
3547 779 3642 829 ἐπὶ
3694 779 3816 829 ταύ-

2230 883 2329 926 τας
2360 866 2703 934 μετάγοντες,
2743 865 2815 935 μὴ
2868 865 3248 933 γινώσκοντες,
3309 867 3389 918 ὅτι
3470 867 3817 936 βαιττολογιἨ

2233 951 2373 1008 οἶδεν
2400 956 2426 1007 ὁ
2452 955 2803 1022 εύαγγελικὸς
2831 956 2988 1024 λόγος
3018 959 3078 1008 οὐ
3118 958 3214 1025 τὴν
3239 957 3426 1019 ἁπλῶς
3454 957 3815 1025 λπολυλογίαν,

2232 1047 2368 1100 ἀλλὰ
2393 1049 2491 1116 τὴν
2516 1049 2643 1118 περὶ
2675 1047 2783 1100 τῶν
2814 1048 2889 1116 μὴ
2928 1049 3316 1119 προσηκόντων
3358 1050 3595 1118 αἴτησιν.
3659 1050 3720 1101 '0
3763 1050 3818 1101 δὲ

2233 1139 2438 1209 Κύριος
2489 1139 2775 1208 παρέδωκε
2823 1140 2935 1198 τοῖς
2975 1139 3298 1200 ἀποστόλοις
3347 1140 3444 1208 τὴν
3481 1139 3579 1190 τοῦ
3639 1141 3820 1208 Πάτερ

2231 1229 2390 1298 ἡμῶν
2443 1229 2750 1298 προσευχὴν
2809 1229 2965 1299 ῥίζαν
3027 1229 3336 1299 προσευχῆς
3391 1229 3482 1280 καὶ
3539 1226 3708 1292 εἶδος,
3759 1229 3819 1280 ο)

2233 1335 2402 1392 ταυτῃ
2473 1319 2750 1392 μόνῃῖτὴν
2810 1321 3122 1390 προσευχὴν
3177 1319 3522 1389 περιορίζων,
3567 1318 3686 1371 ἀλλ’
3735 1319 3820 1369 ἵνα

2234 1402 2602 1483 λαμῦάνοντες
2631 1415 2695 1466 ἐκ
2722 1412 2930 1481 ταύτης
2949 1413 3048 1475 τὰς
3071 1413 3325 1483 ἀφορμάς
3354 1412 3620 1464 δύνωνται
3648 1413 3820 1463 ποιεῖν

2234 1504 2330 1556 καὶ
2361 1505 2576 1574 ἐτέρας,
2610 1503 2983 1573 αὐξανομένης
3010 1503 3106 1572 τῆς
3155 1502 3486 1571 προσευχῆς.
3543 1501 3700 1552 Ἐπεὶ
3731 1502 3821 1550 καὶ

2233 1595 2354 1647 οὐδὲ
2386 1593 2668 1662 νηστεύειν
2693 1595 2876 1658 αὐτοῖς
2899 1594 3018 1646 κατ’
3040 1593 3212 1664 άρχάς
3240 1591 3660 1658 ἐπέταξεν,οὐδὲ
3687 1608 3820 1661 παρ-

2236 1686 2486 1758 εχώρησε
2516 1680 3027 1756 σκληραγωγεῖσθαι
3067 1684 3340 1751 τοσοῦτον,
3363 1685 3489 1736 ὅσον
3531 1684 3674 1750 μετὰ
3734 1682 3820 1751 τὴν

2233 1781 2315 1841 εἰς
2345 1777 2610 1847 οὐρανοὺς
2640 1777 2911 1847 ἀνάληψιν
2973 1777 3136 1832 αὑτοῦ
3199 1777 3296 1829 καὶ
3350 1775 3816 1828 ἀποκατάστασιν.

2233 1870 2324 1923 Διὸ
2357 1871 2450 1922 καὶ
2473 1869 2648 1936 ἔλεγε,
2683 1869 2781 1936 Μὴ
2807 1870 3101 1922 δύνανται
3140 1870 3193 1921 οἱ
3221 1865 3338 1920 υἱοὶ
3371 1865 3480 1919 τοῦ
3497 1863 3820 1934 νυμφῶνος

2235 1960 2483 2013 πενθεῖν
2511 1959 2606 2029 ἐφ’
2639 1959 2791 2014 ὅσον
2815 1961 2943 2028 μετ’
2967 1958 3170 2014 αὐτῶν
3209 1959 3381 2013 ἐστιν
3432 1959 3466 2010 ὁ
3528 1957 3818 2024 Harpyiae.

2247 2053 2640 2106 Ἐλεύσονται
2669 2052 2736 2105 δὲ
2763 2053 2998 2122 ἡμέραι,
3027 2052 3172 2106 ὅταν
3199 2049 3441 2118 ἀπαρθῇ
3469 2049 3577 2104 ἀπ’
3626 2046 3820 2103 αὑτῶι⁸

2235 2147 2269 2198 ό
2307 2146 2609 2214 Νυμφίος,
2639 2147 2737 2197 καὶ
2770 2148 2905 2199 τότε
2926 2144 3413 2211 νηστεύσουσιν.

2308 2231 2380 2291 κν.
2405 2239 2632 2306 Ἔλεγεν
2659 2240 2688 2290 ὁ
2710 2239 2807 2308 τῆς
2832 2239 3096 2310 αἱρέσεως
3108 2238 3286 2291 αὐτῶν
3309 2236 3536 2306 ἔξαρχος
3559 2235 3820 2306 ἐγγεγράο

2237 2330 2369 2399 φθαι
2396 2333 2509 2395 τοῖς
2540 2331 2896 2400 Εὐαγγελίοις
2924 2331 3103 2385 αὐτῶν
3141 2332 3326 2399 φωνὴν
3357 2330 3454 2384 τοῦ
3474 2331 3686 2400 Κυρίου
3737 2329 3819 2381 λέ-

2235 2439 2459 2491 γουσαν,
2482 2424 2691 2493 Τιμᾶτε
2717 2423 2784 2475 τὰ
2799 2423 3072 2492 δαιμόνια,
3098 2422 3299 2492 οὑχῖνα
3327 2420 3657 2491 ὠφεληθῆτε
3693 2435 3804 2487 παρ

2234 2513 2438 2576 αὐτῶν,
2463 2512 2575 2567 ἀλλ’
2608 2513 2694 2565 ἵνα
2726 2513 2801 2582 μὴ
2831 2511 3110 2580 βλάψωσιν
3132 2511 3294 2581 ὑμᾶς.
3342 2511 3453 2564 Καὶ
3501 2509 3822 2579 ἑρμηνεύων

2235 2603 2333 2673 τὴν
2371 2603 2625 2670 τοιαύτην
2665 2601 2847 2670 φωνὴν
2880 2600 3216 2672 προσετίθει,
3255 2600 3336 2652 ὅτι
3379 2599 3488 2669 χρὴ
3531 2593 3704 2669 τιμᾷν
3755 2599 3824 2648 τά

2235 2695 2548 2748 ἐνοικοῦντα
2577 2696 2690 2756 τοῖς
2720 2694 3118 2763 χειροποιήτοις
3146 2695 3292 2754 ναοῖς
3316 2690 3596 2760 δαιμόνια,
3649 2705 3822 2760 προσ-

2235 2787 2521 2850 κυνοῦντες
2547 2785 2706 2848 αὐτὰ,
2729 2785 2815 2837 ἵνα
2836 2789 2911 2856 μὴ
2949 2784 3272 2854 ὀργισθέντα
3304 2781 3667 2850 διαφθείρωσι
3695 2784 3823 2844 τοῦς

2239 2882 2314 2950 μὴ
2342 2879 2496 2932 τοῦτο
2521 2877 2833 2942 ποιοῦντας,
2861 2877 3104 2947 μεγάλην
3153 2873 3247 2927 τοῦ
3312 2873 3574 2943 βλάπτειν
3630 2874 3822 2943 ἔχοντα

2191 2961 2194 2969 ’
2235 2975 2328 3025 καὶ
2361 2973 2570 3042 ἄμαχον
2599 2971 2849 3040 δύναμιν,
2883 2971 3018 3038 πρὸς
3050 2970 3115 3039 ἣν
3151 2967 3275 3021 οὔτε
3315 2969 3404 3020 τὸν
3444 2968 3685 3036 Χριστὸν
3737 2967 3825 3030 ὲξ-

2237 3064 2449 3133 αρκεῖν,
2475 3060 2597 3114 οὒτε
2632 3061 2728 3113 σὺν
2761 3059 2910 3129 αὐτῷ
2940 3060 3000 3111 τὸ
3031 3057 3252 3128 Πνεῦμα
3277 3053 3354 3110 ’τὺ
3409 3059 3586 3125 ἆγιον,
3635 3058 3726 3110 διά
3764 3059 3828 3109 τὸ

2236 3155 2324 3208 τὸν
2351 3153 2568 3222 Πατέρα
2592 3152 2868 3221 φείδεσθαι
2899 3151 3080 3204 αὐτῶν
3129 3151 3232 3214 ἔτι,
3266 3150 3360 3203 καὶ
3417 3149 3494 3220 μὴ
3548 3147 3828 3219 περιελεῖν

2233 3243 2330 3315 τὴν
2360 3244 2514 3314 ἰσχὺν
2540 3244 2741 3308 αὐτῶν,
2778 3243 2916 3297 ἀλλὰ
2945 3242 3301 3312 συγχωρῆσαι
3331 3241 3547 3304 τούτοις
3577 3243 3678 3313 τὴν
3724 3259 3828 3294 κυ-

2235 3338 2486 3408 ριαρχίαν
2516 3335 2611 3389 τοῦ
2645 3334 2959 3404 σύμπαντος
2985 3335 3194 3403 κόσμου
3239 3334 3398 3404 μέχρι
3446 3334 3774 3392 συντελείας
3808 3355 3824 3371 ο

2229 3427 2322 3480 καὶ
2371 3427 2478 3494 γὰρ
2523 3425 2619 3478 καὶ
2663 3425 2754 3478 τὸν
2803 3423 2932 3476 Υἱδν
2976 3423 3096 3475 κατ’
3149 3424 3320 3494 ἀρχὰς
3369 3426 3449 3484 είς
3480 3423 3578 3475 τὸν
3619 3424 3829 3491 κόσμον

2227 3519 2695 3589 ἀποστελλόμενον
2719 3519 2941 3588 αἰτῆσαι
2980 3519 3079 3588 μὲν
3107 3517 3205 3587 τὴν
3235 3517 3474 3585 παντελῆ
3520 3517 3828 3569 κατάλυσιν

2231 3613 2434 3677 αὐτῶν,
2477 3613 2552 3684 μὴ
2582 3612 2765 3666 λαϐεῖν
2790 3611 2848 3664 δὲ
2881 3611 3087 3682 ταύτην
3115 3609 3204 3664 διὰ
3233 3613 3328 3678 τὴν
3353 3609 3681 3678 ἀγαθότητα
3732 3608 3824 3660 τοῦ

2231 3705 2465 3776 Πατρός.
2514 3705 2667 3757 Ἐπεὶ
2693 3704 2752 3757 δὲ
2784 3705 2878 3757 καὶ
2909 3696 3008 3773 τὴν
3042 3702 3310 3772 φλυαρίαν
3342 3700 3550 3770 ταύτην
3585 3701 3698 3753 ἀπὸ
3728 3701 3822 3769 τῆς

2229 3799 2494 3864 αἱρέσεως
2527 3799 2635 3852 τῶν
2667 3796 3032 3851 Μασαλιανῶν
3065 3793 3441 3866 μεμαθήκασι,
3490 3793 3737 3863 ζήτησον
3769 3795 3822 3843 ἐν

2227 3891 2304 3959 τῷ
2322 3889 2440 3942 κατ’
2485 3889 2711 3943 ἐκείνων
2747 3887 2910 3958 τίτλφ
2933 3886 2994 3939 τὸ
3026 3892 3065 3938 ε’
3100 3885 3394 3954 κεφάλαιον
3429 3885 3527 3936 καὶ
3579 3885 3649 3936 τὰ
3695 3885 3822 3951 ἑφε-

2232 3983 2327 4052 ξῆς
2355 3979 2520 4048 ὀκτὼ,
2554 3982 2649 4034 κα)⁸
2701 3981 2832 4044 τοὺς
2877 3979 3131 4048 ἐλέγχους
3183 3974 3436 4045 εὑρήσεις
3482 3975 3544 4026 ὲν
3591 3975 3822 4033 ἐκείνοις

2227 4076 2659 4148 ἀναντιρρήτως.
2695 4075 2925 4144 Εἴρηται
2947 4071 3004 4123 δὲ
3032 4069 3125 4123 καὶ
3163 4067 3424 4138 ἀνωτέρω
3454 4067 3591 4136 περὶ
3619 4067 3822 4119 τούτων

2221 4169 2280 4219 ἐν
2309 4167 2385 4236 τῷ
2422 4167 2486 4236 ιβ’
2525 4164 2806 4236 κεφαλαίῳ
2837 4163 2930 4216 τοῦ
2965 4161 3229 4230 παρόντος
3251 4157 3455 4212 τίτλου.
3493 4158 3623 4210 Ὀτι
3643 4159 3701 4210 δὲ
3729 4159 3820 4208 καὶ

2229 4259 2356 4322 τοὺς
2385 4259 2648 4328 δαίμονας
2683 4259 3066 4329 ἰσχυροτέρους
3103 4249 3241 4309 εἶναι
3269 4254 3492 4322 λέγουσι
3525 4253 3626 4308 τοῦ
3687 4255 3816 4322 Χριο

544 4331 672 4385 στοῦ
705 4350 762 4384 τε
801 4334 1018 4387 καὶτοῦ
1051 4337 1206 4403 ἁγίου
1275 4338 1612 4408 Πνεύματος,
1648 4343 1792 4406 τίνος
1849 4346 1950 4397 οὐκ
1981 4347 2046 4400 ἂν
2085 4345 2195 4402 εἷεν
2234 4349 2376 4415 ἄξιοι
2434 4351 2711 4412 κολάσεως
2763 4353 2813 4404 ol
2869 4353 3152 4422 θεομάχοι,
3201 4353 3296 4406 καὶ
3346 4349 3692 4418 βλάσφημοι,
3729 4348 3815 4399 καὶ

543 4427 940 4495 προσκυνηταὶ,
972 4428 1066 4481 καὶ
1117 4431 1448 4497 θεραπευταὶ
1504 4436 1615 4488 τῶν
1672 4437 1973 4506 δαιμόνων,
2033 4443 2129 4494 καὶ
2163 4444 2536 4515 δαιμονιώδεις
2557 4447 2744 4510 ὅντως,
2777 4447 2872 4500 καὶ
2899 4447 3314 4516 φιλοδαίμονες;

613 4517 704 4572 21.
731 4517 879 4573 Hanc
909 4521 1038 4572 item
1075 4519 1282 4575 Domini
1337 4540 1520 4579 vocem
1573 4529 1625 4580 in
1658 4529 1958 4598 Evangeliis
1981 4535 2146 4602 serip-
2175 4539 2222 4594 D

541 4616 654 4661 tam
695 4619 978 4666 asserunt:
1007 4610 1168 4665 Omni
1193 4617 1408 4669 ratione
1431 4617 1591 4670 saluti
1616 4628 1812 4674 vestrae
1839 4625 2128 4691 consulite,

539 4697 642 4753 hoc
662 4708 763 4764 est,
798 4700 944 4754 oumi
976 4713 1094 4757 arte
1141 4711 1196 4758 et
1225 4705 1348 4760 dolo
1379 4708 1700 4764 simulantes
1732 4711 1887 4767 [idem
1936 4731 2124 4772 eorum

540 4789 631 4859 qui
662 4804 757 4844 vos
783 4792 1116 4859 opprimunt,
1151 4806 1365 4852 servate
1394 4814 1487 4852 vos
1515 4814 1545 4852 a
1580 4803 1841 4868 periculo,
1871 4817 1927 4858 et
1954 4819 2127 4862 morte

541 4895 660 4946 quae
692 4881 845 4936 vobis
874 4885 941 4937 ab
981 4885 1088 4939 illis
1113 4887 1375 4942 imminet.
1403 4891 1520 4944 Huc
1549 4893 1691 4945 enim
1735 4905 1789 4947 et
1824 4897 1950 4949 illud
2003 4915 2123 4968 spe-

540 4978 732 5024 ctare:
781 4972 1112 5043 Quaecunque
1147 4977 1400 5042 dixerint,
1438 4997 1556 5034 cum
1581 4984 1927 5040 simulatione
1965 4991 2125 5043 nimi-

539 5075 657 5112 rum
682 5061 1148 5128 [acite,seeundnm
1183 5084 1338 5134 opera
1372 5082 1547 5125 autent
1576 5075 1806 5140 ipsorum
1842 5081 1998 5134 nolite
2027 5083 2115 5150 fa-

537 5154 712 5216 cere',
767 5152 817 5204 in
873 5156 1121 5210 veritate.
1180 5160 1393 5214 Etenim
1447 5163 1617 5232 ipsum
1654 5182 1873 5235 quoque
1937 5173 2119 5227 Domi-

538 5255 662 5292 num
690 5242 1160 5314 discipulisaperte
1191 5250 1429 5306 locutum
1448 5269 1590 5318 esse,
1624 5256 1916 5316 incredulis
1937 5273 2113 5318 autem

538 5345 588 5381 tn
623 5333 914 5400 parabolis,
944 5348 999 5390 ut
1033 5339 1290 5394 increduli
1340 5345 1702 5403 simulationis
1739 5355 1975 5419 Speciem
2034 5357 2118 5410 in-

538 5431 746 5478 tuentes
803 5441 906 5479 non
964 5430 1177 5485 videant
1226 5434 1275 5486 id
1332 5440 1472 5502 quod
1511 5439 1562 5491 in
1599 5441 1855 5497 cordibus
1913 5451 2111 5506 nostris

541 5515 866 5568 reconditum
888 5529 991 5584 est,
1021 5531 1073 5574 et
1100 5524 1374 5579 audientes
1390 5543 1490 5581 non
1527 5532 1765 5587 audiant.
1797 5537 2115 5597 Parabolam

618 5714 630 5741 ¹
663 5713 855 5770 Matth.
889 5732 963 5782 ιι,
999 5719 1085 5773 l5.
1162 5726 1180 5755 ²
1213 5725 1404 5784 Matth.
1438 5746 1628 5798 χχχιιι,
1659 5735 1712 5792 5.

2321 4540 2430 4594 κα’.
2440 4541 2559 4593 Ἐτι
2581 4556 2892 4610 προσεγγεγ
2903 4540 3100 4611 ράφθαι
3116 4543 3210 4594 καὶ
3220 4540 3424 4607 ταύτην
3437 4539 3598 4608 ἔλεγε
3611 4541 3703 4594 τοῦ
3717 4542 3815 4592 Κυ’

2231 4635 2347 4705 ρίου
2383 4634 2589 4703 φωνὴν,
2611 4632 2810 4703 Τρόπῳ
2840 4634 3054 4701 σώθητε
3085 4650 3098 4662 ·
3130 4633 3410 4697 τουτέστι,
3447 4632 3612 4686 Μετὰ
3648 4650 3815 4702 μηχα-

2230 4727 2361 4795 νῆς,
2411 4725 2507 4777 καὶ
2554 4725 2770 4792 ἀπάτης
2831 4726 3256 4795 ὑποκρινόμενοι
3316 4726 3418 4791 τὴν
3471 4726 3666 4777 πίστιν
3709 4725 3814 4776 τῶν

2227 4818 2650 4885 ἀναγκαζόντων
2704 4818 2892 4885 ὑμᾶς,
2957 4819 3051 4869 καὶ
3120 4815 3262 4869 οὕτω
3333 4817 3643 4885 σιιιζόμενοι
3711 4814 3814 4868 ἀεὶ

2226 4910 2503 4974 κινδύνου,
2535 4911 2630 4962 καὶ
2657 4908 2893 4964 θανάτου
2931 4909 3024 4962 τοῦ
3078 4909 3205 4979 παρ’
3259 4910 3466 4972 αὐτῶν,
3525 4913 3611 4968 εἰς
3665 4908 3813 4961 τοῦτο

2223 5002 2332 5070 γὰρ
2367 5001 2554 5070 φέρειν
2589 5001 2684 5053 καὶ
2707 5003 2787 5065 τὸ,
2817 5002 2976 5053 ’Ὅσα
3014 5001 3090 5054 ἂν
3117 5002 3371 5054 εἴπωσιν
3421 4999 3569 5067 ὑμῖν
3599 4997 3809 5057 ποιεῖν,

2220 5092 2465 5156 ποιεῖτε,
2499 5093 2555 5144 ὲν
2589 5093 2879 5163 ὑποκρίσει
2911 5093 3194 5162 δηλονότι,
3231 5096 3381 5145 κατὰ
3421 5092 3492 5143 δὲ
3555 5093 3632 5144 τὰ
3675 5092 3814 5157 ἔργα

2215 5182 2416 5236 αὐτῶν
2449 5181 2536 5249 μὴ
2566 5181 2811 5242 ποιεῖτε.
2863 5185 2921 5236 ἐν
2949 5183 3212 5253 ἀληθείᾳ·
3254 5182 3350 5234 καὶ
3405 5181 3520 5248 γὰρ
3578 5183 3670 5234 καὶ
3715 5180 3816 5230 αῦ-

2216 5275 2307 5325 τδν
2359 5273 2448 5325 τὸν
2496 5273 2700 5343 Κύριον
2738 5277 2850 5337 τοῖς
2913 5277 3012 5344 μὲν
3067 5275 3338 5344 μαθηταῖς
3369 5272 3553 5342 ὀρθῶς
3612 5271 3812 5332 λαλεῖν.

2223 5369 2333 5428 τοῖς
2368 5366 2426 5417 δὲ
2465 5367 2719 5430 ἀπίστοις
2759 5369 2817 5418 ὲν
2849 5368 3206 5439 παραϐολαῖς,
3271 5366 3363 5418 ἵνα
3414 5364 3713 5434 βλέποντες
3765 5351 3811 5410 οξ

2221 5457 2438 5511 ἄπιστοι
2468 5460 2528 5511 τὸ
2556 5460 2880 5531 φαινόμενον
2902 5461 3000 5530 τῆς
3050 5460 3390 5528 ὑποκρίσεως
3445 5461 3524 5528 μὴ
3581 5458 3813 5527 βλέπω-τί

2224 5551 2284 5602 τὸ
2319 5551 2699 5621 κρυπτόμενον
2732 5554 2792 5607 ὲν
2821 5555 2941 5615 ταῖς
2973 5552 3222 5622 καρδίαις
3258 5549 3440 5620 ἡμῶν,
3479 5545 3813 5603 καὶάκοικν-
