4044 6290
360 347 500 416 1317

1282 348 1658 409 PANOPLIA
1693 344 2158 408 DOGMATICA.
2198 369 2266 381 -·-·
2299 344 2448 407 ΤΙΤ.
2490 344 2738 407 XXVII.

3499 338 3639 409 1318

353 484 440 528 τες
478 465 552 535 μὴ
592 461 859 527 ἀκούωσι,
891 461 1212 534 παραϐολὴν
1239 459 1526 529 ὀνομάζων
1583 461 1681 530 τὴν
1729 459 1934 528 άπάτηη

2050 455 2217 521 enim,
2283 455 2557 524 inquiunt,
2600 453 2833 524 appellat
2891 454 3072 509 dolum
3126 461 3182 509 et
3211 454 3637 512 simulationem.

353 557 445 610 καὶ
466 555 564 623 τὴν
594 554 908 623 ὑπόκρισιν.
949 554 1098 623 -Ἑγὼ
1117 555 1174 608 δὲ
1204 555 1304 624 τὴν
1337 554 1520 624 βίϐλον
1552 553 1660 604 τῶν
1691 553 1934 619 Εὑαγγεο

351 648 474 701 λίων
509 644 602 699 τοῦ
637 644 814 698 ταῦτα
855 645 1198 708 διδάσκοντος
1229 648 1308 708 εἰς
1363 647 1553 716 χεῖρας
1591 642 1790 708 λαϐὼν,
1839 643 1936 695 καὶ

351 738 837 809 διερευνησάμενος
864 736 1110 806 ἀκριϐῶς
1139 736 1262 789 οὔτε
1299 736 1397 806 τὴν
1425 737 1534 807 πρὸ
1581 735 1786 805 ταύτης
1838 733 1934 801 δη-

351 829 616 882 λωθεῖσαν
657 825 818 898 εὗρον
862 828 1068 897 φωνὴν,
1111 827 1246 880 οὔτε
1273 829 1374 897 τὴν
1427 828 1735 898 παροῦσαν,
1798 827 1935 880 ἀλλὰ

346 920 570 974 τοιαῦτα
614 914 755 990 ἦσαν
815 919 884 971 τὰ
937 920 1181 988 τέσσαρα
1238 919 1568 988 Εὑαγγέλια,
1615 915 1701 972 οἷα
1727 919 1822 972 καὶ
1869 914 1936 969 τὰ

348 1011 479 1083 παρ’
533 1014 668 1082 ἡμῖν
728 1012 1166 1080 ἀπαραποιήτως
1214 1010 1430 1080 ἔχοντα,
1484 1013 1578 1062 καὶ
1635 1007 1936 1080 ἁνήγγειλα

348 1106 518 1175 τούτῳ
567 1103 696 1175 περὶ
720 1103 933 1157 τούτου.
976 1101 1033 1156 ’0
1077 1104 1135 1157 δὲ
1167 1103 1570 1172 σκυθρωπάσας
1626 1102 1720 1156 καὶ
1770 1102 1938 1154 δεινο-

353 1197 600 1266 παθήσας
630 1197 705 1259 ὡς
733 1196 1096 1266 ὲληλεγμένος
1124 1195 1447 1264 ὡμολόγησε
1488 1195 1621 1264 μηδέ
1647 1211 1778 1247 ποτε
1811 1192 1933 1263 μηδ’

344 1288 505 1349 αὐτὸς
530 1286 948 1356 ἐντετυχηκέναι
985 1289 1106 1347 ταῖς
1138 1285 1232 1337 δύο
1263 1284 1490 1346 ταύταις
1539 1285 1768 1351 φωναῖς,
1815 1282 1936 1335 καίο

326 1360 425 1486 ἐτοι
455 1379 722 1440 πολλάκις
762 1377 1161 1444 ἀναγινώσκων
1196 1378 1256 1429 τὺ
1285 1376 1644 1443 Εὐαγγέλιον.
1698 1376 1828 1428 Ὅτε
1855 1375 1935 1438 δὲ,

345 1471 477 1540 φησὶ
499 1511 515 1535 ,
551 1470 648 1538 τὴν
695 1471 975 1539 παροῦσαν
1009 1469 1189 1540 βίϐλον
1211 1467 1317 1521 τῶν
1350 1469 1700 1536 Εὑαγγελίων
1733 1467 1938 1536 ἐξωνη-

346 1563 553 1632 σάμην,
589 1561 882 1632 ἀπήντησα
920 1561 1142 1630 γέροντι
1182 1559 1325 1613 κατά
1351 1577 1474 1612 τινα
1513 1561 1678 1612 τόπον
1707 1559 1933 1627 ἔρημον,

345 1655 438 1708 καὶ
466 1654 702 1716 καλέσας
738 1655 846 1706 ἀπὸ
873 1653 966 1706 τοῦ
998 1653 1264 1717 ὀνόματος
1300 1649 1421 1705 εἶπέ
1462 1669 1574 1721 μοι,
1607 1653 1691 1704 ὅτι
1743 1652 1936 1718 Μέγαν

344 1745 600 1813 ἐξωνήσω
627 1745 920 1814 θησαυρόν.
955 1745 1174 1809 Ταύτην
1221 1746 1330 1812 γὰρ
1367 1744 1535 1813 μόνην
1594 1745 1695 1812 τήν
1754 1741 1936 1812 βίϐλον

2045 548 2157 616 Ego
2186 561 2315 600 vero
2343 561 2468 601 cum
2504 545 2923 616 Evangeliorum
2953 545 3152 600 librum
3205 547 3366 602 istius
3405 549 3642 605 doctoris

2045 639 2100 692 in
2131 650 2327 692 manus
2358 637 2643 704 cepissem,
2676 646 2728 690 et
2759 637 3043 707 diligenter
3075 635 3428 704 evolvissem,
3467 654 3642 708 neque

2042 742 2231 782 vocem
2268 730 2628 797 superiorem,
2661 743 2839 798 neque
2897 729 3037 783 hanc
3092 729 3290 798 reperi.
3340 727 3445 783 Sed
3513 713 3636 786 talia

2042 829 2208 875 erant
2277 831 2510 890 quatuor
2552 819 2866 889 Evangelia,
2921 821 3106 889 qualia
3157 832 3283 877 sunt
3347 821 3488 891 apud
3516 838 3637 888 nos,

2043 927 2224 983 neque
2270 912 2379 967 ulla
2408 912 2466 968 re
2501 915 2903 984 discrepabant.
2961 913 3114 980 Quod
3159 930 3280 967 eum
3339 916 3404 967 ad
3462 915 3638 983 ipsum

2045 1004 2384 1070 detulissem,
2429 1005 2516 1058 ille
2543 1006 2734 1070 tristis,
2797 1015 2854 1060 et
2891 1020 3002 1058 rem
3024 1021 3168 1076 aegre
3227 1005 3425 1071 ferens,
3455 1016 3642 1076 utpote

2045 1097 2434 1165 deprehensus,
2465 1097 2746 1152 confessus
2774 1106 2877 1162 est,
2920 1112 2990 1151 ne
3023 1112 3082 1152 se
3111 1097 3330 1165 quidem
3381 1100 3517 1151 duas
3544 1099 3643 1151 bas

2045 1204 2227 1254 voces,
2267 1204 2388 1243 cum
2420 1203 2563 1257 saepe
2614 1191 2874 1258 relegeret
2901 1191 3275 1259 Evangeliutn.
3335 1189 3642 1258 deprehen-

2044 1281 2226 1351 disse]:
2262 1281 2368 1336 Sed
2412 1297 2532 1336 cum
2566 1282 2760 1336 librum
2799 1283 2965 1344 hunc,
2991 1282 3184 1350 inquit.
3221 1282 3639 1352 Evangeliorum

2044 1375 2171 1439 emi,
2211 1374 2262 1426 in
2312 1375 2548 1443 quadam
2580 1374 2872 1428 solitudine
2905 1388 3094 1428 senem
3135 1373 3360 1440 offendi,
3425 1375 3516 1443 qui
3553 1390 3642 1428 me

2047 1465 2270 1519 nomine
2307 1465 2662 1542 compellans,
2695 1466 2794 1530 ait,
2853 1479 2938 1518 me
2995 1465 3309 1518 thesaurum
3381 1479 3638 1533 magnum

2044 1562 2266 1627 emisse,
2299 1561 2446 1614 illum
2479 1561 2622 1616 enim
2673 1561 2870 1615 librum
2907 1560 3085 1616 solum
3111 1560 3338 1615 Joannis
3399 1559 3642 1630 Phryso-

2046 1653 2232 1716 stomi,
2265 1653 2343 1707 sic
2379 1654 2524 1707 enim
2565 1668 2788 1707 aureum
2837 1654 2964 1708 illud
2990 1669 3052 1708 os
3099 1654 3476 1723 impurissimae
3505 1653 3640 1708 isto-

2047 1759 2166 1796 rum
2194 1744 2390 1813 lingua:
2417 1745 2712 1815 appellant,
2746 1761 2937 1800 manus
2986 1745 3262 1815 effugisse,
3295 1755 3351 1799 et
3372 1745 3512 1801 duas
3541 1759 3640 1798 vo-

341 1835 710 1904 διαφυγοῦσαν
743 1837 842 1896 τὰς
872 1838 1057 1904 χεῖρας
1100 1836 1351 1888 Ἰωάννου
1382 1835 1476 1887 τοῦ
1507 1835 1888 1905 Φρυσοστόμου
1915 1850 1929 1864 ο

2040 1849 2126 1888 ces
2145 1848 2209 1887 ex
2231 1835 2350 1890 aliis
2379 1835 2686 1904 Evangeliis
2707 1837 2955 1892 exclusas
2977 1853 3121 1894 esse.
3148 1838 3314 1907 Cujus
3337 1852 3436 1907 ego
3459 1837 3642 1893 verbis

340 1927 432 1979 τδν
490 1927 600 1995 γὰρ
659 1928 1046 1996 Χρυσόστομον
1099 1925 1272 1988 οὕτως
1342 1928 1390 1978 oi
1452 1925 1934 1995 ἀκαθαρτόστομοι

2040 1926 2230 1994 inquit,
2259 1928 2419 1982 fidem
2460 1929 2689 1993 habens,
2719 1931 2972 1998 praedico,
3004 1932 3140 1984 duas
3179 1931 3305 1984 item
3350 1933 3448 2008 has
3471 1945 3640 1984 voces

343 2017 794 2089 προσωνόμαζον
823 2017 968 2088 ἔχειν
1000 2018 1463 2088 ἐγγεγραμμένας
1501 2017 1602 2080 τὰς
1633 2018 1934 2087 εἰρημένας

2040 2017 2091 2071 in
2137 2017 2448 2088 Evangeliis
2477 2020 2716 2089 scriptas
2747 2035 2890 2077 esse.
2939 2019 3030 2076 llle
3065 2021 3283 2090 quidem
3335 2021 3476 2076 hanc
3497 2032 3642 2075 attu-

338 2110 434 2164 δύο
467 2113 676 2178 φωνάς,
724 2109 1084 2179 ἐκϐληθείσας
1135 2111 1244 2164 ἀπὸ
1293 2110 1402 2164 τῶν
1457 2109 1632 2164 ἄλλων
1691 2110 1934 2178 Εὐαγγε-

2040 2109 2098 2162 lit
2128 2109 2522 2164 defensionem.
2559 2111 2670 2180 Ego
2704 2125 2835 2166 vero
2875 2111 3067 2166 statim
3141 2112 3410 2179 intellexi,
3441 2113 3642 2167 damo-

339 2201 494 2254 λίων.
525 2201 830 2264 Πιστεύσας
856 2203 910 2254 δὲ
945 2203 1057 2263 τοῖς
1083 2201 1293 2253 ἐκείνου
1311 2201 1489 2268 λόγοις
1516 2200 1644 2267 ἐγὼ,
1678 2199 1934 2268 κηρύττω

2040 2213 2159 2252 nem
2199 2199 2369 2254 fuisse
2411 2201 2586 2268 illum,
2619 2202 2710 2271 qui
2751 2202 2850 2258 sub
2897 2203 3176 2259 mendacis
3213 2205 3364 2258 senis
3399 2219 3639 2274 persona

341 2291 438 2342 καὶ
467 2290 696 2355 ταύτας,
720 2291 795 2351 ὡς
825 2292 892 2358 τῇ
924 2291 1029 2358 ἐμῇ
1081 2289 1248 2358 βίϐλῳ
1286 2290 1394 2342 τῶν
1436 2289 1784 2356 Εὐαγγελίων
1844 2291 1934 2357 ἐγ-

2041 2291 2250 2346 locutus
2269 2293 2464 2347 fuerat.

340 2386 761 2456 γεγραμμένας.
810 2383 867 2436 Ὀ
905 2384 1003 2454 μὲν
1050 2382 1452 2452 οὖνλτοιαύτην
1485 2384 1789 2449 ἐποιήσατο
1823 2384 1941 2472 ’τὴν
1981 2384 2306 2454 ἀπολογίαν,
2373 2384 2486 2454 ἐγὼ
2548 2387 2607 2440 δὲ
2641 2388 2852 2458 συνῆκα
2894 2387 3132 2459 ταχέως,
3177 2387 3262 2442 ὅτι
3309 2389 3337 2442 ό
3393 2387 3638 2442 Σατανᾶς

339 2477 410 2550 ἦν
440 2481 469 2531 ό
489 2478 578 2530 τὸν
601 2477 838 2546 ψευδόγη
849 2493 937 2545 ρον
963 2478 1170 2529 ἐκεῖνον
1203 2476 1660 2546 ὑποκρινάμενος.

422 2565 714 2637 κβ’.Λέγου
723 2586 774 2621 σι
789 2569 913 2632 τοὺς
927 2569 1026 2638 τῆς
1038 2569 1277 2633 πίστεως
1287 2570 1485 2635 αὐτῶν,
1503 2573 1648 2634 ὅσοις
1667 2574 1938 2643 ἐνοικήσει

342 2661 406 2715 τὺ
449 2661 580 2730 παρ’
610 2662 792 2723 αὐτοῖς
819 2662 973 2728 ἅγιον
999 2663 1247 2731 Πνεῦμα,
1283 2662 1492 2726 πάντας
1525 2666 1811 2729 θεοτόκους
1834 2668 1932 2721 καὶ

343 2749 513 2819 εἶναι,
539 2753 632 2805 καὶ
657 2751 1046 2820 ὀνομάζεσθαι,
1077 2752 1453 2820 βαστάσαντας
1485 2755 1579 2807 καὶ
1620 2755 1816 2818 αὐτοὺς
1847 2758 1937 2810 τὸν

342 2845 520 2912 Λόγον
549 2845 644 2897 τοῦ
672 2845 831 2908 Θεοῦ,
859 2847 952 2898 καὶ
980 2848 1348 2916 γεννήσαντας
1397 2847 1560 2900 αὑτὸν
1585 2848 1674 2901 διὰ
1723 2849 1818 2903 τοῦ
1849 2850 1933 2903 δι-

339 2935 566 2988 δάσκειν
591 2934 832 3002 ἑτέρους,
866 2933 962 2986 καὶ
1018 2935 1183 3005 μηδὲν
1213 2935 1372 2986 πλέον
1415 2936 1597 2988 αὐτῶν
1648 2934 1792 3006 ἔχειν
1833 2937 1931 3007 τὴν

343 3023 573 3095 πρώτην
600 3022 881 3076 Θεοτόκον.
908 3025 1016 3077 Καὶ
1036 3023 1155 3076 οὐδὲ
1179 3024 1431 3077 τοσοῦτον
1455 3023 1585 3091 γοῦν
1617 3025 1927 3093 φρονοῦσιν,

2113 2569 2280 2623 Aiunt
2327 2585 2457 2626 suos
2509 2585 2719 2636 omnes,
2771 2570 2824 2625 in
2865 2572 3062 2641 quibus
3113 2570 3352 2640 Spiritus
3412 2583 3637 2630 sanctus

2039 2661 2266 2724 habitat,
2315 2661 2408 2714 Dei
2443 2672 2696 2728 parentes
2716 2670 2770 2714 et
2799 2677 2946 2716 esse.
2976 2672 3034 2717 et
3073 2663 3344 2716 nominari
3377 2677 3501 2716 cum
3531 2663 3636 2733 ipsi

2035 2767 2250 2822 quoque
2285 2752 2376 2806 Dei
2415 2751 2650 2807 Verbum
2684 2755 3022 2822 concipiant,
3060 2763 3115 2806 et
3148 2754 3200 2806 in
3233 2768 3390 2808 utero
3419 2765 3633 2825 gerant,

2032 2857 2202 2916 atque
2287 2847 2450 2898 etiam
2505 2845 2723 2914 pariant
2777 2846 3082 2900 dumaalios
3137 2847 3351 2900 docent.
3390 2845 3455 2900 Et
3496 2832 3636 2902 uihil

2035 2938 2288 3006 amplius,
2321 2953 2481 3006 quam
2537 2937 2637 3005 ipsi
2676 2937 2928 3002 habeant,
2967 2938 3170 2992 habere
3224 2939 3456 3006 primam
3487 2940 3632 2993 illam

2043 3030 2134 3084 Det
2169 3028 2536 3084 Genitricem.
2600 3029 2714 3083 Nec
2753 3037 2961 3084 tantum
3002 3031 3204 3084 habent
3231 3033 3446 3094 mentis,
3473 3042 3531 3085 ut
3559 3033 3636 3086 in.

340 3117 468 3169 ὅσον
493 3116 694 3169 ειδέναι
721 3116 982 3184 διαφορὰν
1007 3117 1374 3170 ὲνυποστάτου
1408 3117 1504 3169 καὶ
1524 3115 1725 3181 ζῶντος
1759 3117 1934 3184 Λόγου

2043 3120 2284 3188 telligere
2308 3121 2544 3186 valeant,
2577 3120 2704 3189 quid
2727 3121 2942 3175 intersit
2979 3121 3119 3176 inter
3166 3120 3407 3176 Verbum
3441 3123 3495 3176 in
3533 3139 3635 3178 sua

342 3208 536 3270 ἁπλῶς
600 3208 760 3275 λόγου
807 3208 1162 3278 προφορικοῦ,
1212 3209 1297 3261 ἵνα
1354 3209 1810 3279 παραδράμωμεν
1862 3210 1934 3263 τὰ

341 3300 488 3353 κατὰ
547 3299 645 3372 τὴν
702 3299 906 3370 κυρίως
962 3299 1222 3353 Θεοτόκον
1279 3300 1482 3371 φρικτὰ
1526 3303 1622 3355 καὶ
1656 3301 1933 3372 παράδοξα

345 3391 654 3462 μυστήρια.

433 3485 670 3552 Λέγουσι
725 3485 852 3547 τοὺς
909 3484 1185 3547 τοιούτους
1234 3484 1308 3555 μὴ
1363 3486 1750 3557 ἀποθνήσκειν,
1797 3487 1934 3541 ἀλλὰ

344 3575 738 3644 μεθίστασθαι,
763 3577 1016 3647 καθάπερ
1047 3578 1104 3628 ὲν
1136 3576 1378 3648 ῦπνῳ,τὸ
1405 3579 1630 3648 πήλινον
1661 3579 1808 3633 τουτὶ
1838 3584 1933 3632 καὶ

343 3671 608 3739 σάρκινον
636 3669 986 3738 περιϐόλαιον,
1029 3670 1245 3732 ἀπόνως
1283 3671 1667 3742 ὲκδυομένους,
1720 3675 1816 3726 καὶ
1837 3673 1934 3742 τὴν

341 3761 627 3832 ἄφθαρτον
663 3759 758 3812 καὶ
783 3759 935 3812 θείαν
957 3759 1050 3813 τοῦ
1077 3761 1315 3831 Χριστοῦ
1336 3763 1528 3831 στολὴν
1555 3764 1931 3832 ἐνδυομένους,

341 3854 443 3906 καὶ
497 3851 816 3921 γινομένους
849 3850 1173 3920 συσσώμους
1207 3853 1304 3907 κα)⁴
1350 3854 1713 3924 συμμόρφους
1742 3854 1932 3920 αὑτοῦ,

343 3942 789 4016 μεθισταμένους
823 3943 910 3995 διὰ
935 3945 1269 4014 προπομπῆς
1312 3946 1582 4013 ἀγγέλων,
1641 3947 1735 3998 καὶ⁴
1798 3947 1935 3999 ἀπο-

340 4036 550 4089 στόλων
580 4035 659 4097 είς
688 4035 788 4103 τὴν
819 4035 1099 4105 βασιλείαν
1126 4036 1221 4088 τοῦ
1272 4039 1486 4107 Πατρός
1507 4079 1522 4104 ,
1573 4039 1634 4091 τὸ
1663 4040 1708 4092 δ’
1739 4038 1936 4091 ἀποδυ-

338 4130 437 4182 Οὲν
479 4126 639 4196 σῶμα
665 4127 872 4179 τούτων
907 4129 986 4190 είς
1010 4126 1218 4197 τέφραν
1250 4129 1346 4181 καὶ
1395 4130 1546 4183 κόνιν
1599 4130 1931 4194 διαλύεσθαι,

342 4221 552 4293 μηκέτι
580 4220 843 4290 μηδαμῶς
873 4219 1258 4290 ἀνιστάμενον.
1309 4221 1429 4274 Ὀτι
1475 4221 1532 4274 δὲ
1573 4223 1633 4276 οὐ
1682 4223 1932 4294 καθάπερ

342 4316 402 4367 ὲν
436 4313 613 4378 ὕπνῳ,
641 4315 730 4365 καὶ
755 4311 1052 4364 ἀπεκδύσει
1080 4311 1429 4383 περιϐολαίου
1461 4313 1673 4382 γίνεται
1722 4316 1932 4376 τούτοις

339 4405 620 4466 ἁνώδυνος
660 4406 687 4456 ὀ
721 4404 967 4466 θάνατος,
1015 4402 1215 4469 ἔδειξεν
1252 4406 1278 4457 ὁ
1307 4407 1406 4474 τῆς
1457 4407 1723 4475 αἱρέσεως
1753 4408 1931 4463 αὐτῶν

340 4497 599 4565 ἔξαρχος,
621 4495 843 4557 πολλαῖς
874 4494 1089 4558 ὀδύναις
1114 4495 1442 4565 ὑποϐληθεὶς
1464 4499 1604 4567 μετὰ
1634 4500 1693 4551 τὸ
1714 4499 1935 4570 δοθῆναι

343 4587 468 4640 κατ’
498 4586 663 4639 αὑτοῦ
703 4587 800 4657 τὴν
832 4587 919 4639 διὰ
951 4587 1122 4660 πυρὸς
1146 4588 1446 4656 ἀπόφασιν,
1500 4590 1598 4644 καὶ
1653 4591 1730 4662 τῷ
1787 4593 1936 4663 φόϐῳ

343 4679 1003 4750 προσκαταδαπανηθεὶς,
1032 4681 1128 4732 καὶ
1167 4680 1391 4750 καιρίας
1438 4682 1655 4752 πληγάς
1702 4685 1782 4747 είς
1837 4685 1936 4753 τὴν

341 4772 581 4842 καρδίαν
605 4771 919 4840 δεξάμενος,
950 4773 1039 4823 ὅτε
1063 4771 1156 4824 τοῦ
1186 4772 1463 4843 δράματος
1503 4775 1935 4846 ἀπογυμνωθέν-

338 4882 456 4927 τος,
493 4863 634 4932 ἔγνω
678 4862 1125 4932 κατασοφισθεὶς,
1177 4865 1286 4918 τῶν
1323 4866 1638 4937 μυστηρίων
1690 4869 1788 4937 μὲν
1839 4869 1936 4937 τῆς

342 4953 592 5014 πίστεως
642 4953 810 5005 αὐτοῦ
855 4952 1326 5023 δημοσιευθέντων
1371 4957 1465 5010 καὶ
1523 4959 1938 5028 παραδοθέντων

342 5047 539 5116 γραφῇ
573 5045 707 5113 πρὸς
744 5044 1036 5114 θρίαμϐον,
1075 5045 1184 5098 τῶν
1219 5047 1476 5119 μαθητῶν
1508 5050 1564 5104 δὲ
1601 5053 1786 5116 αὐτοῦ,
1848 5056 1940 5106 καὶ

348 5137 596 5206 μάλιστα
649 5138 951 5204 συγγενῶν,
1010 5139 1105 5190 καὶ
1155 5138 1262 5191 τῶν
1322 5140 1498 5206 ἄλλως
1553 5144 1940 5215 γνησιωτέρων

348 5227 840 5297 σαγηνευθέντων,
893 5230 987 5282 καὶ
1029 5233 1147 5292 ταῖς
1197 5232 1444 5301 εἱρκταῖς
1500 5235 1942 5288 ἐναποκλεισθέν-

345 5335 488 5381 των,
519 5318 613 5371 καὶ
649 5321 825 5390 πάσης
847 5321 995 5390 αὑτῴ
1022 5323 1362 5392 πανταχόθεν
1416 5325 1670 5396 βοηθείας
1721 5327 1938 5380 άπολω·

346 5409 552 5473 λυίας,
618 5413 712 5463 καὶ
762 5411 1009 5479 φρούδων
1065 5413 1174 5465 τῶν
1216 5415 1474 5484 μέλπίδων
1528 5419 1934 5487 γεγενημένων.

351 5501 498 5562 Τοὺς
522 5502 631 5570 γὰρ
669 5501 940 5571 μαθητὰς,
967 5502 1042 5566 ὼς
1067 5505 1306 5575 εἴρηται,
1362 5508 1457 5559 καὶ
1483 5511 1769 5575 συγγενεῖς
1797 5507 1941 5562 οὕτω

351 5592 609 5655 ἐλεεινῶς
659 5593 882 5662 ἔχοντας
941 5595 1062 5648 ἰδὼν
1141 5597 1293 5667 παρὰ
1347 5600 1527 5652 πᾶσαν
1582 5601 1930 5670 προσδοκίανι

421 5771 438 5801 ι
486 5770 680 5826 Matth.
739 5789 895 5832 χχιιι.
932 5774 986 5828 5.

2034 3213 2336 3269 subsistens
2380 3227 2634 3282 persona,
2677 3223 2730 3267 et
2764 3215 3012 3277 verbum,
3084 3213 3228 3281 quod
3262 3229 3358 3269 ore
3388 3231 3634 3284 pronun-

2037 3305 2222 3368 tiatur,
2259 3313 2319 3358 ut
2339 3305 2658 3371 omittamus
2687 3319 2774 3358 res
2828 3304 3166 3359 venerandas
3195 3313 3250 3358 et
3279 3303 3634 3359 admirabiles

2033 3412 2154 3466 quae
2183 3397 2236 3450 in
2262 3395 2353 3450 Dei
2385 3395 2659 3452 Genitrice
2690 3397 2925 3466 propriae
2953 3405 3099 3451 sunt.

2104 3487 2195 3540 25.
2231 3488 2301 3542 At
2337 3488 2429 3556 qui
2487 3487 2601 3542 sint
2628 3487 2917 3557 ejusmodi,
2965 3501 3059 3542 eos
3100 3495 3301 3557 negant
3357 3487 3514 3554 mori,
3539 3487 3633 3541 sed

2038 3587 2296 3647 tanquam
2329 3579 2382 3632 in
2414 3594 2605 3632 somno
2635 3579 2988 3633 transmutari
3011 3617 3025 3640 .
3069 3589 3124 3635 et
3171 3581 3289 3635 sine
3319 3580 3425 3634 ullo
3450 3581 3634 3636 labore

2035 3658 2315 3724 caenosum
2369 3671 2472 3724 hoc
2529 3670 2710 3724 carnis
2762 3669 3134 3724 indumentum
3199 3685 3419 3738 exuere,
3468 3681 3634 3742 atque

2036 3761 2400 3816 immortalem
2457 3775 2520 3814 ac
2578 3760 2816 3813 divinam
2873 3761 3076 3814 Christi
3122 3760 3314 3815 stolam
3383 3762 3629 3828 induere,

2037 3852 2293 3918 idemque
2364 3866 2563 3918 corpus
2615 3859 2670 3905 et
2715 3850 2944 3903 formam
3004 3850 3248 3903 eamdem
3307 3850 3634 3919 induere,et

2037 3942 2404 4012 praceuntibus
2459 3942 2666 4012 angelis
2709 3950 2763 3994 et
2795 3939 3051 4008 apostolis
3083 3940 3134 3994 in
3171 3940 3346 3995 Patris
3408 3955 3632 4009 regnum

2038 4035 2274 4098 admitti,
2315 4049 2512 4102 corpus
2549 4042 2749 4097 autem,
2783 4034 2925 4100 qttod
2955 4034 3225 4096 exuerint,
3282 4034 3338 4088 in
3391 4033 3631 4088 cinerem

2037 4127 2420 4193 pulveremque
2447 4123 2691 4190 dissolvi,
2753 4138 3029 4192 nunquam
3095 4124 3327 4192 amplius
3356 4133 3635 4178 surrectu-

2037 4235 2178 4274 rum.
2247 4216 2351 4272 Sed
2416 4217 2611 4270 falsum
2658 4232 2779 4270 esse
2811 4217 2953 4284 quod
3008 4225 3264 4285 tanquam
3325 4218 3378 4271 in
3443 4232 3633 4272 somno

2035 4311 2282 4379 corporis
2337 4319 2541 4363 exuant
2600 4310 3007 4372 vestimentum,
3063 4319 3117 4361 et
3143 4309 3261 4363 sine
3305 4309 3486 4362 dolore
3512 4324 3634 4362 mo-

2034 4405 2265 4466 riantur,
2304 4402 2555 4470 princeps
2590 4400 2809 4454 haeresis
2833 4400 3070 4468 ipsorum
3105 4401 3364 4468 osmndit,
3399 4404 3488 4470 qui
3524 4416 3632 4455 ma-

1966 4473 2160 4564 l)gnis
2205 4494 2431 4548 allectus
2510 4494 2786 4547 doloribus
2843 4504 2898 4547 et
2954 4502 3073 4560 post
3134 4493 3296 4547 latam
3372 4496 3633 4568 adversus

2035 4604 2155 4643 eum
2212 4587 2559 4649 sententiam,
2621 4593 2685 4638 ut
2762 4586 2884 4654 igne
2939 4593 3294 4647 cremaretur.
3345 4585 3634 4641 formidine

2036 4683 2398 4741 excruciatus,
2437 4677 2655 4732 lethalia
2698 4678 2922 4733 vulnera
2955 4679 3008 4730 in
3037 4691 3134 4731 cor
3189 4678 3486 4744 accipiens,
3514 4687 3633 4731 tan-

2034 4789 2194 4842 quam
2251 4772 2530 4826 histrionis
2566 4771 2746 4825 habitu
2791 4771 3034 4838 deposito
3063 4771 3328 4836 impostor
3386 4769 3631 4837 cognitus

2036 4875 2137 4928 est,
2174 4864 2446 4933 mysteriis
2485 4863 2604 4917 fidei
2637 4862 2803 4932 ipsius
2845 4861 3056 4928 publice
3102 4859 3404 4927 patefactis,
3446 4869 3501 4915 et
3544 4861 3634 4915 llt-

2039 4965 2277 5011 terarum
2314 4958 2680 5009 monumentis
2719 4955 2903 5022 tropaei
2940 4953 3058 5007 loco
3087 4954 3445 5021 consignatis,
3502 4970 3629 5010 cum

2039 5056 2094 5103 et
2158 5047 2405 5114 discipuli
2450 5045 2588 5114 ejus,
2649 5045 2820 5098 etilli
2873 5047 3173 5113 praesertim
3216 5047 3306 5115 qui
3369 5048 3632 5116 sanguine

2038 5149 2090 5192 et
2153 5137 2549 5191 necesﬂtudine
2611 5137 2882 5204 conjuncti
2920 5145 3097 5200 erant,
3164 5138 3215 5190 in
3247 5153 3521 5192 carcerem
3576 5149 3632 5194 et

2038 5229 2253 5283 vincula
2289 5227 2514 5294 coujecti
2547 5237 2693 5291 sunt,
2722 5238 2777 5282 et
2810 5230 3192 5298 omnibusipse
3228 5231 3461 5296 undique
3481 5232 3632 5284 auxi-

2038 5321 2125 5376 liis
2154 5332 2207 5376 et
2237 5321 2383 5373 inani
2419 5334 2513 5389 spe
2552 5317 2813 5387 spoliatus
2840 5328 2941 5373 est.
2971 5321 3104 5374 Cum
3131 5319 3274 5372 enim
3335 5319 3629 5389 discipulos

2037 5429 2092 5473 et
2130 5416 2468 5471 necessarios
2505 5456 2520 5479 ,
2552 5424 2611 5467 ut
2641 5415 2845 5469 dictum
2881 5425 2984 5477 est,
3025 5423 3131 5467 tam
3159 5414 3358 5468 misere
3401 5414 3629 5470 afl‘uctos

2037 5510 2389 5582 perspiceret,
2447 5523 2585 5576 quos
2621 5511 2691 5561 ad
2727 5517 3028 5562 extremum
3068 5521 3238 5574 usque
3272 5505 3412 5559 diem
3442 5505 3630 5562 felices

2045 5603 2257 5658 futuros
2305 5615 2371 5656 ex
2435 5600 2576 5671 regis
2636 5599 2916 5670 promissis
2977 5597 3339 5665 existimabat,
3368 5611 3534 5668 seque
3559 5599 3629 5655 ab
