4044 6290
452 412 592 478 1319

1690 407 2076 471 EUTHYMII
2116 407 2482 468 ZlGABENI

3582 416 3725 481 1320

446 528 553 582 illis
580 525 898 597 proditionis
925 521 1181 589 incuSari,
1230 522 1408 578 fontes
1438 522 1623 579 emisit
1658 523 2043 593 lacrymarum,

2157 522 2453 591 μέχριγάρ
2480 521 2576 592 τῆς
2608 521 2921 586 τελευταίας
2962 524 3173 594 ἡμέρας
3230 525 3367 597 ᾤετο
3398 529 3611 595 πάντας
3666 538 3723 587 ἑν

445 628 502 673 et
524 618 829 687 profundos
858 618 1032 672 edidit
1064 615 1322 685 gemitus,
1353 615 1554 683 quibus
1608 615 1791 668 cordis
1817 612 2034 665 ﬂamma

448 710 811 766 indicabatur.
864 706 1241 763 Calamitatum
1290 707 1454 775 igitur
1513 716 1767 773 tanquam
1826 703 2041 757 turbine

451 805 692 874 quodam
723 802 958 871 iactatus
984 801 1168 854 animo
1191 798 1500 862 deﬁciebat,
1536 805 1592 851 et
1623 797 1872 866 spiritum
1900 795 2040 847 reci-

448 897 601 965 piens
628 907 841 948 rursum
910 891 1279 958 torquebatur,
1333 898 1386 945 et
1422 890 1719 944 consistere
1751 902 1854 941 non
1885 894 2039 953 pote-

452 992 562 1050 rat,
604 984 776 1037 donec
812 998 841 1035 a
878 982 1149 1036 ministris
1177 980 1419 1035 sublatus
1449 980 1513 1033 ad
1556 986 1744 1049 pyram
1809 982 2041 1040 tractus,

448 1086 504 1132 et
533 1091 665 1130 voce
694 1073 1003 1136 deficiente,
1069 1070 1421 1139 anhelituque
1473 1080 1734 1139 perpetuo
1787 1067 2043 1121 laborans

448 1170 503 1223 in
530 1167 801 1221 flammam
836 1164 1113 1231 coniectus
1147 1175 1252 1228 est,
1282 1175 1445 1231 atque
1488 1162 1559 1214 ita
1596 1158 1849 1220 danuoni,
1883 1171 2043 1225 quem

449 1258 796 1320 adoraverat,
830 1255 1053 1308 eﬂ'ectus
1091 1254 1489 1307 holocaustum.
1534 1248 1625 1302 Sic
1659 1250 1773 1317 ipse
1823 1246 2041 1314 quidem

452 1352 509 1404 in
543 1348 721 1402 locum
759 1345 1106 1400 tenebrarum
1138 1354 1192 1399 et
1222 1343 1452 1396 aliorum
1480 1340 1739 1413 malorum
1762 1339 1861 1392 sihi
1890 1350 2049 1404 para-

451 1454 563 1494 tum
596 1437 869 1508 profectus
895 1446 998 1492 est.
1030 1436 1242 1505 Corpus
1296 1442 1475 1489 autem
1511 1429 1865 1486 infelicissimi
1897 1429 2045 1483 senis

452 1538 700 1598 resurget
734 1529 957 1582 omnino
1009 1527 1061 1580 in
1114 1526 1203 1580 die
1262 1524 1568 1577 communis
1613 1520 2035 1576 resurrectionis

451 1636 518 1675 ex
564 1620 776 1689 Domini
801 1620 1090 1680 sententia,
1124 1615 1215 1685 qui
1245 1615 1381 1669 dixit
1433 1612 1677 1667 homines
1707 1619 2046 1665 resurrectu-

452 1729 563 1777 ros,
594 1715 894 1781 iturosque,
928 1711 1018 1780 qui
1056 1709 1192 1763 mala
1225 1707 1432 1777 egerint
1461 1706 1515 1759 in
1551 1703 1870 1772 supplicium
1899 1716 2047 1756 sem-

450 1804 715 1875 piternum
738 1844 753 1868 ,
789 1802 1036 1872 quamvis
1058 1802 1157 1854 iste
1205 1808 1538 1854 mortuorum
1569 1794 2045 1857 resurrectionem,

2141 612 2367 676 ἀγαθοῖς
2396 610 2536 666 εἶναι
2564 612 2707 669 κατὰ
2727 614 2828 682 τὴν
2851 615 2944 667 τοῦ
2970 614 3233 683 βασιλέως
3262 619 3559 688 ὑπόσχεσιν
3577 640 3594 657 ο
3630 628 3723 677 καὶ

2141 703 2431 772 προδοσίαν
2486 703 2618 774 παρ’
2641 704 2822 758 αὐτῶν
2866 707 3176 776 ἐγκληθεὶς,
3231 710 3415 781 ἀφῆκε
3471 713 3566 782 μὲν
3634 735 3724 770 πι-

2141 792 2291 864 κρῶν
2312 793 2562 863 δακρύων
2596 795 2801 864 πηγάς,
2833 796 3117 867 ἀνέπεμψε
3150 799 3211 852 δὲ
3252 804 3582 873 στεναγμοὺς
3629 805 3726 873 βυ-

2144 882 2316 949 θίους,
2344 885 2442 953 τὴν
2469 884 2619 939 ἔνδον
2645 886 2746 953 τῆς
2788 888 3015 956 καρδίας
3066 890 3239 959 φλόγα
3272 894 3602 964 μηνύοντας.
3633 899 3728 952 καὶ

2144 976 2400 1047 καθάπερ
2442 978 2648 1045 τυφῶνι
2672 981 2794 1043 ταῖς
2823 985 3136 1052 συμφοραῖς
3166 985 3407 1055 βληθεὶς,
3445 990 3726 1043 ἐλειποθύ-

2147 1080 2259 1132 μει,
2287 1065 2382 1117 καὶ
2419 1066 2806 1136 ἀνακτώμενος
2829 1065 2983 1133 αὖθις
3007 1075 3365 1144 κατεφέρετο,
3401 1078 3597 1149 στῆναι
3647 1081 3725 1151 μὴ

2144 1156 2445 1223 δυνάμενος
2464 1157 2569 1218 ἕως
2594 1158 2698 1212 ὑπὸ
2739 1160 2849 1213 τῶν
2875 1162 3031 1230 ἄγειν
3058 1164 3452 1221 κελευσθέντων
3510 1171 3724 1240 ἀρθεὶς,

2148 1245 2550 1315 βασταζόμενος
2578 1250 2803 1321 ἀπήχθη
2827 1255 2962 1323 πρὸς
2987 1257 3088 1324 τὴν
3113 1257 3317 1327 πυρὰν,
3352 1262 3445 1312 καὶ
3471 1264 3568 1331 τῆς
3600 1282 3727 1329 φωο

2146 1338 2241 1404 νής
2265 1338 2429 1390 αὑτὸν
2453 1339 2863 1411 ἐπιλειπούσης,
2897 1346 3088 1417 πυκνῷ
3124 1348 3201 1416 τῷ
3248 1349 3490 1419 ἄσθματι
3554 1372 3726 1407 κατα-

2151 1425 2386 1495 σχεθεὶς,
2414 1429 2708 1502 ὴκοντίσθη
2738 1435 2879 1487 κατὰ
2936 1437 3036 1503 τῆς
3077 1439 3298 1505 φλογὸς,
3340 1442 3434 1492 καὶ
3483 1442 3725 1497 ὡλοκαυ-

2147 1518 2294 1586 τώθη
2332 1520 2412 1590 τῷ
2443 1525 2908 1595 προσκυνουμένῳ
2940 1528 3070 1596 παρ’
3102 1529 3269 1582 αὑτοῦ
3318 1530 3560 1600 δαίμονι.
3618 1538 3727 1589 Καὶ

2148 1611 2314 1673 αὐτὸς
2343 1612 2442 1681 μὲν
2468 1614 2770 1684 ἐξεδήμησέ
2808 1617 2943 1686 πρὸς
2973 1618 3065 1671 τὸν
3109 1612 3525 1690 ἡτοιμασμένον
3573 1627 3729 1697 αὐτῷ

2147 1702 2320 1755 τόπον
2372 1702 2465 1754 τοῦ
2526 1704 2753 1767 σκότους
2815 1707 2908 1759 καὶ
2963 1708 3061 1777 τῆς
3092 1709 3257 1777 ἄλλης
3278 1713 3578 1776 κακώσεως
3606 1732 3620 1745 σ
3668 1718 3729 1768 τὸ

2151 1792 2313 1862 σῶμα
2339 1793 2397 1846 δὲ
2419 1794 2513 1846 τοῦ
2540 1796 2858 1866 τρισαθλίου
2892 1799 3084 1852 τούτου
3120 1800 3378 1869 γέροντος
3427 1805 3728 1876 ἀναστήσε-

454 1907 563 1949 tam
613 1894 794 1948 multis
827 1892 1074 1961 Apostoli
1172 1890 1499 1965 testimoniis
1544 1888 1610 1940 de
1668 1886 1757 1940 illa
1825 1885 2046 1938 demon-

2151 1899 2238 1934 ται
2269 1882 2485 1946 πάντως
2519 1886 2579 1938 ὲν
2604 1889 2672 1957 τῇ
2703 1888 2885 1957 ἡμέρα
2907 1887 3008 1957 τῆς
3036 1890 3222 1957 κοινῆς
3244 1892 3599 1956 ἀναστάσεως
3634 1913 3729 1951 κα·-

456 1987 923 2050 strationibusque
999 1996 1254 2053 tauquam
1307 1981 1459 2035 falsis
1523 1978 1763 2048 rejectis,
1810 1976 2047 2030 futuram

451 2093 748 2152 negaverit.

2157 1973 2226 2026 τὰ
2254 1974 2354 2043 τὴν
2388 1975 2480 2028 τοῦ
2514 1977 2768 2048 Σωτῆρος
2810 1977 3108 2045 ἀπόφασιν,
3149 1981 3459 2051 εἰρηκότος,
3489 1985 3728 2055 ἀναστή-

2148 2063 2339 2116 σεσθαι
2373 2065 2624 2129 καὶτοὺς
2656 2067 2725 2122 τά
2768 2066 2949 2134 φαῦλα
2994 2069 3311 2139 πράξαντας
3352 2074 3437 2137 είς
3509 2077 3729 2131 κόλασιν

452 2140 692 2240 αἰώνιον,
719 2175 769 2228 εί
805 2174 900 2227 καὶ
958 2169 1121 2230 αὐτὸς
1152 2167 1226 2238 μὴ
1256 2163 1400 2231 εῖναι
1451 2163 1558 2216 τῶν
1608 2159 1918 2214 τεθνεώτων
1978 2140 2292 2241 ἀβάστασιν.
2337 2156 2682 2225 ἐδογμάτιζε,
2752 2160 2850 2223 τὰς
2897 2160 3171 2226 τοσαύτας
3234 2164 3329 2219 τοῦ
3407 2167 3727 2225 umnam

450 2270 582 2340 περὶ
614 2269 818 2339 ταύτης
877 2263 1203 2337 μαρτυρίας,
1259 2259 1353 2313 καὶ
1408 2259 1663 2326 γενναίας
1715 2249 2044 2315 ἀποδείξεις.
2083 2245 2156 2309 ὡς
2177 2246 2395 2315 ψευδεῖς
2424 2248 2871 2320 παρωθούμενος.

521 2381 615 2439 2'5.
641 2383 911 2437 Dicuntse
926 2390 1029 2435 non
1046 2380 1103 2434 in
1118 2368 1324 2434 Samnis
1344 2373 1542 2437 solum,
1560 2366 1652 2426 Sed
1672 2371 1833 2425 etiam
1855 2379 2052 2422 revera

449 2488 675 2531 cernere
697 2474 908 2527 Patrem
929 2479 1183 2539 tanquam
1198 2482 1380 2524 senem
1396 2462 1661 2536 profunda
1683 2459 1847 2517 barba
1869 2455 2055 2526 praedi-

451 2566 587 2632 tum,
619 2564 817 2620 Filium
848 2556 1101 2630 tanquam
1128 2560 1379 2629 juvenem
1439 2556 1847 2625 pubescentem,
1879 2549 2052 2619 Spirt-

450 2662 564 2707 tum
616 2661 860 2707 sanctum
898 2646 1195 2702 imberbem
1221 2644 1641 2709 adolescentem,
1679 2640 1912 2696 cumeis
1941 2640 2050 2693 dle-

454 2750 646 2799 mon‘es
678 2743 751 2796 ita
779 2752 837 2796 se
870 2730 1028 2794 facile
1076 2738 1399 2807 conspicuos
1458 2732 1758 2805 praebeant,
1788 2746 1897 2801 quo
1929 2729 2049 2784 illos

459 2828 563 2891 hac
586 2838 883 2889 formarum
916 2832 1180 2886 varietate
1216 2830 1505 2898 decipiant,
1563 2829 1903 2894 doceantque
1943 2823 2049 2876 im-

455 2942 636 2996 parem
675 2940 795 2981 esse
849 2934 1096 2979 sanctam
1157 2918 1476 2976 Trinitatem
1504 2927 1559 2975 et
1627 2918 2049 2985 discrepantem,

452 3017 815 3084 Arianamque
870 3010 1031 3069 unius
1105 3020 1313 3066 natura:
1400 3009 1696 3064 Sectionem
1747 3006 1859 3062 illis
1920 3002 2047 3072 inji-

453 3110 622 3165 ciant.

524 3308 617 3365 24.
642 3298 1025 3365 Monachoru‘m
1050 3300 1201 3359 mare
1229 3314 1289 3358 se
1316 3302 1571 3363 vestiunt,
1598 3306 1651 3353 et
1682 3304 1867 3353 eorum
1896 3294 2050 3351 habi-

457 3412 569 3458 tum
588 3413 841 3469 tanquam
858 3390 1038 3454 escam
1054 3398 1351 3458 assumunt,
1364 3400 1512 3448 veste
1527 3384 1708 3460 lupum
1727 3382 2052 3443 absconden-

457 3504 558 3556 tes,
595 3490 701 3561 ηιιο
720 3482 988 3543 faeilitires
1015 3487 1212 3551 aditus,
1245 3495 1297 3540 et
1336 3481 1670 3552 colloquendi
1703 3479 2043 3543 facultatem,

459 3591 678 3652 propter
704 3574 944 3634 habitum
970 3572 1354 3645 assequamur,
1384 3580 1442 3629 "et
1462 3574 1579 3627 Sine
1609 3570 1921 3639 suspicione
1946 3578 2048 3639 per

453 3686 766 3728 sermonum
796 3662 1189 3738 benignitatem
1223 3665 1447 3721 abribtts
1508 3662 1842 3717 audientium
1882 3670 2050 3716 vene-

454 3778 582 3820 nutu
613 3758 877 3830 injiciant.

522 3877 611 3931 ‘25.
635 3866 902 3939 Secunda,
925 3884 977 3929 et
995 3860 1210 3944 quarta,
1232 3883 1288 3927 et
1321 3878 1474 3926 sexta
1498 3866 1584 3924 die
1596 3867 1924 3940 singularum
1955 3863 2050 3921 he-

455 3958 1045 4035 lulomadumjejunium
1061 3958 1327 4031 indicunt,
1347 3977 1517 4032 usque
1534 3961 1601 4015 ad
1617 3956 1802 4015 horam
1826 3972 2046 4012 nonam.

457 4060 613 4126 Quod
646 4059 690 4112 si
718 4057 839 4127 quis
871 4071 965 4110 eos
1006 4046 1073 4110 ad
1114 4055 1421 4109 convivium
1453 4058 1633 4117 vocet,
1670 4049 1852 4105 statim
1888 4047 2044 4102 obliti

457 4149 708 4219 praecepti
734 4149 816 4203 sui
848 4149 1012 4202 edunt
1044 4156 1099 4201 et
1160 4140 1350 4201 bibent
1400 4156 1655 4212 tanquam
1712 4140 2045 4210 elephantes.

455 4242 531 4295 Ex
589 4255 697 4310 quo
764 4248 912 4310 patet
962 4251 1057 4292 eos
1102 4234 1267 4291 etiam
1322 4234 1592 4305 impudice
1648 4233 1852 4298 vivere,
1918 4231 2046 4286 licet

456 4332 870 4388 fornicationem
1008 4328 1063 4383 et
1178 4341 1393 4382 omnem
1490 4324 1654 4380 aliam
1761 4323 2044 4378 libidinem

458 4436 711 4493 tanquam
753 4422 935 4477 carnis
974 4432 1027 4476 et
1063 4420 1311 4490 corporis
1357 4428 1606 4490 expertes
1656 4414 1834 4473 verbis
1896 4417 2045 4469 insc-

457 4524 639 4569 οιεηιυ
649 4528 694 4566 Γ.

523 4626 615 4682 26.
645 4624 912 4695 Principio
929 4623 1145 4695 quidem
1178 4622 1467 4678 initiandos
1487 4621 1806 4692 simpliciter
1832 4625 2048 4695 docent,

456 4727 513 4775 et
536 4718 843 4783 hortantur,
868 4715 1235 4772 utcredantin
1258 4715 1568 4784 Patrem,et
1607 4713 1826 4782 Filium,
1857 4715 2048 4786 etSpio

456 4813 619 4867 ritum
641 4819 913 4874 sanctum,
944 4810 1261 4878 discumque
1287 4807 1562 4864 Christum
1588 4822 1803 4863 carnem
1830 4808 2044 4864 induis-

458 4917 516 4957 se
551 4902 871 4971 dedisseque
918 4900 1124 4956 sanctis
1149 4899 1407 4970 apostolis
1432 4915 1647 4956 sacrum
1679 4898 2047 4969 Evangelium.

458 4992 525 5046 Et
582 4993 796 5062 jubent,
840 5002 898 5046 ut
956 4991 1267 5062 evangelica
1326 4992 1577 5047 mandata
1635 4992 1965 5059 custodiant,
1996 5001 2051 5047 et

456 5093 765 5155 precentur,
795 5091 850 5136 et
878 5081 1143 5151 jejunent,
1202 5097 1369 5152 seque
1401 5082 1469 5137 ab
1500 5084 1647 5137 omni
1680 5084 1916 5152 nequitia
1946 5098 2048 5151 pu-

455 5190 548 5231 ros
622 5176 974 5245 integrosque
1024 5185 1372 5242 conservent,
1427 5184 1483 5230 et
1528 5175 1661 5229 nihil
1712 5174 2047 5245 possideant,

455 5268 861 5336 clementesque
888 5266 1019 5331 sint,
1054 5272 1216 5335 atque
1246 5266 1501 5333 humiles,
1534 5276 1589 5323 et
1616 5268 1875 5327 ,veritatis
1925 5276 2048 5321 stu-

458 5358 620 5422 diosi,
650 5369 959 5427 mutumque
983 5358 1390 5413 benevolentiae.
1420 5356 1611 5414 Omnia
1644 5358 1880 5428 denique
1904 5358 2047 5413 bona

457 5449 797 5520 prmcipiunt,
836 5449 1062 5518 utilique
1084 5450 1333 5505 doctrina
1379 5449 1656 5520 pelliciunt
1680 5450 2050 5520 paulatimque

456 5553 747 5607 venantur,
784 5553 839 5596 et
870 5544 936 5598 ad
968 5543 1249 5597 interitum
1313 5544 1553 5598 trahunt.
1587 5542 1870 5613 Temporis
1902 5544 2046 5597 enim

459 5649 746 5703 progressu
778 5634 956 5690 tritico
997 5635 1209 5689 zizanla
1242 5634 1519 5705 injiciunt,
1562 5645 1760 5690 etcum
1819 5636 2049 5692 miseros

459 5723 560 5778 sibi
594 5724 883 5791 subjectos,
914 5726 1339 5798 obedientesque
1361 5726 1710 5792 reddiderint,
1771 5734 1935 5796 atque
1966 5727 2049 5781 in-

459 5821 540 5864 tra
572 5813 709 5867 retia
763 5813 1068 5885 habuerint,
1108 5825 1240 5874 tunc
1289 5818 1489 5876 veneni
1539 5818 1813 5889 potionem
1869 5818 2050 5890 prepi-

2076 4558 2127 4619 Ι)

2224 2372 2328 2432 κγ’.
2365 2367 2628 2436 Λέγουσιν
2672 2370 2775 2424 οὐκ
2812 2371 2945 2444 δναρ
2972 2375 3133 2444 μόνον
3153 2376 3433 2442 πολλάκις,
3467 2380 3606 2435 ἀλλά
3639 2374 3729 2437 κει.ἰ

2150 2453 2301 2526 ὕπαρ
2316 2457 2535 2526 βλέπειν
2552 2461 2643 2521 τὸν
2655 2462 2875 2533 Πατέρα
2895 2466 3015 2534 μὲν,
3028 2462 3099 2529 ὥς
3118 2467 3345 2538 γέροντα
3362 2464 3727 2540 βαθυγένειον,

2147 2546 2238 2601 τὸν
2267 2548 2323 2601 δὲ
2362 2549 2512 2615 Υίδν,
2569 2552 2645 2616 ὡς
2664 2553 2950 2626 ὑπηνήτην
2974 2552 3167 2627 ἀνδρα,
3190 2558 3250 2610 τὺ
3283 2560 3337 2613 δὲ
3396 2560 3624 2633 Πνεῦμα
3670 2567 3732 2620 ’.ὃ

2148 2640 2323 2707 ἅγιον,
2352 2641 2428 2725 ὡς
2456 2642 2862 2713 λειοπρόσωπον
2887 2648 3122 2715 νεανίαν,
3168 2650 3275 2704 τῶν
3321 2650 3595 2723 δαιμόνων
3652 2659 3730 2719 εἰς

2146 2733 2215 2784 τὰ
2268 2733 2381 2804 είδη
2439 2736 2615 2791 ταῦτα
2662 2738 2866 2808 ’ῥᾳδίως
2922 2744 3550 2814 μετασχηματιζομένων
3573 2786 3589 2810 ,
3636 2750 3733 2800 καὶ

2148 2824 2547 2889 ἐξαπατώντων
2575 2829 2794 2894 αὐτοὺς,
2828 2830 2925 2883 καὶ
2955 2832 3311 2888 διδασκόντων
3356 2836 3541 2890 ἄνισον
3590 2834 3733 2892 εἶναι

2147 2913 2246 2984 τὴν
2266 2915 2428 2983 ἁγίαν
2452 2918 2679 2989 Τριάδα,
2714 2923 2810 2975 καὶ
2834 2920 3090 2994 διάφορον
3121 2927 3259 2980 κατὰ
3297 2927 3398 2996 τὴν
3438 2928 3550 2982 τῶν
3598 2947 3734 2999 σχη-

2151 3005 2338 3073 μάτων
2360 3008 2565 3063 τούτων
2590 3009 2871 3082 διαφορὰν,
2908 3008 3002 3066 καὶ
3043 3014 3143 3085 τὴν
3188 3006 3510 3088 ἀρὲιανιὲιὴν
3559 3008 3735 3074 κατα-

2148 3096 2321 3168 τομὴν
2376 3100 2477 3170 τῆς
2536 3103 2674 3170 μιᾶς
2734 3102 2949 3172 φύσεως
2994 3104 3200 3170 τούτοις
3262 3107 3734 3181 ἐγκατασπειρόνο

2071 3224 2116 3283 c
2151 3204 2283 3245 των.

2224 3297 2321 3353 κδ’.
2338 3299 2675 3363 Στολίζονται
2691 3302 2829 3357 κατὰ
2850 3304 3138 3377 μοναχοὺς,
3150 3307 3247 3362 καὶ
3260 3307 3320 3361 τδ
3334 3308 3514 3379 σχῆμα
3526 3310 3734 3364 τούτων

2151 3388 2225 3451 ὡς
2253 3390 2445 3460 δέλεαρ
2473 3393 2910 3463 περιϐάλλονται,
2940 3396 3017 3466 τῷ
3042 3397 3220 3469 κωδίῳ
3251 3398 3342 3451 τὸν
3390 3400 3557 3453 λύκον
3602 3403 3738 3456 ὑπο-

2151 3480 2508 3550 κρύπτοντες,
2543 3484 2618 3548 ώς
2643 3484 2710 3539 ἀν
2740 3486 2983 3550 εὐλαϐῶς
3007 3486 3094 3541 διὰ
3119 3488 3179 3541 τὸ
3205 3486 3390 3561 σχῆμα
3421 3493 3735 3563 παραῖεχό-

2153 3580 2325 3640 μενοι,
2350 3574 2447 3627 καὶ
2476 3577 2662 3645 χώραν
2692 3577 2913 3647 ὁμιλίας
2968 3577 3355 3648 λαμϐάνοντες,
3409 3580 3740 3647 ἀνυπόπτως

2148 3663 2236 3717 διὰ
2286 3668 2382 3735 τῆς
2437 3668 2830 3738 χρηστολογίας
2872 3670 3257 3724 ἐναποπτύώσι
3308 3672 3400 3727 τὸν
3453 3674 3536 3727 ἰὸν
3613 3674 3740 3739 ταῖς

2151 3757 2343 3822 ἀκοαῖς
2368 3758 2481 3813 τῶν
2536 3750 2925 3832 ἀκροωμένων.

2221 3874 2321 3924 κε’.
2362 3868 2549 3942 Πάσης
2577 3868 2871 3944 ἑϐδομάδος
2899 3874 3180 3947 δευτέραν,
3225 3864 3320 3931 καλ
3364 3880 3618 3948 τετράδα,
3644 3883 3741 3935 καὶ

2151 3963 2504 4034 παρασκευήν
2549 3964 2990 4035 παραγγέλλουσι
3012 3960 3295 4038 νηστεύειν
3328 3968 3438 4033 ἕως
3472 3970 3623 4039 ὥρας
3652 3973 3739 4027 ὲν-

2149 4054 2336 4123 νάτης.
2376 4052 2441 4106 El
2471 4054 2526 4107 δέ
2556 4072 2641 4119 τις
2694 4056 2893 4121 αὐτοὺς
2955 4058 3050 4112 ἐπὶ
3098 4052 3377 4130 τράπεζαν
3430 4062 3737 4127 καλέσειεν,

2149 4145 2308 4209 εὐθὺς
2332 4136 2684 4218 ἐκλαθόμενοι
2729 4152 2830 4220 τῆς
2886 4151 3259 4221 παραγγελίας
3312 4154 3582 4218 ἐσθίουσι,
3643 4157 3739 4209 καὶ

2148 4235 2413 4319 πίνουσιν,
2451 4238 2526 4301 ὡς
2546 4238 2863 4310 ἐλέφαντες.
2907 4230 3004 4295 Ἕκ
3029 4242 3218 4297 τούτου
3243 4243 3298 4296 δὲ
3331 4245 3625 4315 πρόδηλον,
3657 4248 3739 4301 δτι

2147 4318 2579 4396 ἀσελγαίνουσιν,
2620 4329 2669 4382 ει
2699 4329 2792 4384 καὶ
2821 4332 3078 4402 πορνείαν
3130 4334 3220 4386 καὶ
3264 4335 3362 4401 τὴν
3390 4334 3562 4405 ἄλλην
3597 4339 3740 4390 ἀκα-

2147 4416 2376 4487 θαρσίαν
2440 4418 2585 4488 λόγῳ
2640 4419 2985 4485 κολάζουσιν,
3034 4420 3111 4486 ὡς
3164 4421 3394 4494 ἄσαρκοι
3437 4424 3536 4477 καὶ
3590 4425 3737 4478 ἀσώ-

2155 4527 2331 4582 ματοι.

2222 4628 2337 4688 κςν.
2382 4623 2470 4677 Ἐν
2485 4618 2624 4697 ἀρχῇ
2649 4615 2748 4695 μὲν
2780 4625 2905 4688 τοὺς
2922 4626 3317 4695 εἰσαγωγικοὺς
3353 4616 3542 4690 ἁπλῶς
3566 4629 3740 4684 διδάσ·

2155 4732 2311 4768 κουσι
2336 4714 2793 4786 παρεγγυώμενοι
2817 4710 3100 4769 πιστεύειν
3120 4718 3199 4780 εἰς
3216 4718 3455 4786 Πατέρα,
3480 4719 3737 4783 καὶΥξῦν,

2150 4806 2247 4860 καὶ
2272 4807 2433 4876 ἅγιον
2462 4806 2706 4878 Πνεῦμα,
2736 4808 2830 4887 καὶ
2852 4798 3142 4875 γινώσκειν
3157 4810 3245 4862 τὸν
3274 4798 3507 4878 Χριστὸν
3538 4829 3738 4884 σεσαρ-

2149 4896 2379 4964 κῶσθαι,
2411 4890 2713 4952 καὶ,δοῦναι
2738 4884 2851 4962 τοῖς
2882 4893 3058 4969 ἀγίοις
3100 4901 3421 4965 ἀποστόλοις
3472 4903 3535 4956 τὸ
3597 4906 3740 4975 ἱερὸν

2152 4992 2504 5060 Εὑαγγέλιον,
2544 4997 2639 5046 καὶ
2665 4994 3045 5067 ὑποτιθέμενοι
3078 5000 3264 5069 τηρεῖν
3296 5001 3393 5062 τὰς
3449 5000 3743 5071 εὐαγγελι-

2149 5086 2250 5149 κάς
2273 5087 2517 5150 ἐντολὰς,
2559 5088 2654 5140 καὶ
2682 5088 3103 5159 προσεύχεσθαι,
3144 5092 3237 5144 καὶ
3287 5092 3598 5160 νηστεύειν,
3646 5097 3741 5147 καὶ

2149 5178 2401 5248 ἁγνεύειν
2454 5179 2634 5250 πάσης
2696 5180 3063 5252 ἀκαθαρσίας,
3119 5184 3216 5236 καὶ
3254 5185 3617 5255 ἀκτημονεῒν,
3648 5186 3741 5237 καὶ

2152 5271 2518 5337 ἀνεξικακεῖν,
2544 5273 2639 5324 καὶ
2659 5276 3137 5344 ταπεινοφρονεῖν,
3171 5276 3265 5329 καὶ
3299 5267 3614 5346 ἀλῖηθεύειν,
3649 5280 3741 5330 καὶ

2149 5365 2369 5435 ἀγαπᾷν
2400 5364 2684 5435 ἀλλήλους,
2707 5368 2804 5421 καὶ
2822 5367 3010 5432 ἁπλῶς
3026 5369 3239 5439 χρηστὰ
3265 5370 3443 5424 πάντα
3466 5368 3740 5442 κατηχοῦ-

2150 5470 2223 5516 σι,
2254 5452 2524 5518 σαίνοντες
2547 5454 2647 5526 μὲν
2667 5458 2733 5528 τῇ
2766 5456 3021 5528 χρησίμῳ
3042 5457 3379 5529 διδασκαλίᾳ,
3408 5457 3739 5529 θηρεύοντες

2148 5544 2203 5598 δὲ
2226 5545 2365 5599 κατὰ
2384 5546 2599 5619 μικρὸν,
2632 5549 2725 5601 καὶ
2754 5546 3056 5617 λεληθότως
3083 5547 3306 5617 ἄγοντες
3334 5551 3414 5613 είς
3437 5549 3735 5603 ἀπώλειαν.

2151 5637 2358 5707 Καιροῦ
2402 5640 2510 5707 γὰρ
2546 5639 2975 5709 προϐαίνοντος,
3031 5640 3411 5711 ἐπισπείρουσι
3471 5641 3552 5711 τῷ
3604 5642 3734 5707 σίτῳ

2146 5731 2241 5782 καὶ
2290 5729 2522 5794 ζιζάνια.
2580 5730 2691 5784 Καὶ
2716 5732 2843 5785 ὅταν
2873 5731 3001 5795 τοὺς
3033 5730 3254 5795 ἀθλίους
3274 5732 3586 5803 χειροήθεις
3642 5732 3739 5784 καὶ

2148 5822 2459 5895 πειθηνίους
2494 5823 2858 5894 ἐργάσωνται,
2889 5822 2986 5877 καὶ
3028 5821 3265 5879 λάϐωσιν
3291 5824 3425 5878 είσω
3470 5823 3583 5877 τῶν
3634 5825 3738 5893 ἁρ-
