4044 6290
345 337 474 403 1321

1256 341 1632 404 PANOPLIA
1675 343 2129 407 DOGMATICA.
2174 371 2245 384 -ο
2277 350 2422 410 ΤῘΤ.
2461 351 2706 416 XXVII.

3491 364 3623 426 192!

339 456 505 522 κύων,
534 454 649 508 τότε
683 453 746 524 δὴ
779 455 897 508 τότε
923 455 1011 510 τον
1033 456 1281 511 κυκεῶνα
1306 459 1399 511 τοῦ
1441 459 1766 529 δηλητηρίου
1821 479 1901 513 πο·

339 547 572 574 ,ιν-..-...
651 545 1133 574 2.-..,ιμηι-Ὶῇσ-ιι-
1176 546 1624 574 οπ..-,.....-π..,--
1713 552 1800 574 --.Α
1855 551 1901 574 -ι

2024 473 2172 533 nant,
2257 477 2550 539 aperteque
2608 471 2958 538 maledicunt,
2999 482 3051 528 et
3105 475 3302 531 diaboli
3365 492 3618 552 mystcra

335 547 592 611 στίζουσιν,
649 545 1133 616 ἀπαρακαλύπτως
1174 546 1643 618 βλασφημοῦντες,
1713 552 1805 605 καὶ
1853 551 1920 605 τὰ

333 640 576 710 δόγματα
601 636 695 691 τοῦ
725 638 973 691 διαϐόλου
1012 641 1500 708 μυσταγωγοῦντες
1526 642 1740 706 αὐτούς.

402 823 505 898 κζ’.
530 809 1041 895 Παρερμηνεύουσιν
1065 826 1190 889 ὅλας
1217 827 1312 889 τὰς
1349 828 1752 898 προειρημένας
1784 830 1922 885 ἔπτὰ

334 915 572 987 βίϐλους,
606 917 674 969 τὰ
709 918 928 986 ῥήματα
970 920 1173 971 τούτων
1228 918 1632 988 στρεϐλοῦντες,
1686 921 1779 974 καὶ
1821 921 1919 992 τῆς

329 1007 496 1078 ὀρθῆς
521 995 882 1076 ἐκτρέποντες
903 1010 1132 1074 ἑννοίας,
1164 1010 1257 1062 καὶ
1303 1011 1439 1080 πρὸς
1479 1010 1538 1063 τὸ
1575 1011 1766 1066 δοκοῦν
1816 1013 1918 1066 αὐ-

327 1102 441 1163 τοῖς
468 1099 889 1169 μεταφέροντες.
921 1101 1030 1153 Καὶ
1053 1101 1151 1152 ὅσα
1187 1100 1283 1167 μὲν
1317 1102 1442 1172 περὶ
1471 1103 1915 1174 ἁμαρτανόντων,

328 1191 422 1242 καὶ
456 1188 824 1256 ἀσεϐούντων,
879 1192 974 1242 καὶ
1038 1191 1570 1260 είδωλολατρούντων
1629 1196 1687 1247 ὲν
1734 1197 1919 1260 αὐτοῖς

327 1280 568 1351 εἴρηται,
593 1280 764 1334 ταῦτα
790 1283 901 1343 τοῖς
943 1281 1064 1332 καθ’
1107 1283 1254 1352 ἡμᾶς
1299 1286 1506 1346 πιστοῖς
1541 1285 1910 1340 ἀνατιθέασιν·

324 1373 424 1425 ὅσα
455 1371 510 1424 δὲ
540 1373 667 1440 περὶ
699 1372 1134 1442 εὐαρεστούντων
1195 1373 1312 1443 Θεῷ
1363 1373 1501 1444 πρὸς
1553 1375 1777 1440 ἑαυτοὺς
1837 1377 1918 1430 ἕλ-

321 1482 499 1530 κουσι,
533 1466 629 1518 καὶ¹
658 1464 794 1535 μετὰ
819 1465 1193 1536 πληροφορίας
1217 1466 1448 1530 ἑαυτοὺς
1471 1461 1608 1520 εἶναι
1641 1469 1767 1532 τοὺς
1819 1470 1913 1523 ὲκ-

319 1555 564 1622 λεκτοὺς,
592 1556 686 1609 καὶ
717 1556 962 1620 δικαίους
993 1556 1089 1610 καὶ
1126 1556 1503 1628 κληρονόμους
1557 1557 1694 1612 Θεοῦ
1723 1559 1913 1628 λέγου-

321 1665 426 1702 σιν.
469 1647 741 1715 Ἐκάστην
776 1649 877 1717 μὲν
922 1642 1015 1700 οὗν
1046 1648 1309 1718 ἐξήγησιν
1349 1648 1531 1718 βίϐλου
1583 1650 1712 1722 παρ’
1769 1653 1912 1706 ἐκεί-

317 1756 422 1793 νων
445 1737 860 1809 ὑφηγουμένην,
897 1738 1099 1807 μᾶλλον
1141 1737 1200 1790 δὲ
1231 1737 1612 1810 παρατροπὴν,
1668 1739 1762 1792 καὶ
1815 1739 1910 1793 τοῦ

316 1830 720 1900 καθεστηκότος
741 1829 1061 1900 ἐξαλλαγὴν,
1096 1829 1308 1900 μακρὸν
1340 1829 1405 1882 ἂν
1427 1831 1511 1898 εἴη
1550 1832 1904 1901 συγγράφειν,
1941 1809 1984 1866 Β

317 1921 407 1972 καὶ
435 1921 631 1990 χρόνου
664 1921 860 1975 πολλοῦ
893 1922 1167 1992 δεόμενον,
1190 1922 1285 1975 καὶ
1314 1921 1492 1992 σαφὴς
1523 1923 1904 1991 ματαιοπονία,

315 2017 408 2065 καὶ
438 2011 606 2076 κόπος
631 2014 711 2076 εἰς
737 2013 889 2068 οὐδὲν
925 2015 1202 2085 χρήσιμον
1232 2012 1579 2084 καταλήγων.
1609 2013 1771 2084 Ἀχρι
1800 2015 1908 2087 γὰρ

313 2101 496 2171 ὀλίγου
562 2104 950 2176 προϐαίνοντες
990 2107 1040 2158 oi
1079 2105 1573 2174 ἀναγινώσκοντες,
1622 2106 1718 2160 καὶ
1770 2107 1909 2176 πρὸς

312 2194 409 2256 τὰς
439 2195 668 2259 ἀτοπίας
709 2195 819 2249 τῶν
868 2196 1230 2266 βλασφημιῶν
1282 2197 1445 2260 εὐθὺς
1493 2197 1904 2263 ἀποκναίοντες,

311 2286 407 2337 καὶ
432 2284 683 2356 καθάπερ
713 2289 761 2339 οί
790 2285 1119 2349 ναυτιῶντες
1171 2286 1388 2355 ἰλίγγου
1427 2289 1520 2340 καὶ
1575 2290 1906 2352 σκοτοδινίας

314 2380 505 2446 μεστοὶ
540 2379 813 2447 γινόμενοι
847 2378 1097 2449 ῥίψουσιν
1126 2377 1308 2444 εὐθὺς,
1333 2373 1473 2442 οῖδα,
1499 2378 1569 2430 τὰ
1595 2380 1724 2449 περὶ
1779 2378 1905 2432 τού-

310 2482 417 2518 των
444 2466 819 2536 συντάγματα,
869 2469 963 2523 καὶ
998 2467 1430 2532 καταπτύσουσι,
1481 2469 1576 2521 καὶ
1626 2469 1904 2539 ἀποστρα-

312 2557 605 2634 φήσονται,
642 2557 843 2626 πολλὴν
865 2558 1126 2630 ἀκαιρίαν
1167 2559 1700 2624 κατασκεδαννύντες
1723 2561 1901 2631 ήμῶν.

311 2647 429 2702 Ἴνα
459 2650 516 2702 δὲ
550 2649 626 2720 μὴ
650 2651 896 2722 δοκῶμεν
920 2653 1179 2706 πλάττειν
1213 2651 1532 2720 ἀπολογίαν,
1567 2654 1661 2707 καὶ
1705 2656 1902 2724 πειρᾶ-

311 2738 436 2793 σθαι
455 2741 854 2814 διαδιδράσκειν
884 2744 976 2796 τον
996 2743 1054 2796 ὲν
1088 2744 1297 2807 τούτοις
1336 2745 1518 2809 πόνον,
1551 2743 1704 2814 ὀλίγα
1763 2745 1904 2815 ῥητὰ

309 2830 401 2884 τοῦ
459 2833 600 2886 κατὰ
648 2833 928 2888 Ματθαῖον
976 2835 1498 2904 Εὐαγγελίουῗκατά
1529 2835 1630 2904 τὴν
1676 2837 1903 2891 ἐκείνων

309 2925 700 2995 παραπληξίαν
745 2926 1256 3000 διερμηνεύσαντες,
1325 2927 1413 2981 ἵνα
1466 2929 1544 3000 μὴ
1583 2929 1727 3000 λόγῳ
1786 2929 1902 2982 δια-

310 3017 667 3088 στρέψαντες,
697 3020 960 3091 δείξωμεν
988 3021 1095 3074 ἀπὸ
1124 3020 1219 3074 τοῦ
1250 3020 1523 3091 γεύματος
1576 3021 1670 3074 τὸν
1721 3020 1898 3089 πίθον,

2033 560 2268 612 tradunt.

2097 818 2186 875 27.
2209 819 2371 876 Totos
2397 833 2600 892 septem
2623 826 2790 883 libros
2811 843 2948 900 quos
2982 833 3216 890 diximus
3239 837 3318 892 sic
3353 839 3617 911 interpre-

2025 917 2232 979 tantur,
2266 922 2322 968 ut
2364 929 2457 969 eos
2507 927 2838 986 pervertant,
2891 925 3162 994 verbaque
3194 931 3550 1000 detorqueant
3586 952 3615 990 ιι

2025 1012 2171 1057 recta
2214 1007 2505 1070 sententia,
2543 1017 2595 1063 et
2630 1011 2744 1066 suis
2777 1019 3188 1073 accommodent
3249 1023 3614 1092 opinionibus.

2022 1091 2090 1146 Et
2122 1094 2378 1165 quidquid
2405 1097 2458 1151 in
2504 1099 2610 1154 illis
2651 1102 2912 1160 adversus
2974 1091 3296 1176 peccatores
3342 1124 3394 1169 et
3422 1116 3618 1187 impios

2023 1182 2336 1242 idololatras
2374 1189 2573 1244 dictum
2621 1202 2725 1259 est,
2756 1195 2808 1250 id
2839 1208 3028 1253 contra
3075 1217 3172 1256 nos
3214 1206 3414 1263 dictum
3469 1226 3616 1267 asse‘

2021 1285 2192 1342 runt;
2227 1280 2488 1350 quidquid
2529 1295 2703 1340 autem
2734 1288 2802 1342 de
2847 1294 3038 1347 amicis
3095 1296 3208 1356 Dei.
3244 1299 3292 1352 id
3322 1301 3389 1355 ad
3420 1318 3478 1357 se
3507 1315 3619 1358 tra-

2020 1367 2179 1435 hunt,
2225 1372 2665 1446 conﬁdenterque
2699 1380 2920 1449 electos,
2961 1393 3014 1438 et
3041 1385 3241 1455 justos,
3279 1399 3331 1443 et
3369 1393 3615 1451 haeredes

2019 1457 2113 1514 Dei
2159 1476 2291 1518 suos
2315 1478 2434 1520 esse
2459 1469 2812 1527 contendunt.
2838 1472 3062 1542 Magnus
3092 1477 3253 1548 igitur
3272 1481 3423 1537 labor
3442 1499 3613 1553 esset,

2018 1559 2072 1606 et
2120 1553 2331 1626 longus,
2359 1567 2413 1612 et
2442 1560 2663 1627 stultus,
2693 1572 2855 1634 atque
2883 1568 3087 1626 inutilis
3115 1574 3157 1627 si
3190 1577 3309 1643 quis
3349 1579 3612 1638 librorum

2017 1643 2350 1715 singulorum
2377 1665 2660 1720 perversas
2686 1661 3082 1729 expositiones,
3125 1681 3258 1734 quas
3293 1669 3524 1728 afferunt
3579 1693 3609 1729 a

2018 1738 2293 1806 proposito
2327 1741 2686 1809 abhorrentes
2723 1749 2849 1801 velit
2873 1753 3137 1808 refellere.
3202 1757 3406 1816 Vereor
3441 1765 3608 1830 enim,

2013 1841 2082 1883 ne
2102 1831 2192 1898 qui
2225 1832 2426 1902 legunt,
2461 1838 2735 1904 paululum
2775 1847 3185 1913 progredientes
3240 1852 3436 1923 ineptis
3459 1856 3608 1926 ipso-

2015 1932 2132 1972 rum
2172 1922 2476 1980 maledictis
2502 1929 2581 1981 sic
2611 1929 2975 2001 oﬂ'endantur,
3011 1948 3070 1991 ut
3125 1948 3496 2003 nauseantium
3529 1951 3612 2005 in-

2011 2017 2126 2064 star
2149 2014 2410 2085 vertigine
2453 2029 2508 2074 et
2538 2024 2776 2079 tenebris
2809 2028 2969 2095 pleni,
3003 2046 3125 2100 quae
3166 2034 3235 2089 de
3273 2036 3378 2093 illis
3411 2043 3609 2098 scribi-

2011 2115 2156 2169 mus,
2211 2107 2392 2162 statim
2450 2111 2728 2181 abjiciant,
2765 2119 3174 2195 despiciamque
3216 2136 3271 2182 et
3315 2147 3611 2202 aspernen-

2013 2202 2120 2258 tur,
2149 2211 2352 2266 nosque
2376 2209 2433 2253 ut
2459 2202 2763 2273 importune
2783 2209 3090 2270 laborantes
3111 2231 3384 2277 accusent.
3406 2225 3606 2283 Verum

2011 2300 2079 2340 ne
2111 2289 2390 2344 videamur
2426 2293 2627 2364 [ingere
2655 2301 2973 2371 apologiam,
2997 2308 3341 2383 laboremque
3398 2317 3605 2390 fugere,

2010 2391 2179 2446 pauca
2206 2383 2449 2449 quaedam
2486 2387 2722 2455 ipsorum
2752 2393 2891 2448 dicta
2917 2397 2966 2450 in
2991 2398 3344 2470 Evattgelium
3368 2383 3607 2467 Matthxi

2008 2470 2239 2525 strictim
2270 2475 2618 2548 attingemus,
2649 2497 2768 2552 quae
2800 2494 3054 2558 tanquam
3087 2509 3151 2548 ex
3183 2507 3342 2566 gustu
3373 2502 3602 2573 dolium,

2007 2573 2062 2615 et
2105 2579 2170 2618 ex
2208 2566 2382 2623 rivulo
2411 2570 2634 2640 fontem,
2664 2586 2717 2631 et
2752 2593 2816 2632 ex
2863 2596 2956 2635 ora
2991 2587 3370 2646 vestimentum
3401 2597 3606 2654 indica-

2007 2652 2164 2710 bttnt.
2213 2656 2400 2729 Neque
2472 2677 2597 2719 vero
2627 2681 2688 2721 ea
2757 2673 3074 2730 conabimur
3129 2680 3431 2750 confutare,
3480 2705 3604 2744 cum

2007 2749 2298 2817 semetipsa
2330 2755 2634 2812 conrutent.
2689 2759 2878 2831 Neque
2905 2779 2968 2819 ea
3031 2784 3175 2825 nunc
3231 2789 3602 2843 recensemus.

2006 2847 2064 2893 ut
2100 2838 2429 2910 refellamus,
2461 2849 2554 2901 sed
2607 2861 2668 2905 ut
2723 2866 2789 2908 ex
2851 2856 2959 2913 illis
3005 2865 3374 2932 ostendamus,
3436 2886 3600 2940 quam

2006 2929 2182 2999 inepta
2219 2933 2363 2990 sitet
2392 2937 2626 2995 absurda
2663 2942 2902 3013 ipsorum
2958 2929 3368 3023 interpretatio
3401 2929 3466 3016 iu.
3508 2979 3605 3020 eos

2005 3021 2196 3088 libros,
2220 3041 2356 3096 quos
2381 3034 2705 3100 approbant.

309 3114 407 3170 καὶ
428 3114 536 3171 ἀπὸ
557 3118 651 3170 τοῦ
720 3117 939 3189 ῥείθρου
972 3118 1071 3189 τὴν
1112 3119 1318 3190 πηγὴν,
1357 3121 1448 3172 καὶ
1493 3119 1602 3173 ἀπὸ
1658 3120 1752 3173 τοῦ
1803 3121 2114 3189 κρασπέδου
2156 3127 2216 3177 τὸ
2280 3125 2530 3199 ὕφασμα.
2578 3136 2692 3189 Οὐκ
2761 3139 3037 3213 ἐπάξομεν
3067 3147 3123 3202 δὲ
3163 3153 3258 3205 καὶ
3312 3154 3605 3226 διεπτραμ-

311 3213 502 3281 μέναις
533 3218 756 3279 ταύταις
807 3216 1126 3287 ἑρμηνείαις
1179 3212 1464 3288 ἐλέγχους,
1517 3217 1902 3314 αὺτελέγκτοις
1984 3219 2193 3286 οὔσαις.
2260 3226 2394 3280 Οὐδὲ
2443 3231 2547 3301 γὰρ
2585 3233 2967 3308 ἀντιρῥητικός
3012 3244 3143 3314 ἡμῖν
3185 3248 3214 3299 ὁ
3255 3212 3478 3321 ἐφεξῆς.
3511 3212 3603 3306 ίό-

307 3325 424 3377 γος,
455 3308 590 3362 ἀλλὰ
619 3309 779 3378 μόνον
811 3309 1140 3373 ἐνδεικτικὸς
1192 3312 1290 3381 τῆς
1343 3303 1968 3412 ὲνδιαστρόφουϊούέων
2009 3313 2322 3387 ἐξηγήσεως
2352 3324 2460 3377 τῶν
2488 3303 2938 3399 παραδεχθέντων
2988 3303 3173 3403 αύ-τοῖς
3232 3303 3473 3412 βιϐλίων.

376 3400 485 3469 κη’.
507 3399 753 3472 Βηθλεὲμ
773 3401 1098 3470 ὀνομᾴξουσι
1117 3402 1216 3472 τὴν
1236 3404 1559 3474 συναγωγὴν
1581 3404 1808 3458 ἑαυτῶν.
1829 3403 1916 3456 Ἐν
1940 3412 1986 3476 c

306 3491 519 3556 ἑαυτοῖς
553 3494 660 3565 γὰρ
693 3493 1019 3565 γεννηθῆναι
1045 3511 1176 3563 φασι
1207 3494 1298 3548 τὸν
1333 3496 1570 3566 Χριστὸν
1593 3539 1607 3561 ,
1636 3497 1755 3567 ἦτοι
1804 3495 1894 3549 τὸν

305 3582 478 3650 Λόγον
530 3583 622 3636 τοῦ
673 3583 807 3636 Θεοῦ
864 3585 954 3636 τὸν
986 3583 1323 3652 κηρύττοντα
1386 3583 1486 3654 τῆς
1523 3585 1756 3649 πίστεως
1799 3586 1897 3656 τὴν

305 3675 582 3744 ἀλήθειαν.
628 3674 874 3744 Ἡρώδην
906 3674 962 3726 δὲ
994 3673 1176 3727 νοοῦσι
1207 3675 1303 3744 τὴν
1330 3677 1450 3728 καθ’
1478 3677 1624 3746 ἡμᾶς
1668 3677 1897 3748 Ἐκκλη-

306 3765 448 3829 σίαν,
487 3765 838 3835 πειρωμένην
862 3766 1071 3820 ἀνελεῖν
1096 3767 1183 3818 τὸν
1211 3767 1342 3835 παρ’
1366 3767 1547 3829 αὐτοῖς
1567 3769 1896 3838 γεννηθέντα

303 3857 477 3924 Λόγον
504 3861 603 3929 τῆς
634 3857 911 3929 ἀληθείας.
944 3859 1054 3910 Καὶ
1081 3859 1290 3928 μάγους
1310 3859 1408 3928 μὲν
1435 3854 1592 3922 αὖθις
1620 3874 1896 3930 προσαγο-

307 3952 558 4019 ρεύουσιν
583 3951 832 4015 ἑαυτοὺς,
859 3950 1018 4005 τοῦτο
1053 3953 1214 4021 μόνον
1272 3951 1648 4022 ἀληθεύοντες.
1696 3955 1895 4024 Γόητες

303 4045 414 4112 γάρ
455 4044 592 4094 εἰσιν
614 4041 781 4103 ὅντως
811 4041 907 4093 καὶ
936 4041 1213 4111 λυμεῶνες
1244 4043 1336 4095 καὶ
1363 4039 1680 4111 ἀλάστορες.
1733 4043 1896 4112 Ἰερο-

304 4134 513 4198 σόλυμα
546 4132 600 4185 δὲ
627 4133 785 4184 πάλιν
809 4133 1132 4201 ὀνομάζουσι
1175 4133 1272 4201 τὴν
1323 4132 1597 4202 ἡμετέραν
1668 4134 1894 4202 Ἐκκλη-

305 4227 449 4290 σίαν,
483 4224 690 4293 ἀστέρα
721 4224 778 4276 δὲ
809 4225 900 4276 τὸν
927 4225 1169 4287 Μωσέως
1200 4225 1385 4292 νόμον.
1429 4223 1551 4276 ’Υπ“
1581 4225 1744 4278 αὐτοῦ
1781 4227 1891 4296 γὰρ

302 4315 634 4385 όδηγηθῆναί
688 4331 819 4382 φασι
851 4313 1015 4385 μέχρι
1047 4316 1141 4382 τῆς
1169 4314 1286 4366 καθ’
1317 4315 1463 4383 ἡμᾶς
1487 4315 1742 4380 πίστεως,
1775 4310 1892 4368 εἶτα

305 4408 455 4476 παρὰ
487 4408 594 4458 τῶν
624 4407 930 4476 ἀρχιερέων
968 4407 1160 4474 αὐτῆς,
1197 4406 1288 4457 καὶ
1332 4407 1440 4459 τῶν
1485 4407 1660 4460 ἄλλων
1714 4425 1893 4478 γραμ-

271 4476 544 4565 Ρμοιτέων,
580 4496 675 4549 καὶ
706 4495 1042 4547 διδασκάλων
1087 4494 1278 4563 μαθεῖν
1308 4496 1524 4559 αὐτοὺς,
1555 4498 1636 4549 ὅτι
1672 4499 1698 4548 ὁ
1755 4499 1891 4567 Χρι-

305 4589 424 4651 στὸς
458 4590 515 4640 ἐν
547 4589 610 4656 τῇ
648 4585 953 4658 δηλωθείσῃ
976 4587 1232 4653 γεννᾶται
1257 4583 1528 4655 Βηθλεέμ.
1573 4586 1690 4655 Ἀφ’
1731 4586 1890 4655 ἡμῶν

301 4680 407 4748 γὰρ
450 4679 704 4746 γενέσθαι
735 4678 857 4738 τοὺς
893 4677 1140 4745 πρώτους
1175 4677 1525 4740 διδασκάλους
1557 4678 1761 4732 αὐτῶν.

372 4772 480 4824 κθ’.
511 4767 860 4824 Μυθεύονται
902 4768 1106 4836 Ῥαχὴλ
1143 4771 1428 4836 γεγονέναι
1474 4771 1594 4822 τινὰ
1645 4773 1879 4837 γυναῖκα

301 4867 493 4933 χήραν,
521 4867 613 4917 δύο
639 4865 949 4934 θυγατέρας
973 4864 1206 4934 ἔχουσαν
1252 4865 1451 4935 νηπίαν
1483 4865 1723 4932 ἀγούσας
1765 4868 1881 4937 ἡλι-

301 4956 448 5012 κίαν.
472 4958 601 5009 Ὅτε
641 4957 696 5009 δὲ
736 4957 802 5010 τὰ
831 4959 1038 5028 ἄρρενα
1069 4956 1243 5026 βρέφη
1274 4959 1507 5027 συνῆγεν
1529 4961 1555 5010 ό
1597 4958 1873 5030 Ἡρώδης,

301 5047 684 5103 ὑπολαϐοῦσαν
737 5051 903 5120 τιμῆς
939 5051 1102 5115 αὐτὰ,
1155 5051 1244 5102 καὶ
1306 5051 1546 5120 χαρίτων
1594 5048 1879 5116 ἀξιοῦσθαι

302 5140 432 5209 παρ’
490 5141 682 5208 αὐτοῦ,
745 5141 1234 5212 μετασχηματίσαι
1270 5142 1472 5204 ταύτας
1502 5143 1578 5206 είς
1617 5145 1874 5214 ἄρρενας,

303 5236 394 5283 καὶ
423 5237 800 5304 προσαγαγεῖν
834 5236 910 5298 ὡς
935 5233 1110 5296 υἱούς.
1158 5232 1312 5286 Ἐπεὶ
1342 5235 1397 5286 δὲ
1431 5238 1523 5288 καὶ
1555 5237 1730 5290 ταῦτα
1764 5241 1878 5300 τοῖς

301 5320 502 5391 ἄλλοις,
562 5326 637 5388 ὼς
684 5328 915 5398 ἄρρενα,
977 5327 1344 5398 συνανῃρέθη,
1401 5329 1499 5390 τὰς
1542 5330 1641 5398 μὲν
1712 5330 1878 5393 ἄλλας

304 5418 544 5487 μητέρας
586 5419 798 5473 κλαίειν
826 5419 1044 5482 ἁπλῶς,
1081 5421 1180 5489 τὴν
1215 5421 1272 5472 δὲ
1317 5421 1522 5492 Ῥαχὴλ
1548 5424 1880 5495 ἀπαράκλη-

301 5509 386 5572 th,
442 5511 580 5563 διότι
632 5512 919 5565 σπεύσασα
971 5513 1445 5582 κατασοφίσασθαι
1500 5518 1872 5588 κατεσοφίσθη

304 5601 525 5669 μᾶλλον,
562 5605 656 5657 καὶ
695 5609 792 5668 τὰς
839 5608 1148 5678 θυγατέρας
1177 5607 1316 5678 αὑτὴ
1353 5611 1531 5679 μάτην
1569 5611 1872 5666 ἀπώλεσεν.

312 5688 774 5768 ’Δλληγοροῦντες
806 5700 861 5751 δὲ
896 5701 988 5752 τὸν
1011 5700 1167 5769 λόγον
1196 5703 1351 5770 φασὶ,
1388 5702 1593 5774 Ῥαχὴλ
1643 5705 1741 5773 μὲν
1785 5705 1877 5757 τὸν

304 5783 625 5861 ὲπουρόινιον
656 5792 895 5860 Πατέρα,
929 5794 1094 5846 τέκνα
1139 5793 1193 5846 δὲ
1249 5793 1416 5847 αὐτοῦ
1457 5797 1556 5866 τήν
1599 5814 1656 5850 τε
1697 5797 1874 5870 ψυχὴν

596 5888 884 5952 ,ΡΔτιιῡιη
929 5893 1047 5952 tia.
1095 5892 1334 5954 CXXX.

2093 3409 2183 3466 28.
2214 3413 2552 3488 Synagogam
2611 3438 2765 3479 suam
2820 3431 3092 3497 appellant
3125 3409 3421 3496 Bethleem.
3453 3441 3511 3498 In
3539 3459 3601 3502 se

2002 3501 2146 3558 enim
2162 3504 2435 3564 Christum
2458 3511 2644 3569 dicunt
2661 3518 2834 3586 nasci,
2851 3535 2944 3578 seu
2965 3521 3198 3581 Verbum
3221 3529 3336 3597 Dei,
3352 3550 3458 3603 quo
3475 3537 3601 3593 ﬁdei

2003 3598 2206 3654 veritas
2235 3605 2578 3668 pradicatur.
2608 3608 2858 3664 Nostram
2881 3626 3059 3672 autem
3106 3620 3402 3678 Ecclesiam
3431 3627 3596 3684 Hero-

2003 3689 2592 3766 deminterpretantur,
2630 3717 2749 3770 qua:
2768 3701 3000 3762 Verbum
3017 3714 3159 3779 apud
3173 3731 3266 3770 eos
3295 3728 3474 3774 natum
3509 3738 3597 3780 co-

2001 3791 2164 3835 netur
2192 3785 2461 3842 occidere.
2494 3790 2676 3860 Magos
2695 3796 2824 3850 item
2854 3813 2911 3855 se
2943 3799 3089 3868 ipsos
3117 3817 3329 3872 vocant,
3354 3825 3455 3878 qua
3479 3817 3590 3882 qui-

2000 3872 2119 3926 dem
2153 3875 2203 3928 in
2237 3891 2293 3929 re
2334 3881 2448 3934 sola
2483 3899 2669 3939 verum
2707 3889 2912 3946 dicunt.
2944 3892 3082 3949 Sunt
3106 3899 3247 3952 enim
3284 3916 3410 3957 vere
3456 3919 3584 3974 per-

2001 3963 2192 4018 tticiosi
2222 3973 2643 4042 praestigiatores
2673 3989 2728 4032 et
2779 3982 3122 4049 impustores.
3165 3989 3594 4065 llierosn'ymam

1999 4068 2240 4112 nostram
2292 4065 2562 4132 appellant
2599 4068 2939 4141 Ecclesium;
2984 4081 3196 4136 stellam
3235 4095 3412 4140 autem
3474 4089 3593 4144 Mo—

1998 4148 2075 4203 sis
2120 4150 2290 4217 legem
2318 4170 2331 4205 :
2357 4172 2420 4210 ea
2472 4161 2614 4214 enim
2645 4165 2778 4219 duce
2828 4169 2894 4222 ad
2935 4182 3177 4227 nostram
3231 4192 3400 4246 usque
3430 4179 3590 4237 [idem

1997 4245 2286 4308 perveniri.
2328 4247 2524 4303 Deinde
2552 4267 2582 4306 a
2635 4259 3004 4321 sacerdotibus
3050 4265 3234 4334 ipsius,
3289 4245 3342 4324 et
3371 4275 3588 4342 scribis,

1999 4341 2053 4386 et
2084 4329 2394 4392 doctoribus
2433 4344 2618 4401 dicunt
2649 4361 2710 4402 se
2759 4349 2972 4410 discere
3003 4329 3278 4414 Clit'istum
3331 4366 3474 4420 nasci
3533 4369 3588 4420 in

1995 4423 2270 4483 Bethleem
2306 4435 2597 4491 antedieta.
2633 4441 2676 4493 Δ
2715 4443 2872 4500 nobis
2925 4448 3067 4502 enim
3111 4452 3316 4519 primos
3341 4455 3585 4527 ipsorum

1997 4523 2286 4591 magistros
2303 4540 2422 4582 esse
2467 4530 2759 4597 proiectos.

2055 4789 2144 4844 29.
2173 4791 2407 4863 Fingnnt
2443 4795 2732 4854 Rachelem
2765 4801 2932 4858 fuisse
2973 4806 3250 4864 mulierem
3284 4817 3574 4882 quamdam

1985 4882 2198 4937 viduam
2233 4902 2354 4955 qua:
2384 4903 2503 4941 cum
2541 4890 2676 4943 duas
2709 4892 2932 4949 haberet
2978 4897 3210 4955 infantes
3267 4903 3424 4973 tilias,
3467 4926 3575 4974 quo

1984 4983 2225 5044 tempore
2259 4977 2500 5032 Herodes
2555 4997 2750 5048 pueros
2777 5000 2952 5042 mares
3003 4996 3367 5063 congregat-it,
3402 5000 3572 5054 honu-
3616 5070 3619 5071 ν

1981 5081 2094 5120 rem
2126 5077 2178 5120 et
2210 5069 2436 5136 gratiam
2467 5072 2607 5140 apud
2639 5073 2813 5141 ipsum
2847 5093 2906 5132 se
2933 5081 3252 5140 existimans
3288 5090 3564 5154 inituram.
3616 5091 3620 5107 τ

1979 5173 2072 5214 eas
2100 5159 2153 5212 in
2197 5161 2424 5213 marium
2454 5165 2689 5230 speciem
2723 5177 2959 5226 mutatas
2988 5175 3181 5230 attulit.
3217 5177 3412 5235 Verum
3441 5199 3563 5238 cunt

1979 5259 2030 5303 ct
2065 5250 2184 5304 tiliae
2213 5268 2323 5307 sua:
2387 5265 2637 5323 tanquam
2666 5274 2845 5315 mares
2879 5279 2980 5319 una
3028 5283 3148 5320 cum
3202 5270 3323 5323 aliis
3378 5287 3565 5327 cascttt

1977 5341 2302 5411 interieetze,
2335 5354 2387 5398 ct
2420 5347 2640 5414 reliquae
2676 5362 2874 5408 matres
2925 5354 3190 5424 lugerent,
3228 5359 3427 5414 Rachel
3487 5365 3560 5416 ita

1977 5433 2228 5502 plorabat
2263 5445 2322 5488 ut
2349 5436 2548 5491 nullam
2580 5439 2888 5496 admitteret
2918 5447 3363 5513 consolationem,
3421 5467 3556 5518 quo-

1984 5524 2130 5576 niam
2160 5526 2282 5578 dum
2312 5537 2604 5582 conaretur
2630 5531 2876 5600 decipere
2903 5533 3123 5602 decepta
3156 5536 3352 5600 fuerat,
3389 5540 3560 5592 ﬁlias-

1985 5629 2090 5683 que
2118 5615 2230 5683 ipsa
2264 5629 2394 5670 suas
2430 5626 2631 5672 temere
2673 5619 3000 5687 perdiderat.
3032 5628 3208 5689 Atque
3267 5624 3368 5678 hoc
3434 5627 3564 5679 alle-

1985 5705 2168 5775 gorice
2193 5707 2612 5776 interpretantes
2641 5709 2850 5773 dicunt,
2881 5710 3168 5765 Rachelem
3194 5711 3411 5769 Patrem
3448 5732 3567 5768 esse

1983 5800 2286 5870 cmlestem,
2345 5799 2498 5871 cujus
2558 5801 2680 5858 ﬁlia:
2737 5802 2846 5859 sint
2892 5803 3066 5859 anima
3116 5806 3245 5861 Adae
3294 5817 3347 5862 et
3397 5809 3571 5863 anima

3038 5899 3116 5962 42
