4044 6290
413 409 570 474 ⁷ἐῙ323

1656 402 1971 462 ΕυΤΗΥΜ
1991 401 2043 460 ll
2103 399 2459 462 ZIGABENI

3469 396 3478 398 ”
3571 397 3708 466 1324

423 523 658 588 Christi,
692 521 888 591 quibus
918 521 984 573 ab
1010 519 1240 584 Hero-le,
1267 519 1317 572 id
1356 526 1461 582 ρει,
1484 517 1719 572 ειιιιιιιιιιὶ
1755 515 2021 585 principe,

2135 514 2222 566 τοῦ
2261 513 2457 584 Ἀδὰμ,
2514 512 2609 568 καὶ
2639 512 2738 583 τὴν
2764 510 2945 583 ψυχὴν
2977 509 3072 564 τοῦ
3093 509 3360 582 Χριστοῦ,
3390 504 3466 563 ὧν
3489 511 3710 583 ἀναιρε-

432 615 684 680 sublatis,
719 625 924 683 patrem
955 613 1136 681 lugere
1165 620 1397 665 mortem
1423 611 1661 675 illarum,
1695 623 1796 662 nec
1854 607 2016 661 ullam

431 706 859 764 consolationem
891 704 1197 760 admittere.

489 888 581 944 30.
601 887 719 956 Ipse
735 883 990 948 Joannes,
1007 882 1203 951 inquit,
1218 880 1841 938 habebatvestimentum
1864 894 2022 935 suum

405 983 500 1038 vde
519 980 641 1050 pilis
664 977 1014 1038 camelorum,
1042 986 1095 1030 et
1150 989 1344 1029 zonam
1385 973 1666 1045 pelliceam
1696 973 1840 1027 circa
1874 971 2018 1024 lum-

431 1076 534 1131 bos
556 1087 703 1127 suos.
732 1071 798 1124 Et
828 1070 981 1124 cibus
1008 1069 1124 1140 ejus
1153 1077 1306 1122 erant
1335 1068 1578 1131 locustae,
1619 1075 1673 1120 et
1701 1066 1805 1120 mel
1837 1063 2016 1134 sylve-

433 1176 568 1221 stre.
589 1146 724 1219 Illaec
745 1171 869 1218 sunt
886 1161 1230 1232 evangelistae
1249 1160 1433 1213 verba.
1452 1158 1877 1219 Consideremus,
1890 1154 2022 1226 quid

436 1263 505 1314 de
527 1259 612 1314 his
643 1257 803 1312 etiam
840 1255 1023 1309 dicant
1055 1253 1287 1317 attoniti,
1315 1262 1368 1306 et
1404 1253 1604 1317 insuti,
1635 1266 1698 1306 ac
1735 1259 2024 1321 nngatores

433 1353 548 1408 isti.
574 1349 775 1405 Cantcli
800 1348 936 1416 pilos
957 1346 1204 1401 Mosaicae
1222 1345 1352 1416 legis
1383 1343 1570 1400 dicunt
1587 1359 1708 1398 esse
1729 1350 2020 1412 prmcepta.

436 1445 566 1509 Quae
618 1441 730 1508 ipsa
776 1452 1010 1507 quoque,
1045 1446 1103 1490 ιιι
1129 1436 1385 1499 camelos,
1414 1435 1625 1503 itnpura
1683 1435 1773 1497 sit,
1796 1447 1920 1487 cum
1971 1441 2026 1486 et

436 1547 586 1586 esum
617 1529 884 1588 carnium,
913 1527 1145 1596 nuptias,
1168 1534 1216 1579 et
1238 1523 1639 1593 jusjurandum,
1665 1532 1715 1578 et
1737 1521 2021 1586 sacriﬁcia,

435 1634 492 1677 et
521 1623 712 1684 caedes,
743 1631 795 1672 et
827 1619 926 1672 alia
948 1618 1110 1671 multa
1142 1618 1224 1671 his
1247 1616 1443 1672 similia
1472 1616 1700 1670 subditis
1723 1613 2021 1684 permittat.

439 1715 642 1768 Zonam
676 1727 801 1765 vero
824 1709 1101 1780 pelliceam
1132 1724 1346 1762 sacrum
1370 1707 1720 1776 Evangelium
1755 1707 2024 1774 interpre-

2127 607 2326 662 θεισῶν
2372 609 2526 676 παρὰ
2580 607 2674 660 τοῦ
2740 605 3009 677 Ἡρώδου,
3061 603 3309 675 δηλονότι
3363 602 3460 656 τοῦ
3507 621 3709 671 κοσμο-

2129 701 2419 771 κράτορος,
2456 699 2669 752 κλαίειν
2702 697 3073 770 ἀπαράκλητα
3102 695 3198 750 τὸν
3237 694 3452 767 πατέρα
3478 695 3568 750 διά
3614 696 3706 748 τὸν

2125 791 2334 846 τούτων
2366 791 2676 863 ἀναίρεσιν.
3487 819 3499 832 -

2139 896 2147 902 '
2203 884 2270 940 λ’.
2308 883 2480 948 Αὐτὸς
2509 882 2590 949 δὲ,
2618 883 2804 954 φησιν,
2822 885 2848 935 ὁ
2878 880 3129 952 Ἰωάννης
3152 877 3265 951 εἶχε
3293 879 3355 932 τδ
3382 879 3588 950 ἔνδυμα
3615 878 3710 932 αὖ·

2123 976 2222 1031 τοῦ
2249 977 2358 1030 ἀπὸ
2377 975 2584 1048 τριχῶν
2602 975 2876 1044 καμήλου,
2903 975 2998 1026 καὶ
3023 972 3201 1043 ζώνην
3223 972 3558 1042 δερματίνην
3577 971 3708 1036 περὶ

2123 1071 2224 1142 τὴν
2258 1069 2431 1139 ὀσφὺν
2461 1067 2651 1122 αὐτοῦ.
2686 1049 2753 1120 Ἥ
2781 1067 2838 1120 δὲ
2864 1066 3041 1138 τροφὴ
3062 1065 3228 1118 αὐτοῦ
3253 1061 3323 1136 ἦν
3361 1065 3584 1135 ἀκρίδες
3614 1064 3708 1116 καὶ

2127 1161 2249 1231 μέλι
2273 1161 2485 1232 ἄγριον.
2517 1157 2707 1210 Ταῦτα
2737 1157 2840 1228 μὲν
2864 1157 2933 1210 τὰ
2965 1155 3060 1210 τοῦ
3101 1154 3502 1224 Εὐαγγελιστοῦ
3534 1156 3704 1224 ρητεὶο

2130 1253 2439 1322 σκοπητέον
2459 1250 2516 1303 δὲ
2539 1249 2637 1302 καὶ
2670 1249 2723 1302 τί
2749 1249 2972 1315 Λέγουσι
3003 1247 3132 1317 περὶ
3158 1247 3370 1300 τούτων
3385 1248 3433 1299 οἱ
3465 1249 3487 1296 ὲ
3498 1246 3707 1316 51.69%}:-

2126 1363 2304 1416 τητοι,
2355 1344 2451 1398 καὶ
2486 1342 2817 1414 μεμηνότες,
2860 1342 2958 1394 καὶ
3005 1341 3440 1412 παραπαίοντες.
3497 1340 3705 1410 Τρὶχας

2131 1441 2232 1510 μὲν
2253 1436 2508 1508 καμήλου
2535 1435 2670 1506 φασὶ
2707 1435 2806 1496 τὰς
2831 1433 3052 1497 ἐντολὰς
3080 1433 3174 1486 τοῦ
3209 1431 3488 1503 μωσαῖκοῦ
3517 1431 3707 1501 νόμον.

2129 1531 2242 1586 Καὶ
2273 1529 2466 1583 τοῦτον
2500 1527 2610 1598 γὰρ
2674 1525 2988 1596 ἀκάθαρτον
3037 1519 3180 1578 εἶναι
3210 1525 3353 1578 κατὰ
3393 1524 3494 1594 τὴν
3525 1523 3712 1591 κάμῃ-

2127 1625 2240 1689 λον,
2287 1624 2364 1688 ὡς
2417 1621 2798 1693 κρεωφαγίαν,
2850 1619 2947 1673 καὶ
2994 1619 3195 1688 γάμον,
3244 1620 3340 1673 καὶ
3401 1619 3591 1690 ὅρκον,
3621 1615 3716 1668 καὶ

2129 1712 2344 1780 θυσίας,
2401 1712 2497 1766 καὶ
2536 1713 2757 1781 φόνους,
2792 1712 2889 1762 καὶ
2923 1709 3099 1762 πολλά
3138 1708 3366 1763 τοιαῦτα
3416 1711 3532 1771 τοῖς
3578 1709 3718 1775 ὑπῃ-

436 1815 642 1868 tantnr,
675 1803 816 1870 quod
856 1801 1037 1854 ovium
1103 1799 1330 1867 pellibus
1369 1799 1686 1866 inscriptum
1717 1807 1820 1852 est.
1879 1795 2020 1851 Bur-

2135 1808 2274 1870 κόοις
2305 1804 2712 1874 ἐντελλόμενον.
2791 1801 2982 1872 Ζώνην
3020 1801 3076 1854 δὲ
3110 1801 3330 1868 λέγουσι
3377 1801 3716 1869 δερματίνην

426 1911 665 1964 :sutuquc
692 1889 937 1947 Mosaicae
971 1891 1104 1960 legis
1139 1891 1542 1944 adhortationes
1575 1891 1810 1943 locustas
1841 1891 2026 1958 appel-

438 1989 573 2049 lant,
610 2000 727 2053 quze
779 1983 1076 2052 dijudicare
1109 1989 1383 2047 nequeunt
1431 1994 1494 2033 ea
1523 1994 1644 2047 quae
1687 1991 1832 2032 recta
1881 1989 2027 2042 sunt,

439 2093 615 2147 neque
646 2077 696 2129 id
761 2073 1066 2144 perspicere
1103 2072 1241 2140 quod
1291 2071 1483 2125 melius
1532 2079 1637 2126 est.
1697 2069 1796 2123 Mel
1847 2081 2027 2123 autem

433 2173 706 2242 sylvestre
730 2175 925 2221 vocant
957 2164 1326 2233 Evangelium,
1355 2163 1501 2232 quod
1535 2163 1636 2215 mel
1671 2163 1877 2217 videtur
1899 2164 2026 2236 illis,

441 2282 470 2314 a
507 2263 705 2330 quibus
737 2259 1031 2325 suscipitur
1058 2276 1071 2310 :
1100 2257 1272 2321 Quam
1297 2255 1477 2309 dulcia
1500 2257 1655 2317 enim,
1690 2255 1884 2324 inquit,
1911 2265 2033 2324 gut-

442 2358 547 2409 turi
574 2371 686 2407 utea
717 2350 924 2421 eloquia
958 2360 1072 2414 tua,
1096 2365 1250 2416 super
1280 2350 1376 2402 mel
1401 2347 1478 2401 ori
1519 2364 1631 2402 meo
1669 2348 1682 2376 '
1708 2365 1723 2414 ;
1772 2349 2033 2417 sylvestre

441 2459 620 2502 autem
653 2446 758 2498 illis
784 2443 872 2513 qui
912 2443 1084 2513 ipsutn
1121 2456 1226 2495 non
1263 2441 1582 2510 suscipiant,
1631 2451 1850 2510 propter
1881 2455 2031 2494 acer-

439 2541 661 2596 bitatem
689 2547 934 2608 angustae
965 2543 1132 2606 porta:
1153 2545 1208 2590 et
1239 2544 1404 2588 arcta:
1449 2535 1568 2596 vite,
1589 2549 1750 2603 quam
1771 2535 2030 2588 ostendit.

441 2636 842 2690 Prmcursorem
904 2631 1046 2684 enim
1102 2643 1226 2683 esse
1284 2629 1520 2682 medium
1573 2629 1714 2680 inter
1758 2629 2033 2697 antiquam

442 2728 616 2794 legem
647 2735 698 2778 et
730 2731 1017 2788 novam,et
1043 2722 1322 2790 utriusque
1348 2719 1514 2773 fuisse
1532 2719 1869 2788 participem,
1894 2718 2035 2772 illius

449 2819 670 2886 quidem
710 2816 886 2884 prius,
923 2813 1088 2882 hujus
1125 2819 1302 2866 autem
1337 2811 1625 2881 posterius.

519 2909 611 2963 5i.
655 2906 764 2962 Nos
794 2907 979 2960 dicunt
1001 2919 1120 2965 esse
1142 2904 1444 2959 Pharisaeos
1467 2915 1518 2959 et
1546 2902 1869 2958 Sadducwos
1891 2904 2034 2966 illos,

443 3004 533 3070 qui
566 3001 632 3054 ad
688 2998 913 3054 Joannis
962 2999 1288 3065 baptismum
1338 2997 1690 3052 accedebant.
1763 2994 1807 3051 Ο
1860 2998 2038 3065 impu-

441 3094 626 3148 dentia
657 3093 670 3144 l
701 3089 904 3145 Deinde
933 3105 1054 3143 cum
1086 3088 1380 3157 ignominia
1417 3103 1513 3141 nos
1541 3099 1734 3143 vocant
1762 3088 2032 3158 genim‘tna

2130 1901 2192 1954 τὸ
2223 1899 2369 1970 ἱερὸν
2422 1896 2780 1965 Εὑαγγέλιον,
2831 1895 2908 1959 ὡς
2954 1887 3188 1966 δέρμασι
3223 1895 3519 1964 προῢάτων
3553 1894 3714 1960 ἐγγε-

2131 1989 2478 2064 γραμμένονο
2513 1990 2608 2042 καὶ
2636 1983 2796 2048 αὖθις
2826 1985 3055 2058 ἀκρίδας
3089 1983 3189 2054 μὲν
3229 1984 3328 2047 τὸς
3355 1981 3449 2035 τοῦ
3503 1987 3714 2052 μωσαῐ-

2132 2083 2228 2136 κοῦ
2256 2083 2424 2150 νόμου
2455 2078 2856 2151 παραγγελίας,
2879 2076 2954 2140 ὡς
2978 2076 3054 2146 μὴ
3080 2073 3371 2144 κρινούσας
3404 2073 3565 2145 ὀρθὰ,
3585 2073 3715 2142 μηδὲ

2130 2161 2510 2247 διακρινοίᾶσας
2541 2173 2601 2224 τὸ
2643 2171 2849 2242 βέλτιον
2874 2183 2888 2196 ·
2927 2169 3049 2232 μέλι
3096 2167 3152 2221 δὲ
3197 2168 3386 2234 ἄγριον
3438 2169 3506 2219 τὸ
3577 2166 3716 2220 θεῖον

2135 2267 2496 2337 Εὐαγγέλιον,
2527 2265 2651 2333 μέλι
2688 2265 2785 2334 μὲν
2817 2263 3148 2332 φαινόμενον
3177 2261 3290 2322 τοῖς
3335 2259 3717 2330 παραδεχομὲ-

2131 2376 2244 2423 νοις
2267 2357 2420 2413 αὑτό·
2461 2357 2556 2421 Ὠς
2589 2351 2816 2424 γλυκέα
2852 2355 2984 2421 γὰρ,
3025 2369 3097 2421 φη
3110 2351 3177 2416 τί,
3208 2348 3288 2414 τῷ
3318 2349 3585 2418 ,ιὰρυγγί
3602 2366 3716 2418 μου

2132 2453 2204 2505 τὰ
2225 2449 2400 2520 λόγιά
2427 2462 2548 2502 σου
2578 2463 2592 2477 '
2633 2447 2828 2516 ἄγριον
2888 2445 2943 2498 δὲ
2964 2446 3076 2506 τοῖς
3124 2442 3198 2512 μὴ
3249 2442 3718 2512 παραδεχομένοις

2132 2545 2221 2598 διὰ
2263 2543 2360 2614 τὴν
2395 2540 2625 2615 πικρίαν
2670 2539 2771 2610 τῆς
2816 2537 2939 2592 κατ’
2988 2536 3120 2589 αὐτὸ
3168 2537 3359 2606 στενῆς
3412 2534 3595 2604 πύλης
3625 2535 3718 2586 καὶ

2149 2636 2520 2706 τεθλιμμένης
2550 2631 2696 2686 ὁδοῦ.
2723 2631 2828 2685 Τὸν
2855 2617 3174 2700 Προδρομον
3203 2627 3310 2698 γὰρ
3367 2627 3542 2696 μέσον
3577 2626 3721 2695 γενὲο

2138 2729 2264 2785 σθαι
2301 2728 2399 2782 καὶ
2431 2725 2526 2780 τοῦ
2559 2722 2796 2779 παλαιοῦ
2829 2723 3024 2792 νόμου,
3065 2721 3160 2774 καλ⁵
3203 2719 3295 2773 τοῦ
3326 2719 3476 2782 νέου,
3500 2720 3600 2773 καὶ
3631 2737 3721 2789 με·

2137 2823 2358 2891 τασχεῖν
2371 2818 2723 2890 ἀμφοτέρων,
2738 2815 2955 2885 τοῦμὲν
2971 2814 3256 2886 πρότερον,
3273 2812 3366 2867 τοῦ
3389 2813 3445 2866 δὲ
3467 2812 3597 2865 ’ὑστε
3607 2830 3717 2881 ρον.

2205 2910 2312 2964 λα’.
2343 2908 2673 2979 Φαρισαίους
2705 2905 2800 2959 καὶ
2819 2903 3212 2966 Σαδδουκαίους
3255 2901 3588 2972 ἐρχομένους
3622 2901 3717 2951 ἐπὶ

2138 3004 2201 3056 τὸ
2247 3002 2534 3073 βάπτισμα
2594 2998 2844 3052 Ἰωάννου
2891 2994 3361 3066 προσαγορεύουσι
3413 2995 3545 3056 τοὺς
3597 2990 3718 3045 καθ’

2139 3095 2290 3163 ἡμᾶς
2318 3089 2567 3153 πιστούς.
2623 3088 2689 3140 Ὢ
2707 3087 2805 3152 τῆς
2832 3085 3218 3156 ἀναισχυντίας
3244 3083 3258 3136 l
3299 3079 3432 3135 Εἶτα
3456 3080 3720 3150 καθυϐρί-

446 3186 784 3252 viperarum,
812 3181 929 3236 sive
967 3181 1231 3249 serpentis
1256 3179 1482 3242 semina,
1511 3179 1621 3246 qui,
1650 3189 1706 3232 ut
1738 3179 1837 3247 ipsi
1863 3180 2030 3244 aiunt,

2139 3187 2324 3250 ζοντες
2360 3181 2722 3252 ὀνομάζουσιν
2754 3181 2902 3251 ἡμᾶς
2921 3176 3241 3248 γεννῆματα
3271 3175 3515 3246 ἐχιδνῶν,
3552 3175 3719 3246 ἤγουν

434 3290 570 3330 cum
598 3269 1036 3326 Eva'concubuit.
1063 3268 1129 3323 Et
1151 3280 1391 3336 monent,
1411 3279 1468 3323 ut
1490 3285 1592 3324 non
1613 3287 1753 3342 aegre
1773 3273 2028 3338 feramus,

445 3368 589 3437 quod
621 3382 648 3418 a
677 3364 918 3432 Baptista
949 3361 1156 3417 Joanne
1187 3377 1310 3416 vere
1330 3356 1599 3417 nominati
1629 3379 1839 3420 sumus.

523 3630 613 3684 52.
639 3627 839 3683 Christi
869 3627 1234 3682 calceamenta
1269 3627 1452 3682 dicunt
1479 3642 1597 3683 esse
1620 3629 1900 3697 miracula,
1918 3647 2035 3701 quae

447 3718 724 3788 discipulis
781 3725 835 3772 et
899 3717 1070 3772 turbis
1139 3717 1549 3773 demonstravit.
1617 3718 1746 3785 Quae
1819 3723 2034 3789 quidem

446 3812 814 3865 calceamenta
843 3807 1080 3865 Joannes
1110 3820 1323 3879 gesmre
1378 3825 1481 3862 non
1547 3819 1776 3879 poterat,
1838 3813 2038 3882 quippe

447 3905 542 3974 qui
567 3903 713 3956 nullo
773 3901 933 3957 modo
964 3901 1177 3956 valebat
1209 3915 1271 3956 ea
1321 3901 1582 3956 miracula
1645 3901 2033 3960 demonstrare.

447 4003 519 4050 At
555 3996 911 4049 ventilabrum
939 3993 1138 4049 Christi
1171 4004 1363 4048 vocant
1394 3992 1668 4064 Evangelii
1705 4009 2036 4062 sermonem,

451 4101 505 4141 ut
536 4090 624 4156 qui
649 4105 712 4142 ex
746 4087 888 4142 illius
933 4099 1027 4142 ore
1056 4085 1349 4155 profectus.
1387 4086 1578 4141 Arcam
1613 4091 1856 4146 homines
1885 4090 2042 4145 Chri-

447 4184 681 4247 stianos,
734 4184 920 4252 inqua
965 4181 1096 4236 varii
1148 4182 1454 4253 diversique
1484 4195 1641 4250 sunt,
1705 4195 1816 4238 tum
1874 4198 2037 4254 recte,

454 4287 565 4329 tum
602 4285 791 4329 contra
827 4274 1148 4330 sentientes.
1201 4272 1467 4329 Triticum
1507 4289 1683 4329 autem
1717 4293 1869 4331 suam
1895 4279 2039 4346 ipso-

454 4384 577 4420 rum
629 4366 808 4430 fidem,
877 4373 1063 4434 utpote
1105 4371 1293 4433 puram
1352 4375 1406 4419 et
1457 4366 1777 4434 salutarem;
1831 4370 2041 4438 paleam

451 4472 584 4511 vero
619 4457 780 4510 ﬁdem
834 4466 1074 4509 nostram
1135 4464 1384 4523 tanquam
1439 4456 1682 4512 inutilem
1730 4469 1890 4528 atque
1921 4460 2043 4530 igne

455 4549 670 4614 dignam
707 4546 998 4616 appellant.
1024 4546 1278 4609 Quaenam
1305 4546 1448 4600 auris
1475 4548 1556 4613 pia
1592 4549 1760 4617 possit
1814 4550 2040 4604 istorum

2135 3279 2428 3348 σπέρματα
2456 3275 2550 3328 τοῦ
2580 3275 2759 3342 ὄφεως
2786 3271 2879 3325 τοῦ
2905 3269 3456 3339 συγκατακλιθέντος,
3479 3269 3557 3331 ὡς
3585 3285 3719 3338 προ·

2132 3369 2457 3439 δεδήλωται,
2483 3369 2548 3437 τῇ
2585 3365 2724 3434 Εὕα,
2745 3364 2840 3417 καὶ
2869 3360 3203 3428 παραινοῦσι
3238 3360 3312 3431 μὴ
3336 3359 3719 3428 δυσχεραίνειν

2134 3463 2211 3524 ὡς
2257 3461 2362 3514 ὑπὸ
2414 3459 2507 3512 τοῦ
2564 3455 2873 3511 Βαπτιστοῦ
2948 3454 3194 3508 Ἰωάννου
3265 3452 3514 3522 ἁψευδῶς
3560 3453 3719 3506 τοῦτο

2134 3552 2702 3624 προσαγορευθέντας.

2206 3645 2304 3715 λβ’.
2351 3644 2702 3713 ’Υποδήματα
2732 3642 2831 3711 μὲν
2849 3639 2942 3694 τοῦ
2983 3638 3217 3711 Χριστοῦ
3243 3639 3462 3708 λέγουσι
3483 3639 3555 3693 τὰ
3585 3640 3718 3692 ὐπο-

2137 3735 2409 3804 δείγματα
2437 3732 2545 3784 τῶν
2584 3734 2848 3802 σημείων,
2872 3731 3012 3802 ἆπερ
3035 3731 3280 3796 ὑπέδειξε
3303 3734 3416 3794 τοῖς
3445 3735 3720 3802 μαθηταῖς

2138 3828 2234 3880 καὶ
2269 3827 2383 3888 τοῖς
2423 3825 2624 3894 δχλοις,
2657 3824 2692 3878 ἃ.
2730 3824 2806 3894 μὴ
2843 3823 3106 3877 δύνασθαι
3135 3823 3402 3894 βαστάσαι
3438 3825 3532 3877 τὸν
3606 3825 3722 3878 Ἰω-

2138 3917 2304 3987 άννην
2331 3917 2406 3979 ὡς
2433 3915 2799 3970 ἀδυνατοῦντα
2824 3915 3044 3977 πάντως
3069 3915 3347 3980 ὑποδεῖξαι
3366 3915 3602 3974 τοιαῦτα
3621 3918 3720 3970 καὶ

2142 4008 2336 4061 αὐτόν’
2373 4007 2540 4060 πτύον
2568 4007 2622 4058 δὲ
2671 4006 2764 4060 τοῦ
2813 4007 3053 4077 Χριστοῦ
3084 4007 3175 4060 τὸν
3214 4009 3585 4076 εὐαγγελικὸν
3634 4010 3719 4060 λό-

2144 4117 2264 4170 γον,
2307 4099 2382 4162 ὼς
2435 4099 2861 4153 ἀποπτυσθέντα
2914 4101 3002 4153 διὰ
3049 4103 3142 4153 τοῦ
3199 4101 3470 4168 στόματος
3525 4102 3716 4163 αὐτοῦ,

2147 4193 2242 4247 καὶ
2281 4191 2466 4244 ἅλωνα
2521 4191 2621 4260 μὲν
2667 4192 2794 4254 τοὺς
2842 4193 3204 4261 Χριστιανοὺς
3252 4192 3329 4256 ὡς
3375 4193 3578 4255 ἀλλους
3625 4195 3719 4247 καὶ

2104 4332 2106 4334 τ
2146 4281 2513 4345 ἄλλους’-τοὺς
2544 4282 2641 4351 μὲν
2672 4283 2780 4354 γὰρ
2810 4283 3126 4352 ὀρθοδόξους
3151 4279 3311 4345 εῖναι,
3338 4283 3465 4349 τοὺς
3487 4284 3547 4337 ὁὶ
3567 4288 3720 4339 τοῦνο

2150 4376 2338 4430 αντίον
2407 4374 2772 4446 ἑτεροδόξους·
2819 4378 2963 4428 σῖτον
3010 4377 3069 4428 δὲ
3119 4376 3218 4446 τὴν
3272 4377 3486 4430 ἑαυτῶν
3515 4379 3717 4441 πίστιν,

2153 4471 2228 4532 ὡς
2261 4468 2512 4538 καθαράν
2540 4485 2599 4520 τε
2627 4468 2721 4520 καὶ
2762 4468 3046 4538 τρόφιμον·
3091 4469 3289 4540 ἄχυρον
3342 4469 3401 4521 δὲ
3441 4469 3544 4538 τὴν
3603 4468 3720 4522 καθ’

2152 4563 2318 4631 ἡμᾶς,
2347 4561 2423 4624 ὡς
2454 4561 2732 4630 ἄχρηστον
2764 4561 2859 4613 καὶ
2908 4560 3076 4632 πυρὸς
3105 4561 3283 4624 ἀξίαν.
3323 4561 3420 4624 Τίς
3455 4561 3524 4614 ἂν
3565 4562 3722 4613 εὗσε-

455 4639 864 4692 tnalcdictorum
915 4635 1247 4705 impietatem
1324 4635 1606 4704 perferre?
1658 4636 2030 4696 Slomachatut

2147 4653 2248 4721 ὁὴς
2299 4649 2437 4720 ἀκοὴ
2477 4650 2736 4703 τοιούτων
2805 4649 3097 4720 ἀνάσχοιτο
3129 4648 3534 4720 βλασφημιῶνς
3581 4653 3727 4704 Οξδεῖ

455 4732 636 4785 anima
693 4744 809 4782 mea
857 4728 922 4781 ad
976 4727 1203 4781 istorum
1267 4729 1518 4796 ineptias,
1575 4738 1629 4784 et
1697 4746 1886 4788 sensus
1937 4738 2042 4791 mei

457 4822 863 4891 perturbantur,
919 4830 974 4874 ut
1008 4821 1085 4874 ait
1120 4819 1440 4889 propheta’,
1498 4831 1550 4875 et
1588 4823 1744 4878 velim
1805 4831 2039 4884 sermoni

459 4914 676 4966 modum
706 4913 1004 4980 impOnere,
1066 4925 1171 4964 nec
1237 4911 1445 4980 longius
1499 4915 1767 4982 progredi,
1833 4931 1931 4971 nec
1981 4918 2034 4971 in

455 5004 632 5057 lucem
671 5005 939 5069 proferre,
985 5015 1039 5058 et
1087 5005 1364 5058 meritoria:
1403 5009 1784 5063 commendare
1828 5023 1887 5065 ea
1918 5025 2037 5080 qua:

454 5097 695 5151 tenebris
723 5106 776 5151 et
814 5096 1083 5151 oblivione
1133 5106 1258 5150 sunt
1290 5097 1470 5166 digna.

524 5375 612 5429 53.
653 5373 888 5430 Montem
919 5373 1082 5427 altum
1119 5373 1307 5428 dicunt
1333 5389 1453 5430 esse
1488 5381 1778 5435 secundum
1814 5384 2030 5451 emtum,

456 5484 562 5538 quo
588 5467 838 5522 Christus
873 5481 903 5520 a
931 5466 1149 5522 diabolo
1177 5469 1418 5524 sublatus
1442 5470 1639 5526 viderit
1663 5477 1841 5530 omnia
1868 5493 2030 5546 regna

456 5561 663 5616 mundi.
731 5560 1057 5630 Adduntque
1117 5561 1383 5616 diabolum
1450 5565 1500 5617 in
1564 5565 1693 5621 illud
1739 5573 2031 5624 secundmu

455 5652 649 5707 cmlum
711 5668 815 5708 non
874 5653 1040 5708 fuisse
1103 5668 1550 5723 conscensurum,
1605 5660 1707 5716 nisi
1759 5665 2033 5733 proprium

535 5831 550 5860 '
581 5828 723 5885 l‘sal.
755 5845 942 5900 cxvut,
979 5833 1102 5888 105.
1179 5833 1199 5863 '
1235 5833 1436 5890 Jerem.
1469 5848 1543 5901 tv,
1571 5834 1660 5890 l9.

2152 4743 2290 4812 πρὸς
2323 4742 2422 4805 τὰς
2467 4739 2695 4803 ἀτοπίας
2726 4740 2930 4803 ταύτας
2966 4742 3000 4812 ή
3032 4740 3138 4812 ἐμὴ
3167 4740 3338 4811 ψυχὴ,
3374 4743 3471 4795 καὶ
3499 4743 3572 4794 τὰ
3636 4745 3721 4793 αξ-

2147 4833 2425 4904 σθητήριά
2462 4849 2562 4900 μου
2599 4831 2926 4902 μαιμάοσει,
2978 4833 3119 4884 κατὰ
3162 4833 3252 4884 τὸν
3281 4835 3601 4902 προφήτην,
3633 4834 3725 4886 καὶ

2146 4925 2413 4995 βούλομαι
2449 4925 2540 4977 τὸν
2574 4926 2731 4992 λόγον
2762 4922 3017 4992 ἐκκόψαι,
3067 4925 3159 4976 καὶ
3209 4923 3287 4994 μὴ
3322 4924 3604 4995 προϐῆναι
3638 4940 3724 4976 πε-

2140 5017 2407 5087 ραιτέρω,
2445 5015 2580 5087 μηδὲ
2611 5015 2757 5083 φωτὶ
2790 5017 2886 5069 καὶ
2941 5017 3131 5088 μνήμῃ
3161 5015 3345 5068 δοῦναι
3388 5017 3464 5068 τὰ
3491 5017 3722 5078 σκότους

2132 5109 2229 5162 καὶ
2285 5109 2460 5178 λήθης
2508 5107 2656 5172 ἄξιοι.
2721 5107 3132 5178 Παραὸιαστὲον
3174 5107 3229 5160 δὲ
3265 5108 3462 5177 μικρὸν
3496 5108 3607 5175 ἔτι,
3634 5110 3724 5162 καὶ

2097 5251 2100 5257 .
2155 5200 2520 5270 καρτερητὲον
2556 5199 2682 5270 ἄχρι
2711 5200 2857 5262 τινὸς
2891 5201 2988 5269 τὴν
3019 5200 3399 5268 γλωσσαλγίαν
3430 5199 3544 5253 τῶν
3590 5204 3725 5255 ἁπε-

2148 5295 2490 5367 ραντολόγων
2518 5296 2750 5363 τούτων,
2779 5294 2871 5346 καὶ
2903 5295 3259 5365 παραφόρων,
3289 5297 3383 5346 καὶ
3430 5291 3726 5362 βδελυρῶν.

2213 5387 2315 5457 λγ’.
2364 5389 2530 5460 Ὄρος
2565 5389 3008 5460 ὑψηλὸνλέγουσι
3055 5387 3145 5440 τὸν
3168 5387 3420 5457 δεύτερον
3471 5387 3724 5455 οὐρανὸν.

2144 5481 2242 5533 καὶ
2275 5484 2354 5544 εἰς
2374 5479 2401 5533 ὃ
2428 5483 2518 5535 τὸν
2550 5481 2785 5554 Χριστὸν
2816 5481 3408 5551 ἀναῦιόασθῆναιπαρά
3427 5481 3525 5534 τοῦ
3545 5482 3724 5548 διαᾷὄο

2141 5572 2261 5635 λου,
2295 5573 2389 5625 καὶ
2426 5574 2554 5626 ἰδεῖν
2583 5574 2764 5636 πάσας
2793 5574 2892 5634 τὰς
2921 5573 3198 5643 βασιλείας
3229 5573 3324 5625 τοῦ
3358 5573 3574 5642 κόσμου
3593 5589 3608 5603 ⁸
3634 5572 3719 5626 καί

2142 5683 2331 5735 φασιν,
2354 5667 2436 5720 ὅτι
2467 5667 2567 5720 οὐκ
2598 5667 2664 5722 ἂν
2708 5668 2736 5720 ὁ
2762 5666 3007 5730 διάϐολος
3065 5665 3296 5737 ἀνῆλθεν
3343 5669 3424 5730 εἰς
3452 5668 3637 5733 αὐτὸν,
3673 5669 3716 5716 εἰ
