4044 6290
372 381 512 451 1325

1284 389 1663 453 PANOPLIA
1701 393 2163 462 DOGMATICA.
2194 429 2264 440 —
2296 405 2448 471 TIT.
2489 408 2737 473 XXVII.

3481 420 3623 486 1326

369 499 442 566 μὴ
469 496 678 566 ποίημα
713 497 904 551 τοῦτον
944 500 1074 555 ίδιον
1122 502 1440 571 ἐγίνωσκεν.
1473 507 1599 561 Οὐδ’
1641 509 1708 562 ἂν
1757 510 1916 583 έαυτι]

2041 516 2218 585 ipsum
2242 533 2363 576 esse
2389 533 2526 591 opus
2545 526 2872 594 agnovisset.
2913 526 3095 598 Neque
3117 531 3318 599 omnia,
3340 532 3618 604 inquiunt,

367 588 764 658 παραδεδόσθαι
793 590 976 656 πάσας
1004 593 1102 657 τὰς
1128 593 1411 666 βασιλείας
1451 594 1627 667 εἶπεν,
1665 602 1713 654 εί
1739 601 1813 674 μὴ
1841 603 1936 657 καὶ

367 683 466 748 τὴν
492 680 700 734 τούτων
738 685 1100 757 συνεχωρήθη
1136 689 1483 760 κυριαρχίαν,
1511 690 1586 755 ὡς
1612 692 1741 761 παρ’
1768 692 1933 748 αὐτοῦ

360 773 765 841 γεγενημένων,
799 774 981 840 καθὼς
1006 779 1438 851 προδεδήλωται,

426 863 518 915 λδ¹.
539 864 649 917 Καὶ
688 869 1055 936 καταλιπὼν,
1081 872 1266 940 φησιν,
1288 876 1320 926 ό
1358 875 1587 941 Ἰησοῦς
1609 876 1724 945 τὴν
1742 876 1932 939 Ναζα-

350 955 474 1022 ρὲτ,
507 955 698 1011 ἐλθὼν
721 957 1076 1028 κατῴκησεν
1099 965 1188 1030 είς
1221 967 1637 1036 Καπερναούμ.
1672 967 1930 1040 Ναζαρὲτ

360 1048 460 1114 μὲν
498 1047 647 1116 ἡμᾶς
675 1052 1171 1122 προσαγορεύουσι,
1193 1057 1569 1128 Καπερναοὺμ
1600 1058 1657 1112 δὲ
1680 1058 1930 1125 ἑαυτούς.

358 1139 466 1191 Καὶ
485 1139 582 1192 νῦν
611 1146 892 1197 κατοικεῖν
919 1145 1018 1215 μὲν
1052 1148 1184 1219 παρ’
1214 1148 1396 1212 αὐτοῖς
1427 1151 1648 1220 λέγουσι
1679 1151 1773 1208 τὸν
1799 1153 1934 1224 Χρι-

356 1231 476 1283 στὸν
508 1233 884 1291 καταλιπόντα
917 1240 1016 1309 τὴν
1041 1240 1318 1312 ἡμετέραν
1352 1245 1699 1316 συναγωγήν.

420 1323 512 1377 λε’.
543 1324 684 1389 Τοὺς
740 1332 1132 1398 μακαρισμυῦς
1195 1333 1405 1396 πάντας
1439 1336 1778 1408 περὶιμόνων
1825 1338 1934 1392 τῶν

348 1417 466 1467 κατ’
498 1415 699 1480 αὐτοὺς
726 1419 958 1484 πιστῶν,
992 1422 1112 1492 ἦτοι
1137 1422 1246 1476 τῶν
1285 1426 1604 1496 Βογομίλων
1631 1429 1809 1482 εἰπεῖν
1837 1429 1930 1484 τὸν

343 1507 584 1575 Χριστὸν
646 1508 1114 1569 διαϐεϐαιοῦνται.
1193 1518 1486 1582 Τοιούτους
1539 1521 1649 1594 γὰρ
1721 1523 1926 1588 αὐτοὺς

342 1593 482 1651 εἶναι
523 1601 778 1671 πτωχοὺς
811 1604 892 1674 τῷ
928 1604 1222 1675 πνεύματι,
1277 1609 1372 1664 καὶ
1426 1611 1781 1680 πενθοῦντας,
1831 1616 1927 1670 καὶ

341 1691 676 1758 πεινῶντας,
712 1697 808 1749 καὶ
838 1697 1114 1766 διψῶντας
1173 1700 1271 1772 τὴν
1321 1704 1695 1776 δικαιοσύνην,
1723 1709 1819 1762 καὶ
1856 1709 1926 1763 τά

2037 607 2112 662 illi
2141 623 2309 681 regna
2358 611 2585 668 dixisset
2619 629 2741 670 esse
2790 616 3069 688 daturum,
3131 622 3233 677 nisi
3294 625 3619 704 obtinuisset

2035 713 2222 755 eorum
2267 703 2626 773 dominatum,
2683 717 2740 763 ut
2775 724 2894 780 quae
2950 726 2978 765 a
3010 727 3070 767 se
3125 723 3307 771 essent
3355 715 3518 786 facta,
3560 703 3619 775 ut

2036 787 2373 846 declaratum
2405 803 2507 850 est.

2105 882 2198 940 54.
2225 881 2295 936 Et
2318 885 2523 954 relicto,
2549 890 2744 959 inquit,
2764 892 3338 966 Nazaretlt,'profectus
3360 899 3614 956 habitavit

2034 972 2090 1027 in
2122 969 2459 1043 Capernaum
2505 980 2547 1034 ¹.
2576 979 2687 1037 Nos
2718 984 2903 1039 dicunt
2927 1001 3046 1042 esse
3077 986 3365 1058 Nazareth,
3390 1006 3447 1046 se
3488 1007 3614 1050 vero

2033 1058 2398 1132 Capernaum.
2454 1066 2691 1126 Etnune
2747 1074 2900 1144 apud.
2927 1091 2987 1132 se
3030 1077 3304 1134 Christum
3367 1082 3616 1140 habitare

2031 1156 2218 1214 relicta
2250 1160 2491 1218 Ecclesia
2521 1177 2722 1222 nostra.

2101 1337 2192 1394 '55.
2233 1340 2603 1400 Beatitudines
2649 1359 2838 1403 omnes
2887 1349 2954 1405 de
2986 1347 3278 1420 Bogottjlis
3331 1352 3607 1408 Christum

2033 1429 2235 1487 dixisse
2261 1435 2614 1493 contendunt.
2641 1439 2712 1494 Se
2741 1441 2883 1496 enim
2905 1456 3027 1498 esse
3042 1459 3303 1513 pauperes
3319 1446 3536 1516 spiritu,
3555 1456 3610 1502 et

2028 1521 2235 1593 lugere,
2269 1533 2324 1581 et
2353 1530 2583 1593 esurire,
2650 1540 2810 1600 atque
2867 1536 3019 1589 sitire
3048 1536 3339 1607 jUSlillam,
3375 1548 3428 1593 et
3486 1554 3606 1608 qua:

2027 1629 2345 1686 sequuntur.
2381 1617 2453 1676 Se
2511 1626 2692 1678 vocari
2745 1626 2824 1680 sal
2859 1637 3033 1693 terrae,
3072 1639 3126 1685 et
3185 1632 3367 1686 mundi
3385 1632 3600 1698 lucem,

2026 1718 2080 1765 et
2105 1712 2368 1782 quidquid
2398 1714 2464 1770 de
2499 1716 2755 1786 apostolis
2785 1717 3038 1777 Christus
3059 1723 3215 1777 dixit.

337 1779 486 1849 ἑξῆς.
525 1781 766 1846 Τούτους
830 1784 890 1838 δὲ
939 1786 1212 1858 κληθῆναι
1266 1792 1362 1844 καὶ
1407 1793 1544 1860 ἅλας
1574 1799 1673 1867 τῆς
1720 1799 1844 1868 γῆς,
1872 1796 1968 1851 καὶ
2005 1779 2548 1872 φῶςίτοῦνκόσμουί
2577 1805 2675 1860 καὶ
2720 1807 2821 1861 ὅσα
2886 1810 3017 1880 περὶ
3065 1812 3175 1866 τῶν
3214 1813 3532 1869 ἀποστόλων
3576 1815 3606 1866 δ

337 1874 548 1942 Κύριος
577 1875 824 1944 εἴρηκεν.

401 1965 512 2030 λς’.
545 1967 730 2038 ’1ῶτα,
765 1975 955 2044 φησὶν,
984 1976 1055 2030 ἐν
1079 1977 1117 2048 ἢ
1139 1980 1250 2052 μία
1268 1983 1476 2049 κεραία
1495 1985 1567 2039 οὐ
1589 1984 1676 2054 μὴ
1698 1987 1916 2054 παρέλ-

2097 1959 2186 2038 5θ.
2209 1982 2352 2051 Iota,
2391 1987 2583 2057 inquit,
2613 2005 2800 2057 unum,
2825 2000 2917 2044 aut
2943 2008 3077 2047 unus
3110 2011 3242 2062 apex
3265 2014 3368 2051 non
3390 2013 3606 2066 praeter-

335 2061 407 2128 θῃ
427 2061 549 2116 ἀπὸ
581 2063 688 2119 τοῦ
721 2067 931 2136 νόμου,
962 2069 1075 2138 ἕως
1106 2073 1184 2128 ἂν
1213 2075 1413 2148 πάντα
1454 2078 1719 2147 γένηται.
1756 2080 1910 2134 Ἰῶτα

336 2153 434 2221 μὲν
487 2154 590 2224 τὴν
650 2158 956 2227 Δεκάλογον
1001 2163 1097 2216 τοῦ
1146 2166 1312 2235 νόμου
1364 2168 1639 2235 νοοῦντες,
1682 2172 1910 2243 κεραίαν

335 2239 386 2290 δὲ
418 2240 585 2294 πάλιν
602 2244 702 2314 τὴν
723 2246 914 2317 αὑτήν.
950 2249 1060 2319 Τὴν
1077 2251 1185 2322 γὰρ
1219 2256 1470 2326 κεραίαν,
1488 2261 1542 2312 εί
1562 2275 1646 2323 τις
1678 2239 1910 2330 ὀρθώσει

334 2332 585 2400 πλαγίως
621 2339 917 2407 κειμένην,
955 2339 1088 2398 ἰῶτα
1115 2345 1358 2415 ποιήσει.
1394 2344 1529 2402 Eleo;
1574 2351 1913 2422 ἑρμηνεύου-

334 2437 440 2486 σιν,
473 2425 557 2475 ὄτι
582 2427 642 2478 οὐ
676 2427 1030 2504 μὴ-παρέλθῃ
1057 2436 1088 2502 ἡ
1110 2436 1414 2506 Δεκάλογος
1439 2441 1532 2494 τοῦ
1560 2443 1748 2512 νόμου,
1775 2445 1912 2500 ἀλλὰ

338 2517 496 2584 μενεί
553 2519 943 2594 φυλαττομένη
1001 2527 1154 2597 πσρὰ
1206 2531 1322 2594 τοῖς
1361 2531 1665 2604 Ἑϐραίοις,
1706 2536 1811 2601 ἕως
1844 2537 1911 2594 ἂν

335 2607 586 2680 παρέλθῃ
607 2611 634 2662 ὁ
665 2612 896 2684 οὐρανὸς
924 2619 1016 2670 καὶ
1041 2619 1074 2690 ἠ
1100 2619 1193 2688 γῆ.
1218 2624 1339 2677 Οὐκ
1363 2619 1553 2694 ἦλθον
1582 2629 1714 2696 γὰρ,
1747 2632 1906 2698 φησὶ,

335 2703 678 2758 καταλῦσαι
713 2706 828 2761 τὸν
857 2712 1047 2779 νόμον
1103 2714 1385 2783 Μωσέως,
1419 2718 1579 2775 ἀλλὰ
1599 2723 1913 2790 πληρῶσαι

334 2793 425 2844 τὸν
459 2793 692 2863 οὐρανὸν
715 2800 1027 2856 κενωθέντα
1065 2805 1234 2860 πάλαι
1266 2809 1377 2862 τῶν
1428 2811 1783 2867 ἐνοικούντων
1809 2815 1913 2884 ὰγο

335 2882 532 2949 γέλων,
585 2886 679 2940 καὶ
716 2889 1112 2962 ἀναπληρῶσαι
1156 2898 1225 2950 τά
1275 2899 1532 2970 τάγματα
1563 2903 1672 2958 τῶν
1705 2882 1912 2960 ἀποπέ-

335 2977 632 3032 πτωκυιῶν
653 2981 959 3052 δυνάμεων.

406 3064 503 3129 λζ’.
549 3068 691 3123 Ἐὰν
734 3071 820 3141 μὴ
864 3079 1264 3149 περισσεύσῃ,
1291 3084 1477 3153 φησὶν,
1498 3087 1535 3154 ἡ
1553 3087 1910 3160 δικαιοσύνη

334 3156 506 3226 ὑμῶν
535 3163 751 3216 πλεῖον
765 3163 886 3220 τῶν
905 3173 1296 3239 γραμματέων
1327 3175 1426 3230 καὶ
1457 3180 1813 3248 Φαρισαίων,
1840 3156 1912 3238 οὗ

335 3248 416 3316 μὴ
461 3251 770 3308 εὶσέλθετε
814 3259 898 3324 είς
954 3261 1069 3330 τὴν
1099 3264 1430 3328 βασιλείαν
1465 3270 1585 3325 τῶν
1614 3274 1910 3342 οὐρανῶν.

2022 2075 2117 2128 ibit
2145 2092 2177 2128 a
2211 2075 2341 2145 lege,
2369 2078 2532 2132 donec
2563 2080 2739 2134 omnia
2764 2080 2897 2148 (iant
2917 2084 2956 2137 ³.
2984 2082 3096 2139 lota
3128 2086 3262 2155 legis
3288 2089 3604 2162 Det-alogum

2018 2166 2373 2232 arbitrantur,
2401 2169 2610 2237 apicem
2657 2185 2847 2228 rursus
2875 2175 3120 2230 eamdem
3155 2177 3347 2248 legem.
3381 2181 3436 2236 Si
3483 2185 3606 2253 quis

2018 2254 2163 2309 enim
2197 2255 2405 2323 apidem
2437 2274 2500 2310 ex
2535 2267 2846 2314 transversn
2873 2262 3146 2331 iacentem
3177 2271 3438 2339 erexerit,
3491 2273 3600 2328 iota

2020 2349 2331 2399 constituet.
2392 2347 2569 2416 Atque
2635 2347 2707 2401 ita
2775 2360 3051 2418 exponunt
3110 2354 3434 2429 Decalogum
3493 2377 3600 2417 non

2024 2437 2397 2502 transiturum,
2433 2439 2526 2494 sed
2586 2454 2994 2509 permansurum
3045 2447 3395 2506 observatum
3459 2458 3600 2524 apud

2023 2527 2302 2594 Hebraeos,
2355 2531 2528 2588 donec
2587 2542 2823 2600 transeat
2892 2539 3088 2592 ccelum
3149 2549 3204 2595 et
3251 2551 3418 2598 terra.
3475 2545 3601 2602 Non

2021 2623 2159 2685 veni,
2217 2623 2414 2692 inquit,
2475 2633 2534 2677 ut
2573 2625 2734 2695 legem
2802 2629 3078 2697 solverem,
3132 2633 3223 2685 sed
3283 2645 3338 2687 ut
3397 2638 3596 2693 caelum

2022 2713 2289 2782 implerem
2339 2715 2381 2781 ³,
2452 2718 2595 2785 quod
2641 2719 2864 2789 angelis,
2931 2721 3024 2791 qui
3080 2722 3206 2778 illud
3269 2725 3596 2796 incolebant,

2019 2807 2254 2862 exclusis
2283 2823 2508 2862 vacuum
2563 2812 2781 2876 mansit,
2811 2809 2866 2867 et
2898 2825 2957 2868 ut
2997 2814 3214 2871 ordines
3265 2829 3594 2888 potestatum

2020 2895 2313 2964 explerem,
2342 2910 2461 2964 quae
2487 2899 2819 2953 ceciderunt.

2093 3074 2184 3130 37.
2234 3076 2354 3130 Nisi
2380 3077 2743 3145 abundaverit,
2781 3079 2977 3149 inquit,
3003 3083 3223 3151 justitia
3260 3093 3434 3140 uestra
3479 3086 3596 3156 plus

2022 3183 2183 3236 quant
2217 3166 2522 3222 Scribarum
2573 3179 2621 3223 et
2665 3167 3078 3238 Pharisaeorum,
3112 3189 3215 3228 non
3249 3175 3514 3232 intrabitis
3545 3181 3598 3232 in

2026 3275 2240 3329 regnum
2268 3259 2520 3314 caelorum
2543 3262 2584 3316 ι.
2620 3260 2843 3319 Scribas
2861 3274 2920 3318 et
2947 3263 3253 3323 Pharisaeos
3291 3282 3389 3324 nos
3415 3271 3598 3340 appel-

334 3338 697 3413 Γραμματεῖς
716 3347 818 3418 μὲν
835 3351 926 3404 καὶ
941 3352 1270 3423 Φαρισαίους
1296 3361 1445 3431 ἡμᾶς
1474 3338 1916 3436 προσαγορεύου-

2023 3347 2158 3414 lant,
2197 3360 2255 3404 ut
2283 3353 2374 3420 qui
2408 3352 2708 3409 litterarum
2740 3355 2936 3411 studiis
2965 3358 3357 3425 incumbamus,
3389 3338 3596 3432 etipsis

336 3449 444 3501 σιν,
473 3437 550 3501 ὠς
579 3439 680 3508 τὴν
711 3448 1111 3520 γραμματικὴν
1145 3453 1427 3510 παίδευσιν
1455 3459 1785 3529 ἀσκοῦντας,
1818 3466 1912 3518 καὶ

336 3530 820 3603 μεγαλαυχοῦντας
840 3539 928 3592 ἐπ’
964 3543 1101 3614 αὐτῇ
1123 3561 1138 3576 ·
1163 3549 1509 3616 περισσεύειν
1549 3550 1606 3603 δὲ
1637 3553 1794 3622 ἡμῶν
1817 3555 1914 3626 τὴν

333 3621 686 3697 δικαιοσύνην
722 3630 902 3684 αὐτῶν
951 3633 1205 3702 λέγουσιν
1247 3643 1303 3692 ἐν
1348 3642 1427 3712 τῷ
1467 3621 1744 3700 διδάσκειν
1778 3621 1913 3717 ἀλιγ-

335 3714 608 3786 θέστερα,
654 3721 750 3776 καὶ
805 3724 1055 3792 μετιέναι
1114 3729 1397 3784 πολιτείαν
1424 3735 1822 3808 ἀκριϐεστέραν
1851 3757 1913 3792 τε

334 3807 433 3860 καὶ
482 3810 884 3884 καθαρωτέραν
946 3818 1325 3890 ἀπεχομένους
1376 3827 1753 3895 κρεωφαγίας,
1819 3831 1915 3883 καὶ

332 3901 520 3970 τυροῦ,
545 3904 640 3956 καὶ
677 3904 808 3971 nos,
838 3907 936 3961 καὶ
967 3909 1167 3978 γάμου,
1203 3913 1428 3966 καὶτῶν
1458 3917 1734 3970 τοιούτων,

406 3991 514 4064 λη’.
539 3997 712 4059 Ἵσθι,
733 3999 924 4068 φησὶν,
938 4002 1169 4057 εὐνοῶν
1195 4005 1271 4069 τῷ
1285 4005 1570 4074 ἀντιδίκῳ
1589 4023 1725 4062 σου.
1744 4011 1914 4065 Ἀντί-

333 4083 489 4138 δικον
522 4087 630 4141 τῶν
649 4088 956 4160 ἀνθρώπων
981 4092 1234 4163 λέγοντες
1257 4098 1350 4150 τὸν
1370 4098 1636 4166 διάϐολον,
1657 4101 1751 4154 καὶ
1778 4119 1912 4174 φρε-

334 4177 1076 4254 νοϐλαϐῶς-ὲρμηνεύοντες,
1131 4191 1211 4242 ὅτι
1248 4189 1355 4258 χρὴ
1386 4192 1593 4246 εὐνοεῖν
1623 4193 1791 4264 αὐτῷ,
1819 4197 1914 4248 καὶ

335 4267 669 4338 θεραπεύειν
702 4273 793 4328 διὰ
835 4279 1400 4348 προσκυνήσεως,.ὡς
1439 4281 1696 4352 ἀνωτέρω
1737 4299 1915 4352 παρα-

335 4359 676 4433 δεδώκαμεν,
738 4365 828 4420 ἴνα
908 4370 984 4437 μὴ
1041 4371 1362 4441 πτερνίσας,
1427 4373 1523 4424 καὶ
1590 4373 1914 4428 καταϐαλὼν

333 4453 463 4516 τοὺς
506 4455 874 4522 ἀπειθοῦντας
907 4460 1231 4532 »παραδώσῃ
1295 4463 1373 4532 τῷ
1412 4467 1575 4535 κριτῇ
1628 4465 1723 4518 καὶ
1769 4465 1910 4536 Θεῷ,

336 4548 481 4598 κατά
513 4547 615 4617 τὴν
643 4549 859 4620 ἡμέραν
886 4551 988 4622 τῆς
1023 4554 1260 4623 κρίσεως
1291 4555 1451 4622 λόγον
1498 4556 1794 4622 ὑφέξοντας
1814 4559 1911 4628 τῆς

335 4635 764 4705 ὐποσκελίσεως.

403 4730 501 4788 λθ¹.
549 4734 706 4788 Ἐπεὶ
730 4734 810 4802 τὸ,
843 4735 989 4800 Πᾶς,
1015 4739 1088 4804 ὃς
1117 4739 1194 4794 ἂν
1213 4741 1500 4812 ἀπολύσῃ
1522 4744 1638 4813 τὴν
1658 4744 1914 4815 γυναῖκα

333 4825 522 4880 αὐτου
554 4829 848 4895 παρεκτὸς
880 4832 1068 4898 λόγου
1109 4837 1414 4902 πορνείας,
1446 4837 1541 4892 καὶ
1564 4838 1632 4892 τά
1666 4838 1795 4904 ὲξῆς
1817 4836 1912 4890 τοῦ

237 4970 241 4973 .
337 4915 525 4984 ῥητοῦ,
554 4917 632 4988 τῷ
664 4920 794 4990 περὶ
849 4920 945 4974 τοῦ
999 4922 1074 4992 μὴ
1113 4924 1517 4994 συζεύγνυσθαι
1545 4931 1768 4997 γυναικὶ
1791 4930 1914 4999 δόγ-

338 5021 470 5075 ματι
516 5010 729 5065 τούτων
786 5012 1116 5079 ἀντίκειται,
1168 5019 1334 5084 φασὶν
1401 5022 1690 5092 ἀπόρρητα
1747 5023 1913 5076 πᾶσιν

335 5092 478 5152 εἶναι
504 5102 704 5170 ταῦτα,
737 5106 831 5159 καὶ
861 5105 1268 5178 ἀνερμήνευτα,
1317 5110 1411 5162 καὶ
1444 5112 1629 5180 μόνοις
1657 5112 1912 5182 γνώριμα

334 5191 446 5252 τοῖς
478 5193 900 5265 ἀποτιθεμένοις
945 5197 1046 5269 τὴν
1092 5199 1294 5268 σάρκα.
1347 5201 1703 5266 Βεϐαιοῦντες
1748 5201 1804 5254 δὲ
1850 5201 1910 5256 τὸ

334 5276 510 5350 δόγμα
531 5284 635 5355 τῆς
659 5286 928 5358 ἀγαμίας,
958 5289 1356 5360 προκομίζουσι
1380 5290 1474 5343 τοῦ
1505 5281 1709 5364 κυρίου
1729 5292 1910 5361 λόγον,

337 5373 641 5445 εἰρηκότος,
674 5381 756 5434 ὅτι
803 5383 909 5438 Ἐν
947 5383 1021 5454 τῇ
1045 5384 1386 5440 ἀναστάσει
1415 5387 1555 5440 οὔτε
1589 5388 1910 5457 γαμοῦσιν,

335 5465 472 5520 οὔτε
528 5470 961 5543 ἐκγαμίζονται,
1021 5477 1267 5542 νοοῦντες
1321 5479 1566 5548 ἀνοήτως
1613 5481 1912 5535 ἀνάστασιν

334 5553 432 5625 τὴν
461 5562 750 5629 μετάνοιαν
783 5569 880 5621 καὶ
922 5569 1022 5638 τὴν
1049 5569 1416 5642 εύαγγελικὴν
1441 5571 1738 5626 πολιτείαν.

411 5739 428 5770 ¹
463 5737 649 5798 Matth.
698 5762 772 5808 vr,
842 5749 930 5803 l5.

1041 5755 1060 5785 ι
1092 5753 1284 5811 Manli.
1322 5773 1375 5826 ν,
1414 5760 1500 5814 l8.

339 5813 359 5848 ⁷
391 5806 586 5868 Matth.
623 5806 766 5884 utt,
785 5817 876 5872 50.
933 5833 943 5845 ‘

1614 5761 1633 5792 ³
1661 5761 1792 5815 ibid.
1829 5759 1918 5813 l7.
1996 5757 2016 5790 δ
2046 5757 2233 5812 Matth.
2272 5775 2319 5822 ν,
2353 5760 2442 5814 ‘20.

2017 3433 2330 3504 gloriemur.
2360 3435 2632 3492 Justitiam
2664 3453 2792 3493 vero
2821 3441 3060 3510 ipsorum
3095 3453 3296 3499 nostrae
3336 3455 3597 3514 praestare

2018 3525 2071 3580 in
2092 3526 2158 3584 iis
2185 3527 2459 3595 docendis,
2512 3545 2634 3600 quae
2649 3533 2863 3587 veriora
2893 3543 3038 3600 sunt,
3071 3542 3123 3590 et
3145 3539 3315 3606 magis
3337 3538 3404 3592 ad
3430 3539 3593 3594 vitam

2016 3624 2173 3672 recte
2209 3618 2264 3673 et
2303 3633 2436 3688 pure
2479 3621 2862 3678 instituendam
2891 3631 3332 3695 accommodata,
3375 3644 3496 3684 cum
3527 3634 3594 3685 ab

2015 3722 2112 3764 esu
2144 3709 2350 3778 carnis,
2399 3721 2454 3766 et
2493 3713 2631 3780 ovis,
2669 3721 2726 3769 et
2782 3717 3009 3783 nuptiis,
3064 3727 3120 3772 et
3170 3718 3288 3774 aliis
3326 3719 3594 3790 ejusmodi

2018 3802 2186 3856 rebus
2214 3802 2521 3858 abstineant

2087 4010 2182 4064 58.
2231 4007 2382 4070 Esto,
2432 4007 2625 4079 inquit,
2680 4011 3010 4068 consentiens
3058 4019 3363 4072 advenario
3411 4031 3498 4075 tuo
3544 4023 3591 4080 ⁸.

2014 4101 2402 4156 Adversarium
2433 4112 2675 4156 nostrum
2708 4102 2798 4157 hic
2821 4105 3092 4161 diabolum
3152 4110 3481 4181 intelligunt.
3529 4114 3593 4169 Et

2019 4202 2202 4250 mente
2264 4194 2405 4264 capti
2458 4209 2580 4248 eum
2648 4195 3043 4262 benevolentia,
3105 4209 3164 4254 et
3226 4202 3592 4270 observantia,

2015 4294 2176 4354 atque
2231 4285 2551 4340 adoratione
2623 4287 3021 4342 observandum
3117 4292 3323 4359 dicunt,
3385 4303 3440 4347 nt
3501 4311 3593 4348 su—

2017 4377 2201 4444 perius
2252 4377 2607 4443 ostendimus,
2667 4393 2735 4433 ne
2789 4379 3141 4449 supplantans
3189 4395 3242 4439 et
3299 4385 3593 4453 subjiciens

2015 4477 2366 4525 contumaces
2405 4472 2582 4526 tradat
2615 4469 2895 4539 eosjudici
2928 4483 2982 4528 et
3027 4474 3138 4529 Deo
3171 4477 3221 4530 in
3271 4479 3359 4534 die
3403 4479 3594 4548 judicii

2015 4562 2474 4632 supplantationis
2504 4579 2691 4634 poenas
2713 4565 3010 4622 subituros.

2088 4742 2178 4798 '59.
2213 4743 2477 4809 Quoniam
2509 4745 2638 4799 illud
2666 4764 2680 4801 :
2709 4745 2891 4801 Omnis
2923 4749 3013 4816 qui
3035 4748 3291 4805 dimiserit
3350 4765 3588 4816 uxorem,

2012 4846 2226 4903 excepta
2273 4837 2642 4906 fornicationis
2705 4855 2871 4891 causa
2900 4839 2942 4904 °,
3001 4851 3054 4893 et
3093 4857 3211 4907 quae
3263 4853 3588 4909 sequuntur,

2012 4929 2246 4998 dogmati
2287 4929 2530 4997 ipsorum
2567 4927 2632 4980 de
2665 4943 2833 4982 uxore
2871 4944 2979 4982 non
3028 4931 3270 4984 ducenda
3326 4943 3591 5000 repugnat

2010 5029 2066 5074 et
2097 5020 2440 5082 adversatur,
2487 5017 2676 5070 dicunt
2719 5033 2782 5071 ca
2837 5019 3000 5071 verba
3043 5034 3168 5074 esse
3217 5036 3440 5089 arcana,
3493 5039 3591 5077 nec
3680 5101 3682 5103 γ

2011 5112 2080 5165 ab
2108 5110 2215 5163 ullo
2243 5123 2401 5177 posse
2447 5107 2700 5175 intelligi,
2756 5109 2856 5161 nisi
2913 5110 3003 5182 qui
3073 5125 3297 5166 carnem
3353 5113 3588 5166 exuerit.

2009 5202 2526 5269 Conﬁrntantesque
2585 5201 2874 5255 caelibatus
2963 5205 3269 5267 rationem,
3353 5203 3591 5258 af’erunt

2010 5307 2319 5348 sermonem
2347 5291 2588 5355 Domini,
2626 5291 2739 5358 qui,
2807 5289 2871 5343 In
2926 5294 3327 5359 resurrectione,
3391 5293 3588 5362 inquit,

2011 5402 2174 5456 neque
2211 5385 2422 5447 nubent,
2457 5399 2618 5453 neque
2667 5384 2856 5437 ducent
2900 5401 3090 5438 uxores
3120 5386 3162 5440 ⁷.
3209 5385 3591 5440 Βεειιττεειὶοσ

2013 5492 2247 5547 nemque
2305 5474 2679 5546 pmnitentiam
2747 5486 2801 5528 et
2857 5476 3018 5529 vitam
3075 5475 3440 5544 evangelicum
3506 5475 3590 5532 in-

2016 5577 2405 5639 terpretantur.

2555 5760 2576 5792 ³
2606 5753 2798 5809 Matth.
2834 5767 2889 5820 v,
2914 5752 3004 5809 25.
3117 5758 3138 5790 ⁸
3165 5755 3378 5829 ‘Matth.
3411 5769 3463 5824 ν,
3492 5753 3582 5813 52.
