4044 6290
294 399 315 464 l
336 400 430 463 3'29

1180 400 1554 463 PANOI‘LIA
1599 404 2059 469 DOGMATICA.
2100 432 2167 442 —
2208 409 2360 469 TIT.
2401 409 2646 469 XXVII.

3452 412 3568 475 330

289 507 566 575 (imp/ar.
626 508 799 562 Ταυτ¹ι
859 509 914 565 δὲ
969 510 1039 565 τὰ
1093 513 1317 583 ῥήματα
1378 513 1472 566 τοῦ
1531 513 1869 580 Εὑαγγελίου

1983 525 2088 584 tes,
2121 517 2222 573 hos
2255 533 2379 574 esse
2413 521 2596 574 dicunt
2627 528 2847 574 sanctos
2877 518 3159 588 pontiﬁces
3195 528 3429 586 nostros,
3478 523 3560 575 (ιι-

290 597 773 668 διερμηνεύοντες,
808 605 943 672 φασὶ
965 604 1192 669 τούτους
1218 600 1361 658 εἷναι
1394 607 1522 670 τοὺς
1563 606 1696 673 παρ’
1737 607 1872 677 ἡμῖν

289 689 477 756 ἁγίους
525 691 794 764 ἱεράρχας
825 696 922 749 καὶ
953 695 1136 760 θείους
1187 697 1463 768 Πατέρας,
1495 699 1610 752 ὅσοι
1651 715 1873 768 προφη.

288 779 449 850 τικῆς
479 783 704 852 χάριτος
743 784 1086 859 ἠξιώθησαν,
1116 789 1214 844 καὶ
1244 789 1510 860 δαίμονας
1551 793 1872 863 ἀπήλασαν,

291 873 385 924 καὶ
441 873 580 928 ἀλλα
635 877 937 946 πάμπολλα
1003 879 1635 953 τεθαυμάτουργήκασι·
1691 884 1874 938 πάντα

290 965 398 1034 γὰρ
452 966 581 1029 τοὺς
613 967 966 1033 ἐνοικοῦντας
1027 972 1216 1036 αὐτοῖς
1251 973 1518 1043 δαίμονας
1570 992 1874 1046 τερατουρσι

289 1059 408 1124 γεῖν
434 1057 512 1120 είς
547 1057 813 1127 ἔκπληξιν
861 1061 973 1114 τῶν
1013 1063 1420 1135 ἀνοητοτέρων.
1457 1067 1571 1120 Καὶ
1610 1067 1720 1136 μὴν
1758 1066 1874 1121 δαί.

294 1166 410 1217 μων
433 1149 532 1202 οὐκ
556 1150 817 1206 ὲκὸάλλει
849 1153 1105 1223 δαίμονα,
1159 1155 1332 1210 Τοῦτο
1371 1158 1480 1229 γὰρ
1541 1159 1574 1228 ἡ
1609 1160 1877 1231 αὐτοαλή-

292 1239 411 1293 θειά
469 1259 640 1312 φησιν
689 1245 719 1297 ὁ
771 1245 1030 1329 Χριστός.
1071 1247 1504 1305 Λυσσωδέστατε
1557 1250 1732 1318 κύων,
1795 1251 1874 1317 ίὸς

291 1334 532 1386 ἀσπίδων
564 1335 670 1390 ὑπὸ
688 1337 756 1392 τά
789 1337 942 1409 χείλη
972 1355 1093 1395 σου.

383 1425 494 1493 μζκ
532 1427 738 1496 ’Ἄνδρα
772 1429 872 1499 μὲν
911 1431 1182 1503 φρόνιμον
1225 1431 1594 1501 ὀνομάζουσιν
1621 1435 1874 1500 ἑαυτοὺς,

288 1515 759 1587 οἰκοδομήσαντας
777 1518 877 1591 τὴν
900 1520 1082 1575 οὶκίαν
1110 1523 1202 1575 ἐπὶ
1219 1522 1318 1594 τὴν
1353 1525 1560 1594 πέτραν
1578 1527 1678 1592 τῆς
1700 1543 1874 1594 προσ-

285 1608 449 1676 ευχῆς
485 1606 578 1660 τοῦ
610 1608 804 1678 Πάτερ
836 1610 1031 1680 ὴμῶν-⁸
1081 1612 1252 1682 ἀνδρα
1309 1615 1366 1668 δὲ
1403 1617 1587 1686 μωρὸν
1615 1616 1874 1669 καλοῦσιν

285 1701 453 1769 ημᾶς,
499 1701 975 1776 οἰκοδομήσαντας
1015 1704 1114 1777 τὴν
1141 1707 1324 1761 οἰκίαν
1355 1707 1448 1761 ἐπὶ
1512 1708 1611 1779 τὴν
1642 1708 1874 1780 ψάμμον

282 1789 392 1843 τῶν
418 1790 598 1846 ἄλλων
641 1797 986 1868 προσευχῶν,
1013 1796 1120 1851 τῶν
1152 1799 1366 1852 πολλῶν
1398 1799 1517 1871 μὲν,
1545 1801 1792 1854 ἀσθενῶν
1815 1802 1872 1856 δὲ

284 1885 377 1936 καὶ
405 1885 677 1954 ἀνοήτων,
712 1885 790 1950 ὡς
819 1891 934 1950 τοῖς
974 1889 1233 1961 ἀνοήτοις
1259 1891 1472 1952 τούτοις
1505 1891 1675 1946 δοκεῖ.

353 1989 468 2052 μη’.
521 1984 632 2038 Kal
685 1986 1065 2055 προσελθὼν,
1122 1989 1334 2058 φησὶν,
1371 1982 1458 2052 εἷς
1487 1989 1868 2057 γραμματεὺς

286 2071 459 2128 εἶπεν
495 2076 678 2144 αὐτῷ,
721 2078 1084 2144 Διδάσκαλε,
1129 2081 1531 2145 ἀκολουθήσω
1551 2098 1672 2150 σοι,
1712 2083 1868 2138 ὅπου

283 2166 392 2221 ἐὰν
412 2168 669 2239 ἀπέρχῃ.
692 2173 796 2225 Kal
816 2171 981 2242 ,λέγει
1000 2172 1160 2238 αὑτῷ
1183 2176 1216 2227 ὁ
1253 2173 1494 2241 Ἰησοῦς
1516 2193 1529 2204 '
1549 2178 1618 2230 Ai
1638 2177 1870 2230 ἀλώπε-

282 2275 383 2323 κες
409 2262 684 2329 φωλεοὺς
706 2262 944 2331 έχουσι,
976 2265 1074 2318 καὶ
1103 2265 1175 2319 τὰ
1195 2267 1438 2320 πετεινὰ
1461 2267 1567 2320 τοῦ
1597 2270 1868 2336 οἱφανοῦ

278 2352 800 2422 κατασκηνώσεις-ο
828 2357 861 2409 ό
885 2355 954 2410 δὲ
986 2355 1120 2423 Υἱὸς
1136 2356 1244 2413 τοῦ
1268 2357 1586 2426 ἀνθρώπου
1606 2361 1716 2414 οὐκ
1743 2361 1870 2429 ἔχει

280 2442 399 2495 ποῦ
431 2441 552 2512 τὴν
585 2445 864 2514 κεφαλὴν
889 2446 1114 2502 κλῖναι.
1141 2447 1493 2519 Γραμματέα
1513 2451 1614 2521 μὲν
1644 2451 1867 2522 λέγουσι

282 2534 464 2588 πάντα
494 2539 915 2608 γραμματικὸν,
951 2541 1048 2595 καὶ
1092 2543 1574 2611 παραγγέλλουσιν
1613 2544 1869 2618 ἀλλήλοις

281 2625 358 2693 μὴ
392 2629 808 2700 παραδέχεσθαι
864 2635 1263 2704 γραμματικὸν
1299 2638 1380 2700 είς
1423 2637 1678 2708 μαθητάς
1725 2641 1870 2695 κατά

282 2716 542 2787 μίμησιν,
608 2720 683 2782 ὡς
713 2722 958 2794 είρηται,
993 2723 1093 2778 τοῦ
1131 2726 1379 2798 Χριστοῦ
1431 2729 1508 2799 μὴ
1561 2729 1869 2800 παραδεξα-

281 2807 446 2875 μένου
478 2808 573 2864 τὸν
603 2815 964 2884 γραμματέα·
1013 2817 1311 2883 ἀλώπεκας
1365 2819 1428 2874 δὲ
1496 2819 1681 2876 νοοῦσι
1737 2825 1870 2888 τοὺς

278 2900 336 2954 ὲν
389 2903 746 2978 στενοχώροις
796 2908 1070 2973 οῑκίσκοις
1129 2911 1569 2984 καθειργμένους
1595 2914 1865 2986 ἀσκητάς,

277 2990 353 3054 ὡς
390 2991 446 3045 ἓν
468 3011 581 3046 τισι
612 2997 865 3065 φωλεοῖς.
897 3001 1130 3055 Πετεινά
1167 3002 1224 3057 δὲ
1281 3004 1377 3057 τοῦ
1449 3006 1690 3075 ούρανοῦ
1737 3010 1869 3072 τοὺς

281 3087 546 3152 κιονίτας,
578 3089 654 3154 ὡς
682 3092 938 3163 ἀνωτέρω
963 3096 1310 3166 προείρηται,
1349 3098 1481 3168 παρ’
1503 3093 1584 3163 οἷς
1627 3101 1702 3171 μὴ
1729 3117 1866 3156 κατ·

278 3183 449 3233 οικεῖν
494 3183 635 3247 ὅλως
684 3185 776 3239 τὸν
820 3188 1081 3258 Χριστὸν,
1116 3190 1193 3254 ὡς
1233 3190 1476 3256 ἀναξίοις
1520 3193 1621 3262 τῆς
1675 3195 1869 3266 ἐπιδη-

1976 610 2244 680 vinosque
2271 613 2480 677 Patres,
2503 611 2595 682 qui
2625 613 2922 682 prophetia:
2955 628 3178 666 munere
3200 613 3381 664 donati
3406 621 3560 679 sunt,

1976 703 2177 770 quique
2203 705 2478 758 dmmonas
2505 704 2803 769 ejccct‘unt,
2857 713 2913 758 et
2957 703 3074 757 alia.
3103 703 3268 758 multa
3302 703 3558 756 miracula

1977 796 2282 849 ediderunt.
2331 794 2462 861 Qum
2501 795 2718 863 quidem
2750 796 2931 850 omnia
2969 812 3012 849 a-
3065 795 3423 856 dar-monibus,
3467 793 3561 862 qui

1978 890 2032 943 in
2082 887 2214 958 ipsis
2263 887 2602 954 habitabant,
2669 889 2839 943 fuisse
2890 889 3030 943 facta
3091 889 3445 950 contendunt,
3503 894 3563 939 ut

1977 981 2163 1038 oculos
2195 981 2636 1049 praestringerent
2678 981 3100 1050 imperitiorum.
3135 981 3296 1047 Atqui
3345 978 3559 1032 daemon

1977 1087 2085 1126 non
2112 1071 2264 1141 cjicit
2299 1073 2620 1139 dremonem,
2654 1082 2711 1127 ut
2744 1071 2857 1140 ipsa
2903 1070 3100 1124 veritas
3159 1069 3419 1123 Christus
3476 1075 3559 1120 te-

1976 1165 2572 1221 statunliabidissime
2604 1165 2777 1230 canis,
2829 1179 3095 1219 venenum
3160 1163 3405 1232 aspidem
3457 1161 3559 1215 sub

1976 1256 2135 1314 labiis
2171 1259 2298 1313 tuis.

2047 1442 2136 1498 47.
2176 1441 2360 1496 Virum
2415 1442 2733 1511 prudentem
2798 1453 2858 1493 se
2918 1438 3062 1507 ipsos
3106 1437 3556 1502 interpretantur,

1977 1535 2124 1605 quod
2159 1550 2322 1605 super
2360 1534 2692 1605 precationis
2721 1533 2886 1599 illius,
2927 1532 3088 1585 Pater
3122 1539 3316 1593 noster,
3343 1535 3554 1595 petram

1977 1631 2194 1683 domum
2224 1627 2779 1703 aediﬁcentgstullum
2819 1638 3023 1689 autem,
3059 1637 3155 1677 nos
3207 1621 3296 1690 qui
3337 1623 3556 1674 domum

1977 1723 2306 1778 mditlcetnus
2395 1735 2562 1791 super
2626 1721 2764 1774 alias
2857 1733 3050 1787 preces
3085 1757 3102 1782 ,
3182 1729 3301 1784 qum
3378 1711 3560 1765 multa:

1979 1815 2195 1882 quidem
2241 1813 2495 1878 sint,.sed
2531 1811 2759 1868 infirmae
2788 1820 2843 1865 et
2882 1811 3080 1876 stultze,
3135 1816 3191 1861 ut
3247 1805 3378 1876 ipsis
3427 1804 3562 1858 Slul-

1901 1897 1943 1951 Β
1976 1909 2048 1964 tis
2074 1907 2311 1962 videtur.

2040 1999 2132 2053 48.
2168 1997 2231 2052 Et
2263 1999 2537 2065 accedens,
2566 1999 2928 2068 inquit,'unus
2970 1993 3143 2049 scriba
3167 1993 3295 2046 dixit
3331 1991 3416 2044 ei:
3441 1987 3558 2040 illa.-

1971 2094 2159 2164 gister,
2183 2109 2377 2162 sequar
2411 2104 2460 2148 te
2494 2106 2798 2165 quocunque
2825 2091 2975 2146 ieris.
3009 2087 3073 2142 Et
3111 2085 3236 2141 dicit
3264 2084 3310 2136 ei
3345 2081 3512 2136 Iesus.
3534 2093 3554 2130 :

1981 2183 2174 2254 Vulpes
2200 2185 2374 2251 laneas
2402 2183 2618 2249 habent,
2643 2191 2691 2234 et
2715 2179 2952 2235 uoluae:
2983 2178 3111 2232 caeli
3129 2176 3280 2230 nidos
3305 2192 3322 2238 ;
3380 2171 3556 2226 Filius

1971 2288 2148 2339 autem
2204 2277 2434 2330 hominis
2485 2292 2589 2330 non
2635 2275 2814 2336 habet,
2870 2272 2961 2326 ubi
3024 2282 3183 2340 caput
3233 2267 3444 2322 reclinet
3512 2269 3555 2318 ι.

1973 2367 2194 2424 Scribas
2222 2367 2498 2439 appellant
2529 2381 2720 2424 omnes
2743 2366 3032 2430 litteratos,
3069 2377 3204 2433 quos
3237 2362 3288 2415 in
3318 2359 3564 2428 discipli‘

1973 2477 2096 2517 nam
2141 2478 2251 2518 non
2299 2476 2421 2518 esse
2462 2459 2804 2531 recipiendos
2844 2473 2964 2514 sese
3005 2467 3190 2512 mutuo
3235 2456 3548 2515 admouent,

1972 2555 2040 2610 ad
2074 2552 2274 2611 Christi
2321 2553 2698 2620 imitationem,
2733 2562 2792 2608 ut
2825 2553 3027 2608 dictum
3053 2557 3156 2616 est,
3192 2547 3284 2617 qui
3319 2546 3556 2601 scribam

1971 2664 2082 2704 non
2117 2647 2341 2718 recepit.
2383 2647 2585 2716 Vulpes
2633 2654 2816 2701 autem
2879 2643 3186 2713 intelligunt
3239 2639 3558 2699 monachos,

1973 2738 2150 2808 quiin
2207 2739 2555 2793 dumuncnlis
2605 2737 2869 2807 angustis,
2920 2746 3178 2804 tanquam
3241 2732 3294 2786 in
3342 2728 3565 2783 latebris

1971 2826 2167 2884 inclusi
2194 2836 2340 2884 sunt.
2380 2825 2636 2883 Volatilia
2659 2825 2785 2882 coeli
2823 2839 2920 2881 eos
2966 2823 3305 2886 existimant,
3363 2819 3452 2889 qui
3504 2818 3558 2872 in

1972 2919 2238 2975 columnis
2300 2919 2466 2974 vitam
2525 2921 2746 2990 degunt,
2804 2926 2862 2971 ut
2907 2923 3034 2971 ante
3097 2914 3358 2978 diximus,
3418 2912 3558 2980 apud

1971 3029 2109 3084 quos
2136 3012 2390 3068 Christus
2420 3012 2647 3067 omnino
2675 3026 2779 3067 non
2813 3010 3040 3074 habitet,
3081 3023 3201 3063 cum
3235 3007 3379 3060 illius
3418 3019 3557 3073 prae-

1971 3106 2147 3162 scotia
2185 3106 2298 3163 sint
2329 3105 2565 3176 indigni.
2611 3103 2934 3173 Sepulcrum
2986 3115 3115 3156 vere
3145 3109 3336 3170 patens
3370 3105 3557 3168 guttur

1973 3197 2204 3252 istorum
2235 3199 2510 3253 hominum
2546 3195 2929 3263 scelestarum,
2957 3192 3100 3264 quod
3133 3190 3362 3247 multum
3393 3188 3556 3242 freto.-

281 3271 412 3338 μίις
457 3273 655 3329 αὐτοῦ.
714 3278 900 3348 Τάφος
947 3279 1118 3345 ὅντως
1166 3283 1518 3354 ἀνεῳγμένος
1586 3287 1615 3339 ὁ
1659 3285 1869 3358 λάρυγξ

1976 3303 2089 3342 rem
2119 3287 2340 3344 emittit.

278 3371 390 3426 τῶν
425 3374 768 3448 ἀλαστόρων,
836 3378 1046 3452 πολλὴν
1083 3381 1434 3454 ἀναπέμπων
1482 3382 1774 3452 δυσωδίαν,
1837 3385 1934 3440 καὶ
1973 3385 2308 3456 φθοροποιὸν
2357 3384 2436 3440 ίδν
2478 3385 2732 3457 προχέων
2769 3384 2861 3439 διὰ
2894 3381 2990 3437 τοῦ
3034 3379 3310 3450 θεομάχου
3349 3377 3556 3448 στόμα·

278 3479 391 3526 τος.

339 3560 448 3629 μθ’.
471 3559 576 3615 Δύο
593 3562 1072 3637 δαιμονιζομένους
1091 3567 1344 3637 λέγουσιν
1367 3571 1430 3624 ἐκ
1449 3570 1557 3624 τῶν
1579 3571 1865 3642 μνημείων

279 3653 692 3726 ἐξερχομένους,
720 3657 782 3710 τό
809 3675 869 3711 τε
897 3660 1086 3729 τάγμα
1111 3661 1222 3715 τῶν
1239 3663 1512 3732 μοναχῶν,
1531 3665 1628 3718 καὶ
1651 3666 1712 3718 τὸ
1732 3665 1868 3734 τάγ-

280 3764 357 3817 μα
388 3747 500 3800 τῶν
534 3749 836 3822 κληρικῶν.
908 3752 1024 3806 Ἀεὶ
1067 3753 1177 3824 γὰρ
1219 3756 1277 3807 ὲν
1311 3758 1424 3818 τοῖς
1465 3759 1868 3828 χειροποιήτοις

280 3841 431 3904 ναοῖς
464 3841 786 3913 διατρίϐειν,
815 3842 1070 3908 οὕστινας
1100 3841 1241 3900 εἶναι
1269 3847 1478 3915 τάφους
1507 3848 1868 3922 θησαυρίζον-

279 3949 381 3995 τας
417 3935 584 3988 ὀστέα
617 3936 850 4006 νεκρῶν.
882 3936 1040 3990 Οῦτω
1071 3940 1180 4007 γὰρ
1211 3939 1261 3992 oi
1293 3939 1507 4009 ἐναγεῖς
1539 3941 1870 4012 δνομάζουσι

279 4028 349 4080 τὰ
390 4027 622 4097 λείψανα
660 4030 770 4084 τῶν
809 4031 1005 4097 ἁγίων.
1040 4027 1198 4085 Εῐναι
1237 4031 1387 4087 δὲτὰ
1411 4033 1506 4088 δύο
1533 4033 1706 4088 ταῦτα
1743 4037 1874 4106 τάγ-

282 4133 431 4184 μιτα
474 4117 686 4188 φυσερά
764 4117 888 4173 λίαν
929 4122 1044 4185 τοῖς
1085 4122 1429 4192 Βογομίλοις,
1473 4123 1616 4178 ὥστε
1661 4126 1870 4197 μηδένα

281 4207 488 4260 τούτων
518 4208 726 4278 ἰσχύειν
750 4210 1046 4279 παρελθεῖν
1067 4211 1156 4265 διὰ
1176 4212 1274 4279 τῆς
1299 4213 1423 4268 ὁδοῦ
1450 4215 1691 4285 ἐκείνης.
1720 4217 1872 4286 Ἀγέ-

282 4297 382 4367 λην
423 4299 481 4352 δὲ
522 4299 724 4370 χοίρων
769 4303 986 4357 πολλῶν
1029 4303 1382 4374 βοσκομένων
1426 4306 1696 4377 ὑπάρχειν
1741 4311 1870 4372 τοὺς

283 4389 572 4458 ἀγελαίους
593 4434 607 4459 ,
641 4394 734 4446 καὶ
764 4394 1003 4464 ἀμαθεῖς
1021 4435 1038 4458 ,
1065 4396 1158 4449 καὶ
1187 4395 1470 4466 χοιρώδεις
1499 4397 1825 4469 ἀνθρώπους
1844 4439 1860 4466 ,

284 4484 362 4544 εἰς
389 4483 482 4549 οὒς
508 4485 848 4558 ἀπέρχεσθαι
873 4487 1119 4554 τούτους,
1146 4490 1244 4543 καὶ
1266 4489 1542 4545 διδάσκειν
1570 4492 1666 4546 καὶ
1698 4510 1868 4546 κατα-

286 4577 636 4646 κρημνίζειν,
696 4581 793 4634 καὶ
832 4580 1160 4651 ἀποπνίγειν
1195 4582 1394 4647 αὐτοὺς
1417 4584 1475 4638 ὲν
1515 4585 1582 4654 τῇ
1618 4582 1862 4657 θαλάσσῃ

283 4669 386 4739 τῆς
413 4671 714 4744 ἁμαρτίας.

2036 3569 2130 3627 49.
2175 3570 2316 3626 Duos
2353 3567 2473 3624 illos
2507 3565 2842 3622 daunonibus
2871 3572 3114 3628 vexatos,
3149 3563 3241 3632 qui
3275 3563 3340 3617 de
3380 3561 3558 3632 sepul-

1966 3666 2081 3720 cris
2129 3664 2374 3727 exibant,
2432 3663 2566 3715 duos
2623 3660 2845 3714 ordines
2877 3659 3332 3726 interpretantur,
3360 3671 3558 3723 nempe

1968 3755 2292 3813 clericorum
2326 3763 2382 3809 et
2433 3753 2856 3817 monachorum;
2903 3763 3116 3818 semper
3137 3748 3280 3803 enim
3311 3748 3362 3800 in
3393 3761 3558 3800 manu

1969 3846 2132 3901 lactis
2160 3844 2374 3913 templis
2421 3858 2543 3912 quae
2575 3843 2658 3898 isti
2694 3841 2940 3910 sepulcra
2969 3849 3184 3904 vocant,
3215 3839 3548 3900 inhabitare,

1972 3937 2027 3992 in
2055 3937 2253 4007 quibus
2282 3943 2622 3990 mortuorum
2654 3947 2778 3988 ossa
2814 3931 3096 3987 recondita
3119 3930 3246 3985 sint.
3285 3929 3378 3984 Sic
3402 3930 3550 3983 enim

1971 4030 2220 4086 homines
2245 4027 2435 4082 nefarii
2473 4025 2744 4096 appellant
2773 4023 3030 4092 reliquias
3060 4031 3396 4079 sanctorum.
3439 4019 3553 4075 llos

1971 4137 2139 4194 porro
2191 4122 2328 4178 duos
2381 4119 2607 4177 ordines
2663 4117 2954 4188 Bogomilis
3008 4131 3129 4173 esse
3172 4113 3326 4168 valde
3354 4113 3550 4168 formi-

1970 4216 2198 4280 dandos,
2249 4214 2386 4269 adco
2415 4221 2475 4268 ut
2541 4226 2702 4266 nemo
2752 4212 2992 4281 ipsorum
3046 4223 3144 4278 per
3198 4206 3344 4261 illam
3412 4205 3554 4258 viam

1973 4306 2211 4363 transire
2235 4315 2420 4377 queat.
2459 4304 2689 4374 Gregem
2713 4310 2894 4356 autem
2927 4313 3216 4369 porcorum
3260 4296 3555 4351 multorum

1972 4398 2313 4469 pascentium
2345 4411 2466 4454 esse
2501 4394 2750 4450 homines
2774 4393 2929 4456 viles,
2957 4402 3012 4448 et
3036 4389 3350 4460 imperitos,
3381 4403 3446 4443 ac
3470 4386 3554 4439 vi-

1975 4503 2084 4548 tam
2112 4493 2333 4548 suillam
2363 4499 2586 4562 agentes
2620 4502 2756 4558 quos
2787 4487 2860 4542 illi
2884 4487 3156 4544 sulfocant
3186 4485 3238 4541 in
3265 4482 3401 4539 mari
3429 4496 3557 4553 pec-

1973 4594 2241 4641 calorum.

356 4775 420 4823 v'.
443 4764 603 4824 Οἶνον
624 4771 723 4840 μὲν
742 4770 966 4825 καλοῦσι
988 4771 1106 4825 νέον
1141 4774 1240 4843 τὴν
1256 4771 1611 4828 διδασκαλίαν
1631 4774 1862 4840 ἑαυτῶν,

2039 4775 2128 4831 50.
2169 4772 2362 4830 Vinum
2409 4789 2607 4829 novum
2667 4770 2940 4840 appellant
2995 4766 3295 4822 doctrinam
3362 4779 3544 4828 suam,

286 4863 490 4929 ἀσκοὺς
530 4867 588 4920 δὲ
628 4866 900 4929 παλαιοὺς
937 4866 1065 4928 τοὺς
1114 4866 1189 4936 μὴ
1232 4865 1634 4937 προσιεμένους
1677 4868 1873 4937 αὐτὴν,

289 4957 492 5026 ἀσκοὺς
518 4960 576 5014 δὲ
601 4960 754 5024 νέους
781 4960 906 5022 τοὺς
935 4959 1364 5030 ὑποδεχομένους
1387 4959 1594 5031 ταύτην
1621 4961 1718 5015 καὶ
1750 4978 1874 5015 συν-

290 5053 591 5123 τηροῦντας
620 5055 678 5107 ὲν
707 5055 948 5115 ἑαυτοῖς.

361 5145 458 5202 να’.
488 5149 728 5200 Γυναῖκα
761 5146 975 5200 νοοῦσιν
990 5144 1394 5215 αἱμοῤῥοοῦσαν
1415 5144 1512 5214 ἔτη
1528 5141 1739 5198 δώδεκα
1771 5143 1871 5214 τὴν

291 5239 350 5291 ἒν
394 5241 789 5312 Ἰεροσολύμοις
808 5237 1578 5309 Ἑκκλησίαν,αίμορροοῦσαν
1608 5240 1723 5299 τοῖς
1748 5254 1868 5308 χεο·

293 5327 471 5397 μένοις
489 5329 687 5400 αἵμασι
719 5328 827 5382 τῶν
861 5328 1063 5382 θυσιῶν
1098 5329 1156 5382 ὲν
1177 5329 1297 5392 ταῖς
1318 5327 1524 5380 δώδεκα
1544 5328 1740 5397 φυλαῖς
1775 5325 1869 5379 τοῦ

305 5419 544 5492 Ἰσραήλ.
591 5423 810 5491 Ταύτης
855 5423 965 5492 γὰρ
1013 5421 1111 5491 τὴν
1158 5421 1485 5491 αῑμόρῤοιαν
1531 5420 1728 5491 στῆσαι
1778 5420 1868 5472 τὸν

293 5511 549 5582 Χριστὸν,
596 5513 1058 5585 ὲξολοθρεύσαντα
1109 5513 1246 5582 μετὰ
1296 5513 1492 5583 μικρὸν
1538 5512 1607 5565 τὰ
1638 5513 1867 5582 Ἱεροσό-

294 5602 458 5674 λυμα.
497 5608 658 5660 ’Λλλὰ
688 5607 806 5668 πῶς
837 5606 905 5660 ἂν
933 5606 1028 5676 ἔτη
1063 5605 1270 5660 δώδεκα
1304 5605 1546 5675 νοηθεῖεν
1580 5606 1645 5658 ἂν
1677 5605 1734 5657 αἱ
1766 5604 1870 5657 6di-

294 5691 422 5747 δέκα
449 5697 645 5766 φυλαί;
673 5698 744 5749 Τὸ
774 5698 874 5764 μὲν
903 5697 1008 5764 γὰρ
1041 5697 1158 5761 ἔτος
1187 5699 1439 5768 χρονικὸν
1465 5717 1515 5750 τι
1543 5697 1749 5767 κίνημα
1774 5697 1870 5750 καὶ

364 5874 377 5904 ¹
434 5877 624 5937 Matth.
663 5895 780 5945 vin,
831 5878 1030 5942 19,20.

1977 4879 2138 4925 utres
2175 4878 2356 4923 autem
2412 4873 2649 4929 veteres,
2717 4876 2810 4916 eos
2865 4859 2956 4925 qui
3003 4859 3148 4912 illam
3185 4874 3288 4910 nun
3357 4859 3552 4910 adluit-

1974 4969 2095 5015 tunt
2162 4976 2176 5013 :
2231 4971 2401 5012 novos
2461 4969 2614 5019 vero,
2663 4951 2756 5020 qui
2826 4949 2974 5003 illam
3029 4945 3335 5015 suscipiunt
3395 4956 3558 5013 atque

1972 5060 2318 5108 conservant.

2040 5142 2132 5196 51.
2165 5140 2472 5203 Mulierem,
2516 5150 2634 5206 qute
2696 5133 2981 5190 duodecim
3037 5149 3210 5190 annos
3265 5133 3550 5203 sanguinis

1971 5234 2115 5288 ﬂuxu
2169 5234 2530 5294 laboraverat,
2585 5228 3126 5296 Hierosolymitanam
3156 5226 3424 5294 appellant
3454 5225 3554 5278 Ec-

1969 5329 2216 5391 clesiam,
2274 5339 2395 5394 qua:
2437 5321 2716 5390 sanguinis
2762 5323 3102 5374 victimarum
3149 5318 3466 5371 ellusiOnem
3494 5318 3547 5369 in

1968 5418 2251 5475 duodecim
2278 5414 2520 5471 tribubus
2549 5412 2762 5468 lsraelis
2791 5412 3109 5481 patiebatur.
3153 5408 3306 5462 "tlllc
3336 5409 3554 5472 sangui-

1975 5513 2059 5565 nis
2083 5511 2284 5565 llnxum
2312 5509 2522 5564 stitisse
2554 5506 2851 5568 Christum,
2877 5519 2998 5558 cum
3034 5501 3192 5571 paulo
3217 5510 3330 5568 post
3357 5503 3551 5552 evertit

1970 5601 2420 5671 Hierosolymam.
2459 5598 2562 5652 Sed
2596 5595 2864 5666 quomodo
2908 5609 3004 5664 per
3051 5608 3223 5645 annos
3269 5591 3548 5644 duodecim

1981 5695 2201 5762 intelligi
2271 5702 2498 5763 possunt
2575 5687 2862 5744 duodecim
2924 5686 3094 5742 tribus
3129 5724 3144 5749 ,
3202 5701 3320 5740 cum
3379 5697 3558 5738 annus
