4044 6290
471 373 604 438 1331

1705 373 2096 435 EUTHYMII
2139 376 2501 439 ZIGABENI

3604 374 3742 439 1332

469 484 930 555 aittemporarius
980 483 1198 555 quidam
1229 490 1409 541 motus
1463 493 1623 556 atque
1680 485 2051 548 intervallum,

2170 490 2438 562 Βιάστημα
2461 535 2474 556 ,
2508 494 2541 563 ή
2576 492 2631 547 δὲ
2667 492 2809 561 φυλὴ
2844 492 3001 561 γένος
3041 488 3370 562 ἀνθρώπων.
3401 488 3569 540 Ὅσον
3599 488 3656 540 δὲ
3686 489 3742 540 τὸ

468 580 643 634 tribus
703 585 883 633 autem
959 577 1030 630 sit
1084 591 1252 646 genus
1317 577 1645 633 hominum?
1689 579 1827 646 Quil
1869 590 2051 635 autem

470 671 689 726 intersit
723 671 866 725 inter
902 669 1177 725 hominem
1236 678 1290 726 et
1335 680 1547 741 tempus
1576 670 1704 741 quis
1732 686 1838 727 non
1865 673 2053 727 videt?

542 764 631 818 ὅθ.
670 763 868 818 Audite
902 763 1074 833 magis
1104 763 1283 817 adhuc
1326 763 1605 818 ridiculam
1649 765 2054 834 interpretatio-

376 840 381 863 ³
468 872 617 919 nem,
660 863 822 924 atque
852 854 977 909 inde
1012 855 1252 924 colligite
1287 854 1520 924 ineptias
1550 856 1684 912 nihil
1714 859 1782 913 ab
1822 859 2054 914 anilibus

471 948 624 1018 nugis
656 956 707 1003 et
734 946 931 1003 fabulis
963 948 1351 1018 discrepantes.
1388 948 1524 1004 Illud
1560 950 1731 1017 enim,
1787 949 2055 1019 lncrepuit

388 1040 389 1045 “
471 1057 556 1093 eos
590 1039 773 1107 Iesus,
818 1042 897 1095 sic
955 1043 1402 1111 interpretantur,
1435 1051 1492 1097 ut
1565 1042 1706 1096 idem
1772 1044 1867 1109 sit,
1920 1059 1983 1098 ac
2010 1045 2054 1099 si

470 1129 747 1184 dixisset:
789 1129 973 1198 lnjecit
1033 1131 1142 1186 illis
1195 1131 1356 1188 Iesus
1394 1147 1721 1188 sermonem.
1784 1133 1918 1189 Cum
1964 1152 2055 1205 pu-

473 1221 625 1285 dore,
663 1223 792 1277 mihi
849 1223 1080 1286 credite,
1114 1233 1164 1276 et
1198 1224 1396 1279 invitus
1418 1225 1530 1281 haec
1564 1225 1772 1296 loquor.
1805 1227 2052 1283 Ridicnla

471 1315 1097 1384 cnimcommcmorans,
1145 1320 1405 1374 ridiculus
1463 1322 1678 1377 videor.
1735 1322 2053 1390 Quanquam

472 1409 661 1474 paucis
705 1410 879 1463 dedita
920 1426 1081 1480 opera
1120 1412 1284 1467 multa
1338 1414 1679 1480 coacervari,
1721 1424 1779 1469 ut
1840 1430 1905 1470 ex
1970 1415 2057 1470 his

473 1502 659 1568 paucis
692 1503 896 1573 reliqua
930 1505 1158 1562 lectores
1183 1508 1487 1574 judicarenl
1513 1527 1526 1562 :
1559 1517 1682 1564 sunt
1705 1508 1847 1563 enim
1874 1511 2055 1563 omnia

477 1595 744 1665 ejusdem,
779 1605 835 1649 ut
867 1598 1039 1663 aiunt,
1093 1600 1340 1655 ofﬁcinae.
1387 1599 1608 1654 Vastnm
1658 1601 1803 1655 enim
1866 1601 2057 1670 impie-

481 1688 611 1743 tatis
663 1688 885 1759 pelagus
954 1691 1285 1759 aperuimus,
1353 1693 1419 1747 ad
1476 1693 1618 1762 quod
1679 1693 2055 1763 trajiciendum

483 1776 780 1832 multorum
836 1791 980 1836 esset
1013 1797 1146 1850 opus
1202 1783 1412 1838 dierum
1476 1784 1670 1851 spatio.
1714 1784 1826 1840 Nos
1869 1795 2053 1839 autem

478 1872 751 1941 paululum
811 1889 837 1927 a
870 1883 1014 1929 terra
1052 1877 1229 1931 adhuc
1262 1880 1551 1941 movimus,
1586 1889 1639 1933 et
1712 1888 1891 1933 tamen
1959 1893 2056 1933 vos

479 1975 813 2020 nauseantcs
862 1969 1061 2033 sentio,
1110 1970 1225 2021 imo
1283 1984 1410 2023 vero
1478 1970 1609 2023 mihi
1669 1971 1840 2039 prius,
1874 1982 2059 2041 ‘quam

478 2058 655 2123 vobis,
694 2058 747 2112 id
778 2059 993 2114 accidit.
1026 2061 1104 2114 Ac
1131 2060 1261 2114 mihi
1307 2060 1497 2115 melius
1529 2062 1766 2128 videtur,
1821 2071 1883 2117 ut
1939 2077 2063 2117 ora-

477 2154 641 2210 tionis
672 2154 789 2209 vela
838 2155 1245 2220 contrahamus,
1280 2162 1336 2210 et
1382 2156 1690 2211 inhibentes
1750 2157 1802 2209 in
1838 2155 2043 2211 silentii

478 2255 691 2315 portum
750 2248 1189 2314 contendamus;
1238 2257 1290 2303 et
1332 2262 1397 2303 eo
1444 2249 1636 2318 magis,
1684 2248 1826 2317 quod
1884 2248 2062 2318 lingua

477 2337 567 2392 illa
599 2340 825 2393 scelesta
878 2340 1205 2409 garrulaque
1230 2341 1532 2407 conticuit;
1571 2349 1625 2396 et
1657 2340 1871 2397 nefaria
1906 2341 2055 2396 illius

479 2429 653 2494 labra,
706 2432 796 2500 qui
857 2433 1049 2502 impias
1109 2433 1411 2489 istiusmodi
1474 2449 1642 2502 nugas
1699 2434 2062 2504 excogitabat,

478 2535 743 2590 oppressa
799 2536 947 2588 sum,
1004 2536 1058 2578 et
1121 2528 1431 2579 obturatum
1477 2536 1563 2579 est
1619 2541 1678 2580 os
1728 2525 2063 2595 loquentium

478 2614 686 2684 iniqua.
723 2615 856 2670 Cum
887 2617 1030 2671 enim
1073 2618 1217 2672 hunc
1244 2619 1679 2687 sapientissimus
1736 2629 1792 2674 et
1842 2633 2065 2689 magna-

477 2706 663 2761 nimus
719 2717 908 2761 noster
968 2710 1263 2775 imperator
1335 2711 1727 2765 accersendum
1792 2720 2062 2777 curasset,

479 2809 533 2851 et
563 2815 629 2853 ex
660 2799 838 2855 verbis
880 2801 1050 2869 ipsius
1094 2800 1285 2855 fabulae
1319 2802 1725 2856 simulationem
1777 2802 2065 2872 patefecis-

482 2900 585 2957 set,
636 2907 870 2959 eumqne
929 2892 1061 2946 nihil
1126 2893 1268 2946 aliud
1323 2906 1464 2957 esse,
1516 2894 1617 2949 nisi
1673 2909 1747 2949 aes
1819 2893 2065 2962 undique

478 2981 717 3037 tinniens
757 2993 813 3037 et
856 2982 1021 3037 fallax
1080 2985 1394 3052 repetisset,
1449 3000 1571 3039 cum
1641 2986 1804 3041 modo
1826 2984 2057 3055 ﬁngeret

482 3089 543 3129 se
574 3074 915 3142 resipiscere,
958 3075 1119 3130 modo
1157 3085 1413 3145 tanquam
1471 3078 1624 3132 canis
1675 3078 1741 3131 ad
1801 3078 2081 3133 vomitum‘

2158 585 2415 656 διάφορον
2443 586 2731 656 ἀνθρώπου
2764 587 2856 639 καὶ
2882 586 3075 656 χρόνου
3099 585 3111 636 I

2233 769 2334 837 νβ’.
2354 769 2653 822 Ἀκούσατε
2674 769 2767 821 καὶ
2790 765 3256 834 γελοιωδεστὲραν
3274 762 3601 835 ἑρμηνείαν,
3622 763 3750 815 κάν-

2159 859 2348 913 τεῦθεν
2385 859 2741 929 καταμάθετε
2774 859 2874 928 τὴν
2908 856 3134 925 ἀλογίαν
3168 856 3279 909 τῶν
3318 855 3486 925 μηδὲν
3522 854 3749 924 ἄμεινον

2161 953 2347 1025 γραῶν
2369 951 2828 1018 κωθωνιζομένων
2845 947 3313 1019 μυθολογούντων.
3333 945 3407 997 Τὸ
3432 945 3565 1013 γὰρ,
3592 946 3749 996 Ἐνε-

2162 1043 2490 1115 6ριμήσατο
2517 1042 2724 1108 αὐτοῖς
2750 1045 2785 1097 ὀ
2812 1040 3051 1109 Ἰησοῦς
3077 1038 3298 1109 λέγων,
3326 1036 3748 1109 ἑρμηνεύουσιν,

2161 1138 2242 1190 ὄτι
2286 1135 2733 1205 ὲνεϐρωμάτισεν
2774 1134 2956 1195 αὐτοῖς
3000 1133 3027 1184 ό
3065 1129 3278 1201 Ἰησοῦς
3320 1128 3494 1197 λόγον.
3524 1124 3659 1198 Ἆρ’
3688 1127 3749 1178 οὐ

2160 1230 2303 1283 δοκῶ
2342 1230 2437 1283 καὶ
2482 1228 2645 1291 αὐτὸς
2688 1225 3032 1297 παραπαίειν
3063 1223 3135 1277 τὰ
3170 1222 3281 1276 τῶν
3317 1220 3751 1291 παραπαίοντων
3820 1213 3833 1228 “

2163 1322 2627 1393 ὑποκρινόμενος;
2663 1319 3026 1390 Αἰσχύνομαι,
3062 1315 3417 1377 πιστεύσατε,
3450 1314 3545 1365 καὶ
3582 1311 3750 1364 ἀϐου-

2161 1417 2338 1485 λήτως
2383 1413 2609 1468 τοιαῦτα
2654 1412 2990 1481 φθέγγομαι.
3037 1410 3136 1463 Διὰ
3180 1407 3338 1461 τοῦτο
3388 1406 3497 1475 γὰρ
3545 1405 3641 1459 καὶ
3684 1402 3751 1455 τά

2164 1509 2335 1563 πολλά
2372 1506 2727 1579 παρέδραμον
2764 1504 3019 1573 ἐπίτηδες
3041 1545 3055 1568 ,
3093 1501 3191 1554 καὶ
3228 1499 3509 1570 σποράδην
3543 1496 3613 1549 τὰ
3652 1497 3749 1565 ρη-

2162 1601 2323 1654 θέντα
2371 1597 2826 1668 συνεγραψάμην.
2871 1595 2992 1665 Χρὴ
3040 1594 3097 1647 δὲ
3137 1593 3265 1656 τοὺς
3307 1591 3751 1660 ἐντυγχάνοντας

2164 1692 2270 1746 ἀπὸ
2298 1691 2409 1744 τῶν
2437 1690 2634 1756 ὀλίγων
2661 1685 2870 1741 τούτων
2899 1683 3196 1754 διαγνῶναι
3226 1683 3322 1736 καὶ
3353 1679 3423 1733 τά
3452 1678 3753 1747 λειπόμενα

2163 1786 2261 1854 τῆς
2297 1783 2501 1852 αὐτῆς,
2535 1782 2562 1835 ὃ
2597 1795 2796 1849 φασιν,
2832 1777 2961 1831 ὅντα
2995 1773 3323 1845 κεραμείας.
3362 1770 3608 1836 Πέλαγος
3647 1768 3755 1836 γὰρ

2169 1874 2422 1937 ἀσεϐείας
2463 1872 2667 1943 ἀχανὲς
2707 1868 3007 1941 ὴνοίξαμεν
3048 1866 3260 1919 πολλῶν
3297 1861 3532 1934 ἡμερῶν
3575 1861 3659 1921 είς
3696 1859 3752 1911 τὸ

2167 1967 2635 2039 διαπεραιωθῆναι
2662 1963 2955 2034 δεόμενον,
2990 1961 3085 2014 καὶ
3121 1949 3318 2028 μικρὸν
3347 1954 3753 2021 ἀπεσπάσαμεν

2165 2064 2264 2133 τῆς
2312 2061 2417 2131 γῆς
2466 2060 2569 2112 ἔτι.
2620 2058 2732 2110 Καὶ
2777 2052 3125 2108 ναυτιώντων
3174 2049 3331 2118 ὑμῶν
3382 2045 3753 2113 αἰσθάνομαι,

2169 2156 2373 2223 μᾶλλον
2401 2154 2457 2207 δὲ
2490 2151 2583 2206 καὶ
2616 2150 2722 2221 πρὸ
2754 2148 2910 2219 ὑμῶν
2942 2145 3106 2208 αὐτὸς
3139 2143 3248 2213 ἐγὼ
3274 2140 3438 2196 τοῦτο
3468 2136 3717 2191 πέπονθα
3736 2176 3750 2199 ,

2166 2250 2260 2305 καί
2314 2266 2406 2320 μοι
2455 2247 2605 2300 δοκεῖ
2650 2224 2863 2315 βέλτιον
2904 2238 3221 2311 χαλάσαντα
3268 2234 3369 2306 τὴν
3415 2233 3615 2300 ὀθόνην
3662 2227 3754 2281 τοῦ

2166 2345 2328 2412 λόγου
2354 2384 2367 2407 ,
2403 2339 2500 2393 καὶ
2537 2336 2794 2408 πρύμναν
2831 2331 3209 2404 κρουσάμενον
3245 2332 3329 2388 εἰς
3362 2327 3455 2380 τὸν
3489 2327 3593 2393 τῆς
3630 2339 3755 2374 σιω-

2167 2437 2278 2506 πῆς
2314 2433 2552 2502 κατᾶραι
2592 2428 2814 2498 λιμένα,
2854 2426 2948 2477 καὶ
2990 2422 3214 2494 μᾶλλον,
3252 2422 3336 2473 ὃτι
3386 2416 3687 2483 σεσίγηκεν
3721 2413 3754 2482 ἡ

2169 2526 2381 2598 πονηρά
2416 2525 2511 2578 καὶ
2548 2522 2710 2583 λάλος
2744 2516 3006 2587 γλῶσσα,
3043 2515 3137 2566 καὶ
3172 2512 3241 2564 τὰ
3274 2510 3503 2580 ἔμμυσα
3541 2507 3755 2575 μέμυκε

2166 2597 2322 2691 χείλη
2346 2617 2441 2672 τοῦ
2470 2616 2569 2686 τὴν
2600 2612 2773 2680 ἐναγῆ
2804 2610 3011 2681 ταύτην
3040 2604 3358 2675 ἀδολεσχίαν
3389 2597 3760 2691 ὑφηγησαμέ-

2168 2690 2281 2780 νου,
2308 2690 2425 2766 καὶ
2454 2708 2732 2777 ὲνεφράγη
2761 2704 2938 2767 στόμα
2982 2698 3287 2753 λαλούντων
3329 2693 3514 2747 άδικα.
3568 2690 3757 2758 [lapa-

2168 2807 2510 2879 στησάμενος
2559 2800 2669 2872 γὰρ
2717 2797 2883 2851 αὐτὴν
2927 2796 2955 2848 ὁ
3007 2792 3318 2860 σοφώτατος
3367 2788 3464 2840 καὶ
3517 2783 3756 2879 perula-

2163 2872 2361 2972 ψυχος
2400 2895 2557 2969 ἡμῶν
2634 2890 2928 2965 βασιλεὺς,
3001 2887 3097 2940 καὶ
3152 2883 3251 2953 τὴν
3305 2880 3618 2972 ἀπόκρισιν
3660 2872 3753 2928 τοῦ

2164 2969 2494 3065 γράμματος
2525 2982 2921 3052 ἀποκαλύψας,
2956 2980 3049 3033 καὶ
3081 2974 3495 3065 διακωδωνίσας
3524 2969 3718 3024 τοῦτον
3731 3004 3753 3065 -,

2164 3057 2398 3152 ἐπείπερ
2429 3073 2556 3149 εὗρε
2582 3072 2921 3144 πανταχόθεν
2972 3058 3284 3139 ὑπόχαλκον
3332 3061 3606 3135 ἠχοῦντα,
3659 3057 3752 3111 καὶ

480 3184 637 3222 suum
666 3169 886 3235 rediret,
924 3184 980 3223 re
1035 3171 1406 3235 considerata,
1473 3171 1837 3240 Omnibusque
1892 3172 2061 3242 magi-

2170 3176 2454 3246 κίϐδηλον,
2488 3171 2584 3224 καὶ¹
2619 3168 2715 3223 νῦν
2755 3166 2854 3237 μὲν
2890 3160 3366 3230 ἐπαγγελλόμενον
3403 3153 3746 3255 μεταϐολὴν,

486 3259 752 3316 stratibus
784 3269 893 3314 tam
925 3260 1203 3326 civilibus,
1236 3277 1399 3330 quam
1433 3262 1822 3317 ecclesiasticis
1854 3277 2058 3317 convo-

481 3353 642 3416 catis,
676 3351 1006 3407 sententiain
1056 3352 1204 3415 tulit,
1237 3361 1296 3405 ut
1335 3353 1462 3420 igne
1508 3351 1942 3417 combureretur,
1972 3354 2063 3421 qui

484 3440 682 3495 multos
750 3442 803 3493 in
855 3440 1117 3509 gehennae
1176 3441 1355 3508 ignem
1416 3440 1743 3506 conjeccrat.
1795 3440 1872 3491 Ac
1924 3455 2067 3494 nunc

485 3532 576 3587 ille
620 3531 839 3601 quidem
903 3541 1177 3586 crematus
1250 3531 1404 3586 abiit.
1458 3530 1597 3597 Quis
1648 3537 1829 3585 autem
1891 3531 2064 3586 dolori

484 3635 735 3698 questum
772 3639 1065 3695 exaequans
1093 3625 1229 3681 satis
1260 3624 1432 3695 ipsius
1481 3624 1696 3679 meritis
1761 3638 2066 3695 conquera-

487 3730 596 3783 tur,
631 3720 723 3787 qui
757 3734 877 3772 cum
928 3716 1235 3786 quindecim
1276 3730 1543 3770 annorum
1577 3716 1755 3783 spatio
1813 3717 2068 3786 dogmata

486 3808 789 3872 didicisset,
822 3823 883 3862 ea
938 3808 1121 3863 docuit
1190 3807 1348 3861 annis
1397 3807 1627 3875 amplius
1678 3806 2063 3876 quadraginta,

490 3898 1027 3967 innumerabilesque
1056 3895 1349 3966 discipulos
1383 3897 1435 3950 in
1462 3897 1781 3951 barathrum
1812 3897 2068 3967 perditio-

489 3991 575 4044 nis
627 3991 878 4057 detrusit,
934 4004 998 4045 ac
1048 3989 1281 4059 denique
1310 3989 1378 4044 ab
1432 3988 1537 4044 illis
1601 3989 1826 4045 minime
1882 3999 2068 4046 sancte

490 4082 802 4149 discedens,
839 4093 894 4139 et
919 4084 987 4137 ab
1015 4092 1248 4153 utraque
1278 4083 1389 4137 vita
1422 4083 1700 4147 exclusus,
1732 4083 1812 4138 sic
1863 4092 2069 4137 utrum-

490 4190 592 4245 que
623 4174 802 4245 ignem
823 4183 907 4229 est
942 4184 1284 4239 consecutus,
1315 4182 1374 4228 ut
1418 4175 1485 4229 ab
1513 4174 1779 4232 exstincto
1803 4174 1871 4231 ad
1893 4175 2066 4243 illum,

490 4269 580 4337 qui
614 4282 721 4323 non
777 4267 1164 4337 exstinguitur,
1216 4266 1492 4337 profectus
1547 4267 1663 4323 sit?
1713 4266 1790 4323 De
1850 4267 2069 4338 reliquis

491 4362 624 4414 item
660 4360 936 4415 ﬁdendum
968 4370 1072 4415 est.
1106 4360 1281 4430 Caput
1305 4360 1449 4415 enim
1491 4361 1745 4415 draconis
1768 4360 1881 4431 jam
1935 4375 2069 4416 con-

492 4454 723 4508 fractum
760 4461 864 4516 est,
898 4465 1188 4523 partesque
1228 4454 1414 4524 ipsius,
1439 4469 1500 4509 ac
1528 4456 1773 4510 membra
1802 4453 2069 4525 praecipua

2166 3270 2292 3338 ἄρτι
2320 3266 2375 3318 δὲ
2407 3263 2663 3331 καθάπερ
2693 3260 2833 3312 κύνα
2863 3256 3001 3326 πρὸς
3025 3252 3123 3308 τὸν
3150 3251 3278 3304 ἴδιον
3306 3246 3749 3338 ἐπανερχόμενον

2167 3337 2383 3431 ἔμεητον,
2414 3355 2611 3425 σκέψιν
2637 3353 2768 3424 περὶ
2795 3349 2989 3403 τούτου
3020 3344 3267 3415 προθεὶς,
3293 3342 3386 3395 καὶ
3413 3337 3749 3431 συμψήιρους

2166 3429 2293 3512 τοὺς
2333 3451 2391 3500 ὲν
2430 3447 2576 3500 τέλει
2622 3443 2833 3503 πάντας
2873 3438 3058 3494 λαϐὼν
3096 3430 3594 3505 ἐκκλησιαστικοὺς
3640 3429 3751 3495 ἄμα

2173 3543 2266 3596 καὶ
2286 3537 2619 3601 πολιτικοὺς,
2644 3534 2973 3588 κατεδίκασε
2999 3529 3098 3600 τὴν
3125 3526 3214 3581 διὰ
3243 3522 3414 3594 πυρὸς
3447 3518 3749 3587 ὑποστῆναι

2169 3634 2443 3704 τιμωρίαν
2473 3630 2562 3683 τὸν
2594 3626 2826 3688 πολλοὺς
2858 3625 2941 3687 εἰς
2969 3623 3030 3676 τὸ
3059 3621 3159 3691 τῆς
3190 3618 3413 3687 γεέννης
3450 3609 3752 3683 παραπέμο

2170 3728 2349 3797 ψαντα
2364 3723 2495 3794 πῦρ.
2516 3721 2627 3776 Καὶ
2651 3719 2745 3774 νῦν
2771 3721 2800 3773 ὁ
2831 3718 2929 3788 μὲν
2955 3715 3329 3786 πυρίκαυστος
3352 3708 3553 3779 ᾤχετο,

2175 3795 2266 3890 ρδν
2314 3817 2567 3884 ἐντάφιον
2595 3811 3045 3879 ἀπενεγκάμενος
3070 3806 3169 3876 τὴν
3195 3801 3472 3856 ἀσέϐειαν.
3499 3798 3599 3860 Τίς
3626 3795 3747 3849 δ’ἆν

2171 3909 2327 3974 εἰδὼς
2357 3908 2556 3962 πάθεσι
2591 3904 2824 3975 θρήνους
2855 3901 3066 3966 ὲξισοῦν
3093 3896 3260 3962 ἀξίως
3289 3893 3453 3948 αὑτὸν
3476 3891 3751 3961 ὀδύραιτο,

2175 4005 2418 4076 μαθόντα
2456 4001 2555 4071 μὲν
2586 4000 2657 4053 τὰ
2690 3997 2942 4067 δόγματα
2970 3994 3072 4061 τῆς
3105 3991 3324 4081 πλάνης
3350 3988 3405 4039 ὲν
3436 3985 3588 4081 stest
3626 3997 3749 4081 πεν-

2169 4090 2482 4154 τεκαίδεκα,
2510 4088 2795 4153 διδάξαντα
2828 4085 2885 4137 δὲ
2916 4083 3089 4137 ταῦτα
3119 4080 3283 4134 πάλιν
3310 4079 3370 4131 ἐν
3398 4076 3619 4130 πλείοσι
3647 4076 3751 4123 τῶν

2170 4183 2601 4253 τεσσαράκοντα,
2636 4177 2868 4249 μυρίους
2896 4175 2953 4228 δὲ
2986 4172 3235 4244 μαθητὰς
3267 4171 3348 4231 είς
3378 4167 3439 4220 τὸ
3475 4164 3753 4236 βάραθρον

2172 4275 2394 4330 ὥσαντα
2430 4274 2530 4343 τῆς
2572 4269 2873 4336 ἀπωλείας,
2909 4267 3005 4320 καὶ
3043 4264 3356 4319 τελευταῖον
3393 4260 3498 4313 οὐκ
3537 4256 3752 4314 εὖαγῡς

2175 4369 2357 4429 αὐτοῖς
2390 4361 2806 4428 ἐπαπελθόντα,
2843 4359 2938 4415 καὶ
2970 4357 3117 4428 ζωῆς
3154 4356 3253 4426 μὲν
3285 4352 3559 4421 ἑκατέρας
3593 4352 3753 4400 ἐκπι-

2177 4463 2456 4525 πτωκότα,
2490 4458 2661 4531 πυρὸς
2685 4457 2742 4511 δὲ
2766 4455 2959 4511 τούτου
2983 4450 3239 4505 κάκείνου
3266 4442 3636 4514 τετυχηκότα,
3663 4436 3756 4531 καὶ

493 4544 725 4613 sublata,
765 4545 972 4614 reliqua
1015 4556 1193 4601 autem
1230 4544 1465 4598 similem
1496 4547 1699 4599 exitum
1733 4555 1828 4601 aut
1876 4545 2061 4601 celeri-

2178 4555 2268 4610 διὰ
2296 4554 2388 4608 τοῦ
2430 4530 2751 4613 σϐεσθέντος
2787 4548 2883 4601 ἐπὶ
2908 4546 2970 4598 τὸ
3006 4545 3081 4614 μὴ
3120 4538 3486 4608 σϐεννύμενον
3516 4530 3757 4601 ἔκδημήο

493 4651 594 4707 ter,
653 4648 745 4693 aut
814 4638 974 4708 paulo
1026 4648 1146 4707 post
1210 4646 1626 4707 consequentur.
1679 4637 1825 4692 Bona
1888 4648 2067 4694 autem

493 4749 680 4789 sumus
708 4734 761 4789 in
795 4748 912 4804 spe,
946 4747 1012 4788 ne
1044 4732 1272 4788 caudam
1332 4731 1545 4801 quidem
1598 4732 1924 4787 evitaturam
1988 4736 2069 4789 di-

495 4828 747 4896 ligentem
837 4836 890 4881 et
962 4833 1278 4881 accuratam
1349 4827 1689 4893 imperatoris
1765 4826 2068 4897 indagatio-

496 4935 641 4987 nem,
694 4920 784 4990 qui
869 4935 1070 4990 magno
1151 4919 1330 4975 studio
1404 4930 1565 4989 atque
1645 4922 1792 4975 omni
1856 4922 2068 4979 ratione

496 5022 719 5068 cunctos
776 5024 1026 5078 venatur,
1090 5019 1149 5066 ut
1201 5029 1296 5067 eos
1364 5013 1569 5068 retibus
1624 5016 2065 5083 comprehendat,

497 5122 606 5176 quo
637 5106 857 5177 pietatis
893 5106 1137 5160 triticum
1202 5122 1231 5159 a
1286 5106 1513 5161 zizaniis
1562 5118 1920 5177 expurgatum
1982 5123 2071 5164 os-

496 5202 768 5255 tendatur.

2182 4663 2383 4712 σα·ιτα;
2411 4642 2534 4715 Χρὴ
2565 4642 2749 4712 μέντοι
2778 4639 3000 4711 θαρρεῖν
3026 4636 3122 4690 καὶ
3150 4630 3411 4701 περὶτῶν
3434 4626 3759 4693 ὑπολελειμ·

2182 4740 2381 4811 μένων.
2421 4736 2816 4807 Συντέτριπται
2852 4733 2963 4802 γὰρ
2997 4732 3032 4798 ὴ
3066 4726 3162 4781 τοῦ
3195 4725 3493 4795 δράκοντος
3528 4720 3636 4811 ήδη
3676 4734 3758 4769 κε-

2179 4810 2348 4903 ιραλή.
2362 4830 2490 4883 Τῶν
2511 4828 2567 4882 δὲ
2593 4826 2775 4899 μερῶν
2804 4822 2969 4877 αὖτοῦ
3011 4822 3101 4874 και
3129 4817 3306 4890 μελῶν
3326 4815 3397 4867 ea
3416 4810 3761 4903 καιριώτατα

2181 4901 2282 4995 μὲν
2312 4901 2668 4987 συνείληπται
2688 4958 2703 4984 ,
2735 4920 2802 4973 τὰ
2830 4912 2889 4972 δὲ
2919 4914 3139 4987 μέλλει,
3164 4911 3236 4965 τὰ
3263 4909 3322 4961 δὲ
3350 4921 3573 4976 προσαγ
3588 4901 3763 4970 τέλλε-

2182 5035 2269 5071 ται
2303 5016 2423 5071 καθ’
2454 5018 2716 5084 ἑκάστην,
2750 5014 2847 5067 καὶ
2875 5006 3197 5080 τρεφόμεθα
3222 5004 3489 5077 χρησταῖς
3522 4998 3761 5057 δλπίσινν

2178 5112 2255 5175 ὡς
2285 5112 2407 5164 οὐδὲ
2434 5111 2497 5163 τὸ
2525 5109 2747 5179 οὐραῖον
2777 5104 3103 5175 ἐκφεύξεται
3133 5101 3231 5172 τὴν
3262 5095 3485 5168 ἐμμελῆ
3512 5093 3613 5147 τοῦ
3650 5092 3784 5160 050-.

2182 5204 2517 5275 συνεργήτου
2544 5201 2811 5273 βασιλέως
2833 5198 3061 5268 ἔρευναν
3084 5198 3181 5249 καὶ
3203 5186 3764 5253 κατεσπουδασμένην

497 5298 834 5368 ἀναζήτησιν
859 5295 1126 5367 μεγάλαις
1152 5296 1401 5365 φροντίσι
1452 5298 1906 5367 κατατεινομένου
1932 5299 2097 5354 παντὶ
2133 5301 2323 5371 τρόπῳ
2353 5299 2563 5363 πάντας
2595 5297 2796 5360 αὐτοὺς
2841 5296 2974 5349 είσω
3004 5293 3247 5362 σαγήνης
3277 5287 3466 5341 λαϐεῖν
3488 5326 3509 5355 ,
3537 5284 3641 5338 καὶ
3670 5297 3763 5334 κα·

499 5389 642 5459 θαρὰ
668 5389 928 5455 ζιζανίων
960 5388 1240 5458 ἀποφῆναι
1270 5389 1369 5458 τῆς
1399 5388 1683 5455 εὐσεϐείας
1710 5390 1778 5445 τά
1810 5392 1957 5462 λήῖα.

999 5504 1309 5562 TITULUS
1361 5506 1598 5562 XXVIII.

504 5608 513 5619 '
545 5601 801 5653 Adversus
838 5599 1159 5663 Saracenos,
1216 5600 1306 5668 qui
1336 5610 1590 5652 uocantur
1618 5598 2067 5669 Ismaelilce,quod

566 5673 629 5724 ab
661 5670 885 5724 lsmaele
932 5671 1184 5739 originem
1222 5672 1492 5723 duxerint.
1579 5671 1674 5724 llic
1734 5688 1906 5725 autem
1964 5673 2065 5741 fuit

2746 5503 2997 5557 ΤΙΤΛΟΣ
3043 5501 3177 5557 κη’.

2178 5602 2338 5657 Κατὰ
2367 5600 2753 5669 Σαρακηνῶν,
2780 5598 2837 5653 οἳ
2857 5598 3187 5652 καλοῦνται
3214 5598 3603 5667 ’Ῑσμαηλίται
3628 5595 3754 5669 μές’,

2245 5675 2324 5737 ὡς
2345 5664 2465 5726 ἀπὸ
2495 5664 2603 5726 τοῦ
2641 5671 2898 5741 Ἰσμαὴλ
2946 5664 3459 5737 καταγεγόμένοι·
3498 5669 3640 5732 υίὸς
3693 5664 3758 5717 ea

563 5805 580 5823 ⁶
612 5804 756 5854 lluuc
781 5801 981 5852 titulum
1002 5803 1187 5863 primus
1213 5803 1379 5854 Greece
1410 5813 1461 5856 ct
1486 5806 1651 5855 Lazinc
1698 5806 1844 5856 edidit
1880 5806 1911 5854 I-‘
1921 5808 2009 5858 rid.
2062 5804 2353 5869 Sylburgius
2394 5808 2443 5855 in
2486 5804 2811 5867 Saracenicis,
2858 5804 2985 5865 apud
3037 5802 3189 5854 lienr.
3236 5799 3603 5854 Commclinnm
3626 5811 3749 5847 anno
