4044 6290
349 390 482 454 1333

1231 387 1610 449 PANOPLIA
1649 389 2108 451 DOGMA'I‘ICA.
2141 414 2213 427 -
2248 390 2394 452 TlT.
2437 387 2709 450 XXVIII.

3455 381 3614 447 1335-?

423 501 504 576 ἦν
547 499 726 576 οὗτος
783 504 905 576 τοῦ,
932 504 1239 576 -Ἃόραὰμη
1272 503 1584 576 γεννηθεὶς
1631 501 1792 576 αὐτῷ

2095 507 2320 560 Abrahae
2377 503 2521 570 ﬁlius
2576 519 2640 576 ea:
2691 506 2834 568 Agar
2869 496 3063 576 ant-illa
3111 495 3262 576 ξαν-το
3297 507 3590 576 susceptus.

415 571 593 645 Ἅγαρ
628 573 731 640 τῆς
773 571 1126 645 παιδίσκήςν
1154 571 1437 645 Σὰρῤιιςῇ
1481 574 1780 645 Ἀγιιρηνοί
1824 571 1914 645 δὲ,

411 643 534 701 ἀπὸ
572 647 756 712 Ἀταρ
789 644 900 711 τῆς
947 644 1176 713 μητρὸς
1239 644 1519 711 Ἰσμαήλο
1545 642 1553 645 ’
1579 642 1918 711 Σαρακηνοὶ

409 716 499 781 δὲ,
539 715 660 767 ἀπὸ
685 714 792 768 τοῦ
817 715 933 782 τὴν
971 715 1144 783 Ἅγαρ
1195 714 1389 783 εἰπεῖν
1423 714 1574 780 πρὸς
1596 715 1706 766 τὸν
1737 713 1916 783 ἄγγε-

410 790 543 844 λον.
577 784 676 838 ὅτε
708 781 1082 838 ἀπελαθεῖσα
1111 781 1272 851 παρὰ
1297 782 1410 850 τῆς
1454 785 1670 852 κυρίας
1696 781 1915 847 αὐτῆς,

423 855 614 908 ὥδευε
669 855 822 906 κατὰ
871 853 989 921 τὴν
1052 854 1278 922 ἔρημον
1337 852 1738 923 ἐπιφερομένη
1810 852 1919 923 τόν

425 923 822 993 Ἰσμαὴλίὸτι
854 924 1055 992 uappa
1083 921 1298 992 κενήν
1339 939 1418 993 με
1458 921 1799 988 ἀπέλυσεν,
1840 921 1922 986 ὡς

409 995 627 1050 ἐκεῖνοι
651 992 968 1063 λέγουσιν.

411 1132 488 1188 α’.
505 1133 568 1186 Ol
593 1130 904 1201 Σαρακηνοὶ
945 1130 1108 1202 μέχρι
1165 1131 1268 1202 μὲν
1318 1131 1428 1185 τῶν
1465 1130 1791 1206 ’Ἡρακλείου
1819 1131 1919 1185 τοῦ

340 1225 607 1296 βασιλέως
634 1224 845 1293 χρόνων
868 1223 1318 1295 είδωλολάτρουν,
1360 1222 1812 1294 προσκυνοῦντες
1839 1225 1918 1296 τῷ

339 1315 606 1384 ὲωσφόρῳ
639 1314 848 1384 ἄστρῳ,
890 1316 984 1367 καὶ
1014 1317 1081 1386 τῇ
1127 1315 1442 1388 Ἀφροδίτῃ,
1480 1311 1645 1387 ἦν’δὴ
1674 1317 1771 1371 καὶ
1798 1319 1916 1370 Xa-

339 1408 447 1477 ὃὰρ
489 1409 558 1477 τῇ
600 1407 810 1460 ἑαυτῶν
857 1407 1259 1476 ἐπονομάζουσι
1311 1407 1526 1481 γλώττῃ
1553 1424 1568 1439 ⁸
1597 1410 1749 1476 δηλοῖ
1797 1410 1852 1463 δὲ
1882 1411 1916 1481 ἡ

338 1500 483 1564 λέξις
531 1499 670 1570 αὕτη
725 1499 826 1568 τὴν
859 1499 1105 1569 μεγάλην
1143 1517 1158 1532 ·
1197 1501 1320 1553 τότε
1353 1501 1410 1554 δὲ
1457 1501 1918 1573 ψευδοπροφήτης

337 1593 519 1654 αὐτοῖς
547 1592 750 1662 ἀνέστη
802 1592 1074 1662 Μωάμεθ,
1103 1594 1130 1646 ό
1163 1595 1284 1657 ταῖς
1313 1593 1696 1664 βλασφημίαις
1736 1596 1917 1666 μέγας

337 1683 433 1736 καὶ
467 1683 822 1754 περισόητος.
863 1677 1059 1749 Οὗτος,
1108 1683 1220 1737 ἀπὸ
1251 1687 1384 1754 μιᾶς
1436 1685 1546 1738 τῶν
1583 1685 1643 1750 ἐξ
1691 1685 1918 1758 Ἰσμαὴλ

337 1777 525 1843 φυλῶν
557 1777 956 1847 καταγόμενος,
995 1777 1091 1830 καὶ
1124 1778 1328 1848 κομιδῆ
1375 1779 1494 1844 νέος
1540 1779 1913 1849 ὀρφανισθεὶς,

337 1867 563 1937 ὲθήτευε
590 1867 742 1937 παρὰ
778 1869 1001 1936 γυναικὶ
1028 1869 1198 1939 χήρᾳ,
1218 1869 1361 1923 κατὰ
1391 1869 1546 1937 γένος
1565 1869 1716 1939 αὐτῷ
1742 1885 1916 1940 προσ-

340 1961 572 2031 ηκούσῃ.
636 1961 749 2029 Τὴν
774 1958 1034 2028 παιδικὴν
1055 1959 1112 2013 δὲ
1140 1959 1638 2030 παραμειψάμενος
1670 1961 1912 2031 ἡλικίαν,

337 2053 506 2106 ὑπέδυ
539 2053 765 2122 ταύτην,
805 2052 893 2105 καὶ
933 2051 1252 2120 συνεγένετο
1273 2091 1290 2117 ,
1322 2053 1419 2106 καὶ
1450 2053 1701 2124 φανερῶς
1745 2053 1914 2124 αὐτὴν

337 2142 534 2195 ἐλαϐεν
563 2146 643 2206 είς
674 2145 931 2212 γυναῖκα.
960 2145 1259 2214 Γενόμενος
1288 2144 1346 2196 δὲ
1375 2145 1569 2214 κύριος
1594 2144 1703 2198 τῶν
1732 2145 1914 2215 ὑπαρ-

336 2233 548 2303 χόντων
601 2236 764 2302 αὐτῇ,
802 2233 1064 2296 πολλάκις
1124 2235 1218 2287 καὶ
1267 2235 1541 2304 ἀπεδήμει
1589 2235 1711 2288 κατ’
1746 2236 1919 2305 ἐμπο-

339 2325 486 2395 ρίαν.
527 2323 634 2376 Καί
701 2340 835 2376 ποτε
871 2324 1326 2394 παραγενόμενος
1380 2325 1459 2386 είς
1523 2323 1916 2394 Παλαιστίνην,

340 2416 637 2486 συνέτυχεν
683 2415 962 2484 Ἑϐραίοις
987 2431 1002 2446 ·
1033 2413 1150 2469 εἶτα
1191 2416 1288 2469 καὶ
1340 2413 1640 2488 Ἀρειανοϊς
1669 2432 1684 2448 ⁶
1718 2414 1917 2471 ἔπειτα

339 2511 438 2562 καὶ
480 2509 906 2578 Νεστοριανοῖςο
956 2509 1051 2562 καὶ
1093 2509 1252 2574 δόξας
1287 2507 1619 2579 φιλομαθὴς,
1669 2510 1918 2582 ἠρύσατο

341 2602 554 2671 ταχέως
587 2601 646 2666 ἐξ
695 2600 968 2669 Ἐϐραίων
1005 2602 1105 2671 μὲν
1155 2602 1481 2672 μοναρχίαν,
1519 2602 1580 2668 ἐξ
1620 2603 1916 2673 Ἀρειανῶν

342 2693 398 2744 δὲ
437 2693 615 2761 Λόγον
661 2694 756 2747 καὶ
788 2694 1012 2763 Πνεῦμα
1050 2694 1249 2748 κτιστά
1268 2709 1283 2726 ⁸
1311 2695 1418 2750 ἀπὸ
1448 2695 1503 2748 δὲ
1529 2695 1916 2765 Νεστοριανῶν

347 2786 886 2856 ἀνθρωπολατρείαν·
916 2785 1011 2838 καὶ
1035 2785 1291 2850 σύνθετος
1316 2786 1376 2851 ἐξ
1405 2786 1585 2842 αὐτῶν
1614 2787 1919 2858 θρησκείαν

347 2877 529 2944 ἑαυτῷ
588 2879 984 2947 συνεστήσατο.
1022 2877 1377 2948 Νοσήσαντος
1407 2878 1463 2931 δέ
1504 2895 1635 2932 ποτε
1684 2880 1919 2950 παρέσει

350 2968 554 3038 μελῶν,
595 2970 627 3040 ἡ
661 2969 962 3040 δηλωθιῖσα
989 2969 1184 3024 τούτου
1210 2971 1348 3039 γυνή
1375 2971 1580 3042 σφόδρα
1602 2973 1794 3041 ήνιᾶτο
1825 2975 1922 3026 καὶ

345 3057 637 3127 ήσχαλλεν,
681 3058 744 3109 οὐ
799 3058 963 3126 μόνον
1003 3057 1078 3120 ὡς
1127 3060 1325 3127 πένητι
1377 3058 1739 3128 συναφθεῖσα,
1784 3058 1923 3113 ἀλλὰ

2093 577 2318 641 Agarem'
2346 567 2520 627 autem
2551 573 2800 624 dicuntur
2851 568 2916 619 ab
2947 573 3090 636 Agar
3121 567 3368 641 lsmaclis
3399 577 3588 617 matre.

2093 637 2346 700 saraceni
2381 660 2501 698 vero
2531 641 2861 710 appellantur
2899 654 2965 710 ea;
3014 655 3111 710 eo.
3144 638 3280 710 quod
3311 637 3454 710 Agar
3474 652 3595 688 cum

2091 733 2122 769 a
2171 717 2391 769 domina
2437 729 2533 766 sua
2566 706 2786 765 etclusa
2811 710 2860 761 in
2888 708 3179 762 solitudine
3215 708 3314 760 iter
3373 706 3589 774 faceret,

2089 786 2160 838 ad
2193 785 2435 854 angelum
2461 784 2673 854 dixerit
2699 778 2838 854 Sara
2877 779 3036 832 cenin
3107 779 3181 830 lit!
3237 786 3313 830 est
3357 777 3592 841 vacuam)

2089 850 2294 910 dimisit
2336 869 2440 920 me,
2491 863 2546 906 ut
2579 852 2674 922 ipsi
2710 850 2911 904 dicunt.

2090 1138 2142 1192 l.
2177 1133 2436 1191 Saraceni
2491 1147 2663 1204 usque
2712 1133 2779 1189 ad
2823 1132 3051 1188 lleraclii
3097 1143 3336 1203 tempora
3365 1132 3592 1187 simula-

2018 1230 2129 1286 cris
2159 1228 2399 1284 colendis
2453 1227 2622 1284 dediti
2673 1225 2852 1290 luere,
2895 1238 3216 1292 summaque
3248 1224 3596 1278 veneratione

2017 1323 2266 1379 colebant
2291 1320 2600 1376 Luciferum
2633 1331 2690 1374 et
2729 1319 2988 1374 Venerem
3015 1334 3034 1383 ;
3059 1333 3220 1385 quam
3251 1317 3467 1385 quidem
3519 1316 3595 1368 illi

2017 1413 2232 1471 Chabar
2283 1427 2382 1468 sua
2430 1410 2613 1481 lingua
2663 1408 3048 1479 appellitabant
3079 1425 3093 1461 :
3128 1405 3364 1460 declarat
3414 1414 3610 1458 autem

2019 1508 2133 1562 haec
2164 1521 2264 1561 vox
2295 1520 2483 1560 eorum
2516 1503 2694 1572 lingua
2727 1516 2992 1570 magnam.
3012 1498 3128 1566 Quo
3158 1507 3402 1566 tempore
3441 1511 3599 1564 paena

2018 1599 2343 1670 dopropheta
2382 1598 2521 1667 apud
2543 1597 2686 1666 ipsos
2708 1603 2928 1650 exortus
2957 1601 3040 1650 est
3066 1591 3336 1647 Moametlt
3368 1589 3478 1654 ille,
3506 1589 3598 1657 qui

2018 1694 2362 1762 blasphemiis
2393 1703 2718 1759 magnopere
2765 1686 3082 1743 nobilitatus
3109 1694 3214 1740 est.
3248 1683 3347 1736 Hic
3378 1699 3408 1736 e
3456 1682 3625 1736 tribu~

2017 1784 2246 1856 quadam
2278 1781 2604 1839 lsmaelitidc
2636 1795 2804 1850 genus
2851 1777 3076 1838 ducens,
3105 1775 3338 1842 primum
3379 1771 3598 1842 quidem

2019 1878 2310 1932 admodum
2361 1874 2579 1942 juvenis
2634 1871 2958 1944 parentibus
3015 1871 3238 1923 orbatus
3283 1866 3601 1921 servitutem

2018 1967 2287 2023 serviebat
2319 1965 2459 2034 apud
2483 1964 2762 2018 mulierem
2793 1961 3082 2031 quamdam
3102 1959 3318 2014 viduam
3363 1973 3482 2027 qua:
3514 1970 3606 2025 ge-

2021 2076 2152 2119 nere
2184 2062 2250 2114 ad
2285 2060 2459 2128 ipsum
2492 2057 2778 2111 attinebat.
2835 2051 3013 2108 IEtate
3051 2050 3246 2123 puerili
3273 2059 3487 2114 exacta,
3549 2048 3604 2100 in

2020 2151 2264 2205 intimam
2317 2144 2764 2200 conSuetudinem
2819 2141 2936 2211 ejus
2995 2154 3115 2195 sese
3173 2137 3486 2199 insinuavit,
3553 2145 3608 2188 et

2019 2255 2140 2296 cum
2168 2254 2228 2293 ea
2260 2235 2566 2294 concubuit.
2596 2233 2921 2300 tandemque
2943 2246 3063 2286 eam
3100 2231 3153 2284 in
3182 2244 3406 2284 uxorem
3432 2229 3603 2282 «lusit.

2020 2330 2270 2386 Omnium
2326 2328 2512 2395 itaque
2552 2339 2713 2394 opum
2763 2323 2936 2378 haeres
2968 2322 3174 2388 factus,
3232 2335 3610 2391 saepenumero

2019 2423 2181 2479 etiam
2256 2426 2577 2474 mercatura:
2633 2430 2798 2472 causa
2866 2429 3092 2485 peregre
3133 2413 3608 2484 proﬁciscebatur-

2019 2513 2262 2582 Quodam
2293 2524 2423 2580 ergo
2445 2519 2690 2579 tempore
2721 2507 2774 2561 in
2823 2506 3166 2561 Palaestinam
3221 2506 3324 2560 iter
3381 2505 3609 2568 faciens,

2021 2607 2215 2662 incidit
2269 2605 2324 2661 in
2376 2603 2654 2668 Hebrzuos,
2691 2598 2888 2656 deinde
2921 2609 2972 2656 et
3007 2601 3059 2654 in
3094 2599 3344 2664 Arianos,
3391 2597 3619 2650 tandem-

2020 2698 2184 2754 etiam
2243 2696 2296 2751 in
2343 2693 2735 2749 Nestorianos:
2799 2705 3030 2760 cumque
3081 2691 3353 2744 videretur
3394 2688 3622 2758 ingenio

2021 2790 2263 2848 discendi
2292 2788 2508 2857 cupido,
2537 2785 2788 2842 celeriter
2839 2799 2869 2840 e
2903 2785 3212 2839 Judzeormn
3265 2782 3481 2853 quidem
3516 2784 3621 2834 do-

2021 2881 2220 2944 ctrina,
2267 2879 2430 2934 unius
2486 2878 2770 2947 imperium
2824 2877 2922 2947 (ι),
2954 2891 3019 2930 ex
3089 2877 3416 2930 Arianorum
3479 2887 3622 2928 vero

2027 2973 2259 3029 Verbum
2286 2983 2341 3027 et
2371 2969 2632 3041 Spiritum
2663 2983 2752 3025 res
2771 2968 3022 3024 conditas
3055 2966 3257 3022 hausit.
3299 2965 3376 3020 Et
3412 2966 3619 3035 quibus

2025 3064 2283 3121 omnibus
2316 3063 2460 3117 inter
2491 3077 2551 3117 se
2581 3060 2785 3130 junctis
2817 3060 3042 3113 mixtam
3079 3059 3368 3128 quamdam
3399 3057 3614 3125 religio-

348 3152 442 3202 καὶ
464 3149 540 3211 ὡς
569 3149 944 3219 παραλυτικὸν
983 3149 1186 3220 ἔχουσα
1207 3150 1298 3204 τὸν
1348 3150 1690 3221 γημάμενον.
1715 3147 1822 3204 Ἦν
1860 3150 1920 3204 δὲ

2028 3170 2152 3210 nem
2191 3163 2528 3209 commentus
2579 3161 2682 3206 est.
2748 3150 2849 3217 Qui
2901 3164 3022 3204 cum
3079 3149 3368 3218 aliquando
3451 3162 3612 3217 para-

345 3244 530 3304 αὐτοῖς
558 3243 706 3308 φίλος
767 3242 999 3312 μοναχός
1053 3259 1142 3306 τις
1174 3244 1469 3314 αἱρετικὸς,
1531 3243 1807 3314 ἑξόριστος
1841 3245 1923 3307 εις

345 3335 535 3387 ἐκεῖνα
571 3333 639 3386 τὰ
681 3334 825 3403 μέρη
854 3333 942 3386 διὰ
983 3334 1352 3388 κακοπιστίαν
1402 3334 1723 3404 γενόμενος.
1754 3328 1924 3399 Οὗτος

349 3427 407 3490 ἐξ
442 3425 729 3495 ὑποθήκης
759 3423 852 3478 τοῦ
879 3425 1126 3494 Μωάμεθ
1153 3425 1576 3496 ἑπληροφόρησε
1605 3425 1700 3496 τὴν
1732 3425 1924 3480 τούτου

349 3514 611 3582 σύζυγον,
658 3515 735 3576 ὡς
795 3515 897 3570 οὐκ
953 3517 1068 3569 ἐστι
1111 3516 1271 3586 κοινὴ
1332 3517 1486 3579 νόσος
1541 3517 1576 3583 ἡ
1617 3517 1925 3586 κατέχουσα

348 3607 543 3661 τοῦτον
572 3625 585 3638 ·
611 3609 727 3661 ἀλλ’
749 3609 941 3670 ὁσάκις
972 3608 1038 3661 ἂν
1067 3609 1153 3680 ἴδῃ
1173 3610 1268 3662 τὸν
1287 3609 1632 3679 ἁρχάγγελον
1657 3610 1923 3681 Γαϐριὴλ,

353 3699 433 3770 μὴ
457 3701 641 3766 φέρων
669 3698 836 3750 αὐτοῦ
875 3698 974 3767 τὴν
994 3699 1234 3767 φοϐερὰν
1262 3701 1613 3768 ἐπιφάνειαν,
1651 3703 1730 3764 εἰς
1767 3702 1928 3756 τοῦτο

352 3793 688 3842 καταπίπτει
719 3788 781 3840 τὸ
819 3788 1010 3851 πάθος.
1047 3790 1157 3844 Καὶ
1188 3789 1294 3858 γὰρ
1323 3792 1352 3843 ό
1383 3790 1646 3860 δηλωθεὶς
1692 3795 1926 3861 ἄγγελος

353 3883 434 3942 είς
464 3881 592 3942 τοὺς
628 3880 898 3950 μεγάλους
935 3879 1329 3936 ἀποστέλλεται
1357 3884 1662 3953 προφήτας,
1710 3885 1928 3938 ἀποκα-

349 3973 573 4026 λύπτων
621 3972 804 4034 αὐτοῖς
839 3973 912 4025 τὰ
981 3973 1264 4044 μυστήρια
1317 3973 1413 4027 τοῦ
1467 3975 1625 4041 Θεοῦ,
1657 3978 1754 4030 καὶ
1779 3977 1925 4046 γνῶ-

353 4081 441 4116 σιν
473 4065 584 4116 τῶν
657 4063 956 4132 ἐσομένων.
1033 4064 1459 4120 Ἀποστέλλεται
1491 4066 1570 4132 δὲ,
1629 4068 1786 4136 φησι,
1829 4070 1926 4122 καὶ

355 4157 496 4225 πρὸς
529 4156 622 4208 τὸν
660 4155 828 4224 ἄνδρα
851 4156 944 4212 τὸν
970 4157 1194 4227 σαυτῆς,
1217 4158 1294 4221 ὡς
1327 4157 1586 4229 μέγιστον
1611 4161 1923 4231 προφήτην.

357 4248 509 4317 Αὕτη
535 4247 614 4312 δὲ,
643 4247 934 4300 πεισθεῖσα
969 4250 1083 4312 τοῖς
1117 4249 1460 4320 λεγομένοις,
1494 4252 1589 4304 κα)⁸
1645 4253 1922 4324 γενομένη

355 4338 686 4410 περιχαρὴς,
715 4342 983 4411 ἐκήρυττε
1019 4341 1318 4412 διαρρήδην
1347 4345 1469 4406 ταῖς
1499 4343 1691 4406 ἄλλαις
1735 4361 1926 4413 γυναι-

353 4431 380 4495 ξ
407 4451 456 4494 ν,
486 4431 568 4483 ὅτι
599 4429 772 4500 μέγας
801 4432 919 4485 ἐστὶ
947 4435 1236 4504 προφήτης
1255 4433 1542 4505 Μωάμεθό
1568 4436 1707 4506 ἀνὴρ
1733 4437 1923 4507 αὐτῆς.

2028 3248 2127 3320 lysi
2159 3247 2450 3311 laboraret,
2521 3245 2777 3316 praedicta
2817 3244 2985 3314 ipsius
3021 3257 3156 3298 uxor
3204 3257 3344 3312 (egre
3375 3242 3500 3295 illud
3559 3251 3616 3296 et

2032 3339 2248 3409 indigno
2305 3337 2534 3405 ferebat,
2565 3345 2752 3408 utpote
2817 3351 2940 3406 qua:
2995 3349 3107 3389 non
3153 3333 3327 3388 solum
3389 3332 3617 3401 pauperi

2029 3433 2122 3487 sed
2157 3437 2212 3485 et
2245 3429 2543 3499 paralytico
2577 3429 2874 3498 nupsisset.
2931 3426 3137 3492 Quibus
3184 3440 3306 3480 cum
3333 3423 3625 3478 fatuili'aris

2029 3531 2167 3580 esset
2199 3521 2498 3577 monachus
2525 3521 2742 3591 quidam
2774 3521 3086 3584 haereticus,
3128 3518 3183 3574 in
3213 3533 3304 3573 eas
3337 3526 3517 3585 partes
3545 3516 3615 3569 ob

2029 3629 2224 3685 pravas
2260 3613 2516 3684 quasdam
2547 3614 2610 3665 de
2639 3611 2742 3665 [ide
2769 3611 3054 3679 opiniones
3088 3609 3369 3678 expulsus,
3431 3608 3517 3661 hic
3547 3623 3616 3659 ex

2031 3704 2293 3760 instinctu
2350 3702 2638 3758 Moametlti
2702 3700 2918 3770 coniugi
2979 3700 3096 3768 ejus
3137 3699 3448 3766 allirmavit,
3506 3715 3617 3751 non

2027 3813 2148 3853 esse
2184 3797 2330 3850 illum
2357 3809 2700 3850 communem
2735 3794 2982 3848 morbum
3042 3806 3151 3861 quo
3196 3792 3422 3846 maritus
3477 3789 3616 3844 allii-

2035 3899 2316 3946 ctaretur:
2359 3887 2452 3942 sed
2480 3887 2908 3956 quotiescunque
2949 3883 3287 3952 conspiceret
3315 3883 3617 3949 archange-

2033 3983 2142 4036 lum
2204 3979 2530 4044 Gabrielem,
2568 3987 2624 4032 et
2673 3988 2949 4048 aspectum
3025 3977 3198 4045 ipsius
3243 3974 3516 4029 insolitum
3552 3991 3617 4027 ac

2031 4072 2327 4130 terribilem
2354 4070 2536 4124 minus
2569 4069 2753 4135 ferret,
2809 4070 2861 4124 in
2902 4071 3047 4126 hunc
3084 4071 3332 4122 morbum
3367 4067 3623 4122 ὶιιοίόιτθ

2031 4167 2227 4222 solere.
2245 4162 2376 4217 Nam
2398 4161 2484 4217 hic
2509 4162 2759 4232 angelus,
2776 4162 2971 4232 inquit,
2995 4161 3059 4216 ad
3081 4174 3305 4228 magnos
3325 4163 3614 4229 prophetas

2029 4258 2307 4328 ablegatur
2339 4263 2398 4309 ut
2425 4255 2612 4310 iisdem
2649 4269 2844 4310 arcana
2871 4263 2924 4308 et
2948 4255 3200 4324 mysteria
3226 4252 3617 4320 scientiamque

2029 4351 2328 4405 futurorum
2367 4348 2597 4418 aperiat.
2627 4345 2732 4402 Sed
2790 4356 2844 4400 et
2874 4347 2940 4400 ad
2980 4345 3236 4398 maritum
3285 4355 3458 4409 tuum,
3514 4345 3612 4409 ait,

2031 4441 2304 4505 mittitur,
2345 4447 2596 4507 tanquam
2629 4439 2693 4493 ad
2739 4438 3056 4508 prophetam
3111 4437 3431 4493 maximum.
3492 4435 3615 4490 llaec

353 4522 466 4574 Kal
517 4523 610 4574 τὸν
643 4523 846 4594 τρόπον
886 4525 1076 4578 τοῦτον
1119 4529 1182 4579 ὲκ
1211 4527 1490 4595 γυναικῶν
1541 4529 1622 4591 είς
1669 4529 1920 4599 ἄνδραςέ

2034 4547 2161 4587 vero
2192 4547 2314 4586 cum
2352 4531 2588 4586 orationi
2637 4531 2799 4587 ﬁdem
2829 4531 3192 4594 adhibuisset.
3242 4545 3440 4599 magno
3489 4545 3616 4583 cum

352 4613 515 4683 λόγος
579 4607 737 4677 οὗτος
827 4617 1096 4682 διαδοθεὶς
1183 4620 1478 4689 ἐκράτησε,
1536 4625 1630 4673 καὶ
1689 4623 1928 4695 κατέστη

2028 4623 2222 4694 gaudio
2243 4623 2418 4693 palam
2438 4625 2574 4693 apud
2598 4621 2732 4678 alias
2757 4622 3011 4676 mulieres
3027 4620 3614 4688 divulgabat,magnum

355 4703 596 4772 βέϐαιος.
630 4705 742 4760 Καὶ
771 4706 956 4761 λοιπὸν
977 4708 1182 4778 ήρξατο
1209 4709 1484 4766 διδάσκειν
1507 4713 1534 4764 ό
1563 4712 1764 4776 πλάνος
1789 4715 1920 4769 ἐκεῖ-

2029 4715 2346 4787 prOphetam
2373 4731 2495 4772 esse
2536 4714 2898 4771 Moametlmm
2947 4730 3102 4770 suum
3161 4713 3356 4766 virum.
3437 4713 3624 4780 Atque

353 4814 464 4862 νος,
501 4798 596 4851 καὶ
627 4797 726 4870 τὴν
757 4799 864 4852 τῶν
891 4799 1180 4870 δογμάτων
1211 4801 1378 4855 αὑτοῦ
1406 4803 1560 4856 νόσον
1588 4805 1920 4878 διασπείρειν

2029 4809 2136 4864 hoc
2204 4811 2365 4864 modo
2414 4810 2577 4863 etiam
2635 4811 2775 4878 apud
2855 4807 3000 4861 viros
3065 4807 3179 4861 ι]ωο
3257 4806 3398 4858 lauta
3494 4821 3616 4857 tutt-

357 4889 448 4942 ὲπὶ
477 4889 605 4951 τοὺς
631 4889 918 4958 ἀνοήτους.

2031 4899 2186 4956 lieris
2225 4902 2460 4954 obtinuit
2520 4909 2574 4954 et
2600 4902 2919 4954 conﬁrmata
2939 4907 3044 4952 est.
3111 4896 3310 4966 Sicque
3359 4898 3615 4961 deinceps

357 4980 618 5049 impostor
665 4980 766 5036 ille
810 4979 1007 5040 docere
1064 4983 1251 5052 coepit,
1302 4996 1357 5040 et
1441 4997 1644 5052 pestem
1699 5001 1920 5046 suorum

2028 4992 2310 5046 lacitorum
2361 4991 2502 5058 apud
2570 4991 2846 5060 imperitos
2905 5005 2970 5046 ac
3029 4989 3304 5061 simplices
3359 4989 3614 5044 dissemi-

357 5086 506 5125 nare.

437 5187 503 5256 β’.
525 5180 694 5251 Οὗτος
721 5189 1079 5263 διεθρὺλλησε
1099 5195 1321 5265 γραφὴν
1337 5195 1630 5268 οὐρανόθεν
1646 5197 1730 5249 ἐπ’
1760 5197 1924 5250 αὑτὸν

360 5279 706 5351 κοιμώμενον
761 5287 1117 5352 καταπεσεῖν,
1168 5285 1400 5356 ἔχουσαν
1451 5291 1713 5358 τοιαύτην
1743 5287 1928 5340 θεολο-

361 5373 518 5438 γίαν·
549 5373 672 5427 ὀτι
726 5391 786 5427 τε
821 5370 903 5438 εἷς
958 5375 1091 5439 Θεός
1149 5376 1293 5440 ἐστι,
1334 5379 1571 5448 ποιητὴς
1603 5379 1714 5432 τῶν
1763 5378 1923 5445 ὅλων,

430 5556 504 5623 tl)
534 5553 647 5611 Hoc
674 5564 774 5621 est,
810 5557 1137 5627 singularem
1169 5573 1288 5614 esse
1322 5559 1374 5612 in
1411 5559 1516 5614 Deo
1539 5574 1847 5627 personam.

2103 5197 2160 5252 2.
2196 5197 2292 5253 llic
2339 5196 2633 5266 divulgavit
2687 5199 3012 5266 scripturam
3051 5195 3338 5265 quamdam
3398 5195 3614 5250 coalitus

2039 5301 2205 5355 super
2235 5287 2411 5355 ipsum
2441 5285 2801 5339 dormientem
2833 5284 3132 5352 delapsam,
3164 5300 3282 5351 qua:
3343 5285 3500 5337 talem
3545 5287 3620 5339 de

2038 5377 2145 5430 Deo
2175 5375 2478 5431 doctrinam
2512 5375 2964 5444 complecteretur
2997 5393 3010 5429 :
3055 5389 3246 5444 nempe
3275 5391 3438 5428 unmn
3492 5391 3613 5430 esse

360 5711 497 5767 1595,
527 5714 694 5770 in—‘ta;
725 5721 888 5766 exstat
914 5718 960 5764 in
991 5715 1214 5766 editione
1236 5717 1406 5766 Latina
1435 5717 1606 5768 Franc.
1653 5716 1776 5774 Zini,
1802 5717 1891 5766 sed
1913 5715 2128 5765 omissus
2153 5723 2229 5766 est
2269 5720 2319 5766 in
2354 5714 2611 5776 Pamplia?
2636 5715 2798 5764 Greca
2819 5713 3037 5776 editione
3077 5709 3445 5776 prittcip_e_anni
3473 5709 3610 5776 me,

361 5787 458 5832 pra:
483 5776 926 5840 metu'l‘urcarum.
971 5779 1275 5840 Opusculum
1310 5779 1492 5840 Cramer
1524 5787 1575 5826 et
1626 5772 1796 5827 latino
1831 5780 2097 5840 repetitum
2139 5785 2216 5828 est
2249 5777 2298 5825 in
2356 5772 2658 5840 Bibliotheca
2703 5774 3034 5840 (gallaudiana,
3077 5772 3528 5840 tom.A_X|V,__unt‘-e
3559 5774 3614 5820 in

359 5840 572 5883 nostram
597 5834 1076 5894 dcrivamus.multis
1098 5847 1262 5890 tamen
1294 5843 1345 5891 in
1378 5839 1559 5890 melius
1579 5842 1778 5890 mutatis
1802 5834 1904 5898 opc'
1926 5847 2152 5890 notarum
2181 5837 2587 5899 Sylburgii,quas
2605 5835 2802 5888 omnino
2837 5837 3136 5898 neglexerat
3157 5835 3318 5886 editor
3353 5834 3599 5885 Venetus.
