4044 6290
458 401 597 467 1335

1702 414 2085 474 EU'IHYMII
2131 415 2498 474 ZIGABENI

3598 408 3739 473 1336

452 524 621 577 Deum
683 524 1021 581 conditorem
1084 526 1340 594 universi,
1374 526 1467 598 qui
1495 542 1669 599 neque
1691 531 1906 597 genitus
1960 530 2023 582 sit

2159 532 2296 600 μήτε
2336 514 2653 601 γεννηθεὶς,
2683 529 2821 599 μήτε
2861 529 3174 598 γεννήσας·
3211 526 3306 581 καὶ
3361 527 3446 578 ὅτι
3500 527 3528 578 6
3567 524 3739 594 Λόγος

450 631 629 686 neque
684 619 933 687 genuerit
969 638 982 673 :
1017 628 1070 674 et
1114 618 1350 677 Verbum
1406 621 1501 676 Dei
1567 633 1729 690 atque
1779 621 2040 692 Spit-itum

450 711 733 779 ejumqua:
784 711 892 764 sint
942 712 1178 779 condita,
1232 713 1475 783 ingressa
1523 712 1746 768 Mariam
1802 728 2040 768 sororem

452 801 618 856 Mosis
661 812 714 856 et
766 803 1017 868 Aaronis,
1051 805 1297 874 hancque
1325 806 1443 860 sine
1504 806 1712 860 semine
1767 806 2042 876 peperisse

451 893 632 947 Jesum
703 893 976 948 Christum
1005 935 1018 960 ,
1076 898 1164 966 qui
1193 899 1459 967 propheta
1487 908 1539 953 et
1564 914 1755 953 servus
1794 899 1885 953 Dei
1919 898 2039 954 fue-

463 987 550 1051 rit,
621 984 944 1057 Jutheosque
986 991 1191 1045 invidia
1254 993 1556 1047 concitatos
1582 992 1817 1049 voluisse
1868 995 2038 1063 ipsum

461 1078 515 1132 in
568 1094 785 1135 crucem
848 1082 1079 1150 tollere,
1147 1100 1253 1153 quo
1308 1087 1703 1154 comprehenso
1790 1089 2037 1143 umbram

450 1171 569 1237 ejus
602 1174 974 1231 crucifixerint
1002 1196 1013 1231 :
1042 1176 1320 1232 Christum
1352 1194 1481 1235 vero
1511 1195 1685 1249 neque
1718 1181 2038 1237 crucifixum

453 1262 644 1328 fuisse,
668 1281 840 1337 neque
872 1269 1073 1325 obiisse
1103 1288 1115 1322 :
1146 1269 1314 1324 Deum
1342 1271 1483 1324 enim
1514 1271 1658 1326 hunc
1683 1271 2042 1341 assumpsisse

456 1371 522 1410 eo
572 1359 714 1426 quod
768 1359 945 1428 ipsum
1007 1370 1236 1417 amaret.
1277 1362 1443 1417 Deum
1502 1364 1669 1417 etiam
1733 1363 2035 1419 Christum.

455 1460 804 1516 posteaquam
843 1452 895 1505 in
930 1454 1125 1507 caelum
1160 1455 1519 1519 ascendisset,
1571 1456 1933 1525 interrogasse
1956 1456 2040 1509 di-

452 1548 667 1593 centem
706 1558 719 1593 :
770 1558 788 1591 (
844 1538 887 1596 Ο
926 1541 1054 1597 Jesu
1090 1546 1100 1597 !
1161 1555 1324 1599 tuane
1372 1546 1484 1599 haec
1514 1555 1599 1599 est
1640 1548 1835 1609 oratio,
1893 1546 2041 1614 quod

451 1641 505 1683 tu
540 1631 750 1687 scilicet
795 1634 871 1688 sis
913 1634 1082 1690 Filius
1125 1636 1217 1691 Dei
1264 1646 1319 1692 et
1381 1638 1572 1692 Deus?
1623 1649 1679 1693 et
1736 1637 1918 1693 Jesum
1954 1654 2039 1693 re-

452 1720 739 1788 spondisse
764 1739 777 1776 :
803 1738 862 1778 se
882 1739 985 1778 nou
1011 1726 1260 1780 docuisse
1286 1726 1384 1780 hoc
1410 1740 1583 1795 neque
1608 1726 1926 1780 erubescere
1945 1720 2037 1780 Dei

451 1822 668 1863 servum
698 1824 841 1875 esse,
876 1826 1064 1866 verum
1091 1812 1338 1868 homines
1366 1813 1480 1867 hare
1503 1815 1573 1867 ita
1600 1813 1820 1868 dixisse.
1858 1832 1875 1864 ι
1917 1812 2040 1868 Haec

2156 618 2251 670 τοῦ
2287 618 2448 684 Θεοῦ,
2493 620 2586 673 καὶ
2625 619 2685 671 τὸ
2720 617 2947 689 Πνεῦμα
2977 618 3170 680 αὐτοῦ,
3197 618 3391 672 κτιστὰ
3429 618 3583 677 ὅντα,
3626 619 3737 670 εἰσ-

2153 713 2316 781 ἦλθεν
2346 716 2427 775 εἰς
2459 711 2676 784 Μαρίαν
2699 711 2799 782 τὴν
2822 711 3062 782 ἀδελφὴν
3089 710 3334 773 Μωσέως
3363 708 3458 762 καὶ
3497 707 3735 780 Ἀαρὼν,

2155 804 2250 857 καὶ
2304 804 2602 874 ἐγέννησεν
2643 804 2783 875 αὑτὴ
2838 804 2965 873 δίχα
3032 802 3352 872 σπέρματος
3406 799 3620 869 Ἰησοῦν
3649 800 3739 852 τὸν

2151 895 2410 966 Χριστὸν,
2442 898 2731 966 προφήτην
2758 895 2853 949 καὶ
2894 894 3083 947 δοῦλον
3128 893 3395 962 γεγονότα
3448 890 3542 944 τοῦ
3573 891 3734 943 Θεοῦ·

2151 986 2245 1039 καὶ
2277 985 2358 1038 ὅτι
2390 987 2438 1038 οἰ
2486 985 2729 1040 Ἰουδαῖοι
2779 986 3154 1056 φθονήσαντες
3233 983 3515 1054 ἠθέλησαν
3562 982 3732 1035 alath

2152 1077 2511 1149 σταυρῶσαιο
2567 1080 2661 1132 καὶ
2721 1080 3104 1150 κρατήσαντες
3142 1119 3157 1141 ,
3218 1077 3585 1148 ἐσταύρωσαν
3638 1077 3741 1147 τὴν

2154 1169 2313 1223 σκιὰν
2339 1168 2529 1222 αὐτοῦ’
2566 1170 2730 1234 αὐτὸς
2777 1170 2835 1224 δὲ
2864 1171 2891 1223 6
2942 1168 3183 1240 Χριστὸς
3231 1169 3331 1224 οὐκ
3384 1168 3739 1239 ἐσταυρώθη,

2149 1261 2273 1314 οὐδὲ
2343 1263 2652 1317 ἀπέθανεν’
2712 1265 2739 1316 6
2788 1263 2898 1332 γὰρ
2934 1260 3072 1325 Θεὸς
3135 1261 3332 1315 ἔλαϐεν
3390 1261 3555 1314 αὑτὸν
3594 1260 3740 1329 πρὸς

2150 1353 2343 1407 ἑαυτὸν
2373 1355 2454 1418 εἰς
2500 1356 2592 1408 τὸν
2650 1355 2911 1424 οὐρανὸν,
2961 1354 3053 1409 διὰ
3084 1354 3143 1408 τὸ
3172 1354 3347 1423 φιλεῖν
3397 1354 3561 1407 αὐτόν
3594 1370 3608 1383 ·
3641 1354 3737 1407 καὶ

2149 1447 2231 1499 ὅτι
2258 1446 2557 1500 ἀνελθόντα
2579 1446 2672 1500 τὸν
2704 1448 2941 1517 Χριστὸν
2974 1449 3056 1511 είς
3091 1447 3187 1501 τὸν
3212 1447 3471 1515 οὐρανὸν,
3523 1445 3738 1516 ἐρώτη-

2150 1556 2243 1593 σεν
2268 1540 2296 1592 6
2324 1540 2479 1606 Θεὸς,
2504 1539 2714 1608 λέγων’
2750 1560 2768 1593 ι
2798 1537 2871 1593 Ὦ
2911 1539 3117 1610 Ἰησοῦ,
3159 1540 3223 1592 σὺ
3266 1535 3422 1601 εἶπες
3455 1539 3550 1592 τὸν
3576 1539 3739 1606 λόγον

2146 1631 2358 1698 τοῦτον,
2384 1632 2467 1685 ὄτι
2501 1633 2630 1695 Υἰὸς
2662 1630 2712 1685 εἰ
2758 1630 2854 1685 τοῦ
2892 1631 3055 1697 Θεοῦ,
3106 1631 3200 1685 καὶ
3228 1631 3398 1696 Θεός;
3454 1631 3569 1683 Kal
3597 1631 3737 1683 ἀπε-

2149 1723 2311 1794 κρίθη
2358 1723 2566 1793 Ἰησοῦς
2597 1726 2681 1777 ὅτι
2710 1724 2826 1777 Οὐκ
2855 1718 3012 1777 εἰπον
3054 1722 3172 1790 ἐγώ
3196 1739 3209 1753 ⁶
3244 1724 3367 1776 οὐδὲ
3398 1721 3734 1792 αἰσχύνομαι
3760 1708 3767 1715 ’

2149 1809 2291 1868 εἶναι
2323 1813 2509 1878 δοῦλός
2546 1832 2669 1869 σου.
2742 1813 2887 1867 Ἀλλ’
2928 1815 2976 1867 οἱ
3032 1814 3313 1883 ἄνθρωποι
3367 1813 3617 1880 λέγουσι,
3653 1814 3735 1864 ὅτι

450 1903 661 1972 aliaque
686 1909 954 1973 permulta
996 1916 1236 1960 monstra
1280 1906 1335 1960 in
1387 1907 1475 1960 illa
1536 1907 1801 1975 scriptura
1855 1905 2035 1960 Aell‘utit

2144 1906 2297 1960 εἷπον
2328 1907 2420 1960 τὸν
2451 1908 2610 1975 λόγον
2655 1906 2868 1961 τοῦτον.
2912 1925 2931 1959 ι
2978 1908 3091 1961 Kal
3120 1908 3259 1961 ἄλλα
3290 1905 3466 1959 πολλὰ
3498 1922 3732 1972 τερατο-

456 1994 707 2061 ridicula,
764 2012 929 2066 quam
952 1998 1210 2053 divinitus
1248 1998 1314 2051 ad
1339 2012 1397 2051 se
1431 1995 1662 2052 delata'm
1699 1997 1860 2054 nimis
1894 1999 2040 2053 inso-

450 2089 626 2146 lenter
680 2093 918 2160 jactitat.

520 2182 575 2237 3.
603 2183 713 2239 Nos
746 2201 873 2241 vero
912 2188 1177 2257 discipulo
1206 2189 1324 2259 ejus
1387 2193 1797 2257 respondemus,
1848 2204 2039 2246 omnes

452 2272 751 2338 prophetas
814 2275 880 2327 de
942 2275 1170 2330 Domino
1195 2287 1381 2334 nostro
1442 2277 1568 2334 Jesu
1613 2280 1832 2335 Christo
1882 2295 2039 2349 prae-

450 2362 675 2429 dixisse,
708 2374 763 2420 et
799 2377 925 2421 ante
983 2368 1083 2422 hos
1126 2368 1338 2432 Mosen,
1395 2371 1537 2439 quod
1576 2378 1631 2426 et
1708 2370 1803 2426 Dei
1872 2371 2039 2426 Filius

448 2461 502 2508 et
566 2453 710 2510 Deus
757 2457 1017 2513 extremis
1058 2460 1389 2527 temporibus
1448 2461 1736 2515 humanam
1788 2471 2036 2517 naturam

448 2554 598 2601 esset
622 2560 1000 2619 assumpturus
1029 2568 1044 2605 :
1081 2560 1135 2607 et
1155 2552 1399 2607 absoluta
1424 2553 1829 2622 dispensatione
1856 2569 1953 2609 sua
1983 2555 2039 2609 in

446 2654 615 2695 carne
677 2644 1050 2714 crucifigetur,
1116 2645 1426 2714 sepelietur,
1458 2656 1513 2701 et
1549 2656 1820 2715 resurget,
1859 2656 1913 2702 et
1982 2647 2036 2702 in

447 2732 643 2789 caelum
693 2745 1052 2791 assumetur:
1102 2738 1430 2807 tandemque
1481 2748 1740 2793 venturus
1776 2740 1847 2794 sit
1870 2739 2038 2809 iudex

448 2826 693 2881 omnium
715 2866 735 2893 ,
766 2829 997 2885 reddens
1023 2830 1318 2899 unicuique
1346 2834 1639 2887 secundum
1672 2848 1835 2903 opera
1867 2834 1985 2903 ejus
2020 2852 2035 2889 :

446 2926 612 2987 atque
641 2918 741 2974 hos
783 2919 1002 2990 quidem
1035 2923 1328 2992 prophetas
1378 2939 1470 2978 vos
1504 2939 1744 2993 quoque,
1790 2926 1865 2980 uti
1912 2925 2038 2995 qui-

448 3009 570 3065 dem
601 3009 801 3077 dicitis,
826 3011 1095 3081 probatis.
1157 3014 1319 3084 Atqui
1383 3016 1450 3068 de
1498 3015 1809 3072 Moametho
1877 3031 2039 3073 nemo

445 3102 665 3157 illarum
704 3104 959 3174 praedixit
990 3105 1134 3175 quod
1200 3106 1343 3161 Deus
1389 3106 1680 3164 Saracenis
1720 3109 1881 3166 talem
1910 3124 2038 3179 pro-

446 3195 674 3265 phetam
727 3197 1069 3255 excitaturus
1117 3200 1208 3255 sit.
1269 3200 1338 3255 Et
1390 3199 1564 3258 Moses
1629 3202 1851 3271 quidem
1910 3218 2034 3258 cum
2065 3231 2112 3293 ο

448 3303 603 3345 mons
647 3288 778 3345 Sina
842 3291 1099 3347 terribilis
1125 3304 1269 3349 esset
1298 3295 1549 3362 nubibus,
1586 3296 1730 3366 igne,
1768 3298 2030 3364 tenebris,

446 3388 499 3432 et
527 3380 743 3435 turbine
766 3380 998 3451 aliisque
1046 3384 1441 3452 consimilibus,
1467 3402 1586 3455 qua:
1625 3394 1886 3443 terrorem
1951 3388 2037 3442 in-

446 3483 631 3527 cutere
661 3482 718 3528 et
749 3473 1092 3530 formidinem
1114 3476 1318 3532 addere
1374 3478 1593 3545 solent,
1638 3481 1784 3535 omni
1836 3481 2034 3551 populo

446 3573 729 3633 spectante
791 3567 845 3621 in
891 3567 1140 3624 tenebras
1165 3568 1447 3639 ingressus
1480 3582 1564 3627 est
1594 3572 1881 3643 legemque
1945 3589 2034 3630 re-

448 3658 567 3714 tulit
600 3676 614 3714 :
646 3659 990 3717 Moamethus
1041 3676 1171 3718 vero
1213 3664 1316 3719 iste
1381 3664 1901 3736 quibusportentis,
1938 3676 2034 3723 aut

447 3755 772 3817 quibusnam
800 3757 1174 3824 spectantibus
1206 3758 1422 3829 accepit
1473 3759 1627 3813 illam
1653 3760 1914 3817 divinitus
1962 3761 2031 3816 ad

449 3865 508 3903 se
558 3851 806 3913 missam,
839 3857 903 3903 ut
938 3850 1138 3915 aiebat,
1170 3852 1543 3921 scripturam?
1570 3850 1642 3907 At
1672 3853 1761 3907 isti
1794 3868 1917 3908 cum
1944 3855 2031 3910 his

450 3942 757 3997 rationibus
824 3950 1148 4009 premuntur
1169 3953 1223 3999 et
1271 3943 1323 3997 in
1357 3944 1637 4015 angustias
1681 3946 2027 4014 rediguntur,

446 4034 818 4102 respondent.
863 4034 1029 4087 Deum
1084 4048 1420 4105 quascunque
1477 4036 1636 4102 velit,
1688 4044 1743 4091 et
1804 4050 2028 4105 quomo-

445 4126 517 4179 do
560 4123 715 4190 velit,
744 4122 942 4179 facere.
982 4123 1187 4180 Deinde
1220 4140 1320 4180 nos
1384 4126 1580 4179 iterum
1629 4139 1884 4193 urgemus
1916 4143 1929 4178 ε
1961 4125 2031 4179 At

446 4216 722 4285 quomodo
783 4216 1063 4271 descendit
1122 4215 1212 4270 illa
1255 4217 1523 4285 scriptura
1582 4216 1648 4270 ad
1710 4218 2026 4286 prophetam

447 4306 733 4361 vestrum?
781 4306 849 4360 Et
905 4306 993 4359 isti
1036 4309 1414 4376 respondent:
1463 4306 1540 4361 Eo
1599 4308 1921 4377 dormiente.
1973 4308 2028 4363 in

446 4401 622 4467 ipsum
676 4399 884 4452 incidit.
926 4396 997 4452 Et
1038 4413 1138 4453 nos
1180 4399 1377 4453 iterum
1437 4400 1747 4468 reponimus
1782 4417 1798 4455 ι
1829 4400 1898 4455 Et
1936 4417 2032 4455 una

446 4492 642 4545 denam
686 4499 899 4544 constat
952 4490 1096 4558 quod
1164 4490 1419 4545 divinitus
1455 4507 1619 4559 super
1659 4492 1841 4561 ipsum
1884 4495 2029 4548 deci-

2140 1998 2314 2063 λογῶν
2364 2000 2422 2052 ὲν
2452 2001 2519 2070 τῇ
2553 2000 2781 2073 τοιαύτῃ
2833 2002 3023 2070 γραφῇ
3062 1999 3303 2068 γέλωτος
3338 1996 3496 2061 ἄξια,
3523 1996 3733 2065 ταύτην

2140 2096 2203 2149 ὲκ
2226 2092 2362 2146 Θεοῦ
2396 2094 2478 2146 ἐπ’
2503 2093 2667 2146 αὐτὸν
2696 2092 3098 2163 κατενεχθῆναι
3124 2092 3491 2162 φρυάττεται.
3739 2092 3747 2159 ξ

2213 2192 2286 2254 γ’.
2322 2187 2519 2256 Ἡμεῖς
2554 2187 2611 2240 δὲ
2644 2186 2876 2257 πρὸςτὸν
2913 2185 3162 2257 μαθητὴν
3186 2184 3351 2239 αὐτοῦ
3382 2185 3623 2254 λέγομεν
3652 2186 3730 2239 ὅτι

2143 2281 2279 2351 Περὶ
2322 2280 2423 2349 μὲν
2446 2280 2539 2333 τοῦ
2570 2279 2779 2350 Κυρίου
2812 2278 2973 2349 ήμῶν
3016 2276 3193 2348 Ἰησοῦ
3228 2277 3477 2347 Χριστοῦ
3525 2277 3729 2338 πάντες

2143 2374 2191 2425 οί
2220 2372 2503 2442 προφῆται
2539 2371 3045 2443 προκατήγγειλαν,
3089 2369 3182 2423 καὶ
3216 2369 3330 2438 πρὸ
3352 2366 3566 2421 τούτων
3597 2369 3731 2421 Mut-

2144 2467 2247 2536 σῆς
2273 2505 2289 2529 ,
2321 2466 2405 2519 ὅτι
2432 2454 2575 2519 Θεοῦ
2596 2465 2725 2529 Υἱὸς
2760 2464 2836 2517 ὢν
2879 2464 2975 2519 καὶ
3024 2463 3180 2529 Θεὸς,
3214 2463 3302 2516 ἐπ’
3341 2461 3594 2531 ἐσχάτων
3627 2459 3734 2512 τῶν

2145 2558 2376 2629 ἡμερῶν
2431 2557 2851 2629 ὲνανθρωπήσει
2876 2572 2891 2587 ·
2927 2555 3022 2609 καὶ
3053 2553 3283 2618 τελέσας
3314 2555 3418 2623 τήν
3463 2555 3733 2624 ἔνσαρκον

2144 2649 2467 2719 οἰκονομίαν
2520 2648 2714 2714 αὐτοῦ,
2756 2646 3213 2719 σταυρωθήσεται
3258 2647 3356 2699 καὶ
3393 2647 3730 2716 ταφήσεται,

2144 2742 2241 2795 καί
2277 2741 2671 2811 ἀναστήσεται,
2713 2740 2809 2794 καὶ
2844 2741 2926 2802 εἰς
2966 2738 3198 2809 οὐρανὸν
3227 2738 3687 2808 ἀναληφθήσεται
3714 2752 3729 2766 ’

2143 2834 2238 2887 καὶ
2267 2833 2587 2887 τελευταῖον
2622 2832 2745 2902 ἥξει
2771 2833 2967 2901 κριτὴς
2998 2830 3242 2896 πάντων,
3271 2827 3571 2891 ἀποδιδοὺς
3596 2826 3731 2881 ἐκά-

2144 2942 2256 2996 στῳ
2280 2925 2424 2981 κατὰ
2440 2926 2509 2979 τὰ
2535 2925 2674 2995 ἔργα
2701 2923 2891 2979 αὑτοῦ.
2912 2923 3149 2987 Τούτους
3172 2922 3231 2976 δὲ
3254 2924 3383 2986 τοὺς
3413 2921 3730 2992 προφήτας.

2142 3020 2239 3073 καὶ
2262 3019 2442 3090 ὑμεῖς,
2467 3018 2542 3083 ὡς
2569 3018 2786 3087 λέγετε,
2814 3017 3057 3088 δέχεσθε.
3083 3016 3221 3087 Περὶ
3247 3015 3305 3070 δὲ
3325 3013 3422 3068 τοῦ
3472 3013 3727 3083 Μωάμεθ

2140 3110 2349 3166 τούτων
2364 3111 2542 3172 οὐδεὶς
2575 3111 3012 3181 προεφήτευσεν,
3047 3110 3129 3163 ὅτι
3163 3112 3406 3162 τοιοῦτον
3436 3109 3726 3176 πρςφήτην

2142 3201 2442 3270 ἀναστήσει
2476 3202 2589 3265 τοῖς
2618 3201 2967 3270 Σαρακηνοῖς
3010 3201 3038 3253 6
3068 3198 3221 3262 Θεός.
3269 3199 3383 3253 Καὶ
3408 3199 3437 3250 6
3462 3197 3565 3267 μὲν
3593 3197 3727 3250 Μω-

2146 3296 2268 3366 σῆς,
2288 3293 2383 3348 τοῦ
2410 3294 2573 3363 ὅρους
2592 3292 2685 3347 τοῦ
2700 3293 2834 3347 Σινᾶ
2860 3291 3094 3361 φοϐεροῦ
3116 3290 3404 3359 γεγονότος
3422 3291 3477 3341 ὲν
3502 3288 3725 3359 νεφέλῃ,

2142 3388 2239 3441 καὶ
2269 3386 2429 3454 πυρὶ,
2467 3384 2562 3437 καὶ
2604 3386 2815 3455 γνόφῳ,
2867 3384 2964 3438 καὶ
3022 3382 3244 3453 θυέλλῃ,
3294 3383 3388 3434 καὶ
3438 3381 3728 3443 τοιαύταις

2140 3481 2331 3544 ἄλλαις
2363 3482 2619 3549 φρικταῖς
2671 3476 3103 3549 καταπλήξεσιν,
3162 3476 3403 3546 ὁρῶντος
3449 3473 3547 3527 τοῦ
3591 3472 3723 3527 λαοῦ

2143 3573 2369 3637 παντὸς,
2414 3573 2667 3641 εἰσῆλθεν
2724 3571 2806 3633 εἰς
2847 3570 2943 3623 τὸν
2988 3570 3211 3639 γνόφον,
3261 3569 3357 3621 καὶ
3405 3568 3502 3621 τὸν
3559 3566 3724 3634 νόμον

2141 3664 2469 3734 ἑκομίσατω
2501 3664 2529 3715 6
2560 3663 2616 3716 δὲ
2649 3660 2921 3731 Μωάμεθ,
2955 3661 3127 3715 ποίων
3162 3660 3513 3730 θεοσημείων
3547 3676 3724 3730 προη-

2140 3757 2497 3828 γησαμένων,
2528 3758 2562 3828 ἢ
2598 3758 2760 3812 τίνων
2792 3756 3069 3827 ὁρώντων,
3106 3755 3329 3822 ἐδέξατο
3352 3756 3451 3826 τὴν
3484 3754 3724 3823 θεόπεμο

2142 3866 2278 3904 πτον
2304 3849 2533 3919 ταύτην,
2567 3850 2643 3911 ὡς
2668 3847 2846 3916 ἔλεγε,
2878 3848 3139 3917 γραφήν;
3178 3847 3291 3899 Καὶ
3323 3837 3473 3898 οὗτοι
3520 3844 3723 3908 ἐξαπο-

2144 3943 2397 4014 ρούμενοι
2432 3940 2851 4011 ἀποκρίνονται,
2879 3941 2962 3994 ὅτι
2990 3942 3019 3994 6
3050 3940 3204 4003 Θεὸς,
3238 3940 3360 3993 ὅσα
3419 3937 3595 4000 θέλει,
3632 3937 3724 3989 καὶ

2138 4034 2213 4097 ὡς
2244 4032 2410 4098 θέλει,
2448 4034 2615 4086 ποιεῖ.
2646 4027 2783 4084 Εἶτα
2810 4031 2975 4085 πάλιν
2998 4032 3160 4101 ἡμεῖς
3187 4046 3202 4061 ·
3244 4030 3407 4083 una
3436 4029 3559 4093 πῶς
3590 4046 3721 4082 κατ-

2137 4124 2306 4194 ῆλθεν
2344 4124 2437 4177 ἐπὶ
2486 4122 2577 4177 τὸν
2612 4123 2901 4193 προφήτην
2943 4122 3096 4192 ὑμῶν
3135 4122 3169 4192 ή
3203 4122 3387 4190 γραφή
3420 4138 3435 4185 ;
3491 4122 3604 4173 Kal
3633 4120 3721 4173 λέ-

2141 4230 2357 4282 γουσιν,
2413 4213 2496 4266 ὄτι
2536 4212 2887 4282 κοιμωμένου
2944 4212 3216 4265 ἐπέπεσεν
3250 4212 3340 4264 ἐπ’
3380 4211 3572 4268 αὐτόν,
3613 4211 3721 4263 Καὶ

2140 4300 2295 4367 αὖθις
2331 4306 2513 4374 ἡμεῖς,
2556 4305 2671 4356 Καὶ
2704 4303 2874 4358 πόθεν
2916 4303 3098 4373 δῆλον,
3133 4304 3215 4357 ὅτι
3276 4302 3466 4356 θεόθεν
3523 4302 3720 4355 ἔπεσεν

2138 4399 2224 4451 ἐπ’
2261 4397 2464 4461 αὑτόνς
2501 4396 2665 4459 Εἰκὸς
2697 4396 2805 4468 γὰρ
2856 4396 3147 4466 ἄνθρωπον
3212 4396 3385 4465 αὐτὴν
3430 4396 3723 4465 γράψαντα

2142 4489 2295 4559 ῥίψαι
2323 4489 2412 4540 ἐπ’
2453 4489 2655 4542 αὐτόν’
2688 4490 2719 4558 ἢ
2758 4488 2854 4543 καὶ
2881 4488 3047 4543 αὑτὸν
3106 4487 3315 4558 ταύτην
3370 4486 3721 4555 πλασάμενον

448 4584 641 4637 derit?
681 4582 959 4636 enimvero
989 4582 1282 4637 verisimile
1326 4594 1408 4638 est
1463 4584 1739 4638 hominem
1781 4586 1872 4654 qui
1913 4601 2032 4641 eam

2144 4581 2435 4653 κηρύττειν
2467 4580 2551 4634 ὅτι
2588 4579 2773 4634 θεόθεν
2834 4579 3033 4634 ἔπεσεν
3073 4581 3163 4633 ἐπ’
3214 4580 3402 4633 αὐτόν.
3437 4579 3627 4649 Μηδὲν
3662 4580 3719 4631 δὲ

448 4675 743 4744 scripserat
795 4675 848 4729 in
882 4674 1056 4743 ipsum
1094 4674 1389 4745 projecisse
1424 4693 1439 4729 :
1488 4676 1576 4731 vel
1613 4676 1797 4744 potius
1854 4678 2030 4746 ipsum

449 4783 571 4820 eam
607 4767 972 4833 confinxisse,
1010 4777 1063 4821 et
1096 4776 1310 4837 postea,
1342 4767 1496 4836 quasi
1558 4766 1773 4821 caelitus
1809 4767 2030 4836 delapsa

454 4862 547 4927 sit,
623 4862 968 4930 praedicasse.
1030 4862 1163 4917 Cum
1235 4861 1397 4932 igitur
1426 4859 1559 4915 nihil
1614 4859 1770 4915 solidi
1825 4860 1892 4914 ad
1947 4860 2027 4913 sui

453 4954 823 5008 defensionem
865 4957 915 5008 in
979 4954 1213 5008 medium
1271 4954 1466 5009 all‘erre
1510 4954 1741 5023 possint,
1801 4954 2033 5009 dicimus

452 5064 555 5101 nos
590 5065 603 5101 :
643 5047 1112 5114 Quemadmodum
1160 5047 1251 5115 qui
1304 5047 1522 5111 dormit,
1563 5046 1829 5115 loquendo
1894 5045 2032 5099 deli-

458 5145 561 5203 rat,
599 5146 652 5190 et
688 5150 830 5205 sape
887 5134 1088 5203 aliquid
1144 5138 1437 5191 monstrosi
1490 5138 1542 5190 in
1584 5138 1795 5191 somnis
1864 5135 2027 5200 videt,

452 5234 530 5286 sic
571 5236 735 5286 etiam
776 5230 860 5284 illa
913 5232 1182 5298 scriptura
1246 5245 1364 5299 quae
1408 5232 1461 5285 in
1516 5231 1690 5299 ipswn
1754 5230 2027 5283 dormien-

454 5338 560 5378 tem
593 5324 839 5392 conjucta
885 5330 987 5386 est,
1031 5320 1280 5375 deliratio
1331 5333 1380 5375 et
1420 5323 1633 5376 somnio
1693 5324 2026 5376 simillimum

452 5418 792 5473 mendacium
880 5414 995 5467 fuit.
1054 5414 1291 5467 Rursum
1347 5430 1466 5469 eum
1533 5431 1629 5469 nos
1705 5430 1768 5468 ex
1834 5415 2028 5469 iisdem

452 5513 750 5582 quaerimus
800 5511 892 5579 qui
936 5512 1026 5563 tiat
1091 5519 1145 5562 ut
1183 5524 1305 5563 cum
1345 5508 1418 5562 illi
1456 5524 1520 5563 cx
1580 5519 1851 5577 praecepto
1884 5509 2031 5563 Moa-

455 5605 621 5659 tnellti
653 5604 783 5659 nihil
847 5604 961 5655 sine
1020 5602 1326 5655 testimonio
1407 5617 1578 5670 reque
1625 5602 1807 5656 facere
1857 5616 2031 5670 neque

458 5696 688 5762 probare
722 5704 775 5747 et
811 5694 1096 5747 admittere
1123 5694 1361 5755 solt-ant,
1411 5693 1615 5745 nullum
1656 5694 2027 5747 tesdmonium

459 5789 528 5839 ab
559 5787 1086 5853 rutlcttrexcgcrint,
1126 5788 1265 5853 quod
1303 5786 1441 5839 Deus
1500 5787 1673 5855 ipsum
1707 5797 1759 5839 ω
1796 5788 2029 5855 prophe-

456 5885 563 5932 tam
600 5875 842 5946 elegerit,
889 5878 1139 5945 quodque
1182 5879 1294 5946 ipsc
1335 5878 1591 5933 divinitus
1630 5880 1765 5934 hanc
1802 5881 1863 5935 de
1920 5880 2027 5935 Deo

290 6118 453 6150 Δ

2138 4674 2352 4745 καίριον
2380 4673 2916 4745 προσαπολογεῖσθαι
2968 4672 3312 4742 δυναμένων,
3372 4671 3612 4741 λέγομεν
3637 4674 3722 4725 ὅτι

2139 4766 2357 4836 Ὠσπερ
2398 4766 2426 4818 6
2474 4763 2822 4835 κοιμώμενος
2860 4764 3342 4834 παραφθέγγεται,
3376 4765 3472 4817 καὶ
3495 4764 3723 4818 ἀλλοκό-

2135 4877 2263 4924 τους
2311 4860 2557 4931 ὀνείρους
2591 4859 2779 4929 βλέπει
2839 4858 3124 4923 πολλάκις,
3179 4857 3322 4911 οῦτω
3356 4860 3453 4911 καὶ
3512 4860 3585 4911 τὰ
3622 4860 3723 4926 τῆς

2136 4956 2378 5025 γραφῆς,
2411 4954 2535 5023 ἥτις
2563 4952 2651 5005 ἐπ’
2682 4951 2851 5006 αὐτὸν
2894 4952 3100 5023 ἐρρίφη
3129 4951 3502 5021 κοιμώμενον,
3538 4967 3722 5019 παρα-

2137 5048 2304 5117 φορὰ,
2347 5048 2444 5101 καὶ
2475 5042 2983 5117 ὁνειρωδικώτατον
3014 5044 3075 5096 τὸ
3094 5040 3309 5112 ψεῦδος.
3351 5042 3723 5111 Ἐρωτώντων

2135 5141 2193 5194 δὲ
2225 5140 2387 5195 πάλιν
2419 5139 2601 5209 ήμῶν,
2640 5138 2787 5201 Πῶς,
2836 5137 2929 5191 τοῦ
2960 5135 3208 5205 Μωάμεθ
3240 5135 3370 5204 ὑμῖν
3402 5133 3724 5203 ἐντειλαμέ-

2136 5250 2229 5287 νου
2259 5232 2426 5304 μηδὲν
2456 5232 2584 5285 ἄνευ
2621 5231 2988 5302 μαρτυρίαςή
3020 5229 3252 5299 ποιεῖνῆ
3281 5228 3719 5299 παραδέχεσθαι,

2137 5328 2236 5381 οὐκ
2271 5326 2598 5397 ἀπῃτήσατε
2650 5325 2817 5378 αὐτὸν
2874 5324 3204 5395 μαρτυρίαν,
3263 5323 3345 5375 ὅτι
3407 5339 3469 5374 τε
3515 5323 3541 5374 6
3583 5322 3719 5385 Θεὸς

2136 5420 2299 5473 αὑτὸν
2323 5420 2613 5489 προφήτην
2640 5419 3039 5489 ἐχειροτόνησε,
3066 5416 3163 5470 καὶ
3179 5417 3261 5469 ὅτι
3289 5415 3476 5468 θεόθεν
3496 5414 3719 5479 ἐδέξατο

2137 5512 2236 5583 τὴν
2296 5512 2602 5582 εξρημένην
2649 5510 2970 5576 θεολογίαν;
3034 5507 3325 5561 Σιωπῶσιν
3373 5506 3714 5578 αἰδούμενοι.

2136 5606 2249 5657 Καὶ
2276 5604 2433 5667 αὖθις
2484 5606 2676 5673 ἡμεῖς·
2712 5604 2776 5654 Ὢ
2815 5603 2915 5670 τῆς
2970 5602 3241 5663 ἀτοπίαςί
3298 5603 3574 5667 γυναῖκας
3620 5600 3717 5670 μὲν

2134 5699 2228 5751 καὶ
2242 5696 2486 5764 δούλους,
2505 5697 2599 5751 καὶ
2624 5697 2881 5767 χρήματα
2904 5698 2997 5748 καὶ
3016 5696 3293 5765 κτήματα,
3314 5693 3409 5746 καὶ
3436 5694 3598 5755 ὅνους
3623 5696 3712 5747 καὶ

2134 5792 2325 5857 κύνας,
2344 5791 2405 5843 τὸ
2426 5789 2839 5850 εὐτελέστατον,
2870 5790 3037 5858 χωρὶς
3062 5786 3375 5858 μαρτυρίας
3402 5787 3506 5838 οῦκ
3521 5786 3676 5853 έχετε
3694 5801 3709 5814 ·

2140 5886 2307 5949 μόνην
2330 5883 2384 5938 δὲ
2401 5882 2586 5937 πίστιν
2606 5882 2697 5937 καὶ
2731 5881 2949 5945 γραφὴν
2975 5880 3146 5945 οὕτως
3168 5881 3487 5937 ἁμάοτυοον
3507 5878 3663 5942 ἔχετε
3689 5892 3709 5943 ε
