4020 6284
187 443 340 507 1337
1115 446 1490 507 PANOPLIA
1536 444 2000 507 DOGMATICA.
2031 470 2103 483 ·-
2141 442 2290 508 ΤΙΤ.
2325 447 2606 510 XXVIII.
3347 445 3488 511 I338

181 559 530 617 doctrinam
561 561 889 632 acceperit?
922 561 1125 631 pudore
1176 561 1364 626 sujl‘usi
1405 561 1798 616 conticescunt.
1835 560 1903 615 Et
1958 576 2056 616 uos
2093 561 2288 617 iterum
2343 569 2530 615 contra
2567 579 2581 618 :
2620 559 2664 614 Ο
2720 559 3141 614 absurdissimos
3176 563 3310 614 vos!
3365 547 3490 616 niu-

180 648 362 707 lieres
401 664 461 708 et
494 670 707 722 servos,
737 654 997 725 pecunias
1025 661 1078 708 et
1118 653 1512 723 possessiones,
1555 653 1740 708 asinos
1785 659 1946 721 atque
2010 669 2198 718 canes,
2232 653 2557 707 vilissimum
2630 651 2854 718 animal,
2922 652 3039 707 sine
3095 653 3324 708 testibus
3377 669 3484 707 non

177 745 510 810 possidetis
538 748 736 802 :solam
763 760 892 802 vero
915 747 1138 802 lidemet
1163 755 1486 817 scripturam
1511 746 1648 802 adeo
1681 749 1798 804 sine
1851 747 2077 803 testibus
2109 743 2351 801 tenetis?

265 883 339 936 δ’.
382 883 542 936 Ἀλλ’
571 884 695 936 ἐπεὶ
749 882 961 952 Ἰησοῦν
984 881 1224 954 Χριστὸν
1257 883 1449 950 λέγετε
1489 883 1662 952 Λόγον
1703 882 1800 936 τοῦ

181 974 363 1036 Θεοῦ,
401 976 508 1028 καὶ
536 975 761 1044 Πνεῦμα
781 975 969 1041 αὑτοῦ,
1001 977 1419 1048 συνομολογείτε
1451 979 1546 1030 καὶ
1569 977 1793 1041 ἄκοντες

185 1068 280 1120 ὃτι
314 1071 346 1121 ὁ
375 1069 569 1136 Λόγος
594 1067 690 1122 τοῦ
739 1067 878 1122 Θεοῦ
931 1071 1028 1124 καὶ
1058 1070 1119 1122 τὸ
1177 1069 1403 1139 Πνεῦμα
1438 1069 1604 1124 αὐτοῦ
1636 1071 1695 1124 ὲν
1723 1068 1802 1138 τῷ

1974 881 2030 936 4.
2065 881 2288 944 Verum,
2313 881 2438 949 quia
2473 896 2569 936 vos
2633 880 2822 936 Iesum
2901 881 3174 938 Christum
3248 883 3488 938 Verbum

1901 973 1995 1028 Dei
2047 982 2102 1027 et
2158 973 2418 1042 Spiritum
2469 973 2584 1042 ejus
2626 974 2808 1029 dicitis
2839 1013 2854 1036 ,
2915 974 3161 1028 nolentes
3237 976 3483 1032 volentes

1901 1063 2172 1128 fatemini,
2234 1063 2464 1118 Verbum
2508 1065 2603 1120 Dei
2643 1073 2698 1120 et
2727 1064 2987 1133 Spiritum
3020 1066 3188 1134 ipsius
3244 1067 3296 1120 in
3356 1069 3474 1136 ipso

187 1160 316 1230 Θεῷ
355 1162 537 1216 εἰσιν.
572 1163 633 1215 '0
662 1163 772 1232 γὰρ
800 1163 976 1231 Λόγος
1027 1161 1122 1216 τοῦ
1159 1161 1293 1216 Θεοῦ
1330 1165 1427 1216 καὶ
1467 1163 1529 1217 τὸ
1574 1163 1802 1232 Πνεῦμα

186 1252 374 1304 αὑτοῦ
409 1252 706 1324 ἀχώριστὰ
740 1255 844 1307 είσι
873 1252 969 1307 τοῦ
1026 1246 1086 1306 οῦ
1125 1255 1284 1317 εἰσιν,
1344 1255 1434 1307 ἴνα
1479 1254 1554 1325 μὴ
1600 1255 1799 1324 ἄλογος

186 1343 294 1398 καὶ
322 1345 550 1408 ἄπνους
579 1344 906 1416 ὑπολειφθῇ.
942 1345 1005 1398 Εί
1034 1345 1092 1399 δὲ
1122 1348 1180 1400 ὲν
1211 1345 1289 1416 τῷ
1310 1345 1430 1416 Θεῷ
1459 1347 1607 1400 ἐστιν
1631 1348 1660 1400 6
1694 1348 1801 1401 Λό-

187 1451 293 1500 γος
351 1436 561 1500 αὑτοῦ,
614 1437 856 1507 δηλονότι
886 1436 982 1490 καὶ
1037 1437 1172 1500 Θεός
1215 1439 1356 1491 ἐστι.
1386 1438 1498 1492 Καὶ
1537 1437 1726 1492 λοιπὸν
1772 1438 1801 1489 6

187 1523 481 1592 Χριστὸς,
517 1526 592 1589 ὡς
625 1526 726 1596 μὲν
757 1527 930 1596 Λόγος
953 1525 1048 1579 τοῦ
1079 1527 1238 1592 Θεοῦ,
1276 1527 1408 1592 Θεός
1439 1531 1609 1595 ἐστιν,
1641 1528 1717 1592 ὡς
1744 1529 1800 1583 δὲ

190 1617 264 1668 ὲκ
303 1616 606 1686 Παρθένου
650 1619 956 1689 γεννηθεὶς,
998 1618 1286 1690 ἄνθρωπός
1330 1621 1469 1673 ἐστι.
1525 1623 1631 1674 Καὶ
1657 1619 1799 1673 οὕτω

189 1707 444 1761 διπλοῦν
482 1709 614 1764 ὄντα
677 1711 783 1782 χρὴ
851 1711 1044 1765 τοῦτον
1095 1713 1402 1782 ὁμολογεῖν,
1435 1713 1570 1766 Θεόν
1596 1731 1655 1766 τε
1701 1715 1799 1768 καὶ

1903 1156 2012 1211 Deo
2038 1169 2176 1210 esse.
2219 1155 2451 1210 Verbum
2513 1155 2656 1210 enim
2719 1156 2834 1222 Dei,
2879 1165 2934 1210 et
2997 1156 3232 1226 Spiritus
3285 1159 3377 1212 Dei
3419 1161 3488 1213 ab

1901 1263 1968 1303 eo
1991 1249 2230 1315 separari
2256 1257 2534 1319 nequeunt
2579 1249 2733 1318 cujus
2763 1259 2910 1316 sunl,
2941 1251 3071 1318 quin
3107 1265 3302 1318 expers
3325 1250 3486 1305 Verbi

1899 1362 2206 1419 expersque
2255 1349 2488 1418 Spiritus
2545 1348 2904 1418 relinquatur.
2941 1347 2998 1401 Si
3050 1349 3210 1417 igitur
3239 1348 3291 1400 in
3358 1349 3472 1402 Deo

1897 1453 1981 1499 est
2032 1441 2269 1498 Verbum
2333 1442 2471 1509 eius,
2499 1441 2752 1494 nimirum
2813 1449 2867 1494 et
2927 1441 3105 1508 ipsunt
3176 1440 3315 1492 Deus
3379 1449 3484 1494 est.

1896 1533 2084 1602 Itaque
2119 1542 2175 1588 et
2227 1531 2474 1588 Christus
2524 1530 2759 1586 Verbum
2832 1531 2922 1584 Dei
3000 1531 3138 1585 Deus
3193 1539 3300 1584 est.
3347 1528 3485 1594 Qnia

1903 1640 2033 1680 vero
2067 1639 2135 1679 ex
2171 1625 2390 1694 Virgine
2430 1633 2588 1678 natus
2639 1632 2747 1689 est,
2801 1625 2962 1675 etiam
3013 1621 3172 1675 homo
3228 1631 3335 1675 est.
3392 1619 3484 1672 Sic

1912 1719 2076 1790 igitur
2134 1719 2340 1773 duabus
2394 1719 2603 1772 naturis
2653 1725 2990 1771 constantem
3051 1730 3197 1777 eum,
3267 1722 3484 1782 oportet

190 1798 297 1852 ἀνθ
309 1815 533 1869 ρωπον,
567 1803 625 1854 ὲν
653 1803 749 1855 δύο
772 1801 970 1871 φύσεσι
997 1803 1429 1874 γνωριζόμενον,
1454 1805 1712 1876 θεότητός
1738 1823 1798 1860 τε

1907 1812 2154 1867 conﬁteri
2209 1821 2264 1865 et
2320 1812 2486 1865 Deum
2557 1821 2609 1863 et
2668 1809 2961 1871 hominem,
3019 1815 3204 1874 utpote
3269 1806 3359 1873 qui
3429 1805 3482 1858 in

193 1896 300 1946 καὶ
339 1896 811 1966 ἀνθρωπότητος.
855 1898 1021 1950 Λὺτοὶ
1048 1898 1108 1951 δὲ
1159 1898 1326 1953 πάλιν
1367 1899 1675 1969 ἀλογίστως
1709 1903 1798 1953 ἐπὶ

1905 1903 2115 1957 duabus
2148 1902 2358 1956 naturis
2385 1910 2761 1970 cognoscatur,
2795 1899 3114 1961 divinitatis,
3159 1898 3396 1964 inquam,
3431 1905 3488 1948 et

195 1986 308 2056 τὴν
386 1987 747 2058 θεόπεμπτον
797 1989 1020 2060 γραφὴν
1080 1991 1519 2060 καταφεύγουσι.
1582 1990 1704 2062 Χρὴ
1743 1993 1798 2044 δὲ

1905 1991 2280 2045 humanitatis.
2324 1991 2416 2044 Isti
2449 2005 2598 2052 vero,
2633 1999 2690 2041 ut
2725 1999 2904 2050 antea,
2935 1998 3135 2040 temere
3189 1997 3240 2039 et
3300 1988 3488 2039 incon-

196 2081 301 2133 καὶ
333 2079 784 2148 συλλογιστικῶς
809 2081 1006 2144 αὐτοὺς
1035 2083 1339 2150 ἀναγαγεῖν
1389 2081 1485 2135 ἐπὶ
1511 2081 1610 2150 τὴν
1654 2082 1798 2150 ἀλή-

1905 2084 2137 2138 siderate
2165 2083 2233 2136 ad
2273 2082 2600 2150 scripturam
2633 2079 2776 2133 illam
2800 2078 2941 2134 falso
2962 2079 3232 2132 divinitus
3255 2080 3478 2130 missam

193 2170 387 2226 θειαν.
431 2171 495 2224 '0
523 2172 676 2236 Θεὸς,
709 2174 914 2238 τέλειος
939 2173 1038 2238 ὢν,
1064 2175 1166 2228 οὐκ
1197 2174 1392 2243 ἄλογός
1423 2176 1544 2228 ἐστι
1573 2191 1588 2205 ο
1623 2175 1798 2243 Λόγον

1907 2174 2249 2246 confugiunt.
2297 2174 2486 2243 Itaque
2522 2173 2932 2227 ratiocinatione
2979 2171 3236 2241 quadam,
3269 2181 3328 2222 ut
3385 2185 3480 2222 vc-

189 2261 249 2314 δὲ
278 2262 460 2332 ἔχων,
501 2264 602 2318 οὐκ
634 2265 1011 2319 ἀνυπόστατον
1043 2265 1157 2336 ἔχει
1196 2266 1410 2330 τοῦτον,
1467 2266 1587 2320 οὐδὲ
1622 2267 1800 2338 ἀρξά-

184 2370 367 2425 μενον
396 2356 511 2409 τεῦ
537 2351 702 2417 εἶναι,
732 2356 856 2410 οὐδὲ
887 2357 1234 2426 παυσόμενον
1254 2373 1269 2390 ο
1290 2357 1411 2410 οὐδὲ
1443 2358 1553 2427 γὰρ
1579 2353 1646 2429 ἦν
1670 2376 1801 2410 ποτε

183 2445 395 2515 ἄλογος
423 2461 460 2476 ⁶
500 2447 614 2500 ἀλλ’
647 2450 735 2500 ἀεὶ
761 2447 838 2501 ῶν
868 2447 961 2501 τὸν
992 2447 1189 2502 ἑαυτοῦ
1220 2447 1396 2516 Λόγον
1427 2447 1569 2519 ἔχων
1597 2449 1658 2513 ἐξ
1705 2449 1803 2502 αὑ-

185 2540 288 2594 τοῦ
323 2539 717 2611 γεννώμενον,
746 2542 842 2595 καὶ
871 2541 930 2596 ἂν
961 2541 1112 2611 αὑτῷ
1147 2543 1382 2612 μένοντα
1403 2580 1418 2606 ,
1465 2544 1562 2594 καὶ
1592 2540 1798 2608 ζῶντα,

190 2633 294 2688 καὶ
329 2633 584 2697 τέλειον,
622 2633 719 2687 καὶ
753 2633 813 2686 οὐ
853 2632 997 2687 κατὰ
1030 2633 1124 2687 τὸν
1181 2633 1455 2703 ἡμέτερον
1484 2632 1665 2702 λόγον.
1699 2628 1802 2684 Ὦν

194 2725 314 2797 γὰρ
342 2726 408 2778 τὸ
449 2719 592 2778 εἶναι
623 2725 903 2794 διάφορον,
928 2723 1138 2777 τούτων
1164 2725 1261 2777 καὶ
1289 2726 1316 2777 6
1336 2723 1496 2792 λόγος
1521 2723 1799 2794 διάφορος.

199 2817 438 2886 Ὠσπερ
500 2815 558 2869 δὲ
604 2816 932 2885 όὴμέτερος
984 2814 1165 2882 λόγος’
1186 2815 1251 2868 ὲκ
1293 2815 1387 2868 τοῦ
1437 2815 1532 2868 νοῦ
1590 2816 1802 2884 γίνεται

202 2909 546 2980 νοοῦμενος,
573 2907 672 2961 καὶ
699 2905 824 2960 οὔτε
857 2906 926 2960 δι’
955 2907 1080 2961 ὅλου
1129 2908 1158 2960 6
1200 2906 1367 2970 αὑτός
1418 2908 1536 2960 ἔστι
1580 2907 1660 2977 τῷ
1703 2906 1798 2978 νῷ,

199 3000 336 3056 οῦτι
387 2999 752 3054 παντάπασιν
794 2999 984 3069 ἔτερος
1035 2999 1124 3070 (ὲκ
1156 2999 1250 3052 τοῦ
1283 2997 1377 3053 νοῦ
1415 3001 1514 3070 μὶν
1545 3000 1654 3070 γὰρ
1700 2999 1798 3067 ὢν,

200 3095 371 3158 ἄλλος
400 3093 525 3146 ἐστὶ
554 3092 899 3162 παράὑτόνζ·
929 3092 1097 3146 αὑτὸν
1127 3093 1185 3146 δὲ
1213 3092 1306 3146 τὸν
1333 3093 1460 3146 νοῦν
1487 3095 1510 3146 ι
1521 3094 1796 3164 μφαίνων,

202 3189 312 3242 οὐκ
341 3187 470 3239 ἔστι
499 3183 782 3248 παντελῶς
812 3183 1001 3256 ἕτερος
1027 3185 1158 3256 παρ’
1189 3185 1377 3239 αὐτόν·
1407 3185 1525 3240 ἀλλ’
1559 3187 1620 3240 ἒν
1654 3188 1797 3243 κατὰ

201 3278 308 3348 τὴν
350 3276 546 3345 φύσιν,
575 3273 764 3344 ἕτερός
799 3276 918 3328 ἐστι
947 3275 1027 3347 τῷ
1075 3277 1445 3349 ὑποκειμένῳ)
1475 3293 1491 3311 ο
1520 3277 1666 3333 οὕτω
1700 3281 1797 3334 καὶ

203 3373 234 3424 6
263 3368 365 3424 τοῦ
399 3367 543 3422 Θεοῦ
575 3368 770 3436 Λόγος,
801 3368 860 3432 6;
889 3367 1042 3424 ἐστιν
1071 3369 1100 3421 6
1141 3369 1290 3436 Υἱὸς,
1321 3370 1397 3438 τῷ
1435 3370 1532 3442 μιν
1563 3371 1798 3439 ὑφεστάο

203 3482 301 3520 ναι
335 3461 467 3519 καθ’
495 3461 713 3529 ἑαυτὸν,
737 3461 996 3533 διῄρηται
1031 3463 1169 3534 πρὸς
1190 3465 1420 3530 ἐκεῖνον,
1454 3464 1586 3535 παρ’
1610 3459 1670 3519 οὖ
1697 3467 1798 3536 τὴν

208 3557 480 3626 γέννησιν
508 3555 712 3626 ἔσχηκε
735 3572 749 3588 ο
782 3555 860 3626 τῷ
879 3556 936 3610 δὲ
980 3555 1158 3610 ταῦτα
1181 3558 1451 3610 δεικνύειν
1485 3559 1543 3610 ὲν
1591 3556 1794 3626 ἐαυτῷ,

207 3650 417 3722 haupt
452 3650 546 3704 τὸν
575 3649 708 3702 Θεὸν
735 3647 1048 3718 θεωρεῖται,
1078 3649 1137 3701 ἒν
1159 3650 1276 3702 ἐστι
1295 3649 1434 3721 πρὸς
1467 3647 1629 3702 αὑτὸν
1652 3647 1798 3701 κατὰ

204 3743 314 3813 τὴν
341 3741 532 3812 φύσιν.
555 3741 650 3793 Δεῖ
669 3739 754 3794 τὸν
776 3740 948 3808 Λόγον
979 3739 1126 3811 ἔχειν
1150 3742 1245 3794 καὶ
1271 3742 1518 3810 Πνεῦμα,
1543 3758 1799 3813 συμπαρ-

207 3832 498 3906 ομαρτοῦν
526 3849 585 3886 τε
615 3832 784 3903 αὐτῷ,
839 3832 936 3886 καὶ
980 3832 1248 3904 φανεροῦν
1293 3833 1460 3887 αὑτοῦ
1507 3833 1608 3904 τὴν
1646 3835 1798 3904 ἐνέρ-

207 3946 400 4000 γειαν.
435 3930 546 3982 Καὶ
583 3927 694 4000 γὰρ
737 3929 764 3982 6
791 3927 1060 4000 ᾐμέτερος
1089 3927 1248 3996 λόγος
1280 3929 1382 3983 οὐκ
1415 3929 1650 3999 ἄμοιρός
1678 3930 1796 3984 ἐστι

211 4025 575 4094 πνεύματος·
627 4025 766 4095 ὅπερ
794 4024 855 4076 ἰν
911 4022 988 4094 τῷ
1043 4020 1222 4093 καιρῷ
1269 4021 1369 4090 τῆς
1427 4021 1796 4090 ὲκφωνήσεως

213 4115 380 4187 φωνὴ
410 4114 620 4182 γίνεται
649 4111 745 4167 τοῦ
777 4111 940 4181 λόγου
969 4109 1152 4182 ἡμῶν,
1193 4107 1511 4178 φανεροῦσα
1545 4108 1644 4176 τὴν
1671 4105 1796 4159 τού-

211 4226 314 4263 του
362 4206 617 4277 δύναμιν.
679 4203 822 4259 Ἀλλ’
852 4205 940 4273 ἐφ’
975 4202 1134 4274 ἡμῶν
1198 4203 1298 4271 μὲν
1353 4201 1638 4270 ἀλλότριον
1696 4198 1798 4267 τῆς

214 4301 504 4374 ἡμετέρας
533 4297 722 4360 οὐσίας
753 4296 815 4350 τὸ
841 4295 1064 4366 πνεῦμα
1097 4294 1277 4360 τοῦτο,
1311 4295 1473 4363 ἀέρος
1505 4292 1565 4346 ὃν
1607 4292 1796 4364 είσροὴ

215 4393 314 4448 καὶ
345 4391 538 4462 ὲκροή’
569 4391 663 4443 ἐπὶ
686 4389 743 4442 δὲ
769 4387 864 4442 τοῦ
887 4387 1048 4454 Θεοῦ,
1103 4386 1296 4456 ῶσπερ
1319 4389 1346 4439 6
1373 4386 1548 4453 Λόγος
1571 4384 1631 4437 οὐ
1656 4384 1798 4438 κατὰ

1904 2284 2023 2322 rum
2054 2268 2411 2337 perspiciam,
2449 2266 2698 2336 adigendi
2734 2275 2881 2320 sunt.
2915 2265 3056 2319 Deus
3088 2280 3212 2318 cum
3244 2265 3316 2317 sit
3365 2278 3480 2328 per-

1902 2358 2098 2424 fectus,
2119 2374 2314 2427 expers
2333 2359 2426 2412 τοῦ
2446 2359 2622 2425 Λόγου
2649 2359 2722 2428 (id
2751 2367 2853 2422 est,
2877 2358 3062 2425 Verbi)
3096 2367 3319 2410 nonest.
3335 2355 3474 2409 Cum

1905 2448 2067 2519 igitur
2093 2449 2172 2517 τῷ
2199 2449 2358 2519 Λόγῳ
2375 2449 2450 2520 (id
2467 2457 2572 2513 est,
2596 2446 2790 2516 Verbo)
2811 2448 3070 2516 praeditus
3106 2447 3197 2509 sit,
3231 2461 3334 2498 non
3362 2445 3482 2498 sine

1905 2545 2176 2619 hypostasi
2205 2544 2345 2597 idem
2373 2542 2602 2603 obtinet,
2639 2554 2810 2608 neque
2841 2538 2986 2608 quod
3016 2539 3304 2607 aliquando
3350 2551 3476 2590 esse

1903 2639 2154 2708 coeperit,
2190 2647 2365 2706 neque
2412 2632 2554 2704 quod
2607 2632 2850 2686 desierit.
2903 2630 3089 2700 Neque
3152 2631 3296 2684 enim
3336 2628 3481 2682 Deus

1903 2747 2138 2803 unquam
2158 2744 2353 2798 expers
2387 2727 2482 2780 τοῦ
2501 2728 2674 2794 Λόγου
2721 2725 2797 2794 (id
2828 2733 2914 2779 est
2959 2722 3142 2794 Verbi)
3179 2722 3316 2775 luit:
3380 2721 3476 2775 sed

1903 2838 2026 2880 cum
2053 2823 2122 2878 sit
2143 2835 2376 2890 semper,
2410 2833 2680 2887 suumque
2713 2815 2947 2870 Verbum
2996 2815 3214 2880 habeat,
3245 2813 3388 2884 quod
3414 2828 3483 2867 ex

1905 2913 2023 2983 ipso
2043 2919 2355 2984 generatur,
2385 2907 2520 2964 etin
2549 2907 2667 2976 ipso
2694 2915 2893 2969 manet,
2941 2915 2995 2960 et
3033 2904 3186 2971 vivit,
3247 2913 3302 2958 et
3357 2918 3482 2971 per-

1905 3005 2102 3061 fectum
2128 3011 2261 3058 est:
2306 3015 2412 3056 non
2475 2998 2770 3054 secundum
2827 3005 3075 3052 nostrum
3125 2994 3302 3061 λόγον,
3362 2995 3478 3048 sive

1901 3097 2165 3162 verbum;
2197 3108 2426 3165 quorum
2481 3091 2624 3148 enim
2677 3088 2913 3144 essentia
2953 3087 3161 3142 diversa
3227 3093 3329 3150 est,
3386 3101 3484 3140 co-

1907 3203 2026 3244 rum
2073 3188 2234 3242 etiam
2267 3188 2295 3239 6
2325 3184 2482 3254 λόγος
2528 3184 2642 3238 sive
2705 3183 2950 3236 verbum.
3007 3177 3473 3244 Quemadmodum

1905 3285 2084 3331 autem
2116 3283 2357 3330 nostrum
2413 3272 2634 3328 verbum
2690 3270 2853 3338 (sive
2905 3266 3125 3337 oratio)
3173 3282 3240 3321 ex
3291 3276 3471 3322 mente

1907 3367 2148 3421 nascitur
2177 3382 2193 3420 :
2220 3379 2322 3420 non
2347 3374 2529 3418 autem
2556 3363 2778 3416 omnino
2805 3375 2927 3414 cum
2957 3368 3134 3413 mente
3150 3357 3337 3412 eadem
3365 3367 3472 3421 est,

1902 3471 2080 3527 neque
2113 3455 2334 3524 penitus
2389 3452 2602 3506 diversa
2636 3467 2651 3505 :
2689 3465 2755 3504 ex
2797 3458 2978 3502 mente
3010 3449 3152 3502 enim
3211 3463 3332 3501 eum
3383 3448 3480 3513 sit,

1903 3545 2049 3602 aliud
2130 3544 2386 3614 quiddam
2451 3552 2646 3610 praeter
2712 3530 3023 3609 ipsam’est
3081 3553 3099 3590 :
3165 3552 3286 3590 nam
3350 3537 3478 3603 quia

1905 3649 2138 3692 mentem
2187 3637 2360 3702 ipsam
2421 3631 2682 3688 declarat.
2739 3643 2843 3682 non
2911 3636 2992 3681 est
3049 3642 3273 3681 ommuo
3331 3626 3480 3679 aliud

1903 3734 2098 3795 praeter
2131 3724 2302 3792 ipsam
2340 3736 2354 3773 :
2387 3719 2480 3774 sed
2513 3732 2677 3772 unum
2708 3715 2963 3785 quiddam
2995 3731 3117 3769 cum
3149 3715 3258 3780 sint
3312 3724 3480 3767 natu-

1903 3835 1987 3882 ra,
2018 3816 2260 3886 subjecte
2287 3812 2428 3869 inter
2448 3825 2506 3866 se
2532 3807 2824 3864 (tulerunt:
2865 3808 2945 3864 sic
2977 3807 3142 3862 etiam
3187 3805 3276 3860 Dei
3335 3803 3477 3860 Ver-

1904 3911 2030 3965 bum
2066 3908 2242 3978 (quod
2271 3913 2327 3960 et
2369 3903 2540 3958 Filius
2591 3907 2698 3972 est)
2768 3904 2985 3971 propria
3037 3899 3252 3970 quidem
3303 3898 3479 3968 hypo-

1902 4001 2037 4059 stasi
2075 4001 2141 4054 ab
2164 4013 2229 4055 eo
2259 3996 2569 4052 distinctum
2603 4005 2708 4062 est,
2746 4009 2776 4048 a
2807 4010 2915 4064 quo
2935 4003 3114 4048 ortum
3147 3991 3261 4045 sive
3312 4005 3479 4058 gene-

1905 4093 2172 4150 rationem
2203 4091 2364 4146 habet
2392 4107 2405 4144 :
2439 4088 2562 4157 quia
2592 4103 2722 4143 vero
2756 4087 2810 4142 in
2841 4099 2902 4141 se
2933 4085 3051 4152 ipso
3080 4081 3315 4138 ostendit
3356 4095 3482 4149 qua!

1904 4187 2070 4242 etiam
2123 4183 2179 4239 in
2207 4183 2316 4238 Deo
2346 4190 2690 4246 cernuntur,
2739 4192 2904 4233 unum
2934 4191 3062 4232 cum
3111 4179 3230 4244 ipso
3279 4181 3364 4228 est
3415 4178 3472 4226 et

1904 4261 2124 4350 quidem
2155 4284 2368 4332 natura.
2393 4272 2515 4329 Jam
2551 4287 2680 4328 vero
2705 4270 2939 4326 Verbum
3004 4278 3065 4322 ut
3109 4275 3164 4322 et
3213 4263 3481 4334 Spiritum

1905 4368 2251 4438 conjunctum
2287 4368 2486 4421 habeat
2505 4372 2744 4434 oportet,
2779 4362 2869 4431 qui
2901 4360 3067 4429 ipsius
3116 4359 3221 4412 vim
3267 4365 3317 4410 et
3351 4354 3470 4408 elli-

217 4447 628 4554 τδνήμέτερον,
660 4480 776 4539 ἀλλ’
817 4447 1098 4542 οὑσιωδῶς
1126 4447 1396 4547 ὑφεστὼς,
1443 4447 1540 4531 ἰιαὶ
1572 4476 1674 4546 τῆς
1700 4477 1798 4530 αὐ-

1905 4461 2111 4517 caciam
2142 4459 2401 4514 declaret.
2421 4457 2667 4526 Namque
2722 4469 2789 4509 ne
2833 4461 3016 4506 nostra
3079 4447 3299 4519 quidem
3350 4461 3478 4500 ora-

217 4576 321 4646 τῆς
346 4548 536 4638 obuia;
558 4573 652 4627 καὶ
681 4571 898 4643 φύσεως
955 4571 1034 4642 τῷ
1054 4572 1342 4640 γεννήτορι
1367 4608 1382 4634 ,
1415 4567 1561 4621 οὕτω
1605 4570 1700 4621 καὶ
1730 4568 1794 4622 τὸ

1905 4555 1976 4610 ιὶο
2004 4553 2226 4623 spiritus
2254 4566 2447 4615 expers
2469 4559 2575 4612 est,
2633 4549 2728 4617 qui
2786 4555 3028 4613 tempore
3064 4548 3481 4612 pronuntiatio-

217 4631 448 4736 Πνεῦμα
484 4631 544 4719 τό
567 4631 746 4733 ἅγιον,
776 4631 1352 4732 οὑσιωδῶςὺφεστῶς,
1368 4631 1475 4716 ’καὶ
1498 4663 1597 4732 τῆς
1621 4661 1793 4730 αὐτῆς

1905 4651 1985 4702 nis
2009 4660 2114 4700 vox
2150 4644 2210 4698 tit
2236 4653 2438 4698 nostra:
2478 4639 2703 4693 rationis
2725 4678 2742 4704 ,
2781 4650 2903 4706 qua:
2936 4647 3152 4704 omnem
3189 4631 3334 4684 illius
3365 4631 3485 4680 vim

217 4759 298 4828 τῷ
329 4723 452 4828 Θεῷ
479 4723 667 4820 οὐσίας
704 4723 799 4810 καὶ
822 4723 1047 4824 φιῖισεως⁷
1071 4723 1168 4809 καὶ
1212 4723 1579 4825 τελειότητος,
1607 4755 1673 4807 ὲκ
1696 4723 1794 4806 τοῦ

1905 4738 2154 4803 ostendit,
2179 4745 2236 4792 et
2270 4737 2322 4790 in
2346 4742 2596 4805 apertum
2637 4729 2862 4801 profert.
2899 4726 3005 4782 Sed
3053 4725 3107 4778 in
3137 4723 3294 4777 nobis
3355 4723 3474 4788 spi-

219 4823 443 4917 Πάτρὸς
475 4845 689 4916 προϊὸν,
717 4823 899 4914 καὶζεν
942 4844 1094 4914 αὐτῷ
1136 4844 1216 4909 ὃν,
1247 4846 1340 4899 καὶ
1379 4823 1461 4914 τῶ
1505 4845 1664 4913 Λόγῳ
1700 4843 1794 4896 καὶ

1905 4831 2040 4886 ritus
2058 4828 2146 4884 ille
2171 4827 2378 4883 alienus
2400 4834 2482 4880 est
2513 4840 2542 4878 a
2574 4832 2760 4876 nostra
2787 4823 3048 4881 essentia;
3098 4823 3296 4882 quippe
3351 4823 3488 4864 cum

219 4906 901 5011 Yit‘i’i'cuprr-apopapsobv,
938 4937 1034 4992 καὶ
1063 4906 1393 5005 έκφαντικδν
1417 4906 1665 5008 ὑπάργον
1698 4937 1797 4990 αὑ-

1905 4919 1976 4974 sit
2006 4915 2240 4973 inﬂuxus
2267 4923 2328 4969 et
2368 4911 2606 4968 rcﬂuxus
2635 4923 2780 4964 aerts
2813 4925 2832 4962 :
2867 4907 2921 4960 in
2953 4906 3062 4960 Deo
3115 4918 3241 4958 vero
3292 4913 3489 4968 quem-

219 4995 341 5088 τοῦ.
374 4995 512 5104 Περὶ
535 4995 750 5102 gives},
776 4995 991 5102 ﬂar'pb;
1020 5032 1116 5084 καὶ
1143 4995 1279 5082 Ῠίοῦ
1303 5031 1401 5084 καὶ
1437 4995 1603 5099 avie;
1628 5029 1798 5083 Πνεὺο

1908 5009 2198 5063 admodum
2254 5009 2283 5059 6
2333 5005 2506 5070 Λόγος
2543 4998 2850 5072 (Verbum).
2903 5012 3010 5052 non
3074 4995 3153 5051 uti
3235 5001 3490 5047 nostrum

1906 5102 2165 5166 verbum;
2198 5099 2292 5153 sed
2315 5095 2674 5153 cssentialiter
2689 5093 3013 5154 subsistens,
3030 5089 3271 5160 ejusdem
3295 5098 3489 5142 essen-

226 5147 423 5199 ματος,
470 5130 552 5182 ὅτι
606 5127 703 5181 καὶ
731 5126 863 5192 εἰσὶ,
921 5125 1142 5195 καὶτῆς
1185 5123 1358 5194 αὐτῆς
1397 5126 1505 5176 είσι
1555 5122 1794 5194 φύσεως,
1906 5122 2165 5166 vernum;
2198 5122 2292 5153 seu
2315 5122 3271 5160 cumulant“auus-atauo,cjuaucu-
3295 5122 3351 5142 νυ

1915 5194 2023 5256 tiae,
2055 5190 2297 5260 ejusdem
2354 5197 2559 5242 natura:
2618 5187 2724 5256 (est
2768 5200 2891 5240 cum
2947 5184 3235 5254 genitore:
3310 5184 3390 5232 sic
3431 5184 3490 5231 et

225 5222 432 5285 ἱκανῶς
458 5224 590 5293 ἡμῖν
625 5219 1026 5274 ἀποδέδεικται.

226 5292 738 5375 Spiritussancuts,
797 5311 1156 5366 essentialiter
1210 5308 1536 5372 subsistens,
1601 5309 1840 5378 ejusdem
1889 5323 2010 5362 cum
2047 5307 2156 5361 Deo
2179 5316 2262 5361 est
2316 5303 2565 5359 essentia:
2616 5310 2670 5355 et
2719 5299 2944 5369 natura)
2994 5307 3048 5352 et
3100 5292 3487 5366 perfectionisi

228 5422 294 5462 ex
317 5405 428 5462 Deo
459 5404 780 5476 procedens,
813 5402 864 5455 iu
903 5417 967 5455 co
994 5401 1304 5468 exsistit,et
1329 5398 1408 5468 τῷ
1472 5401 1632 5470 Λόγῳ
1667 5400 1919 5470 (Verbo),
1964 5399 2101 5454 Filio
2152 5413 2363 5466 nempe.
2395 5395 2741 5462 conjunctus,
2801 5392 2977 5462 ipsum
3013 5393 3272 5444 declarat.
3318 5386 3394 5441 Ac
3423 5387 3491 5442 de

229 5498 391 5555 Patre
411 5499 653 5568 quidem,
687 5502 742 5550 et
772 5494 928 5560 Filio,
962 5503 1011 5550 et
1041 5494 1244 5562 Spiritu
1285 5503 1498 5556 saneto,
1542 5494 1681 5560 quod
1737 5503 1790 5547 et
1830 5493 1957 5557 sint,
2011 5504 2065 5546 et
2113 5491 2353 5561 ejusdem
2395 5496 2598 5540 natura;
2640 5485 2772 5550 sint,
2797 5485 2930 5537 satis
2989 5500 3016 5536 a
3071 5483 3226 5536 nobis
3260 5480 3489 5534 demon-

231 5604 462 5646 stratum
487 5600 589 5644 Cal.

306 5732 368 5788 ε’.
399 5733 531 5801 Περῖ⁵
552 5732 608 5782 δὲ
639 5729 735 5797 τῆς
765 5729 968 5798 μητρὸς
988 5726 1078 5780 τοῦ
1100 5725 1619 5796 ὲνανθρωπήσαντος
1641 5722 1798 5786 Θεοῦ,

1985 5723 2038 5774 5.
2064 5719 2136 5776 De
2170 5729 2342 5774 matre
2371 5734 2495 5772 vero
2518 5717 2637 5772 Filii
2666 5717 2779 5780 Dei,
2805 5717 2894 5786 qui
2930 5725 3178 5768 naturam
3197 5713 3492 5780 assumpsit

234 5823 328 5876 τοῦ
358 5824 484 5878 Υἱοῦ
523 5822 606 5877 τοῦ
645 5821 802 5884 Θεοῦ,
848 5821 1056 5890 βραχέα
1081 5821 1201 5873 τινὰ
1225 5819 1558 5880 διαλεκτέον,
1588 5815 1680 5868 καὶ
1702 5816 1798 5868 ὅσα

1913 5815 2228 5876 humanam,
2264 5808 2448 5878 paucis
2509 5807 2908 5872 disserendum;
2941 5817 2994 5860 et
3033 5814 3299 5873 quantum
3354 5803 3490 5856 satis

235 5915 432 5970 BJvzn‘
469 5918 529 5971 ἂν
559 5915 775 5979 ἐλέγξαι
805 5913 1273 5982 τὴν-οεῦπεμπτον
1303 5910 1517 5977 ἐκείνην
1551 5908 1796 5976 γραφήν.

1912 5903 1978 5956 sit
2046 5903 2111 5956 ad
2170 5902 2561 5972 coarguendam
2628 5899 2950 5967 scripturam
3013 5895 3155 5949 illaut
3219 5892 3486 5948 divinitus
