4044 6290
477 401 620 466 1339

1694 395 2075 458 EUTHYMII
2140 397 2507 461 ZIGABENI

3616 400 3755 466 13i0

476 522 690 579 scilicet
717 508 967 576 missam.
996 518 1170 575 Abeo
1216 518 1396 588 itaque
1450 526 1691 589 tempore
1738 534 1846 589 quo
1901 518 2065 574 Musis

2194 523 2302 592 Ἀφ’
2335 518 2397 579 οὗ
2452 523 2561 595 γὰρ
2591 525 2625 592 ἡ
2667 520 2761 577 τοῦ
2808 524 3050 588 Μωσέως
3102 525 3197 578 καὶ
3260 522 3473 596 Ἀαρὼν
3544 525 3755 596 ἀδελφὴ

472 622 532 668 et
560 611 794 667 Aaronis
825 625 983 668 soror
1024 609 1191 665 Maria
1246 609 1675 677 cumjl'ratrihus
1719 624 1783 663 ex
1830 608 2061 679 [Egypto

478 721 697 776 egressa
723 714 826 770 est,
864 704 1117 776 periodus
1150 703 1232 757 bis
1267 704 1414 757 mille
1442 717 1707 757 anulorum
1765 718 1940 770 usque
1995 704 2061 757 ad

478 800 685 856 Christi
716 801 770 853 in
794 812 959 853 carne
992 797 1335 851 nativitatem
1368 798 1515 866 lapsa
1578 807 1681 852 est.
1751 795 1872 850 llzec
1934 810 2061 850 vero

483 894 649 946 Maria
707 906 815 945 non
849 889 1087 945 excessit
1123 904 1433 944 mensuram
1469 888 1593 943 vitae
1637 888 1919 941 mulierum
1950 887 2067 940 illa-

482 999 602 1038 rum
657 997 778 1052 quae
838 995 1022 1037 secum
1068 993 1131 1035 ea
1170 988 1491 1049 tempestate
1553 979 1823 1035 vivebant.
1891 978 2067 1033 Mani-

483 1075 679 1128 festum
756 1088 888 1144 ergo
946 1074 1289 1127 mendacium
1355 1072 1576 1141 proprio
1639 1081 1949 1126 commento
2015 1080 2071 1125 et

483 1166 747 1219 historica
784 1166 887 1219 fide
946 1178 1219 1220 eversum.
1261 1161 1329 1216 Et
1392 1160 1665 1231 quomodo
1714 1161 1881 1215 David
1923 1161 2069 1219 inter

483 1254 687 1310 Christi
749 1254 1003 1323 majores,
1042 1255 1341 1309 secundum
1385 1254 1678 1306 humanam
1736 1252 1854 1322 ejus
1911 1260 2069 1305 natu-

485 1357 548 1399 ra
574 1361 603 1394 ιι
644 1344 946 1412 computari
974 1353 1157 1411 queat,
1195 1344 1285 1413 qui
1344 1354 1466 1412 post
1515 1343 1718 1397 obitum
1748 1342 1951 1405 Marias,
1984 1356 2073 1397 so-

486 1435 629 1489 roris
677 1435 837 1488 Mosis
891 1445 945 1488 et
977 1435 1232 1497 Aaronis,
1270 1433 1454 1488 multis
1488 1432 1647 1489 annis
1677 1440 1861 1500 postea
1892 1440 1948 1486 et
1974 1446 2074 1485 na-

490 1536 575 1580 tus
599 1536 651 1580 et
664 1529 921 1582 educatus
940 1536 1042 1592 est,
1077 1526 1382 1595 liberosque
1404 1525 1752 1595 procreavit?

566 1620 622 1673 6.
663 1620 818 1673 Nullo
875 1630 1035 1689 pacto
1060 1620 1225 1691 igitur
1258 1620 1518 1675 divinitus
1566 1620 1735 1673 missa
1792 1627 1876 1673 est
1936 1620 2075 1674 scri-

489 1720 673 1782 ptura,
708 1727 826 1781 quae
895 1714 1019 1766 talia
1048 1722 1303 1783 nugatur,
1343 1722 1396 1767 et
1450 1721 1599 1766 tanta
1668 1712 2076 1767 mendaciorum

493 1815 761 1874 portenta.
793 1806 848 1860 Si
879 1807 1022 1860 enim
1080 1804 1261 1859 Maria:
1310 1806 1515 1860 sororis
1576 1804 1745 1860 Musis
1800 1814 1856 1858 et
1906 1806 2077 1860 Aaro-

495 1898 580 1951 nis
626 1898 765 1953 tilius
797 1909 941 1953 esset
970 1898 1247 1960 Christus,
1304 1899 1675 1963 conveniebat,
1734 1896 1908 1965 ipsum
1952 1911 2073 1951 eum
2106 1887 2149 1942 Β

495 1992 688 2046 Pontio
739 1992 911 2045 Pilato
944 1991 1268 2060 judicandus
1306 2000 1530 2055 astaret,
1585 2000 1840 2044 extremae
1898 1988 2074 2044 tetatis

494 2099 633 2143 esse,
664 2091 719 2138 et
749 2084 911 2135 veluti
956 2083 1186 2139 heminis
1210 2082 1464 2150 reliquias
1501 2099 1515 2135 :
1578 2089 1761 2150 utpote
1820 2083 1909 2150 qui
1968 2090 2077 2135 tam

499 2175 682 2227 multis
717 2173 895 2238 annis,
938 2174 1029 2241 qui
1060 2173 1262 2226 interea
1333 2173 1463 2239 lapsi
1496 2180 1643 2238 sunt,
1710 2170 1968 2239 paulatim
2023 2179 2080 2225 et

499 2266 703 2319 sensim
758 2276 1112 2333 consumptus
1150 2275 1317 2319 esset.
1364 2266 1632 2319 Praeterea
1675 2278 1782 2317 non
1829 2266 2078 2317 umbram

499 2358 726 2424 Christi,
756 2359 846 2415 sed
864 2358 1332 2427 ipsumChristum
1351 2358 1669 2413 cruciﬁxum
1701 2372 1823 2415 esse
1877 2371 2080 2413 secun-

504 2452 629 2505 dum
657 2467 900 2516 carnem,
931 2449 1173 2507 declarat
1223 2451 1461 2519 sanguis,
1497 2450 1590 2519 qui
1627 2454 1694 2507 de
1738 2450 2082 2505 sanctissimo

505 2546 677 2614 ipsius
711 2561 935 2615 corpore
965 2545 1209 2609 deﬂuxit,
1240 2547 1331 2615 qui
1365 2547 1541 2600 adhuc
1567 2546 1709 2615 apud
1733 2545 2081 2601 Christianos

512 2648 868 2693 conservatur
903 2647 958 2693 ct
989 2638 1307 2693 sanationes
1340 2636 1686 2705 scaturiginis
1729 2636 1901 2692 instar
1932 2636 2081 2704 edit,

509 2731 911 2797 nmltorumque
943 2729 1331 2784 miraculorum
1377 2728 1688 2784 testimonio
1731 2727 1937 2783 Christi
1966 2743 2086 2783 esse

510 2820 917 2887 comprobatur.
946 2819 1087 2884 Quin
1122 2830 1174 2873 et
1206 2819 1481 2888 prophetae
1528 2819 1596 2874 de
1629 2819 1800 2888 ipsius
1822 2820 2089 2889 supplicio

508 2916 711 2977 crucis,
736 2916 909 2984 deque
938 2914 1003 2968 iis
1032 2930 1153 2985 quae
1172 2915 1302 2969 illud
1333 2923 1758 2980 antecesserunt,
1806 2928 2089 2985 perspicue

509 3007 787 3060 vaticinati
838 3014 966 3063 sunt
999 3024 1014 3062 :
1062 3016 1119 3061 ut
1144 3009 1256 3077 jam
1287 3022 1351 3061 ex
1382 3007 1606 3075 reliquis
1633 3008 1932 3070 Scriptura:
1964 3022 2091 3076 par-

512 3101 654 3154 tibus
713 3100 1059 3169 probationes
1090 3101 1428 3167 omittamus,
1480 3115 1618 3171 quas
1646 3100 1879 3169 Agareni
1912 3113 2091 3170 neque

511 3191 711 3254 sciunt,
738 3208 912 3262 neque
951 3207 1080 3247 sane
1104 3193 1413 3246 admittunt.

583 3286 636 3337 7.
672 3284 790 3338 Jam
826 3301 976 3350 vero,
1013 3286 1155 3355 quod
1187 3286 1320 3339 dicit
1353 3286 1439 3340 ille
1474 3284 1641 3355 Deum
1672 3285 1924 3355 ignorare
1962 3300 2091 3338 nnm

512 3378 766 3433 Christus
790 3379 1034 3434 homines
1060 3380 1306 3432 docuerit
1328 3380 1469 3446 quod
1494 3380 1564 3431 sit
1601 3378 1740 3430 Dens
1768 3378 1932 3431 etiam
1957 3378 2092 3445 ipse,

513 3480 565 3523 et
589 3477 872 3538 propterea
915 3471 1087 3535 ipsum
1119 3470 1457 3538 interrogare
1487 3484 1501 3521 :
1526 3478 1580 3521 et
1614 3469 1729 3537 ipso
1754 3471 1855 3522 hoc
1883 3483 2091 3537 negan-

515 3571 592 3624 te,
617 3560 782 3613 Deum
818 3559 982 3613 veluti
1044 3560 1343 3630 apoIOgiam
1402 3559 1571 3627 ipsius
1623 3568 1675 3614 et
1727 3560 2093 3615 defensionem

518 3649 773 3719 probasse
817 3665 831 3702 :
867 3649 966 3703 hoc
995 3665 1125 3705 vero
1167 3666 1344 3703 annon
1376 3649 1570 3718 quavis
1619 3644 1968 3705 damnatione
2017 3652 2099 3705 di-

517 3759 680 3811 gnum
704 3742 1127 3809 est?Quomodo
1156 3743 1301 3795 enim
1335 3741 1479 3797 Deus
1503 3751 1606 3807 est,
1665 3744 1709 3796 si
1770 3758 1888 3810 quae
1939 3744 2095 3809 llunt,

520 3837 774 3906 ignovat?
801 3836 1081 3903 Quomodo
1110 3836 1381 3901 Christus,
1412 3837 1507 3907 qui
1538 3839 1817 3892 veritatem
1857 3836 2096 3904 seipsum

521 3929 574 3980 in
609 3927 896 3998 Evangelio
921 3928 1240 3993 nominavit,
1270 3927 1377 3984 Deo
1418 3927 1611 3982 falsum
1638 3928 1793 3991 dixit,
1822 3940 1944 3980 cum
2003 3940 2100 3981 ve-

524 4021 743 4073 ritatem
784 4019 1037 4088 negavit“?
1069 4012 1266 4089 quippe
1288 4021 1378 4090 qui
1421 4020 1683 4085 Deusest,
1742 4022 2103 4091 quemadmo-

523 4111 647 4166 dum
679 4112 829 4181 prius
866 4115 1295 4167 demonstratum
1323 4121 1424 4167 est.

596 4204 651 4257 8.
700 4201 1010 4258 Traducunt
1042 4214 1201 4273 atque
1233 4206 1492 4259 infamant
1544 4220 1642 4261 nos
1678 4205 1839 4261 veluti
1884 4207 2104 4262 simula-

525 4310 745 4350 crorum
782 4295 1039 4359 cultores,
1071 4310 1135 4349 eo
1166 4295 1310 4365 quod
1358 4312 1575 4352 crucem
1602 4298 1916 4364 adoremus,
1942 4313 2102 4368 quam

528 4387 784 4441 illictiam
818 4399 1195 4443 exsecrantur.
1233 4390 1296 4442 Et
1338 4392 1726 4457 respondemus
1757 4409 1772 4445 :
1823 4391 2106 4458 Quomodo

527 4493 656 4546 ergo
690 4494 781 4531 vos
805 4478 966 4548 lapidi
992 4480 1277 4534 adhaeretis
1306 4479 1635 4548 Bracltthan,
1665 4493 1720 4535 et
1752 4482 1924 4549 ipsum
1948 4497 2107 4537 oscu-

2169 615 2355 685 Μαρία
2399 616 2537 685 μετὰ
2564 617 2673 671 τῶν
2714 616 2964 686 ἀδελφῶν
3012 617 3185 681 αὐτῆς
3228 618 3456 685 ἐξῆλθεν
3494 619 3608 673 ἀπὸ
3653 622 3754 690 τῆς

2166 708 2474 776 Αἰγύπτου,
2519 709 2800 779 δισχιλίων
2853 711 2993 763 ἑτῶν
3055 710 3305 781 περίοδος
3345 714 3478 782 ἄχρι
3519 712 3621 782 τῆς
3662 714 3757 765 τοῦ

2168 805 2379 875 Κυρίου
2433 803 2577 857 κατά
2613 803 2794 874 σάρκα
2849 804 3157 873 γεννήσεως
3196 805 3578 875 παρέδραμεν.
3610 805 3758 875 Αὕτη

2168 891 2225 946 δὲ
2257 893 2508 965 ὴΜαρία
2537 895 2635 963 οὐχ
2670 893 2917 964 ὑπερέϐη
2970 896 3030 947 τὸ
3078 896 3281 966 μέτρον
3308 894 3414 964 τῆς
3445 896 3594 962 ζωῆς
3652 896 3760 947 τῶν

2169 987 2348 1040 οὐσῶν
2380 987 2501 1039 τότε
2525 986 2647 1041 κατ’
2679 986 2852 1057 αὐτὴν
2892 987 3196 1055 γυναικῶν.
3250 987 3534 1057 Πρόδηλον
3578 981 3675 1039 οὖν
3704 988 3761 1039 τὸ

2170 1080 2391 1148 ψεῦδος,
2428 1082 2523 1134 καὶ
2570 1080 2977 1143 κακόπλαστον,
3011 1080 3107 1135 καὶ
3149 1080 3283 1151 παρ’
3318 1080 3587 1150 ἱστορίαν.
3641 1080 3763 1139 Πῶς

2172 1173 2219 1227 δ’
2249 1173 2315 1226 ἂν
2350 1172 2446 1226 καὶ
2478 1172 2507 1225 ὁ
2542 1171 2731 1237 Δαὸὶδ,
2767 1172 3038 1243 πρόγονος
3082 1170 3178 1223 τοῦ
3208 1170 3474 1241 Χριστοῦ,
3522 1170 3671 1223 κατὰ
3702 1168 3764 1220 τὸ

2173 1266 2520 1337 ἀνθρώπινον
2570 1264 2738 1320 αὑτοῦ
2789 1263 3093 1335 λογισθείη,
3126 1265 3264 1332 μετά
3295 1263 3389 1316 τὸν
3414 1262 3512 1331 τῆς
3538 1261 3764 1327 Μαρίας

2176 1361 2429 1427 θάνατον,
2458 1359 2556 1429 τῆς
2584 1359 2823 1429 ἀδελφῆς
2855 1358 3100 1420 Μωσέως
3124 1358 3223 1410 καὶ
3276 1357 3513 1425 Ἀαρὼν,
3542 1355 3761 1414 πολλοῖς

2178 1456 2406 1527 ὕστερον
2440 1456 2585 1511 ἔτεσι
2609 1456 2897 1527 γεννηθεὶς
2925 1455 3022 1508 καὶ
3047 1452 3392 1523 ἀνατραφεὶς
3425 1452 3525 1504 καὶ
3578 1450 3762 1503 παιδοο

2178 1553 2416 1623 ποιήσας
2442 1566 2459 1617 ;

2253 1643 2327 1710 ς’.
2356 1645 2480 1706 Πῶς
2495 1641 2589 1697 οὖν
2613 1642 3011 1711 θεόπεμπτοςή
3034 1638 3262 1692 τοιαῦτα
3288 1635 3615 1707 φλυαροῦσα
3638 1651 3768 1704 γρα-

2182 1739 2280 1808 φὴ,
2326 1739 2419 1791 καὶ
2472 1733 2780 1806 τηλικαῦτα
2811 1732 3119 1803 ψευδομένη
3149 1749 3163 1798 ;
3214 1732 3275 1784 Et
3301 1732 3658 1801 γάρΜαρεα;
3676 1728 3767 1795 τῆς

2181 1832 2423 1902 ἀδελφῆς
2454 1815 2697 1894 Μωσέως
2727 1832 2824 1883 καὶ
2859 1830 3073 1898 Ἀαρὼν
3097 1826 3209 1888 υἱὸς
3232 1821 3300 1896 ἦν
3321 1825 3349 1877 ό
3370 1822 3633 1895 Χριστὸς,
3668 1822 3766 1872 ἔδει

2178 1927 2391 1989 τοῦτον,
2414 1927 2506 1979 ὅτε
2535 1925 2847 1994 παρίστατο
2890 1920 3102 1989 Ποντίῳ
3140 1920 3367 1988 Πιλάτῳ
3416 1919 3763 1986 κρινόμενος,

2179 2018 2571 2091 ὲσχατόγηρων
2594 2011 2753 2075 εἶναι.
2790 2015 2888 2068 καὶ
2914 2007 3029 2067 οἷον
3062 2012 3354 2081 ἀνθρώπου
3385 2008 3669 2077 λείψανον,
3697 2006 3768 2075 τῷ

2181 2111 2364 2182 πολλῷ
2393 2112 2560 2181 μήκει
2594 2108 2703 2162 τῶν
2737 2109 2793 2160 ὲν
2827 2108 2976 2178 μέσῳ
3008 2106 3221 2176 χρόνων
3250 2102 3395 2156 κατὰ
3439 2101 3647 2180 μικρὸν
3676 2101 3765 2152 δι-

2185 2205 2529 2277 πανξῦμενον.
2568 2203 2690 2256 Ὀτι
2717 2202 2773 2254 δὲ
2802 2202 2901 2271 οὐχ
2931 2203 2963 2272 ἡ
2994 2201 3125 2253 σκιά
3157 2197 3256 2251 τοῦ
3294 2193 3572 2267 Χριστοῦ,
3605 2192 3717 2245 ἀλλ’
3742 2194 3768 2243 ό

2182 2301 2420 2370 Χριστδς
2478 2298 2640 2362 αὐτὸς
2684 2296 3012 2365 ἐσταυρώθη
3060 2292 3209 2347 κατὰ
3272 2291 3478 2360 σάρκα,
3520 2288 3671 2358 δηλοῖ
3710 2285 3768 2338 τὸ

2184 2392 2572 2464 καταῤῥεῦσαν
2618 2389 2758 2459 αἷμα
2806 2390 2900 2443 τοῦ
2944 2387 3215 2455 παναγίου
3275 2385 3543 2452 σώματος
3579 2379 3766 2442 αὺτοῦ,

2184 2485 2340 2554 παρᾶ
2368 2484 2720 2553 Χριστιανοῖς
2748 2478 3185 2550 φυλαττόμενον,
3208 2474 3306 2530 καὶ
3339 2473 3514 2545 βρύον
3568 2473 3767 2532 ίάσετι,

2187 2579 2283 2632 καὶ
2310 2577 2527 2639 πολλοῖς
2560 2573 2810 2645 θαύμασι
2866 2568 3346 2643 μαρτυρούμενον,
3381 2566 3467 2619 ὅτι
3504 2563 3604 2617 τοῦ
3634 2565 3773 2634 Χρι-

2189 2669 2319 2724 στοῦ
2342 2672 2482 2722 ἐστι.
2511 2667 2621 2720 Καὶ
2649 2668 2700 2719 οἱ
2728 2665 3004 2737 προφῆται
3034 2662 3090 2715 δὲ
3114 2660 3244 2730 περὶ
3271 2658 3371 2729 τῆς
3401 2674 3541 2710 σταυ
3554 2658 3776 2725 ρὼσεως

2188 2765 2353 2818 αὐτοῦ
2388 2763 2483 2817 καὶ
2513 2762 2621 2815 τῶν
2649 2760 2756 2829 πρὸ
2785 2757 2994 2826 ταύτης
3034 2756 3385 2826 παθημάτων
3418 2752 3613 2819 σαφῶς
3642 2766 3779 2818 προ-

2188 2855 2561 2927 κατήγγειλαν
2585 2872 2599 2887 ο
2634 2853 2721 2907 ἵνα
2748 2853 2843 2916 τὰς
2876 2854 2939 2905 ἐκ
2966 2852 3072 2904 τῶν
3104 2850 3279 2904 ἄλλων
3312 2849 3555 2921 Γραφῶν
3600 2844 3779 2897 ἐάσω-

2193 2966 2293 3022 μεν
2333 2948 2667 3013 ἀποδείξεις,
2707 2946 2773 3009 ἃς
2802 2945 2924 2999 οὐδὲ
2951 2944 3275 2999 ἐπίστανται
3324 2944 3372 2996 oi
3424 2938 3774 3011 Σαρακηνοὶ,

2190 3038 2282 3092 ναὶ
2315 3036 2424 3109 μὴν
2458 3035 2579 3089 οὐδὲ
2617 3034 3045 3106 παραδέχονται.

2267 3306 2333 3374 ζ’.
2358 3306 2431 3361 Τὸ
2446 3305 2503 3359 δὲ
2524 3305 2616 3359 καὶ
2642 3303 2733 3358 τὸν
2760 3303 2895 3356 Θεὸν
2920 3300 3159 3369 ἀγνοεῖν,
3182 3301 3231 3353 εί
3252 3302 3279 3352 ό
3304 3299 3547 3370 Χριστὸς
3565 3299 3782 3363 ἐδίδαξε

2195 3402 2324 3464 τοὺς
2363 3399 2687 3470 ἀνθρώπους
2728 3397 2811 3449 ὅτι
2844 3394 2978 3457 θεός
3029 3395 3148 3446 ἐστι
3181 3393 3278 3446 καὶ
3330 3392 3513 3456 αὐτὸς,
3558 3394 3659 3443 καὶ
3695 3392 3782 3444 διὰ

2196 3494 2355 3546 τοῦτο
2389 3491 2674 3561 ἐπερωτᾷν
2705 3488 2890 3551 αὑτὸν,
2946 3487 3040 3540 καὶ
3087 3484 3478 3556 ἀρνησαμένου
3520 3483 3782 3548 δέξασθαι

2198 3585 2336 3647 τέως
2390 3584 2489 3655 τὴν
2524 3583 2825 3651 ἀπολογίαν
2856 3579 3052 3645 αὐτοῦ,
3089 3580 3252 3642 ποίας
3289 3579 3389 3631 οὐκ
3423 3578 3493 3631 ἂν
3528 3580 3617 3646 εἴη
3681 3595 3785 3630 κα-

2198 3678 2525 3745 ταγνώσεως
2561 3674 2748 3740 ἄξιον;
2784 3673 2909 3736 Πῶς
2948 3673 3059 3743 γὰρ
3092 3672 3247 3735 Θεὸς,
3287 3671 3337 3722 εί
3370 3672 3561 3739 ἀγνοεῖ
3599 3668 3663 3722 τὸ
3690 3687 3785 3737 τε·

2200 3772 2429 3839 νόμενον
2459 3786 2474 3835 ;
2508 3767 2631 3831 Πῶς
2662 3768 2719 3820 δὲ
2755 3768 2848 3820 καὶ
2875 3767 2902 3818 ὁ
2952 3765 3215 3834 Χριστὸς,
3256 3764 3527 3825 ἀλήθειαν
3585 3762 3785 3815 ἑαυτὸν

2201 3863 2344 3917 κατὰ
2369 3862 2429 3917 τὸ
2457 3860 2795 3930 Εὑαγγέλιον
2841 3859 3141 3929 ὀνομάσας,
3175 3856 3447 3925 ἐψεύσατο
3515 3856 3676 3925 παρὰ
3711 3854 3786 3922 τῷ

2200 3957 2321 4029 Θεῷ
2343 3956 2442 4029 τὴν
2484 3957 2744 4026 ἀλήθειαν
2777 3955 3180 4031 ἀρνησάμενος,
3215 3954 3397 4008 καίτοι
3426 3953 3562 4016 Θεὸς
3589 3951 3687 4016 ὣν,
3713 3950 3785 4013 ὡς

2203 4049 2699 4121 προαποδέδεικται
2728 4065 2745 4115 ;

2273 4208 2345 4282 η’.
2383 4206 2779 4265 Διαὸἀλλουσιν
2847 4207 2998 4279 ἡμᾶς
3039 4206 3117 4274 ὡς
3158 4202 3703 4275 εἰδωλολάτρας,διά
3724 4201 3785 4253 τὸ

2204 4302 2538 4372 προσκυνεῖν
2583 4301 2678 4354 τὸν
2735 4301 2991 4369 σταυρὸν,
3021 4299 3081 4352 ὃν
3111 4299 3209 4351 καὶ
3242 4296 3647 4367 βδελύττονται.
3681 4296 3784 4348 Καὶ

2204 4392 2441 4462 λέγομεν
2466 4391 2599 4461 πρὸς
2640 4389 2869 4453 αὐτούς·
2909 4390 3030 4451 Πῶς
3056 4388 3150 4441 οὖν
3193 4388 3290 4441 καὶ
3331 4388 3493 4455 ὑμεῖς
3522 4384 3782 4456 προστρὶ-

2214 4482 2377 4536 6εσθε
2417 4482 2497 4553 τῷ
2528 4482 2662 4552 λίθῳ
2686 4481 2782 4534 τοῦ
2822 4478 3127 4549 Βραχθὰν,
3176 4479 3270 4531 καὶ
3312 4476 3527 4545 φιλεῖτε
3556 4474 3785 4536 τούτους

528 4569 753 4623 imnini?
783 4569 847 4624 Et
872 4571 1471 4639 respondent_nounulli
1494 4588 1559 4627 ex
1595 4574 1762 4642 ipsis:
1789 4574 1935 4642 Ideo,
1976 4577 2092 4644 quia

2213 4575 2323 4631 Καί
2352 4591 2500 4637 τινες
2534 4574 2634 4643 μὲν
2661 4572 2839 4626 αὐτῶν
2870 4589 3004 4641 φασι
3030 4587 3044 4604 ο
3067 4569 3215 4623 Διότι
3244 4569 3435 4622 ἐπάνω
3468 4566 3638 4620 αὐτοῦ
3665 4584 3786 4618 συν-

528 4678 693 4733 super
719 4662 896 4731 ipsum
940 4663 1209 4716 Abraham
1235 4678 1357 4716 cum
1408 4666 1549 4732 Agar
1603 4681 1924 4736 congressus
1976 4675 2105 4722 est:

528 4757 615 4809 alii
647 4772 795 4821 vero,
826 4755 950 4825 quia
979 4757 1045 4809 ad
1104 4755 1281 4826 ipsum
1331 4755 1574 4826 alligavit
1628 4758 1923 4824 camelum,
1982 4774 2106 4814 cum

530 4846 1166 4903 l~aacnmimmolaturus
1195 4855 1361 4905 esset.
1396 4849 1477 4903 Ad
1501 4866 1636 4919 quos
1692 4866 1791 4906 nos
1863 4852 2055 4906 iterum
2090 4868 2105 4907 :

526 4937 680 4993 Itane
708 4955 802 4993 vos
832 4954 936 4993 non
967 4940 1129 5009 pudet
1158 4942 1388 4995 adorare
1423 4948 1477 4995 et
1500 4942 1766 4996 honorare
1798 4943 2029 5012 lapidem
2058 4946 2110 4998 in

529 5046 635 5099 quo
653 5045 774 5084 cum
803 5031 1025 5086 muliere
1048 5030 1318 5087 Ahraham
1338 5034 1524 5100 coivit,
1555 5045 1645 5090 aut
1669 5037 1733 5090 ad
1754 5052 1912 5106 quem
1934 5053 2111 5092 came-

530 5122 644 5176 lnm
673 5123 912 5193 alligavit
944 5140 959 5176 :
1009 5124 1165 5179 nobis
1199 5141 1326 5181 vero
1348 5129 1688 5196 exprobratis
1714 5130 1859 5199 quod
1898 5145 2113 5184 crucem

529 5218 839 5279 adoremus,
864 5232 1139 5287 perquam
1212 5220 1358 5273 vires
1422 5221 1752 5284 dmmonum,
1802 5232 1857 5276 et
1911 5222 2115 5277 diaboli

531 5310 709 5365 omnis
730 5312 982 5381 deceptio
1014 5321 1347 5367 enervantur
1383 5324 1439 5367 et
1488 5313 1900 5382 infringuntur?
1951 5313 2117 5384 Atqui

534 5403 823 5469 praedictus
851 5401 982 5471 lapis
1013 5403 1115 5456 iste
1148 5414 1307 5473 caput
1346 5415 1431 5459 est
1454 5402 1700 5470 Veneris,
1729 5422 1888 5474 quam
1914 5404 2117 5460 lsmae-

535 5491 645 5547 litae
669 5492 778 5561 jam
819 5493 945 5547 olim
963 5493 1279 5549 adorabunt.
1315 5494 1476 5564 Lapis
1507 5495 1597 5550 ille
1645 5496 1940 5550 etiamnmn
1979 5513 2118 5568 pras-

538 5583 663 5648 l‘crt,
690 5584 734 5639 si
777 5586 899 5653 quis
928 5597 1184 5639 accurate
1234 5597 1459 5655 spectet,
1483 5587 1675 5656 capitis
1710 5588 1967 5655 sculpello
2010 5587 2121 5641 for-

544 5677 674 5728 mali
706 5675 957 5746 eiiigicm.
985 5675 1075 5729 Est
1098 5675 1446 5730 simulacrum
1476 5675 1684 5731 Baccha
1720 5676 1989 5731 Ismakech
2014 5677 2119 5729 illis

548 5765 772 5829 dictum,
808 5770 947 5831 quod
982 5768 1093 5836 ipse
1140 5767 1437 5822 Adoramen
1477 5769 1843 5825 observationis
1865 5769 2117 5839 appellat,

494 5922 505 5937 ι
551 5864 683 5910 etut
720 5858 898 5911 miseri
929 5857 1468 5928 barbariqadorarent
1491 5861 1767 5933 praecepit.
1803 5861 1907 5917 Sed
1929 5871 1979 5916 et
2013 5861 2120 5917 duo

2212 4669 2437 4723 ουσίασε
2473 4670 2539 4739 τῇ
2595 4666 2767 4737 ’Δγὰρ
2821 4668 2849 4719 ὁ
2897 4662 3187 4733 Ἀϐραάμ·
3212 4661 3361 4721 ἄλλοι
3384 4662 3463 4727 δὲ,
3508 4662 3594 4714 ὅτι
3625 4674 3789 4729 atpos-

2213 4762 2401 4828 έδησεν
2421 4760 2572 4831 αὐτῷ
2601 4760 2700 4828 τὴν
2724 4758 2994 4827 κάμηλον,
3028 4756 3239 4827 μέλλων
3257 4754 3421 4808 θῦσαι
3453 4753 3545 4806 τὸν
3586 4754 3787 4805 Ἰσαὰκ.

2214 4855 2359 4923 Πρὸς
2385 4852 2478 4917 οὓς
2512 4852 2676 4906 πάλιν
2704 4852 2895 4921 ἡμεῖς·
2932 4845 3066 4903 Εἶτα
3104 4848 3263 4917 ὑμεῖς
3290 4846 3392 4915 μὲν
3428 4846 3531 4898 οὐκ
3552 4841 3787 4895 αἰδεῖσθε

2177 4945 2654 5017 ’προσκυνοῦντες
2686 4942 2782 4997 καὶ
2821 4941 3094 5011 τιμῶντες
3124 4938 3297 5004 λίθον,
3326 4936 3411 5007 ἐφ’
3462 4930 3527 4988 οὗ
3566 4934 3789 5003 γυναικί

2219 5037 2573 5092 συνουσίασεν
2607 5038 2634 5088 ό
2678 5033 2956 5104 Ἀὗραὰμ,
2991 5032 3025 5102 ἢ
3054 5031 3358 5102 προσέδησε
3387 5027 3488 5098 τὴν
3521 5026 3787 5095 κάμηλον·

2218 5134 2250 5202 ἡ
2261 5134 2350 5201 μίν
2389 5130 2447 5183 δὲ
2476 5127 2812 5193 ὀνειδίζεσθε
2844 5124 3214 5196 προσκυνοῦσι
3252 5121 3345 5175 τὸν
3376 5119 3618 5187 σταυρὸν
3645 5118 3715 5169 δι’
3736 5110 3789 5168 οὗ

2217 5223 2488 5292 δαιμόνων
2528 5220 2706 5290 ἰσχὺς,
2755 5219 2849 5272 καὶ
2886 5218 3143 5275 διαϐόλου
3201 5213 3540 5269 καταλύεται
3572 5211 3789 5280 πλάνης

2227 5315 2290 5367 '0
2311 5315 2368 5367 δὲ
2402 5313 2594 5384 ῥηθεὶς
2654 5312 2803 5375 λίθος
2847 5310 3061 5380 κεφαλὴ
3098 5310 3198 5378 τῆς
3249 5306 3578 5376 ’Δφροδίτης
3624 5306 3788 5368 ἐστίν,

2218 5407 2287 5477 ἣν
2325 5406 2494 5460 πάλαι
2521 5405 2898 5477 προσεκύνουν
2921 5405 2971 5457 οἱ
3010 5401 3354 5473 Ἰσμσηλῖται
3378 5416 3393 5432 ’
3435 5399 3599 5468 φέρει
3641 5397 3788 5468 γὰρὸ

2220 5500 2367 5561 λίθος
2401 5500 2565 5568 μέχρι
2598 5498 2692 5551 καὶ
2720 5495 2815 5550 νῦν
2831 5499 2946 5558 τοῖς
2979 5494 3225 5564 ἀκριόῶς
3254 5489 3707 5545 κατασκοποῦσιν
3732 5490 3787 5539 ἐκ

2221 5593 2478 5663 γλυφίδος
2508 5591 2863 5648 ἀποτύπωσιν
2887 5589 3152 5658 κεφαλῆς*
3178 5587 3238 5639 τὸ
3263 5585 3469 5652 Βακχὰ
3508 5582 3785 5652 ἰσμωιὲχ

2222 5687 2559 5756 καλούμενον
2589 5683 2828 5745 εἴδωλον,
2854 5682 2991 5751 ὅπερ
3018 5678 3182 5739 αὐτὸς
3232 5678 3645 5747 προσκύνημα
3683 5692 3786 5726 πα-

2216 5780 2640 5849 ρατηρήματος
2672 5773 2953 5846 ὀνομάζει,
3016 5772 3145 5835 τοὺς
3196 5772 3419 5835 ἀθλίους
3483 5771 3785 5841 βαρϐάρους

2225 5875 2555 5929 προσκυνεῖν
2592 5870 2869 5925 ἐκέλευσε.
2903 5869 3013 5923 Καὶ
3044 5864 3139 5922 δύο
3164 5866 3221 5922 δὲ
3252 5868 3495 5938 ὀνόματα
3519 5868 3786 5939 βὰρϐαρα,
