4044 6290
269 433 395 505 1'3“

1167 443 1552 507 PANOPLIA
1609 447 2074 516 DOGMATICA.
2108 478 2178 492 ·-
2209 456 2363 521 TIT.
2381 458 2656 521 XXVIII.

3402 466 3537 532 132

263 553 324 608 τὸ
384 548 656 620 Τζὶτζαφὰ
695 550 792 606 καὶ
855 555 1126 623 Μαρουὰ,
1192 558 1259 610 ἐκ
1321 557 1432 612 τῶν
1479 561 1824 633 σεϐασμάτωε

1949 569 2215 624 vocabula
2252 572 2511 642 barbara,
2542 589 2734 644 nempe
2766 573 3053 647 Tzilzaplrd
3076 585 3129 633 et
3185 578 3409 650 Marua,
3465 601 3531 639 ex

262 640 400 700 εἶναι
425 643 573 710 λέγει
601 642 696 697 τοῦ
727 644 864 699 Θεοῦ
892 663 907 678 ο
941 645 1077 699 Θεοῦ
1110 647 1170 700 δὲ
1212 649 1430 713 πάντως
1457 651 1553 705 τοῦ
1605 655 1836 710 οἰκείου.

261 740 369 792 Καὶ
396 737 508 798 τοῖς
532 737 718 807 ήπατη
727 737 915 807 μένοις
940 739 997 792 δὲ
1033 740 1125 792 ὑπ’
1146 741 1337 808 αὐτοῦ,
1375 750 1839 819 παραγινομένοις

261 828 401 884 κατὰ
430 827 491 881 τὸ
522 829 702 881 ἐκεῖσε
747 829 946 900 μιαρὸν
975 829 1184 901 οἴκημα
1221 833 1316 886 τοῦ
1367 840 1834 909 προσευκτηρίου,

258 921 563 992 περιελθεῖν
590 921 724 974 αὐτὸ
765 923 1044 986 κυκλικῶς
1079 925 1435 994 προστάσσει.
1478 928 1566 992 Ὠς
1589 930 1645 984 δὲ
1682 932 1834 1002 παρά

236 1005 396 1072 πινος
445 1012 504 1078 ἐξ
542 1013 723 1066 αὐτῶν
762 1014 900 1083 πρὸς
942 1015 1308 1085 Χριστιανοὺς
1354 1014 1832 1092 αὐτομολήσαντος

257 1106 479 1177 ἔμαθον,
514 1104 736 1158 εἴδωλόν
764 1123 817 1158 τι
842 1105 1046 1160 λίθινον
1077 1107 1312 1180 κάθηται
1339 1111 1506 1181 μέσον
1540 1112 1634 1166 τοῦ
1655 1114 1830 1168 οἶκουσ

256 1202 346 1250 καὶ
374 1198 422 1248 oi
455 1197 555 1266 τὴν
594 1198 796 1268 πρᾶξιν
845 1199 942 1251 τοῦ
999 1200 1390 1269 δαιμονιώδους
1449 1207 1831 1279 ἐπιτάγματος

253 1291 440 1345 τούτου
487 1292 847 1360 πληροῦντες,
890 1293 1211 1358 κεκλικότες
1239 1298 1362 1360 τοὺς
1394 1299 1615 1363 ἀθλίους
1645 1301 1829 1356 αὐτῶν

251 1384 503 1452 αὐχένας,
532 1385 626 1438 καὶ
656 1386 754 1456 τὴν
788 1388 943 1457 χεῖρα
973 1387 1158 1454 ὄρθιον
1196 1392 1333 1453 πρὸς
1367 1393 1501 1445 αὐτὸ
1531 1394 1828 1448 ἐκτετακό-

248 1494 359 1541 τες,
400 1481 464 1547 τῇ
504 1495 564 1530 τε
597 1480 762 1551 ἑτέρᾳ
787 1481 846 1533 τὸ
873 1481 970 1542 οῦς
1004 1483 1214 1534 ἑαυτῶν
1246 1485 1595 1555 κατέχοντες,
1632 1486 1828 1540 κυκλο-

249 1570 423 1641 τερῶς
462 1573 876 1643 περιέρχονται,
925 1575 1124 1646 ρόχρις
1151 1576 1216 1629 ἂν
1245 1579 1551 1650 σκοτοδινίᾳ
1591 1578 1828 1650 ληφθέν-

245 1680 334 1726 τες
385 1666 800 1720 καταπέσωσιν.
875 1667 1008 1720 Ἰδοὺ
1069 1671 1353 1740 προδήλως
1411 1673 1824 1744 εἰδωλολατρείν

245 1754 638 1825 ἐνομοθέτησεν
649 1797 661 1808 .

313 1844 378 1900 θ’.
431 1846 513 1915 (1)
581 1841 752 1912 Οὗτος
803 1849 830 1902 ὁ
884 1850 1176 1922 Μωάμεθ,
1237 1853 1418 1907 καίτοι
1485 1856 1704 1928 ἀμαθὴς
1748 1859 1826 1912 ὥν

244 1939 335 1988 καὶ
376 1937 661 2007 ἄγροικος,
681 1942 812 2011 τρία
853 1944 946 1994 καὶ
962 1943 1098 1996 δέκα
1119 1944 1210 1996 καὶ
1228 1944 1424 1997 ἑκατὸν
1445 1949 1826 2018 συνεγράψατο

245 2029 524 2099 μυθάρια,
565 2031 780 2103 ἑκάστῳ
818 2033 1023 2087 τούτων
1075 2035 1248 2106 ὄνομα
1281 2036 1489 2100 ἐπιθεὶς
1529 2038 1680 2102 ἄξιον
1725 2040 1826 2109 τῆς

243 2122 602 2187 ἀπαιδευσίας
636 2125 729 2178 καὶ
750 2125 1096 2197 μωρολογίας
1123 2122 1419 2182 αὑτοῦ.Ὦν
1448 2130 1705 2186 ἁπάντων
1726 2132 1827 2203 τὴν

241 2215 588 2287 ἀκαθαρσίαν
641 2221 736 2272 καὶ
785 2222 884 2288 τὴν
939 2223 1210 2290 πρόδηλον
1264 2224 1540 2294 φλυαρίαν
1605 2225 1667 2278 τὸ
1721 2226 1828 2278 καὶ

239 2306 605 2377 διηγήσασθαι
624 2312 719 2362 καλ⁸
744 2313 1047 2383 ἀνατρέψαι
1074 2315 1188 2366 ἴσον
1220 2315 1341 2367 ὲστὶ
1366 2314 1444 2384 τῷ
1462 2317 1561 2386 τὴν
1589 2316 1826 2384 Αὐγείου

241 2399 449 2471 κόπρον
483 2401 804 2471 ἐκκομίσαι,
838 2403 980 2457 κατὰ
1015 2407 1105 2458 τὸν
1149 2407 1450 2476 Ἡρακλέα.
1476 2409 1681 2462 Λοιπὸν
1703 2405 1824 2478 οὗν,

239 2491 408 2545 τᾶλλα
451 2493 934 2564 παραδραμόντες,
965 2496 1162 2564 ὀλίγων
1197 2497 1544 2569 ποιησόμεθα
1575 2501 1821 2571 μνήμην,

238 2587 334 2637 καὶ
381 2585 484 2638 ὅσα
515 2586 734 2648 πάντως
764 2587 1194 2656 ἀναγκαιότερα,
1226 2588 1363 2661 πρὸς
1398 2589 1458 2642 τὸ
1484 2590 1828 2662 διαγνωσθῆ-

238 2678 326 2732 ναί
349 2697 408 2731 τε
440 2681 530 2731 καὶ
561 2681 1044 2751 καταγνωσθῆναι.

319 2771 552 2842 Ὀλόσιρυ
563 2790 654 2843 ρον
679 2775 828 2842 λέγει
859 2777 950 2827 τὸν
973 2775 1129 2839 Θεὸν,
1157 2776 1275 2846 ήτοι
1307 2777 1624 2849 σφαιρικόν.
1649 2775 1822 2832 Τοῦτο

237 2865 292 2918 δὲ
320 2866 381 2918 τὸ
418 2867 605 2936 σχῆμα
634 2867 889 2937 σώματός
927 2871 1067 2932 ἐστι,
1093 2869 1187 2923 καὶ
1216 2867 1378 2938 σῶμα
1402 2871 1686 2940 ἐμφαίνει·
1719 2870 1816 2924 ὦσι

238 2979 343 3034 περ
366 2963 433 3033 δὴ
466 2964 565 3016 καὶ
595 2965 686 3017 τὸν
717 2965 922 3018 πυκνὸν
950 2965 1044 3018 καὶ
1073 2966 1477 3034 πεπιλημένον.
1521 2967 1740 3038 Σφαῖρα
1763 2967 1822 3019 δὲ

237 3054 398 3125 ὑλικὴ
443 3055 568 3110 κατ’
601 3056 766 3110 αὑτὸν
801 3058 831 3110 ὀ
859 3057 996 3120 Θεὸς
1034 3055 1132 3122 ὣν,
1163 3053 1292 3112 οὔτε
1332 3057 1650 3122 ἀκούσεται,
1688 3057 1814 3112 οὔτε

237 3144 428 3216 ὸψεται
451 3162 468 3176 ’
503 3148 600 3201 καὶ
634 3149 1028 3218 καταπρανῶς,
1060 3149 1135 3214 ὡς
1182 3150 1402 3222 ἔτυχεν,
1431 3150 1816 3224 ἐνεχθήσεται,

236 3238 332 3294 καὶ
368 3243 585 3295 ἄτακτα
623 3241 1180 3313 κατακυλισθήσεται.

316 3421 686 3490 Δογματίζων
715 3421 890 3476 αἴτιον
927 3418 1071 3476 εἶναι
1101 3423 1305 3487 παντὸς
1335 3423 1510 3478 κακοῦ
1541 3424 1635 3478 τὸν
1661 3425 1818 3484 Θεὸν.

235 3507 424 3582 ὥσπερ
472 3513 537 3582 δὴ
567 3514 660 3568 καὶ
693 3515 895 3578 παντὸς
922 3515 1152 3583 ἀγαθοῦ,
1203 3516 1370 3585 φησίν
1393 3532 1405 3547 ο
1446 3534 1466 3568 ι
1505 3517 1604 3570 ’ον
1629 3517 1822 3588 ὁδηγεῖ

234 3603 261 3657 ὀ
287 3601 444 3668 Θεὸς,
481 3605 682 3667 ἐκεῖνός
719 3608 868 3659 ἐστιν
908 3605 1298 3676 ὡδηγημένος’
1344 3608 1442 3659 καὶ
1475 3607 1568 3670 οὓς
1615 3607 1818 3679 πλανᾷ,

251 3697 432 3750 κεῖνοί
463 3698 600 3749 εἰσιν
624 3699 672 3750 oi
703 3697 1042 3765 λειπόμενοι.
1075 3715 1094 3748 ι
1126 3698 1236 3751 Καὶ
1273 3699 1392 3768 μετ’
1414 3699 1574 3768 ὀλίγα
1605 3699 1667 3754 τὸ
1689 3700 1821 3754 αὐτὸ

241 3786 470 3850 βεϐαιῶν
499 3789 805 3858 ἐπήγαγεν,
829 3788 914 3840 ὅτι
954 3805 972 3839 ι
1008 3788 1081 3841 Οὐ
1105 3788 1350 3859 κυριεύω
1377 3789 1478 3858 τῆς
1505 3791 1696 3861 ψυχῆς
1714 3810 1818 3860 μου

241 3877 314 3938 1i;
359 3877 654 3948 ὠφέλειαν,
713 3879 824 3932 εῐτε
863 3877 1109 3949 βλάϐην,
1160 3881 1210 3932 εἰ
1275 3879 1350 3950 μὴ
1400 3880 1540 3949 ὅπερ
1586 3881 1762 3935 ἐθέλει
1793 3884 1822 3936 ὀ

236 3967 386 4032 ὃιός.
421 3989 441 4022 ι
476 3971 589 4023 Καὶ
612 3969 1011 4040 ἐπιλαθόμενος
1035 3972 1119 4024 ὅτι
1143 3973 1436 4041 προφήτην
1467 3972 1578 4044 πρὸ
1618 3974 1820 4044 μικροῦ

236 4060 544 4132 ὶκήρυσσεν
602 4063 817 4127 ἑαυτὸν,
855 4062 1044 4130 λέγει·
1101 4081 1121 4115 ι
1153 4064 1264 4118 Καὶ
1301 4064 1350 4116 εί
1394 4064 1702 4133 ιγίνωσκον
1751 4067 1822 4120 τὰ

239 4156 466 4219 ἀπόντα,
492 4152 638 4226 εἶχον
684 4156 749 4209 ἂν
777 4155 1074 4210 πλεονάσαι
1105 4159 1168 4210 ὲκ
1194 4156 1292 4210 τοῦ
1328 4159 1562 4226 ἀγαθοῦ,
1593 4161 1690 4212 καὶ
1721 4161 1822 4214 οὐκ

241 4245 297 4298 ἂν
333 4243 446 4316 εἶχέ
484 4263 588 4318 μου
617 4246 856 4318 ἅψασθαι
887 4247 1088 4301 δεινόν.
1124 4265 1142 4298 ι
1182 4249 1294 4301 Καὶ
1325 4247 1442 4312 πῶς
1470 4248 1538 4303 ιν
1556 4248 1822 4319 ὲξέφυγες

242 4338 301 4390 τά
324 4338 496 4404 δεινὰ,
538 4338 720 4407 φύσει,
785 4338 971 4402 καθὼς
1023 4339 1184 4402 αὐτὸς
1229 4339 1433 4407 λέγεις,
1470 4341 1640 4406 bna;
1675 4342 1738 4395 El
1764 4343 1822 4396 δὲ

237 4429 471 4496 ὴδύνασο
525 4429 810 4499 διαφυγεῖν
852 4428 1016 4497 αὐτὰ,
1071 4430 1132 4482 οὐ
1182 4430 1343 4499 φύσει
1390 4433 1608 4496 πάντως
1646 4434 1811 4490 εἰσίν.

238 4523 358 4577 Ὅτι
407 4525 465 4579 δὲ
498 4526 598 4578 οὐκ
627 4525 776 4579 ἔστιν
824 4525 998 4590 αἴτιος
1030 4525 1140 4579 τῶν
1172 4527 1359 4581 κακῶν
1394 4529 1422 4581 ό
1447 4527 1578 4591 Θεὸς
1604 4530 1824 4582 ἀπεδεί·

1948 663 2206 731 singulari
2245 664 2337 720 Dei
2371 666 2584 722 colendi
2615 668 2876 738 religione
2917 686 3038 726 esse
3063 674 3248 739 docet;
3284 673 3375 730 Dei
3440 691 3535 730 au-

1943 764 2046 808 tem
2079 758 2302 812 omnino
2353 759 2436 814 sui
2469 769 2523 814 et
2551 763 2778 830 proprii.
2805 763 2947 828 Quin
2975 765 3141 819 etiam
3179 765 3266 822 ille
3317 769 3534 824 miseris

1939 847 2046 904 illis
2084 858 2180 904 eta
2214 863 2274 903 se
2310 851 2570 922 deceptis,
2604 855 2660 906 in
2695 857 3014 911 exsecrabili
3075 858 3167 912 illo
3227 860 3528 926 domicilio,

1938 942 2081 1010 quod
2106 943 2510 1010 precationibus
2536 946 2891 1012 destinatum,
2931 949 3143 1010 adesse.
3177 959 3232 1004 et
3262 950 3314 1004 in
3339 953 3531 1006 orbem

1937 1033 2066 1087 illud
2099 1036 2334 1090 circuire
2357 1037 2548 1106 jubet;
2587 1049 2640 1094 et
2669 1042 3144 1109 (quemadmodum
3177 1059 3274 1113 ego
3300 1060 3360 1098 ex
3388 1062 3529 1113 quo-

1934 1123 2058 1178 dam
2085 1126 2252 1194 ipsius
2267 1127 2671 1196 discipulorum,
2692 1133 2780 1200 qui
2810 1132 3319 1198 adCltristianorum
3349 1149 3529 1202 partes

1937 1217 2172 1280 transiit,
2208 1218 2468 1288 intellexi)
2502 1228 2677 1275 statua
2716 1226 2961 1291 quaedam
2991 1226 3199 1293 lapidea
3229 1237 3410 1280 erecta
3441 1221 3528 1282 est

1934 1309 1990 1361 in
2027 1307 2200 1363 medio
2226 1310 2514 1376 domicilii,
2540 1323 2592 1366 et
2644 1314 2735 1383 qui
2792 1316 3120 1371 daemoniaca
3149 1319 3236 1372 illa
3281 1321 3524 1375 mandati

1939 1400 2102 1455 istius
2131 1402 2347 1457 actione
2377 1404 2763 1475 defunguntur,
2818 1409 3033 1462 miseris
3085 1412 3196 1464 suis
3223 1413 3524 1465 cervicibus

1932 1491 2227 1558 inclinatis,
2280 1495 2451 1548 altera
2513 1513 2676 1550 manu
2705 1511 2918 1552 sursum
2979 1503 3046 1554 ad
3093 1501 3268 1572 ipsam
3317 1515 3521 1568 erecta,

1931 1584 2099 1637 altera
2160 1593 2337 1640 autem
2399 1598 2665 1652 tenentes,
2725 1591 3110 1655 circumeunt.
3175 1595 3346 1648 donec
3401 1610 3522 1649 ver-

1931 1677 2096 1746 tigine
2131 1680 2361 1748 correpti
2391 1681 2700 1735 concidant.
2762 1683 3052 1741 Enimvero
3091 1687 3221 1753 quid
3247 1687 3335 1742 hic
3376 1688 3522 1742 aliud

1929 1784 2088 1836 quam
2115 1779 2349 1826 statuam
2373 1773 2551 1828 colere
2594 1777 2746 1844 quasi
2776 1777 2892 1844 lege
2914 1779 3140 1832 sanxit?

2002 1861 2058 1918 9.
2094 1862 2191 1916 llic
2222 1865 2443 1933 quidem
2468 1867 2734 1920 Moametlt
2770 1869 2896 1922 licet
2923 1881 3059 1925 esset
3115 1872 3265 1926 rudis
3293 1881 3344 1927 ct
3368 1888 3526 1943 agre-

1935 1957 2036 2011 stis
2059 1957 2244 2022 homo,
2277 1968 2456 2012 tamen
2481 1970 2694 2013 centum
2717 1973 2771 2014 et
2801 1964 3056 2016 tredecim
3090 1967 3414 2033 conscripsit
3446 1966 3525 2019 fa-

1929 2048 2118 2114 bellas,
2133 2059 2180 2103 et
2210 2050 2507 2118 unicuique
2532 2052 2722 2105 barum
2751 2052 2974 2119 dignum
3025 2057 3294 2122 quoddam
3329 2072 3522 2114 uouten

1929 2140 2034 2196 hac
2071 2157 2170 2196 sua
2221 2142 2444 2196 inscitia
2474 2143 2689 2197 indidit.
2726 2144 2969 2210 Quarum
3003 2148 3218 2215 quidem
3279 2154 3519 2203 omnium

1930 2231 2296 2301 itnpuritatem
2328 2244 2383 2288 et
2415 2249 2587 2301 nugas
2614 2236 2932 2292 manifestas
2955 2249 3009 2292 ct
3037 2256 3319 2294 recensere
3348 2255 3401 2296 et
3436 2260 3520 2297 re-

1928 2322 2116 2378 fellere
2142 2323 2274 2392 quid
2303 2324 2451 2380 aliud
2484 2324 2648 2378 fuerit
2669 2367 2684 2394 ,
2723 2343 2884 2398 quam
2917 2347 3038 2384 cum
3076 2332 3308 2386 llercule
3337 2336 3521 2404 Augia:

1927 2417 2198 2474 stabulum
2227 2433 2412 2490 egesto
2437 2431 2680 2478 stercore
2716 2426 2979 2493 purgare?
3016 2425 3305 2495 Reliquum
3355 2429 3518 2498 igitur

1926 2511 2116 2578 fuerit,
2143 2513 2262 2568 aliis
2283 2516 2596 2583 praeteritis,
2623 2519 2809 2584 paucis
2836 2533 3022 2573 eorum
3043 2517 3308 2575 duntaxat
3331 2523 3522 2575 menti-

1927 2604 2233 2675 nisse,quae
2267 2609 2494 2676 majoris
2519 2610 2778 2664 momenti
2803 2619 2950 2677 SUlll,
2972 2620 3026 2665 et
3051 2613 3117 2665 ad
3151 2622 3297 2666 recte
3323 2628 3525 2682 cogno-

1926 2695 2205 2760 scendam,
2233 2706 2287 2750 et
2335 2697 2402 2750 ad
2444 2698 2804 2752 damnandam
2846 2711 3055 2754 sectam
3104 2703 3518 2771 exsecrabilem.

2000 2786 2168 2842 Deum
2199 2787 2502 2858 ὀλόσφυρον
2581 2791 2734 2855 dicit,
2790 2792 3112 2859 spbaericum
3160 2795 3415 2849 videlicet
3454 2809 3521 2850 ac

1925 2879 2244 2934 rotundum.
2278 2878 2440 2948 Atqui
2473 2881 2588 2934 hac
2619 2880 2788 2949 ﬁgura
2815 2883 3060 2950 corporis
3120 2893 3226 2948 est,
3293 2894 3348 2937 et
3388 2900 3516 2938 cor-

1925 2983 2026 3038 pus
2057 2968 2328 3034 declarat;
2384 2969 2838 3037 quemadmodum
2901 2971 3042 3039 quod
3080 2973 3302 3026 densum
3358 2984 3520 3041 atque

1925 3062 2288 3128 constipatum
2316 3069 2422 3116 est.
2447 3061 2582 3116 Cum
2616 3062 2802 3130 igitur,
2857 3070 2915 3116 ut
2951 3063 3050 3130 ipsi
3128 3063 3324 3131 placet,
3378 3064 3524 3118 Deus

1923 3149 2210 3204 materiata
2241 3149 2485 3218 quardatn
2507 3149 2580 3204 sit
2618 3151 2857 3218 spltxra,
2913 3165 3088 3220 neque
3133 3149 3344 3215 audiet,
3405 3167 3513 3206 ne-

1843 3247 1890 3311 α
1922 3254 2028 3310 que
2049 3239 2251 3293 videbit
2276 3254 2290 3292 :
2314 3249 2370 3294 et
2389 3239 2440 3292 in
2466 3253 2706 3309 praeceps
2729 3249 2931 3294 temere
2954 3239 3178 3302 feretur,
3205 3239 3508 3296 incondito-

1923 3344 2028 3398 que
2060 3336 2211 3384 motu
2238 3329 2598 3385 volutabitur.

1993 3423 2130 3477 Cum
2167 3433 2347 3477 autem
2382 3425 2570 3477 statuit
2605 3422 2776 3478 Deum
2803 3429 3082 3478 auctorem
3146 3423 3330 3479 omnis
3391 3424 3534 3478 malis

1923 3513 2380 3584 quemadmodum
2417 3524 2469 3569 et
2504 3515 2683 3571 omnis
2711 3513 2862 3580 boni,
2912 3515 2989 3570 ait
3030 3532 3045 3570 :
3087 3533 3107 3567 ι
3145 3516 3316 3581 Quem
3372 3513 3522 3572 Deus

1929 3605 2102 3668 ducit,
2141 3604 2230 3659 ille
2277 3616 2424 3658 recte
2454 3605 2669 3659 ducitur
2718 3614 2818 3660 :et,
2866 3619 3002 3675 quos
3037 3606 3124 3660 ille
3156 3607 3208 3661 in
3267 3621 3512 3662 errorem

1927 3696 2182 3766 impellit,
2221 3696 2297 3748 illi
2329 3695 2576 3765 suntqui
2621 3695 2967 3750 deseruntur.
3006 3716 3024 3749 ι
3063 3699 3127 3751 Ει
3166 3699 3328 3768 paulo
3375 3708 3518 3767 post,

1928 3789 2042 3842 lucc
2108 3787 2469 3854 coniirmans',
2524 3788 2740 3856 subiicit
2802 3806 2878 3841 ;‹
2918 3787 3033 3841 Νοιι
3089 3804 3207 3842 sum
3267 3791 3518 3844 dominus

1925 3879 2140 3943 animae,
2181 3892 2358 3948 neque
2390 3881 2456 3931 ad
2477 3880 2706 3933 salutem
2759 3894 2936 3948 neque
2970 3879 3035 3933 ad
3073 3879 3388 3946 perniciem,
3415 3881 3518 3936 nisi

1925 3977 2198 4040 quatenus
2231 3970 2333 4024 hoc
2403 3969 2579 4039 ipsum
2615 3968 2754 4024 Deus
2808 3971 2944 4023 vult.
2993 3989 3011 4022 ι
3069 3969 3282 4025 Oblitus
3320 3971 3518 4026 deinde

1926 4061 2068 4131 quod
2091 4061 2404 4130 praphetam
2426 4062 2586 4130 paulo
2605 4067 2729 4114 ante
2745 4061 2980 4130 seipsum
3002 4062 3374 4132 prtedicasset,
3400 4064 3514 4118 ait:

1931 4173 1950 4204 ι
1978 4152 2113 4207 Etsi
2143 4167 2359 4207 nossem
2413 4167 2477 4207 ea
2502 4167 2620 4221 quae
2656 4153 2874 4220 absunt,
2906 4168 3117 4222 possem
3174 4169 3308 4209 sane
3355 4155 3533 4210 bonis—

1925 4245 2167 4310 aliluere,
2200 4260 2377 4315 neque
2399 4259 2486 4299 me
2517 4253 2699 4313 posset
2732 4245 2931 4302 malum
2968 4247 3257 4313 attingere.
3313 4265 3336 4298 ι
3368 4245 3519 4313 Quo-

1926 4338 2087 4392 modo
2137 4352 2269 4393 vero
2300 4349 2354 4391 tu
2391 4337 2529 4391 mala
2561 4336 2847 4407 eﬂ‘ugeres,
2897 4352 3036 4405 quat,
3081 4339 3159 4392 uti
3221 4348 3276 4392 tu
3324 4340 3519 4407 doces,

1925 4439 2049 4484 sunt
2080 4429 2318 4484 natura?
2365 4429 2422 4483 Si
2469 4443 2596 4484 vero
2645 4436 2702 4482 tu
2739 4427 2854 4506 illa
2883 4429 3058 4485 vitare
3105 4429 3356 4500 potuisti,
3406 4445 3522 4486 non

1931 4522 2097 4590 igitur
2131 4521 2222 4577 illa
2256 4530 2450 4576 natura
2473 4529 2624 4576 sunt.
2663 4520 2828 4576 Deum
2873 4535 3004 4578 vero
3041 4538 3147 4578 non
3176 4537 3300 4579 esse
3328 4533 3536 4580 auctoo.

237 4613 408 4684 ξαμεν
433 4619 493 4673 ὲν
523 4615 603 4686 τῷ
625 4615 779 4670 κατὰ
841 4587 990 4670 τῶν-
1016 4615 1477 4674 Μασσαλιανῶν
1501 4587 1689 4690 τίτλῳ,
1727 4623 1824 4675 καὶ

1932 4628 2046 4668 rem
2091 4614 2356 4668 malorum
2398 4613 2455 4668 in
2483 4614 2639 4670 titulo
2682 4625 2868 4667 contra
2914 4613 3263 4670 Massaliota:
3302 4631 3330 4670 a
3360 4615 3535 4672 nobis.

236 4705 472 4776 ζήτησον
497 4707 558 4760 τὸ
589 4706 656 4770 ιζ’
688 4707 1016 4776 κεφάλαιον.

307 4799 476 4870 Φησὶν
507 4801 566 4852 ὲν
596 4799 675 4870 τῷ
701 4799 872 4869 ὀγδόῳ
896 4801 1006 4854 τῶν
1028 4801 1310 4873 μυθαρίων
1345 4803 1512 4858 αὐτοῦ
1533 4820 1548 4836 ο
1587 4805 1824 4874 «Λέγου-

239 4908 321 4945 σιν
340 4893 390 4947 οί
422 4893 670 4947 Ἰουδαῖοι
701 4907 718 4926 ο
764 4892 824 4946 '0
856 4893 1077 4963 Ἰσραήλ
1123 4897 1272 4948 ἐστιν
1306 4897 1335 4950 6
1371 4896 1486 4961 υίὸς
1517 4898 1612 4951 τοῦ
1635 4898 1815 4964 ,Θεοῦθ
1853 4973 1856 4976 γ

238 4983 332 5036 καὶ
369 4983 623 5052 λεγουσιν
651 4982 722 5036 οί
753 4983 1098 5052 Χριστιανοὶ,
1138 4983 1224 5036 ὅτι
1263 4985 1290 5036 ό
1318 4985 1560 5055 Χριστός
1611 4988 1760 5041 ἐστιν
1789 4988 1818 5042 ὀ

240 5074 364 5140 Υἱὸς
394 5076 488 5130 τοῦ
527 5075 666 5129 Θεοῦ
692 5090 707 5106 ο
756 5075 900 5127 τοῦτ’
932 5073 1080 5127 ἐστιν
1107 5076 1136 5128 ὀ
1169 5075 1329 5143 λόγος
1378 5077 1562 5132 αὐτῶν
1598 5078 1688 5132 διὰ
1709 5079 1818 5132 τῶν

243 5167 531 5236 στομάτων
557 5167 737 5221 αὐτῶν
763 5181 777 5194 '
803 5185 822 5220 ι
865 5167 962 5221 καὶ
991 5168 1058 5221 τὰ
1088 5168 1237 5238 ἑξῆς.
1285 5169 1424 5223 Ἀλλ’
1451 5170 1708 5238 ἄκουσον,
1733 5171 1821 5224 υἱὲ

241 5257 332 5310 τοῦ
369 5261 576 5330 πατρὸς
607 5259 702 5314 τοῦ
754 5259 1003 5330 ψεύδους.
1047 5261 1293 5332 Ἰουδαῖοι
1353 5262 1453 5331 μὲν
1489 5265 1548 5316 οὐ
1595 5266 1822 5334 γνήσιον

245 5349 357 5402 υἱὸν
385 5350 476 5404 τοῦ
508 5351 645 5404 Θεοῦ
677 5351 894 5422 Ἰσραὴλ
931 5352 1317 5421 ὀνομάζουσιν,
1355 5353 1477 5407 ἀλλ’
1505 5353 1537 5425 ἢ
1566 5355 1691 5408 ὅσον
1711 5354 1821 5408 δεῖ·

247 5441 330 5506 ξαι
378 5444 476 5515 τὴν
523 5444 663 5514 πρὸς
711 5444 910 5508 αὐτοὺς
953 5443 1047 5498 τοῦ
1077 5441 1217 5497 Θεοῦ
1277 5443 1517 5514 στοργήν
1571 5444 1661 5498 διὰ
1718 5444 1818 5516 τὴν

251 5536 549 5602 προσοῦσαν
603 5519 787 5599 aia-toi;
825 5535 1146 5589 εὐσέϐειανο
1201 5537 1250 5589 οί
1298 5536 1356 5588 δέ
1408 5553 1471 5604 γε
1499 5536 1819 5605 Χριστιανοὶ

249 5625 402 5690 φύσει
431 5626 558 5679 Υίὸν
575 5624 732 5690 Θεοῦ,
767 5627 858 5680 καὶ
886 5624 1174 5694 ὀμοούσιον
1198 5625 1280 5694 τῷ
1306 5625 1483 5696 Πατρὶ
1503 5665 1518 5691 ,
1547 5625 1690 5679 κατὰ
1718 5628 1819 5696 τὴν

247 5714 491 5788 θεότητα,
522 5717 614 5771 τὸν
653 5717 889 5788 Χριστὸν
916 5717 1290 5787 ὁμολογοῦσιν.
1339 5719 1400 5771 El
1432 5717 1564 5789 γὰρ,
1613 5719 1689 5780 ὠς
1721 5719 1818 5770 ao-

1931 4708 2360 4761 demonstratum
2412 4715 2496 4762 est
2530 4724 2546 4761 :
2577 4709 2800 4764 consule
2823 4721 2944 4776 cap.
2999 4707 3086 4761 l7.
3124 4762 3127 4765 .

2001 4799 2058 4854 in
2085 4808 2274 4855 octava
2301 4798 2624 4856 fabellarum
2651 4815 2874 4854 suarum
2905 4800 2983 4852 ait
3026 4815 3042 4853 :
3069 4817 3089 4851 ι
3125 4798 3294 4854 Judaei
3328 4800 3527 4855 dicunt

1929 4888 2185 4946 Israelem
2224 4905 2348 4945 esse
2375 4891 2540 4944 lilium
2566 4890 2660 4943 Dei
2686 4905 2702 4943 :
2725 4899 2779 4944 et
2811 4888 3110 4944 Christiani
3147 4891 3335 4944 dicunt
3355 4889 3518 4944 Chri-

1927 4989 2070 5037 stum
2103 4995 2226 5042 esse
2254 4979 2453 5034 Filium
2516 4979 2608 5034 Dei
2637 4993 2657 5034 τ
2691 4978 2781 5034 hic
2813 4989 2896 5034 est
2946 4993 3131 5035 sermo
3165 4995 3233 5035 ex
3301 4982 3521 5051 proprio

1927 5073 2165 5144 ipsorum
2201 5084 2297 5126 ore
2327 5071 2627 5140 prolectus,
2657 5088 2677 5124 ι
2707 5080 2759 5125 et
2784 5086 2907 5140 quae
2965 5080 3286 5141 sequuntur.
3318 5071 3524 5128 Verum

1925 5164 2174 5230 attende,
2233 5176 2267 5218 ο
2329 5161 2402 5216 illi
2463 5163 2634 5230 patris
2706 5162 3014 5218 mendacii!
3078 5161 3248 5220 διιόπί
3303 5166 3520 5235 quidem

1922 5268 2032 5312 non
2077 5269 2396 5324 germanum
2454 5253 2551 5309 Dei
2592 5253 2760 5308 lilium
2792 5255 3050 5311 Israelem
3085 5256 3391 5321 nominant,
3415 5255 3518 5310 sed

1921 5352 2155 5413 tantum,
2177 5353 2236 5399 ut
2271 5346 2561 5400 ostendant
2589 5345 2681 5401 Dei
2705 5361 2832 5416 erga
2854 5361 2916 5402 se
2942 5361 3184 5402 amorem
3205 5356 3260 5400 et
3281 5360 3522 5414 propen-

1920 5438 2150 5505 sionem,
2195 5437 2266 5493 ob
2299 5452 2418 5494 eam
2475 5453 2580 5508 qua
2613 5447 2794 5507 patres
2825 5438 3165 5494 excellebant
3190 5439 3452 5506 pietatem
3494 5451 3515 5523 ξ

1917 5529 2217 5586 Christiani
2307 5544 2437 5586 vero
2521 5539 2714 5585 natura
2781 5530 2976 5584 Filium
3045 5527 3142 5584 Det
3229 5539 3280 5583 et
3367 5526 3520 5583 Patrl

1921 5623 2446 5678 consubstantialem
2516 5624 2816 5680 secundum
2856 5622 3199 5680 divinitatem
3231 5621 3519 5677 Christum

1910 5717 2254 5772 conﬁtentur.
2293 5713 2426 5770 Nam
2447 5716 2515 5782 si,
2535 5729 2593 5771 ut
2622 5716 2832 5782 fateris,
2866 5717 3083 5772 Christo
3113 5733 3141 5770 ιι
3178 5715 3287 5770 Dco
3344 5714 3524 5768 Evan-

313 5853 381 5911 (1)
421 5854 671 5922 Palatinus
701 5870 794 5908 ms.
818 5857 908 5922 ’_Eit
925 5857 1026 5922 frt'bv
1057 5854 1142 5902 τοῦ
1170 5855 1307 5922 ἁγίου
1333 5856 1664 5922 Εὐοδίουηυιὶ
1687 5862 1740 5922 et
1766 5855 1818 5904 Zi

1945 5853 1992 5902 in
2017 5866 2191 5916 ωσι-8η
2216 5854 2291 5903 Ea:
2335 5850 2504 5922 livodii
2527 5850 2750 5922 monachi
2781 5850 2992 5922 scriptis,
3028 5850 3304 5922 quasiiexn
3341 5849 3518 5902 Evodii

248 5919 579 5968 monumentis
610 5918 872 5980 sequentia
907 5920 1164 5979 desumpta
1200 5912 1316 5979 Sint,
1350 5923 1402 5967 ut
1429 5925 1531 5968 tota
1558 5916 1664 5967 fere
1710 5916 1947 5981 Panoplt'a
1987 5930 2016 5966 e
2049 5912 2278 5967 veterum
2335 5917 2533 5966 Patrum
2566 5915 2766 5978 scriptis
2791 5912 3084 5967 concinnata
3120 5921 3217 5965 est.
3273 5912 3513 5962 Suscita.
