4044 6290
463 375 602 439 l3i3

1697 365 2083 430 EUTHYMII
2123 365 2491 425 ZlGABENI

3583 364 3719 425 1‘41

461 493 659 561 gelium
690 490 873 543 datum
905 498 1005 553 est,
1036 485 1486 558 quemadmodum
1526 496 1623 536 nos
1677 482 1779 551 ipsi
1812 482 1865 534 in
1900 481 2027 535 sub-

2159 482 2228 543 τὸς
2257 481 2566 549 ὁμολογεῖς,
2607 481 2669 533 ὲκ
2687 479 2821 533 Θεοῦ
2852 480 3063 534 δέδοται
3099 477 3178 546 τῷ
3201 477 3426 548 Χριστῴ
3457 477 3518 529 τὸ
3543 478 3721 543 Εὐαγ-

461 580 812 649 sequentibus
848 578 1339 634 demonstrabimus
1368 593 1380 629 :
1409 582 1462 630 et
1497 575 1552 627 in
1582 572 1869 643 Evangelia
1898 571 2033 625 scri-

460 688 608 743 ptum
632 683 713 727 est
743 672 881 741 quod
901 684 981 726 ter
1010 672 1148 725 Deus
1169 669 1380 726 caelitus
1394 669 1458 722 de
1474 669 1688 723 Christo
1719 666 2034 721 testiﬁcatus

462 766 532 817 sit
560 783 575 829 ;
610 763 806 817 alicubi
874 763 1087 831 qni-lem
1118 761 1303 817 dicens
1336 779 1350 817 :
1382 760 1484 813 llic
1550 769 1622 813 est
1655 755 1827 811 Filius
1890 771 2034 809 meus

465 858 498 908 ά
523 856 685 908 lectus
720 856 736 885 ¹
773 870 787 906 :
846 854 1040 909 aliouhi
1080 868 1229 919 vero,
1264 852 1332 906 Et
1366 851 1661 923 gloriﬁcavi
1694 858 1743 903 et
1779 845 2035 920 (rursum)

464 945 770 1016 glori/traho
794 946 814 975 ¹
859 962 874 1010 ;
905 954 957 997 et
984 946 1035 997 in
1063 954 1243 998 monte
1266 943 1515 999 Thabore
1547 960 1561 996 :
1596 942 1775 1011 Ipsum
1815 941 2037 1004 audite;

468 1038 723 1104 quidnam
789 1036 1008 1090 absurdi
1075 1045 1129 1089 et
1182 1037 1344 1090 alieni
1397 1036 1684 1089 admittunt
1718 1031 2036 1094 Christiani,

468 1128 558 1196 qui
586 1135 639 1181 et
672 1128 861 1191 Deum,
905 1136 960 1181 et
989 1126 1079 1183 Dei
1126 1128 1318 1182 Filium
1360 1127 1635 1182 Christum
1670 1124 1993 1180 conﬁtentur
2022 1140 2037 1177 :

468 1232 592 1271 cum
620 1225 672 1270 et
706 1216 843 1272 Deus
865 1218 1081 1272 Christo
1111 1233 1173 1272 ea
1209 1218 1408 1272 tribuat
1440 1232 1507 1271 ex
1536 1215 1844 1271 testimonio
1864 1214 2041 1268 Evan-

471 1307 616 1372 gelii,
653 1308 795 1376 quod
834 1309 1002 1363 etiam
1036 1317 1090 1362 tu
1118 1307 1377 1364 divinitus
1416 1309 1601 1362 datum
1666 1306 1837 1361 fuisse
1896 1303 2042 1358 allir-

474 1411 592 1451 mas
617 1396 640 1449 ?

542 1487 678 1542 Cum
718 1501 847 1542 vero
866 1487 1069 1542 Christi
1102 1497 1157 1542 et
1191 1487 1470 1557 Evangelii
1498 1490 1827 1543 mentionem
1864 1488 2041 1557 Haeit,

472 1592 537 1631 ex
570 1592 802 1646 persona
844 1577 939 1631 Dei
983 1578 1108 1631 ait:
1175 1596 1193 1628 ι
1255 1578 1498 1633 Misimus
1549 1588 1672 1647 post
1730 1581 1828 1635 hos
1856 1594 2046 1635 omnes

474 1666 629 1735 (alios
682 1666 889 1721 scilicet
975 1667 1307 1737 prephetas)
1374 1666 1555 1722 Jesum
1595 1668 1762 1723 ﬁlium
1824 1669 2044 1734 Maria;

473 1768 619 1810 utea
652 1773 771 1827 quae
831 1759 887 1813 in
920 1758 1038 1830 lege
1071 1771 1197 1816 ante
1251 1762 1450 1829 scripta
1500 1772 1683 1828 erant,
1740 1777 1863 1816 vera
1924 1778 2047 1817 cer-

475 1861 638 1919 tique
714 1863 1171 1920 repraesentaret,
1228 1853 1521 1923 Evangelia
1586 1854 1651 1909 ad
1720 1857 1893 1922 ipsum
1956 1858 2047 1910 de-

476 1943 646 1995 misso
686 1959 699 1994 :
763 1944 813 1995 in
869 1958 975 2010 quo
1003 1953 1081 1997 est
1112 1946 1218 2011 via,
1255 1945 1343 1998 lux
1391 1947 1719 2015 etjustitia:
1757 1948 2057 2003 secundum

478 2034 769 2101 liolettliattt
791 2033 945 2100 legis,
973 2049 1095 2103 qua:
1130 2036 1305 2104 ipsum
1330 2038 1641 2102 antecessit,
1671 2039 1735 2091 ad
1760 2037 2059 2094 institutio-

478 2136 597 2174 nem
629 2132 683 2175 et
712 2122 1122 2189 promissionem
1155 2140 1339 2179 eorum
1362 2127 1452 2196 qui
1485 2127 1660 2195 ipsum
1689 2127 1902 2190 timent,
1923 2136 1978 2181 et
1994 2127 2062 2183 ad

472 2212 818 2279 iudicandum
838 2215 1164 2269 domesticos
1181 2216 1512 2286 Evangelii.)
1532 2216 1587 2271 Si
1613 2217 1775 2285 igitur
1793 2217 2061 2285 Christus,

478 2316 611 2358 utea
639 2320 757 2373 qua:
783 2307 845 2357 de
861 2307 978 2375 ipso
1001 2308 1251 2376 praedicta
1275 2318 1453 2377 erant,
1480 2323 1605 2363 vera
1628 2319 2062 2378 reprtesentaret,

479 2400 527 2449 id
569 2411 654 2453 est
685 2410 740 2452 ut
763 2399 935 2468 legem
970 2413 1208 2457 veterem
1246 2407 1507 2472 expleret,
1544 2403 1784 2467 advenit,
1818 2401 2063 2472 Evange-

477 2490 714 2559 li'imque
766 2492 929 2558 viam,
984 2494 1401 2561 institutionem,
1459 2497 1635 2551 lucent
1693 2506 1750 2550 et
1795 2497 2063 2566 justitiam

477 2582 788 2639 hominibus
858 2585 1102 2648 tradidit,
1150 2586 1603 2653 quemadmodum
1647 2596 1702 2640 tu
1755 2591 1870 2657 ipse
1930 2602 2066 2644 00n-

478 2673 670 2738 literis,
703 2682 757 2728 et
811 2675 924 2743 ipse
974 2676 1239 2745 judicium
1271 2676 1512 2733 facturus
1540 2687 1644 2741 est,
1691 2678 1956 2749 reliquum
1983 2688 2067 2734 est

479 2762 624 2817 aliud
660 2773 711 2819 te
746 2767 877 2820 nihil
905 2768 1214 2824 hominibus
1275 2769 1567 2826 obtrudere
1610 2785 1768 2839 quam
1827 2786 2062 2837 errores,

479 2863 536 2907 et
584 2870 703 2923 quae
762 2872 825 2910 ex
894 2859 1164 2915 diametro
1209 2876 1330 2917 cum
1368 2861 1617 2918 doctrina
1668 2863 1912 2920 veritatis
1968 2881 2067 2935 puc

481 2953 672 3012 gnent.

554 3033 751 3090 lterum
781 3047 1033 3111 tanquam
1064 3056 1128 3097 ex
1158 3058 1384 3113 persona
1434 3045 1526 3100 Dei
1559 3047 1810 3119 proponit
1841 3065 1854 3102 :
1881 3066 1900 3104 ι
1927 3047 2063 3105 Cum

2137 571 2340 638 γέλιον,
2373 569 2554 633 καθὼς
2587 570 2975 633 ὑποκατιόντες
3037 569 3429 637 ἀποδείξομεν·
3466 570 3525 620 ἐν
3572 569 3721 637 αὐτῷ

2135 663 2193 715 δὲ
2221 663 2298 732 τῷ
2328 663 2643 732 Εύαγγελίῳ
2679 662 3030 732 γέγραπται,
3077 662 3160 715 ὅτι
3191 662 3376 731 τρίτον
3432 659 3647 713 ἀνωθεν
3696 662 3724 713 6

2137 756 2269 818 Θεὸς
2322 755 2463 826 ὑπὲρ
2499 752 2739 826 Χριστοῦ
2793 756 3187 824 ἐμαρτύρησε,
3247 756 3324 824 πῆ
3386 752 3487 822 μὲν
3522 754 3722 820 λέγων,

2138 846 2220 899 ὅτι
2249 839 2440 911 Οὗτός
2472 846 2641 898 ἐστιν
2671 848 2703 899 ό
2739 845 2873 910 Υἱός
2930 863 3050 915 μου
3094 848 3123 898 ὁ
3151 845 3465 912 ἀγαπητός
3488 861 3501 873 ο
3536 845 3613 914 πῆ
3646 846 3724 907 δὲ,

2140 937 2249 994 Καὶ
2271 938 2556 1004 ἐδόξασα,
2593 938 2693 991 καὶ
2746 937 2934 993 πάλιν
2976 937 3218 1002 δοξάσω
3239 954 3252 967 ο
3284 940 3380 990 καὶ
3416 940 3472 990 ὲν
3505 939 3583 1006 τῷ
3610 938 3727 1008 ὄρει

2140 1028 2197 1082 δὲ
2226 1029 2302 1095 τῷ
2331 1028 2549 1099 Θαϐὼρ,
2575 1029 2776 1083 Αὐτοῦ
2803 1028 3057 1083 ἀκούετε
3076 1046 3090 1059 ·
3130 1028 3184 1081 τί
3226 1027 3431 1081 ἄτοπον
3450 1033 3540 1081 καὶ
3577 1029 3725 1092 ξένον

2144 1121 2391 1173 ποιοῦσιν
2444 1121 2494 1173 oi
2533 1121 2875 1191 Χριστιανοὶ,
2914 1120 3046 1175 Θεὸν
3085 1121 3181 1173 καὶ
3211 1120 3347 1174 Θεοῦ
3382 1121 3502 1172 Υίὺν
3530 1122 3727 1189 ὁμολο-

2144 1209 2363 1279 γοῦντες
2390 1209 2482 1263 τὸν
2510 1210 2766 1280 Χριστὸν,
2795 1209 2890 1264 τοῦ
2917 1209 3053 1263 Θεοῦ
3110 1211 3204 1263 καὶ
3247 1210 3328 1279 τῷ
3354 1210 3571 1278 Χριστῷ
3592 1208 3729 1261 ταῦ-

2144 1320 2211 1356 τα
2244 1301 2819 1374 προσμαρτυροῦντος,
2872 1302 2950 1365 ὡς
2997 1301 3247 1355 διδάσκει
3279 1303 3341 1354 τὸ
3372 1300 3725 1369 Εὑαγγέλιον,

2144 1396 2173 1449 ὃ
2202 1397 2265 1450 ὲκ
2290 1396 2425 1449 Θεοῦ
2452 1395 2704 1450 δεδόσθαι
2735 1395 3057 1465 ὁμολογετςς

2228 1488 2616 1559 Ἐπιμνησθεὶς
2640 1489 2698 1542 δὲ
2722 1488 2817 1542 τοῦ
2844 1487 3084 1558 Χριστοῦ
3116 1489 3211 1542 καὶ
3241 1488 3336 1541 τοῦ
3362 1485 3728 1555 Εὐαγγελίου,

2150 1582 2315 1649 φησιν
2343 1582 2406 1633 ὲκ
2434 1578 2731 1648 προσώπου
2757 1578 2852 1641 τοῦ
2886 1579 3025 1632 Θεοῦ
3049 1595 3063 1609 ·
3098 1598 3116 1632 t
3140 1579 3574 1647 Ἀπεστείλαμεν
3604 1578 3736 1630 ἀκόο

2148 1672 2338 1725 λουθον
2355 1671 2563 1725 τούτων
2583 1673 2806 1726 πάντων
2824 1671 3044 1743 (δηλαδὴ
3063 1671 3172 1724 τῶν
3197 1671 3735 1742 προφητῶνγιησοῦν

2149 1766 2241 1817 τὸν
2286 1765 2401 1817 υίὸν
2420 1765 2661 1835 Μαρίας,
2700 1767 2782 1828 είς
2802 1764 2863 1818 τδ
2891 1764 3295 1835 ἁληθοποιῆσαι
3316 1766 3385 1817 τὰ
3415 1764 3523 1832 πρὸ
3548 1764 3736 1829 αὐτοῦ,

2160 1856 2229 1909 τὰ
2273 1856 2365 1910 τοῦ
2404 1857 2595 1928 νόμου,
2638 1861 3050 1927 καταγαγόντες
3103 1860 3240 1928 πρὸς
3282 1858 3447 1912 αὐτὸν
3467 1858 3531 1912 τὸ
3558 1857 3738 1925 Εὐαγ-

2161 1949 2342 2017 γέλιον
2363 1965 2377 1980 ’
2415 1951 2474 2002 ὲν
2499 1942 2543 2018 ᾧ
2572 1950 2723 2003 ἐστιν
2750 1950 3033 2022 ὁδήγησις,
3075 1952 3215 2022 φῶς,
3245 1953 3337 2005 καὶ
3388 1951 3734 2022 δικαιοσύνη,

2164 2013 2304 2097 κατά
2327 2039 2424 2112 τὴν
2450 2013 2682 2110 δύναμιν
2708 2040 2804 2096 τοῦ
2992 2013 3391 2115 αὐτοῦῗνόμου,
3426 2046 3508 2109 εἰς
3541 2013 3739 2114 ὁδήγιί-
3848 2013 3854 2017 ε

2164 2149 2253 2185 σιν
2297 2133 2391 2186 καὶ
2418 2133 2754 2202 ἐπαγγελίαν
2790 2138 2905 2199 τοῖς
2932 2136 3293 2204 φοϐουμένοις
3318 2137 3505 2199 αὐτὸν,
3546 2138 3638 2189 καὶ
3668 2139 3740 2199 εἰς

2164 2224 2225 2279 τὸ
2260 2228 2446 2295 κρῖναι
2473 2226 2599 2289 τοὺς
2624 2227 2860 2291 οἰκείους
2885 2225 2981 2280 τοῦ
3015 2229 3370 2296 Εὐαγγελίου.
3404 2249 3423 2281 ι
3454 2227 3741 2297 maesti»,

2166 2318 2457 2388 θοποιῆσαι
2491 2317 2557 2371 τὰ
2587 2319 2695 2389 πρὸ
2742 2318 2932 2383 αὐτοῦ,
2986 2319 3232 2373 τουτέστι
3263 2322 3334 2374 τὰ
3362 2320 3458 2374 τοῦ
3512 2318 3740 2373 παλαιοῦ

2165 2412 2359 2481 νόμου,
2394 2412 2846 2483 παραγενόμενος
2894 2412 2922 2463 6
2951 2413 3207 2482 Χριστὸς,
3244 2416 3342 2467 καὶ
3385 2414 3446 2467 τὸ
3496 2413 3744 2481 Εὐαγγέ-

2165 2509 2299 2573 λιον,
2328 2508 2609 2579 ὁδήγησιν,
2644 2508 2738 2561 καὶ
2788 2508 2928 2576 φῶς,
2961 2508 3056 2561 καὶ
3108 2507 3459 2579 δικαιοσύνην
3506 2512 3623 2573 τοῖς
3656 2511 3744 2563 άν-

2167 2598 2409 2668 θρώποις
2427 2597 2766 2668 παρέδωκεν,
2792 2598 2869 2660 ὡς
2890 2598 3050 2660 αὐτὸς
3069 2596 3375 2667 ὁμολογεῖς,
3393 2601 3489 2652 καὶ
3505 2599 3608 2670 τὴν
3629 2599 3747 2670 κρί-

2169 2708 2252 2744 σιν
2289 2692 2450 2755 αὐτὸς
2480 2690 2665 2761 μέλλει
2696 2693 2895 2754 ποιεῖν,
2933 2692 3016 2744 σοὶ
3067 2692 3482 2763 περιλέλειπται
3521 2710 3748 2747 συνεισ·

2168 2784 2411 2850 ενεγκεϊν
2463 2783 2577 2845 τοῖς
2638 2780 2952 2851 ἀνθρώποις
2990 2782 3143 2836 οὐδὲν
3189 2782 3377 2852 ἕτερον
3436 2783 3469 2853 ἢ
3538 2782 3748 2853 πλάνην

2169 2873 2264 2928 καὶ
2296 2872 2616 2926 ἐναντίωσιν
2638 2871 2740 2942 τῆς
2763 2870 3026 2943 ἀληθείας
3049 2870 3358 2940 δογμάτων.

2240 3036 2404 3105 Λέγει
2442 3034 2608 3089 πάλιν
2627 3035 2691 3088 ὲκ
2719 3033 3016 3104 προσώπου
3048 3034 3142 3090 τοῦ
3164 3034 3300 3089 Θεοῦ
3325 3051 3341 3067 ο
3371 3053 3390 3087 ι
3424 3035 3597 3088 Ὅταν
3620 3036 3749 3106 ἠθέ-

483 3127 754 3192 regionem
817 3129 1053 3200 aliquam
1091 3138 1317 3203 perdere
1343 3136 1673 3201 volebamus,
1739 3138 2056 3208 jubebamut

2169 3133 2336 3201 λομεν
2368 3128 2633 3184 ἀπολέσαι
2664 3128 2888 3198 χωρίον,
2921 3127 3249 3198 ἐκελεύομεν
3285 3130 3397 3192 τοῖς
3429 3129 3667 3182 ἑστῶσιν
3695 3133 3750 3183 ὲν

482 3218 729 3274 homines
753 3220 807 3274 in
835 3224 1022 3278 eadem
1050 3237 1293 3295 agentes,
1312 3244 1429 3285 sese
1456 3229 1599 3284 luxui
1621 3239 1677 3285 et
1700 3231 2070 3302 intemperan-

484 3311 573 3364 tiae
604 3312 800 3368 dedere
833 3334 847 3369 :
882 3325 935 3371 et
962 3317 1062 3373 hoc
1092 3320 1362 3376 decretum
1395 3324 1460 3375 de
1489 3323 2066 3392 perditioneipsorum,

484 3402 551 3454 de
592 3402 721 3470 ipsis
752 3420 937 3459 verum
986 3409 1168 3475 ﬁebat,
1228 3425 1335 3465 una
1386 3426 1508 3465 cum
1564 3414 1829 3469 oraculo:
1881 3424 1934 3469 et
1992 3417 2056 3470 sit

2172 3405 2397 3475 καὶτῆς
2449 3403 2573 3457 κατ’
2611 3403 2791 3458 αὐτῶν
2841 3405 3173 3472 ἀποφάσεως
3196 3421 3211 3435 ·

484 3495 632 3565 ipsos
662 3511 788 3550 vere
818 3499 1222 3566 perdomuimus
1257 3520 1271 3556 :
1306 3503 1609 3573 multosque
1637 3506 1973 3576 perdidimus
2002 3524 2069 3562 ex

488 3588 701 3643 stecnlis
732 3588 839 3644 illis
885 3600 1009 3659 post
1034 3591 1164 3648 Noe.
1201 3613 1220 3646 ι
1259 3593 1387 3650 Haec
1428 3598 1590 3651 verba
1621 3599 1836 3652 cuinam
1888 3604 2071 3668 potius

488 3682 808 3735 ronveniant
834 3684 857 3736 ἰ
880 3681 1062 3739 Deone
1090 3686 1281 3742 salutis
1312 3690 1563 3745 humanae
1584 3692 1808 3758 amanti,
1842 3706 1909 3746 an
1942 3707 2072 3748 vero

489 3771 863 3843 tltemoni,qui
925 3773 1171 3832 homines
1234 3793 1448 3833 summo
1501 3779 1625 3834 odio
1677 3781 2070 3851 prosequitur?

487 3861 700 3917 Deusne
744 3866 897 3930 jubet
954 3866 1201 3923 homines
1229 3869 1655 3940 intemperanter
1721 3874 1905 3930 vivere
1937 3919 1952 3942 ,
2001 3892 2069 3932 an

489 3955 775 4010 diabolus?
805 3958 874 4009 At
907 3958 997 4026 qui
1022 3956 1170 4027 jubet
1193 3959 1619 4031 intemperanter
1644 3964 1847 4030 vivere,
1911 3968 1956 4024 is
1988 3979 2073 4024 est

489 4054 678 4101 auctor
740 4050 1171 4120 intemperantia:
1192 4064 1248 4108 et
1274 4054 1453 4121 luxus,
1475 4064 1638 4126 atque
1687 4059 1825 4113 adeo
1874 4061 2071 4132 majori

491 4152 649 4206 poena
678 4139 898 4209 dignus.

560 4231 735 4286 Moses
765 4233 987 4302 quidem
1035 4234 1233 4292 litteris
1267 4238 1546 4294 mandavit
1609 4222 1752 4311 quod
1796 4242 1930 4299 Filii
1975 4246 2074 4301 Det

488 4324 715 4377 videntes
750 4324 891 4392 ﬁlias
919 4326 1192 4381 hominum
1222 4330 1362 4399 quod
1389 4340 1561 4386 essent
1598 4333 1864 4401 formosae,
1903 4338 2070 4392 duxe-

491 4413 719 4481 runtjsiln'
745 4429 935 4470 uxores
981 4417 1037 4473 ³;
1090 4419 1229 4474 ﬁlios
1254 4421 1344 4475 Dei
1364 4432 1612 4492 posteros
1630 4423 2070 4497 Sethiappellans

490 4508 591 4576 (sic
620 4505 764 4559 enim
800 4502 893 4559 ille
945 4511 1252 4565 nominatus
1277 4521 1358 4566 est
1379 4516 1448 4568 ob
1471 4515 1825 4573 imitationem
1880 4519 1977 4575 Dei
2018 4532 2073 4577 et

2170 3223 2340 3293 αὐτῷ,
2365 3222 2461 3275 καὶ
2489 3221 2766 3292 ἡσὼτευον
2784 3222 2841 3274 ὲν
2876 3219 3027 3291 αὐτῷ
3049 3236 3064 3251 ο
3089 3222 3186 3274 καὶ
3219 3220 3527 3273 ὲδικαιοῦτο
3567 3222 3751 3275 ἐπάνω

2172 3315 2354 3370 αὐτῶν
2411 3315 2440 3367 6
2490 3314 2670 3382 λόγος,
2726 3316 2755 3367 6
2788 3314 2890 3383 τῆς
2921 3313 3200 3376 ἀπωλείας
3246 3314 3428 3367 αὐτῶν
3480 3313 3750 3382 δηλονότι,

3258 3405 3352 3457 καὶ
3391 3404 3647 3473 ὲδαμάσα
3656 3422 3751 3473 μεν

2171 3498 2369 3562 αὐτοὺς
2394 3498 2666 3567 δαμάσει,
2701 3498 2799 3550 καὶ
2840 3496 3074 3559 πολλοὺς
3123 3496 3492 3566 ἀπωλέσαμεν
3535 3498 3601 3549 ἐκ
3647 3497 3753 3549 τῶν

2171 3592 2375 3658 γενεῶν
2401 3590 2540 3661 μετά
2563 3589 2654 3642 τὸν
2691 3590 2835 3643 Νῶε.
2864 3607 2883 3640 ι
2918 3588 3109 3642 Ταῦτα
3132 3589 3199 3641 τά
3235 3590 3462 3659 ῥήματα.
3481 3589 3589 3642 τίνι
3611 3591 3752 3659 μᾶλ-

2175 3682 2269 3736 λον
2309 3682 2563 3752 ἁρμόζει,
2598 3679 2677 3751 τῷ
2733 3678 3108 3750 φιλανθρώπῳ
3152 3679 3292 3750 Θεῷ,
3348 3681 3380 3748 ἢ
3437 3680 3519 3748 τῷ
3560 3696 3753 3747 μισαν-

2172 3776 2379 3847 θρώπῳ
2402 3775 2650 3844 δαίμονι;
2677 3772 2811 3833 Θεὸς
2832 3772 3049 3825 κελεύει
3076 3772 3398 3835 ἀσωτεύειν,
3417 3772 3451 3842 ἢ
3471 3772 3750 3837 διάϐολοςς

2183 3868 2243 3921 '0
2268 3868 2325 3921 δὲ
2352 3866 2592 3920 κελεύων
2624 3865 2953 3931 άσωτεύειν,
3002 3866 3214 3929 ἐκεῖνος
3243 3864 3347 3934 τῆς
3394 3863 3638 3927 ἀσωτίας
3668 3865 3751 3917 αἶ-

2170 3978 2285 4025 τιος
2320 3960 2577 4032 μάλιστα,
2597 3961 2693 4014 καὶ
2724 3959 2975 4023 πλείονος
3002 3959 3279 4022 κολάσεως
3311 3959 3487 4025 ἄξιος.

2243 4230 2453 4303 Μωσῆς
2490 4229 2592 4301 μεν
2640 4229 2902 4301 ἔγραψεν,
2936 4230 3019 4283 ὅτι
3070 4228 3331 4295 Ἰδόντες
3377 4230 3436 4281 οι
3483 4230 3601 4282 vlcl
3651 4228 3750 4281 τοῦ

2172 4321 2321 4376 Θεοῦ
2367 4320 2477 4387 τὰς
2528 4321 2861 4392 θυγατέρας
2902 4320 3024 4376 τῶν
3064 4321 3413 4390 ἀνθρώπων,
3456 4321 3547 4374 ὅτι
3577 4324 3748 4373 καλαί

2172 4416 2354 4478 εἰσιν,
2380 4411 2672 4467 ἐλάϐοντο
2691 4412 3240 4483 ἑαυτοῖςγυναῖκας
3260 4429 3277 4446 ο
3326 4414 3480 4475 υἱοὺς
3508 4413 3605 4481 μὲν
3620 4412 3750 4464 Θεοῦ

2175 4508 2304 4569 τοὺς
2326 4506 2631 4575 ἀπογόνους
2663 4506 2759 4557 τοῦ
2790 4506 2899 4575 Σὴθ
2941 4505 3372 4576 προσαγορεύων
3424 4503 3592 4573 (οὕτω
3646 4505 3751 4574 γάρ

488 4598 727 4653 studium
803 4599 1069 4668 virtutis,
1136 4603 1410 4672 vitamque
1488 4606 1866 4682 religiosam),
1925 4614 2056 4679 ﬁliai

2177 4598 2325 4652 δοκεῖ
2356 4598 2674 4667 ὠνομάσθαι
2706 4599 2794 4653 διά
2844 4598 2907 4652 τὸ
2943 4598 3282 4669 θεομξμητον
3313 4597 3484 4652 αὐτοῦ
3528 4597 3624 4650 καὶ
3655 4597 3751 4665 τὴν

489 4701 616 4742 vero
640 4689 907 4744 hominum
938 4691 1076 4745 dixit
1113 4706 1227 4758 eas,
1281 4709 1401 4751 ante
1430 4709 1459 4747 a
1490 4696 1662 4751 Caino
1697 4712 1882 4756 essent
1943 4719 2056 4773 pro-

2176 4691 2435 4761 ἐνάρετον
2475 4692 2569 4745 καὶ
2635 4691 2845 4761 εὐλαϐῆ
2898 4691 3227 4761 πολιτείαν),
3298 4692 3636 4761 θυγατέρας
3690 4690 3752 4743 δὲ

488 4789 684 4834 creata}
721 4793 813 4837 at.t
840 4784 908 4838 ab
944 4785 1063 4854 ipso
1110 4801 1280 4856 genus
1308 4793 1588 4846 ducerent.
1622 4789 1891 4850 Moameth
1942 4812 2056 4853 vert

2176 4784 2510 4852 ἀνθρώπων
2538 4786 2638 4848 τὰς
2659 4786 2723 4838 ἐκ
2749 4783 2847 4837 τοῦ
2870 4784 3011 4839 Κάῖν
3047 4786 3143 4839 καὶ
3171 4784 3277 4839 τῶν
3307 4785 3366 4849 ἐξ
3392 4784 3561 4838 αὐτοῦ
3592 4802 3751 4838 κατα-

488 4882 674 4926 contra
733 4874 915 4931 dixit:
959 4887 1014 4932 et
1063 4893 1162 4947 pro
1210 4881 1332 4936 ﬁliis
1379 4884 1594 4951 quidem
1669 4884 1760 4938 Dei
1847 4889 2056 4957 angelos

2176 4878 2461 4947 γομένων·
2512 4880 2542 4932 6
2595 4879 2652 4931 δὲ
2690 4878 2940 4948 Βὶωάμεθ
2981 4878 3295 4931 τούναντίον
3352 4877 3605 4946 εἴρηκεν
3640 4878 3752 4931 ἀντὶ

489 4962 718 5018 feminas
770 4968 1091 5036 nominavit,
1126 4980 1183 5025 ut
1223 4982 1308 5026 est
1367 4973 1419 5027 in
1456 4975 1651 5030 fabulis
1709 4975 2056 5035 Graecorum:

2178 4970 2279 5040 μὲν
2306 4971 2416 5023 τῶν
2452 4970 2584 5024 υίῶν
2617 4970 2712 5023 τοῦ
2777 4971 2915 5024 Θεοῦ
2964 4970 3197 5038 θηλείαςι
3239 4968 3509 5037 ἀγγέλους
3566 4970 3749 5031 είπὼν,

489 5052 581 5104 Ast
612 5052 713 5106 Iris
756 5053 967 5110 Helena:
988 5057 1236 5126 formosa:
1266 5062 1452 5115 nuntia
1486 5064 1621 5116 venit
1646 5063 1686 5117 ⁸.
1720 5063 1829 5119 Pro
1860 5064 2056 5124 ﬁliabus

2174 5062 2318 5117 κατά
2342 5061 2435 5116 τὸν
2465 5062 2707 5132 Ἕλληνα
2761 5062 2951 5132 μῦθον,
2992 5058 3150 5131 Ἶρις
3182 5062 3233 5114 δ’
3258 5058 3336 5117 αὖ
3371 5062 3584 5129 Ἑλένῃ
3620 5066 3752 5115 λευ-

490 5159 619 5198 vero
673 5146 948 5201 hominum
1012 5150 1148 5206 ﬁlios
1211 5152 1487 5209 hominum
1523 5155 1793 5223 subjecit;
1842 5160 2056 5228 etquod

2172 5157 2415 5220 κωλένῳ
2444 5154 2704 5225 ἅγγελος
2749 5151 2973 5226 ἦλθενο
3019 5157 3141 5209 ἀντὶ
3194 5156 3250 5210 δὲ
3279 5156 3386 5209 τῶν
3436 5155 3753 5222 θυγατέρων

491 5240 736 5293 omnium
775 5243 1007 5297 maxime
1047 5245 1356 5301 miserabile
1387 5259 1494 5313 est,
1531 5250 1646 5303 haec
1679 5265 1707 5302 a
1758 5250 1868 5305 Deo
1926 5251 2056 5305 facta

2174 5247 2283 5299 τῶν
2309 5246 2613 5317 ἀνθρώπων
2644 5249 2798 5304 υἱοὺς
2850 5249 3155 5318 ἀνθρώπων
3199 5245 3517 5313 ἐπαγαγών.
3547 5233 3659 5299 ΚΞ).
3698 5244 3753 5293 τὸ

492 5338 702 5394 narrat,
730 5346 851 5383 eum
898 5333 972 5385 ait
1007 5352 1020 5386 :
1061 5351 1079 5384 ι
1116 5333 1289 5402 Elegit
1334 5336 1595 5389 Dominus
1632 5348 1815 5393 noster
1868 5339 2009 5395 ﬁlios
2050 5357 2056 5394 ε

2180 5339 2398 5392 πάντων
2433 5340 2827 5405 ὲλεεινότατον,
2864 5342 2945 5394 ὅτι
2976 5341 3130 5410 παρὰ
3156 5340 3291 5391 Θεοῦ
3322 5338 3484 5390 τοῦτο
3504 5336 3750 5405 γενέσθαι

493 5423 861 5490 etaccepitex
927 5426 1131 5492 angelis
1192 5427 1407 5494 quidem
1468 5427 1714 5483 feminas.
1786 5428 1893 5485 Vos
1940 5446 2056 5487 verc

2180 5430 2565 5498 καταγγέλλει,
2598 5433 2773 5499 λέγων
2796 5448 2810 5461 ‘
2848 5452 2866 5483 ι
2891 5432 3205 5498 Ἐξελὲξατο
3253 5430 3457 5500 Κύριος
3508 5429 3667 5497 ἡμῶν
3692 5426 3751 5475 τΞι

495 5512 663 5563 ardua
725 5516 969 5581 quasdam
1024 5527 1077 5570 et
1151 5533 1345 5587 magna
1402 5520 1788 5587 pronuntiatis,
1856 5524 1905 5576 id
1964 5534 2056 5587 est1

2181 5521 2381 5572 τέκναο
2414 5521 2506 5572 καὶ
2541 5521 2734 5572 ἔλαϐεν
2767 5524 2831 5573 ὲκ
2865 5520 2974 5572 τῶν
3005 5522 3252 5589 ἀγγέλων
3282 5519 3527 5589 θηλείας.
3571 5516 3747 5585 ’Υμεξ

500 5597 666 5655 Deum
703 5606 901 5661 liberos
934 5609 1133 5664 habere
1166 5611 1458 5681 divulgatis
1486 5629 1500 5665 :
1547 5614 1709 5665 immo
1732 5628 1857 5667 vero
1891 5617 2056 5684 potius

2181 5612 2236 5664 δὲ
2259 5613 2447 5679 λέγετε
2481 5611 2674 5680 λόγους
2722 5613 3017 5682 μεγάλους,
3078 5612 3323 5667 τουτέστι
3371 5609 3643 5681 φημίξετε
3669 5606 3747 5657 τὸν

572 5763 589 5793 ⁸
617 5761 803 5818 Matth.
841 5784 918 5833 ιιι,
953 5770 1050 5820 l7-
1101 5787 1229 5836 xvn,
1396 5774 1414 5802 '
1442 5770 1597 5825 Joan.
1634 5789 1728 5838 xu,
1757 5774 1845 5827 ο28.
1926 5775 1944 5805 ³
1979 5774 2053 5829 Ge

2159 5792 2199 5831 ιι
2256 5776 2310 5830 2.
2388 5777 2408 5805 ⁸
2450 5774 2603 5829 Iliad.
2648 5791 2731 5830 Ill.
