  <div class='ocr_page' id='page_1' title='image "/cluster/home/n/w/nwhite01/storage/ocr_20150623/130/mdp.39015078384255/680.png"; bbox 0 0 4020 6284; ppageno 0'>
   <div class='ocr_carea' id='block_1_1' title="bbox 215 422 362 486">
    <p class='ocr_par' dir='ltr' id='par_1_1' title="bbox 215 422 362 486">
     <span class='ocr_line' id='line_1_1' title="bbox 215 422 362 486; baseline 0.014 -2"><span class='ocrx_word' id='word_1_1' title='bbox 215 422 362 486; x_wconf 64' lang='lat' dir='ltr'><strong>Illi?)</strong></span> 
     </span>
    </p>
   </div>
   <div class='ocr_carea' id='block_1_2' title="bbox 1117 433 2619 496">
    <p class='ocr_par' dir='ltr' id='par_1_2' title="bbox 1117 433 2619 496">
     <span class='ocr_line' id='line_1_2' title="bbox 1117 433 2619 496; baseline 0.003 -6"><span class='ocrx_word' id='word_1_2' title='bbox 1117 433 1498 493; x_wconf 69' lang='lat' dir='ltr'><strong>PANOPLIA</strong></span> <span class='ocrx_word' id='word_1_3' title='bbox 1542 433 2003 494; x_wconf 79' lang='lat' dir='ltr'><strong>DOGMATICA.</strong></span> <span class='ocrx_word' id='word_1_4' title='bbox 2041 458 2106 468; x_wconf 94' lang='grc'><strong>-</strong></span> <span class='ocrx_word' id='word_1_5' title='bbox 2147 433 2298 495; x_wconf 80' lang='lat' dir='ltr'><strong>Tl&#39;l‘.</strong></span> <span class='ocrx_word' id='word_1_6' title='bbox 2343 434 2619 496; x_wconf 79' lang='lat' dir='ltr'><strong>XXVIII.</strong></span> 
     </span>
    </p>
   </div>
   <div class='ocr_carea' id='block_1_3' title="bbox 3367 437 3502 502">
    <p class='ocr_par' dir='ltr' id='par_1_3' title="bbox 3367 437 3502 502">
     <span class='ocr_line' id='line_1_3' title="bbox 3367 437 3502 502; baseline -0.022 0"><span class='ocrx_word' id='word_1_7' title='bbox 3367 437 3502 502; x_wconf 70' lang='grc' dir='ltr'><strong>Ῑξίϐ</strong></span> 
     </span>
    </p>
   </div>
   <div class='ocr_carea' id='block_1_4' title="bbox 204 533 1803 616">
    <p class='ocr_par' dir='ltr' id='par_1_4' title="bbox 204 533 1803 616">
     <span class='ocr_line' id='line_1_4' title="bbox 204 533 1803 616; baseline 0.003 -25"><span class='ocrx_word' id='word_1_8' title='bbox 204 533 352 592; x_wconf 80' lang='grc' dir='ltr'>Θεὸν</span> <span class='ocrx_word' id='word_1_9' title='bbox 383 541 541 605; x_wconf 85' lang='grc' dir='ltr'>υίοὺς</span> <span class='ocrx_word' id='word_1_10' title='bbox 567 543 714 615; x_wconf 87' lang='grc' dir='ltr'>ἑχειν</span> <span class='ocrx_word' id='word_1_11' title='bbox 749 561 761 574; x_wconf 94' lang='grc'><strong>·</strong></span> <span class='ocrx_word' id='word_1_12' title='bbox 801 545 1000 615; x_wconf 83' lang='grc' dir='ltr'>μᾶλλον</span> <span class='ocrx_word' id='word_1_13' title='bbox 1035 544 1132 610; x_wconf 77' lang='grc' dir='ltr'><strong>μὲν</strong></span> <span class='ocrx_word' id='word_1_14' title='bbox 1158 539 1250 596; x_wconf 77' lang='grc' dir='ltr'><strong>οὖν</strong></span> <span class='ocrx_word' id='word_1_15' title='bbox 1285 545 1505 616; x_wconf 78' lang='grc' dir='ltr'><strong>θηλείας</strong></span> <span class='ocrx_word' id='word_1_16' title='bbox 1555 542 1803 612; x_wconf 77' lang='grc' dir='ltr'><strong>ἀγγέλου.</strong></span> 
     </span>
    </p>
   </div>
   <div class='ocr_carea' id='block_1_5' title="bbox 1909 533 3503 616">
    <p class='ocr_par' dir='ltr' id='par_1_5' title="bbox 1930 542 3503 614">
     <span class='ocr_line' id='line_1_5' title="bbox 1930 542 3503 614; baseline 0.007 -20"><span class='ocrx_word' id='word_1_17' title='bbox 1930 542 2151 610; x_wconf 73' lang='lat' dir='ltr'><strong>angelos</strong></span> <span class='ocrx_word' id='word_1_18' title='bbox 2189 543 2438 609; x_wconf 85' lang='lat' dir='ltr'><strong>feminas,</strong></span> <span class='ocrx_word' id='word_1_19' title='bbox 2495 544 2761 614; x_wconf 81' lang='lat' dir='ltr'><strong>nymphas</strong></span> <span class='ocrx_word' id='word_1_20' title='bbox 2817 545 2963 600; x_wconf 79' lang='lat' dir='ltr'><strong>dedit</strong></span> <span class='ocrx_word' id='word_1_21' title='bbox 3015 547 3100 601; x_wconf 90' lang='lat' dir='ltr'><strong>ille</strong></span> <span class='ocrx_word' id='word_1_22' title='bbox 3143 549 3268 606; x_wconf 80' lang='lat' dir='ltr'><strong>filiis</strong></span> <span class='ocrx_word' id='word_1_23' title='bbox 3328 553 3503 605; x_wconf 86' lang='lat' dir='ltr'><strong>homi-</strong></span> 
     </span>
    </p>
   </div>
   <div class='ocr_carea' id='block_1_6' title="bbox 205 629 1817 706">
    <p class='ocr_par' dir='ltr' id='par_1_6' title="bbox 205 629 1817 706">
     <span class='ocr_line' id='line_1_6' title="bbox 205 629 1817 706; baseline 0.001 -20"><span class='ocrx_word' id='word_1_24' title='bbox 205 631 446 702; x_wconf 69' lang='grc' dir='ltr'>νύμςρας</span> <span class='ocrx_word' id='word_1_25' title='bbox 480 635 686 690; x_wconf 78' lang='grc' dir='ltr'>δέδωκε</span> <span class='ocrx_word' id='word_1_26' title='bbox 724 639 835 700; x_wconf 80' lang='grc' dir='ltr'>τοῖς</span> <span class='ocrx_word' id='word_1_27' title='bbox 869 639 1005 700; x_wconf 80' lang='grc' dir='ltr'>υἱοῖς</span> <span class='ocrx_word' id='word_1_28' title='bbox 1034 636 1142 689; x_wconf 86' lang='grc' dir='ltr'>τῶν</span> <span class='ocrx_word' id='word_1_29' title='bbox 1191 636 1499 706; x_wconf 80' lang='grc' dir='ltr'>ἀνθρώπων</span> <span class='ocrx_word' id='word_1_30' title='bbox 1521 653 1534 666; x_wconf 92' lang='grc'><strong>·</strong></span> <span class='ocrx_word' id='word_1_31' title='bbox 1583 635 1642 704; x_wconf 80' lang='grc' dir='ltr'><strong>ἑξ</strong></span> <span class='ocrx_word' id='word_1_32' title='bbox 1670 629 1744 688; x_wconf 82' lang='grc' dir='ltr'>ὧν</span> <span class='ocrx_word' id='word_1_33' title='bbox 1766 637 1817 689; x_wconf 87' lang='grc' dir='ltr'><strong>οί</strong></span> 
     </span>
    </p>
   </div>
   <div class='ocr_carea' id='block_1_7' title="bbox 173 725 1818 799">
    <p class='ocr_par' dir='ltr' id='par_1_7' title="bbox 173 725 1818 799">
     <span class='ocr_line' id='line_1_7' title="bbox 173 725 1818 799; baseline 0.001 -22"><span class='ocrx_word' id='word_1_34' title='bbox 173 725 484 792; x_wconf 73' lang='grc' dir='ltr'>,γίγαντες</span> <span class='ocrx_word' id='word_1_35' title='bbox 545 729 938 798; x_wconf 77' lang='grc' dir='ltr'>ἐγεννήθησαν.</span> <span class='ocrx_word' id='word_1_36' title='bbox 980 747 999 780; x_wconf 99' lang='lat'><strong>9</strong></span> <span class='ocrx_word' id='word_1_37' title='bbox 1055 730 1165 781; x_wconf 89' lang='lat' dir='ltr'><strong>Kal</strong></span> <span class='ocrx_word' id='word_1_38' title='bbox 1212 730 1296 781; x_wconf 83' lang='grc' dir='ltr'>ὅτι</span> <span class='ocrx_word' id='word_1_39' title='bbox 1347 729 1444 799; x_wconf 82' lang='grc' dir='ltr'>μὲν</span> <span class='ocrx_word' id='word_1_40' title='bbox 1505 727 1562 782; x_wconf 81' lang='lat' dir='ltr'><strong>al</strong></span> <span class='ocrx_word' id='word_1_41' title='bbox 1599 728 1818 799; x_wconf 82' lang='grc' dir='ltr'><strong>θήλειαι</strong></span> 
     </span>
    </p>
   </div>
   <div class='ocr_carea' id='block_1_8' title="bbox 202 815 1818 890">
    <p class='ocr_par' dir='ltr' id='par_1_8' title="bbox 202 815 1818 890">
     <span class='ocr_line' id='line_1_8' title="bbox 202 815 1818 890; baseline 0.004 -23"><span class='ocrx_word' id='word_1_42' title='bbox 202 815 444 883; x_wconf 82' lang='grc' dir='ltr'>ἄγγελοι</span> <span class='ocrx_word' id='word_1_43' title='bbox 477 815 579 870; x_wconf 74' lang='grc' dir='ltr'><strong>οῦκ</strong></span> <span class='ocrx_word' id='word_1_44' title='bbox 611 821 718 872; x_wconf 83' lang='grc' dir='ltr'>είσι</span> <span class='ocrx_word' id='word_1_45' title='bbox 751 819 1053 890; x_wconf 77' lang='grc' dir='ltr'><strong>θυγατέρες</strong></span> <span class='ocrx_word' id='word_1_46' title='bbox 1099 819 1258 886; x_wconf 82' lang='grc' dir='ltr'>Θεοῦ,</span> <span class='ocrx_word' id='word_1_47' title='bbox 1293 823 1436 874; x_wconf 82' lang='grc' dir='ltr'><strong>κατά</strong></span> <span class='ocrx_word' id='word_1_48' title='bbox 1483 822 1576 874; x_wconf 82' lang='grc' dir='ltr'><strong>τὸν</strong></span> <span class='ocrx_word' id='word_1_49' title='bbox 1611 819 1689 884; x_wconf 86' lang='grc' dir='ltr'>ις’</span> <span class='ocrx_word' id='word_1_50' title='bbox 1717 819 1818 890; x_wconf 88' lang='grc' dir='ltr'>μῦ-</span> 
     </span>
    </p>
   </div>
   <div class='ocr_carea' id='block_1_9' title="bbox 206 906 608 980">
    <p class='ocr_par' dir='ltr' id='par_1_9' title="bbox 206 906 608 980">
     <span class='ocr_line' id='line_1_9' title="bbox 206 906 608 980; baseline 0.01 -21"><span class='ocrx_word' id='word_1_51' title='bbox 206 906 334 973; x_wconf 87' lang='grc' dir='ltr'>θον,</span> <span class='ocrx_word' id='word_1_52' title='bbox 381 909 608 980; x_wconf 74' lang='grc' dir='ltr'>ὄμνυσι,</span> 
     </span>
    </p>
   </div>
   <div class='ocr_carea' id='block_1_10' title="bbox 205 1001 1816 1074">
    <p class='ocr_par' dir='ltr' id='par_1_10' title="bbox 205 1001 1816 1074">
     <span class='ocr_line' id='line_1_10' title="bbox 205 1001 1816 1074; baseline 0.005 -22"><span class='ocrx_word' id='word_1_53' title='bbox 205 1017 408 1054; x_wconf 84' lang='grc' dir='ltr'>νοντα·</span> <span class='ocrx_word' id='word_1_54' title='bbox 439 1003 526 1055; x_wconf 83' lang='grc' dir='ltr'><strong>ὅτι</strong></span> <span class='ocrx_word' id='word_1_55' title='bbox 553 1002 609 1056; x_wconf 84' lang='grc' dir='ltr'>δὲ</span> <span class='ocrx_word' id='word_1_56' title='bbox 642 1001 861 1073; x_wconf 76' lang='grc' dir='ltr'><strong>θήλειαι</strong></span> <span class='ocrx_word' id='word_1_57' title='bbox 893 1003 1118 1072; x_wconf 78' lang='grc' dir='ltr'>ἄγγελοί</span> <span class='ocrx_word' id='word_1_58' title='bbox 1173 1005 1335 1069; x_wconf 83' lang='grc' dir='ltr'>είσιν,</span> <span class='ocrx_word' id='word_1_59' title='bbox 1363 1004 1667 1074; x_wconf 77' lang='grc' dir='ltr'><strong>ἐνίσταται,</strong></span> <span class='ocrx_word' id='word_1_60' title='bbox 1718 1007 1816 1060; x_wconf 78' lang='grc' dir='ltr'><strong>καὶ</strong></span> 
     </span>
    </p>
   </div>
   <div class='ocr_carea' id='block_1_11' title="bbox 205 1091 1811 1171">
    <p class='ocr_par' dir='ltr' id='par_1_11' title="bbox 205 1091 1811 1171">
     <span class='ocr_line' id='line_1_11' title="bbox 205 1091 1811 1171; baseline 0.006 -26"><span class='ocrx_word' id='word_1_61' title='bbox 205 1091 642 1165; x_wconf 79' lang='grc' dir='ltr'>διισχυρίζεται.</span> <span class='ocrx_word' id='word_1_62' title='bbox 685 1095 830 1148; x_wconf 84' lang='grc' dir='ltr'>Ἀλλ’</span> <span class='ocrx_word' id='word_1_63' title='bbox 857 1097 906 1149; x_wconf 91' lang='grc' dir='ltr'><strong>εί</strong></span> <span class='ocrx_word' id='word_1_64' title='bbox 939 1097 1033 1150; x_wconf 79' lang='grc' dir='ltr'><strong>καὶ</strong></span> <span class='ocrx_word' id='word_1_65' title='bbox 1066 1096 1276 1167; x_wconf 78' lang='grc' dir='ltr'><strong>δοθείη,</strong></span> <span class='ocrx_word' id='word_1_66' title='bbox 1320 1097 1458 1171; x_wconf 85' lang='grc' dir='ltr'>ὅπερ</span> <span class='ocrx_word' id='word_1_67' title='bbox 1502 1100 1811 1170; x_wconf 77' lang='grc' dir='ltr'>ἀμήχανον,</span> 
     </span>
    </p>
   </div>
   <div class='ocr_carea' id='block_1_12' title="bbox 205 1185 1814 1266">
    <p class='ocr_par' dir='ltr' id='par_1_12' title="bbox 205 1185 1814 1266">
     <span class='ocr_line' id='line_1_12' title="bbox 205 1185 1814 1266; baseline 0.006 -26"><span class='ocrx_word' id='word_1_68' title='bbox 205 1185 389 1256; x_wconf 77' lang='grc' dir='ltr'>ἄνδρα</span> <span class='ocrx_word' id='word_1_69' title='bbox 419 1188 616 1262; x_wconf 79' lang='grc' dir='ltr'>θηλείᾳ</span> <span class='ocrx_word' id='word_1_70' title='bbox 646 1190 863 1261; x_wconf 83' lang='grc' dir='ltr'>ἀγγέλῳ</span> <span class='ocrx_word' id='word_1_71' title='bbox 895 1191 1214 1262; x_wconf 80' lang='grc' dir='ltr'>μίγνυσθαι,</span> <span class='ocrx_word' id='word_1_72' title='bbox 1246 1195 1340 1246; x_wconf 78' lang='grc' dir='ltr'><strong>καὶ</strong></span> <span class='ocrx_word' id='word_1_73' title='bbox 1371 1196 1732 1266; x_wconf 73' lang='grc' dir='ltr'>σπερμαίνειν</span> <span class='ocrx_word' id='word_1_74' title='bbox 1757 1195 1814 1250; x_wconf 85' lang='grc' dir='ltr'><strong>ἑν</strong></span> 
     </span>
    </p>
   </div>
   <div class='ocr_carea' id='block_1_13' title="bbox 205 1279 1812 1353">
    <p class='ocr_par' dir='ltr' id='par_1_13' title="bbox 205 1279 1812 1353">
     <span class='ocr_line' id='line_1_13' title="bbox 205 1279 1812 1353; baseline 0.004 -23"><span class='ocrx_word' id='word_1_75' title='bbox 205 1279 355 1349; x_wconf 80' lang='grc' dir='ltr'>αὐτῇ</span> <span class='ocrx_word' id='word_1_76' title='bbox 378 1295 393 1310; x_wconf 97' lang='grc'><strong>·</strong></span> <span class='ocrx_word' id='word_1_77' title='bbox 441 1281 502 1334; x_wconf 89' lang='grc' dir='ltr'><strong>ἑν</strong></span> <span class='ocrx_word' id='word_1_78' title='bbox 533 1280 664 1349; x_wconf 81' lang='grc' dir='ltr'>ποίᾳ</span> <span class='ocrx_word' id='word_1_79' title='bbox 685 1281 867 1353; x_wconf 81' lang='grc' dir='ltr'>μήτρᾳ</span> <span class='ocrx_word' id='word_1_80' title='bbox 904 1281 1116 1348; x_wconf 79' lang='grc' dir='ltr'>συνέξει</span> <span class='ocrx_word' id='word_1_81' title='bbox 1147 1283 1244 1337; x_wconf 73' lang='grc' dir='ltr'><strong>καὶ</strong></span> <span class='ocrx_word' id='word_1_82' title='bbox 1277 1281 1495 1347; x_wconf 76' lang='grc' dir='ltr'>ζωώσει</span> <span class='ocrx_word' id='word_1_83' title='bbox 1530 1285 1589 1336; x_wconf 80' lang='grc' dir='ltr'>τὸ</span> <span class='ocrx_word' id='word_1_84' title='bbox 1616 1301 1812 1352; x_wconf 89' lang='grc' dir='ltr'>σωμα-</span> 
     </span>
    </p>
   </div>
   <div class='ocr_carea' id='block_1_14' title="bbox 202 1369 1811 1446">
    <p class='ocr_par' dir='ltr' id='par_1_14' title="bbox 202 1369 1811 1446">
     <span class='ocr_line' id='line_1_14' title="bbox 202 1369 1811 1446; baseline 0.002 -24"><span class='ocrx_word' id='word_1_85' title='bbox 202 1369 371 1423; x_wconf 79' lang='grc' dir='ltr'>τικὸν</span> <span class='ocrx_word' id='word_1_86' title='bbox 396 1371 626 1442; x_wconf 89' lang='grc' dir='ltr'>σπέρμα</span> <span class='ocrx_word' id='word_1_87' title='bbox 657 1373 689 1443; x_wconf 80' lang='grc' dir='ltr'>ἡ</span> <span class='ocrx_word' id='word_1_88' title='bbox 723 1372 1054 1442; x_wconf 84' lang='grc' dir='ltr'>ἀσώματος;</span> <span class='ocrx_word' id='word_1_89' title='bbox 1081 1372 1225 1445; x_wconf 83' lang='grc' dir='ltr'>Ποίᾳ</span> <span class='ocrx_word' id='word_1_90' title='bbox 1252 1373 1308 1426; x_wconf 84' lang='grc' dir='ltr'><strong>δὲ</strong></span> <span class='ocrx_word' id='word_1_91' title='bbox 1341 1373 1670 1444; x_wconf 81' lang='grc' dir='ltr'>καταλλήλῳ</span> <span class='ocrx_word' id='word_1_92' title='bbox 1706 1371 1811 1446; x_wconf 81' lang='grc' dir='ltr'><strong>ὕλῃ</strong></span> 
     </span>
    </p>
   </div>
   <div class='ocr_carea' id='block_1_15' title="bbox 206 1458 1813 1536">
    <p class='ocr_par' dir='ltr' id='par_1_15' title="bbox 206 1458 1813 1536">
     <span class='ocr_line' id='line_1_15' title="bbox 206 1458 1813 1536; baseline 0.002 -23"><span class='ocrx_word' id='word_1_93' title='bbox 206 1458 418 1532; x_wconf 79' lang='grc' dir='ltr'>θρέψει</span> <span class='ocrx_word' id='word_1_94' title='bbox 447 1461 643 1528; x_wconf 83' lang='grc' dir='ltr'>τοῦτο;</span> <span class='ocrx_word' id='word_1_95' title='bbox 703 1463 820 1526; x_wconf 82' lang='grc' dir='ltr'><strong>πῶς</strong></span> <span class='ocrx_word' id='word_1_96' title='bbox 849 1464 906 1517; x_wconf 77' lang='grc' dir='ltr'>δὲ</span> <span class='ocrx_word' id='word_1_97' title='bbox 960 1464 1059 1519; x_wconf 72' lang='lat' dir='ltr'><strong>xal</strong></span> <span class='ocrx_word' id='word_1_98' title='bbox 1095 1466 1427 1534; x_wconf 78' lang='grc' dir='ltr'>ἑγγὰστριον</span> <span class='ocrx_word' id='word_1_99' title='bbox 1462 1465 1722 1536; x_wconf 77' lang='grc' dir='ltr'>περιάξει</span> <span class='ocrx_word' id='word_1_100' title='bbox 1751 1466 1813 1518; x_wconf 85' lang='grc' dir='ltr'><strong>τὸ</strong></span> 
     </span>
    </p>
   </div>
   <div class='ocr_carea' id='block_1_16' title="bbox 206 1551 1813 1629">
    <p class='ocr_par' dir='ltr' id='par_1_16' title="bbox 206 1551 1813 1629">
     <span class='ocr_line' id='line_1_16' title="bbox 206 1551 1813 1629; baseline 0.002 -23"><span class='ocrx_word' id='word_1_101' title='bbox 206 1551 457 1624; x_wconf 86' lang='grc' dir='ltr'>βρέφος;</span> <span class='ocrx_word' id='word_1_102' title='bbox 493 1555 612 1620; x_wconf 84' lang='grc' dir='ltr'>πῶς</span> <span class='ocrx_word' id='word_1_103' title='bbox 648 1556 705 1609; x_wconf 76' lang='grc' dir='ltr'>δὲ</span> <span class='ocrx_word' id='word_1_104' title='bbox 734 1559 828 1610; x_wconf 78' lang='grc' dir='ltr'><strong>καὶ</strong></span> <span class='ocrx_word' id='word_1_105' title='bbox 861 1557 1204 1629; x_wconf 83' lang='grc' dir='ltr'>γαλουχήσει</span> <span class='ocrx_word' id='word_1_106' title='bbox 1247 1558 1307 1611; x_wconf 73' lang='grc' dir='ltr'><strong>τὸ</strong></span> <span class='ocrx_word' id='word_1_107' title='bbox 1339 1559 1552 1628; x_wconf 82' lang='grc' dir='ltr'>χυμοὺς</span> <span class='ocrx_word' id='word_1_108' title='bbox 1585 1557 1813 1628; x_wconf 86' lang='grc' dir='ltr'>θρεπτι-</span> 
     </span>
    </p>
   </div>
   <div class='ocr_carea' id='block_1_17' title="bbox 201 1646 1812 1721">
    <p class='ocr_par' dir='ltr' id='par_1_17' title="bbox 201 1646 1812 1721">
     <span class='ocr_line' id='line_1_17' title="bbox 201 1646 1812 1721; baseline 0.003 -23"><span class='ocrx_word' id='word_1_109' title='bbox 201 1646 345 1709; x_wconf 69' lang='grc' dir='ltr'><strong>κοίδς</strong></span> <span class='ocrx_word' id='word_1_110' title='bbox 377 1647 574 1712; x_wconf 75' lang='grc' dir='ltr'>εἰωθὸς</span> <span class='ocrx_word' id='word_1_111' title='bbox 602 1649 944 1704; x_wconf 74' lang='grc' dir='ltr'>ἐπισπᾶσθαι</span> <span class='ocrx_word' id='word_1_112' title='bbox 1005 1649 1148 1714; x_wconf 75' lang='grc' dir='ltr'>ζῶον</span> <span class='ocrx_word' id='word_1_113' title='bbox 1198 1651 1232 1720; x_wconf 79' lang='grc' dir='ltr'><strong>ἡ</strong></span> <span class='ocrx_word' id='word_1_114' title='bbox 1269 1651 1432 1714; x_wconf 83' lang='grc' dir='ltr'>ἇῦλος</span> <span class='ocrx_word' id='word_1_115' title='bbox 1461 1651 1554 1705; x_wconf 81' lang='grc' dir='ltr'>καὶ</span> <span class='ocrx_word' id='word_1_116' title='bbox 1580 1651 1812 1721; x_wconf 77' lang='grc' dir='ltr'>ἄναιμος</span> 
     </span>
    </p>
   </div>
   <div class='ocr_carea' id='block_1_18' title="bbox 201 1738 1813 1814">
    <p class='ocr_par' dir='ltr' id='par_1_18' title="bbox 201 1738 1813 1814">
     <span class='ocr_line' id='line_1_18' title="bbox 201 1738 1813 1814; baseline 0.004 -25"><span class='ocrx_word' id='word_1_117' title='bbox 201 1738 418 1807; x_wconf 86' lang='grc' dir='ltr'>φύσις;</span> <span class='ocrx_word' id='word_1_118' title='bbox 481 1740 597 1796; x_wconf 85' lang='grc' dir='ltr'>Ούκ</span> <span class='ocrx_word' id='word_1_119' title='bbox 642 1741 754 1813; x_wconf 78' lang='grc' dir='ltr'><strong>ἄρα</strong></span> <span class='ocrx_word' id='word_1_120' title='bbox 793 1744 1014 1806; x_wconf 83' lang='grc' dir='ltr'>πάντως</span> <span class='ocrx_word' id='word_1_121' title='bbox 1049 1743 1175 1796; x_wconf 79' lang='grc' dir='ltr'>οὔτε</span> <span class='ocrx_word' id='word_1_122' title='bbox 1233 1742 1427 1814; x_wconf 72' lang='grc' dir='ltr'>θήλεια</span> <span class='ocrx_word' id='word_1_123' title='bbox 1459 1744 1611 1796; x_wconf 87' lang='grc' dir='ltr'>ἑστιν</span> <span class='ocrx_word' id='word_1_124' title='bbox 1644 1743 1813 1813; x_wconf 78' lang='grc' dir='ltr'>ἀγγε-</span> 
     </span>
    </p>
   </div>
   <div class='ocr_carea' id='block_1_19' title="bbox 201 1829 1668 1906">
    <p class='ocr_par' dir='ltr' id='par_1_19' title="bbox 201 1829 1668 1906">
     <span class='ocr_line' id='line_1_19' title="bbox 201 1829 1668 1906; baseline 0.005 -23"><span class='ocrx_word' id='word_1_125' title='bbox 201 1829 334 1894; x_wconf 87' lang='grc' dir='ltr'>λος·</span> <span class='ocrx_word' id='word_1_126' title='bbox 371 1833 438 1886; x_wconf 78' lang='grc' dir='ltr'>τὸ</span> <span class='ocrx_word' id='word_1_127' title='bbox 473 1835 582 1904; x_wconf 72' lang='grc' dir='ltr'><strong>γὰρ</strong></span> <span class='ocrx_word' id='word_1_128' title='bbox 615 1835 787 1906; x_wconf 78' lang='grc' dir='ltr'>ᾶῤῥεν</span> <span class='ocrx_word' id='word_1_129' title='bbox 825 1838 920 1890; x_wconf 76' lang='grc' dir='ltr'><strong>καὶ</strong></span> <span class='ocrx_word' id='word_1_130' title='bbox 952 1836 1013 1889; x_wconf 83' lang='grc' dir='ltr'><strong>τδ</strong></span> <span class='ocrx_word' id='word_1_131' title='bbox 1068 1837 1206 1906; x_wconf 85' lang='grc' dir='ltr'>θῆλυ</span> <span class='ocrx_word' id='word_1_132' title='bbox 1235 1837 1510 1906; x_wconf 88' lang='grc' dir='ltr'>σωμάτων</span> <span class='ocrx_word' id='word_1_133' title='bbox 1537 1835 1668 1891; x_wconf 85' lang='grc' dir='ltr'>ῐδια.</span> 
     </span>
    </p>
   </div>
   <div class='ocr_carea' id='block_1_20' title="bbox 687 911 1818 984">
    <p class='ocr_par' dir='ltr' id='par_1_20' title="bbox 687 911 1818 984">
     <span class='ocr_line' id='line_1_20' title="bbox 687 911 1818 984; baseline 0.003 -21"><span class='ocrx_word' id='word_1_134' title='bbox 687 913 780 964; x_wconf 80' lang='grc' dir='ltr'><strong>καὶ</strong></span> <span class='ocrx_word' id='word_1_135' title='bbox 838 911 1116 983; x_wconf 81' lang='grc' dir='ltr'>ἐπαρᾶται</span> <span class='ocrx_word' id='word_1_136' title='bbox 1156 913 1247 966; x_wconf 82' lang='grc' dir='ltr'><strong>τὸν</strong></span> <span class='ocrx_word' id='word_1_137' title='bbox 1297 913 1458 966; x_wconf 83' lang='grc' dir='ltr'>τοῦτο</span> <span class='ocrx_word' id='word_1_138' title='bbox 1497 912 1818 984; x_wconf 75' lang='grc' dir='ltr'>ὑπολαμϐά-</span> 
     </span>
    </p>
   </div>
   <div class='ocr_carea' id='block_1_21' title="bbox 1925 633 3497 702">
    <p class='ocr_par' dir='ltr' id='par_1_21' title="bbox 1925 633 3497 702">
     <span class='ocr_line' id='line_1_21' title="bbox 1925 633 3497 702; baseline 0.006 -16"><span class='ocrx_word' id='word_1_139' title='bbox 1925 633 2370 702; x_wconf 77' lang='lat' dir='ltr'><strong>tntnt;equibus</strong></span> <span class='ocrx_word' id='word_1_140' title='bbox 2403 635 2650 702; x_wconf 78' lang='lat' dir='ltr'><strong>gigantes</strong></span> <span class='ocrx_word' id='word_1_141' title='bbox 2701 637 2814 690; x_wconf 86' lang='lat' dir='ltr'><strong>nali</strong></span> <span class='ocrx_word' id='word_1_142' title='bbox 2875 646 3020 691; x_wconf 86' lang='lat' dir='ltr'><strong>sunt.</strong></span> <span class='ocrx_word' id='word_1_143' title='bbox 3107 657 3126 690; x_wconf 92' lang='lat'><strong>9</strong></span> <span class='ocrx_word' id='word_1_144' title='bbox 3188 638 3304 694; x_wconf 80' lang='lat' dir='ltr'><strong>Jant</strong></span> <span class='ocrx_word' id='word_1_145' title='bbox 3369 657 3497 697; x_wconf 81' lang='lat' dir='ltr'><strong>vero</strong></span> 
     </span>
    </p>
   </div>
   <div class='ocr_carea' id='block_1_22' title="bbox 1923 723 3500 792">
    <p class='ocr_par' dir='ltr' id='par_1_22' title="bbox 1923 723 3500 792">
     <span class='ocr_line' id='line_1_22' title="bbox 1923 723 3500 792; baseline 0.005 -17"><span class='ocrx_word' id='word_1_146' title='bbox 1923 723 2144 790; x_wconf 81' lang='lat' dir='ltr'><strong>angelos</strong></span> <span class='ocrx_word' id='word_1_147' title='bbox 2181 723 2413 777; x_wconf 81' lang='lat' dir='ltr'><strong>feminas</strong></span> <span class='ocrx_word' id='word_1_148' title='bbox 2439 739 2546 778; x_wconf 89' lang='lat' dir='ltr'><strong>non</strong></span> <span class='ocrx_word' id='word_1_149' title='bbox 2589 739 2710 780; x_wconf 88' lang='lat' dir='ltr'><strong>esse</strong></span> <span class='ocrx_word' id='word_1_150' title='bbox 2743 726 2881 780; x_wconf 86' lang='lat' dir='ltr'><strong>tilias</strong></span> <span class='ocrx_word' id='word_1_151' title='bbox 2912 727 3029 792; x_wconf 85' lang='lat' dir='ltr'><strong>Dei,</strong></span> <span class='ocrx_word' id='word_1_152' title='bbox 3065 739 3123 782; x_wconf 88' lang='lat' dir='ltr'><strong>ut</strong></span> <span class='ocrx_word' id='word_1_153' title='bbox 3179 739 3263 784; x_wconf 63' lang='lat' dir='ltr'><strong>est</strong></span> <span class='ocrx_word' id='word_1_154' title='bbox 3313 731 3364 784; x_wconf 92' lang='lat' dir='ltr'><strong>in</strong></span> <span class='ocrx_word' id='word_1_155' title='bbox 3417 733 3500 784; x_wconf 84' lang='lat' dir='ltr'><strong>fa-</strong></span> 
     </span>
    </p>
   </div>
   <div class='ocr_carea' id='block_1_23' title="bbox 1919 813 3502 891">
    <p class='ocr_par' dir='ltr' id='par_1_23' title="bbox 1919 813 3502 891">
     <span class='ocr_line' id='line_1_23' title="bbox 1919 813 3502 891; baseline 0.005 -23"><span class='ocrx_word' id='word_1_156' title='bbox 1919 813 2059 868; x_wconf 83' lang='lat' dir='ltr'><strong>bella</strong></span> <span class='ocrx_word' id='word_1_157' title='bbox 2093 815 2590 884; x_wconf 79' lang='lat' dir='ltr'><strong>xw,jurejuraudo</strong></span> <span class='ocrx_word' id='word_1_158' title='bbox 2657 817 2930 883; x_wconf 76' lang='lat' dir='ltr'><strong>affirmat;</strong></span> <span class='ocrx_word' id='word_1_159' title='bbox 2991 835 3224 889; x_wconf 85' lang='lat' dir='ltr'><strong>eumque</strong></span> <span class='ocrx_word' id='word_1_160' title='bbox 3275 824 3365 891; x_wconf 88' lang='lat' dir='ltr'><strong>qui</strong></span> <span class='ocrx_word' id='word_1_161' title='bbox 3433 827 3502 878; x_wconf 69' lang='lat' dir='ltr'><strong>itt</strong></span> 
     </span>
    </p>
   </div>
   <div class='ocr_carea' id='block_1_24' title="bbox 1922 899 3499 982">
    <p class='ocr_par' dir='ltr' id='par_1_24' title="bbox 1922 899 3499 982">
     <span class='ocr_line' id='line_1_24' title="bbox 1922 899 3499 982; baseline 0.003 -21"><span class='ocrx_word' id='word_1_162' title='bbox 1922 899 2198 977; x_wconf 79' lang='lat' dir='ltr'><strong>Opinetur,</strong></span> <span class='ocrx_word' id='word_1_163' title='bbox 2230 920 2571 964; x_wconf 77' lang='lat' dir='ltr'><strong>exsecratur.</strong></span> <span class='ocrx_word' id='word_1_164' title='bbox 2601 911 2753 977; x_wconf 85' lang='lat' dir='ltr'><strong>Quod</strong></span> <span class='ocrx_word' id='word_1_165' title='bbox 2778 927 2904 966; x_wconf 86' lang='lat' dir='ltr'><strong>vero</strong></span> <span class='ocrx_word' id='word_1_166' title='bbox 2927 912 3141 967; x_wconf 72' lang='lat' dir='ltr'><strong>femina:</strong></span> <span class='ocrx_word' id='word_1_167' title='bbox 3169 915 3344 982; x_wconf 74' lang='lat' dir='ltr'><strong>augt-li</strong></span> <span class='ocrx_word' id='word_1_168' title='bbox 3372 918 3499 974; x_wconf 75' lang='lat' dir='ltr'><strong>sint.</strong></span> 
     </span>
    </p>
   </div>
   <div class='ocr_carea' id='block_1_25' title="bbox 1921 1000 3502 1074">
    <p class='ocr_par' dir='ltr' id='par_1_25' title="bbox 1921 1000 3502 1074">
     <span class='ocr_line' id='line_1_25' title="bbox 1921 1000 3502 1074; baseline 0.006 -22"><span class='ocrx_word' id='word_1_169' title='bbox 1921 1000 2446 1072; x_wconf 70' lang='lat' dir='ltr'><strong>iterumiterummte</strong></span> <span class='ocrx_word' id='word_1_170' title='bbox 2499 1002 2729 1058; x_wconf 78' lang='lat' dir='ltr'><strong>affirmat</strong></span> <span class='ocrx_word' id='word_1_171' title='bbox 2779 1012 2834 1059; x_wconf 89' lang='lat' dir='ltr'><strong>et</strong></span> <span class='ocrx_word' id='word_1_172' title='bbox 2894 1008 3184 1074; x_wconf 79' lang='lat' dir='ltr'><strong>pertendit.</strong></span> <span class='ocrx_word' id='word_1_173' title='bbox 3237 1008 3390 1072; x_wconf 85' lang='lat' dir='ltr'><strong>Quod</strong></span> <span class='ocrx_word' id='word_1_174' title='bbox 3455 1011 3502 1061; x_wconf 81' lang='lat' dir='ltr'><strong>si</strong></span> 
     </span>
    </p>
   </div>
   <div class='ocr_carea' id='block_1_26' title="bbox 1918 1095 3499 1168">
    <p class='ocr_par' dir='ltr' id='par_1_26' title="bbox 1918 1095 3499 1168">
     <span class='ocr_line' id='line_1_26' title="bbox 1918 1095 3499 1168; baseline 0.003 -19"><span class='ocrx_word' id='word_1_175' title='bbox 1918 1095 2084 1149; x_wconf 88' lang='lat' dir='ltr'><strong>etiam</strong></span> <span class='ocrx_word' id='word_1_176' title='bbox 2140 1095 2382 1162; x_wconf 79' lang='lat' dir='ltr'><strong>daretur,</strong></span> <span class='ocrx_word' id='word_1_177' title='bbox 2448 1099 2593 1166; x_wconf 90' lang='lat' dir='ltr'><strong>quod</strong></span> <span class='ocrx_word' id='word_1_178' title='bbox 2641 1104 2821 1150; x_wconf 90' lang='lat' dir='ltr'><strong>tamen</strong></span> <span class='ocrx_word' id='word_1_179' title='bbox 2888 1099 3004 1151; x_wconf 88' lang='lat' dir='ltr'><strong>fieri</strong></span> <span class='ocrx_word' id='word_1_180' title='bbox 3065 1101 3274 1168; x_wconf 79' lang='lat' dir='ltr'><strong>nequit,</strong></span> <span class='ocrx_word' id='word_1_181' title='bbox 3325 1103 3499 1154; x_wconf 70' lang='lat' dir='ltr'><strong>rit-um</strong></span> 
     </span>
    </p>
   </div>
   <div class='ocr_carea' id='block_1_27' title="bbox 1916 1188 3502 1259">
    <p class='ocr_par' dir='ltr' id='par_1_27' title="bbox 1916 1188 3502 1259">
     <span class='ocr_line' id='line_1_27' title="bbox 1916 1188 3502 1259; baseline 0.001 -17"><span class='ocrx_word' id='word_1_182' title='bbox 1916 1203 2036 1242; x_wconf 90' lang='lat' dir='ltr'><strong>cum</strong></span> <span class='ocrx_word' id='word_1_183' title='bbox 2067 1188 2266 1243; x_wconf 83' lang='lat' dir='ltr'><strong>femina</strong></span> <span class='ocrx_word' id='word_1_184' title='bbox 2294 1192 2486 1259; x_wconf 79' lang='lat' dir='ltr'><strong>angelo</strong></span> <span class='ocrx_word' id='word_1_185' title='bbox 2515 1206 2626 1244; x_wconf 85' lang='lat' dir='ltr'><strong>rem</strong></span> <span class='ocrx_word' id='word_1_186' title='bbox 2653 1190 2877 1257; x_wconf 85' lang='lat' dir='ltr'><strong>habere,</strong></span> <span class='ocrx_word' id='word_1_187' title='bbox 2920 1203 2975 1247; x_wconf 91' lang='lat' dir='ltr'><strong>et</strong></span> <span class='ocrx_word' id='word_1_188' title='bbox 3028 1208 3212 1247; x_wconf 88' lang='lat' dir='ltr'><strong>semen</strong></span> <span class='ocrx_word' id='word_1_189' title='bbox 3258 1196 3308 1247; x_wconf 89' lang='lat' dir='ltr'><strong>in</strong></span> <span class='ocrx_word' id='word_1_190' title='bbox 3349 1209 3502 1248; x_wconf 87' lang='lat' dir='ltr'><strong>eam-</strong></span> 
     </span>
    </p>
   </div>
   <div class='ocr_carea' id='block_1_28' title="bbox 1918 1283 3496 1354">
    <p class='ocr_par' dir='ltr' id='par_1_28' title="bbox 1918 1283 3496 1354">
     <span class='ocr_line' id='line_1_28' title="bbox 1918 1283 3496 1354; baseline 0.002 -19"><span class='ocrx_word' id='word_1_191' title='bbox 1918 1284 2036 1336; x_wconf 72' lang='lat' dir='ltr'><strong>dcm</strong></span> <span class='ocrx_word' id='word_1_192' title='bbox 2063 1283 2317 1337; x_wconf 85' lang='lat' dir='ltr'><strong>emittere</strong></span> <span class='ocrx_word' id='word_1_193' title='bbox 2353 1299 2369 1337; x_wconf 90' lang='lat'><strong>:</strong></span> <span class='ocrx_word' id='word_1_194' title='bbox 2402 1298 2658 1354; x_wconf 89' lang='lat' dir='ltr'><strong>quanam,</strong></span> <span class='ocrx_word' id='word_1_195' title='bbox 2698 1286 2852 1347; x_wconf 90' lang='lat' dir='ltr'><strong>cedo.</strong></span> <span class='ocrx_word' id='word_1_196' title='bbox 2907 1286 3136 1341; x_wconf 88' lang='lat' dir='ltr'><strong>matrice</strong></span> <span class='ocrx_word' id='word_1_197' title='bbox 3177 1287 3496 1348; x_wconf 83' lang='lat' dir='ltr'><strong>continebit,</strong></span> 
     </span>
    </p>
   </div>
   <div class='ocr_carea' id='block_1_29' title="bbox 1916 1372 3498 1445">
    <p class='ocr_par' dir='ltr' id='par_1_29' title="bbox 1916 1372 3498 1445">
     <span class='ocr_line' id='line_1_29' title="bbox 1916 1372 3498 1445; baseline 0.006 -22"><span class='ocrx_word' id='word_1_198' title='bbox 1916 1383 1968 1424; x_wconf 91' lang='lat' dir='ltr'><strong>et</strong></span> <span class='ocrx_word' id='word_1_199' title='bbox 2001 1372 2183 1427; x_wconf 77' lang='lat' dir='ltr'><strong>vivum</strong></span> <span class='ocrx_word' id='word_1_200' title='bbox 2218 1373 2414 1428; x_wconf 83' lang='lat' dir='ltr'><strong>efliciet</strong></span> <span class='ocrx_word' id='word_1_201' title='bbox 2441 1389 2504 1430; x_wconf 88' lang='lat' dir='ltr'><strong>ea</strong></span> <span class='ocrx_word' id='word_1_202' title='bbox 2524 1391 2644 1444; x_wconf 72' lang='lat' dir='ltr'><strong>quae</strong></span> <span class='ocrx_word' id='word_1_203' title='bbox 2669 1378 2919 1445; x_wconf 85' lang='lat' dir='ltr'><strong>corporis</strong></span> <span class='ocrx_word' id='word_1_204' title='bbox 2941 1375 3035 1430; x_wconf 71' lang='lat' dir='ltr'><strong>est</strong></span> <span class='ocrx_word' id='word_1_205' title='bbox 3054 1392 3268 1445; x_wconf 80' lang='lat' dir='ltr'><strong>expers,</strong></span> <span class='ocrx_word' id='word_1_206' title='bbox 3311 1393 3498 1432; x_wconf 84' lang='lat' dir='ltr'><strong>semen</strong></span> 
     </span>
    </p>
   </div>
   <div class='ocr_carea' id='block_1_30' title="bbox 1915 1466 3500 1538">
    <p class='ocr_par' dir='ltr' id='par_1_30' title="bbox 1915 1466 3500 1538">
     <span class='ocr_line' id='line_1_30' title="bbox 1915 1466 3500 1538; baseline 0.001 -18"><span class='ocrx_word' id='word_1_207' title='bbox 1915 1480 2240 1534; x_wconf 89' lang='lat' dir='ltr'><strong>corporeum</strong></span> <span class='ocrx_word' id='word_1_208' title='bbox 2277 1466 2301 1518; x_wconf 71' lang='grc' dir='ltr'>’ί</span> <span class='ocrx_word' id='word_1_209' title='bbox 2341 1466 2563 1531; x_wconf 85' lang='lat' dir='ltr'><strong>Deinde,</strong></span> <span class='ocrx_word' id='word_1_210' title='bbox 2609 1483 2846 1537; x_wconf 88' lang='lat' dir='ltr'><strong>quanam</strong></span> <span class='ocrx_word' id='word_1_211' title='bbox 2873 1479 3211 1538; x_wconf 81' lang='lat' dir='ltr'><strong>Cuttgrttente</strong></span> <span class='ocrx_word' id='word_1_212' title='bbox 3244 1469 3500 1526; x_wconf 89' lang='lat' dir='ltr'><strong>alimonia</strong></span> 
     </span>
    </p>
   </div>
   <div class='ocr_carea' id='block_1_31' title="bbox 1915 1562 3502 1638">
    <p class='ocr_par' dir='ltr' id='par_1_31' title="bbox 1915 1562 3502 1638">
     <span class='ocr_line' id='line_1_31' title="bbox 1915 1562 3502 1638; baseline 0.004 -22"><span class='ocrx_word' id='word_1_213' title='bbox 1915 1563 2119 1617; x_wconf 83' lang='lat' dir='ltr'><strong>nutriet</strong></span> <span class='ocrx_word' id='word_1_214' title='bbox 2161 1562 2304 1616; x_wconf 86' lang='lat' dir='ltr'><strong>istud</strong></span> <span class='ocrx_word' id='word_1_215' title='bbox 2334 1562 2356 1616; x_wconf 85' lang='lat'><strong>?</strong></span> <span class='ocrx_word' id='word_1_216' title='bbox 2383 1565 2657 1633; x_wconf 87' lang='lat' dir='ltr'><strong>quomodo</strong></span> <span class='ocrx_word' id='word_1_217' title='bbox 2723 1563 3008 1631; x_wconf 88' lang='lat' dir='ltr'><strong>infantem,</strong></span> <span class='ocrx_word' id='word_1_218' title='bbox 3045 1568 3135 1637; x_wconf 91' lang='lat' dir='ltr'><strong>qui</strong></span> <span class='ocrx_word' id='word_1_219' title='bbox 3191 1575 3316 1622; x_wconf 89' lang='lat' dir='ltr'><strong>ante</strong></span> <span class='ocrx_word' id='word_1_220' title='bbox 3372 1583 3502 1638; x_wconf 86' lang='lat' dir='ltr'><strong>par-</strong></span> 
     </span>
    </p>
   </div>
   <div class='ocr_carea' id='block_1_32' title="bbox 1916 1654 3500 1729">
    <p class='ocr_par' dir='ltr' id='par_1_32' title="bbox 1916 1654 3500 1729">
     <span class='ocr_line' id='line_1_32' title="bbox 1916 1654 3500 1729; baseline 0.004 -22"><span class='ocrx_word' id='word_1_221' title='bbox 1916 1664 2030 1708; x_wconf 90' lang='lat' dir='ltr'><strong>tum</strong></span> <span class='ocrx_word' id='word_1_222' title='bbox 2087 1654 2142 1708; x_wconf 90' lang='lat' dir='ltr'><strong>in</strong></span> <span class='ocrx_word' id='word_1_223' title='bbox 2189 1663 2378 1709; x_wconf 77' lang='lat' dir='ltr'><strong>ventre</strong></span> <span class='ocrx_word' id='word_1_224' title='bbox 2441 1655 2676 1720; x_wconf 81' lang='lat' dir='ltr'><strong>foretur,</strong></span> <span class='ocrx_word' id='word_1_225' title='bbox 2767 1657 3118 1714; x_wconf 80' lang='lat' dir='ltr'><strong>circumferet</strong></span> <span class='ocrx_word' id='word_1_226' title='bbox 3178 1659 3202 1712; x_wconf 86' lang='lat'><strong>?</strong></span> <span class='ocrx_word' id='word_1_227' title='bbox 3253 1659 3500 1729; x_wconf 80' lang='lat' dir='ltr'><strong>Denique</strong></span> 
     </span>
    </p>
   </div>
   <div class='ocr_carea' id='block_1_33' title="bbox 1911 1746 3500 1820">
    <p class='ocr_par' dir='ltr' id='par_1_33' title="bbox 1911 1746 3500 1820">
     <span class='ocr_line' id='line_1_33' title="bbox 1911 1746 3500 1820; baseline 0.003 -21"><span class='ocrx_word' id='word_1_228' title='bbox 1911 1746 2185 1814; x_wconf 89' lang='lat' dir='ltr'><strong>quomodo</strong></span> <span class='ocrx_word' id='word_1_229' title='bbox 2219 1746 2356 1803; x_wconf 90' lang='lat' dir='ltr'><strong>lacte</strong></span> <span class='ocrx_word' id='word_1_230' title='bbox 2382 1747 2584 1803; x_wconf 85' lang='lat' dir='ltr'><strong>fovebit</strong></span> <span class='ocrx_word' id='word_1_231' title='bbox 2609 1749 2828 1815; x_wconf 83' lang='lat' dir='ltr'><strong>animai,</strong></span> <span class='ocrx_word' id='word_1_232' title='bbox 2858 1751 3001 1820; x_wconf 90' lang='lat' dir='ltr'><strong>quod</strong></span> <span class='ocrx_word' id='word_1_233' title='bbox 3029 1766 3222 1807; x_wconf 89' lang='lat' dir='ltr'><strong>succos</strong></span> <span class='ocrx_word' id='word_1_234' title='bbox 3248 1754 3500 1807; x_wconf 89' lang='lat' dir='ltr'><strong>nutrien-</strong></span> 
     </span>
    </p>
   </div>
   <div class='ocr_carea' id='block_1_34' title="bbox 1914 1838 3496 1911">
    <p class='ocr_par' dir='ltr' id='par_1_34' title="bbox 1914 1838 3496 1911">
     <span class='ocr_line' id='line_1_34' title="bbox 1914 1838 3496 1911; baseline 0.003 -23"><span class='ocrx_word' id='word_1_235' title='bbox 1914 1847 1993 1890; x_wconf 86' lang='lat' dir='ltr'><strong>tes</strong></span> <span class='ocrx_word' id='word_1_236' title='bbox 2059 1838 2332 1892; x_wconf 84' lang='lat' dir='ltr'><strong>attrahere</strong></span> <span class='ocrx_word' id='word_1_237' title='bbox 2397 1839 2725 1904; x_wconf 85' lang='lat' dir='ltr'><strong>consuevit,</strong></span> <span class='ocrx_word' id='word_1_238' title='bbox 2806 1855 2870 1894; x_wconf 87' lang='lat' dir='ltr'><strong>ea</strong></span> <span class='ocrx_word' id='word_1_239' title='bbox 2928 1856 3051 1911; x_wconf 70' lang='lat' dir='ltr'><strong>quae</strong></span> <span class='ocrx_word' id='word_1_240' title='bbox 3111 1842 3356 1896; x_wconf 79' lang='lat' dir='ltr'><strong>materiae</strong></span> <span class='ocrx_word' id='word_1_241' title='bbox 3441 1849 3496 1894; x_wconf 87' lang='lat' dir='ltr'><strong>et</strong></span> 
     </span>
    </p>
   </div>
   <div class='ocr_carea' id='block_1_35' title="bbox 201 1925 3496 2004">
    <p class='ocr_par' dir='ltr' id='par_1_35' title="bbox 201 1925 3496 2004">
     <span class='ocr_line' id='line_1_35' title="bbox 201 1925 3496 2004; baseline 0.003 -25"><span class='ocrx_word' id='word_1_242' title='bbox 201 1925 505 1995; x_wconf 74' lang='lat' dir='ltr'><strong>sanguinis</strong></span> <span class='ocrx_word' id='word_1_243' title='bbox 543 1936 628 1980; x_wconf 82' lang='lat' dir='ltr'><strong>est</strong></span> <span class='ocrx_word' id='word_1_244' title='bbox 677 1942 877 2000; x_wconf 79' lang='lat' dir='ltr'><strong>expers</strong></span> <span class='ocrx_word' id='word_1_245' title='bbox 905 1938 1098 1983; x_wconf 89' lang='lat' dir='ltr'><strong>natura</strong></span> <span class='ocrx_word' id='word_1_246' title='bbox 1120 1930 1157 1996; x_wconf 45' lang='grc' dir='ltr'>τ,</span> <span class='ocrx_word' id='word_1_247' title='bbox 1207 1927 1328 1984; x_wconf 84' lang='grc' dir='ltr'><strong>Νοη</strong></span> <span class='ocrx_word' id='word_1_248' title='bbox 1376 1929 1546 2001; x_wconf 76' lang='lat' dir='ltr'><strong>igitur</strong></span> <span class='ocrx_word' id='word_1_249' title='bbox 1617 1929 1846 1985; x_wconf 89' lang='lat' dir='ltr'><strong>omnino</strong></span> <span class='ocrx_word' id='word_1_250' title='bbox 1876 1939 1958 1985; x_wconf 84' lang='lat' dir='ltr'><strong>est</strong></span> <span class='ocrx_word' id='word_1_251' title='bbox 2011 1930 2236 1999; x_wconf 83' lang='lat' dir='ltr'><strong>angelus</strong></span> <span class='ocrx_word' id='word_1_252' title='bbox 2263 1929 2502 1987; x_wconf 87' lang='lat' dir='ltr'><strong>femina:</strong></span> <span class='ocrx_word' id='word_1_253' title='bbox 2541 1933 2743 1988; x_wconf 82' lang='lat' dir='ltr'><strong>femina</strong></span> <span class='ocrx_word' id='word_1_254' title='bbox 2787 1933 2932 1990; x_wconf 89' lang='lat' dir='ltr'><strong>enim</strong></span> <span class='ocrx_word' id='word_1_255' title='bbox 2995 1944 3052 1990; x_wconf 91' lang='lat' dir='ltr'><strong>et</strong></span> <span class='ocrx_word' id='word_1_256' title='bbox 3116 1951 3231 1990; x_wconf 88' lang='lat' dir='ltr'><strong>mas</strong></span> <span class='ocrx_word' id='word_1_257' title='bbox 3280 1935 3496 2004; x_wconf 82' lang='lat' dir='ltr'><strong>propria</strong></span> 
     </span>
    </p>
   </div>
   <div class='ocr_carea' id='block_1_36' title="bbox 201 2026 768 2087">
    <p class='ocr_par' dir='ltr' id='par_1_36' title="bbox 201 2026 768 2087">
     <span class='ocr_line' id='line_1_36' title="bbox 201 2026 768 2087; baseline 0.005 -15"><span class='ocrx_word' id='word_1_258' title='bbox 201 2026 336 2072; x_wconf 82' lang='lat' dir='ltr'><strong>sunt</strong></span> <span class='ocrx_word' id='word_1_259' title='bbox 385 2032 768 2087; x_wconf 90' lang='lat' dir='ltr'><strong>corpororum.</strong></span> 
     </span>
    </p>
   </div>
   <div class='ocr_carea' id='block_1_37' title="bbox 283 2108 1803 2192">
    <p class='ocr_par' dir='ltr' id='par_1_37' title="bbox 283 2108 1802 2192">
     <span class='ocr_line' id='line_1_37' title="bbox 283 2108 1802 2192; baseline 0.005 -28"><span class='ocrx_word' id='word_1_260' title='bbox 283 2108 340 2164; x_wconf 87' lang='grc' dir='ltr'><strong>ι’.</strong></span> <span class='ocrx_word' id='word_1_261' title='bbox 361 2111 599 2181; x_wconf 79' lang='grc' dir='ltr'>Εἰσάγει</span> <span class='ocrx_word' id='word_1_262' title='bbox 623 2114 717 2168; x_wconf 79' lang='grc' dir='ltr'>τὸν</span> <span class='ocrx_word' id='word_1_263' title='bbox 735 2114 868 2172; x_wconf 76' lang='grc' dir='ltr'>Θεὸν</span> <span class='ocrx_word' id='word_1_264' title='bbox 888 2116 1038 2189; x_wconf 86' lang='grc' dir='ltr'>αὐτῷ</span> <span class='ocrx_word' id='word_1_265' title='bbox 1055 2115 1298 2173; x_wconf 86' lang='grc' dir='ltr'>τοιοῦτον</span> <span class='ocrx_word' id='word_1_266' title='bbox 1315 2119 1478 2192; x_wconf 84' lang='grc' dir='ltr'>ὅρκον</span> <span class='ocrx_word' id='word_1_267' title='bbox 1506 2117 1802 2189; x_wconf 78' lang='grc' dir='ltr'>ὀμνύοντα,</span> 
     </span>
    </p>
   </div>
   <div class='ocr_carea' id='block_1_38' title="bbox 1909 2108 3495 2192">
    <p class='ocr_par' dir='ltr' id='par_1_38' title="bbox 1981 2114 3495 2189">
     <span class='ocr_line' id='line_1_38' title="bbox 1981 2114 3495 2189; baseline 0.007 -20"><span class='ocrx_word' id='word_1_268' title='bbox 1981 2115 2072 2169; x_wconf 80' lang='grc'><strong>10.</strong></span> <span class='ocrx_word' id='word_1_269' title='bbox 2102 2114 2316 2170; x_wconf 89' lang='lat' dir='ltr'><strong>lnducit</strong></span> <span class='ocrx_word' id='word_1_270' title='bbox 2354 2115 2518 2172; x_wconf 86' lang='lat' dir='ltr'><strong>Deum</strong></span> <span class='ocrx_word' id='word_1_271' title='bbox 2547 2132 2703 2173; x_wconf 89' lang='lat' dir='ltr'><strong>suum</strong></span> <span class='ocrx_word' id='word_1_272' title='bbox 2731 2116 2818 2172; x_wconf 88' lang='lat' dir='ltr'><strong>tali</strong></span> <span class='ocrx_word' id='word_1_273' title='bbox 2846 2118 3201 2189; x_wconf 84' lang='lat' dir='ltr'><strong>jurejurando</strong></span> <span class='ocrx_word' id='word_1_274' title='bbox 3237 2138 3356 2178; x_wconf 90' lang='lat' dir='ltr'><strong>sese</strong></span> <span class='ocrx_word' id='word_1_275' title='bbox 3385 2129 3453 2178; x_wconf 82' lang='lat' dir='ltr'><strong>ob</strong></span> <span class='ocrx_word' id='word_1_276' title='bbox 3475 2158 3495 2168; x_wconf 83' lang='lat'><strong>-</strong></span> 
     </span>
    </p>
   </div>
   <div class='ocr_carea' id='block_1_39' title="bbox 205 2201 1807 2279">
    <p class='ocr_par' dir='ltr' id='par_1_39' title="bbox 205 2201 1807 2279">
     <span class='ocr_line' id='line_1_39' title="bbox 205 2201 1807 2279; baseline 0.004 -25"><span class='ocrx_word' id='word_1_277' title='bbox 205 2219 226 2254; x_wconf 86' lang='lat' dir='ltr'><strong>t</strong></span> <span class='ocrx_word' id='word_1_278' title='bbox 266 2201 361 2257; x_wconf 73' lang='grc' dir='ltr'><strong>Μά</strong></span> <span class='ocrx_word' id='word_1_279' title='bbox 398 2204 597 2272; x_wconf 74' lang='grc' dir='ltr'>φουλκὶ</span> <span class='ocrx_word' id='word_1_280' title='bbox 647 2205 759 2258; x_wconf 85' lang='grc' dir='ltr'><strong>τῶν</strong></span> <span class='ocrx_word' id='word_1_281' title='bbox 826 2206 1102 2276; x_wconf 76' lang='grc' dir='ltr'>φουλκῶν,</span> <span class='ocrx_word' id='word_1_282' title='bbox 1152 2208 1247 2261; x_wconf 81' lang='grc' dir='ltr'>καὶ</span> <span class='ocrx_word' id='word_1_283' title='bbox 1287 2208 1640 2279; x_wconf 86' lang='grc' dir='ltr'>προθίσματα</span> <span class='ocrx_word' id='word_1_284' title='bbox 1673 2224 1807 2278; x_wconf 62' lang='lat' dir='ltr'><strong>atpo-</strong></span> 
     </span>
    </p>
   </div>
   <div class='ocr_carea' id='block_1_40' title="bbox 197 2292 1808 2372">
    <p class='ocr_par' dir='ltr' id='par_1_40' title="bbox 197 2292 1808 2372">
     <span class='ocr_line' id='line_1_40' title="bbox 197 2292 1808 2372; baseline 0.006 -26"><span class='ocrx_word' id='word_1_285' title='bbox 197 2292 525 2364; x_wconf 84' lang='grc' dir='ltr'>θισμάτων.</span> <span class='ocrx_word' id='word_1_286' title='bbox 567 2315 585 2349; x_wconf 94' lang='lat'><strong>9</strong></span> <span class='ocrx_word' id='word_1_287' title='bbox 647 2298 756 2351; x_wconf 97' lang='lat' dir='ltr'><strong>Kal</strong></span> <span class='ocrx_word' id='word_1_288' title='bbox 815 2295 977 2362; x_wconf 86' lang='grc' dir='ltr'>αὖθις</span> <span class='ocrx_word' id='word_1_289' title='bbox 1015 2301 1072 2354; x_wconf 88' lang='grc' dir='ltr'><strong>ἑν</strong></span> <span class='ocrx_word' id='word_1_290' title='bbox 1123 2301 1299 2372; x_wconf 82' lang='grc' dir='ltr'>ἑτέρῳ</span> <span class='ocrx_word' id='word_1_291' title='bbox 1333 2301 1607 2372; x_wconf 85' lang='grc' dir='ltr'>μυθαρίῳ,</span> <span class='ocrx_word' id='word_1_292' title='bbox 1650 2319 1668 2352; x_wconf 85' lang='lat' dir='ltr'><strong>t</strong></span> <span class='ocrx_word' id='word_1_293' title='bbox 1713 2301 1808 2355; x_wconf 77' lang='grc' dir='ltr'><strong>Μὰ</strong></span> 
     </span>
    </p>
   </div>
   <div class='ocr_carea' id='block_1_41' title="bbox 189 2384 1801 2462">
    <p class='ocr_par' dir='ltr' id='par_1_41' title="bbox 189 2384 1801 2462">
     <span class='ocr_line' id='line_1_41' title="bbox 189 2384 1801 2462; baseline 0.004 -25"><span class='ocrx_word' id='word_1_294' title='bbox 189 2384 524 2454; x_wconf 86' lang='grc' dir='ltr'>λικμοῦντα</span> <span class='ocrx_word' id='word_1_295' title='bbox 576 2387 945 2459; x_wconf 87' lang='grc' dir='ltr'>λικμούντων,</span> <span class='ocrx_word' id='word_1_296' title='bbox 999 2390 1096 2444; x_wconf 79' lang='grc' dir='ltr'>καὶ</span> <span class='ocrx_word' id='word_1_297' title='bbox 1149 2390 1528 2461; x_wconf 79' lang='grc' dir='ltr'>βασταζούσας</span> <span class='ocrx_word' id='word_1_298' title='bbox 1575 2391 1801 2462; x_wconf 78' lang='grc' dir='ltr'>γόμους,</span> 
     </span>
    </p>
   </div>
   <div class='ocr_carea' id='block_1_42' title="bbox 191 2478 1806 2556">
    <p class='ocr_par' dir='ltr' id='par_1_42' title="bbox 191 2478 1806 2556">
     <span class='ocr_line' id='line_1_42' title="bbox 191 2478 1806 2556; baseline 0.006 -26"><span class='ocrx_word' id='word_1_299' title='bbox 191 2478 292 2532; x_wconf 73' lang='grc' dir='ltr'>καὶ</span> <span class='ocrx_word' id='word_1_300' title='bbox 330 2495 398 2550; x_wconf 89' lang='grc' dir='ltr'><strong>τρ</strong></span> <span class='ocrx_word' id='word_1_301' title='bbox 417 2478 652 2548; x_wconf 86' lang='grc' dir='ltr'>εχούσας</span> <span class='ocrx_word' id='word_1_302' title='bbox 692 2479 931 2548; x_wconf 83' lang='grc' dir='ltr'>εὐθεῖαν,</span> <span class='ocrx_word' id='word_1_303' title='bbox 977 2485 1076 2537; x_wconf 73' lang='lat' dir='ltr'><strong>xal</strong></span> <span class='ocrx_word' id='word_1_304' title='bbox 1107 2483 1175 2536; x_wconf 88' lang='grc' dir='ltr'><strong>τά</strong></span> <span class='ocrx_word' id='word_1_305' title='bbox 1211 2482 1508 2553; x_wconf 79' lang='grc' dir='ltr'>μερίζοντα</span> <span class='ocrx_word' id='word_1_306' title='bbox 1544 2486 1806 2556; x_wconf 79' lang='grc' dir='ltr'>πράγμα-</span> 
     </span>
    </p>
   </div>
   <div class='ocr_carea' id='block_1_43' title="bbox 191 2569 1806 2645">
    <p class='ocr_par' dir='ltr' id='par_1_43' title="bbox 191 2569 1806 2645">
     <span class='ocr_line' id='line_1_43' title="bbox 191 2569 1806 2645; baseline 0.004 -23"><span class='ocrx_word' id='word_1_307' title='bbox 191 2586 268 2622; x_wconf 84' lang='grc' dir='ltr'><strong>τα</strong></span> <span class='ocrx_word' id='word_1_308' title='bbox 289 2581 304 2597; x_wconf 91' lang='grc'><strong>·</strong></span> <span class='ocrx_word' id='word_1_309' title='bbox 349 2587 368 2621; x_wconf 94' lang='lat'><strong>9</strong></span> <span class='ocrx_word' id='word_1_310' title='bbox 425 2570 516 2622; x_wconf 78' lang='grc' dir='ltr'>καὶ</span> <span class='ocrx_word' id='word_1_311' title='bbox 541 2569 705 2624; x_wconf 84' lang='grc' dir='ltr'>πάλιν</span> <span class='ocrx_word' id='word_1_312' title='bbox 728 2570 786 2625; x_wconf 82' lang='grc' dir='ltr'><strong>ἑν</strong></span> <span class='ocrx_word' id='word_1_313' title='bbox 814 2571 1006 2643; x_wconf 88' lang='grc' dir='ltr'>ἑτέρῳ·</span> <span class='ocrx_word' id='word_1_314' title='bbox 1034 2591 1052 2624; x_wconf 88' lang='lat'><strong>9</strong></span> <span class='ocrx_word' id='word_1_315' title='bbox 1077 2572 1171 2627; x_wconf 83' lang='grc' dir='ltr'><strong>Μὰ</strong></span> <span class='ocrx_word' id='word_1_316' title='bbox 1198 2574 1259 2628; x_wconf 82' lang='grc' dir='ltr'>τὸ</span> <span class='ocrx_word' id='word_1_317' title='bbox 1290 2573 1434 2644; x_wconf 75' lang='grc' dir='ltr'>ὅρος,</span> <span class='ocrx_word' id='word_1_318' title='bbox 1468 2575 1565 2628; x_wconf 76' lang='grc' dir='ltr'>καὶ</span> <span class='ocrx_word' id='word_1_319' title='bbox 1587 2574 1806 2645; x_wconf 81' lang='grc' dir='ltr'>γραφὴν</span> 
     </span>
    </p>
   </div>
   <div class='ocr_carea' id='block_1_44' title="bbox 195 2659 1805 2735">
    <p class='ocr_par' dir='ltr' id='par_1_44' title="bbox 195 2659 1805 2735">
     <span class='ocr_line' id='line_1_44' title="bbox 195 2659 1805 2735; baseline 0.004 -23"><span class='ocrx_word' id='word_1_320' title='bbox 195 2659 641 2731; x_wconf 85' lang='grc' dir='ltr'>δ.στιχισμένην</span> <span class='ocrx_word' id='word_1_321' title='bbox 672 2662 732 2714; x_wconf 91' lang='grc' dir='ltr'><strong>ἑν</strong></span> <span class='ocrx_word' id='word_1_322' title='bbox 767 2661 1080 2734; x_wconf 80' lang='grc' dir='ltr'>μεμόράνῳ</span> <span class='ocrx_word' id='word_1_323' title='bbox 1110 2663 1242 2734; x_wconf 83' lang='grc' dir='ltr'>λιτῷ</span> <span class='ocrx_word' id='word_1_324' title='bbox 1271 2679 1288 2695; x_wconf 95' lang='grc'><strong>·</strong></span> <span class='ocrx_word' id='word_1_325' title='bbox 1319 2667 1414 2717; x_wconf 80' lang='grc' dir='ltr'>καὶ</span> <span class='ocrx_word' id='word_1_326' title='bbox 1447 2663 1508 2718; x_wconf 54' lang='lat' dir='ltr'><strong>re</strong></span> <span class='ocrx_word' id='word_1_327' title='bbox 1540 2665 1805 2735; x_wconf 83' lang='grc' dir='ltr'>ὀσπήτιον</span> 
     </span>
    </p>
   </div>
   <div class='ocr_carea' id='block_1_45' title="bbox 196 2751 1806 2827">
    <p class='ocr_par' dir='ltr' id='par_1_45' title="bbox 196 2751 1806 2827">
     <span class='ocr_line' id='line_1_45' title="bbox 196 2751 1806 2827; baseline 0.004 -24"><span class='ocrx_word' id='word_1_328' title='bbox 196 2754 263 2804; x_wconf 72' lang='grc' dir='ltr'>τδ</span> <span class='ocrx_word' id='word_1_329' title='bbox 295 2751 762 2823; x_wconf 79' lang='grc' dir='ltr'>ᾠκοδομημένον,</span> <span class='ocrx_word' id='word_1_330' title='bbox 786 2754 884 2807; x_wconf 70' lang='grc' dir='ltr'><strong>καὶ</strong></span> <span class='ocrx_word' id='word_1_331' title='bbox 909 2755 970 2807; x_wconf 86' lang='grc' dir='ltr'><strong>τὸ</strong></span> <span class='ocrx_word' id='word_1_332' title='bbox 1001 2755 1193 2824; x_wconf 81' lang='grc' dir='ltr'>στέγος</span> <span class='ocrx_word' id='word_1_333' title='bbox 1225 2755 1284 2812; x_wconf 84' lang='grc' dir='ltr'>τὸ</span> <span class='ocrx_word' id='word_1_334' title='bbox 1314 2757 1674 2827; x_wconf 77' lang='grc' dir='ltr'>σηκούμενον,</span> <span class='ocrx_word' id='word_1_335' title='bbox 1711 2758 1806 2810; x_wconf 80' lang='grc' dir='ltr'>καὶ</span> 
     </span>
    </p>
   </div>
   <div class='ocr_carea' id='block_1_46' title="bbox 199 2843 1806 2918">
    <p class='ocr_par' dir='ltr' id='par_1_46' title="bbox 199 2843 1806 2918">
     <span class='ocr_line' id='line_1_46' title="bbox 199 2843 1806 2918; baseline 0.004 -22"><span class='ocrx_word' id='word_1_336' title='bbox 199 2844 303 2914; x_wconf 77' lang='grc' dir='ltr'><strong>τὴν</strong></span> <span class='ocrx_word' id='word_1_337' title='bbox 330 2843 624 2898; x_wconf 71' lang='grc' dir='ltr'>θάλασσαν</span> <span class='ocrx_word' id='word_1_338' title='bbox 651 2844 750 2915; x_wconf 81' lang='grc' dir='ltr'>τὴν</span> <span class='ocrx_word' id='word_1_339' title='bbox 777 2846 1094 2918; x_wconf 82' lang='grc' dir='ltr'>δεδεμένην.</span> <span class='ocrx_word' id='word_1_340' title='bbox 1134 2865 1154 2899; x_wconf 94' lang='lat'><strong>9</strong></span> <span class='ocrx_word' id='word_1_341' title='bbox 1202 2847 1314 2901; x_wconf 90' lang='lat' dir='ltr'><strong>Kal</strong></span> <span class='ocrx_word' id='word_1_342' title='bbox 1341 2851 1397 2902; x_wconf 85' lang='grc' dir='ltr'><strong>ἑν</strong></span> <span class='ocrx_word' id='word_1_343' title='bbox 1434 2849 1645 2918; x_wconf 83' lang='grc' dir='ltr'>ἑτέροις</span> <span class='ocrx_word' id='word_1_344' title='bbox 1669 2848 1806 2903; x_wconf 76' lang='grc' dir='ltr'>ἄλλα</span> 
     </span>
    </p>
   </div>
   <div class='ocr_carea' id='block_1_47' title="bbox 202 2935 1804 3015">
    <p class='ocr_par' dir='ltr' id='par_1_47' title="bbox 202 2935 1804 3015">
     <span class='ocr_line' id='line_1_47' title="bbox 202 2935 1804 3015; baseline 0.005 -28"><span class='ocrx_word' id='word_1_345' title='bbox 202 2938 335 2990; x_wconf 79' lang='grc' dir='ltr'>τινα</span> <span class='ocrx_word' id='word_1_346' title='bbox 366 2935 687 3007; x_wconf 80' lang='grc' dir='ltr'>βαρϐαρικά</span> <span class='ocrx_word' id='word_1_347' title='bbox 703 2937 798 2991; x_wconf 76' lang='grc' dir='ltr'><strong>καὶ</strong></span> <span class='ocrx_word' id='word_1_348' title='bbox 830 2939 1057 3008; x_wconf 82' lang='grc' dir='ltr'>ἀνόητα,</span> <span class='ocrx_word' id='word_1_349' title='bbox 1090 2940 1311 3010; x_wconf 74' lang='grc' dir='ltr'>καὶτῆς</span> <span class='ocrx_word' id='word_1_350' title='bbox 1342 2942 1508 2996; x_wconf 87' lang='grc' dir='ltr'>αὑτοῦ</span> <span class='ocrx_word' id='word_1_351' title='bbox 1536 2943 1804 3015; x_wconf 83' lang='grc' dir='ltr'>φλυαρίας</span> 
     </span>
    </p>
   </div>
   <div class='ocr_carea' id='block_1_48' title="bbox 206 3027 1804 3106">
    <p class='ocr_par' dir='ltr' id='par_1_48' title="bbox 206 3027 1804 3106">
     <span class='ocr_line' id='line_1_48' title="bbox 206 3027 1804 3106; baseline 0.007 -26"><span class='ocrx_word' id='word_1_352' title='bbox 206 3027 766 3098; x_wconf 73' lang='grc' dir='ltr'>καὶφρενοσλαόείας</span> <span class='ocrx_word' id='word_1_353' title='bbox 791 3029 894 3083; x_wconf 85' lang='grc' dir='ltr'>οὒκ</span> <span class='ocrx_word' id='word_1_354' title='bbox 925 3031 1245 3086; x_wconf 85' lang='grc' dir='ltr'>ἀποδέοντα.</span> <span class='ocrx_word' id='word_1_355' title='bbox 1275 3034 1388 3087; x_wconf 89' lang='lat' dir='ltr'><strong>Kal</strong></span> <span class='ocrx_word' id='word_1_356' title='bbox 1431 3034 1670 3106; x_wconf 84' lang='grc' dir='ltr'>ἀλλαχοῦ</span> <span class='ocrx_word' id='word_1_357' title='bbox 1699 3037 1804 3091; x_wconf 86' lang='grc' dir='ltr'><strong>πά-</strong></span> 
     </span>
    </p>
   </div>
   <div class='ocr_carea' id='block_1_49' title="bbox 206 3119 1804 3196">
    <p class='ocr_par' dir='ltr' id='par_1_49' title="bbox 206 3119 1804 3196">
     <span class='ocr_line' id='line_1_49' title="bbox 206 3119 1804 3196; baseline 0.006 -25"><span class='ocrx_word' id='word_1_358' title='bbox 206 3119 332 3172; x_wconf 88' lang='grc' dir='ltr'>λιν·</span> <span class='ocrx_word' id='word_1_359' title='bbox 399 3137 422 3171; x_wconf 83' lang='lat' dir='ltr'><strong>t</strong></span> <span class='ocrx_word' id='word_1_360' title='bbox 463 3119 553 3174; x_wconf 69' lang='grc' dir='ltr'><strong>Μὰ</strong></span> <span class='ocrx_word' id='word_1_361' title='bbox 600 3121 693 3174; x_wconf 70' lang='grc' dir='ltr'><strong>τὸν</strong></span> <span class='ocrx_word' id='word_1_362' title='bbox 751 3121 996 3193; x_wconf 82' lang='grc' dir='ltr'>κάλαμον</span> <span class='ocrx_word' id='word_1_363' title='bbox 1050 3125 1146 3178; x_wconf 80' lang='grc' dir='ltr'>καὶ</span> <span class='ocrx_word' id='word_1_364' title='bbox 1185 3125 1222 3180; x_wconf 77' lang='grc' dir='ltr'>ἃ.</span> <span class='ocrx_word' id='word_1_365' title='bbox 1265 3127 1636 3196; x_wconf 78' lang='grc' dir='ltr'>στιχίζουσι.»</span> <span class='ocrx_word' id='word_1_366' title='bbox 1689 3127 1804 3182; x_wconf 90' lang='lat' dir='ltr'><strong>Kal</strong></span> 
     </span>
    </p>
   </div>
   <div class='ocr_carea' id='block_1_50' title="bbox 205 3209 1802 3286">
    <p class='ocr_par' dir='ltr' id='par_1_50' title="bbox 205 3209 1802 3286">
     <span class='ocr_line' id='line_1_50' title="bbox 205 3209 1802 3286; baseline 0.007 -24"><span class='ocrx_word' id='word_1_367' title='bbox 205 3209 381 3263; x_wconf 72' lang='grc' dir='ltr'>πάλιν</span> <span class='ocrx_word' id='word_1_368' title='bbox 410 3209 471 3263; x_wconf 83' lang='grc' dir='ltr'><strong>ἑν</strong></span> <span class='ocrx_word' id='word_1_369' title='bbox 491 3209 854 3283; x_wconf 60' lang='grc' dir='ltr'>ἀλλοιςξὸρκον</span> <span class='ocrx_word' id='word_1_370' title='bbox 882 3214 1197 3286; x_wconf 89' lang='grc' dir='ltr'>πεποίηται,</span> <span class='ocrx_word' id='word_1_371' title='bbox 1237 3234 1256 3269; x_wconf 91' lang='grc' dir='ltr'><strong>ι</strong></span> <span class='ocrx_word' id='word_1_372' title='bbox 1295 3217 1388 3270; x_wconf 85' lang='grc' dir='ltr'><strong>Μὰ</strong></span> <span class='ocrx_word' id='word_1_373' title='bbox 1418 3217 1519 3281; x_wconf 85' lang='grc' dir='ltr'><strong>τάς</strong></span> <span class='ocrx_word' id='word_1_374' title='bbox 1564 3217 1802 3272; x_wconf 86' lang='grc' dir='ltr'>ἀπολυο-</span> 
     </span>
    </p>
   </div>
   <div class='ocr_carea' id='block_1_51' title="bbox 209 3301 1802 3377">
    <p class='ocr_par' dir='ltr' id='par_1_51' title="bbox 209 3301 1802 3377">
     <span class='ocr_line' id='line_1_51' title="bbox 209 3301 1802 3377; baseline 0.006 -24"><span class='ocrx_word' id='word_1_375' title='bbox 209 3302 387 3373; x_wconf 85' lang='grc' dir='ltr'>μένας</span> <span class='ocrx_word' id='word_1_376' title='bbox 436 3301 674 3371; x_wconf 85' lang='grc' dir='ltr'>ὀρδίνου,</span> <span class='ocrx_word' id='word_1_377' title='bbox 714 3302 808 3356; x_wconf 81' lang='grc' dir='ltr'><strong>καὶ</strong></span> <span class='ocrx_word' id='word_1_378' title='bbox 869 3306 1207 3374; x_wconf 84' lang='grc' dir='ltr'>καταιγίδων</span> <span class='ocrx_word' id='word_1_379' title='bbox 1277 3308 1642 3377; x_wconf 86' lang='grc' dir='ltr'>καταιγίδας,</span> <span class='ocrx_word' id='word_1_380' title='bbox 1709 3310 1802 3362; x_wconf 79' lang='grc' dir='ltr'><strong>καὶ</strong></span> 
     </span>
    </p>
   </div>
   <div class='ocr_carea' id='block_1_52' title="bbox 208 3394 1800 3472">
    <p class='ocr_par' dir='ltr' id='par_1_52' title="bbox 208 3394 1800 3472">
     <span class='ocr_line' id='line_1_52' title="bbox 208 3394 1800 3472; baseline 0.004 -24"><span class='ocrx_word' id='word_1_381' title='bbox 208 3394 582 3448; x_wconf 81' lang='grc' dir='ltr'>ἀπλωθέντων</span> <span class='ocrx_word' id='word_1_382' title='bbox 612 3394 946 3466; x_wconf 85' lang='grc' dir='ltr'>ἀπλώματα,</span> <span class='ocrx_word' id='word_1_383' title='bbox 978 3398 1076 3452; x_wconf 83' lang='grc' dir='ltr'>καὶ</span> <span class='ocrx_word' id='word_1_384' title='bbox 1103 3398 1392 3469; x_wconf 84' lang='grc' dir='ltr'>χωρούσας</span> <span class='ocrx_word' id='word_1_385' title='bbox 1417 3399 1678 3472; x_wconf 85' lang='grc' dir='ltr'>χώρημα,</span> <span class='ocrx_word' id='word_1_386' title='bbox 1703 3402 1800 3456; x_wconf 80' lang='grc' dir='ltr'>καὶ</span> 
     </span>
    </p>
   </div>
   <div class='ocr_carea' id='block_1_53' title="bbox 212 3486 1798 3562">
    <p class='ocr_par' dir='ltr' id='par_1_53' title="bbox 212 3486 1798 3562">
     <span class='ocr_line' id='line_1_53' title="bbox 212 3486 1798 3562; baseline 0.006 -25"><span class='ocrx_word' id='word_1_387' title='bbox 212 3486 527 3558; x_wconf 77' lang='grc' dir='ltr'>ριπτούσας</span> <span class='ocrx_word' id='word_1_388' title='bbox 559 3489 786 3557; x_wconf 82' lang='grc' dir='ltr'>γνώμην</span> <span class='ocrx_word' id='word_1_389' title='bbox 813 3487 1240 3562; x_wconf 79' lang='grc' dir='ltr'>ἀπολογητικήν.</span> <span class='ocrx_word' id='word_1_390' title='bbox 1283 3509 1302 3543; x_wconf 93' lang='lat'><strong>9</strong></span> <span class='ocrx_word' id='word_1_391' title='bbox 1367 3491 1479 3545; x_wconf 89' lang='lat' dir='ltr'><strong>Kal</strong></span> <span class='ocrx_word' id='word_1_392' title='bbox 1535 3489 1693 3556; x_wconf 82' lang='grc' dir='ltr'>αὖθις</span> <span class='ocrx_word' id='word_1_393' title='bbox 1739 3495 1798 3548; x_wconf 88' lang='grc' dir='ltr'><strong>ἑν</strong></span> 
     </span>
    </p>
   </div>
   <div class='ocr_carea' id='block_1_54' title="bbox 209 3578 1802 3656">
    <p class='ocr_par' dir='ltr' id='par_1_54' title="bbox 209 3578 1802 3656">
     <span class='ocr_line' id='line_1_54' title="bbox 209 3578 1802 3656; baseline 0.006 -24"><span class='ocrx_word' id='word_1_394' title='bbox 209 3579 404 3642; x_wconf 80' lang='grc' dir='ltr'>ἄλλοις</span> <span class='ocrx_word' id='word_1_395' title='bbox 425 3594 440 3608; x_wconf 93' lang='grc'><strong>·</strong></span> <span class='ocrx_word' id='word_1_396' title='bbox 481 3597 497 3629; x_wconf 87' lang='grc' dir='ltr'><strong>ι</strong></span> <span class='ocrx_word' id='word_1_397' title='bbox 527 3578 620 3632; x_wconf 68' lang='lat' dir='ltr'><strong>Ma</strong></span> <span class='ocrx_word' id='word_1_398' title='bbox 668 3581 768 3643; x_wconf 80' lang='grc' dir='ltr'>τὰς</span> <span class='ocrx_word' id='word_1_399' title='bbox 797 3581 1202 3652; x_wconf 85' lang='grc' dir='ltr'>ἀνασπωμένας</span> <span class='ocrx_word' id='word_1_400' title='bbox 1246 3582 1502 3655; x_wconf 79' lang='grc' dir='ltr'>βόλισμα,</span> <span class='ocrx_word' id='word_1_401' title='bbox 1540 3587 1634 3639; x_wconf 75' lang='grc' dir='ltr'><strong>καὶ</strong></span> <span class='ocrx_word' id='word_1_402' title='bbox 1663 3588 1802 3656; x_wconf 84' lang='grc' dir='ltr'>ἀφε-</span> 
     </span>
    </p>
   </div>
   <div class='ocr_carea' id='block_1_55' title="bbox 207 3670 1798 3748">
    <p class='ocr_par' dir='ltr' id='par_1_55' title="bbox 207 3670 1798 3748">
     <span class='ocr_line' id='line_1_55' title="bbox 207 3670 1798 3748; baseline 0.006 -25"><span class='ocrx_word' id='word_1_403' title='bbox 207 3670 451 3740; x_wconf 86' lang='grc' dir='ltr'>λομένας</span> <span class='ocrx_word' id='word_1_404' title='bbox 477 3671 766 3740; x_wconf 85' lang='grc' dir='ltr'>ἀφέλωμα,</span> <span class='ocrx_word' id='word_1_405' title='bbox 824 3673 917 3725; x_wconf 74' lang='grc' dir='ltr'>καὶ</span> <span class='ocrx_word' id='word_1_406' title='bbox 945 3675 1324 3742; x_wconf 67' lang='grc' dir='ltr'>κολυμὸούσας</span> <span class='ocrx_word' id='word_1_407' title='bbox 1356 3677 1648 3748; x_wconf 78' lang='grc' dir='ltr'>κόλυμόον,</span> <span class='ocrx_word' id='word_1_408' title='bbox 1704 3679 1798 3732; x_wconf 74' lang='grc' dir='ltr'>καὶ</span> 
     </span>
    </p>
   </div>
   <div class='ocr_carea' id='block_1_56' title="bbox 211 3758 1800 3839">
    <p class='ocr_par' dir='ltr' id='par_1_56' title="bbox 211 3758 1800 3839">
     <span class='ocr_line' id='line_1_56' title="bbox 211 3758 1800 3839; baseline 0.008 -28"><span class='ocrx_word' id='word_1_409' title='bbox 211 3758 605 3828; x_wconf 78' lang='grc' dir='ltr'>προλασούσας</span> <span class='ocrx_word' id='word_1_410' title='bbox 637 3758 1003 3830; x_wconf 76' lang='grc' dir='ltr'>προλάόωμα,</span> <span class='ocrx_word' id='word_1_411' title='bbox 1029 3765 1124 3815; x_wconf 74' lang='grc' dir='ltr'><strong>καὶ</strong></span> <span class='ocrx_word' id='word_1_412' title='bbox 1145 3764 1456 3830; x_wconf 84' lang='grc' dir='ltr'>διοικούσας</span> <span class='ocrx_word' id='word_1_413' title='bbox 1475 3771 1713 3839; x_wconf 81' lang='grc' dir='ltr'>πρᾶγμα</span> <span class='ocrx_word' id='word_1_414' title='bbox 1741 3771 1800 3823; x_wconf 80' lang='grc' dir='ltr'><strong>ἑν</strong></span> 
     </span>
    </p>
   </div>
   <div class='ocr_carea' id='block_1_57' title="bbox 211 3847 1797 3936">
    <p class='ocr_par' dir='ltr' id='par_1_57' title="bbox 211 3847 1797 3936">
     <span class='ocr_line' id='line_1_57' title="bbox 211 3847 1797 3936; baseline 0.007 -31"><span class='ocrx_word' id='word_1_415' title='bbox 211 3855 405 3926; x_wconf 76' lang='grc' dir='ltr'>ἡμέρᾳ</span> <span class='ocrx_word' id='word_1_416' title='bbox 455 3854 512 3906; x_wconf 85' lang='grc' dir='ltr'><strong>ἑν</strong></span> <span class='ocrx_word' id='word_1_417' title='bbox 610 3854 746 3908; x_wconf 84' lang='grc' dir='ltr'>σείει</span> <span class='ocrx_word' id='word_1_418' title='bbox 778 3857 1003 3924; x_wconf 86' lang='grc' dir='ltr'>σεισμός</span> <span class='ocrx_word' id='word_1_419' title='bbox 1024 3875 1037 3889; x_wconf 92' lang='grc'><strong>·</strong></span> <span class='ocrx_word' id='word_1_420' title='bbox 1080 3876 1100 3910; x_wconf 94' lang='lat'><strong>9</strong></span> <span class='ocrx_word' id='word_1_421' title='bbox 1162 3860 1258 3912; x_wconf 79' lang='grc' dir='ltr'>καὶ</span> <span class='ocrx_word' id='word_1_422' title='bbox 1291 3857 1449 3925; x_wconf 81' lang='grc' dir='ltr'>αὖθις</span> <span class='ocrx_word' id='word_1_423' title='bbox 1480 3863 1538 3916; x_wconf 91' lang='grc' dir='ltr'><strong>ἑν</strong></span> <span class='ocrx_word' id='word_1_424' title='bbox 1591 3864 1797 3936; x_wconf 85' lang='grc' dir='ltr'>ἑτέρῳ·</span> 
     </span>
    </p>
   </div>
   <div class='ocr_carea' id='block_1_58' title="bbox 220 3947 1800 4026">
    <p class='ocr_par' dir='ltr' id='par_1_58' title="bbox 220 3947 1800 4026">
     <span class='ocr_line' id='line_1_58' title="bbox 220 3947 1800 4026; baseline 0.007 -28"><span class='ocrx_word' id='word_1_425' title='bbox 220 3968 238 3998; x_wconf 76' lang='grc' dir='ltr'><strong>ι</strong></span> <span class='ocrx_word' id='word_1_426' title='bbox 267 3949 366 4003; x_wconf 75' lang='lat' dir='ltr'><strong>Ma</strong></span> <span class='ocrx_word' id='word_1_427' title='bbox 381 3947 474 4001; x_wconf 76' lang='grc' dir='ltr'>τὸν</span> <span class='ocrx_word' id='word_1_428' title='bbox 491 3948 720 4019; x_wconf 79' lang='grc' dir='ltr'>οὐρανὸν</span> <span class='ocrx_word' id='word_1_429' title='bbox 738 3948 830 4002; x_wconf 81' lang='grc' dir='ltr'><strong>τὸν</strong></span> <span class='ocrx_word' id='word_1_430' title='bbox 857 3965 1000 4003; x_wconf 87' lang='grc' dir='ltr'>πεπυ</span> <span class='ocrx_word' id='word_1_431' title='bbox 1010 3953 1310 4022; x_wconf 89' lang='grc' dir='ltr'>ργωμένον,</span> <span class='ocrx_word' id='word_1_432' title='bbox 1341 3954 1433 4006; x_wconf 79' lang='grc' dir='ltr'><strong>καὶ</strong></span> <span class='ocrx_word' id='word_1_433' title='bbox 1458 3953 1556 4024; x_wconf 80' lang='grc' dir='ltr'>τὴν</span> <span class='ocrx_word' id='word_1_434' title='bbox 1585 3955 1800 4026; x_wconf 80' lang='grc' dir='ltr'>ἡμέραν</span> 
     </span>
    </p>
   </div>
   <div class='ocr_carea' id='block_1_59' title="bbox 218 4039 1802 4113">
    <p class='ocr_par' dir='ltr' id='par_1_59' title="bbox 218 4039 1802 4113">
     <span class='ocr_line' id='line_1_59' title="bbox 218 4039 1802 4113; baseline 0.004 -21"><span class='ocrx_word' id='word_1_435' title='bbox 218 4039 324 4110; x_wconf 78' lang='grc' dir='ltr'><strong>τῆς</strong></span> <span class='ocrx_word' id='word_1_436' title='bbox 359 4041 658 4109; x_wconf 83' lang='grc' dir='ltr'>συνταγῆς·</span> <span class='ocrx_word' id='word_1_437' title='bbox 678 4040 772 4094; x_wconf 76' lang='grc' dir='ltr'>καὶ</span> <span class='ocrx_word' id='word_1_438' title='bbox 800 4041 1014 4112; x_wconf 81' lang='grc' dir='ltr'>μάρτυν</span> <span class='ocrx_word' id='word_1_439' title='bbox 1033 4042 1128 4095; x_wconf 81' lang='grc' dir='ltr'><strong>καὶ</strong></span> <span class='ocrx_word' id='word_1_440' title='bbox 1161 4043 1631 4113; x_wconf 84' lang='grc' dir='ltr'>μαρτυρούμενον.</span> <span class='ocrx_word' id='word_1_441' title='bbox 1648 4063 1666 4096; x_wconf 96' lang='lat'><strong>9</strong></span> <span class='ocrx_word' id='word_1_442' title='bbox 1691 4044 1802 4098; x_wconf 85' lang='lat' dir='ltr'><strong>Kal</strong></span> 
     </span>
    </p>
   </div>
   <div class='ocr_carea' id='block_1_60' title="bbox 212 4129 1800 4204">
    <p class='ocr_par' dir='ltr' id='par_1_60' title="bbox 212 4129 1800 4204">
     <span class='ocr_line' id='line_1_60' title="bbox 212 4129 1800 4204; baseline 0.006 -21"><span class='ocrx_word' id='word_1_443' title='bbox 212 4129 384 4185; x_wconf 80' lang='grc' dir='ltr'>πάλιν</span> <span class='ocrx_word' id='word_1_444' title='bbox 422 4129 479 4182; x_wconf 85' lang='grc' dir='ltr'><strong>ἑν</strong></span> <span class='ocrx_word' id='word_1_445' title='bbox 514 4129 688 4202; x_wconf 83' lang='grc' dir='ltr'>ἑτέρῳ</span> <span class='ocrx_word' id='word_1_446' title='bbox 711 4148 725 4164; x_wconf 94' lang='grc'><strong>·</strong></span> <span class='ocrx_word' id='word_1_447' title='bbox 765 4149 785 4183; x_wconf 83' lang='grc' dir='ltr'><strong>ι</strong></span> <span class='ocrx_word' id='word_1_448' title='bbox 814 4132 907 4186; x_wconf 67' lang='lat' dir='ltr'><strong>Ma</strong></span> <span class='ocrx_word' id='word_1_449' title='bbox 946 4132 1038 4185; x_wconf 80' lang='grc' dir='ltr'>τὸν</span> <span class='ocrx_word' id='word_1_450' title='bbox 1065 4134 1298 4204; x_wconf 83' lang='grc' dir='ltr'>οὐρανὸν</span> <span class='ocrx_word' id='word_1_451' title='bbox 1349 4136 1447 4189; x_wconf 80' lang='grc' dir='ltr'>καὶ</span> <span class='ocrx_word' id='word_1_452' title='bbox 1476 4135 1571 4190; x_wconf 82' lang='grc' dir='ltr'><strong>τὸν</strong></span> <span class='ocrx_word' id='word_1_453' title='bbox 1607 4137 1800 4192; x_wconf 72' lang='grc' dir='ltr'><strong>⁹Αλταει</strong></span> 
     </span>
    </p>
   </div>
   <div class='ocr_carea' id='block_1_61' title="bbox 211 4218 1802 4302">
    <p class='ocr_par' dir='ltr' id='par_1_61' title="bbox 211 4218 1802 4302">
     <span class='ocr_line' id='line_1_61' title="bbox 211 4218 1802 4302; baseline 0.006 -28"><span class='ocrx_word' id='word_1_454' title='bbox 211 4221 328 4294; x_wconf 71' lang='lat' dir='ltr'><strong>piat.</strong></span> <span class='ocrx_word' id='word_1_455' title='bbox 364 4239 384 4274; x_wconf 93' lang='lat'><strong>9</strong></span> <span class='ocrx_word' id='word_1_456' title='bbox 415 4220 524 4275; x_wconf 84' lang='grc' dir='ltr'>Καί</span> <span class='ocrx_word' id='word_1_457' title='bbox 551 4223 604 4275; x_wconf 90' lang='grc' dir='ltr'><strong>τί</strong></span> <span class='ocrx_word' id='word_1_458' title='bbox 636 4218 788 4286; x_wconf 71' lang='grc' dir='ltr'>οἶδας</span> <span class='ocrx_word' id='word_1_459' title='bbox 817 4223 870 4276; x_wconf 88' lang='grc' dir='ltr'><strong>τί</strong></span> <span class='ocrx_word' id='word_1_460' title='bbox 893 4223 955 4276; x_wconf 85' lang='grc' dir='ltr'>τὸ</span> <span class='ocrx_word' id='word_1_461' title='bbox 991 4223 1288 4295; x_wconf 80' lang='grc' dir='ltr'>’Δλταρίκ;</span> <span class='ocrx_word' id='word_1_462' title='bbox 1331 4225 1391 4280; x_wconf 88' lang='grc' dir='ltr'><strong>Ὅ</strong></span> <span class='ocrx_word' id='word_1_463' title='bbox 1415 4227 1592 4298; x_wconf 78' lang='grc' dir='ltr'>ἀστὴρ</span> <span class='ocrx_word' id='word_1_464' title='bbox 1620 4229 1648 4282; x_wconf 84' lang='grc' dir='ltr'><strong>δ</strong></span> <span class='ocrx_word' id='word_1_465' title='bbox 1671 4246 1802 4302; x_wconf 86' lang='grc' dir='ltr'>τρυ-</span> 
     </span>
    </p>
   </div>
   <div class='ocr_carea' id='block_1_62' title="bbox 209 4315 1802 4388">
    <p class='ocr_par' dir='ltr' id='par_1_62' title="bbox 209 4315 1802 4388">
     <span class='ocr_line' id='line_1_62' title="bbox 209 4315 1802 4388; baseline 0.003 -18"><span class='ocrx_word' id='word_1_466' title='bbox 209 4315 426 4386; x_wconf 79' lang='grc' dir='ltr'>πητός·</span> <span class='ocrx_word' id='word_1_467' title='bbox 484 4315 578 4368; x_wconf 78' lang='grc' dir='ltr'>καὶ</span> <span class='ocrx_word' id='word_1_468' title='bbox 632 4317 692 4368; x_wconf 90' lang='grc' dir='ltr'><strong>ἑν</strong></span> <span class='ocrx_word' id='word_1_469' title='bbox 751 4315 898 4386; x_wconf 78' lang='grc' dir='ltr'>ἄλλῳ</span> <span class='ocrx_word' id='word_1_470' title='bbox 939 4317 1138 4371; x_wconf 79' lang='grc' dir='ltr'>πάλιν·</span> <span class='ocrx_word' id='word_1_471' title='bbox 1199 4336 1219 4370; x_wconf 88' lang='lat' dir='ltr'><strong>t</strong></span> <span class='ocrx_word' id='word_1_472' title='bbox 1253 4319 1346 4372; x_wconf 89' lang='grc' dir='ltr'><strong>Μά</strong></span> <span class='ocrx_word' id='word_1_473' title='bbox 1374 4318 1437 4372; x_wconf 83' lang='grc' dir='ltr'><strong>τὸ</strong></span> <span class='ocrx_word' id='word_1_474' title='bbox 1493 4318 1658 4388; x_wconf 83' lang='grc' dir='ltr'>αὖγος</span> <span class='ocrx_word' id='word_1_475' title='bbox 1707 4322 1802 4376; x_wconf 79' lang='grc' dir='ltr'>καὶ</span> 
     </span>
    </p>
   </div>
   <div class='ocr_carea' id='block_1_63' title="bbox 209 4407 1803 4484">
    <p class='ocr_par' dir='ltr' id='par_1_63' title="bbox 209 4407 1803 4484">
     <span class='ocr_line' id='line_1_63' title="bbox 209 4407 1803 4484; baseline 0.001 -19"><span class='ocrx_word' id='word_1_476' title='bbox 209 4408 421 4472; x_wconf 82' lang='grc' dir='ltr'>νύκτας</span> <span class='ocrx_word' id='word_1_477' title='bbox 449 4407 613 4461; x_wconf 74' lang='grc' dir='ltr'>δέκα·</span> <span class='ocrx_word' id='word_1_478' title='bbox 643 4409 736 4463; x_wconf 77' lang='grc' dir='ltr'><strong>καὶ</strong></span> <span class='ocrx_word' id='word_1_479' title='bbox 770 4409 803 4478; x_wconf 76' lang='grc' dir='ltr'>ἡ</span> <span class='ocrx_word' id='word_1_480' title='bbox 835 4409 976 4480; x_wconf 81' lang='grc' dir='ltr'>ζυγὴ</span> <span class='ocrx_word' id='word_1_481' title='bbox 1002 4411 1096 4464; x_wconf 80' lang='grc' dir='ltr'>καὶ</span> <span class='ocrx_word' id='word_1_482' title='bbox 1125 4411 1159 4478; x_wconf 83' lang='grc' dir='ltr'>ἠ</span> <span class='ocrx_word' id='word_1_483' title='bbox 1195 4409 1446 4482; x_wconf 79' lang='grc' dir='ltr'>ἀποζυγή</span> <span class='ocrx_word' id='word_1_484' title='bbox 1470 4426 1484 4442; x_wconf 94' lang='grc'><strong>·</strong></span> <span class='ocrx_word' id='word_1_485' title='bbox 1515 4413 1612 4465; x_wconf 70' lang='grc' dir='ltr'><strong>καὶ</strong></span> <span class='ocrx_word' id='word_1_486' title='bbox 1641 4416 1672 4484; x_wconf 78' lang='grc' dir='ltr'><strong>η</strong></span> <span class='ocrx_word' id='word_1_487' title='bbox 1704 4413 1803 4480; x_wconf 78' lang='grc' dir='ltr'><strong>νὺξ</strong></span> 
     </span>
    </p>
   </div>
   <div class='ocr_carea' id='block_1_64' title="bbox 212 4499 1800 4572">
    <p class='ocr_par' dir='ltr' id='par_1_64' title="bbox 212 4499 1800 4572">
     <span class='ocr_line' id='line_1_64' title="bbox 212 4499 1800 4572; baseline 0 -17"><span class='ocrx_word' id='word_1_488' title='bbox 212 4504 347 4555; x_wconf 77' lang='grc' dir='ltr'>όταν</span> <span class='ocrx_word' id='word_1_489' title='bbox 369 4499 717 4570; x_wconf 78' lang='grc' dir='ltr'>ἑφαπλῶται.</span> <span class='ocrx_word' id='word_1_490' title='bbox 749 4517 768 4553; x_wconf 94' lang='lat'><strong>9</strong></span> <span class='ocrx_word' id='word_1_491' title='bbox 794 4499 906 4553; x_wconf 88' lang='lat' dir='ltr'><strong>Kal</strong></span> <span class='ocrx_word' id='word_1_492' title='bbox 933 4499 1090 4563; x_wconf 81' lang='grc' dir='ltr'>αὖθις</span> <span class='ocrx_word' id='word_1_493' title='bbox 1111 4503 1168 4554; x_wconf 90' lang='grc' dir='ltr'><strong>ἑν</strong></span> <span class='ocrx_word' id='word_1_494' title='bbox 1189 4500 1334 4572; x_wconf 81' lang='grc' dir='ltr'>ἄλλῳ</span> <span class='ocrx_word' id='word_1_495' title='bbox 1353 4517 1368 4532; x_wconf 94' lang='grc'><strong>·</strong></span> <span class='ocrx_word' id='word_1_496' title='bbox 1392 4521 1410 4556; x_wconf 83' lang='grc' dir='ltr'><strong>ι</strong></span> <span class='ocrx_word' id='word_1_497' title='bbox 1439 4503 1534 4556; x_wconf 73' lang='lat' dir='ltr'><strong>Ma</strong></span> <span class='ocrx_word' id='word_1_498' title='bbox 1569 4502 1668 4566; x_wconf 84' lang='grc' dir='ltr'><strong>τάς</strong></span> <span class='ocrx_word' id='word_1_499' title='bbox 1703 4519 1800 4555; x_wconf 82' lang='grc' dir='ltr'>συ·-</span> 
     </span>
    </p>
   </div>
   <div class='ocr_carea' id='block_1_65' title="bbox 212 4590 1793 4666">
    <p class='ocr_par' dir='ltr' id='par_1_65' title="bbox 212 4590 1793 4666">
     <span class='ocr_line' id='line_1_65' title="bbox 212 4590 1793 4666; baseline 0.001 -20"><span class='ocrx_word' id='word_1_500' title='bbox 212 4594 320 4656; x_wconf 65' lang='lat' dir='ltr'><strong>aa;</strong></span> <span class='ocrx_word' id='word_1_501' title='bbox 347 4593 441 4644; x_wconf 81' lang='grc' dir='ltr'>καὶ</span> <span class='ocrx_word' id='word_1_502' title='bbox 463 4593 562 4654; x_wconf 77' lang='grc' dir='ltr'>τὰς</span> <span class='ocrx_word' id='word_1_503' title='bbox 588 4590 774 4654; x_wconf 87' lang='grc' dir='ltr'>ἑλαίας</span> <span class='ocrx_word' id='word_1_504' title='bbox 797 4591 893 4644; x_wconf 87' lang='grc' dir='ltr'><strong>τοῦ</strong></span> <span class='ocrx_word' id='word_1_505' title='bbox 909 4592 1060 4656; x_wconf 84' lang='grc' dir='ltr'>Σινᾶ,</span> <span class='ocrx_word' id='word_1_506' title='bbox 1085 4593 1179 4646; x_wconf 80' lang='grc' dir='ltr'>καὶ</span> <span class='ocrx_word' id='word_1_507' title='bbox 1201 4593 1406 4663; x_wconf 85' lang='grc' dir='ltr'>ταύτην</span> <span class='ocrx_word' id='word_1_508' title='bbox 1435 4595 1536 4664; x_wconf 81' lang='grc' dir='ltr'>τὴν</span> <span class='ocrx_word' id='word_1_509' title='bbox 1558 4594 1793 4666; x_wconf 75' lang='grc' dir='ltr'>χώραν.»</span> 
     </span>
    </p>
   </div>
   <div class='ocr_carea' id='block_1_66' title="bbox 212 4683 1799 4756">
    <p class='ocr_par' dir='ltr' id='par_1_66' title="bbox 212 4683 1799 4756">
     <span class='ocr_line' id='line_1_66' title="bbox 212 4683 1799 4756; baseline 0.001 -18"><span class='ocrx_word' id='word_1_510' title='bbox 212 4686 328 4738; x_wconf 82' lang='lat' dir='ltr'><strong>Kal</strong></span> <span class='ocrx_word' id='word_1_511' title='bbox 369 4685 427 4737; x_wconf 80' lang='grc' dir='ltr'><strong>ἑν</strong></span> <span class='ocrx_word' id='word_1_512' title='bbox 457 4683 603 4752; x_wconf 76' lang='grc' dir='ltr'>ἄλλῳ</span> <span class='ocrx_word' id='word_1_513' title='bbox 635 4683 832 4738; x_wconf 80' lang='grc' dir='ltr'>πάλιν·</span> <span class='ocrx_word' id='word_1_514' title='bbox 876 4701 895 4735; x_wconf 83' lang='grc' dir='ltr'><strong>ι</strong></span> <span class='ocrx_word' id='word_1_515' title='bbox 934 4684 1028 4738; x_wconf 74' lang='lat' dir='ltr'><strong>Ma</strong></span> <span class='ocrx_word' id='word_1_516' title='bbox 1061 4685 1160 4748; x_wconf 77' lang='grc' dir='ltr'>τὰς</span> <span class='ocrx_word' id='word_1_517' title='bbox 1213 4685 1530 4756; x_wconf 87' lang='grc' dir='ltr'>δραμούσας</span> <span class='ocrx_word' id='word_1_518' title='bbox 1573 4687 1632 4740; x_wconf 86' lang='grc' dir='ltr'><strong>ἑν</strong></span> <span class='ocrx_word' id='word_1_519' title='bbox 1664 4686 1799 4740; x_wconf 84' lang='grc' dir='ltr'>ὑλα-</span> 
     </span>
    </p>
   </div>
   <div class='ocr_carea' id='block_1_67' title="bbox 213 4773 1799 4848">
    <p class='ocr_par' dir='ltr' id='par_1_67' title="bbox 213 4773 1799 4848">
     <span class='ocr_line' id='line_1_67' title="bbox 213 4773 1799 4848; baseline 0.002 -19"><span class='ocrx_word' id='word_1_520' title='bbox 213 4774 430 4844; x_wconf 77' lang='grc' dir='ltr'>κισμῴ,</span> <span class='ocrx_word' id='word_1_521' title='bbox 479 4775 575 4827; x_wconf 78' lang='grc' dir='ltr'><strong>καὶ</strong></span> <span class='ocrx_word' id='word_1_522' title='bbox 607 4774 708 4837; x_wconf 81' lang='grc' dir='ltr'>τὰς</span> <span class='ocrx_word' id='word_1_523' title='bbox 751 4773 1107 4840; x_wconf 86' lang='grc' dir='ltr'>δεικνυούσας</span> <span class='ocrx_word' id='word_1_524' title='bbox 1133 4777 1472 4848; x_wconf 80' lang='grc' dir='ltr'>πυροδολίαν</span> <span class='ocrx_word' id='word_1_525' title='bbox 1498 4817 1514 4842; x_wconf 86' lang='grc'><strong>,</strong></span> <span class='ocrx_word' id='word_1_526' title='bbox 1574 4777 1670 4832; x_wconf 76' lang='grc' dir='ltr'>καὶ</span> <span class='ocrx_word' id='word_1_527' title='bbox 1697 4779 1799 4842; x_wconf 84' lang='grc' dir='ltr'><strong>τὰς</strong></span> 
     </span>
    </p>
   </div>
   <div class='ocr_carea' id='block_1_68' title="bbox 1913 2208 3497 2287">
    <p class='ocr_par' dir='ltr' id='par_1_68' title="bbox 1913 2208 3497 2287">
     <span class='ocr_line' id='line_1_68' title="bbox 1913 2208 3497 2287; baseline 0.007 -26"><span class='ocrx_word' id='word_1_528' title='bbox 1913 2209 2269 2276; x_wconf 78' lang='lat' dir='ltr'><strong>stringentem</strong></span> <span class='ocrx_word' id='word_1_529' title='bbox 2298 2226 2313 2263; x_wconf 92' lang='lat'><strong>:</strong></span> <span class='ocrx_word' id='word_1_530' title='bbox 2351 2228 2368 2261; x_wconf 83' lang='lat' dir='ltr'><strong>t</strong></span> <span class='ocrx_word' id='word_1_531' title='bbox 2401 2208 2494 2264; x_wconf 72' lang='lat' dir='ltr'><strong>Na:</strong></span> <span class='ocrx_word' id='word_1_532' title='bbox 2529 2224 2625 2279; x_wconf 88' lang='lat' dir='ltr'><strong>per</strong></span> <span class='ocrx_word' id='word_1_533' title='bbox 2656 2211 2882 2281; x_wconf 87' lang='lat' dir='ltr'><strong>phulcos</strong></span> <span class='ocrx_word' id='word_1_534' title='bbox 2909 2212 3250 2280; x_wconf 88' lang='lat' dir='ltr'><strong>phulcorum,</strong></span> <span class='ocrx_word' id='word_1_535' title='bbox 3286 2229 3337 2270; x_wconf 89' lang='lat' dir='ltr'><strong>et</strong></span> <span class='ocrx_word' id='word_1_536' title='bbox 3369 2235 3497 2287; x_wconf 76' lang='lat' dir='ltr'><strong>pro-</strong></span> 
     </span>
    </p>
   </div>
   <div class='ocr_carea' id='block_1_69' title="bbox 1916 2301 3498 2370">
    <p class='ocr_par' dir='ltr' id='par_1_69' title="bbox 1916 2301 3498 2370">
     <span class='ocr_line' id='line_1_69' title="bbox 1916 2301 3498 2370; baseline 0.007 -16"><span class='ocrx_word' id='word_1_537' title='bbox 1916 2301 2176 2355; x_wconf 83' lang='lat' dir='ltr'><strong>thismalo</strong></span> <span class='ocrx_word' id='word_1_538' title='bbox 2213 2301 2652 2370; x_wconf 86' lang='lat' dir='ltr'><strong>prothismatum.</strong></span> <span class='ocrx_word' id='word_1_539' title='bbox 2697 2321 2716 2355; x_wconf 90' lang='lat'><strong>9</strong></span> <span class='ocrx_word' id='word_1_540' title='bbox 2785 2304 2852 2357; x_wconf 86' lang='lat' dir='ltr'><strong>Et</strong></span> <span class='ocrx_word' id='word_1_541' title='bbox 2882 2305 3078 2358; x_wconf 87' lang='lat' dir='ltr'><strong>iterum</strong></span> <span class='ocrx_word' id='word_1_542' title='bbox 3113 2306 3163 2360; x_wconf 90' lang='lat' dir='ltr'><strong>in</strong></span> <span class='ocrx_word' id='word_1_543' title='bbox 3197 2309 3299 2361; x_wconf 89' lang='lat' dir='ltr'><strong>alia</strong></span> <span class='ocrx_word' id='word_1_544' title='bbox 3330 2311 3498 2366; x_wconf 78' lang='lat' dir='ltr'><strong>fabel-</strong></span> 
     </span>
    </p>
   </div>
   <div class='ocr_carea' id='block_1_70' title="bbox 1910 2391 3496 2465">
    <p class='ocr_par' dir='ltr' id='par_1_70' title="bbox 1910 2391 3496 2465">
     <span class='ocr_line' id='line_1_70' title="bbox 1910 2391 3496 2465; baseline 0.008 -22"><span class='ocrx_word' id='word_1_545' title='bbox 1910 2391 1958 2445; x_wconf 89' lang='lat' dir='ltr'><strong>la</strong></span> <span class='ocrx_word' id='word_1_546' title='bbox 1998 2408 2012 2446; x_wconf 92' lang='lat'>:</span> <span class='ocrx_word' id='word_1_547' title='bbox 2058 2410 2077 2444; x_wconf 85' lang='lat' dir='ltr'><strong>t</strong></span> <span class='ocrx_word' id='word_1_548' title='bbox 2127 2391 2219 2447; x_wconf 74' lang='lat' dir='ltr'><strong>Na:</strong></span> <span class='ocrx_word' id='word_1_549' title='bbox 2260 2407 2356 2462; x_wconf 89' lang='lat' dir='ltr'><strong>per</strong></span> <span class='ocrx_word' id='word_1_550' title='bbox 2389 2392 2651 2446; x_wconf 86' lang='lat' dir='ltr'><strong>licmunta</strong></span> <span class='ocrx_word' id='word_1_551' title='bbox 2689 2392 3040 2458; x_wconf 88' lang='lat' dir='ltr'><strong>licmuntum,</strong></span> <span class='ocrx_word' id='word_1_552' title='bbox 3111 2405 3164 2448; x_wconf 90' lang='lat' dir='ltr'><strong>et</strong></span> <span class='ocrx_word' id='word_1_553' title='bbox 3215 2410 3496 2465; x_wconf 81' lang='lat' dir='ltr'><strong>portantes</strong></span> 
     </span>
    </p>
   </div>
   <div class='ocr_carea' id='block_1_71' title="bbox 1910 2485 3491 2558">
    <p class='ocr_par' dir='ltr' id='par_1_71' title="bbox 1910 2485 3491 2558">
     <span class='ocr_line' id='line_1_71' title="bbox 1910 2485 3491 2558; baseline 0.006 -21"><span class='ocrx_word' id='word_1_554' title='bbox 1910 2496 2099 2550; x_wconf 82' lang='lat' dir='ltr'><strong>onera,</strong></span> <span class='ocrx_word' id='word_1_555' title='bbox 2152 2493 2544 2552; x_wconf 82' lang='lat' dir='ltr'><strong>currentesque</strong></span> <span class='ocrx_word' id='word_1_556' title='bbox 2601 2494 2805 2538; x_wconf 89' lang='lat' dir='ltr'><strong>rectam</strong></span> <span class='ocrx_word' id='word_1_557' title='bbox 2833 2485 2998 2550; x_wconf 83' lang='lat' dir='ltr'><strong>viam,</strong></span> <span class='ocrx_word' id='word_1_558' title='bbox 3032 2495 3088 2539; x_wconf 91' lang='lat' dir='ltr'><strong>et</strong></span> <span class='ocrx_word' id='word_1_559' title='bbox 3117 2501 3180 2540; x_wconf 89' lang='lat' dir='ltr'><strong>ea</strong></span> <span class='ocrx_word' id='word_1_560' title='bbox 3237 2505 3358 2558; x_wconf 74' lang='lat' dir='ltr'><strong>qua:</strong></span> <span class='ocrx_word' id='word_1_561' title='bbox 3404 2507 3491 2547; x_wconf 85' lang='lat' dir='ltr'><strong>res</strong></span> 
     </span>
    </p>
   </div>
   <div class='ocr_carea' id='block_1_72' title="bbox 1909 2572 3493 2646">
    <p class='ocr_par' dir='ltr' id='par_1_72' title="bbox 1909 2572 3493 2646">
     <span class='ocr_line' id='line_1_72' title="bbox 1909 2572 3493 2646; baseline 0.006 -23"><span class='ocrx_word' id='word_1_562' title='bbox 1909 2572 2237 2641; x_wconf 87' lang='lat' dir='ltr'><strong>partiuntur.</strong></span> <span class='ocrx_word' id='word_1_563' title='bbox 2277 2591 2295 2622; x_wconf 74' lang='grc' dir='ltr'><strong>ι</strong></span> <span class='ocrx_word' id='word_1_564' title='bbox 2363 2572 2427 2625; x_wconf 70' lang='lat' dir='ltr'><strong>lit</strong></span> <span class='ocrx_word' id='word_1_565' title='bbox 2461 2574 2652 2626; x_wconf 90' lang='lat' dir='ltr'><strong>iterum</strong></span> <span class='ocrx_word' id='word_1_566' title='bbox 2685 2572 2743 2626; x_wconf 89' lang='lat' dir='ltr'><strong>in</strong></span> <span class='ocrx_word' id='word_1_567' title='bbox 2804 2573 2907 2627; x_wconf 87' lang='lat' dir='ltr'><strong>alia</strong></span> <span class='ocrx_word' id='word_1_568' title='bbox 2947 2592 3011 2628; x_wconf 89' lang='lat' dir='ltr'><strong>:t</strong></span> <span class='ocrx_word' id='word_1_569' title='bbox 3066 2574 3155 2628; x_wconf 69' lang='lat' dir='ltr'><strong>Nae</strong></span> <span class='ocrx_word' id='word_1_570' title='bbox 3185 2593 3282 2646; x_wconf 87' lang='lat' dir='ltr'><strong>per</strong></span> <span class='ocrx_word' id='word_1_571' title='bbox 3342 2597 3493 2634; x_wconf 84' lang='lat' dir='ltr'><strong>tuon-</strong></span> 
     </span>
    </p>
   </div>
   <div class='ocr_carea' id='block_1_73' title="bbox 1910 2661 3490 2738">
    <p class='ocr_par' dir='ltr' id='par_1_73' title="bbox 1910 2661 3490 2738">
     <span class='ocr_line' id='line_1_73' title="bbox 1910 2661 3490 2738; baseline 0.008 -24"><span class='ocrx_word' id='word_1_572' title='bbox 1910 2669 2016 2715; x_wconf 84' lang='lat' dir='ltr'><strong>tem</strong></span> <span class='ocrx_word' id='word_1_573' title='bbox 2051 2671 2106 2716; x_wconf 90' lang='lat' dir='ltr'><strong>et</strong></span> <span class='ocrx_word' id='word_1_574' title='bbox 2153 2661 2483 2732; x_wconf 86' lang='lat' dir='ltr'><strong>scripturam</strong></span> <span class='ocrx_word' id='word_1_575' title='bbox 2544 2662 2757 2718; x_wconf 83' lang='lat' dir='ltr'><strong>duobus</strong></span> <span class='ocrx_word' id='word_1_576' title='bbox 2813 2665 3061 2721; x_wconf 81' lang='lat' dir='ltr'><strong>versibus</strong></span> <span class='ocrx_word' id='word_1_577' title='bbox 3121 2669 3380 2738; x_wconf 85' lang='lat' dir='ltr'><strong>scriptam</strong></span> <span class='ocrx_word' id='word_1_578' title='bbox 3436 2673 3490 2727; x_wconf 85' lang='lat' dir='ltr'><strong>in</strong></span> 
     </span>
    </p>
   </div>
   <div class='ocr_carea' id='block_1_74' title="bbox 1907 2749 3493 2821">
    <p class='ocr_par' dir='ltr' id='par_1_74' title="bbox 1907 2749 3493 2821">
     <span class='ocr_line' id='line_1_74' title="bbox 1907 2749 3493 2821; baseline 0.007 -19"><span class='ocrx_word' id='word_1_579' title='bbox 1907 2749 2224 2804; x_wconf 86' lang='lat' dir='ltr'><strong>membrana</strong></span> <span class='ocrx_word' id='word_1_580' title='bbox 2285 2749 2476 2814; x_wconf 89' lang='lat' dir='ltr'><strong>tenui;</strong></span> <span class='ocrx_word' id='word_1_581' title='bbox 2533 2759 2589 2804; x_wconf 90' lang='lat' dir='ltr'><strong>et</strong></span> <span class='ocrx_word' id='word_1_582' title='bbox 2654 2749 2947 2819; x_wconf 85' lang='lat' dir='ltr'><strong>hospitium</strong></span> <span class='ocrx_word' id='word_1_583' title='bbox 3033 2753 3379 2821; x_wconf 81' lang='lat' dir='ltr'><strong>aedificatum,</strong></span> <span class='ocrx_word' id='word_1_584' title='bbox 3438 2770 3493 2813; x_wconf 89' lang='lat' dir='ltr'><strong>et</strong></span> 
     </span>
    </p>
   </div>
   <div class='ocr_carea' id='block_1_75' title="bbox 1909 2843 3482 2914">
    <p class='ocr_par' dir='ltr' id='par_1_75' title="bbox 1909 2843 3482 2914">
     <span class='ocr_line' id='line_1_75' title="bbox 1909 2843 3482 2914; baseline 0.008 -19"><span class='ocrx_word' id='word_1_585' title='bbox 1909 2850 2118 2895; x_wconf 87' lang='lat' dir='ltr'><strong>rectum</strong></span> <span class='ocrx_word' id='word_1_586' title='bbox 2153 2843 2296 2912; x_wconf 88' lang='lat' dir='ltr'><strong>quod</strong></span> <span class='ocrx_word' id='word_1_587' title='bbox 2325 2843 2672 2914; x_wconf 84' lang='lat' dir='ltr'><strong>appenditur,</strong></span> <span class='ocrx_word' id='word_1_588' title='bbox 2710 2852 2764 2897; x_wconf 90' lang='lat' dir='ltr'><strong>et</strong></span> <span class='ocrx_word' id='word_1_589' title='bbox 2813 2859 2912 2913; x_wconf 90' lang='lat' dir='ltr'><strong>per</strong></span> <span class='ocrx_word' id='word_1_590' title='bbox 2951 2861 3101 2901; x_wconf 89' lang='lat' dir='ltr'><strong>mare</strong></span> <span class='ocrx_word' id='word_1_591' title='bbox 3158 2851 3421 2906; x_wconf 79' lang='lat' dir='ltr'><strong>vinctum.</strong></span> <span class='ocrx_word' id='word_1_592' title='bbox 3461 2873 3482 2907; x_wconf 91' lang='lat'><strong>9</strong></span> 
     </span>
    </p>
   </div>
   <div class='ocr_carea' id='block_1_76' title="bbox 1909 2935 3491 3016">
    <p class='ocr_par' dir='ltr' id='par_1_76' title="bbox 1909 2935 3491 3016">
     <span class='ocr_line' id='line_1_76' title="bbox 1909 2935 3491 3016; baseline 0.008 -26"><span class='ocrx_word' id='word_1_593' title='bbox 1909 2935 1975 2991; x_wconf 86' lang='lat' dir='ltr'><strong>Et</strong></span> <span class='ocrx_word' id='word_1_594' title='bbox 2009 2936 2062 2991; x_wconf 89' lang='lat' dir='ltr'><strong>in</strong></span> <span class='ocrx_word' id='word_1_595' title='bbox 2093 2935 2216 2992; x_wconf 87' lang='lat' dir='ltr'><strong>aliis</strong></span> <span class='ocrx_word' id='word_1_596' title='bbox 2277 2937 2381 2990; x_wconf 86' lang='lat' dir='ltr'><strong>alia</strong></span> <span class='ocrx_word' id='word_1_597' title='bbox 2423 2938 2669 3003; x_wconf 66' lang='lat' dir='ltr'><strong>quaedam</strong></span> <span class='ocrx_word' id='word_1_598' title='bbox 2718 2938 3028 3003; x_wconf 83' lang='lat' dir='ltr'><strong>barbarica,</strong></span> <span class='ocrx_word' id='word_1_599' title='bbox 3065 2942 3252 3008; x_wconf 89' lang='lat' dir='ltr'><strong>stulta,</strong></span> <span class='ocrx_word' id='word_1_600' title='bbox 3284 2944 3491 3016; x_wconf 79' lang='lat' dir='ltr'><strong>inepta.</strong></span> 
     </span>
    </p>
   </div>
   <div class='ocr_carea' id='block_1_77' title="bbox 1910 3025 3492 3097">
    <p class='ocr_par' dir='ltr' id='par_1_77' title="bbox 1910 3025 3492 3097">
     <span class='ocr_line' id='line_1_77' title="bbox 1910 3025 3492 3097; baseline 0.008 -16"><span class='ocrx_word' id='word_1_601' title='bbox 1910 3041 2010 3081; x_wconf 90' lang='lat' dir='ltr'><strong>nec</strong></span> <span class='ocrx_word' id='word_1_602' title='bbox 2034 3025 2210 3082; x_wconf 88' lang='lat' dir='ltr'><strong>aliena</strong></span> <span class='ocrx_word' id='word_1_603' title='bbox 2259 3027 2326 3080; x_wconf 87' lang='lat' dir='ltr'><strong>ab</strong></span> <span class='ocrx_word' id='word_1_604' title='bbox 2391 3028 2562 3097; x_wconf 78' lang='lat' dir='ltr'><strong>ipsius</strong></span> <span class='ocrx_word' id='word_1_605' title='bbox 2619 3028 2778 3096; x_wconf 82' lang='lat' dir='ltr'><strong>nugis</strong></span> <span class='ocrx_word' id='word_1_606' title='bbox 2820 3039 2872 3083; x_wconf 89' lang='lat' dir='ltr'><strong>et</strong></span> <span class='ocrx_word' id='word_1_607' title='bbox 2921 3034 3180 3089; x_wconf 84' lang='lat' dir='ltr'><strong>amentia.</strong></span> <span class='ocrx_word' id='word_1_608' title='bbox 3245 3035 3308 3090; x_wconf 85' lang='lat' dir='ltr'><strong>Et</strong></span> <span class='ocrx_word' id='word_1_609' title='bbox 3364 3039 3492 3094; x_wconf 85' lang='lat' dir='ltr'><strong>alibi</strong></span> 
     </span>
    </p>
   </div>
   <div class='ocr_carea' id='block_1_78' title="bbox 1909 3117 3494 3198">
    <p class='ocr_par' dir='ltr' id='par_1_78' title="bbox 1909 3117 3494 3198">
     <span class='ocr_line' id='line_1_78' title="bbox 1909 3117 3494 3198; baseline 0.007 -24"><span class='ocrx_word' id='word_1_610' title='bbox 1909 3133 2172 3174; x_wconf 83' lang='lat' dir='ltr'><strong>rursum:</strong></span> <span class='ocrx_word' id='word_1_611' title='bbox 2242 3135 2262 3169; x_wconf 76' lang='grc' dir='ltr'><strong>ι</strong></span> <span class='ocrx_word' id='word_1_612' title='bbox 2323 3117 2428 3173; x_wconf 90' lang='lat' dir='ltr'><strong>Per</strong></span> <span class='ocrx_word' id='word_1_613' title='bbox 2495 3119 2788 3185; x_wconf 73' lang='lat' dir='ltr'><strong>calamum,</strong></span> <span class='ocrx_word' id='word_1_614' title='bbox 2859 3131 2915 3175; x_wconf 91' lang='lat' dir='ltr'><strong>et</strong></span> <span class='ocrx_word' id='word_1_615' title='bbox 2981 3138 3103 3192; x_wconf 82' lang='lat' dir='ltr'><strong>quae</strong></span> <span class='ocrx_word' id='word_1_616' title='bbox 3152 3125 3494 3198; x_wconf 84' lang='lat' dir='ltr'><strong>distinguunt</strong></span> 
     </span>
    </p>
   </div>
   <div class='ocr_carea' id='block_1_79' title="bbox 1908 3207 3488 3286">
    <p class='ocr_par' dir='ltr' id='par_1_79' title="bbox 1908 3207 3488 3286">
     <span class='ocr_line' id='line_1_79' title="bbox 1908 3207 3488 3286; baseline 0.008 -23"><span class='ocrx_word' id='word_1_617' title='bbox 1908 3223 2121 3263; x_wconf 76' lang='lat' dir='ltr'><strong>versus.</strong></span> <span class='ocrx_word' id='word_1_618' title='bbox 2163 3225 2182 3259; x_wconf 93' lang='lat'><strong>9</strong></span> <span class='ocrx_word' id='word_1_619' title='bbox 2218 3207 2284 3262; x_wconf 90' lang='lat' dir='ltr'><strong>Et</strong></span> <span class='ocrx_word' id='word_1_620' title='bbox 2325 3209 2520 3263; x_wconf 87' lang='lat' dir='ltr'><strong>iterum</strong></span> <span class='ocrx_word' id='word_1_621' title='bbox 2554 3208 2606 3262; x_wconf 91' lang='lat' dir='ltr'><strong>in</strong></span> <span class='ocrx_word' id='word_1_622' title='bbox 2639 3207 2758 3262; x_wconf 88' lang='lat' dir='ltr'><strong>aliis</strong></span> <span class='ocrx_word' id='word_1_623' title='bbox 2781 3209 3160 3278; x_wconf 83' lang='lat' dir='ltr'><strong>juramentum</strong></span> <span class='ocrx_word' id='word_1_624' title='bbox 3193 3217 3430 3286; x_wconf 85' lang='lat' dir='ltr'><strong>concipit</strong></span> <span class='ocrx_word' id='word_1_625' title='bbox 3469 3233 3488 3276; x_wconf 73' lang='grc' dir='ltr'><strong>ε</strong></span> 
     </span>
    </p>
   </div>
   <div class='ocr_carea' id='block_1_80' title="bbox 1913 3298 3492 3378">
    <p class='ocr_par' dir='ltr' id='par_1_80' title="bbox 1913 3298 3492 3378">
     <span class='ocr_line' id='line_1_80' title="bbox 1913 3298 3492 3378; baseline 0.007 -26"><span class='ocrx_word' id='word_1_626' title='bbox 1913 3317 1933 3352; x_wconf 82' lang='grc' dir='ltr'><strong>ι</strong></span> <span class='ocrx_word' id='word_1_627' title='bbox 1975 3298 2080 3354; x_wconf 88' lang='lat' dir='ltr'><strong>Per</strong></span> <span class='ocrx_word' id='word_1_628' title='bbox 2130 3299 2413 3356; x_wconf 86' lang='lat' dir='ltr'><strong>absolutas</strong></span> <span class='ocrx_word' id='word_1_629' title='bbox 2447 3300 2661 3365; x_wconf 87' lang='lat' dir='ltr'><strong>ordine,</strong></span> <span class='ocrx_word' id='word_1_630' title='bbox 2716 3311 2774 3354; x_wconf 91' lang='lat' dir='ltr'><strong>et</strong></span> <span class='ocrx_word' id='word_1_631' title='bbox 2824 3317 2919 3369; x_wconf 83' lang='lat' dir='ltr'><strong>per</strong></span> <span class='ocrx_word' id='word_1_632' title='bbox 2952 3305 3313 3371; x_wconf 81' lang='lat' dir='ltr'><strong>procellarum</strong></span> <span class='ocrx_word' id='word_1_633' title='bbox 3369 3325 3492 3378; x_wconf 88' lang='lat' dir='ltr'><strong>pro-</strong></span> 
     </span>
    </p>
   </div>
   <div class='ocr_carea' id='block_1_81' title="bbox 1910 3391 3489 3469">
    <p class='ocr_par' dir='ltr' id='par_1_81' title="bbox 1910 3391 3489 3469">
     <span class='ocr_line' id='line_1_81' title="bbox 1910 3391 3489 3469; baseline 0.008 -24"><span class='ocrx_word' id='word_1_634' title='bbox 1910 3391 2100 3458; x_wconf 80' lang='lat' dir='ltr'><strong>cellas,</strong></span> <span class='ocrx_word' id='word_1_635' title='bbox 2136 3407 2233 3462; x_wconf 90' lang='lat' dir='ltr'><strong>per</strong></span> <span class='ocrx_word' id='word_1_636' title='bbox 2261 3407 2623 3462; x_wconf 78' lang='lat' dir='ltr'><strong>expausorum</strong></span> <span class='ocrx_word' id='word_1_637' title='bbox 2659 3396 3046 3460; x_wconf 79' lang='lat' dir='ltr'><strong>expansiones,</strong></span> <span class='ocrx_word' id='word_1_638' title='bbox 3083 3406 3139 3451; x_wconf 88' lang='lat' dir='ltr'><strong>et</strong></span> <span class='ocrx_word' id='word_1_639' title='bbox 3202 3401 3489 3469; x_wconf 75' lang='lat' dir='ltr'><strong>capientes</strong></span> 
     </span>
    </p>
   </div>
   <div class='ocr_carea' id='block_1_82' title="bbox 1911 3481 3483 3552">
    <p class='ocr_par' dir='ltr' id='par_1_82' title="bbox 1911 3481 3483 3552">
     <span class='ocr_line' id='line_1_82' title="bbox 1911 3481 3483 3552; baseline 0.006 -17"><span class='ocrx_word' id='word_1_640' title='bbox 1911 3489 2326 3552; x_wconf 87' lang='lat' dir='ltr'><strong>conceptamen,</strong></span> <span class='ocrx_word' id='word_1_641' title='bbox 2353 3491 2407 3536; x_wconf 90' lang='lat' dir='ltr'><strong>et</strong></span> <span class='ocrx_word' id='word_1_642' title='bbox 2426 3481 2692 3551; x_wconf 85' lang='lat' dir='ltr'><strong>jacicntes</strong></span> <span class='ocrx_word' id='word_1_643' title='bbox 2712 3485 3036 3538; x_wconf 82' lang='lat' dir='ltr'><strong>sententiam</strong></span> <span class='ocrx_word' id='word_1_644' title='bbox 3057 3487 3415 3545; x_wconf 86' lang='lat' dir='ltr'><strong>defensoriam</strong></span> <span class='ocrx_word' id='word_1_645' title='bbox 3435 3512 3483 3546; x_wconf 81' lang='lat'><strong>.9</strong></span> 
     </span>
    </p>
   </div>
   <div class='ocr_carea' id='block_1_83' title="bbox 1904 3571 3492 3646">
    <p class='ocr_par' dir='ltr' id='par_1_83' title="bbox 1904 3571 3492 3646">
     <span class='ocr_line' id='line_1_83' title="bbox 1904 3571 3492 3646; baseline 0.005 -17"><span class='ocrx_word' id='word_1_646' title='bbox 1904 3575 2196 3630; x_wconf 85' lang='lat' dir='ltr'><strong>Etiterum</strong></span> <span class='ocrx_word' id='word_1_647' title='bbox 2223 3573 2274 3628; x_wconf 92' lang='lat' dir='ltr'><strong>in</strong></span> <span class='ocrx_word' id='word_1_648' title='bbox 2322 3573 2482 3629; x_wconf 86' lang='lat' dir='ltr'><strong>aliis:</strong></span> <span class='ocrx_word' id='word_1_649' title='bbox 2534 3591 2554 3625; x_wconf 87' lang='lat' dir='ltr'><strong>t</strong></span> <span class='ocrx_word' id='word_1_650' title='bbox 2613 3571 2707 3627; x_wconf 84' lang='lat' dir='ltr'><strong>Nae</strong></span> <span class='ocrx_word' id='word_1_651' title='bbox 2771 3590 2868 3644; x_wconf 90' lang='lat' dir='ltr'><strong>per</strong></span> <span class='ocrx_word' id='word_1_652' title='bbox 2921 3591 3015 3631; x_wconf 88' lang='lat' dir='ltr'><strong>eas</strong></span> <span class='ocrx_word' id='word_1_653' title='bbox 3050 3592 3171 3646; x_wconf 68' lang='lat' dir='ltr'><strong>quae</strong></span> <span class='ocrx_word' id='word_1_654' title='bbox 3204 3591 3256 3634; x_wconf 89' lang='lat' dir='ltr'><strong>at</strong></span> <span class='ocrx_word' id='word_1_655' title='bbox 3287 3583 3492 3638; x_wconf 86' lang='lat' dir='ltr'><strong>rahuut</strong></span> 
     </span>
    </p>
   </div>
   <div class='ocr_carea' id='block_1_84' title="bbox 1904 3665 3488 3740">
    <p class='ocr_par' dir='ltr' id='par_1_84' title="bbox 1904 3665 3488 3740">
     <span class='ocr_line' id='line_1_84' title="bbox 1904 3665 3488 3740; baseline 0.006 -19"><span class='ocrx_word' id='word_1_656' title='bbox 1904 3667 2164 3730; x_wconf 83' lang='lat' dir='ltr'><strong>holidem,</strong></span> <span class='ocrx_word' id='word_1_657' title='bbox 2201 3679 2298 3735; x_wconf 88' lang='lat' dir='ltr'><strong>per</strong></span> <span class='ocrx_word' id='word_1_658' title='bbox 2323 3665 2626 3720; x_wconf 85' lang='lat' dir='ltr'><strong>adimentes</strong></span> <span class='ocrx_word' id='word_1_659' title='bbox 2680 3669 3037 3734; x_wconf 84' lang='lat' dir='ltr'><strong>adimentum,</strong></span> <span class='ocrx_word' id='word_1_660' title='bbox 3097 3685 3193 3740; x_wconf 91' lang='lat' dir='ltr'><strong>per</strong></span> <span class='ocrx_word' id='word_1_661' title='bbox 3238 3683 3488 3730; x_wconf 86' lang='lat' dir='ltr'><strong>natantes</strong></span> 
     </span>
    </p>
   </div>
   <div class='ocr_carea' id='block_1_85' title="bbox 1903 3757 3489 3832">
    <p class='ocr_par' dir='ltr' id='par_1_85' title="bbox 1903 3757 3489 3832">
     <span class='ocr_line' id='line_1_85' title="bbox 1903 3757 3489 3832; baseline 0.003 -18"><span class='ocrx_word' id='word_1_662' title='bbox 1903 3758 2259 3825; x_wconf 84' lang='lat' dir='ltr'><strong>natationem,</strong></span> <span class='ocrx_word' id='word_1_663' title='bbox 2293 3771 2390 3827; x_wconf 89' lang='lat' dir='ltr'><strong>per</strong></span> <span class='ocrx_word' id='word_1_664' title='bbox 2415 3757 2778 3827; x_wconf 86' lang='lat' dir='ltr'><strong>antlcipantes</strong></span> <span class='ocrx_word' id='word_1_665' title='bbox 2809 3759 3198 3829; x_wconf 87' lang='lat' dir='ltr'><strong>anticipamen,</strong></span> <span class='ocrx_word' id='word_1_666' title='bbox 3235 3778 3330 3832; x_wconf 81' lang='lat' dir='ltr'><strong>per</strong></span> <span class='ocrx_word' id='word_1_667' title='bbox 3393 3766 3489 3820; x_wconf 86' lang='lat' dir='ltr'><strong>ad-</strong></span> 
     </span>
    </p>
   </div>
   <div class='ocr_carea' id='block_1_86' title="bbox 1912 3849 3488 3919">
    <p class='ocr_par' dir='ltr' id='par_1_86' title="bbox 1912 3849 3488 3919">
     <span class='ocr_line' id='line_1_86' title="bbox 1912 3849 3488 3919; baseline 0.003 -16"><span class='ocrx_word' id='word_1_668' title='bbox 1912 3849 2295 3904; x_wconf 87' lang='lat' dir='ltr'><strong>ntinistrantes</strong></span> <span class='ocrx_word' id='word_1_669' title='bbox 2340 3849 2619 3919; x_wconf 75' lang='lat' dir='ltr'><strong>negotium</strong></span> <span class='ocrx_word' id='word_1_670' title='bbox 2681 3851 2736 3902; x_wconf 89' lang='lat' dir='ltr'><strong>in</strong></span> <span class='ocrx_word' id='word_1_671' title='bbox 2782 3849 2870 3903; x_wconf 85' lang='lat' dir='ltr'><strong>die</strong></span> <span class='ocrx_word' id='word_1_672' title='bbox 2924 3864 3034 3919; x_wconf 86' lang='lat' dir='ltr'><strong>quo</strong></span> <span class='ocrx_word' id='word_1_673' title='bbox 3087 3859 3252 3907; x_wconf 69' lang='lat' dir='ltr'><strong>terrae</strong></span> <span class='ocrx_word' id='word_1_674' title='bbox 3307 3864 3488 3916; x_wconf 66' lang='lat' dir='ltr'><strong>motus</strong></span> 
     </span>
    </p>
   </div>
   <div class='ocr_carea' id='block_1_87' title="bbox 1904 3941 3488 4013">
    <p class='ocr_par' dir='ltr' id='par_1_87' title="bbox 1904 3941 3488 4013">
     <span class='ocr_line' id='line_1_87' title="bbox 1904 3941 3488 4013; baseline 0.007 -19"><span class='ocrx_word' id='word_1_675' title='bbox 1904 3942 2102 4013; x_wconf 85' lang='lat' dir='ltr'><strong>quatit.</strong></span> <span class='ocrx_word' id='word_1_676' title='bbox 2131 3959 2150 3993; x_wconf 98' lang='lat'><strong>9</strong></span> <span class='ocrx_word' id='word_1_677' title='bbox 2175 3941 2470 3996; x_wconf 85' lang='lat' dir='ltr'><strong>Etrursum</strong></span> <span class='ocrx_word' id='word_1_678' title='bbox 2507 3941 2560 3994; x_wconf 91' lang='lat' dir='ltr'><strong>in</strong></span> <span class='ocrx_word' id='word_1_679' title='bbox 2585 3941 2690 3996; x_wconf 86' lang='lat' dir='ltr'><strong>alia</strong></span> <span class='ocrx_word' id='word_1_680' title='bbox 2724 3958 2739 3996; x_wconf 87' lang='lat'><strong>:</strong></span> <span class='ocrx_word' id='word_1_681' title='bbox 2783 3960 2802 3994; x_wconf 90' lang='lat' dir='ltr'><strong>t</strong></span> <span class='ocrx_word' id='word_1_682' title='bbox 2841 3941 2932 3998; x_wconf 63' lang='lat' dir='ltr'><strong>Na</strong></span> <span class='ocrx_word' id='word_1_683' title='bbox 2960 3958 3056 4012; x_wconf 84' lang='lat' dir='ltr'><strong>per</strong></span> <span class='ocrx_word' id='word_1_684' title='bbox 3086 3947 3281 4002; x_wconf 75' lang='lat' dir='ltr'><strong>cadum</strong></span> <span class='ocrx_word' id='word_1_685' title='bbox 3327 3951 3488 4005; x_wconf 85' lang='lat' dir='ltr'><strong>turri-</strong></span> 
     </span>
    </p>
   </div>
   <div class='ocr_carea' id='block_1_88' title="bbox 1904 4029 3490 4102">
    <p class='ocr_par' dir='ltr' id='par_1_88' title="bbox 1904 4029 3490 4102">
     <span class='ocr_line' id='line_1_88' title="bbox 1904 4029 3490 4102; baseline 0.005 -16"><span class='ocrx_word' id='word_1_686' title='bbox 1904 4041 2042 4097; x_wconf 89' lang='lat' dir='ltr'><strong>tum,</strong></span> <span class='ocrx_word' id='word_1_687' title='bbox 2073 4039 2128 4085; x_wconf 90' lang='lat' dir='ltr'><strong>et</strong></span> <span class='ocrx_word' id='word_1_688' title='bbox 2151 4029 2294 4086; x_wconf 88' lang='lat' dir='ltr'><strong>diem</strong></span> <span class='ocrx_word' id='word_1_689' title='bbox 2326 4030 2755 4100; x_wconf 81' lang='lat' dir='ltr'><strong>compositionis,</strong></span> <span class='ocrx_word' id='word_1_690' title='bbox 2791 4047 2887 4102; x_wconf 88' lang='lat' dir='ltr'><strong>per</strong></span> <span class='ocrx_word' id='word_1_691' title='bbox 2916 4045 3109 4090; x_wconf 90' lang='lat' dir='ltr'><strong>testem</strong></span> <span class='ocrx_word' id='word_1_692' title='bbox 3135 4046 3190 4091; x_wconf 91' lang='lat' dir='ltr'><strong>et</strong></span> <span class='ocrx_word' id='word_1_693' title='bbox 3230 4039 3490 4094; x_wconf 76' lang='lat' dir='ltr'><strong>testiﬁca-</strong></span> 
     </span>
    </p>
   </div>
   <div class='ocr_carea' id='block_1_89' title="bbox 1905 4120 3487 4196">
    <p class='ocr_par' dir='ltr' id='par_1_89' title="bbox 1905 4120 3487 4196">
     <span class='ocr_line' id='line_1_89' title="bbox 1905 4120 3487 4196; baseline 0.006 -20"><span class='ocrx_word' id='word_1_694' title='bbox 1905 4130 2044 4176; x_wconf 89' lang='lat' dir='ltr'><strong>tum.</strong></span> <span class='ocrx_word' id='word_1_695' title='bbox 2087 4137 2106 4173; x_wconf 93' lang='lat'><strong>9</strong></span> <span class='ocrx_word' id='word_1_696' title='bbox 2152 4120 2218 4174; x_wconf 88' lang='lat' dir='ltr'><strong>Et</strong></span> <span class='ocrx_word' id='word_1_697' title='bbox 2247 4135 2464 4175; x_wconf 89' lang='lat' dir='ltr'><strong>rursum</strong></span> <span class='ocrx_word' id='word_1_698' title='bbox 2487 4121 2542 4174; x_wconf 90' lang='lat' dir='ltr'><strong>in</strong></span> <span class='ocrx_word' id='word_1_699' title='bbox 2567 4121 2723 4178; x_wconf 84' lang='lat' dir='ltr'><strong>alia:</strong></span> <span class='ocrx_word' id='word_1_700' title='bbox 2791 4142 2809 4175; x_wconf 73' lang='grc' dir='ltr'><strong>ι</strong></span> <span class='ocrx_word' id='word_1_701' title='bbox 2874 4122 2968 4180; x_wconf 77' lang='lat' dir='ltr'><strong>Nze</strong></span> <span class='ocrx_word' id='word_1_702' title='bbox 3019 4140 3118 4196; x_wconf 89' lang='lat' dir='ltr'><strong>per</strong></span> <span class='ocrx_word' id='word_1_703' title='bbox 3171 4129 3370 4184; x_wconf 64' lang='lat' dir='ltr'><strong>caelum</strong></span> <span class='ocrx_word' id='word_1_704' title='bbox 3433 4143 3487 4187; x_wconf 82' lang='lat' dir='ltr'><strong>et</strong></span> 
     </span>
    </p>
   </div>
   <div class='ocr_carea' id='block_1_90' title="bbox 1901 4209 3486 4283">
    <p class='ocr_par' dir='ltr' id='par_1_90' title="bbox 1901 4209 3486 4283">
     <span class='ocr_line' id='line_1_90' title="bbox 1901 4209 3486 4283; baseline 0.004 -17"><span class='ocrx_word' id='word_1_705' title='bbox 1901 4209 2132 4266; x_wconf 82' lang='lat' dir='ltr'><strong>Altarik.</strong></span> <span class='ocrx_word' id='word_1_706' title='bbox 2165 4227 2185 4262; x_wconf 91' lang='lat'><strong>9</strong></span> <span class='ocrx_word' id='word_1_707' title='bbox 2226 4209 2295 4264; x_wconf 88' lang='lat' dir='ltr'><strong>Et</strong></span> <span class='ocrx_word' id='word_1_708' title='bbox 2345 4209 2436 4278; x_wconf 91' lang='lat' dir='ltr'><strong>qui</strong></span> <span class='ocrx_word' id='word_1_709' title='bbox 2493 4210 2634 4264; x_wconf 88' lang='lat' dir='ltr'><strong>scire</strong></span> <span class='ocrx_word' id='word_1_710' title='bbox 2687 4211 2864 4280; x_wconf 85' lang='lat' dir='ltr'><strong>possis</strong></span> <span class='ocrx_word' id='word_1_711' title='bbox 2919 4212 3052 4283; x_wconf 91' lang='lat' dir='ltr'><strong>quid</strong></span> <span class='ocrx_word' id='word_1_712' title='bbox 3110 4215 3184 4268; x_wconf 90' lang='lat' dir='ltr'><strong>sit</strong></span> <span class='ocrx_word' id='word_1_713' title='bbox 3229 4215 3486 4272; x_wconf 72' lang='lat' dir='ltr'><strong>Altardt?</strong></span> 
     </span>
    </p>
   </div>
   <div class='ocr_carea' id='block_1_91' title="bbox 1909 4296 3485 4375">
    <p class='ocr_par' dir='ltr' id='par_1_91' title="bbox 1909 4296 3485 4375">
     <span class='ocr_line' id='line_1_91' title="bbox 1909 4296 3485 4375; baseline 0.006 -23"><span class='ocrx_word' id='word_1_714' title='bbox 1909 4317 1929 4352; x_wconf 85' lang='lat' dir='ltr'><strong>t</strong></span> <span class='ocrx_word' id='word_1_715' title='bbox 1957 4297 2148 4363; x_wconf 83' lang='lat' dir='ltr'><strong>Stella,</strong></span> <span class='ocrx_word' id='word_1_716' title='bbox 2166 4298 2364 4368; x_wconf 87' lang='lat' dir='ltr'><strong>inquit,</strong></span> <span class='ocrx_word' id='word_1_717' title='bbox 2386 4296 2712 4368; x_wconf 72' lang='lat' dir='ltr'><strong>perforatam</strong></span> <span class='ocrx_word' id='word_1_718' title='bbox 2739 4299 2872 4354; x_wconf 89' lang='lat' dir='ltr'><strong>Etin</strong></span> <span class='ocrx_word' id='word_1_719' title='bbox 2892 4300 2999 4356; x_wconf 88' lang='lat' dir='ltr'><strong>alio</strong></span> <span class='ocrx_word' id='word_1_720' title='bbox 3017 4301 3136 4358; x_wconf 89' lang='lat' dir='ltr'><strong>loco</strong></span> <span class='ocrx_word' id='word_1_721' title='bbox 3166 4321 3180 4357; x_wconf 93' lang='lat'><strong>:</strong></span> <span class='ocrx_word' id='word_1_722' title='bbox 3222 4321 3241 4355; x_wconf 86' lang='grc' dir='ltr'><strong>ι</strong></span> <span class='ocrx_word' id='word_1_723' title='bbox 3265 4303 3355 4357; x_wconf 71' lang='lat' dir='ltr'><strong>Na:</strong></span> <span class='ocrx_word' id='word_1_724' title='bbox 3389 4317 3485 4375; x_wconf 78' lang='lat' dir='ltr'><strong>per</strong></span> 
     </span>
    </p>
   </div>
   <div class='ocr_carea' id='block_1_92' title="bbox 1905 4389 3482 4461">
    <p class='ocr_par' dir='ltr' id='par_1_92' title="bbox 1905 4389 3482 4461">
     <span class='ocr_line' id='line_1_92' title="bbox 1905 4389 3482 4461; baseline 0.003 -17"><span class='ocrx_word' id='word_1_725' title='bbox 1905 4390 2168 4461; x_wconf 77' lang='lat' dir='ltr'><strong>fulgorem</strong></span> <span class='ocrx_word' id='word_1_726' title='bbox 2197 4399 2252 4444; x_wconf 89' lang='lat' dir='ltr'><strong>et</strong></span> <span class='ocrx_word' id='word_1_727' title='bbox 2287 4401 2474 4445; x_wconf 86' lang='lat' dir='ltr'><strong>noctes</strong></span> <span class='ocrx_word' id='word_1_728' title='bbox 2505 4389 2698 4444; x_wconf 85' lang='lat' dir='ltr'><strong>decem</strong></span> <span class='ocrx_word' id='word_1_729' title='bbox 2731 4405 2746 4447; x_wconf 88' lang='lat'><strong>:</strong></span> <span class='ocrx_word' id='word_1_730' title='bbox 2801 4391 3233 4460; x_wconf 85' lang='lat' dir='ltr'><strong>perjuncturam</strong></span> <span class='ocrx_word' id='word_1_731' title='bbox 3286 4404 3341 4449; x_wconf 87' lang='lat' dir='ltr'><strong>et</strong></span> <span class='ocrx_word' id='word_1_732' title='bbox 3394 4411 3482 4449; x_wconf 77' lang='lat' dir='ltr'><strong>se-</strong></span> 
     </span>
    </p>
   </div>
   <div class='ocr_carea' id='block_1_93' title="bbox 1901 4482 3486 4552">
    <p class='ocr_par' dir='ltr' id='par_1_93' title="bbox 1901 4482 3486 4552">
     <span class='ocr_line' id='line_1_93' title="bbox 1901 4482 3486 4552; baseline 0.003 -17"><span class='ocrx_word' id='word_1_733' title='bbox 1901 4482 2246 4552; x_wconf 88' lang='lat' dir='ltr'><strong>juncturam,</strong></span> <span class='ocrx_word' id='word_1_734' title='bbox 2280 4495 2378 4548; x_wconf 90' lang='lat' dir='ltr'><strong>per</strong></span> <span class='ocrx_word' id='word_1_735' title='bbox 2410 4489 2623 4535; x_wconf 90' lang='lat' dir='ltr'><strong>noctem</strong></span> <span class='ocrx_word' id='word_1_736' title='bbox 2669 4495 2793 4536; x_wconf 90' lang='lat' dir='ltr'><strong>cum</strong></span> <span class='ocrx_word' id='word_1_737' title='bbox 2825 4495 3065 4551; x_wconf 75' lang='lat' dir='ltr'><strong>expansa</strong></span> <span class='ocrx_word' id='word_1_738' title='bbox 3098 4483 3282 4539; x_wconf 88' lang='lat' dir='ltr'><strong>fuerit.</strong></span> <span class='ocrx_word' id='word_1_739' title='bbox 3339 4505 3358 4538; x_wconf 83' lang='lat'><strong>9</strong></span> <span class='ocrx_word' id='word_1_740' title='bbox 3419 4486 3486 4540; x_wconf 83' lang='lat' dir='ltr'><strong>Et</strong></span> 
     </span>
    </p>
   </div>
   <div class='ocr_carea' id='block_1_94' title="bbox 1904 4571 3487 4641">
    <p class='ocr_par' dir='ltr' id='par_1_94' title="bbox 1904 4571 3487 4641">
     <span class='ocr_line' id='line_1_94' title="bbox 1904 4571 3487 4641; baseline 0.003 -12"><span class='ocrx_word' id='word_1_741' title='bbox 1904 4575 2172 4630; x_wconf 85' lang='lat' dir='ltr'><strong>rursusin</strong></span> <span class='ocrx_word' id='word_1_742' title='bbox 2233 4573 2383 4628; x_wconf 89' lang='lat' dir='ltr'><strong>alio:</strong></span> <span class='ocrx_word' id='word_1_743' title='bbox 2429 4591 2447 4624; x_wconf 83' lang='lat' dir='ltr'><strong>t</strong></span> <span class='ocrx_word' id='word_1_744' title='bbox 2490 4571 2582 4626; x_wconf 69' lang='lat' dir='ltr'><strong>Na:</strong></span> <span class='ocrx_word' id='word_1_745' title='bbox 2609 4587 2704 4641; x_wconf 89' lang='lat' dir='ltr'><strong>per</strong></span> <span class='ocrx_word' id='word_1_746' title='bbox 2723 4573 2856 4629; x_wconf 85' lang='lat' dir='ltr'><strong>ficus</strong></span> <span class='ocrx_word' id='word_1_747' title='bbox 2890 4584 2944 4629; x_wconf 90' lang='lat' dir='ltr'><strong>et</strong></span> <span class='ocrx_word' id='word_1_748' title='bbox 2971 4576 3118 4631; x_wconf 88' lang='lat' dir='ltr'><strong>oleas</strong></span> <span class='ocrx_word' id='word_1_749' title='bbox 3155 4579 3356 4634; x_wconf 83' lang='lat' dir='ltr'><strong>mantis</strong></span> <span class='ocrx_word' id='word_1_750' title='bbox 3401 4579 3487 4634; x_wconf 90' lang='lat' dir='ltr'><strong>Si-</strong></span> 
     </span>
    </p>
   </div>
   <div class='ocr_carea' id='block_1_95' title="bbox 1902 4663 3486 4738">
    <p class='ocr_par' dir='ltr' id='par_1_95' title="bbox 1902 4663 3486 4738">
     <span class='ocr_line' id='line_1_95' title="bbox 1902 4663 3486 4738; baseline 0.003 -19"><span class='ocrx_word' id='word_1_751' title='bbox 1902 4681 1998 4728; x_wconf 87' lang='lat' dir='ltr'><strong>na,</strong></span> <span class='ocrx_word' id='word_1_752' title='bbox 2042 4675 2094 4718; x_wconf 90' lang='lat' dir='ltr'><strong>et</strong></span> <span class='ocrx_word' id='word_1_753' title='bbox 2130 4680 2225 4734; x_wconf 88' lang='lat' dir='ltr'><strong>per</strong></span> <span class='ocrx_word' id='word_1_754' title='bbox 2259 4666 2404 4718; x_wconf 88' lang='lat' dir='ltr'><strong>Itane</strong></span> <span class='ocrx_word' id='word_1_755' title='bbox 2433 4663 2734 4733; x_wconf 81' lang='lat' dir='ltr'><strong>regionem.</strong></span> <span class='ocrx_word' id='word_1_756' title='bbox 2767 4682 2786 4716; x_wconf 93' lang='lat'><strong>9</strong></span> <span class='ocrx_word' id='word_1_757' title='bbox 2820 4663 2958 4719; x_wconf 87' lang='lat' dir='ltr'><strong>Etin</strong></span> <span class='ocrx_word' id='word_1_758' title='bbox 2987 4665 3097 4720; x_wconf 89' lang='lat' dir='ltr'><strong>alio</strong></span> <span class='ocrx_word' id='word_1_759' title='bbox 3129 4682 3143 4720; x_wconf 87' lang='lat'><strong>:</strong></span> <span class='ocrx_word' id='word_1_760' title='bbox 3204 4685 3222 4718; x_wconf 88' lang='lat' dir='ltr'><strong>t</strong></span> <span class='ocrx_word' id='word_1_761' title='bbox 3267 4667 3356 4722; x_wconf 80' lang='lat' dir='ltr'><strong>Na:</strong></span> <span class='ocrx_word' id='word_1_762' title='bbox 3391 4685 3486 4738; x_wconf 85' lang='lat' dir='ltr'><strong>per</strong></span> 
     </span>
    </p>
   </div>
   <div class='ocr_carea' id='block_1_96' title="bbox 1904 4756 3486 4832">
    <p class='ocr_par' dir='ltr' id='par_1_96' title="bbox 1904 4756 3486 4832">
     <span class='ocr_line' id='line_1_96' title="bbox 1904 4756 3486 4832; baseline 0.004 -22"><span class='ocrx_word' id='word_1_763' title='bbox 1904 4768 2211 4812; x_wconf 88' lang='lat' dir='ltr'><strong>currentem</strong></span> <span class='ocrx_word' id='word_1_764' title='bbox 2247 4757 2298 4810; x_wconf 89' lang='lat' dir='ltr'><strong>in</strong></span> <span class='ocrx_word' id='word_1_765' title='bbox 2366 4756 2591 4820; x_wconf 83' lang='lat' dir='ltr'><strong>latratu,</strong></span> <span class='ocrx_word' id='word_1_766' title='bbox 2662 4765 2718 4810; x_wconf 89' lang='lat' dir='ltr'><strong>et</strong></span> <span class='ocrx_word' id='word_1_767' title='bbox 2776 4771 2874 4824; x_wconf 89' lang='lat' dir='ltr'><strong>per</strong></span> <span class='ocrx_word' id='word_1_768' title='bbox 2922 4771 3292 4814; x_wconf 87' lang='lat' dir='ltr'><strong>monstrantes</strong></span> <span class='ocrx_word' id='word_1_769' title='bbox 3343 4762 3486 4832; x_wconf 82' lang='lat' dir='ltr'><strong>ignis</strong></span> 
     </span>
    </p>
   </div>
   <div class='ocr_carea' id='block_1_97' title="bbox 217 4846 1803 4940">
    <p class='ocr_par' dir='ltr' id='par_1_97' title="bbox 217 4846 1798 4940">
     <span class='ocr_line' id='line_1_97' title="bbox 217 4846 1798 4940; baseline 0.003 -18"><span class='ocrx_word' id='word_1_770' title='bbox 217 4866 665 4940; x_wconf 85' lang='grc' dir='ltr'>περιπιπτούσας</span> <span class='ocrx_word' id='word_1_771' title='bbox 697 4867 779 4930; x_wconf 77' lang='grc' dir='ltr'><strong>είς</strong></span> <span class='ocrx_word' id='word_1_772' title='bbox 806 4867 866 4920; x_wconf 83' lang='grc' dir='ltr'><strong>τὸ</strong></span> <span class='ocrx_word' id='word_1_773' title='bbox 895 4883 1083 4934; x_wconf 88' lang='grc' dir='ltr'>αυγος,</span> <span class='ocrx_word' id='word_1_774' title='bbox 1114 4871 1204 4922; x_wconf 79' lang='grc' dir='ltr'>καὶ</span> <span class='ocrx_word' id='word_1_775' title='bbox 1223 4846 1581 4939; x_wconf 75' lang='grc' dir='ltr'>ταράξαντας</span> <span class='ocrx_word' id='word_1_776' title='bbox 1614 4873 1693 4935; x_wconf 85' lang='grc' dir='ltr'><strong>είς</strong></span> <span class='ocrx_word' id='word_1_777' title='bbox 1739 4872 1798 4926; x_wconf 84' lang='grc' dir='ltr'><strong>τὸ</strong></span> 
     </span>
    </p>
   </div>
   <div class='ocr_carea' id='block_1_98' title="bbox 1909 4846 3485 4940">
    <p class='ocr_par' dir='ltr' id='par_1_98' title="bbox 1909 4846 3485 4920">
     <span class='ocr_line' id='line_1_98' title="bbox 1909 4846 3485 4920; baseline 0.006 -22"><span class='ocrx_word' id='word_1_778' title='bbox 1909 4846 2245 4916; x_wconf 81' lang='lat' dir='ltr'><strong>iacula;per</strong></span> <span class='ocrx_word' id='word_1_779' title='bbox 2284 4862 2406 4902; x_wconf 90' lang='lat' dir='ltr'><strong>eam</strong></span> <span class='ocrx_word' id='word_1_780' title='bbox 2438 4863 2560 4916; x_wconf 70' lang='lat' dir='ltr'><strong>quat</strong></span> <span class='ocrx_word' id='word_1_781' title='bbox 2611 4847 2804 4902; x_wconf 89' lang='lat' dir='ltr'><strong>incidit</strong></span> <span class='ocrx_word' id='word_1_782' title='bbox 2851 4848 2904 4901; x_wconf 90' lang='lat' dir='ltr'><strong>in</strong></span> <span class='ocrx_word' id='word_1_783' title='bbox 2949 4847 3238 4918; x_wconf 75' lang='lat' dir='ltr'><strong>fulgorem,</strong></span> <span class='ocrx_word' id='word_1_784' title='bbox 3280 4860 3334 4906; x_wconf 86' lang='lat' dir='ltr'><strong>et</strong></span> <span class='ocrx_word' id='word_1_785' title='bbox 3385 4869 3485 4920; x_wconf 77' lang='lat' dir='ltr'><strong>per</strong></span> 
     </span>
    </p>
   </div>
   <div class='ocr_carea' id='block_1_99' title="bbox 217 4957 1790 5034">
    <p class='ocr_par' dir='ltr' id='par_1_99' title="bbox 217 4957 1790 5034">
     <span class='ocr_line' id='line_1_99' title="bbox 217 4957 1790 5034; baseline 0.001 -20"><span class='ocrx_word' id='word_1_786' title='bbox 217 4958 592 5032; x_wconf 83' lang='grc' dir='ltr'>ὐδρὸσταθμα.</span> <span class='ocrx_word' id='word_1_787' title='bbox 630 4975 648 5010; x_wconf 92' lang='lat'><strong>9</strong></span> <span class='ocrx_word' id='word_1_788' title='bbox 701 4958 809 5010; x_wconf 86' lang='lat' dir='ltr'><strong>Kal</strong></span> <span class='ocrx_word' id='word_1_789' title='bbox 842 4957 1078 5029; x_wconf 82' lang='grc' dir='ltr'>ἀλλαχοῦ</span> <span class='ocrx_word' id='word_1_790' title='bbox 1101 4974 1114 4989; x_wconf 91' lang='grc'><strong>·</strong></span> <span class='ocrx_word' id='word_1_791' title='bbox 1159 4978 1177 5012; x_wconf 86' lang='grc' dir='ltr'><strong>ι</strong></span> <span class='ocrx_word' id='word_1_792' title='bbox 1207 4961 1300 5014; x_wconf 74' lang='grc' dir='ltr'><strong>Μὰ</strong></span> <span class='ocrx_word' id='word_1_793' title='bbox 1341 4962 1438 5015; x_wconf 81' lang='grc' dir='ltr'>τὸν</span> <span class='ocrx_word' id='word_1_794' title='bbox 1480 4961 1734 5034; x_wconf 61' lang='grc' dir='ltr'>’Δλεζεμ</span> <span class='ocrx_word' id='word_1_795' title='bbox 1771 4983 1790 5016; x_wconf 88' lang='lat'><strong>9</strong></span> 
     </span>
    </p>
   </div>
   <div class='ocr_carea' id='block_1_100' title="bbox 217 5049 1795 5124">
    <p class='ocr_par' dir='ltr' id='par_1_100' title="bbox 217 5049 1795 5124">
     <span class='ocr_line' id='line_1_100' title="bbox 217 5049 1795 5124; baseline 0.001 -17"><span class='ocrx_word' id='word_1_796' title='bbox 217 5053 440 5107; x_wconf 85' lang='grc' dir='ltr'>Τούτων</span> <span class='ocrx_word' id='word_1_797' title='bbox 465 5052 522 5105; x_wconf 73' lang='grc' dir='ltr'>δὲ</span> <span class='ocrx_word' id='word_1_798' title='bbox 538 5049 646 5104; x_wconf 81' lang='grc' dir='ltr'><strong>τῶν</strong></span> <span class='ocrx_word' id='word_1_799' title='bbox 671 5050 851 5120; x_wconf 84' lang='grc' dir='ltr'>ὅρκων</span> <span class='ocrx_word' id='word_1_800' title='bbox 885 5051 1013 5113; x_wconf 79' lang='grc' dir='ltr'>τοὺς</span> <span class='ocrx_word' id='word_1_801' title='bbox 1045 5051 1143 5117; x_wconf 86' lang='grc' dir='ltr'><strong>μὲν</strong></span> <span class='ocrx_word' id='word_1_802' title='bbox 1166 5051 1260 5104; x_wconf 89' lang='grc' dir='ltr'><strong>τοῦ</strong></span> <span class='ocrx_word' id='word_1_803' title='bbox 1287 5053 1418 5124; x_wconf 87' lang='grc' dir='ltr'>παρ’</span> <span class='ocrx_word' id='word_1_804' title='bbox 1456 5053 1622 5107; x_wconf 87' lang='grc' dir='ltr'>αὐτοῦ</span> <span class='ocrx_word' id='word_1_805' title='bbox 1659 5053 1795 5108; x_wconf 84' lang='grc' dir='ltr'>Θεοῦ</span> 
     </span>
    </p>
   </div>
   <div class='ocr_carea' id='block_1_101' title="bbox 220 5137 1795 5213">
    <p class='ocr_par' dir='ltr' id='par_1_101' title="bbox 220 5137 1795 5213">
     <span class='ocr_line' id='line_1_101' title="bbox 220 5137 1795 5213; baseline -0.001 -19"><span class='ocrx_word' id='word_1_806' title='bbox 220 5160 388 5213; x_wconf 77' lang='grc' dir='ltr'>φησιν</span> <span class='ocrx_word' id='word_1_807' title='bbox 418 5137 575 5206; x_wconf 81' lang='grc' dir='ltr'>εἶναι,</span> <span class='ocrx_word' id='word_1_808' title='bbox 605 5139 730 5202; x_wconf 75' lang='grc' dir='ltr'>τοὺς</span> <span class='ocrx_word' id='word_1_809' title='bbox 753 5137 812 5192; x_wconf 83' lang='grc' dir='ltr'>δὲ</span> <span class='ocrx_word' id='word_1_810' title='bbox 839 5137 999 5199; x_wconf 74' lang='grc' dir='ltr'>αὐτὸς</span> <span class='ocrx_word' id='word_1_811' title='bbox 1017 5137 1236 5208; x_wconf 81' lang='grc' dir='ltr'>δμνυσι,</span> <span class='ocrx_word' id='word_1_812' title='bbox 1269 5140 1666 5210; x_wconf 85' lang='grc' dir='ltr'>καταπλήττων</span> <span class='ocrx_word' id='word_1_813' title='bbox 1690 5143 1795 5195; x_wconf 81' lang='grc' dir='ltr'><strong>κάν</strong></span> 
     </span>
    </p>
   </div>
   <div class='ocr_carea' id='block_1_102' title="bbox 219 5229 1796 5300">
    <p class='ocr_par' dir='ltr' id='par_1_102' title="bbox 219 5229 1796 5300">
     <span class='ocr_line' id='line_1_102' title="bbox 219 5229 1796 5300; baseline -0.003 -12"><span class='ocrx_word' id='word_1_814' title='bbox 219 5235 430 5298; x_wconf 84' lang='grc' dir='ltr'>τούτοις</span> <span class='ocrx_word' id='word_1_815' title='bbox 460 5233 583 5295; x_wconf 75' lang='grc' dir='ltr'>τοὺς</span> <span class='ocrx_word' id='word_1_816' title='bbox 612 5229 946 5300; x_wconf 75' lang='grc' dir='ltr'>βαρϐάρους,</span> <span class='ocrx_word' id='word_1_817' title='bbox 993 5231 1088 5283; x_wconf 72' lang='grc' dir='ltr'>καὶ</span> <span class='ocrx_word' id='word_1_818' title='bbox 1141 5230 1313 5284; x_wconf 84' lang='grc' dir='ltr'>θέλων</span> <span class='ocrx_word' id='word_1_819' title='bbox 1363 5231 1531 5298; x_wconf 77' lang='grc' dir='ltr'>δείξαι</span> <span class='ocrx_word' id='word_1_820' title='bbox 1585 5232 1796 5297; x_wconf 87' lang='grc' dir='ltr'>τούτοις</span> 
     </span>
    </p>
   </div>
   <div class='ocr_carea' id='block_1_103' title="bbox 222 5321 1799 5396">
    <p class='ocr_par' dir='ltr' id='par_1_103' title="bbox 222 5321 1799 5396">
     <span class='ocr_line' id='line_1_103' title="bbox 222 5321 1799 5396; baseline -0.002 -17"><span class='ocrx_word' id='word_1_821' title='bbox 222 5325 564 5396; x_wconf 78' lang='grc' dir='ltr'>πολυμαθὴς,</span> <span class='ocrx_word' id='word_1_822' title='bbox 593 5323 686 5376; x_wconf 75' lang='grc' dir='ltr'><strong>καὶ</strong></span> <span class='ocrx_word' id='word_1_823' title='bbox 701 5321 870 5392; x_wconf 85' lang='grc' dir='ltr'>βαθέα</span> <span class='ocrx_word' id='word_1_824' title='bbox 900 5325 1178 5392; x_wconf 73' lang='grc' dir='ltr'>μυστήρια</span> <span class='ocrx_word' id='word_1_825' title='bbox 1199 5323 1586 5393; x_wconf 72' lang='grc' dir='ltr'>ἐπιστάμενος,</span> <span class='ocrx_word' id='word_1_826' title='bbox 1611 5324 1799 5394; x_wconf 83' lang='grc' dir='ltr'>ὥσπερ</span> 
     </span>
    </p>
   </div>
   <div class='ocr_carea' id='block_1_104' title="bbox 222 5411 1801 5486">
    <p class='ocr_par' dir='ltr' id='par_1_104' title="bbox 222 5411 1801 5486">
     <span class='ocr_line' id='line_1_104' title="bbox 222 5411 1801 5486; baseline 0.001 -17"><span class='ocrx_word' id='word_1_827' title='bbox 222 5416 318 5470; x_wconf 82' lang='grc' dir='ltr'>καὶ</span> <span class='ocrx_word' id='word_1_828' title='bbox 343 5417 470 5470; x_wconf 72' lang='grc' dir='ltr'>ὅταν</span> <span class='ocrx_word' id='word_1_829' title='bbox 496 5417 652 5486; x_wconf 78' lang='grc' dir='ltr'>λέγῃ,</span> <span class='ocrx_word' id='word_1_830' title='bbox 685 5431 704 5465; x_wconf 85' lang='grc' dir='ltr'><strong>ι</strong></span> <span class='ocrx_word' id='word_1_831' title='bbox 749 5411 1064 5483; x_wconf 82' lang='grc' dir='ltr'>Ἐπιγραφὴ</span> <span class='ocrx_word' id='word_1_832' title='bbox 1097 5415 1179 5476; x_wconf 87' lang='grc' dir='ltr'><strong>είς</strong></span> <span class='ocrx_word' id='word_1_833' title='bbox 1207 5414 1268 5467; x_wconf 81' lang='grc' dir='ltr'>τὸ</span> <span class='ocrx_word' id='word_1_834' title='bbox 1313 5415 1516 5468; x_wconf 77' lang='grc' dir='ltr'>Ἀκκά·</span> <span class='ocrx_word' id='word_1_835' title='bbox 1547 5434 1567 5468; x_wconf 94' lang='lat'><strong>9</strong></span> <span class='ocrx_word' id='word_1_836' title='bbox 1609 5418 1702 5470; x_wconf 79' lang='grc' dir='ltr'><strong>καὶ</strong></span> <span class='ocrx_word' id='word_1_837' title='bbox 1748 5420 1801 5471; x_wconf 88' lang='grc' dir='ltr'><strong>τί</strong></span> 
     </span>
    </p>
   </div>
   <div class='ocr_carea' id='block_1_105' title="bbox 224 5505 1794 5572">
    <p class='ocr_par' dir='ltr' id='par_1_105' title="bbox 224 5505 1794 5572">
     <span class='ocr_line' id='line_1_105' title="bbox 224 5505 1794 5572; baseline 0.001 -11"><span class='ocrx_word' id='word_1_838' title='bbox 224 5505 374 5572; x_wconf 81' lang='grc' dir='ltr'>σίδας</span> <span class='ocrx_word' id='word_1_839' title='bbox 399 5507 452 5560; x_wconf 81' lang='grc' dir='ltr'><strong>τί</strong></span> <span class='ocrx_word' id='word_1_840' title='bbox 489 5506 551 5560; x_wconf 84' lang='grc' dir='ltr'><strong>τὸ</strong></span> <span class='ocrx_word' id='word_1_841' title='bbox 589 5505 762 5560; x_wconf 80' lang='grc' dir='ltr'>Ἀκκά</span> <span class='ocrx_word' id='word_1_842' title='bbox 789 5521 804 5570; x_wconf 90' lang='lat'><strong>;</strong></span> <span class='ocrx_word' id='word_1_843' title='bbox 835 5507 930 5558; x_wconf 76' lang='grc' dir='ltr'>καὶ</span> <span class='ocrx_word' id='word_1_844' title='bbox 961 5506 1096 5559; x_wconf 80' lang='grc' dir='ltr'>ἀλλα</span> <span class='ocrx_word' id='word_1_845' title='bbox 1150 5506 1320 5561; x_wconf 82' lang='grc' dir='ltr'>πολλὰ</span> <span class='ocrx_word' id='word_1_846' title='bbox 1353 5507 1577 5561; x_wconf 88' lang='grc' dir='ltr'>τοιαῦτα</span> <span class='ocrx_word' id='word_1_847' title='bbox 1601 5525 1794 5563; x_wconf 82' lang='grc' dir='ltr'>παντε-</span> 
     </span>
    </p>
   </div>
   <div class='ocr_carea' id='block_1_106' title="bbox 226 5599 1801 5669">
    <p class='ocr_par' dir='ltr' id='par_1_106' title="bbox 226 5599 1801 5669">
     <span class='ocr_line' id='line_1_106' title="bbox 226 5599 1801 5669; baseline 0.001 -16"><span class='ocrx_word' id='word_1_848' title='bbox 226 5599 334 5664; x_wconf 85' lang='grc' dir='ltr'><strong>λῶς</strong></span> <span class='ocrx_word' id='word_1_849' title='bbox 365 5599 687 5669; x_wconf 80' lang='grc' dir='ltr'>δύσφραστα</span> <span class='ocrx_word' id='word_1_850' title='bbox 710 5599 806 5652; x_wconf 83' lang='grc' dir='ltr'>καὶ</span> <span class='ocrx_word' id='word_1_851' title='bbox 834 5599 1064 5667; x_wconf 83' lang='grc' dir='ltr'>ἀνόητα,</span> <span class='ocrx_word' id='word_1_852' title='bbox 1103 5602 1200 5654; x_wconf 72' lang='grc' dir='ltr'>καὶ</span> <span class='ocrx_word' id='word_1_853' title='bbox 1221 5602 1320 5665; x_wconf 79' lang='grc' dir='ltr'>τὰς</span> <span class='ocrx_word' id='word_1_854' title='bbox 1360 5599 1530 5664; x_wconf 83' lang='grc' dir='ltr'>ἀκοὰς</span> <span class='ocrx_word' id='word_1_855' title='bbox 1563 5617 1801 5655; x_wconf 83' lang='grc' dir='ltr'>κατατυ-</span> 
     </span>
    </p>
   </div>
   <div class='ocr_carea' id='block_1_107' title="bbox 229 5689 1353 5764">
    <p class='ocr_par' dir='ltr' id='par_1_107' title="bbox 229 5689 1353 5764">
     <span class='ocr_line' id='line_1_107' title="bbox 229 5689 1353 5764; baseline 0.004 -21"><span class='ocrx_word' id='word_1_856' title='bbox 229 5691 436 5746; x_wconf 86' lang='grc' dir='ltr'>ποῦντα</span> <span class='ocrx_word' id='word_1_857' title='bbox 452 5689 561 5745; x_wconf 87' lang='grc' dir='ltr'>τῶν</span> <span class='ocrx_word' id='word_1_858' title='bbox 592 5689 1055 5762; x_wconf 86' lang='grc' dir='ltr'>μαθητευομένων</span> <span class='ocrx_word' id='word_1_859' title='bbox 1078 5692 1249 5764; x_wconf 79' lang='grc' dir='ltr'>αὐτῷ.</span> <span class='ocrx_word' id='word_1_860' title='bbox 1345 5715 1353 5720; x_wconf 93' lang='grc'><strong>·</strong></span> 
     </span>
    </p>
   </div>
   <div class='ocr_carea' id='block_1_108' title="bbox 301 5849 1801 5924">
    <p class='ocr_par' dir='ltr' id='par_1_108' title="bbox 301 5849 1801 5924">
     <span class='ocr_line' id='line_1_108' title="bbox 301 5849 1801 5924; baseline -0.003 -14"><span class='ocrx_word' id='word_1_861' title='bbox 301 5849 429 5909; x_wconf 78' lang='grc' dir='ltr'><strong>Ἔτι</strong></span> <span class='ocrx_word' id='word_1_862' title='bbox 459 5851 748 5920; x_wconf 73' lang='grc' dir='ltr'>ἑξόμνυται</span> <span class='ocrx_word' id='word_1_863' title='bbox 793 5849 1038 5922; x_wconf 76' lang='grc' dir='ltr'>Μωὰμεθ</span> <span class='ocrx_word' id='word_1_864' title='bbox 1072 5852 1212 5910; x_wconf 72' lang='grc' dir='ltr'>κατά</span> <span class='ocrx_word' id='word_1_865' title='bbox 1237 5870 1295 5908; x_wconf 87' lang='grc' dir='ltr'><strong>τε</strong></span> <span class='ocrx_word' id='word_1_866' title='bbox 1334 5853 1486 5922; x_wconf 80' lang='grc' dir='ltr'>ἡλίου</span> <span class='ocrx_word' id='word_1_867' title='bbox 1515 5855 1607 5910; x_wconf 78' lang='grc' dir='ltr'>καὶ</span> <span class='ocrx_word' id='word_1_868' title='bbox 1644 5853 1801 5924; x_wconf 85' lang='grc' dir='ltr'>σελή-</span> 
     </span>
    </p>
   </div>
   <div class='ocr_carea' id='block_1_109' title="bbox 1902 4939 3478 5010">
    <p class='ocr_par' dir='ltr' id='par_1_109' title="bbox 1902 4939 3478 5010">
     <span class='ocr_line' id='line_1_109' title="bbox 1902 4939 3478 5010; baseline 0.005 -16"><span class='ocrx_word' id='word_1_869' title='bbox 1902 4953 1998 4994; x_wconf 83' lang='lat' dir='ltr'><strong>eos</strong></span> <span class='ocrx_word' id='word_1_870' title='bbox 2028 4939 2118 5008; x_wconf 88' lang='lat' dir='ltr'><strong>qui</strong></span> <span class='ocrx_word' id='word_1_871' title='bbox 2159 4941 2380 4995; x_wconf 87' lang='lat' dir='ltr'><strong>turbant</strong></span> <span class='ocrx_word' id='word_1_872' title='bbox 2415 4955 2616 5009; x_wconf 86' lang='lat' dir='ltr'><strong>aquam</strong></span> <span class='ocrx_word' id='word_1_873' title='bbox 2674 4949 3040 5010; x_wconf 85' lang='lat' dir='ltr'><strong>stagnantem.</strong></span> <span class='ocrx_word' id='word_1_874' title='bbox 3105 4961 3124 4995; x_wconf 90' lang='lat'><strong>9</strong></span> <span class='ocrx_word' id='word_1_875' title='bbox 3165 4944 3232 4998; x_wconf 87' lang='lat' dir='ltr'><strong>Et</strong></span> <span class='ocrx_word' id='word_1_876' title='bbox 3288 4947 3416 5002; x_wconf 88' lang='lat' dir='ltr'><strong>alihi</strong></span> <span class='ocrx_word' id='word_1_877' title='bbox 3466 4967 3478 5001; x_wconf 90' lang='lat'><strong>:</strong></span> 
     </span>
    </p>
   </div>
   <div class='ocr_carea' id='block_1_110' title="bbox 1909 5029 3482 5105">
    <p class='ocr_par' dir='ltr' id='par_1_110' title="bbox 1909 5029 3482 5105">
     <span class='ocr_line' id='line_1_110' title="bbox 1909 5029 3482 5105; baseline 0.006 -22"><span class='ocrx_word' id='word_1_878' title='bbox 1909 5049 1928 5083; x_wconf 81' lang='grc' dir='ltr'><strong>ι</strong></span> <span class='ocrx_word' id='word_1_879' title='bbox 1961 5029 2054 5085; x_wconf 66' lang='lat' dir='ltr'><strong>Na:</strong></span> <span class='ocrx_word' id='word_1_880' title='bbox 2078 5046 2174 5098; x_wconf 91' lang='lat' dir='ltr'><strong>per</strong></span> <span class='ocrx_word' id='word_1_881' title='bbox 2209 5030 2425 5084; x_wconf 82' lang='lat' dir='ltr'><strong>Alezer.</strong></span> <span class='ocrx_word' id='word_1_882' title='bbox 2459 5048 2477 5082; x_wconf 88' lang='lat'><strong>9</strong></span> <span class='ocrx_word' id='word_1_883' title='bbox 2506 5031 2708 5085; x_wconf 87' lang='lat' dir='ltr'><strong>Harum</strong></span> <span class='ocrx_word' id='word_1_884' title='bbox 2737 5045 2866 5086; x_wconf 79' lang='lat' dir='ltr'><strong>vero</strong></span> <span class='ocrx_word' id='word_1_885' title='bbox 2889 5031 3250 5088; x_wconf 84' lang='lat' dir='ltr'><strong>formularum</strong></span> <span class='ocrx_word' id='word_1_886' title='bbox 3290 5038 3482 5105; x_wconf 84' lang='lat' dir='ltr'><strong>juran-</strong></span> 
     </span>
    </p>
   </div>
   <div class='ocr_carea' id='block_1_111' title="bbox 1902 5123 3482 5200">
    <p class='ocr_par' dir='ltr' id='par_1_111' title="bbox 1902 5123 3482 5200">
     <span class='ocr_line' id='line_1_111' title="bbox 1902 5123 3482 5200; baseline 0.004 -23"><span class='ocrx_word' id='word_1_887' title='bbox 1902 5124 1981 5186; x_wconf 93' lang='lat' dir='ltr'><strong>di,</strong></span> <span class='ocrx_word' id='word_1_888' title='bbox 2042 5123 2177 5176; x_wconf 87' lang='lat' dir='ltr'><strong>alias</strong></span> <span class='ocrx_word' id='word_1_889' title='bbox 2211 5123 2432 5193; x_wconf 88' lang='lat' dir='ltr'><strong>quidem</strong></span> <span class='ocrx_word' id='word_1_890' title='bbox 2468 5123 2554 5178; x_wconf 82' lang='lat' dir='ltr'><strong>sui</strong></span> <span class='ocrx_word' id='word_1_891' title='bbox 2589 5123 2683 5178; x_wconf 83' lang='lat' dir='ltr'><strong>Dei</strong></span> <span class='ocrx_word' id='word_1_892' title='bbox 2702 5137 2825 5178; x_wconf 85' lang='lat' dir='ltr'><strong>esse</strong></span> <span class='ocrx_word' id='word_1_893' title='bbox 2853 5124 2970 5189; x_wconf 85' lang='lat' dir='ltr'><strong>ait;</strong></span> <span class='ocrx_word' id='word_1_894' title='bbox 2999 5125 3121 5181; x_wconf 80' lang='lat' dir='ltr'><strong>aliis</strong></span> <span class='ocrx_word' id='word_1_895' title='bbox 3173 5143 3301 5184; x_wconf 75' lang='lat' dir='ltr'><strong>vero</strong></span> <span class='ocrx_word' id='word_1_896' title='bbox 3367 5131 3482 5200; x_wconf 68' lang='grc' dir='ltr'>ἱρτιο</span> 
     </span>
    </p>
   </div>
   <div class='ocr_carea' id='block_1_112' title="bbox 1905 5215 3477 5290">
    <p class='ocr_par' dir='ltr' id='par_1_112' title="bbox 1905 5215 3477 5290">
     <span class='ocr_line' id='line_1_112' title="bbox 1905 5215 3477 5290; baseline 0.005 -20"><span class='ocrx_word' id='word_1_897' title='bbox 1905 5217 2098 5278; x_wconf 87' lang='lat' dir='ltr'><strong>utitur,</strong></span> <span class='ocrx_word' id='word_1_898' title='bbox 2147 5215 2334 5270; x_wconf 71' lang='lat' dir='ltr'><strong>volens</strong></span> <span class='ocrx_word' id='word_1_899' title='bbox 2367 5217 2422 5269; x_wconf 92' lang='lat' dir='ltr'><strong>in</strong></span> <span class='ocrx_word' id='word_1_900' title='bbox 2488 5217 2576 5272; x_wconf 83' lang='lat' dir='ltr'><strong>his</strong></span> <span class='ocrx_word' id='word_1_901' title='bbox 2651 5232 2868 5290; x_wconf 87' lang='lat' dir='ltr'><strong>quoque</strong></span> <span class='ocrx_word' id='word_1_902' title='bbox 2924 5221 3186 5278; x_wconf 83' lang='lat' dir='ltr'><strong>barbaros</strong></span> <span class='ocrx_word' id='word_1_903' title='bbox 3231 5236 3477 5280; x_wconf 85' lang='lat' dir='ltr'><strong>conster-</strong></span> 
     </span>
    </p>
   </div>
   <div class='ocr_carea' id='block_1_113' title="bbox 1905 5306 3481 5383">
    <p class='ocr_par' dir='ltr' id='par_1_113' title="bbox 1905 5306 3481 5383">
     <span class='ocr_line' id='line_1_113' title="bbox 1905 5306 3481 5383; baseline 0.006 -24"><span class='ocrx_word' id='word_1_904' title='bbox 1905 5321 2059 5371; x_wconf 88' lang='lat' dir='ltr'><strong>nare,</strong></span> <span class='ocrx_word' id='word_1_905' title='bbox 2126 5318 2290 5375; x_wconf 83' lang='lat' dir='ltr'><strong>atque</strong></span> <span class='ocrx_word' id='word_1_906' title='bbox 2345 5306 2638 5363; x_wconf 82' lang='lat' dir='ltr'><strong>ostendere</strong></span> <span class='ocrx_word' id='word_1_907' title='bbox 2687 5323 2749 5364; x_wconf 86' lang='lat' dir='ltr'><strong>se</strong></span> <span class='ocrx_word' id='word_1_908' title='bbox 2820 5311 3177 5382; x_wconf 88' lang='lat' dir='ltr'><strong>multiplicem</strong></span> <span class='ocrx_word' id='word_1_909' title='bbox 3241 5315 3481 5383; x_wconf 84' lang='lat' dir='ltr'><strong>discipli-</strong></span> 
     </span>
    </p>
   </div>
   <div class='ocr_carea' id='block_1_114' title="bbox 1905 5399 3476 5470">
    <p class='ocr_par' dir='ltr' id='par_1_114' title="bbox 1905 5399 3476 5470">
     <span class='ocr_line' id='line_1_114' title="bbox 1905 5399 3476 5470; baseline 0.005 -18"><span class='ocrx_word' id='word_1_910' title='bbox 1905 5415 2030 5453; x_wconf 84' lang='lat' dir='ltr'><strong>nam</strong></span> <span class='ocrx_word' id='word_1_911' title='bbox 2087 5415 2150 5454; x_wconf 80' lang='lat' dir='ltr'><strong>ac</strong></span> <span class='ocrx_word' id='word_1_912' title='bbox 2207 5399 2478 5467; x_wconf 87' lang='lat' dir='ltr'><strong>profunda</strong></span> <span class='ocrx_word' id='word_1_913' title='bbox 2533 5401 2788 5470; x_wconf 82' lang='lat' dir='ltr'><strong>mysteria</strong></span> <span class='ocrx_word' id='word_1_914' title='bbox 2837 5403 3074 5470; x_wconf 88' lang='lat' dir='ltr'><strong>callere;</strong></span> <span class='ocrx_word' id='word_1_915' title='bbox 3134 5414 3190 5459; x_wconf 88' lang='lat' dir='ltr'><strong>ut</strong></span> <span class='ocrx_word' id='word_1_916' title='bbox 3242 5414 3298 5459; x_wconf 87' lang='lat' dir='ltr'><strong>et</strong></span> <span class='ocrx_word' id='word_1_917' title='bbox 3353 5422 3476 5462; x_wconf 89' lang='lat' dir='ltr'><strong>cum</strong></span> 
     </span>
    </p>
   </div>
   <div class='ocr_carea' id='block_1_115' title="bbox 1905 5492 3477 5564">
    <p class='ocr_par' dir='ltr' id='par_1_115' title="bbox 1905 5492 3477 5564">
     <span class='ocr_line' id='line_1_115' title="bbox 1905 5492 3477 5564; baseline 0.003 -18"><span class='ocrx_word' id='word_1_918' title='bbox 1905 5492 2074 5547; x_wconf 87' lang='lat' dir='ltr'><strong>dicit:</strong></span> <span class='ocrx_word' id='word_1_919' title='bbox 2101 5492 2388 5562; x_wconf 77' lang='lat' dir='ltr'><strong>Inscriptio</strong></span> <span class='ocrx_word' id='word_1_920' title='bbox 2416 5493 2472 5546; x_wconf 83' lang='lat' dir='ltr'><strong>in</strong></span> <span class='ocrx_word' id='word_1_921' title='bbox 2507 5494 2692 5556; x_wconf 76' lang='lat' dir='ltr'><strong>Acca;</strong></span> <span class='ocrx_word' id='word_1_922' title='bbox 2727 5501 2783 5548; x_wconf 89' lang='lat' dir='ltr'><strong>et</strong></span> <span class='ocrx_word' id='word_1_923' title='bbox 2815 5495 2905 5563; x_wconf 92' lang='lat' dir='ltr'><strong>qui</strong></span> <span class='ocrx_word' id='word_1_924' title='bbox 2948 5496 3090 5550; x_wconf 87' lang='lat' dir='ltr'><strong>scire</strong></span> <span class='ocrx_word' id='word_1_925' title='bbox 3140 5495 3322 5564; x_wconf 82' lang='lat' dir='ltr'><strong>possis</strong></span> <span class='ocrx_word' id='word_1_926' title='bbox 3348 5498 3477 5563; x_wconf 90' lang='lat' dir='ltr'><strong>quid</strong></span> 
     </span>
    </p>
   </div>
   <div class='ocr_carea' id='block_1_116' title="bbox 1912 5581 3477 5656">
    <p class='ocr_par' dir='ltr' id='par_1_116' title="bbox 1912 5581 3477 5656">
     <span class='ocr_line' id='line_1_116' title="bbox 1912 5581 3477 5656; baseline 0.003 -18"><span class='ocrx_word' id='word_1_927' title='bbox 1912 5581 1982 5638; x_wconf 80' lang='lat' dir='ltr'><strong>sit</strong></span> <span class='ocrx_word' id='word_1_928' title='bbox 2003 5583 2148 5636; x_wconf 85' lang='lat' dir='ltr'><strong>Acca</strong></span> <span class='ocrx_word' id='word_1_929' title='bbox 2165 5584 2187 5637; x_wconf 72' lang='grc' dir='ltr'>τ</span> <span class='ocrx_word' id='word_1_930' title='bbox 2204 5583 2420 5652; x_wconf 84' lang='lat' dir='ltr'><strong>aliaque</strong></span> <span class='ocrx_word' id='word_1_931' title='bbox 2448 5584 2712 5651; x_wconf 84' lang='lat' dir='ltr'><strong>permulta</strong></span> <span class='ocrx_word' id='word_1_932' title='bbox 2737 5585 3024 5653; x_wconf 88' lang='lat' dir='ltr'><strong>ejusmodi,</strong></span> <span class='ocrx_word' id='word_1_933' title='bbox 3050 5601 3168 5655; x_wconf 72' lang='lat' dir='ltr'><strong>qua:</strong></span> <span class='ocrx_word' id='word_1_934' title='bbox 3194 5597 3244 5642; x_wconf 89' lang='lat' dir='ltr'><strong>et</strong></span> <span class='ocrx_word' id='word_1_935' title='bbox 3269 5588 3477 5656; x_wconf 88' lang='lat' dir='ltr'><strong>prolatu</strong></span> 
     </span>
    </p>
   </div>
   <div class='ocr_carea' id='block_1_117' title="bbox 1905 5674 3479 5746">
    <p class='ocr_par' dir='ltr' id='par_1_117' title="bbox 1905 5674 3479 5746">
     <span class='ocr_line' id='line_1_117' title="bbox 1905 5674 3479 5746; baseline 0.004 -16"><span class='ocrx_word' id='word_1_936' title='bbox 1905 5685 2032 5730; x_wconf 80' lang='lat' dir='ltr'><strong>sunt</strong></span> <span class='ocrx_word' id='word_1_937' title='bbox 2074 5674 2336 5739; x_wconf 73' lang='lat' dir='ltr'><strong>difIit-ilia,</strong></span> <span class='ocrx_word' id='word_1_938' title='bbox 2376 5685 2428 5728; x_wconf 91' lang='lat' dir='ltr'><strong>et</strong></span> <span class='ocrx_word' id='word_1_939' title='bbox 2459 5675 2680 5744; x_wconf 81' lang='lat' dir='ltr'><strong>intelligi</strong></span> <span class='ocrx_word' id='word_1_940' title='bbox 2713 5689 2936 5743; x_wconf 81' lang='lat' dir='ltr'><strong>prorsus</strong></span> <span class='ocrx_word' id='word_1_941' title='bbox 2977 5687 3271 5746; x_wconf 86' lang='lat' dir='ltr'><strong>nequeunt,</strong></span> <span class='ocrx_word' id='word_1_942' title='bbox 3313 5691 3479 5736; x_wconf 78' lang='lat' dir='ltr'><strong>aures</strong></span> 
     </span>
    </p>
   </div>
   <div class='ocr_carea' id='block_1_118' title="bbox 1909 5766 3171 5837">
    <p class='ocr_par' dir='ltr' id='par_1_118' title="bbox 1909 5766 3171 5837">
     <span class='ocr_line' id='line_1_118' title="bbox 1909 5766 3171 5837; baseline -0.001 -14"><span class='ocrx_word' id='word_1_943' title='bbox 1909 5782 2103 5836; x_wconf 88' lang='lat' dir='ltr'><strong>nempe</strong></span> <span class='ocrx_word' id='word_1_944' title='bbox 2126 5782 2354 5820; x_wconf 88' lang='lat' dir='ltr'><strong>suorum</strong></span> <span class='ocrx_word' id='word_1_945' title='bbox 2377 5766 2768 5836; x_wconf 86' lang='lat' dir='ltr'><strong>discipulorum</strong></span> <span class='ocrx_word' id='word_1_946' title='bbox 2800 5768 3171 5837; x_wconf 88' lang='lat' dir='ltr'><strong>percellentia.</strong></span> 
     </span>
    </p>
   </div>
   <div class='ocr_carea' id='block_1_119' title="bbox 1978 5856 3474 5926">
    <p class='ocr_par' dir='ltr' id='par_1_119' title="bbox 1978 5856 3474 5926">
     <span class='ocr_line' id='line_1_119' title="bbox 1978 5856 3474 5926; baseline -0.001 -12"><span class='ocrx_word' id='word_1_947' title='bbox 1978 5857 2132 5915; x_wconf 83' lang='lat' dir='ltr'><strong>Jurat</strong></span> <span class='ocrx_word' id='word_1_948' title='bbox 2181 5869 2441 5925; x_wconf 70' lang='lat' dir='ltr'><strong>prmtcrea</strong></span> <span class='ocrx_word' id='word_1_949' title='bbox 2510 5856 2783 5914; x_wconf 77' lang='lat' dir='ltr'><strong>Moameth</strong></span> <span class='ocrx_word' id='word_1_950' title='bbox 2850 5872 2944 5926; x_wconf 84' lang='lat' dir='ltr'><strong>per</strong></span> <span class='ocrx_word' id='word_1_951' title='bbox 3007 5859 3221 5923; x_wconf 77' lang='lat' dir='ltr'><strong>sulem,</strong></span> <span class='ocrx_word' id='word_1_952' title='bbox 3266 5860 3474 5922; x_wconf 84' lang='lat' dir='ltr'><strong>lunam.</strong></span> 
     </span>
    </p>
   </div>
  </div>
