4044 6290
495 335 497 338 ⁴
519 356 655 427 1347

1753 344 2135 408 EUTHYMII
2170 345 2552 408 ZIGABENI.

3664 353 3793 419 134:8

520 482 692 537 astra,
726 466 1328 540 igneumspiendorem,
1353 460 1626 523 animalia,
1654 474 1814 514 canes
1839 473 2111 522 cursores,

2220 476 2337 529 νης,
2369 461 2468 514 καὶ
2510 464 2618 515 τῶν
2647 462 2886 536 ἄστρων,
2929 467 3022 519 καὶ
3054 466 3431 536 λαμπυρίδων,
3469 468 3651 533 ζώων,
3704 473 3794 523 καὶ

518 565 757 634 plantas,
787 561 1001 627 aliaque
1026 558 1303 625 incognita
1349 564 1404 608 et
1430 553 1666 606 barbara
1696 550 1955 604 vocabula
2021 550 2101 619 (ut

514 672 623 727 ego
649 653 934 722 existimo)
960 651 1268 706 daemonum
1304 646 1593 702 noxiorum
1629 655 1684 698 et
1711 642 2101 698 scelestorum.

522 749 653 803 llaec
682 758 846 815 porro
868 758 999 798 eum
1020 743 1107 795 ille
1130 741 1187 795 in
1216 739 1332 795 suis
1407 737 1625 808 jurandi
1668 735 1917 789 formulis
1955 734 2105 787 adhi-

520 842 670 902 beat,
712 837 998 907 perSpicue
1026 833 1288 897 ostendit,
1307 831 1455 901 quod
1504 831 1602 884 ista
1635 844 1733 896 pro
1763 828 1863 881 diis
1920 826 2060 881 colat
2088 842 2103 880 :

516 932 613 1000 qui
644 930 787 983 enim
815 927 986 995 jurat,
1020 940 1115 994 per
1132 924 1392 993 majorem
1418 922 1609 992 jurare
1628 920 1786 973 solet.
1815 920 2000 989 itaque
2054 927 2108 973 et

522 1024 693 1085 Deus,
732 1035 855 1074 cum
891 1034 996 1073 non
1043 1027 1232 1087 posset
1287 1030 1385 1085 per
1457 1013 1715 1083 majorem
1761 1012 1967 1082 jurare,
2009 1026 2106 1081 per

514 1113 1009 1183 seipsunrjuravit,
1066 1108 1525 1178 quemadmodum
1556 1105 1845 1174 Scriptura
1898 1102 2104 1158 docuit.

512 1206 909 1276 Jusjurandum
946 1214 1122 1257 autent
1155 1202 1207 1255 in
1236 1201 1401 1253 Deum
1452 1197 1822 1265 intelligimus.
1854 1195 2107 1263 promissi

520 1301 603 1353 sui
639 1314 733 1368 per
754 1296 979 1367 aliquod
1008 1302 1344 1363 assumptum
1382 1289 1887 1347 conﬁrmationem.

597 1392 658 1446 Η
676 1433 687 1444 .
706 1389 987 1458 Templum
1008 1387 1169 1439 etiam
1191 1384 1355 1439 tradit
1370 1392 1425 1437 et
1449 1382 1516 1436 ab
1545 1380 1768 1435 lsmaele
1790 1389 1844 1432 et
1864 1377 2107 1432 Abraha-

518 1500 614 1539 ‘mo
649 1484 973 1539 aediﬁcatum
996 1494 1118 1535 esse
1148 1477 1259 1532 Deo
1286 1494 1303 1543 ;
1330 1475 1475 1545 quod
1502 1474 1717 1544 quidem
1741 1488 1915 1542 neque
1945 1474 2111 1525 exsti-

521 1580 590 1631 tit
628 1592 890 1645 unquam,
917 1586 1094 1642 neque
1118 1588 1144 1624 a
1174 1570 1455 1639 Scriptura
1501 1575 1867 1632 memoratur;
1913 1580 2039 1619 nam
2065 1563 2108 1618 si

521 1671 756 1740 lapidem
822 1666 1288 1728 unctum,utDeo
1324 1670 1507 1717 statua
1562 1660 1866 1728 erigeretur
1925 1668 2107 1722 uncta,

515 1762 737 1817 divinus
761 1760 933 1815 Moses
961 1775 1064 1812 non
1090 1756 1306 1812 reticuit
1333 1795 1347 1820 ,
1384 1755 1653 1824 quomodo
1684 1752 1936 1821 templum
1970 1751 2109 1803 inte-

524 1868 679 1923 grum
718 1853 938 1907 silentio
970 1848 1401 1921 prmterivisset?

604 1944 693 1996 12.
728 1942 1022 1995 Constituit
1051 1948 1102 1991 ut
1130 1940 1211 1991 sui
1235 1945 1458 1991 orarent
1476 1935 1807 1991 conversiad
1826 1943 2104 1999 austrum;

522 2035 742 2089 scilicet
774 2041 829 2085 ut
855 2032 1017 2085 etiam
1048 2029 1218 2084 hacin
1243 2044 1301 2082 re
1346 2029 1413 2081 ali
1466 2029 1572 2082 illis
1621 2030 2104 2097 distiuguerentur,

523 2127 616 2196 qui
651 2128 716 2178 ad
744 2124 1007 2177 orientem
1036 2123 1203 2176 solem
1232 2120 1479 2175 conversi
1539 2129 1852 2188 precantur.

595 2218 755 2273 Jubet
790 2226 1050 2283 praeterea
1078 2229 1174 2268 eos
1204 2215 1292 2281 qui
1332 2227 1393 2265 se
1434 2213 1500 2264 ad
1551 2226 1740 2281 preces
1793 2209 2103 2275 conferunt,

523 2308 676 2378 prius
699 2321 820 2360 sese
866 2319 1138 2373 purgare;
1186 2317 1326 2372 aqua
1362 2301 1621 2369 quidem,
1687 2301 1730 2355 si
1787 2302 1959 2367 adsit;
2021 2302 2103 2355 sin

526 2401 729 2463 minus,
761 2400 924 2452 Immo
954 2396 1185 2451 fossitia.
1210 2396 1372 2465 Atqui
1400 2396 1513 2448 haec
1545 2394 1713 2463 magis
1763 2392 1950 2455 findat,
2000 2408 2105 2447 non

526 2499 746 2560 purgat.
812 2487 1024 2542 Deinde
1076 2488 1328 2556 quidnam
1391 2485 1605 2541 confert
1662 2487 1803 2539 nuda
1862 2485 1954 2538 illa
2012 2500 2107 2553 per

527 2597 723 2651 aquam
761 2579 1012 2649 purgatio
1039 2618 1055 2645 ,
1096 2577 1365 2647 siquidem
1393 2577 1558 2632 animi
1588 2578 1734 2632 omni
1794 2575 2108 2645 impuritate

525 2670 777 2729 scatent?

600 2765 738 2819 Dicit
779 2764 1002 2827 iterum,
1028 2771 1287 2831 tanquam
1348 2777 1414 2818 ex
1463 2776 1694 2831 persona
1743 2763 1837 2817 Dei
1878 2782 1938 2818 τι
1996 2762 2106 2819 Nos

526 2858 777 2911 dedimus
840 2854 937 2909 tibi
986 2856 1370 2909 scarahaum:
1412 2863 1467 2908 tu
1503 2869 1632 2924 ergo
1690 2855 1855 2909 funde
1915 2869 2105 2923 preces

524 2950 595 3003 ad
640 2947 926 3002 Dominum
992 2956 1141 3001 tuum
1168 2986 1185 3012 ,
1217 2957 1276 3000 et
1312 2956 1515 3001 macta.
1555 2965 1573 2998 ι
1616 2945 1660 3002 Ο
1725 2946 2105 3002 admirandum

527 3040 854 3097 sacriﬁcium
891 3048 944 3095 et
986 3040 1357 3111 magniﬁcum,
1409 3041 1612 3110 talique
1656 3040 1967 3111 legislatore
2024 3039 2108 3095 di-

525 3151 689 3205 gnum
710 3134 724 3189 Ξ

600 3227 689 3280 15.
726 3224 853 3293 Quae
886 3238 918 3280 a
955 3240 1089 3281 xvm
1118 3224 1416 3281 Moametlii
1446 3223 1642 3281 fabella
1666 3237 1835 3295 usque
1858 3224 1925 3278 ad
1947 3239 2107 3278 mm

522 3322 983 3390 «interjectalsunt,
1002 3320 1186 3375 omnia
1208 3318 1684 3388 praetermisimus,
1711 3327 1967 3385 tanquam
2004 3316 2111 3384 ple-

540 3430 606 3465 na
636 3412 890 3466 omnibus
910 3412 1094 3479 nugis,
1119 3418 1173 3464 et
1212 3408 1537 3463 monstrosis
1570 3408 1858 3478 ﬁgmentis,
1882 3420 2112 3478 quaeque

528 3505 665 3557 adeo
707 3519 736 3558 a
776 3504 972 3571 seipsis
996 3511 1313 3557 evertuntur
1332 3510 1387 3556 et
1411 3501 1752 3556 refutantur:
1781 3499 1870 3555 illa
1916 3515 2112 3569 nempe

530 3607 873 3664 quaecunque
917 3608 980 3646 ex
1010 3590 1189 3646 Veteri
1213 3591 1419 3661 pariter
1466 3599 1521 3646 et
1565 3588 1716 3646 Novo
1761 3590 2111 3645 Testamento

531 3683 741 3753 accepit
771 3694 824 3737 et
879 3682 1152 3754 corrupit.
1204 3681 1345 3736 Dicit
1389 3681 1534 3736 enim
1596 3681 1820 3736 Mariam
1865 3695 2111 3737 sororem

528 3774 694 3830 Mosis
724 3786 777 3828 et
802 3777 1055 3842 Aaronis,
1070 3775 1480 3845 juxtapalmam
1501 3775 1778 3843 peperisse
1796 3773 2072 3829 Christum
2096 3789 2111 3826 :

528 3876 588 3920 et
642 3882 762 3921 cum
810 3867 1172 3936 desponderet
1214 3867 1456 3920 animum
1503 3868 1572 3922 ob
1630 3866 1847 3921 dolores
1901 3873 2113 3935 partus,

528 3956 811 4012 Christum
834 3972 901 4012 ex
928 3968 1081 4013 utero
1101 3958 1273 4028 ipsam
1299 3958 1593 4013 allocutum
1611 3972 1754 4021 esse,
1773 3957 2117 4028 jussisseque

543 4048 1122 4117 palmam-concutere,
1151 4059 1206 4104 et
1231 4051 1516 4104 conradere
1544 4050 1609 4104 de
1656 4048 1919 4103 fructibus
1973 4049 2115 4118 ejus:

532 4141 791 4196 Davidem
822 4156 954 4196 vero
979 4149 1034 4196 et
1091 4140 1437 4196 Salomonem
1494 4154 1614 4193 cum
1681 4138 2016 4194 dazmonibus
2067 4149 2121 4192 et

531 4235 729 4290 avibus
759 4234 1057 4290 collocutos
1102 4232 1337 4301 scripsit
1371 4239 1464 4287 εει
1498 4231 1776 4286 daemonas
1840 4228 2120 4284 Salomoni

532 4328 887 4382 administros
904 4327 1090 4392 fuisse,
1104 4325 1228 4379 item
1242 4334 1296 4381 et
1311 4325 1517 4396 gundas
1534 4324 1821 4393 quasdam,
1843 4336 1909 4377 eu
1921 4322 2123 4377 tndem-

527 4435 639 4490 que
671 4421 957 4488 imperium
993 4419 1047 4473 in
1077 4428 1272 4475 ventos
1314 4419 1600 4484 habuisse;
1661 4430 1717 4472 et
1769 4417 2119 4472 formicarum

2208 552 2387 605 κυνῶν
2414 553 2717 625 δρομικῶν,
2772 559 2865 610 καὶ
2895 558 3104 626 φυτῶν,
3138 559 3235 613 καὶ
3265 559 3468 630 ἐτέρων
3496 560 3791 627 ἀγνώστων

2207 646 2304 698 καὶ
2330 645 2683 718 βαρϐαρικῶν
2704 650 3009 719 ὀνομάτων,
3028 652 3103 715 ὡς
3128 648 3308 719 οἶμαι,
3325 652 3601 722 δαιμόνων
3630 656 3792 707 τινῶν

2209 737 2507 808 ἀλιτηρίων
2563 742 2659 793 καὶ
2708 741 3087 810 παλαμναίων.
3120 742 3309 797 Ταῦτα
3367 745 3423 796 δὲ
3464 746 3792 814 ποιούμενος

2207 832 2388 899 ὅρκον,
2406 832 2562 902 δῆλός
2592 836 2707 885 ἐστι
2730 834 2886 898 θεοὺς
2917 835 3057 888 αὐτὰ
3078 835 3321 906 νομίζων
3337 853 3349 866 ·
3372 838 3399 889 ὁ
3420 837 3530 906 γὰρ
3576 838 3792 905 ὀμνύων

2209 925 2353 978 κατὰ
2393 927 2484 979 τοῦ
2522 927 2772 997 μείζονος
2818 929 3010 983 εἴωθεν
3040 930 3282 999 ὀμνύειν.
3308 930 3406 983 Διὸ
3448 932 3542 984 καὶ
3568 934 3595 983 ὁ
3625 930 3783 996 Θεὸς,

2212 1018 2289 1090 μὴ
2322 1018 2463 1089 ἔχων
2498 1020 2639 1074 κατὰ
2683 1020 2931 1089 μείζονος
2975 1020 3223 1091 ὀμνύειν,
3274 1022 3400 1075 καθ’
3423 1021 3624 1074 ἑαυτοῦ
3646 1020 3766 1089 ὥμο

2211 1128 2323 1170 σεν.
2370 1110 2443 1173 ὡς
2468 1110 2707 1177 ἐδίδαξεν
2754 1112 2787 1181 ή
2836 1111 2876 1163 Γ
2881 1112 3049 1181 ραφή.
3086 1111 3294 1182 Ὅρκον
3322 1111 3380 1165 δὲ
3428 1111 3666 1179 νοοῦμεν
3703 1112 3787 1164 ἐπὶ

2210 1201 2345 1255 Θεοῦ
2372 1203 2470 1272 τὴν
2499 1202 2585 1257 διά
2603 1219 2742 1266 τινος
2770 1202 3337 1273 παραλαμϐανομένου
3372 1202 3668 1272 βεϐαίωσιν
3694 1203 3788 1271 τῆς

2210 1296 2568 1364 ἐπαγγελίας.

2284 1385 2374 1439 ια’.
2411 1387 2559 1440 Ναὸν
2585 1386 2735 1454 λέγει
2778 1387 2933 1458 παρά
2957 1404 3018 1440 τε
3049 1388 3266 1457 Ἰσραὴλ
3301 1388 3394 1441 καὶ
3425 1386 3688 1456 Ἀϐραὰμ
3715 1386 3789 1456 τῷ

2212 1476 2333 1550 Θεῷ
2369 1479 2891 1551 ἁνοικοὸομηθῆναν
2924 1480 3017 1534 τὸν
3042 1479 3165 1534 οὔτε
3196 1481 3492 1548 γενόμενον
3549 1477 3786 1539 πώποτε,

2212 1569 2340 1624 οὔτε
2360 1571 2512 1642 παρὰ
2532 1574 2597 1642 τῇ
2624 1571 2814 1643 Γραφῇ
2843 1572 3341 1643 μνημονευόμενον
3359 1571 3410 1625 εί
3430 1570 3541 1641 γὰρ
3564 1570 3790 1640 simul

2212 1662 2360 1716 λίθου
2428 1664 2590 1733 μόνον
2649 1667 2728 1730 είς
2779 1666 2981 1735 στήλην
3027 1666 3103 1734 τῷ
3150 1665 3269 1735 Θεῷ
3329 1667 3699 1734 κεχρισμένον
3738 1665 3789 1717 οὗ

2214 1757 2472 1825 παρεῖδεν
2497 1760 2523 1811 ὁ
2547 1758 2687 1820 θεῖος
2730 1758 2961 1829 Μωσῆς,
3011 1758 3129 1821 πῶς
3155 1760 3283 1811 ναὸν
3318 1757 3437 1811 ὅλον
3465 1756 3786 1825 ἀπεσιώπτιο

2213 1864 2305 1900 σεν
2331 1848 2432 1909 ἄν;

2286 1936 2374 2009 ιβ’.
2409 1938 2833 2010 Ἐνομοθέτησεν
2859 1938 3117 2010 εὔχεσθαι
3141 1940 3275 2010 πρὸς
3294 1939 3446 1992 νότον
3478 1938 3789 2005 ἀπεστραμ-

2216 2030 2415 2100 μένους
2440 2046 2453 2060 ·
2481 2031 2566 2083 ἵνα
2591 2031 2694 2083 κάν
2715 2030 2888 2101 τούτῳ
2904 2030 3290 2100 διακρίνωνται
3310 2029 3419 2083 ἀπὸ
3437 2029 3548 2082 τῶν
3572 2045 3784 2099 στρεφο-

2212 2122 2392 2191 μένων
2416 2122 2553 2190 πρὸς
2586 2121 2682 2191 τὴν
2712 2120 2806 2174 τοῦ
2846 2120 2998 2190 ἡλίου
3027 2120 3317 2190 ἀνατολήν.

2282 2213 2512 2266 Κελεύει
2542 2213 2670 2277 τοὺς
2715 2216 2795 2271 εἰς
2842 2214 3011 2284 εὐχὴν
3076 2212 3405 2283 ἐρχομένους
3469 2208 3781 2279 καθαρίζειν

2210 2308 2438 2369 ἑαυτοῦ,
2462 2324 2475 2339 °
2512 2307 2665 2362 ὕδατι
2694 2308 2792 2378 μὲν
2832 2309 2880 2361 εί
2906 2309 3177 2377 πάρεστιν
3197 2323 3211 2337 ⁸
3239 2308 3287 2360 εί
3322 2306 3381 2359 δὲ
3419 2306 3647 2359 ἄπεστι.
3678 2302 3781 2373 χὼ-

2214 2417 2346 2469 ματι
2368 2417 2380 2431 ·
2420 2400 2577 2453 τοῦτο
2609 2400 2665 2453 δὲ
2700 2400 2866 2469 ῥυτιοῖ
2918 2399 3142 2469 μᾶλλον,
3172 2398 3297 2467 οὐχὶ
3331 2396 3613 2465 καθαίρει.
3646 2394 3709 2446 Τί
3735 2392 3785 2445 Si

2211 2494 2304 2546 καὶ
2336 2492 2647 2546 συντελέσει
2684 2494 2715 2563 ή
2751 2491 2841 2547 διὰ
2868 2491 2963 2546 τοῦ
2997 2476 3191 2555 ὕδατος
3225 2490 3355 2561 ψιλή
3396 2487 3687 2557 κάθαρσις,
3716 2484 3788 2537 si-

2212 2602 2319 2655 περ
2343 2586 2401 2638 αι
2433 2584 2604 2656 ψυχαὶ
2624 2584 2829 2639 τούτων
2866 2569 3214 2656 ἀκαθαρσίας
3243 2585 3351 2637 εἰσὶ
3382 2583 3618 2653 pauci;

2280 2767 2445 2835 Λέγει
2498 2765 2680 2827 πάλιν,
2711 2764 2787 2826 ὼς
2841 2764 2904 2817 ἐκ
2938 2761 3109 2817 Θεοῦ·
3155 2779 3175 2814 ι
3222 2761 3420 2831 Ἡμεῖς
3477 2757 3787 2827 δεδώκαμέν

2213 2877 2297 2913 σοι
2337 2863 2427 2913 τὸν
2468 2857 2741 2929 κάνθαρον
2770 2875 2783 2889 ο
2819 2856 2912 2909 καὶ
2947 2852 3102 2921 εὖξαι
3135 2856 3271 2927 πρὸς
3303 2854 3393 2907 τὸν
3426 2853 3635 2923 Κύριόν
3680 2868 3787 2911 σου.

2211 2952 2305 3005 καὶ
2342 2953 2565 3020 σφάξον.
2600 2970 2617 3002 ι
2661 2950 2726 3002 Ὢ
2757 2949 3054 3019 θαυμαστὴ
3104 2948 3266 3002 θυσία
3320 2947 3411 3001 καὶ
3448 2945 3791 3017 μεγαλοπρε-

2213 3045 2343 3117 πής,
2364 3046 2459 3099 καὶ
2491 3042 2587 3099 τοῦ
2612 3042 3079 3115 νομοθετήσαντος
3116 3041 3343 3106 ἐπαξίαῐ

2290 3227 2378 3297 ιγ’.
2402 3228 2484 3281 Τὰ
2502 3226 2608 3281 ἀπὸ
2630 3224 2724 3278 τοῦ
2749 3224 2822 3296 ιη’
2847 3223 3116 3295 μυθαρίου
3137 3222 3383 3292 Μωάμεθ
3409 3223 3575 3293 μέχρι
3595 3221 3690 3275 τοῦ
3705 3220 3791 3286 λς’

2217 3322 2396 3374 πάντα
2455 3320 2808 3389 παρήκαμεν,
2842 3317 2916 3379 ὡς
2965 3316 3141 3384 μεστὰ
3166 3315 3348 3385 πάσης
3380 3314 3677 3383 τερθρείας
3704 3316 3792 3367 καὶ

2213 3412 2619 3485 τερατολογίας,
2652 3410 2751 3463 καὶ
2808 3408 3035 3463 αὐτόθεν
3069 3408 3509 3478 ἀνατρεπόμενα,
3547 3408 3655 3459 ὅσα
3690 3407 3791 3461 ἀπό

2214 3522 2273 3558 τε
2305 3504 2405 3574 τῆς
2441 3503 2707 3566 Παλαιᾶς,
2752 3501 2861 3555 ἀπό
2888 3519 2946 3554 τε
2979 3501 3077 3569 τῆς
3101 3501 3245 3562 Νέας
3280 3498 3441 3553 ἔλαϐε
3472 3499 3570 3553 καὶ
3623 3498 3791 3569 παρέ-

2218 3596 2428 3666 φθειρε.
2457 3596 2621 3663 Λέγει
2648 3594 2754 3663 γὰρ
2790 3594 2888 3663 τήν
2919 3592 3013 3645 τοῦ
3039 3593 3279 3653 Μωσέως
3299 3589 3621 3662 καὶἋαρὼν
3644 3590 3791 3644 ἀδελ.

2212 3691 2325 3762 ¹φῆν
2347 3689 2572 3761 Μαρίαν
2610 3674 2760 3759 παρὰ
2786 3686 2991 3756 φοίνικι
3022 3686 3226 3739 τίκτειν
3253 3686 3346 3736 τὸν
3366 3683 3630 3753 Χριστὸν,
3663 3683 3795 3734 ἀπε-

2216 3782 2521 3852 λεγομένην
2553 3780 2652 3851 τήν
2682 3778 2883 3849 ἑαυτῆς
2909 3778 3087 3849 ψυχὴν
3130 3778 3218 3831 διὰ
3256 3776 3357 3839 τὰς
3412 3776 3642 3837 ὠδῖναςο
3704 3778 3794 3829 καὶ

2217 3875 2310 3929 τὸν
2344 3870 2580 3945 Χριστὸν
2606 3873 2713 3928 ἀπὸ
2742 3872 2841 3942 τῆς
2867 3872 3102 3941 γαστρὸς
3129 3870 3264 3941 αὐτῇ
3291 3869 3791 3940 προσφθέγξασθιιι,

2221 3968 2318 4022 καὶ
2352 3965 2612 4019 κελεῦσαι
2659 3966 2836 4018 σεῖσαι
2876 3964 2967 4017 τὸν
3019 3965 3274 4032 φοίνικα,
3316 3964 3412 4015 καὶ
3445 3964 3643 4031 φαγεῖν
3694 3960 3795 4014 ἀπὸ

2219 4059 2328 4113 τῶν
2348 4057 2590 4127 ,καρπῶν
2622 4056 2812 4110 αὑτοῦ.
2853 4055 2958 4109 Τὸν
2986 4055 3041 4108 δὲ
3077 4054 3242 4108 Δαϐὶδ
3271 4053 3365 4107 καὶ
3401 4054 3490 4107 τδν
3513 4053 3798 4124 Σολομῶνα

2222 4147 2446 4217 δαίμοσι
2481 4145 2577 4199 καὶ
2631 4146 2809 4215 ὄρνισι
2874 4144 3395 4216 προσδιαλέγεσθαι,
3432 4143 3695 4214 δαίμονάς
3742 4158 3795 4193 τε

2226 4238 2623 4310 συνεργοῦντας
2651 4235 2731 4307 τῷ
2776 4235 3049 4307 Σολομῶνι
3082 4239 3362 4306 παρεῖναι,
3415 4238 3510 4288 καὶ
3542 4234 3797 4305 τούν-δας

2221 4334 2408 4398 τινάς·
2444 4332 2540 4386 καὶ
2557 4331 2668 4384 τῶν
2701 4329 2918 4400 ἀνέμων
2951 4330 3141 4401 ἄρχειν
3176 4330 3361 4396 αὑτὸν,
3396 4330 3490 4383 καὶ
3528 4329 3636 4382 τῶν
3668 4344 3797 4396 pup-

2228 4428 2420 4498 μήκων
2451 4440 2791 4494 κατανοησαι
2826 4422 2896 4478 ιὰ
2954 4424 3234 4493 μυστήρια
3261 4439 3275 4453 ο
3315 4423 3411 4475 καὶ
3454 4421 3650 4491 ἄγριόν
3681 4437 3799 4472 τινα

528 4511 878 4585 perspexisse
904 4510 1183 4580 mysteria,
1211 4518 1266 4563 et
1294 4510 1599 4566 silvestrem
1634 4510 1926 4581 quemdam
1962 4510 2111 4576 galli«

2224 4517 2565 4588 ἀλεκτρυόνα
2589 4512 2729 4568 εἶναι
2757 4515 2968 4578 τούτοις
2989 4515 3333 4569 διδάσκαλον.
3369 4515 3481 4566 Καὶ
3504 4516 3597 4566 τὸν
3626 4511 3775 4580 ῡώρα

525 4618 762 4660 uaeeum
826 4602 958 4672 ipsis
1040 4603 1319 4656 doctorem
1371 4600 1563 4665 fuisse,
1621 4600 1719 4654 sed
1770 4610 1826 4655 et
1879 4599 2117 4655 ferreum

527 4697 810 4751 thoracem
849 4692 1086 4763 primum
1115 4706 1145 4745 a
1174 4691 1377 4748 Davide
1401 4689 1769 4760 excogitatum
1798 4704 1943 4745 esse.

515 4840 523 4847 .
606 4789 855 4856 Seipsum
883 4802 1012 4844 vero
1035 4785 1273 4856 iudicem
1327 4800 1453 4840 cum
1510 4784 1622 4841 Deo
1690 4784 1969 4854 prtedieai,
2026 4784 2118 4854 qui

524 4882 872 4951 iudicaturus
900 4879 1478 4950 sitorbem;aliaque
1538 4879 1660 4935 istis
1715 4881 2039 4939 absurdiora
2058 4890 2120 4935 et

533 4974 706 5041 magis
739 4972 1008 5028 diabolica
1042 4972 1372 5029 deblaterat.

604 5065 786 5119 Solem
822 5065 990 5120 tradit
1019 5065 1292 5136 in-aquam
1323 5068 1558 5125 calidam
1586 5069 1654 5124 ad
1681 5070 1827 5126 ﬁnes
1891 5085 2118 5130 occasus

532 5159 814 5228 immergi;
839 5169 894 5213 et
921 5158 1096 5213 lotum
1127 5160 1272 5215 circa
1300 5161 1602 5216 diluculum
1633 5164 1934 5219 ascendere
1960 5174 2120 5234 atque

532 5252 758 5311 exoriri.
793 5252 957 5322 Atqui
994 5252 1040 5307 si
1073 5252 1155 5307 sol
1184 5254 1401 5322 quidem
1439 5254 1584 5324 ignis
1620 5268 1721 5323 est,
1746 5255 1892 5325 ignis
1937 5268 2118 5313 autem

531 5362 588 5407 et
614 5368 753 5421 aqua
782 5368 841 5408 se
870 5353 1109 5409 invicem
1137 5359 1324 5407 mutuo
1352 5349 1672 5414 conﬁciunt,
1704 5349 1795 5418 qui
1824 5348 1882 5402 ﬁt
1906 5358 1963 5401 ut
1985 5348 2123 5404 alte-

533 5459 653 5497 rum
686 5458 796 5499 non
831 5454 1124 5500 consumat
1182 5442 1460 5497 alterum?
1516 5441 1742 5506 Deinde,
1792 5440 1921 5509 quid
1981 5454 2120 5509 opus

533 5543 618 5587 est
644 5534 744 5587 soli
775 5535 877 5589 hoc
904 5533 1169 5590 lavacro?
1194 5532 1286 5588 Sol
1317 5532 1463 5585 enim
1493 5531 1821 5600 purissimus
1843 5538 1952 5596 est,
1979 5530 2121 5598 ipsa-

534 5643 641 5698 que
670 5630 809 5683 adeo
843 5643 985 5698 aqua
1012 5628 1183 5683 multo
1216 5629 1428 5696 purior.

608 5809 698 5865 Η.
728 5807 908 5868 Solem
943 5820 999 5870 et
1027 5812 1209 5867 lunam
1237 5811 1290 5866 in
1314 5810 1473 5881 equis
1503 5808 1757 5867 incedere
1789 5807 1987 5886 tradit.~
2003 5807 2112 5867 Sed

2224 4628 2297 4663 κα
2343 4609 2399 4663 δὲ
2429 4610 2520 4663 τὸν
2559 4607 2814 4679 σιδηροῦν
2846 4608 2997 4677 παρὰ
3035 4605 3130 4661 τοῦ
3185 4606 3349 4659 Δαϐὶδ
3401 4606 3552 4673 λέγει
3587 4604 3801 4675 πρῶτον

2224 4706 2250 4757 ὲ
2261 4701 2606 4772 πινοηθῆναι.

2308 4794 2535 4848 Ἑαυτὸν
2584 4791 2641 4846 δὲ
2676 4791 2872 4861 κριτὴν
2898 4791 3047 4861 μετὰ
3091 4788 3186 4843 τοῦ
3226 4787 3361 4843 Θεοῦ
3400 4790 3657 4859 φημίζει,
3691 4806 3803 4857 κρι-

2221 4887 2417 4941 νοῦντα
2445 4887 2544 4958 τὴν
2574 4885 2900 4953 οἰκουμένην
2920 4899 2934 4913 ·
2959 4885 3052 4936 καὶ
3073 4882 3236 4954 ἔτερα
3262 4882 3469 4935 τούτων
3486 4881 3802 4950 ἁλογώτερα

2222 4980 2317 5032 καὶ
2347 4976 2668 5046 δαιμονιωδέ
2677 4992 2845 5045 στερα
2874 4973 3272 5043 καταφλυαρεί.

2292 5069 2398 5123 Τδν
2426 5070 2575 5141 ἥλιόν
2625 5084 2792 5137 φησιν
2820 5069 2900 5131 είς
2952 5066 3158 5135 θερμὸν
3190 5065 3337 5134 ὕδωρ
3395 5063 3803 5126 καταϐαπτίζεο

2224 5164 2350 5217 σθαι
2378 5162 2515 5230 πρὸς
2546 5161 2625 5231 τῷ
2676 5160 2824 5213 τέλει
2873 5160 2973 5228 τῆς
3009 5159 3308 5228 ἐσπερίας⁶
3353 5160 3450 5211 καὶ
3487 5158 3802 5228 λουόμενον,

2222 5254 2434 5309 ἀνιέναι
2490 5253 2628 5322 πρὸς
2677 5251 2879 5322 ὄρθρον
2914 5250 3007 5303 καὶ
3053 5250 3387 5303 ἀνατέλλειν.
3442 5250 3590 5304 ‘AD.’
3620 5253 3675 5303 εἰ
3707 5250 3805 5317 πῦρ

2226 5348 2325 5418 μὲν
2357 5349 2384 5400 ὁ
2426 5346 2883 5418 ἥλιοςνὰλλήλων
2920 5343 2980 5397 δὲ
3036 5343 3314 5414 φθαρτικὰ
3364 5342 3426 5395 τὸ
3460 5342 3570 5413 πῦρ
3612 5344 3716 5396 καὶ
3754 5341 3805 5395 ιδ

2225 5441 2370 5512 ὕδωρ
2392 5454 2407 5469 ⁸
2436 5439 2553 5502 πῶς
2585 5439 2687 5491 οὒκ
2712 5436 2993 5490 ἀναλίσκει
3030 5436 3258 5505 θάτερον
3284 5436 3343 5488 τὸ
3376 5435 3566 5504 ἕτερον
3591 5452 3609 5500 ;
3641 5437 3737 5497 Τίς
3756 5435 3804 5487 δὲ

2223 5535 2379 5604 καὶή
2419 5532 2576 5603 χρεία
2632 5530 2725 5584 τοῦ
2782 5529 3024 5582 τοιούτου
3074 5528 3334 5597 λοντροῦς
3396 5527 3807 5597 Καθαρὼτατος

2225 5625 2332 5692 γὰρ
2360 5625 2387 5675 ὁ
2408 5622 2588 5693 ἥλιος,
2640 5623 2738 5674 καὶ
2776 5619 2945 5674 αὐτοῦ
2982 5619 3077 5672 τοῦ
3111 5618 3299 5681 ὓδατος
3333 5619 3514 5690 πολλῷ
3549 5621 3808 5690 καθαρώ-

2222 5732 2400 5785 τερος.
3104 5722 3111 5729 “

2298 5808 2381 5867 ιδ’.
2420 5809 2521 5867 Τδν
2550 5810 2703 5883 ἥλιον
2724 5810 2818 5867 καὶ
2836 5809 2936 5882 τήν
2954 5808 3182 5881 σελήνην
3212 5808 3298 5880 ἐφ’
3318 5809 3506 5874 ἵπποις
3541 5807 3698 5867 εἷναί
3718 5828 3813 5881 gr,-
