4044 6290
301 348 436 413 1349

1160 332 1533 420 PANOPLIA
1575 360 2031 426 DOGMATICA.
2070 389 2139 415 -τ
2173 367 2318 430 Tl'l‘.
2350 372 2626 435 XXVIII.

3408 388 3549 456 1350

293 484 395 521 σιν.
414 466 575 520 Ἀλλὰ
592 468 706 531 πῶς
728 469 912 542 ἀψυχα
933 472 1103 526 ταῦτα
1120 473 1269 540 ὄντα,
1288 477 1540 530 ἱππεύειν
1570 478 1822 531 δύνανται

1964 486 2233 549 quomodo
2266 501 2399 552 nec,
2427 505 2547 541 cum
2580 500 2686 544 Sllll
2713 492 2971 558 inanima,
2999 496 3243 562 equitare
3276 505 3548 567 pos-unt?

295 558 407 621 πῶς
438 558 492 611 δὲ
527 561 619 612 καὶ
650 562 699 612 οἱ
741 561 897 616 ἵπποι
926 564 1108 634 ὄχημα
1143 566 1315 638 πυρὸς
1336 566 1475 622 εἶναι
1522 570 1859 639 ὑποστήσον-

289 667 402 715 rat;
438 650 624 719 Γήῖνος
653 653 760 721 γὰρ
796 655 1029 719 ἕκαστος
1065 658 1249 726 ἵππος,
1285 664 1377 713 καὶ
1412 662 1623 732 δαπάνη
1664 664 1858 734 πυρός.

293 741 355 792 Ol
384 740 439 793 δὲ
475 743 613 796 κατὰ
645 742 736 796 τὸν
779 746 964 800 Ἠλίαν
999 747 1237 822 ἔμπυροι
1283 752 1436 806 ἵπποι
1472 755 1532 807 οὐ
1585 752 1748 824 φύσιν
1782 751 1860 808 εἷο

290 850 380 902 χον
408 829 620 901 ἵππων,
645 836 780 890 ἀλλά
812 839 1002 910 σχῆμα
1029 842 1216 912 μόνον,
1249 843 1470 914 ἄγγελοι
1498 844 1633 901 Θεοῦ
1659 848 1860 918 τυγχά-

288 936 489 990 νοντες.

363 1015 442 1070 ιε’.
488 1018 579 1071 Ἐκ
602 1019 825 1093 βδέλλης
879 1022 1166 1095 ἄνθρωπον
1206 1028 1451 1096 γίνεσθαι
1482 1032 1653 1098 λέγει.
1697 1034 1858 1091 Ἀ).λά

289 1108 407 1171 πῶς
432 1111 498 1162 ἑκ
555 1112 649 1164 τοῦ
688 1113 1011 1183 ἀτιμοτάτου
1056 1119 1116 1172 τὺ
1144 1121 1495 1191 τιμιώτατον,
1539 1126 1635 1179 καὶ⁸
1668 1128 1729 1180 ἑκ
1761 1129 1855 1180 τοῦ

288 1197 486 1267 ἀλόγου
520 1200 611 1254 τὸν
635 1204 877 1273 λογικὸν,
908 1208 1004 1260 καὶ
1034 1208 1097 1262 ἑκ
1122 1209 1218 1264 τοῦ
1261 1213 1497 1281 φευκτοῦ
1527 1216 1588 1267 τὸ
1622 1216 1850 1282 εὐκτόν;

355 1465 452 1531 ις’.
482 1468 576 1521 Ἕκ
598 1469 817 1526 πάντων
833 1473 941 1527 τῶν
960 1473 1115 1537 ζώων
1129 1478 1228 1549 τῆς
1253 1477 1508 1550 βρώσεως
1529 1482 1857 1553 ἀποπέμπε-

284 1574 371 1611 ται
390 1560 554 1628 μόνον
583 1562 675 1614 τὸν
704 1566 913 1633 χοῖρον·
946 1567 1066 1619 οὔτε
1096 1569 1151 1621 δὲ
1180 1571 1338 1638 κύνα,
1369 1566 1491 1626 οὔτε
1519 1573 1703 1638 λύκον,
1730 1576 1854 1629 οὕτε

278 1668 330 1703 τι
374 1652 538 1705 ἄλλο’
578 1655 713 1708 ἀλλὰ
748 1657 965 1712 πάντων
999 1662 1254 1731 μετέχειν
1293 1666 1666 1734 προτρέπεται
1720 1669 1851 1732 τοὺς

284 1743 375 1795 ὑπ’
396 1745 563 1798 αὑτοῦ
599 1746 989 1819 ἠπατημένους
1010 1769 1023 1782 ο
1048 1771 1065 1803 t
1085 1755 1293 1823 Φάγετε
1322 1757 1451 1825 γὰρ,
1482 1776 1498 1808 ι
1533 1759 1719 1828 φησὶν,
1746 1780 1763 1811 ι
1790 1762 1853 1813 ἑκ

273 1835 379 1886 τῶν
400 1835 571 1890 ὄντων
601 1839 656 1890 ὲν
680 1843 744 1910 τῇ
777 1843 847 1912 γῇ
873 1859 888 1875 ο
920 1845 1137 1913 καθαρὰ
1170 1846 1277 1915 γὰρ
1307 1849 1401 1899 καὶ
1426 1848 1569 1902 καλά
1591 1867 1604 1880 ·
1647 1851 1744 1903 καὶ
1777 1851 1849 1921 μὴ
1884 1836 1926 1891 Β

274 1926 606 1997 ἀκολουθῆτε
641 1935 751 1993 τοῖς
788 1932 960 2001 ἴχνεσι
999 1935 1094 1990 τοῦ
1129 1938 1365 1993 Σατανᾶ.
1410 1958 1428 1991 ι
1477 1941 1722 1994 Σατανᾶν
1757 1943 1850 2012 δη-

271 2014 449 2070 λονότι
494 2020 677 2073 καλῶν
730 2022 822 2075 τὸν
875 2024 943 2077 τὰ
980 2026 1077 2096 μὲν
1110 2027 1349 2098 καθαρὰ,
1388 2031 1456 2083 τὰ
1477 2031 1533 2083 δὲ
1561 2032 1849 2104 ἀκάθαρτα

272 2113 757 2180 προσηγορευκότα
788 2114 943 2168 Θεόν.
977 2117 1120 2169 Ἀλλ’
1141 2119 1189 2170 εί
1224 2121 1472 2184 Σατανᾶς
1498 2116 1676 2191 οὗτος,
1730 2126 1848 2190 πῶς

268 2197 400 2249 Θεὸν
432 2201 593 2253 αὑτὸν
625 2204 683 2254 ὲν
716 2205 896 2268 ἄλλοις
947 2206 1256 2276 ὀνομάζεις,
1281 2227 1326 2263 ω
1347 2211 1479 2282 λῆρε
1511 2216 1605 2267 καὶ
1636 2218 1847 2287 σεαυτῷ

272 2291 558 2361 μαχόμενε
581 2310 595 2357 ;

338 2383 424 2447 ιζ’.
467 2386 604 2453 Περὶ
662 2389 916 2457 νηστείας
964 2394 1271 2461 νομοθετῶν
1324 2397 1465 2452 οὕτω
1513 2402 1711 2471 φησίν⁸
1762 2404 1844 2457 ὅτι

267 2478 554 2543 «Ἔξεστιν
573 2478 701 2548 ὑμῖν
719 2482 749 2551 ὴ
769 2482 864 2547 νὺξ
878 2484 974 2554 τῆς
991 2487 1245 2555 νηστείας
1266 2491 1346 2553 εἰς
1365 2491 1513 2561 μίξιν
1530 2495 1843 2563 τῶνγυναιη

264 2570 378 2624 κῶν
433 2572 607 2639 ὑμῶν.
633 2567 803 2627 Abt-at
835 2576 944 2647 γὰρ
994 2578 1146 2647 ὑμῶν
1173 2581 1280 2634 εἰσι
1315 2585 1681 2653 σκεπάσματα
1708 2603 1721 2617 ⁸
1750 2590 1842 2641 καὶ

262 2661 424 2731 ὑμεῖς
448 2665 639 2728 αὐταῖς
687 2667 811 2719 ἑστε
872 2670 1258 2741 σκεπάσματα.
1291 2673 1474 2741 Ἔγνω
1511 2676 1621 2747 γὰρ
1656 2680 1683 2730 6
1713 2679 1844 2743 Θεὸς

262 2754 345 2807 ὅτι
374 2756 859 2825 παραθουλεύεσθε
885 2764 1004 2825 ταῖς
1033 2764 1233 2833 ψυχαῖς
1255 2765 1406 2835 ὑμῶν
1425 2768 1483 2821 ὲν
1502 2770 1567 2839 τῇ
1593 2772 1839 2842 νηστείᾳ,

264 2847 361 2899 καὶ
396 2848 555 2911 ἵλεως
588 2851 718 2918 ὑμῖν
750 2851 982 2920 γίνεται.
1036 2856 1284 2926 Μίχθητε
1314 2858 1509 2923 αὐταῖς
1552 2862 1630 2923 είς
1663 2865 1843 2933 παρά-

263 2938 488 3007 κλησιν·
548 2940 751 3008 φάγετε
809 2942 1046 3014 ἑσπέρας
1095 2946 1190 2998 καὶ
1264 2947 1447 3014 πίετε,
1515 2950 1621 3014 ἕως
1654 2953 1841 3023 τὸτῆς

261 3031 457 3092 νυκτὸς
493 3031 662 3101 μέλαν
695 3037 836 3105 φανῇ
866 3036 1060 3089 λευκὸν
1088 3037 1177 3091 διὰ
1206 3039 1306 3109 τῆς
1332 3041 1545 3112 ἡμέρας
1567 3058 1580 3072 °
1610 3046 1704 3097 καὶ
1732 3045 1840 3099 πά-

258 3120 343 3172 λιν
370 3122 698 3191 πληρώσατε
728 3124 825 3196 τὴν
875 3128 1130 3197 νηστείαν
1166 3132 1272 3195 ἑως
1297 3135 1398 3203 τῆς
1434 3137 1698 3206 ἑσπέρας,
1746 3140 1838 3191 καὶ

262 3214 498 3283 μίχθητε
534 3217 747 3280 αὐταῖς,
784 3218 938 3287 ὑμῶν
966 3223 1345 3290 συχναζὸντων
1379 3228 1436 3279 ἑν
1483 3228 1560 3297 τῷ
1590 3247 1835 3300 προσκυ-

256 3306 525 3375 νητηρίῳ.
554 3306 705 3377 Αὕτη
735 3310 883 3392 ἐστὶν
910 3313 938 3363 6
970 3313 1131 3382 νόμος
1162 3315 1321 3370 Θεοῦ.
1359 3337 1377 3370 ι
1419 3320 1555 3372 Ποία
1583 3324 1831 3392 νηστεία,

254 3397 558 3465 ἀκάθαρτε,
609 3400 642 3468 ἢ
696 3385 848 3464 ποῖος
906 3403 1069 3473 νόμος
1105 3408 1265 3474 Θεοῦ,
1318 3409 1380 3463 τὸ
1408 3411 1475 3463 δι’
1506 3385 1645 3480 ὅλης·
1687 3385 1832 3485 (τῆς)

254 3488 455 3549 νυκτὸς
490 3489 707 3552 εὐάζειν
737 3494 833 3545 καὶ
861 3494 1245 3567 ἀσελγαίνειν;

324 3581 462 3650 Περὶ
490 3584 847 3653 σωφροσύνης
880 3589 1061 3650 αὐτοῖς
1092 3592 1470 3664 διαλεγόμενός
1493 3616 1658 3669 φησιν
1679 3616 1692 3629 ·
1735 3602 1828 3654 «Αἱ

250 3676 516 3741 γυναῖκες
575 3675 750 3742 ὑμῶν,
803 3677 991 3740 ναετὺς
1044 3681 1219 3750 ὑμῶν.
1260 3683 1542 3738 Είσέλθετε
1579 3692 1659 3753 εἰς
1703 3694 1831 3755 τοὺς

249 3768 477 3828 ναετοὺς
532 3766 707 3835 ὑμῶν,
742 3768 865 3821 ὅθεν
912 3770 1205 3838 βούλεσθε·
1252 3776 1346 3827 καὶ
1395 3778 1674 3832 συνέλθετε
1708 3784 1829 3845 ταῖς

248 3860 454 3931 ψυχαῖς
482 3859 635 3929 ὑμῶν
660 3876 672 3888 ·
698 3879 715 3912 ι
755 3863 1023 3927 τουτέστι,
1053 3866 1232 3919 πᾶσαν
1264 3869 1563 3939 ἐπιθυμίαν
1592 3871 1699 3927 τῶν
1726 3873 1831 3944 ψυ-

247 3950 357 4021 χῶν
382 3950 536 4019 ὺμῶν
570 3950 926 4020 πληρώσατε,
968 3953 1064 4005 καὶ
1128 3957 1405 4025 χρήσασθε
1435 3962 1557 4023 ταῖς
1583 3963 1827 4030 γυναιξὶν

246 4042 403 4111 ὑμῶν
436 4043 843 4112 ἀμφοτέρωθεν.
891 4045 956 4097 Τί
989 4047 1087 4115 τῆς
1139 4049 1237 4114 σῆς
1299 4050 1638 4123 ἀκαθαρσίας
1693 4057 1827 4111 ego-

246 4150 343 4202 της
376 4132 777 4202 ἀσελγέστερον
802 4134 893 4186 καὶ
920 4138 1298 4205 μιαρώτερον;

319 4218 410 4291 ιη’.
448 4216 614 4284 Οὗτος
632 4222 987 4292 ἐνομοθέτησε
1006 4228 1270 4292 γυναῖκας
1287 4228 1389 4297 μὲν
1404 4229 1676 4303 τέσσαρας
1696 4234 1823 4289 ἕκα-

246 4329 371 4364 στον
404 4312 603 4384 [ὑμῶν]
625 4312 960 4381 λαμϐάνειν·
1003 4316 1282 4379 παλλακὰς
1309 4320 1365 4372 δὲ
1400 4321 1597 4389 χιλίας,
1633 4324 1819 4395 ἢόσας

245 4403 308 4456 ἂν
334 4406 558 4474 τρέφειν
582 4404 863 4477 δυνηθείη.
890 4406 1241 4462 ’Υποκεῖσοαι
1269 4410 1323 4463 δὲ
1351 4416 1471 4477 ταῖς
1487 4418 1700 4482 γυναιξὶ
1720 4418 1819 4483 τὰς

243 4495 529 4557 παλλακάς
552 4511 567 4528 ο
604 4497 699 4547 καὶ
730 4496 799 4564 ἥν
850 4497 915 4550 ἂν
948 4500 974 4550 6
1003 4499 1141 4570 ἀνὴρ
1192 4500 1487 4574 βούληται,
1533 4507 1815 4578 ἀπολύειν,
1842 4496 1898 4557 D

242 4588 336 4639 καὶ
367 4586 536 4655 ἀλλην
580 4590 945 4656 ἀντεισάγειν.
1008 4593 1071 4643 Ὦ
1119 4594 1221 4661 τῆς
1252 4597 1667 4669 ἀνυπερϐλήτου
1726 4604 1819 4656 καὶ

243 4676 537 4747 χοιρώὸους
575 4676 608 4746 ἢ
640 4677 917 4742 κυνώδους
953 4681 1286 4747 ἀκολασίαςί

310 4862 535 4924 Λύσεως
592 4863 973 4933 μνημονεύσας
1029 4870 1289 4933 γυναικὸς
1346 4872 1407 4937 ἑξ
1454 4874 1645 4946 ἀνδρός
1684 4895 1815 4947 φησι

237 4954 385 5008 τάδε·
420 4973 438 5004 t
474 4952 601 5008 Ἐάν
626 4974 707 5018 τις
741 4956 988 5029 ἀπολύσῃ
1020 4957 1116 5028 τὴν
1143 4965 1377 5027 γυναῖκα
1412 4967 1599 5032 αὐτοῦ,
1632 4986 1817 5043 γαμη-

239 5045 387 5116 θήτω
415 5044 559 5117 αὕτη
585 5046 759 5117 ἑτέρῳ
780 5065 796 5080 ο
830 5049 926 5100 καὶ
965 5048 1159 5116 οὕτως,
1190 5054 1238 5104 εἰ
1266 5053 1522 5123 βούλεται
1555 5063 1582 5113 6
1612 5064 1814 5116 ἀπολύ-

241 5155 336 5201 σας
367 5141 538 5210 αὐτὴν
568 5142 708 5212 ἀνὴρ
753 5143 945 5214 αὐτῆς,
981 5145 1484 5219 ἑπαναστρεψάσοω
1532 5156 1669 5226 πρὸς
1713 5160 1812 5212 αὑ-

238 5232 351 5284 τόν.
384 5233 497 5285 Οὐκ
523 5233 738 5297 ἐξέσται
763 5235 819 5288 δὲ
844 5237 1005 5306 αὐτῇ,
1030 5239 1137 5308 πρὸ
1161 5240 1254 5293 τοῦ
1280 5245 1809 5323 γαμηθῆναιὲτέρῳ,

236 5326 645 5395 ὲπαναστρέῲαι
704 5328 840 5397 πρὸς
883 5329 1060 5382 αὐτόν.
1104 5351 1122 5384 ι
1203 5334 1383 5400 Καλὸς
1433 5340 1592 5409 νόμος
1626 5344 1653 5394 6
1686 5359 1812 5412 μοι·

235 5417 389 5484 χείαν
419 5419 743 5484 ἐπιτάττων,
776 5421 869 5472 καὶ
914 5420 1215 5493 καθάρσιον
1255 5428 1424 5500 αὐτὴν
1468 5432 1569 5502 τῆς
1596 5434 1807 5489 ἀπολύ-

238 5526 372 5570 σεως
404 5509 715 5579 ὁριζόμενος
741 5513 756 5565 !

308 5599 393 5652 ιϐ’.
418 5600 505 5663 Εἰς
536 5603 625 5654 τὸν
654 5603 778 5656 καθ’
798 5605 954 5673 ἡμῶν
979 5609 1212 5681 πόλεμον
1230 5612 1458 5685 ἐγείρων
1476 5620 1603 5683 τοὺς
1630 5624 1807 5694 μαθη-

234 5686 329 5749 τὰς
345 5692 510 5744 αὐτοῦ
538 5712 669 5762 φησι
687 5711 701 5726 ο
725 5715 741 5747 ι
763 5697 1062 5752 Φονεύσατε
1086 5704 1281 5768 αὐτοὺς
1299 5706 1432 5758 ὅπου
1458 5708 1524 5761 ἂν
1543 5715 1803 5784 συναντή-

234 5796 362 5849 οητε
394 5784 597 5850 αὐτοῖς.
637 5808 655 5841 ι
689 5788 852 5842 Ἀλλὰ
880 5791 1024 5856 τίνος
1063 5793 1223 5851 ἕνεκα
1260 5799 1417 5853 τοῦτο
1450 5802 1716 5873 κελεύεις,
1753 5800 1797 5862 ὦ

1968 579 2239 642 quomodo
2260 580 2382 647 equi
2410 580 2549 648 ignis
2608 583 2923 639 vehiculum
2973 602 3091 643 esse
3163 592 3544 652 sustinebunt?

1964 667 2151 735 Equus
2172 670 2315 723 enim
2358 674 2636 728 terrestris
2664 685 2765 741 est,
2800 686 2851 731 et
2886 678 2994 746 igni
3026 680 3319 752 deﬂagrare
3344 695 3540 754 potest.

1964 757 2092 815 Eliae
2121 777 2246 816 vero
2277 762 2350 818 illi
2378 764 2518 835 ignei
2554 770 2674 835 equi
2734 769 2959 838 ﬁguram
2984 787 3242 841 equorum
3293 780 3541 849 praefere-

1962 851 2111 919 bant,
2139 867 2259 910 cum
2289 871 2475 913 revera
2502 861 2675 929 angeli
2700 860 2795 919 Dei
2826 876 3030 921 essent.

2036 1036 2119 1091 15.
2155 1037 2227 1091 Ex
2271 1038 2525 1098 birudine
2568 1046 2682 1103 sive
2712 1052 3036 1120 sanguisuga
3105 1057 3372 1115 hominem
3427 1066 3542 1121 ﬁeri

1963 1128 2113 1183 dicit.
2152 1131 2352 1186 Verum
2385 1138 2666 1194 enimvero
2711 1158 2813 1212 qua
2846 1148 3054 1205 ratione
3083 1168 3145 1206 ex
3176 1155 3544 1224 aitjectissinto

1959 1224 2438 1295 pretiosissimum,
2469 1246 2530 1285 ex
2565 1234 2726 1289 bruto
2777 1237 2985 1294 ratione
3050 1248 3352 1315 praeditum,
3384 1267 3446 1307 ex
3476 1271 3541 1308 eo

1959 1316 2100 1384 quod
2160 1316 2472 1385 fugiendum
2532 1335 2586 1380 et
2639 1334 2999 1388 aversaudum
3067 1348 3191 1403 est,
3256 1341 3309 1395 id
3395 1348 3539 1414 quod

1957 1410 2270 1477 expetitur?

2030 1503 2114 1557 lli.
2149 1505 2224 1558 Ex
2243 1521 2335 1561 esu
2366 1510 2602 1567 omnium
2628 1514 2948 1574 animalium
2988 1522 3159 1577 solum
3195 1526 3541 1585 abominatnr

1957 1608 2208 1664 porcum;
2245 1595 2420 1667 neque
2449 1617 2657 1671 canem,
2690 1616 2862 1677 nequ‘e
2891 1611 3095 1679 lupum,
3149 1633 3322 1688 neque
3374 1623 3537 1677 ullum

1956 1686 2140 1753 aliud;
2177 1691 2272 1744 sed
2303 1695 2514 1752 caeteris
2544 1699 2797 1755 omnibus
2851 1707 2991 1760 vesci
3034 1708 3190 1777 jubet
3246 1713 3296 1765 di
3329 1715 3539 1785 cipulos

1958 1792 1985 1831 a
2016 1792 2072 1832 se
2099 1782 2370 1851 deceptos.
2416 1805 2435 1838 ι
2471 1788 2769 1860 Comedite,
2799 1795 2992 1865 inquit,
3027 1801 3092 1855 de
3140 1803 3223 1856 his
3259 1782 3539 1872 qum'sunt

1957 1865 2009 1920 in
2041 1877 2182 1921 terra
2215 1888 2229 1937 ;
2260 1889 2392 1943 pura
2423 1879 2566 1932 enim
2597 1893 2722 1935 sunt
2755 1893 2809 1938 et
2835 1887 3007 1955 bona;
3042 1907 3216 1960 neque
3250 1898 3538 1963 sequimini

1956 1961 2177 2030 vestigia
2246 1965 2550 2023 Satanaeu
2616 1972 2873 2030 Satanam
2950 1982 3156 2037 scilicet
3214 1990 3537 2055 appellitans

1957 2050 2143 2117 Deum,
2172 2057 2259 2123 qui
2291 2058 2395 2113 alia
2428 2063 2645 2129 quidem
2681 2069 2900 2133 munda,
2939 2072 3041 2128 alia
3073 2090 3201 2129 vero
3256 2079 3532 2137 immunda

1953 2144 2111 2198 dixit.
2150 2141 2255 2201 Sed
2287 2150 2332 2203 si
2393 2156 2608 2219 quidem
2646 2157 2749 2212 iste
2800 2160 3031 2218 Satanas
3101 2178 3205 2231 est,
3262 2176 3535 2238 quomodo

1951 2232 2123 2302 ipsum
2152 2238 2205 2291 in
2242 2239 2363 2295 aliis
2400 2242 2566 2298 Deum
2606 2250 2866 2318 appellas,
2898 2268 2930 2307 ο
2958 2270 3094 2313 vane
3124 2276 3370 2329 nugator.
3409 2265 3533 2318 tibi-

1950 2338 2056 2394 que
2086 2325 2191 2395 ipsi
2229 2336 2577 2402 repugnans?

2019 2417 2103 2471 l7.
2138 2417 2212 2471 De
2229 2418 2434 2492 jejunio
2450 2425 2573 2481 dum
2602 2430 2746 2500 leges
2765 2434 2887 2500 fert,
2910 2436 2987 2491 sic
3006 2439 3115 2494 ait:
3158 2458 3176 2491 ι
3205 2440 3315 2497 Nux
3341 2445 3529 2514 jejunii

1955 2508 2109 2563 vobis
2140 2511 2305 2568 libera
2324 2531 2577 2575 concessa
2593 2532 2694 2586 est,
2714 2534 2771 2578 ut
2786 2541 2903 2579 eum
2922 2531 3113 2587 vestris
3133 2536 3390 2592 uxoribus
3413 2554 3534 2593 con-

1948 2603 2378 2676 cumbazistsa:
2395 2611 2538 2666 enim
2556 2626 2680 2669 sunt
2697 2629 2874 2674 vestra
2892 2630 3383 2692 tegumenta,etvos
3398 2631 3532 2695 ipsis

1946 2694 2594 2766 estisu-gumenta.Deus
2633 2712 2774 2763 enim
2797 2727 3135 2783 perspectum
3178 2720 3365 2777 habuit
3408 2724 3532 2779 insi-

1946 2785 2064 2840 dias
2084 2790 2233 2845 vobis
2253 2792 2366 2847 lieri
2390 2796 2611 2863 jejunio,
2632 2812 2685 2853 et
2700 2804 2965 2871 propitius
2984 2819 3085 2862 est.
3104 2810 3288 2881 Itaque
3305 2815 3529 2873 miscea-

1945 2878 2222 2965 minicum
2258 2885 2363 2940 illis
2387 2891 2453 2941 ad
2480 2892 2906 2950 consolationem
2928 2915 2944 2963 ;
2964 2906 3239 2971 etvesperi
3263 2910 3529 2966 comedite

2834 2948 2846 2950 _
2930 2948 2944 2963 ,
2969 2948 3015 2953 --
3043 2948 3239 2971 .--ιαμ
3265 2948 3526 2966 ..μηνυμυ

1943 2982 2005 3022 ac
2032 2948 2222 3036 bibite,
2269 2977 2438 3032 donec
2465 2994 2530 3033 ex
2553 2992 2668 3036 atra
2693 2988 2869 3042 noctis
2894 2991 3122 3059 caligine
3152 2998 3526 3056 candida‘dies

1943 3060 2226 3119 illucescat
2246 3083 2259 3125 ;
2281 3077 2335 3122 et
2363 3070 2553 3125 iterum
2576 3077 2788 3145 expleto
2805 3096 2976 3149 usque
2998 3086 3065 3139 ad
3089 3095 3525 3165 vesperamjeju-

1866 3166 1911 3224 (ς
1943 3152 2053 3218 ιιὶο,
2086 3169 2206 3209 cum
2239 3159 2558 3220 mulieribus
2584 3182 2695 3220 rem
2726 3169 2943 3239 habete,
2976 3180 3274 3234 oratorimn
3302 3187 3521 3241 assidue

1942 3240 2376 3311 frequentantes.
2410 3252 2533 3310 llme
2562 3257 2841 3327 jejunandi
2885 3267 3022 3321 ratio
3056 3269 3140 3325 lex
3205 3272 3295 3326 Dei
3345 3289 3449 3331 est.
3492 3297 3512 3332 ι

1943 3334 2223 3400 Quodnam
2260 3345 2695 3415 verojejunium,
2737 3370 2768 3407 ο
2806 3356 3054 3427 impure;
3109 3378 3355 3431 quaenam
3420 3368 3517 3426 Dei

1942 3426 2052 3492 lex,
2083 3440 2375 3497 perlatam
2418 3451 2632 3495 noctem
2664 3426 2921 3502 bacchari
2984 3426 3046 3505 et
3099 3453 3307 3511 libidini
3334 3459 3517 3516 indul-

1939 3523 2103 3587 gere?

2010 3614 2083 3669 De
2111 3619 2438 3676 continentia
2472 3634 2633 3694 atque
2687 3631 2947 3686 modestia
2991 3640 3130 3704 apud
3170 3655 3298 3695 suos
3340 3645 3514 3700 disse-

1938 3715 2065 3756 rens
2096 3704 2213 3759 ait:
2262 3708 2548 3767 «Mulieres
2601 3724 2793 3769 vestra:
2834 3720 3195 3779 habitaculum
3270 3722 3508 3787 v'estrum

1940 3801 2089 3847 sunt.
2145 3795 2351 3853 lttlrate
2383 3801 2435 3854 in
2467 3815 2709 3860 vestrum
2773 3809 3161 3879 habitaculum,
3233 3823 3508 3878 undecun-

1938 3896 2043 3948 que
2072 3884 2255 3952 vultis,
2280 3898 2334 3943 et
2359 3898 2697 3951 cumanimis
2744 3904 2943 3958 vestris
2991 3912 3382 3976 congredimini
3422 3933 3439 3971 :
3481 3935 3500 3967 ι

1937 3973 1989 4028 id
2020 3986 2124 4041 est,
2156 3994 2370 4035 omnem
2401 3983 2681 4043 libidinem
2723 3995 2890 4047 animi
2947 3973 3121 4051 vestri
3162 4002 3398 4072 explete,
3449 4020 3505 4062 et

1938 4066 2150 4122 utimini
2177 4070 2495 4132 mulieribus
2535 4082 2730 4136 vestris
2767 4086 3045 4157 utrinque.
3083 4066 3355 4156 Quid-hae
3410 4105 3501 4152 tua

1934 4157 2255 4227 impuritate
2287 4168 2536 4234 spurcius
2554 4180 2608 4225 et
2639 4173 3054 4235 abominabilius
3086 4181 3109 4234 τ

2005 4250 2093 4306 18.
2135 4250 2233 4309 llic
2258 4256 2429 4328 legem
2473 4262 2612 4327 tulit,
2645 4275 2701 4318 ut
2732 4268 2960 4338 quisque
2994 4283 3234 4329 vestrum
3272 4288 3502 4346 quatuor

1929 4356 2126 4401 uxores
2166 4350 2365 4405 ducere
2402 4366 2601 4423 queat;
2636 4359 2854 4427 pellices
2876 4378 3005 4418 vero
3030 4368 3197 4433 mille,
3224 4379 3317 4425 aut
3341 4385 3501 4442 quol-

1927 4445 2058 4503 quot
2094 4438 2290 4509 aliquis
2328 4443 2474 4498 alere
2505 4450 2693 4516 possit.
2737 4450 2935 4508 Verum
2975 4461 3233 4514 uxoribus
3268 4464 3491 4533 subjec-

1924 4533 2007 4581 ta’s
2035 4541 2153 4584 esse
2180 4531 2294 4586 vult
2326 4534 2544 4602 pellices
2571 4555 2584 4592 :
2612 4542 2983 4614 permittitque
3015 4550 3298 4617 repudiare
3329 4531 3491 4623 quam
3548 4608 3565 4615 ,

1924 4619 2151 4676 maritus
2182 4622 2333 4691 velit,
2378 4638 2431 4682 et
2485 4632 2643 4685 aliam
2687 4648 2782 4701 pro
2822 4651 2881 4690 ea
2935 4639 3149 4697 ducere.
3206 4641 3251 4696 0
3281 4645 3493 4700 int-omo

1871 4710 1877 4719 ‘
1921 4712 2241 4781 parabilem,
2280 4719 2667 4792 porclnamque
2698 4736 2792 4780 aut
2823 4730 3070 4782 caninam
3130 4731 3495 4801 intemperan-

1921 4801 2049 4858 tiam
2078 4805 2091 4858 l

1993 4896 2127 4953 Cum
2163 4902 2383 4957 divortii
2410 4906 2658 4960 meminit
2700 4908 2843 4962 inter
2914 4913 3090 4968 virum
3138 4929 3191 4971 et
3243 4934 3486 4987 uxorem,

1919 4984 2035 5039 haec
2072 4991 2360 5044 constituit
2392 5010 2406 5046 :
2451 5010 2469 5044 t
2502 4995 2557 5048 Si
2590 4998 2712 5064 quis
2747 5014 2975 5056 uxorem
3035 5021 3185 5062 suam
3237 5015 3489 5081 repudia-

1916 5079 2077 5143 verit,
2109 5079 2226 5148 ipsa
2260 5082 2425 5138 nubat
2463 5086 2552 5140 alii
2585 5106 2598 5154 ;
2627 5099 2789 5160 atque
2815 5094 2909 5160 ita,
2953 5096 2997 5151 si
3032 5094 3162 5157 velit
3217 5079 3310 5173 qui
3363 5122 3483 5161 eam
3539 5094 3542 5098 Α

1916 5170 2118 5224 dimisit
2155 5175 2388 5230 maritus
2414 5177 2554 5245 ejus,
2588 5182 2651 5233 ad
2685 5182 2858 5251 ipsum
2888 5199 3213 5246 revertatur.
3235 5170 3248 5173 _
3268 5194 3485 5252 Reverti

1915 5274 2043 5314 vero
2071 5263 2135 5313 ad
2176 5263 2374 5343 ipsum,
2407 5278 2697 5339 antequam
2733 5274 2823 5328 alii
2880 5283 3143 5347 nupserit,
3190 5300 3295 5339 non
3354 5286 3484 5341 lice-

1912 5352 2007 5407 bit.
2066 5374 2085 5407 ι
2121 5355 2385 5413 Praeclara
2421 5376 2547 5416 vero
2582 5366 2688 5431 lex,
2740 5386 2859 5438 qua:
2901 5374 3223 5431 adulterium
3281 5384 3479 5450 sancit,

1909 5454 1963 5496 et
1991 5458 2057 5498 eo
2096 5446 2211 5502 vult
2238 5450 2520 5517 repudium
2561 5456 2767 5525 expiari
2801 5464 2813 5513 !

1983 5628 2064 5684 l9.
2108 5631 2238 5685 Cum
2266 5638 2395 5689 'vero
2420 5649 2546 5692 suos
2582 5637 2879 5708 discipulos
2903 5644 2954 5698 in
2989 5644 3191 5702 bellum
3217 5651 3479 5709 adversus

1907 5736 2005 5775 nos
2042 5724 2250 5790 incitat,
2278 5727 2387 5782 ait:
2420 5746 2436 5778 ι
2458 5727 2705 5785 Occidite
2728 5731 2892 5802 ipsos,
2915 5735 3228 5806 ubicunque
3250 5740 3304 5795 in
3327 5741 3476 5813 ipsos

1910 5812 2231 5870 incidet-itis.
2274 5835 2291 5867 ι
2335 5816 2441 5875 Sed
2476 5819 2630 5891 cujus
2655 5822 2733 5877 rei
2767 5838 2935 5882 causa
2989 5826 3093 5884 hoc
3155 5812 3355 5901 ipsum
3381 5832 3473 5902 ju-
