4044 6290
523 343 660 411 135.1

1780 342 2169 405 EUTHYMII
2209 342 2381 401 ΖΠΗ.
2395 341 2571 400 BENI

3671 339 3815 401 13ἴὲ

515 456 632 523 bes,
686 470 719 509 ο
764 454 1106 524 sanguinarie
1141 451 1163 505 ?
1200 451 1278 507 Ne
1327 451 1599 517 videlicet,
1658 467 1777 506 cum
1829 454 2104 522 sapientes

2217 450 2469 519 μιαιφόνε
2495 466 2508 515 ;
2558 451 2646 501 ῐνα
2672 447 2889 508 πάντως
2926 448 3022 516 μὴ,
3047 449 3314 517 νουνεχεῖς
3342 448 3517 511 ὄντες,
3536 448 3815 520 stemus;

516 545 645 610 sint,
679 546 840 614 'nnpin
895 555 981 598 tua
1012 553 1065 597 et
1090 558 1287 613 spurca
1319 542 1514 611 placita
1544 552 1865 613 coarguant.

589 658 681 729 ξω.
710 659 924 712 Excitat
948 664 1129 711 autem
1152 656 1339 712 multis
1361 656 1533 710 modis
1550 667 1602 710 et
1623 666 1797 710 armat
1821 658 2101 719 barbaros,

521 758 581 802 ut
616 749 1054 803 Christianorum
1098 749 1366 818 sanguine
1415 748 1734 817 polluantur
1772 767 1784 802 :
1829 749 1958 814 dum
1996 750 2105 802 illis

521 856 843 909 persuasum
871 855 994 894 esse
1024 841 1158 904 vult,
1188 856 1438 909 magnam
1470 848 1525 895 et
1557 842 1836 910 copiosam
1893 856 2104 895 merce-

520 933 645 988 dem
684 935 825 1002 apud
863 933 1028 987 Deum
1076 935 1371 1002 repositam
1391 949 1514 988 esse
1548 935 1613 989 iis
1670 937 1759 1003 qui
1814 935 2107 990 crudeliter

522 1026 577 1079 in
599 1026 744 1092 ipsos
784 1036 1128 1095 grassentur.
1156 1024 1319 1081 Juth
1366 1028 1533 1081 etiam
1587 1028 1834 1095 quintam
1892 1038 2104 1097 partem

519 1120 861 1186 captivorum
883 1128 938 1170 et
970 1117 1201 1171 aliorum
1229 1118 1528 1185 spoliorum
1567 1119 1809 1173 dedicari
1872 1119 2006 1183 Deo,
2052 1128 2107 1173 et

518 1208 798 1277 prOphelae
824 1208 1179 1278 apostoloque
1230 1209 1351 1279 ejus
1377 1210 1705 1266 Moametho.
1745 1209 1930 1278 Neque
1961 1210 2105 1264 enim

513 1316 739 1371 aequum
776 1311 895 1356 erat
918 1303 1056 1357 lucri
1088 1320 1193 1357 non
1215 1318 1481 1369 essecum
1509 1305 1617 1359 illis
1637 1303 1953 1372 participem
1980 1317 2103 1356 eum

524 1392 615 1460 qui
654 1392 786 1461 ipsis
823 1393 1145 1462 perditionis
1175 1393 1615 1450 Christianorum
1648 1394 1838 1449 luisset
1864 1405 2059 1448 auctor
2089 1409 2105 1458 ;

517 1486 618 1540 sed
659 1500 756 1554 par
798 1494 929 1539 erat
975 1500 1045 1539 ex
1097 1488 1451 1555 sanguinario
1510 1486 1708 1555 populo
1752 1485 2107 1556 sanguinario

512 1583 800 1650 praphetze
827 1578 1209 1646 sanguinarias
1243 1579 1512 1648 primitias
1541 1579 1794 1635 decerni.

595 1688 701 1741 Sed
734 1698 913 1743 tamen
946 1692 1269 1756 rogantibus
1298 1691 1627 1747 Christianis
1659 1693 1814 1763 jubet
1858 1695 2105 1749 reconci-

2207 544 2275 596 τὰ
2307 542 2587 595 ἀσέὸαστά
2620 559 2713 594 σου
2748 540 2842 594 καὶ
2867 541 3227 594 κατάπτυστα
3250 542 3523 610 δόγματα.

2280 656 2369 723 κ’.ξ
2401 656 2719 727 Διανίστησι
2746 655 2840 710 καὶ
2883 655 3156 723 ἐξοπλίζει
3202 657 3651 726 παντοιοτρόπως
3684 659 3815 717 τοὶς

2210 750 2519 823 βαρόάρους
2552 749 2689 819 πρὸς
2717 748 2773 801 τὸ
2802 750 2912 810 τοῖς
2964 747 3074 801 τῶν
3107 749 3454 817 Χριστιανῶν
3482 750 3682 814 αἵμασι
3716 767 3819 800 κα-

2208 841 2621 911 ταχραίνεσθαι,
2656 841 3015 902 πιστεύοντας
3037 840 3244 912 πολλὴν
3274 843 3426 909 παρᾶ
3454 841 3576 910 Θεῷ
3604 841 3816 909 μισθα-

2210 932 2466 984 ποδοσίαν
2521 930 2734 984 κεῖσθαι
2780 933 2896 994 τοῖς
2931 930 3098 1001 ὠμῶς
3148 931 3271 984 κατ’
3312 932 3495 984 αὐτῶν
3539 932 3815 1000 χωροῦσι.

2209 1024 2322 1094 Τὴν
2363 1024 2621 1095 πέμπτην
2671 1024 2729 1077 δὲ
2762 1026 2959 1096 μοῖραν
2991 1024 3103 1078 τῶν
3158 1024 3527 1094 αἰχμαλώτων
3563 1030 3663 1075 καὶ
3698 1024 3815 1075 τῶν

2208 1116 2387 1170 ἄλλων
2420 1118 2634 1171 σκύλων
2662 1117 3014 1172 ἀνατίθεσθαι
3048 1116 3124 1187 τῷ
3145 1117 3289 1187 Θεῷ,
3317 1121 3408 1171 καί
3433 1118 3509 1187 τῷ
3543 1118 3814 1187 προφήτῃ

2209 1211 2305 1262 καὶ
2332 1209 2618 1282 ἀποστόλῳ
2660 1210 2827 1266 αὐτοῦ
2867 1209 3151 1278 Μωάμεθ·
3194 1211 3255 1262 ού
3309 1211 3419 1281 γὰρ
3449 1212 3555 1264 ἔδει
3596 1214 3678 1280 μὴ
3714 1216 3811 1264 καὶ

2208 1300 2304 1353 τοῦ
2327 1301 2560 1372 κέρδους
2623 1303 2804 1366 αὐτοῖς
2855 1302 3183 1372 κοινωνῆσαι
3238 1304 3331 1355 τὸν
3373 1303 3473 1373 τῆς
3519 1304 3817 1366 ἀπωλείας

2210 1395 2395 1457 αὐτοῖς
2427 1394 2622 1448 αἴτιον.
2677 1394 2877 1466 Ἐχρῆν
2904 1394 2962 1448 δὲ
2994 1397 3059 1449 ὲκ
3094 1396 3379 1465 μιαιφόνου
3412 1395 3541 1448 λαοῦ
3574 1396 3816 1466 μιαιφό-

2210 1503 2287 1557 νῳ
2322 1487 2580 1559 προφήτῃ
2606 1487 2926 1557 μιαιφόνους
2955 1483 3094 1541 εἶναι
3128 1488 3226 1551 τάς
3259 1487 3635 1560 προσενέξεις.

2282 1688 2393 1741 Καὶ
2424 1687 2888 1743 καταλλάττεσθαι
2941 1687 2998 1740 δὲ
3042 1687 3278 1753 κελεύει,
3327 1688 3814 1757 παρακαλούντων

518 1777 669 1832 liari.
741 1780 902 1848 Papa:
965 1780 1315 1837 inhumanam
1376 1784 1818 1840 humanitatem!
1864 1786 1919 1840 Si
1964 1788 2108 1841 enim

2217 1779 2578 1851 Χριστιανῶν.
2609 1779 2786 1833 Βαϐαῖ
2817 1780 2917 1850 τῆς
2940 1779 3308 1848 ἀπανθρώπου
3338 1756 3768 1850 φιλανθρωπῐας
3794 1782 3808 1833 !

526 1871 846 1936 Christiani,
887 1880 1029 1927 tacta
1068 1876 1534 1940 reconciliatione,
1591 1878 1644 1930 in
1711 1876 2110 1932 Saracenorum

525 1975 711 2031 partes
737 1968 1128 2030 concesserint,
1179 1978 1233 2020 et
1281 1977 1468 2035 postea
1504 1969 1570 2022 ah
1610 1969 1924 2023 eorumdem
1962 1979 2113 2036 pote-

518 2062 671 2109 state
702 2055 1071 2124 seabgregare
1099 2058 1214 2111 ausi
1277 2058 1497 2124 iuerint,
1540 2059 1734 2111 bellum
1774 2070 1965 2114 contra
2021 2075 2115 2115 eos

525 2144 755 2201 conﬂari
795 2148 1097 2216 etjugulari
1122 2164 1215 2204 eos
1245 2151 1400 2214 vult;
1426 2159 1480 2201 at
1520 2152 1564 2205 si
1597 2152 1844 2205 eamdem
1898 2151 2114 2223 religio-

525 2253 652 2292 nem
691 2239 1096 2307 amplexentnr,
1130 2241 1183 2294 in
1223 2240 1450 2295 fratrum
1484 2258 1768 2296 numerum
1806 2244 2000 2314 recipi.

602 2373 623 2405 ι
661 2353 776 2409 Non
811 2354 1046 2423 adigetis
1107 2356 1279 2425 ipsos,
1328 2357 1424 2423 ait,
1452 2358 1519 2411 ad
1551 2358 1731 2412 fidem.
1755 2358 1890 2413 Nam
1921 2374 1983 2414 ex
2030 2361 2114 2415 lu-

527 2447 684 2501 brico
717 2456 773 2501 et
802 2447 1136 2515 periculoso,
1169 2450 1310 2516 quod
1344 2460 1555 2518 gratum
1585 2461 1978 2521 acceptumque
2006 2462 2110 2517 est,

532 2541 753 2610 planum
784 2541 988 2595 factum
1014 2551 1115 2607 est,
1158 2562 1179 2594 ι
1249 2543 1298 2596 id
1328 2552 1437 2608 est,
1500 2546 1749 2614 apparuit
1775 2552 1953 2598 vestra
1980 2545 2114 2600 fides

528 2632 643 2686 Deo
681 2643 859 2703 grata,
913 2635 1035 2689 aliis
1067 2634 1419 2703 religionibus
1454 2635 1798 2704 improbatis,
1852 2646 2108 2706 tanquam

527 2726 877 2795 periculosis.
917 2726 1084 2797 Euge,
1121 2742 1313 2798 magna
1338 2743 1469 2781 sane
1498 2728 1828 2793 humanitas,
1856 2731 1999 2798 quod
2027 2732 2111 2786 in-

528 2818 786 2874 terﬁcere
810 2817 1157 2874 Christianos
1189 2820 1491 2875 mandasti!
1543 2822 1762 2891 adigere
1792 2822 2007 2877 interim
2042 2827 2110 2879 ad

535 2910 695 2963 tidem
726 2924 829 2963 non
874 2909 1107 2979 jussisti,
1144 2910 1243 2965 sed
1273 2912 1528 2966 occidere
1553 2914 1820 2968 mandasti
1849 2915 1863 2967 ί
1894 2929 2001 2970 non
2038 2917 2110 2972 ob

527 3000 762 3054 alienam
790 3001 983 3067 ﬁdem,
1021 3002 1115 3057 sed
1144 3003 1215 3057 ob
1266 3003 1489 3057 insitam
1515 3005 1775 3059 saevitiem
1808 3014 1971 3076 atque
2023 3008 2109 3063 in-

2216 1874 2280 1927 Εί
2336 1874 2437 1943 μὲν
2473 1872 2933 1940 καταλλαγέντες,
2971 1874 3066 1925 καὶ
3109 1872 3229 1925 καθ’
3292 1873 3523 1935 ἑαυτοὺς
3572 1873 3816 1941 γενόμε-

2215 1980 2319 2030 νοι,
2368 1964 2701 2035 τολμήσουσι
2740 1964 2838 2033 τῆς
2893 1963 3068 2031 αὐτῆς
3121 1964 3369 2027 ἐξουσίας
3406 1965 3811 2035 ἀποδιαιρεθῆ-

2218 2073 2328 2119 ναι,
2365 2055 2617 2125 πόλεμον
2639 2055 2760 2109 κατ’
2793 2054 2977 2107 αὐτῶν
3010 2058 3357 2125 συγκροτεῖν,
3387 2058 3484 2108 καὶ
3514 2058 3810 2123 ἀποσφάτ-

2215 2164 2332 2199 τειν
2393 2146 2623 2209 αὐτούς’
2677 2148 2727 2199 εί
2761 2147 2819 2200 δὲ
2862 2148 2963 2215 τὴν
3026 2147 3200 2216 αὐτὴν
3246 2147 3590 2201 ὲπανέλοιντο
3665 2149 3809 2218 Opi:-

2219 2238 2434 2306 σκείαν,
2460 2241 2541 2302 εἰς
2572 2238 2837 2307 ἀδελφοὺς
2858 2240 3057 2303 αὐτοὺς
3087 2239 3511 2310 παραδέχεσθαι.

2293 2371 2312 2405 ι
2351 2353 2424 2405 Οὐ
2496 2353 2966 2421 καταναγκάσετε.
3024 2356 3231 2425 φησιν,
3298 2358 3379 2419 είς
3451 2358 3633 2411 πίστιν
3692 2361 3806 2412 αὖα

2214 2443 2363 2507 τούς.
2432 2444 2780 2517 Ἐφανερώθη
2810 2446 2920 2516 γὰρ
2948 2447 3010 2499 τὸ
3030 2447 3427 2517 εύπρόσδεκτον
3451 2452 3513 2503 ὲκ
3538 2452 3630 2504 τοῦ
3654 2468 3809 2519 σφα-

2215 2533 2398 2604 λεροῦ.
2438 2551 2457 2585 ι
2508 2534 2824 2601 Τουτέστιν,
2878 2536 3053 2605 ἐφάνη
3083 2536 3116 2604 ή
3151 2536 3277 2588 καθ’
3318 2537 3463 2606 ὑμᾶς
3494 2538 3681 2599 πίστις
3712 2538 3808 2589 sit.

2219 2627 2549 2697 πρόσδεκτος
2604 2627 2683 2698 τῷ
2717 2627 2860 2697 Θεῷ,
2914 2628 3024 2681 τῶν
3056 2629 3230 2683 ἄλλων
3256 2628 3493 2682 πίστεων
3531 2630 3803 2683 ἀποδοκι-

2221 2719 2556 2788 μασθεισῶν,
2579 2715 2667 2772 οἷα
2695 2721 3006 2792 σφαλερῶν.
3037 2718 3178 2790 Εὖγε
3211 2725 3309 2793 τῆς
3338 2723 3800 2793 φιλανθρωπίαςι

2217 2814 2299 2866 ὅτι
2329 2811 2560 2882 σφάζειν
2592 2815 2719 2876 τοὺς
2743 2815 3110 2885 Χριστιανοὺς
3142 2816 3425 2881 ἐπιτάξας.
3453 2816 3527 2888 μὴ
3548 2818 3805 2885 ἀναγκά-

2217 2905 2333 2972 ζειν
2361 2906 2498 2971 τέως
2515 2907 2596 2970 είς
2613 2907 2712 2978 τὴν
2738 2908 2925 2962 πίστιν
2946 2909 3201 2962 ἐκέλευσε
3227 2909 3474 2980 φονεύειν
3499 2908 3801 2975 ἐπιτάξας,

2216 3003 2279 3056 οὐ
2349 3002 2417 3057 δι’
2458 3002 2849 3073 ἀλλοτριότητα
2929 3003 3206 3072 πίστεως,
3269 3004 3405 3059 ἀλλά
3451 3005 3521 3059 δι’
3584 3004 3805 3058 οἰκείαν

542 3093 965 3162 huinanitatem,
1002 3104 1055 3149 et
1082 3110 1149 3150 ne
1166 3095 1497 3165 superstites
1520 3109 1823 3168 coarguant
1855 3109 2003 3153 tuam
2028 3100 2108 3155 in-

2217 3095 2483 3166 ἀπήνειαν
2541 3096 2637 3149 καὶ
2687 3093 3087 3166 ἀπανθρωπίαν
3112 3134 3130 3161 ,
3178 3097 3274 3151 καὶ
3321 3097 3411 3151 ἵνα
3463 3099 3539 3169 μὴ
3591 3098 3805 3163 ζῶντες

528 3185 739 3241 saniam
761 3195 924 3256 atque
965 3187 1318 3258 impietatem,
1346 3190 1420 3242 uti
1448 3190 1766 3259 praediolum
1794 3204 1900 3247 eat.

598 3388 865 3441 Admonet
891 3403 1019 3442 suos
1059 3389 1244 3443 dicens
1276 3405 1291 3442 :
1328 3408 1347 3441 ι
1389 3388 1466 3445 Ne
1499 3390 1621 3445 sitis
1650 3392 1782 3448 socii
1809 3409 1985 3464 neque
2011 3395 2111 3452 Ju-

527 3480 796 3543 daeorum,
866 3473 1042 3548 neque
1098 3480 1559 3537 Christianorum.
1610 3482 1743 3537 Nam
1800 3488 2115 3558 quicunque

527 3572 676 3643 ipsos
705 3572 969 3636 defendit,
996 3588 1061 3627 ex
1088 3574 1219 3642 ipsis
1236 3583 1340 3629 est.
1374 3592 1392 3625 ›
1425 3574 1556 3630 Esto
1578 3591 1742 3632 sane:
1770 3576 2112 3637 Christianos

527 3665 955 3734 omnipotentem
991 3676 1343 3736 sanctamque
1368 3667 1684 3722 Trinitatem
1723 3672 1964 3728 colentes
1989 3674 2113 3730 odio

530 3759 911 3827 prosequeris;
952 3759 1005 3811 in
1037 3757 1251 3813 Iudaeos
1287 3774 1432 3824 vero,
1484 3760 1578 3827 qui
1612 3762 1940 3829 profitentur
1989 3781 2110 3821 sese

529 3852 825 3905 Abrahami
857 3850 1014 3905 fidem
1051 3866 1402 3917 conservare,
1445 3867 1543 3905 cur
1579 3855 1680 3907 hoc
1716 3856 1965 3909 moliris?
2003 3855 2110 3912 Sed

529 3946 666 3999 nihil
698 3946 928 4001 alienum
963 3961 991 3998 a
1023 3959 1111 3999 tua
1132 3945 1361 3999 malitia.
1398 3945 1551 4001 Nosti
1578 3951 1722 4001 enim
1756 3952 1896 4019 quod
1924 3951 2012 4006 lex
2031 3952 2112 4006 di-

531 4037 806 4091 vinitatem
834 4037 1033 4091 Christi
1058 4037 1294 4091 declaret
1320 4055 1332 4090 :
1359 4037 1562 4093 idcirco
1587 4047 1844 4109 utrosque
1867 4042 1991 4096 odio
2019 4044 2111 4096 ha-

527 4130 659 4184 bere
725 4128 994 4199 praecipis,
1025 4129 1117 4198 qui
1140 4127 1362 4195 Christi,
1396 4128 1629 4195 imo,ut‘
1666 4132 1847 4202 potius
1902 4132 2107 4201 dicam,

529 4220 624 4278 Dei
643 4222 823 4278 hostis
845 4237 924 4276 es.

604 4514 805 4571 Deinde
846 4515 922 4567 sic
955 4515 1206 4569 condolet
1263 4516 1462 4571 Iudaeis
1488 4523 1544 4570 et
1592 4516 1939 4584 Christianis,
1986 4533 2110 4573 cum

530 4612 647 4665 ait:
710 4606 856 4661 (Va:
890 4606 1064 4673 vobis,
1126 4607 1416 4664 domestici
1480 4607 1921 4676 Scripturarum!
1978 4613 2112 4667 nihil

534 4705 684 4759 vobis
707 4702 832 4767 erit,
872 4700 1050 4769 quoad
1082 4700 1257 4769 legem
1285 4701 1584 4768 sequemini
1612 4710 1671 4754 et
1696 4700 2105 4771 Evangelinm.»

529 4793 699 4860 Nihil,
731 4806 924 4860 nempe
978 4791 1248 4848 utilitatis.
1311 4794 1472 4862 Atqui
1518 4791 1678 4861 paulo
1716 4803 1843 4848 ante
1868 4795 2043 4866 legem
2081 4811 2111 4849 a

528 4887 748 4945 Christo
822 4887 1098 4956 impletam
1158 4885 1329 4939 fuisse
1385 4883 1586 4950 dixisti,
1643 4884 2112 4957 Evangeliumque

529 4979 927 5051 promulgatum
987 4992 1110 5034 esse
1170 4977 1314 5031 viam
1371 4985 1427 5030 et
1486 4977 1659 5033 lucem
1724 4992 1779 5033 et
1818 4978 2109 5046 justitiam.

528 5071 641 5126 Sed
672 5084 861 5124 revera
890 5070 1231 5125 mendacium
1263 5069 1499 5138 seipsum
1526 5068 1756 5140 jugulat,
1814 5081 1871 5124 ut
1892 5072 2108 5126 eviden-

530 5174 611 5220 ter
639 5172 985 5233 coarguatur.

603 5340 677 5396 De
704 5338 1123 5395 circumcisione
1152 5350 1206 5393 et
1228 5340 1455 5393 marium
1510 5349 1564 5394 et
1586 5339 1910 5394 feminarum
1936 5341 2107 5410 legem

530 5436 651 5490 tulit
685 5451 698 5487 :
733 5433 1015 5487 interdixit
1050 5431 1157 5485 illis
1197 5431 1359 5484 etiam
1398 5433 1544 5486 vino.
1584 5430 1649 5485 Et
1686 5448 1861 5487 mares
1888 5434 2105 5500 quidem

529 5525 923 5582 circumcidere
969 5523 1296 5577 llebraicum
1331 5540 1345 5587 ;
1376 5522 1608 5576 feminas
1638 5537 1764 5576 vero
1828 5524 2111 5592 impuden~

529 5620 615 5674 tia:
655 5616 1025 5670 Mnamethicte
1052 5614 1354 5683 proprium.
1396 5614 1605 5667 scilicet
1640 5624 1698 5668 ut
1733 5615 2106 5668 circumcisio-

533 5725 655 5761 nem
723 5710 775 5760 in
830 5708 945 5776 lege
1003 5707 1376 5776 praescriptam
1430 5705 1533 5760 hoc
1582 5715 1737 5774 pacto
1787 5708 2103 5774 corrigeret.

532 5797 873 5854 Abstinentia
903 5817 932 5855 a
965 5800 1085 5854 vino
1118 5799 1218 5855 hoc
1264 5800 1398 5867 vult,
1437 5815 1505 5857 ne
1541 5799 1676 5857 ebrii
1738 5798 1889 5867 facti,
1948 5799 2103 5856 facile

2218 3190 2485 3260 ἑλέγχωσι
2536 3189 2638 3259 τὴν
2702 3189 2884 3244 αὐτῶν
2954 3190 3216 3245 ἀπόνοιαν
3262 3190 3357 3245 καὶ
3407 3191 3693 3258 ἀσέὸειαν,
3719 3193 3803 3255 ὡς

2219 3285 2568 3353 προείρηται.
2666 3314 2669 3317 η

2288 3396 2690 3467 Παραινεῖτοῖς
2723 3398 2875 3463 ίδίοις
2900 3397 3077 3468 λέγων
3103 3412 3117 3427 ⁸
3155 3416 3176 3451 ε
3210 3397 3304 3469 Μὴ
3332 3397 3544 3464 γίνεσθε
3578 3399 3803 3472 ἀντιλή·

2219 3506 2420 3560 πτορες
2458 3490 2734 3543 Ἰουδαίων
2795 3509 2853 3544 τε
2910 3493 3006 3546 καὶ
3037 3491 3402 3563 Χριστιανῶν.
3436 3492 3637 3555 Ὅστις
3686 3495 3797 3563 γὰρ

2218 3582 2659 3652 ὐπερασπίζεται
2692 3583 2871 3637 αὐτῶν
2892 3583 2955 3648 ἐξ
2981 3584 3157 3655 binim,
3190 3587 3217 3636 ό
3249 3583 3489 3647 τοιοῦτος
3529 3586 3592 3649 ἐξ
3622 3588 3803 3639 αὐτῶν

2218 3675 2483 3745 ὑπάρχει.
2519 3693 2539 3725 ι
2600 3673 2828 3727 Ἔστω·
2889 3673 3254 3743 Χριστιανοὺς
3321 3675 3443 3745 μὲν,
3511 3679 3643 3739 τοὺς
3702 3679 3803 3748 τὴν

2220 3767 2567 3837 παντουργδν
2599 3768 2695 3821 κα)⁸
2724 3767 2891 3835 ἁγίαν
2924 3767 3130 3837 Τριάδα
3161 3766 3440 3832 σέϐοντας,
3475 3773 3678 3839 μισεῖς,
3700 3773 3800 3823 καὶ

2217 3858 2441 3911 τοιαῦτα
2492 3859 2786 3930 ὑπομένειν
2853 3858 3137 3922 κελεύεις·
3204 3859 3481 3923 Ἰουδαίοις
3545 3862 3628 3927 δὲ,
3684 3866 3799 3924 τοῖς

2217 3950 2721 4021 ἐπαγγελλομένοις
2781 3950 2881 4022 τὴν
2907 3950 3001 4004 τοῦ
3047 3950 3301 4022 ’Δόραάμ
3330 3951 3647 4017 ἀποσώζειν
3706 3956 3799 4006 πί-

2220 4060 2363 4110 στιν,
2412 4043 2500 4097 διὰ
2533 4042 2587 4096 τί
2646 4043 2825 4098 ταῦτα
2865 4044 3144 4115 προξενεῖς
3176 4061 3193 4110 ;
3230 4044 3370 4098 Ἀλλ’
3422 4046 3522 4096 οὐκ
3577 4046 3682 4111 ἔξω
3706 4048 3800 4099 καὶ

2218 4139 2379 4192 τοῦτο
2410 4140 2510 4209 τῆς
2540 4140 2639 4209 σῆς
2660 4138 3099 4208 κακοφροσύνης.
3131 4134 3295 4200 Οἶδας
3320 4139 3425 4209 γὰρ
3455 4140 3537 4192 ὅτι
3572 4142 3601 4191 ό
3630 4140 3797 4208 νόμος

2219 4232 2318 4303 τὴν
2364 4231 2459 4285 τοῦ
2502 4230 2751 4301 ’Χριστοῦ
2785 4229 3014 4298 θεότητα
3046 4227 3286 4282 δείκνυσι
3323 4244 3339 4259 °
3372 4230 3466 4283 καὶ
3511 4230 3604 4282 διὰ
3634 4231 3792 4284 τοῦτο

2222 4324 2574 4396 ἀμφοτέρους
2625 4321 2937 4393 ἐχθραίνεῐν
2997 4320 3263 4389 κελεύεις,
3306 4323 3693 4394 χριστομάχος,
3757 4326 3792 4395 ᾗ

2136 4455 2188 4515 D
2226 4418 2425 4490 μᾶλλον
2460 4418 2658 4481 είπείν,
2689 4413 2957 4485 θεομάχος
2980 4412 3079 4469 ὢν.

2285 4506 2404 4563 Εἴθ’
2460 4507 2609 4561 οὕτω
2662 4506 2937 4570 ταλανίζει
2984 4505 3348 4575 Χριστιανούς
3402 4523 3464 4559 τε
3500 4508 3595 4560 καὶ
3665 4509 3781 4562 Ἱοψ

2215 4603 2423 4665 δαίους,
2473 4600 2678 4669 λέγων·
2748 4617 2765 4650 ι
2800 4598 2942 4651 Οὐαὶ
2978 4597 3127 4667 ὑμῖν,
3187 4600 3378 4652 οίκεῖοι
3410 4598 3681 4669 rpitszle
3706 4604 3796 4653 οὖ-

2214 4696 2303 4748 δὲν
2361 4695 2488 4764 ὑμῖν
2521 4692 2695 4758 ἔσται,
2728 4687 2847 4753 ἓωξ
2874 4688 2939 4743 ἂν
2970 4690 3364 4761 ὲξακολουθῆτε
3416 4689 3496 4760 τῷ
3517 4692 3673 4761 νόμῳ
3702 4698 3794 4746 καὶ

2214 4789 2291 4860 τῷ
2336 4786 2676 4856 Εὐαγγελίῳ.
2720 4802 2739 4835 ›
2777 4783 3009 4852 Ὄφελον
3062 4782 3332 4852 δηλονότι.
3379 4784 3493 4837 Καὶ
3517 4784 3629 4853 μὴν
3658 4790 3789 4838 ἀγω-

2213 4882 2360 4950 τὲρω
2419 4877 2613 4948 μικρὸν
2679 4872 3146 4944 ἀληθοποιηθῆναι
3212 4871 3314 4940 μὲν
3348 4872 3494 4940 παρά
3542 4872 3793 4941 Χριττεῦ

2213 4972 2302 5024 τὸν
2334 4968 2496 5035 νόμον
2528 4966 2756 5034 εἴρηκας
2787 4979 2800 4993 ο
2842 4962 3062 5032 δοθῆναι
3092 4961 3149 5013 δὲ
3187 4960 3276 5015 διὰ
3310 4960 3404 5013 τοῦ
3448 4961 3796 5031 Εὐαγγελξου

2213 5066 2490 5132 όδὴγησιν,
2540 5060 2632 5111 καὶ
2692 5056 2829 5126 φῶς,
2862 5056 2961 5108 καὶ
2984 5053 3353 5122 δικαιοσύνην.
3425 5052 3571 5106 Ἀλλ’
3625 5056 3795 5115 an”;

2214 5153 2393 5223 ἑαυτῷ
2430 5150 2753 5222 περιπίπτει
2779 5148 2848 5201 τά
2875 5146 3046 5199 πολλά
3075 5146 3135 5199 τὸ
3165 5146 3381 5215 ψεῦδος,
3414 5145 3508 5200 ἴνα
3539 5164 3794 5217 φανερω-

2212 5249 2385 5315 τέρως
2425 5243 2736 5314 ἐλεγχθείη.

2284 5336 2642 5407 Περιτέμνειν
2677 5333 2771 5386 καὶ
2820 5333 2945 5407 τοὺς
2998 5331 3233 5401 ἄρρενας
3289 5330 3516 5392 καὶτὰς
3565 5329 3793 5401 θηλείας

2210 5429 2610 5500 νομοθετήσας,
2670 5424 3055 5495 ἀπηγόρευσεν
3116 5424 3300 5481 αὐτοῖς
3357 5423 3451 5475 καὶ
3504 5422 3600 5474 τὸν
3634 5420 3795 5475 οἶνος.

2211 5523 2283 5574 Τὸ
2322 5522 2420 5592 μὲν
2452 5519 2545 5573 οὖν
2576 5518 2931 5587 περιτέμνειν
2967 5517 3091 5577 τοὺς
3110 5515 3348 5585 sapam;
3380 5514 3707 5584 ‘Eﬁpaixév
3737 5517 3795 5567 τὸ

2210 5616 2264 5667 δὲ
2293 5614 2391 5676 τὰς
2426 5613 2645 5680 θηλείας
2680 5611 2779 5681 τῆς
2802 5608 2896 5662 τοῦ
2931 5607 3177 5677 Μωάμεθ
3209 5610 3610 5677 ἀναισχυντίας
3642 5610 3741 5660 ἶεισ
3776 5646 3793 5667 ,

2214 5707 2311 5757 ἐπὶ
2339 5702 2626 5774 διορθώσει
2677 5702 2840 5773 δῆθεν
2880 5701 2979 5771 τῆς
3030 5698 3263 5770 νομικῆς
3300 5702 3618 5770 περιτομῆς
3647 5718 3660 5729 ·
3697 5701 3803 5766 ἡδὲ

2214 5796 2395 5869 ἀποχὴ
2431 5794 2521 5849 τοῦ
2558 5796 2725 5861 οἴνου,
2786 5794 2876 5849 ’ίνα
2942 5790 3013 5864 μὴ
3073 5789 3487 5862 μεθυσκόμενοι
3540 5793 3658 5853 τοῖς
3716 5794 3805 5860 ἑχ-

3928 3060 3933 3069 ι

3926 3090 3929 3093 “
3938 3096 3947 3111 1

3924 3126 3929 3135 ρ

3924 3272 3947 3287 ιη

3900 3986 3947 4477 ξ

3916 4634 3947 4661 Ἦ

3922 4706 3947 4725 Pl
