4044 6290
314 425 453 491 1353

1184 420 1565 484 PANOPLIA
1615 414 2077 479 DOGMATICA.
2104 438 2174 453 -
2197 413 2347 477 ΤΙΤ.
2390 411 2668 474 XXVIII.

3428 399 3567 466 135i

305 542 454 614 θροῖς
505 536 688 592 αὐτῶν
742 537 1010 593 εὐάλωτοι
1074 535 1424 604 γίγνωνται,
1486 533 1583 588 καὶ
1651 532 1880 602 μάλιστα

1995 527 2066 584 ab
2095 527 2340 583 hostibus
2373 527 2426 580 in
2467 530 2790 595 potestatem
2817 521 3218 592 redigerentur,
3243 529 3298 577 et
3331 523 3570 577 maxime

302 636 411 696 τοῖς
453 631 823 702 Χριστιανοῖς.

387 722 793 794 Ἐμυθολόγησε
834 717 1082 788 κάμηλόν
1127 733 1249 767 τινα
1294 717 1589 784 γενέσθαι,
1645 714 1886 783 δυναμέ-

306 833 402 887 νην
435 816 612 870 πίνειν
645 815 767 869 ὅλον
808 813 900 866 τὸν
952 810 1341 882 παραρρέοντα
1398 809 1647 878 ποταμόν
1678 822 1693 837 ·
1747 803 1888 861 εἶναι

305 910 361 962 δὲ
385 907 586 978 ταύτην
618 902 976 976 παμμεγέθη,
1012 903 1110 957 καὶ
1143 903 1220 974 μὴ
1246 901 1612 972 χωρουμένην
1673 899 1883 970 μεταξὺ

305 1002 399 1055 δύο
446 1001 556 1053 τῶν
588 999 864 1070 μεγίστων
917 998 1111 1067 ὀρέων.
1158 995 1303 1058 Λαδς
1353 990 1474 1059 οῦν,
1510 993 1696 1063 φησὶν,
1727 989 1796 1064 ἦν
1829 993 1888 1046 ἐν

305 1089 384 1158 τῷ
412 1090 561 1159 τόπῳ
586 1104 601 1119 ⁶
651 1089 746 1141 καὶ
773 1087 875 1158 τὴν
905 1086 1006 1155 μὲν
1039 1085 1167 1156 μίαν
1197 1087 1416 1156 ἡμέραν
1449 1084 1614 1147 αὐτὸς
1645 1083 1798 1138 ἔπινε
1825 1082 1887 1137 τδ

310 1181 452 1249 ὓδωρ
485 1179 579 1232 τοῦ
615 1177 885 1248 ποταμοῦ,
944 1178 1044 1248 τὴν
1101 1177 1160 1230 δὲ
1187 1177 1380 1245 ἑτέραν
1419 1177 1453 1246 ἠ
1485 1175 1749 1247 κάμηλος.
1789 1176 1889 1229 Πί-

310 1287 475 1322 νουσα
504 1271 560 1322 δὲ
595 1270 657 1322 τὸ
706 1269 849 1340 ὕδωρ
883 1271 980 1323 τοῦ
1048 1268 1327 1340 ποταμοῦ,
1380 1267 1636 1331 ἐπότιζεν
1663 1267 1886 1333 αὐτοὺς,

307 1362 368 1413 τὸ
423 1363 624 1430 ἑαυτῆς
677 1361 840 1430 γάλα.
899 1362 1252 1432 παρεχομένη
1309 1361 1433 1416 ἀντὶ
1496 1359 1592 1415 τοῦ
1658 1359 1874 1422 ὓδατος.

320 1455 655 1524 Ἀνέστησαν
697 1455 790 1508 οὖν
832 1456 1058 1520 ἐκεῖνοι,
1098 1454 1332 1524 πονηροὶ
1364 1456 1542 1520 ὄντες,
1609 1453 1706 1507 καὶ
1744 1452 1888 1506 ἀπέ-

306 1559 533 1598 κτειναν
563 1543 662 1614 τὴν
702 1545 970 1615 κάμηλον.
1007 1544 1115 1599 Ἦν
1139 1546 1196 1599 δὲ
1225 1546 1430 1617 ταύτης
1488 1548 1760 1616 γέννημα,
1795 1563 1887 1614 μι-

309 1635 419 1705 κρά
495 1636 764 1706 κάμηλος,
845 1637 992 1707 ἥτις,
1053 1637 1441 1708 ἀναιρεθείσης
1489 1639 1590 1708 τῆς
1651 1637 1886 1708 μητρὸς,

306 1727 504 1798 ἐδέησε
536 1727 671 1796 πρὸς
702 1729 794 1780 τὸν
827 1728 963 1782 Θεόν
996 1744 1012 1759 ο
1044 1730 1141 1782 καὶ
1172 1729 1368 1783 ἐλαϐεν
1397 1729 1572 1800 αὐτὴν
1600 1730 1737 1798 πρὸς
1761 1731 1888 1782 ἐαυ-

303 1818 419 1873 τόν.
465 1820 787 1890 Ἐρωτῶμεν
816 1819 909 1874 οῦν
937 1822 1064 1884 τοὺς
1098 1820 1195 1874 τοῦ
1255 1822 1737 1892 μυθολογήσαντος
1754 1821 1889 1875 ταῦ·-

303 1926 374 1963 τα
432 1911 705 1981 μαθητὰς,
736 1912 971 1984 πότερον
1003 1914 1067 1966 ὲκ
1117 1913 1461 1984 συνδυασμοῦ
1495 1913 1822 1981 γεγέννηται

307 2004 481 2072 μικρά
525 2004 794 2074 κάμηλος,
830 2006 862 2076 ῆ
895 2005 1018 2076 δίχα
1079 2006 1369 2069 συνουσίας
1400 2023 1413 2069 ;
1489 2005 1602 2059 Kal
1629 2005 1874 2072 λέγουσι,

309 2113 327 2146 ι
362 2095 486 2165 δίχα
541 2096 850 2160 συνουσίας.
893 2115 914 2150 ι
967 2097 1077 2150 Καὶ
1122 2097 1287 2150 πάλιν
1344 2097 1532 2168 ἡμεῖς,
1593 2097 1734 2149 «Καὶ
1765 2095 1885 2160 πῶς

301 2184 426 2253 δίχα
485 2187 822 2252 συνουσίας;
868 2205 888 2238 ι
974 2187 1087 2240 Καὶ
1132 2189 1387 2254 λέγουσιν
1461 2189 1700 2254 ἀγνοεῖν.
1773 2187 1886 2240 Kal

302 2272 464 2338 αὖθις
496 2277 678 2344 ἡμεῖς,
723 2293 742 2327 t
784 2276 908 2339 Πῶς
941 2275 1078 2345 πρὸς
1108 2278 1309 2330 ἑαυτὸν
1333 2279 1360 2329 ὁ
1385 2277 1520 2339 Θεὸς
1546 2277 1646 2346 τὴν
1681 2277 1885 2347 μικρὰν

300 2363 554 2434 κάμηλον
587 2363 909 2427 ἀνελάϐετο,
945 2366 1039 2418 καὶ
1068 2365 1172 2419 ποῦ
1209 2351 1472 2436 βόσκεται
1499 2384 1514 2432 ;
1555 2366 1675 2430 πῶς
1699 2367 1757 2419 δὲ
1788 2367 1888 2420 καὶ

299 2460 328 2509 ὁ
361 2458 652 2528 προφήτης
677 2457 833 2527 ὑμῶν
862 2459 963 2512 οὐκ
998 2456 1205 2523 ἐδίδαξε
1233 2459 1301 2512 τά
1329 2462 1460 2531 περὶ
1489 2463 1590 2530 τῆς
1619 2459 1888 2514 ἀσυνδυά-

304 2566 432 2602 στου
461 2550 662 2620 γέννης
697 2550 908 2620 αὒτῆς;
939 2550 1053 2604 Καὶ
1082 2549 1185 2604 ποῦ
1209 2549 1439 2621 νέμεται
1466 2568 1480 2616 ;
1510 2553 1618 2605 Καὶ
1649 2553 1698 2605 εί
1726 2553 1792 2623 ζῇ
1827 2553 1885 2604 ὲν

299 2639 382 2709 τῷ
438 2641 682 2711 οὐρανῷ,
737 2644 771 2710 ἢ
835 2641 977 2711 μετά
1004 2642 1103 2712 τὴν
1147 2641 1420 2712 ἀνάληψιν
1443 2642 1884 2712 τετελεύτηκεν;

304 2729 342 2802 ῆ
374 2729 688 2800 πρόδρομος
721 2730 878 2801 ὑμῶν
912 2730 1165 2802 εἰσῆλθεν
1204 2733 1285 2794 είς
1315 2733 1408 2786 τὸν
1439 2731 1770 2802 παράδεισον
1803 2749 1817 2798 ;
1859 2750 1877 2784 ›

302 2821 416 2875 Καὶ
449 2822 618 2893 μηδὲν
648 2821 868 2892 ἔχοντες
900 2824 1104 2889 εἰπεῖν,
1139 2825 1366 2895 μένουσι
1396 2826 1682 2892 σιγῶντες.

377 2920 485 2968 καν.
534 2914 757 2968 Ἑαυτὸν
787 2914 937 2982 λέγει
969 2917 1068 2978 τὰς
1095 2916 1244 2980 κλεῖς
1274 2915 1371 2969 τοῦ
1408 2917 1738 2987 παραδείσου
1787 2917 1885 2971 λα-

303 2999 444 3054 ϐεῖν’
472 3002 567 3056 καὶ
601 3003 746 3057 κατὰ
765 3004 865 3074 τὴν
881 3005 1099 3076 ἡμέραν
1120 3006 1220 3075 τῆς
1252 3007 1601 3078 παγκοσμίου
1625 3008 1884 3077 κρίσεως,

307 3093 452 3162 μετὰ
476 3096 536 3148 τὸ
565 3097 1032 3167 καταδικασθῆναι
1063 3099 1268 3153 Μωσέα
1307 3099 1450 3170 μετά
1473 3100 1582 3154 τῶν
1615 3100 1883 3171 Ἐὃραίων

299 3186 570 3240 ἁπάντων
639 3186 730 3240 διὰ
754 3188 855 3259 τὴν
905 3189 997 3242 τοῦ
1030 3189 1196 3260 νόμου
1246 3191 1583 3262 παράϐασιν,
1616 3197 1709 3245 καὶ
1747 3195 1886 3262 μετὰ

302 3278 411 3348 τὴν
479 3280 624 3332 κατά
679 3280 789 3332 τῶν
825 3281 1167 3351 Χριστιανῶν
1204 3282 1404 3353 ψῆφον,
1435 3286 1506 3354 ἢν
1548 3286 1886 3354 ὑποστήσον-

294 3388 392 3424 ται
449 3372 959 3442 προσαγορεύοντες
1013 3375 1107 3426 τὸν
1152 3374 1394 3445 Χριστὸν
1453 3376 1584 3430 Υίδν
1616 3377 1752 3432 Θεοῦ
1784 3379 1880 3432 καὶ

295 3464 465 3528 Θεὸν,
516 3464 803 3534 ἀνοιγῆναι
865 3465 964 3535 μὲν
1022 3466 1116 3520 τὸν
1163 3469 1493 3539 παράδεισον
1516 3471 1611 3523 ὑπ’
1663 3469 1828 3524 αὑτοῦ
1862 3486 1878 3503 ο

298 3554 666 3608 συνεισελθεῖν
723 3556 779 3609 δὲ
831 3557 982 3628 αὐτῷ
1025 3558 1270 3629 χιλιάδας
1319 3563 1699 3633 έόδομήκοντα
1773 3566 1884 3620 ἀπὸ

294 3643 410 3696 τῶν
441 3644 906 3714 παραδεξαμένων
937 3648 1038 3716 τὴν
1092 3649 1443 3706 διδασκαλίαν
1491 3653 1659 3708 αὑτοῦ
1690 3669 1705 3685 ⁸
1757 3657 1884 3718 τοὺς

295 3732 356 3783 δὲ
381 3731 604 3795 λοιποὺς
626 3733 736 3786 τῶν
765 3733 930 3786 αὐτοῦ
957 3735 1221 3805 μαθητῶν
1252 3740 1612 3808 κριθήσεσθαι
1643 3742 1848 3810 φάσκει
1867 3760 1880 3774 ο

296 3824 560 3886 καὶτοὺς
623 3825 721 3894 μὲν
758 3825 1078 3894 κρείττονας
1143 3824 1204 3892 ἔξ
1258 3829 1439 3882 αὐτῶν
1498 3830 1885 3901 ἀναμφιϐόλως

294 3914 399 3965 καὶ
445 3913 644 3977 αὐτοὺς
684 3915 764 3977 είς
817 3915 910 3968 τὸν
964 3915 1293 3985 παράδεισον
1322 3918 1689 3989 εἰσαχθῆναι,
1752 3924 1882 3984 τοὺς

295 4005 359 4057 δὲ
391 4003 607 4074 χείρους
668 4006 762 4060 καὶ
792 4007 1162 4076 ἁμαρτωλοὺς
1207 4010 1491 4063 πιττάκιον
1514 4009 1596 4079 τῷ
1622 4013 1882 4082 τραχήλῳ

299 4097 520 4150 ἑαυτῶν
551 4098 968 4169 περιδεδεμένον
1009 4099 1301 4169 φέροντας,
1329 4103 1423 4154 καὶ
1455 4102 1656 4166 αὐτοὺς
1686 4105 1767 4167 είς
1791 4105 1884 4158 τὸν

295 4190 638 4260 παράδεισον
709 4191 1031 4262 εἰσαχθῆναι
1067 4209 1080 4222 ο
1136 4194 1230 4245 καὶ
1304 4194 1588 4248 καλεῖσθαι
1656 4195 1882 4261 τούτους

302 4300 322 4331 ι
360 4281 758 4353 ἀπελευθέρους
809 4283 902 4336 τοῦ
943 4283 1081 4337 Θεοῦ
1122 4285 1216 4338 καὶ
1263 4284 1358 4338 τοῦ
1391 4288 1673 4359 προφήτου
1707 4289 1881 4344 Μωά·

299 4373 438 4442 μεθ.
482 4392 500 4424 ι

372 4463 478 4534 κβ’.
528 4464 628 4518 Τὸν
675 4467 1004 4537 παράδεισον
1050 4472 1325 4540 τέσσαρας
1380 4470 1529 4539 λέγει
1592 4475 1876 4545 ποταμοὺς

1850 1878 1964 1984 ήΒ

1990 632 2020 671 a
2051 616 2400 674 Christianis.

2059 706 2356 764 Fabulatus
2400 716 2485 763 est
2541 707 2709 762 fuisse
2753 704 3021 760 camelum
3078 701 3395 772 quamdam,
3447 717 3569 771 qua!

1989 801 2231 870 p0tuerit
2273 802 2522 870 integros
2565 799 2763 854 ﬂuvios
2805 794 3238 868 praeterﬂuentes
3299 801 3564 862 epotare:

1989 891 2158 948 fuisse
2191 901 2375 947 autem
2413 891 2556 946 illam
2594 903 2972 963 permagnam,
3005 887 3060 943 et
3107 901 3227 957 quae
3263 886 3404 941 inter
3432 885 3570 940 duos

1988 994 2200 1040 montes
2234 984 2501 1041 maximos
2528 999 2634 1040 non
2692 990 2999 1052 caperetur.
3060 980 3127 1034 Et
3157 981 3209 1036 in
3260 995 3344 1046 eo,
3372 978 3566 1047 inquit,

1995 1075 2116 1132 loco
2173 1077 2406 1147 pOpulus
2460 1085 2623 1145 erat;
2685 1077 2764 1130 et
2800 1073 2970 1130 altero
3036 1075 3254 1150 quidem
3315 1073 3403 1126 die
3456 1068 3570 1139 ipse

1991 1182 2184 1238 aquam
2219 1167 2365 1224 ﬂuvii
2400 1167 2639 1232 bibebat,
2668 1167 2839 1222 altero
2869 1181 3022 1230 vero,
3051 1153 3293 1220 camelos
3334 1177 3350 1217 :
3395 1177 3571 1232 caque

1989 1275 2113 1315 cum
2140 1260 2365 1316 bibisset
2389 1275 2607 1330 aquam,
2640 1259 2837 1329 populo
2860 1259 2934 1314 illi
2963 1267 3148 1329 potum
3180 1255 3454 1327 przebebat
3479 1255 3570 1309 lac

1989 1367 2169 1420 suum,
2217 1367 2316 1421 pro
2365 1367 2524 1422 aqua.
2569 1350 2670 1408 llic
2744 1351 2931 1421 itaque
2992 1350 3243 1422 populus,
3300 1363 3423 1403 cum
3469 1363 3558 1402 es-

1991 1453 2075 1500 set
2107 1444 2306 1510 malus,
2350 1443 2650 1498 insurrexit
2694 1450 2748 1498 et
2783 1441 3049 1498 camelum
3091 1438 3389 1497 interfecit.
3437 1438 3571 1493 Erat

1989 1553 2173 1595 autem
2213 1538 2375 1607 hujus
2415 1536 2593 1606 pullus
2645 1537 2876 1608 exiguus
2925 1536 3186 1600 camelos,
3246 1535 3340 1604 qui
3390 1534 3563 1588 inter-

1991 1632 2131 1687 fecta
2163 1641 2336 1686 matre
2375 1632 2439 1684 ad
2482 1630 2650 1685 Deum
2705 1629 2982 1694 clamavit,
3005 1637 3061 1684 et
3093 1628 3388 1697 assumpsit
3417 1641 3570 1683 eum-

1989 1726 2108 1779 dem
2172 1724 2236 1778 ad
2289 1723 2548 1793 seipsum.
2603 1719 3006 1792 Interrogemus
3059 1720 3222 1790 igitur
3273 1721 3569 1790 discipulos

1991 1815 2151 1884 hujus
2182 1815 2503 1872 fabulatoris
2531 1855 2546 1881 ,
2612 1825 2793 1870 utrum
2834 1830 2901 1871 ex
2948 1814 3329 1884 conjunctione
3373 1829 3574 1883 parvus

1991 1908 2235 1964 camelus
2282 1916 2446 1962 natus
2477 1907 2571 1975 sit,
2613 1923 2680 1962 an
2727 1908 2934 1978 absque
3005 1908 3192 1963 coitu?
3241 1907 3310 1962 Et
3331 1908 3519 1962 dicunt
3553 1923 3572 1962 :

1998 2017 2017 2050 ι
2063 2000 2283 2070 Absque
2315 1998 2482 2055 coitu.
2520 2019 2540 2051 ι
2595 2001 2662 2054 Ει
2696 2015 2796 2054 nos
2842 2015 3057 2055 rursum
3098 2015 3112 2052 :
3157 2018 3178 2051 ‹
3213 1999 3279 2052 Et
3303 1999 3574 2068 quomodo

1993 2093 2198 2162 absque
2231 2093 2426 2150 coitu?
2451 2110 2470 2144 ι
2519 2091 2587 2146 Et
2634 2094 2963 2166 respondent
2991 2107 3049 2149 se
3080 2093 3350 2164 ignorare.
3389 2093 3453 2148 Et
3476 2109 3574 2149 nos

1993 2185 2190 2240 iterum
2230 2201 2244 2238 :
2299 2203 2318 2236 ι
2357 2185 2639 2250 Quomodo
2679 2199 2809 2240 vero
2863 2184 3006 2240 Deus
3045 2187 3110 2240 ad
3155 2187 3392 2256 seipsum
3451 2202 3579 2257 par-

1997 2288 2120 2326 vum
2152 2272 2299 2327 illum
2342 2272 2613 2328 camelum
2644 2275 2960 2339 assumpsit,
2993 2282 3046 2327 et
3074 2273 3164 2327 ubi
3195 2275 3446 2343 pascitur
3472 2317 3488 2342 ,
3519 2283 3573 2330 et

1997 2373 2104 2428 quo
2131 2367 2292 2428 pacto
2334 2359 2594 2426 propheta
2618 2357 2799 2414 vester
2845 2373 2949 2414 non
2979 2358 3271 2430 explicavit
3317 2359 3434 2427 ejus
3478 2374 3574 2414 or-

1999 2460 2136 2518 tum,
2166 2466 2289 2508 cum
2336 2449 2478 2505 nulla
2520 2453 2680 2522 plane
2716 2451 3072 2506 antecesserit
3103 2452 3460 2521 conjunctio?
3506 2453 3572 2507 Et

1995 2544 2088 2598 ubi
2112 2539 2398 2613 pascitur?
2435 2543 2502 2600 Et
2525 2553 2708 2599 utrum
2739 2545 2871 2599 vivit
2895 2544 2947 2598 in
2985 2545 3147 2622 cosio,
3175 2560 3244 2600 an
3269 2559 3401 2602 vero
3425 2557 3574 2616 post-

1996 2651 2160 2705 quam
2198 2647 2508 2708 assumptus
2557 2646 2642 2693 est
2679 2624 2835 2706 obiit,
2905 2647 3000 2695 aut
3037 2623 3141 2717 vos
3181 2641 3233 2694 in
3254 2642 3571 2715 paradisum

1995 2731 2322 2799 praecurrit?
2363 2750 2382 2782 ι
2425 2731 2517 2786 Isti
2548 2745 2679 2789 vero
2705 2721 2828 2787 cum
2867 2717 2977 2814 non
3023 2733 3258 2790 habeant
3313 2738 3454 2810 quod
3491 2719 3575 2791 re-

1996 2824 2318 2890 spondeant,
2348 2824 2746 2881 conticescunt.
2956 2823 2961 2827 ’
3323 2815 3326 2824 ί

2066 2913 2160 2968 21.
2183 2912 2432 2984 Seipsum
2462 2915 2539 2970 ait
2560 2917 2735 2972 claves
2765 2917 3000 2986 paradisi
3028 2920 3326 2990 accepisse,
3359 2921 3577 2987 etcirca

1999 3005 2148 3062 diem
2211 3007 2540 3064 universalis
2589 3009 2814 3090 judicii,‘
2862 3021 3158 3092 postquam
3212 3013 3391 3070 Moses
3425 2997 3571 3092 enim

1995 3095 2263 3166 Hebraeis,
2321 3101 2391 3155 ob
2443 3092 2581 3172 legis
2646 3087 3137 3173 transgresSiones,
3182 3087 3575 3164 condemnatus

1994 3188 2196 3256 fuerit,
2261 3199 2316 3246 et
2355 3201 2478 3261 post
2521 3193 2851 3248 sententiam
2899 3198 2966 3252 de
3001 3197 3333 3253 Christianis
3379 3186 3566 3265 latam.

1991 3297 2154 3354 quam
2189 3280 2265 3338 illi
2303 3283 2479 3338 ferent
2532 3285 2660 3354 quia
2697 3275 2980 3342 Christum
3011 3299 3065 3343 et
3109 3281 3206 3345 Dei
3265 3290 3463 3346 Filium
3516 3277 3574 3348 et

1990 3376 2162 3430 Deum
2190 3376 2488 3444 appellant,
2553 3385 2802 3446 apertum
2846 3380 2909 3434 iri
2957 3381 3272 3451 paradisum
3306 3383 3376 3440 ab
3430 3386 3570 3454 ipso,

1989 3477 2043 3522 et
2085 3465 2246 3522 simul
2303 3483 2426 3522 cum
2493 3469 2612 3537 ipso
2660 3468 2959 3527 intraturas
3017 3472 3278 3530 chiliadas
3345 3461 3570 3544 septua-

1990 3562 2161 3632 ginta,
2203 3578 2270 3617 ex
2298 3577 2486 3618 eorum
2516 3579 2749 3620 numero
2790 3566 2882 3635 qui
2924 3567 3227 3622 doctrinam
3254 3569 3425 3639 ipsius
3453 3565 3571 3625 am-

1989 3657 2131 3728 plcxi
2170 3659 2389 3724 iuerint,
2439 3659 2677 3728 reliquos
2710 3675 2842 3716 vero
2875 3676 3002 3718 suos
3029 3665 3325 3734 discipulos
3349 3650 3570 3735 judica-

1992 3760 2102 3804 tum
2139 3751 2203 3804 iri
2244 3751 2455 3806 dictitat
2505 3760 2596 3806 :et
2623 3753 2848 3822 quidem
2886 3755 3138 3811 meliores
3165 3756 3402 3826 ipsorum
3424 3759 3561 3812 citra

1989 3857 2204 3896 omnem
2234 3845 2664 3900 controversiam
2697 3854 2752 3899 et
2784 3847 2930 3916 ipsos
2964 3849 3219 3917 paradiso
3253 3849 3522 3920 petituros
3551 3869 3563 3913 ;

1987 3933 2198 4002 pejores
2244 3949 2372 3990 vero
2436 3945 2491 3989 et
2534 3947 2876 4006 peccatores,
2936 3939 3239 3993 chartulam
3292 3941 3360 3997 de
3425 3944 3565 3998 colo

1987 4026 2310 4094 pendentem
2355 4014 2610 4094 ferentes,
2655 4038 2710 4083 et
2739 4029 2882 4098 ipsos
2932 4030 2986 4084 in
3020 4031 3335 4099 paradisum
3385 4034 3554 4089 intro-

1988 4118 2214 4173 missum
2272 4118 2359 4184 iri,
2401 4119 2776 4190 appellarique
2829 4120 2964 4176 istos
2999 4138 3019 4172 ι
3091 4121 3318 4178 libertos
3372 4122 3464 4179 Dei
3505 4136 3560 4179 ct

1987 4209 2261 4281 prOphetae
2285 4210 2600 4268 Moam'cthi.
2661 4231 2679 4264 ι

2053 4467 2146 4522 22.
2180 4466 2502 4523 Paradisum
2540 4471 2758 4540 quidem
2825 4481 3061 4540 quatuor
3096 4470 3323 4528 ﬂiIInina
3357 4475 3559 4534 habere

291 4559 470 4629 ἔχειν,
496 4558 554 4622 ἐξ
583 4557 773 4622 ὓδατος
825 4559 1102 4615 ἀθολώτου
1128 4603 1143 4628 ,
1181 4565 1276 4616 καὶ
1310 4561 1578 4630 γάλακτος
1608 4562 1878 4635 καθαροῦ,

1993 4560 2177 4624 tradit,
2205 4575 2270 4614 ex
2302 4575 2442 4629 aqua
2473 4569 2628 4631 pura,
2662 4563 2797 4618 lacte
2825 4577 2980 4632 puro,
3001 4575 3054 4617 et
3087 4564 3226 4620 dulci
3256 4567 3398 4633 vino,
3430 4575 3561 4625 mel-
3612 4576 3619 4589 "

292 4651 396 4704 καὶ
418 4652 562 4704 οἴνου
581 4652 862 4721 ἡδέος,κα“ι
889 4654 1112 4723 μέλιτος
1133 4655 1373 4710 ὑλιστοῦ.
1399 4655 1472 4708 Συ
1488 4656 1783 4722 λουσιάζειν
1810 4659 1866 4711 δὲ

291 4746 396 4797 καὶ
433 4745 681 4810 γυναιξὶν
708 4747 770 4797 ὲν
799 4745 876 4814 τῷ
907 4747 1224 4816 παραδείσῳ
1246 4765 1260 4776 ·
1307 4749 1402 4803 xal
1439 4743 1581 4802 εῖναι
1618 4751 1719 4821 τὴν
1751 4768 1877 4805 συν-

289 4837 492 4889 ουσίαν
519 4836 700 4889 αὐτῶν
731 4836 1006 4908 ήδυτάτην
1044 4840 1208 4904 πάνυ,
1243 4841 1336 4893 καὶ
1381 4840 1605 4911 διαρκῆ,
1647 4845 1741 4897 καὶ
1777 4843 1876 4918 ἀρ-

293 4931 549 5000 ρευστον.
607 4928 748 4993 Τοὺς
811 4931 997 5000 μέντοι
1059 4931 1371 4998 Ἐϐραίους,
1413 4933 1666 4998 καὶτοὺς
1701 4937 1875 5009 Χρισ·

289 5023 516 5083 τιανοῦς
550 5020 682 5085 ξύλα
707 5022 800 5074 τοῦ
855 5022 1077 5075 αἰωνίου
1108 5023 1472 5092 χρηματίζειν
1504 5025 1673 5094 πυρός
1703 5043 1714 5055 ·
1751 5031 1876 5092 τοὺς

289 5114 356 5166 δὲ
389 5114 738 5183 Σαμαρείτας
785 5112 1158 5182 ἁποτετάχθαι
1188 5115 1326 5182 πρὸς
1365 5115 1461 5185 τὴν
1504 5119 1748 5187 ἐκφορὰν
1782 5121 1894 5190 τῆς.

291 5208 510 5276 κόπρου
537 5210 645 5260 τῶν
678 5210 734 5260 ἑν
759 5208 835 5278 τῷ
869 5209 1189 5278 παραδείσῳ
1217 5209 1622 5280 διαιτωμένων,
1685 5211 1771 5265 ἵνα
1797 5213 1874 5283 μὴ

291 5300 557 5370 ὲποζέσῃ,
611 5303 797 5368 φησὶν,
830 5301 1239 5370 ὁπαράδεισος.
1305 5301 1492 5356 Ταῦτα
1549 5303 1747 5370 πάντα,
1815 5306 1877 5357 τὰ

292 5393 683 5461 καταγέλαστα
737 5395 916 5447 πάντα
977 5395 1071 5446 καὶ
1119 5395 1476 5466 ἀπαράδεκτα
1526 5397 1875 5466 Χριστιανοίς

289 5486 450 5548 ὄντα,
489 5489 583 5540 καὶ
621 5485 882 5556 μυθάρια,
934 5486 1028 5538 καὶ
1055 5486 1359 5552 ἀσύστατα,
1419 5488 1518 5540 οὐκ
1566 5488 1874 5542 ἐπιδέονταί

289 5595 441 5641 τινος
473 5579 812 5650 ἀνατροπῆς,
844 5578 1071 5634 αὐτόθεν
1091 5579 1456 5652 ἐληλεγμένα.

373 5759 478 5819 κγ’.
512 5751 846 5805 Ἀποκλείων
873 5753 1006 5806 πᾶσι
1041 5753 1138 5823 τὴν
1166 5753 1395 5825 ἔρευναν
1421 5753 1532 5808 τῶν
1559 5755 1688 5824 παρ’
1707 5753 1872 5808 αὑτοῦ

285 5845 801 5917 δογματιζομένων,
857 5850 906 5899 εἰ
938 5847 1114 5916 ἀληθῆ
1169 5849 1413 5920 ταῦταῆ
1466 5849 1567 5921 μὴ,
1630 5847 1869 5916 κελεύει,

627 5946 893 6004 PA'rnOL.
925 5947 1042 6008 Gtt.
1082 5949 1314 6014 CXXX,

1996 4653 2156 4720 leque
2213 4653 2494 4709 defaecato.
2555 4652 2685 4708 Item
2769 4657 3127 4730 cOncumbere
3199 4659 3343 4728 ipsos
3434 4677 3554 4716 cum

1989 4744 2304 4799 mulieribus
2347 4746 2398 4798 in
2432 4747 2683 4814 paradiso
2715 4762 2727 4798 :
2760 4762 2985 4814 esseque
3013 4760 3360 4816 congressum
3417 4751 3560 4819 ipso-

1989 4851 2106 4890 rum
2141 4837 2593 4904 jucundissimum
2635 4839 2852 4892 omnino
2880 4848 2935 4892 et
2959 4839 3337 4908 suilicientem,
3377 4854 3431 4898 ct
3466 4849 3558 4916 qui

1988 4945 2260 4999 nunquam
2308 4930 2536 4984 diﬂluat.
2623 4930 2879 4986 l‘lebrrros
2931 4946 3062 4987 vero
3114 4941 3168 4988 et
3221 4934 3562 4994 Christianos

1989 5025 2132 5092 ligna
2171 5023 2482 5090 sempiterni
2533 5023 2667 5092 ignis
2708 5023 2962 5091 appellari
3004 5039 3017 5074 :
3055 5024 3428 5084 Samaritanos
3454 5048 3554 5086 au-
3625 5076 3637 5089 ,

1987 5128 2091 5171 lem
2120 5103 2421 5169 destinatos
2449 5130 2570 5170 esse
2606 5125 2664 5168 ut
2691 5126 2904 5171 stercus
2962 5117 3191 5173 efferant
3225 5136 3415 5177 eorum
3464 5127 3558 5193 qui

1985 5211 2037 5264 in
2072 5207 2328 5278 paradiso
2357 5217 2542 5276 agunt,
2571 5223 2636 5261 ne
2660 5210 2899 5278 graviter
2927 5211 3070 5264 oleat
3100 5196 3406 5280 paradisus.
3435 5213 3559 5268 [hoc

1984 5300 2197 5368 quidem
2227 5301 2430 5362 omnia,
2461 5307 2514 5352 et
2544 5299 2762 5351 ridicula
2790 5300 3147 5370 undequaquc
3184 5314 3238 5356 et
3267 5304 3441 5358 aliena
3490 5307 3557 5359 ah

1984 5393 2128 5447 omni
2161 5391 2596 5447 Christianorum
2639 5389 2904 5460 doctrina,
2951 5396 3188 5468 itemque
3236 5397 3466 5467 fabella,
3502 5414 3559 5455 ct

1985 5487 2219 5543 absurda
2299 5488 2522 5542 minime
2596 5491 2974 5557 consistentia,
3030 5509 3138 5552 non
3217 5487 3378 5564 egent
3454 5500 3556 5554 ulla

1987 5577 2334 5640 refutatione,
2364 5587 2422 5631 ut
2443 5569 2572 5646 quae
2602 5595 2630 5632 a
2664 5581 2856 5652 seipsis
2905 5585 3309 5656 redarguantur
3333 5596 3399 5666 et
3422 5603 3557 5643 con-

1988 5667 2299 5718 vincantur.
3227 5671 3229 5674 ‘

2055 5748 2145 5810 25.
2173 5757 2237 5810 Et
2269 5768 2324 5812 ut
2355 5757 2740 5816 intercluderet
2770 5767 3020 5822 omnibus
3039 5769 3177 5823 viam
3198 5771 3556 5841 investigandi

1984 5864 2079 5908 sua
2117 5851 2339 5920 placita,
2381 5861 2562 5906 utrum
2620 5852 2826 5910 scilicet
2892 5874 3014 5917 vera
3079 5861 3207 5926 sint,
3261 5878 3325 5917 an
3378 5865 3557 5933 falsa,

3165 5955 3240 6018 43

2210 6017 2243 6035 Ἰ
