4044 6290
450 386 582 444 i355

1687 388 2065 447 EU'l‘IlYMIl
2109 392 2465 451 ZIGADENI

3561 394 3707 454 1356

450 500 691 562 mandat,
737 499 839 552 hoc
872 500 1085 566 quidem
1126 507 1386 565 tempore,
1444 508 1698 567 tanquam
1756 500 2013 554 divinitus

2145 504 2214 555 πῦν
2270 507 2371 574 μὲν
2416 509 2489 569 ὡς
2540 508 2879 563 θεόπνευστα
2926 509 3180 577 δέχεσθαι
3235 507 3301 559 τὰ
3336 506 3462 575 παρ’
3526 506 3703 559 αὐτοῦ

450 593 729 660 inspirata,
761 607 852 645 sua
880 591 1127 659 amplecti
1152 591 1356 653 omnia,
1383 590 1859 657 investigationem
1885 607 2012 645 vero
2051 604 2060 613 '

450 684 663 737 illorum
694 696 747 736 et
791 682 1158 751 probationem
1192 682 1257 735 ad
1291 683 1431 735 diem
1491 697 1661 751 usque
1710 692 2010 737 extremum

452 777 640 840 iudicii
673 774 992 829 universalis
1039 774 1437 843 reservandam.
1478 776 1627 829 Tunc
1676 776 1818 829 enim
1875 777 2016 845 quod

458 870 680 933 probum
746 866 1131 935 sincerumque
1180 872 1268 935 sit,
1308 870 1522 935 planum
1576 869 1711 923 fore.
1751 869 1828 923 Ne
1888 884 2015 923 vero

455 959 740 1027 quisquam
782 960 927 1013 dicat
959 978 973 1017 :
1012 979 1029 1011 ι
1081 960 1293 1015 Postula
1324 978 1351 1015 a
1384 962 1489 1015 Deo
1527 963 1740 1031 signum
1800 962 2016 1031 aliquod

452 1051 519 1102 ad
552 1050 1019 1104 conﬁrmationem
1073 1062 1282 1105 tuorum
1338 1052 1681 1119 placitorum,
1729 1072 1744 1101 ι
1795 1052 2019 1105 simulat

454 1142 785 1208 petitionem,
816 1152 868 1195 et
902 1142 968 1195 ad
1002 1142 1163 1195 Deum
1196 1144 1313 1194 ait:
1358 1161 1374 1193 ι
1420 1141 1704 1197 Postulant
1743 1159 1770 1195 a
1828 1152 1877 1196 te
1918 1143 2016 1197 do-

457 1234 661 1287 mestici
711 1242 763 1286 ct
820 1233 1095 1286 vernaculi
1163 1234 1409 1300 discipuli
1459 1235 1739 1302 scriptura:
1783 1235 1858 1303 (id
1910 1246 2012 1296 est,

456 1327 545 1389 qui
597 1325 920 1393 scripturam
966 1327 1107 1379 illam
1141 1327 1395 1380 divinitus
1430 1328 1645 1380 missam
1680 1327 2016 1395 amplectun-

458 1415 564 1484 tur)
598 1426 656 1469 ut
688 1418 940 1472 demittas
973 1419 1038 1471 ad
1079 1432 1171 1473 eos
1209 1418 1533 1486 scripturam
1574 1433 1603 1471 e
1644 1417 1815 1479 caelis,
1866 1438 1881 1467 ι
1918 1421 2023 1471 sci-

460 1510 590 1563 licet
619 1511 939 1578 scripturam
974 1512 1283 1573 secundam,
1331 1526 1451 1578 quae
1477 1520 1658 1563 certos
1693 1526 1787 1564 eos
1836 1512 2018 1564 reddat

458 1602 652 1667 placita
688 1618 713 1655 a
749 1618 835 1657 me
886 1603 1156 1671 proposita
1204 1612 1257 1655 et
1291 1603 1583 1656 constituta
1640 1616 1761 1656 esse
1803 1618 1929 1656 vera
1970 1612 2022 1655 et

463 1695 556 1748 tibi
591 1704 761 1762 grata.
799 1693 989 1748 Postea
1022 1694 1087 1746 de
1147 1691 1387 1747 llebrazis
1423 1694 1691 1762 proponit,
1746 1695 1885 1760 quod
1946 1694 2021 1745 illi

465 1786 638 1854 majus
672 1786 947 1856 quippiam
976 1800 1006 1838 a
1040 1785 1190 1839 Mosc
1233 1785 1503 1854 petierint,
1546 1785 1820 1840 dicentes:
1867 1805 1883 1836 ι
1924 1788 2024 1840 0s-

462 1882 618 1934 tendc
658 1880 813 1933 uobis
868 1879 1036 1933 Deum
1073 1878 1377 1938 manifesto,
1432 1897 1448 1928 ι
1498 1887 1548 1930 et
1598 1881 1740 1945 quod
1775 1893 2024 1944 compre-
2060 1857 2102 1910 Β

468 1974 713 2027 henderit
771 1974 914 2041 ipsos
945 1971 1086 2024 Deus
1116 1972 1183 2023 ob
1237 1970 1558 2038 iujustitiam
1603 1986 1778 2032 suam,
1836 1972 1884 2023 id
1946 1982 2028 2023 est

467 2063 747 2116 sustulerit
774 2079 800 2114 c
831 2062 1029 2126 medio,
1056 2060 1123 2115 ob
1152 2061 1289 2113 hanc
1344 2060 1634 2112 absurdam
1692 2070 1745 2114 et
1797 2061 2026 2127 ineptam

469 2156 779 2221 petitionem
816 2152 1078 2221 ipsorum.
1138 2150 1259 2204 Hazc
1292 2152 1507 2220 quidem
1568 2151 1652 2204 ille
1702 2153 1926 2215 addidit,
1976 2162 2032 2205 ut

472 2256 697 2299 terreret
730 2243 1022 2311 discipulos
1047 2257 1195 2308 suos,
1228 2252 1281 2295 ut
1307 2244 1613 2307 prohiberet
1640 2242 1735 2313 (uti
1790 2244 2034 2296 declara-

473 2352 581 2387 tum
610 2336 714 2406 est)
749 2335 1023 2401 inquirere
1069 2336 1555 2389 demonstrationes
1611 2337 1859 2391 veritatis
1897 2354 1912 2400 ;
1966 2352 2033 2390 nc

473 2430 675 2484 scilicet
729 2428 923 2482 similia
955 2427 1083 2495 ipsis
1116 2427 1446 2481 acciderent.
1480 2428 1647 2482 Judaei
1686 2440 1863 2482 tamen
1917 2444 2031 2481 ma-

469 2521 551 2587 gis
586 2520 856 2587 deprecati
881 2528 1023 2583 sunt,
1094 2535 1157 2572 nc
1192 2519 1329 2572 Deus
1373 2519 1683 2587 loqueretur
1743 2522 1807 2573 ad
1864 2522 2031 2590 ipsos,

472 2621 526 2667 et
549 2612 770 2683 gloriam
810 2613 923 2675 Dei,
958 2625 1076 2679 qum
1106 2610 1235 2678 ipsis
1268 2611 1331 2663 in‘
1357 2620 1538 2665 monte
1588 2610 1716 2665 Sina
1772 2628 2034 2681 apparue-

470 2715 574 2772 rat,
611 2705 919 2760 horribilem
953 2703 1331 2757 existimarunt
1357 2714 1409 2758 et
1455 2704 1847 2758 intolerabilem
1880 2724 1891 2757 :
1938 2705 2036 2756 lal-

470 2811 698 2865 stt-mque
730 2806 812 2850 est
856 2796 1165 2864 exemplum
1227 2793 1572 2849 Hebrazorutu
1627 2797 1717 2864 qui
1764 2812 1828 2850 eo
1884 2800 2039 2851 modo

471 2886 756 2955 perierint.

545 2978 807 3033 Praeterea
884 2993 1113 3036 conatur
1172 2984 1466 3038 conciliare
1519 2981 1895 3037 sibiveritatis
1921 2992 2037 3035 stu-

475 3072 645 3135 dium,
680 3084 731 3125 et
770 3074 871 3125 fide
917 3076 1129 3145 dignam
1192 3079 1576 3131 auctoritatem
1652 3077 1867 3146 placitis
1928 3077 2040 3131 suis

2119 597 2296 650 πάντα
2329 614 2344 626 ·
2377 601 2743 668 παραπέμψαι
2798 601 2853 652 δὲ
2883 601 2982 669 τὴν
3018 600 3247 653 ’τούτων
3318 599 3546 667 ἔρευναν
3603 598 3707 651 καὶ

2117 688 2439 755 δοκιμασίαν
2469 691 2548 752 είς
2580 691 2677 754 τὴν
2698 690 3016 743 τελευταίαν
3048 692 3263 760 ἡμέραν
3296 689 3395 753 τῆς
3484 704 3705 753 παγκο-

2122 780 2281 843 σμίου
2312 780 2551 845 κρίσεως
2583 797 2595 809 ·
2629 782 2750 833 τότε
2778 781 2886 851 γὰρ
2916 781 3148 850 φανῆναι
3195 780 3254 833 τὺ
3284 780 3498 840 πάντως
3540 779 3699 830 δόκι-

2124 887 2240 936 μον.
2276 871 2394 924 Ἵνα
2422 871 2476 923 δὲ
2515 874 2589 941 μή
2613 890 2696 936 τις
2732 874 2881 944 εἴπῃ,
2916 890 2935 924 ‹
2975 872 3206 941 Αἴτησαι
3242 870 3398 939 παρὰ
3431 872 3524 922 τοῦ
3547 869 3694 921 Θεοῦ

2124 965 2346 1029 σημεῖον
2382 965 2461 1026 είς
2495 964 2759 1017 πίστωσιν
2813 964 2925 1018 τῶν
2965 965 3117 1030 παρά
3170 962 3265 1015 σοῦ
3294 963 3707 1030 δογματιζομέ-

2121 1070 2247 1115 νων,
2284 1074 2299 1103 ι
2338 1054 2692 1124 ὑποκρίνεται
2721 1058 2817 1125 τὴν
2844 1056 3076 1126 αἴτησιν,
3142 1053 3237 1106 καί
3286 1070 3417 1121 φησι
3444 1052 3579 1121 πρὸς
3609 1053 3704 1103 τὴν

2121 1143 2253 1195 Θεόν
2277 1158 2288 1172 ο
2337 1162 2354 1193 ‹
2396 1144 2682 1197 Αίτοῦνταί
2714 1163 2771 1197 σε
2806 1148 2855 1198 οἱ
2885 1147 3077 1198 οἰκεῖοι
3108 1145 3209 1212 τῆς
3236 1144 3447 1210 γραφῆς
3486 1143 3705 1211 (τουτέ-

2125 1254 2240 1288 στιν
2268 1237 2316 1288 οί
2351 1237 2450 1305 τὴν
2493 1237 2841 1303 θεόπεμπτον
2875 1254 2967 1289 σου
3000 1234 3221 1304 γραφὴν
3249 1235 3558 1303 δεξάμενοι)
3599 1234 3701 1285 τοῦ

2123 1328 2448 1393 κατενέγκαι
2475 1329 2659 1380 ἐπάνω
2688 1328 2867 1380 αὐτῶν
2898 1326 3118 1396 γραφὴν
3146 1328 3215 1403 ἐκ
3238 1324 3329 1376 τοῦ
3356 1324 3591 1393 οὐρανοῦ
3615 1339 3631 1353 ·
3677 1342 3696 1373 ο

2123 1419 2339 1490 γραφὴν
2369 1419 2627 1489 δευτέραν
2647 1419 2911 1487 δηλονότι,
2942 1408 3397 1487 πληροφοροῦσαν
3431 1415 3561 1482 περὶ
3589 1414 3703 1465 τῶν

2124 1513 2256 1579 παρ’
2310 1512 2474 1565 αὑτοῦ
2515 1512 3026 1580 δογματιζομὲνων,
3058 1511 3143 1561 ὅτι
3173 1508 3347 1576 ἀληθῆ
3385 1511 3481 1560 καλ⁵
3506 1508 3706 1576 εὐάρε-

2128 1620 2244 1655 στα.
2284 1600 2415 1655 Εἶτα
2481 1602 2871 1672 προσεκτίθησι
2918 1603 3046 1668 περὶ
3101 1601 3207 1651 τῶν
3276 1599 3574 1668 Ἐϐραίων,
3618 1600 3705 1651 ὅτι

2126 1696 2395 1766 ᾐτήσαντο
2451 1697 2541 1748 τὸν
2603 1697 2811 1764 Μωσῆν
2873 1693 3105 1762 μεέζονα
3144 1692 3359 1752 τούτου,
3401 1687 3701 1751 καὶεῖπον,

2140 1807 2156 1837 ι
2197 1789 2377 1851 Δεῖξον
2402 1792 2531 1857 ἡμῖν
2567 1791 2659 1841 τὸν
2694 1790 2824 1841 Θεδν
2859 1788 3105 1857 φανερῶς
3134 1805 3147 1817 ·
3189 1806 3207 1836 ι
3254 1786 3347 1838 καὶ
3383 1785 3576 1839 ἔλαϐεν
3608 1786 3703 1835 aib-

2131 1878 2256 1939 τοὺς
2283 1878 2343 1929 τὸ
2390 1881 2544 1930 Θεῖον
2577 1880 2662 1930 διὰ
2724 1880 2820 1947 τῆς
2868 1878 3079 1938 ἀδικίας
3130 1877 3311 1928 αὐτῶν
3345 1891 3357 1904 ·
3399 1874 3703 1937 τουτέστιν,

2133 1969 2339 2020 ἀνεῖλεν
2406 1971 2601 2033 αὐτοὺς
2640 1972 2727 2023 διὰ
2756 1971 2853 2039 τὴν
2915 1970 3225 2039 παράλογον
3250 1970 3458 2033 ταύτην
3484 1968 3704 2032 αἴτησιν

2133 2061 2330 2113 αὐτῶν.
2369 2062 2555 2115 Ταῦτα
2590 2062 2645 2114 δὲ
2678 2062 3042 2130 προσέθηκεν,
3074 2059 3323 2127 ἐκφοϐῶν
3346 2060 3473 2118 τοὺς
3529 2057 3701 2125 μαθη-

2132 2154 2230 2214 τὰς
2260 2152 2446 2213 αὑτοῦ,
2486 2152 2580 2204 καὶ
2627 2152 2850 2205 κωλύων
2898 2152 2994 2219 (ὠς
3018 2150 3330 2220 δεδήλωται)
3390 2150 3576 2218 ζητεῖν
3611 2148 3703 2200 αὖα

2134 2246 2258 2307 τοὺς
2297 2246 2597 2311 ἀποδείξεις
2652 2247 2750 2315 τῆς
2775 2247 3053 2315 ἀληθείας,
3080 2246 3166 2297 ἵνα
3195 2246 3269 2314 μὴ
3311 2248 3379 2296 τὰ
3408 2246 3572 2311 ὃμοια
3595 2246 3699 2296 πάι

2136 2338 2287 2392 θωσι.
2348 2340 2535 2391 Καίτοι
2570 2340 2954 2408 παρῃτήσαντο
3000 2339 3197 2407 μᾶλλον
3249 2338 3299 2389 οί
3365 2337 3612 2390 Ἰουδαῖοι
3646 2338 3703 2386 τὺ

2138 2431 2320 2484 λαλεῖν
2368 2433 2503 2500 πρὸς
2550 2432 2750 2492 αὐτοὺς
2804 2432 2893 2482 τὸν
2933 2431 3065 2484 Θεόν
3098 2448 3109 2459 ·
3169 2431 3267 2482 καὶ
3309 2430 3409 2498 τὴν
3458 2428 3553 2479 ἐπὶ
3608 2427 3701 2478 τοῦ

2138 2525 2293 2590 ὄρους
2324 2525 2582 2591 ὀφθεῖσαν
2616 2522 2706 2575 τοῦ
2738 2522 2871 2576 Θεοῦ
2929 2524 3089 2587 δόξαν
3128 2523 3396 2592 φορτικὴν
3432 2524 3708 2589 ἡγήσαντο

2139 2616 2232 2668 καὶ
2271 2616 2640 2667 ἀνυπόστατον
2672 2633 2684 2646 ·
2724 2616 2815 2668 καὶ
2848 2616 3041 2684 ψευδὲς
3090 2615 3222 2667 αὐτὸ
3260 2614 3319 2666 τὸ
3348 2613 3704 2683 παράδειγμα

2138 2707 2247 2758 τῶν
2278 2707 2448 2767 οὕτως
2481 2707 2863 2759 ἀποθανόντων
2905 2705 3195 2775 Ἐϐραίων.

2215 3000 2332 3051 Ἔτι
2366 2998 2815 3065 περιποιούμενος
2852 2998 3030 3063 ἐαυτῷ
3060 2992 3313 3062 ἀλήθειαν
3362 2990 3455 3042 καὶ
3497 2988 3706 3053 ἀξιοπι-

2146 3092 2295 3143 στίαν
2321 3091 2411 3141 ἐπὶ
2463 3092 2572 3151 τοῖς
2624 3087 3127 3157 δογματιζομένοις,
3189 3084 3401 3148 εἰσάγει
3434 3080 3705 3146 πρόσωπᾶ

478 3175 744 3228 astruere,
799 3167 922 3218 dum
960 3168 1010 3220 in
1050 3168 1281 3222 medium
1309 3170 1811 3237 adducitpersonas
1880 3184 2037 3236 quas.

2146 3202 2265 3236 τινα
2330 3184 2494 3236 πᾶσιν
2552 3183 2915 3248 ἁδιάγνωστα,
2979 3184 3057 3241 εἰς
3140 3180 3407 3246 κήρυγμα
3456 3174 3562 3242 πρὸ
3618 3173 3709 3225 τοῦ

478 3257 598 3310 dam
624 3258 868 3314 dilIiciIes
902 3251 1141 3330 cognitu,
1175 3278 1294 3332 qum
1324 3272 1448 3316 ante
1476 3262 1588 3317 Noe
1623 3265 1686 3316 ad
1733 3263 2038 3331 praedican-

478 3352 603 3405 dum
640 3355 907 3418 venerint,
932 3364 983 3406 et
1011 3355 1059 3408 iu
1084 3356 1277 3424 quibus
1304 3358 1517 3425 quidem
1543 3357 1671 3422 ipsis
1708 3355 1837 3405 tides
1863 3353 2041 3406 habita

482 3443 665 3505 fuerit,
710 3444 1136 3499 benedictionem
1178 3462 1421 3513 magnam
1471 3455 1749 3498 assecutus
1792 3458 1914 3497 esse
1950 3444 2045 3495 ho-

479 3536 686 3601 mines;
750 3540 799 3589 in
867 3537 1059 3604 quibus
1115 3551 1241 3591 vero
1298 3537 1426 3591 lides
1456 3539 1705 3606 derogata
1750 3537 1839 3601 sit,
1878 3536 2045 3588 male-

478 3628 769 3683 dictionem
788 3643 1051 3683 summam
1071 3630 1325 3683 sensisse.
1348 3632 1473 3683 Post
1492 3628 1597 3684 Noe
1618 3644 1742 3681 vero
1757 3629 2045 3683 introducit

481 3718 675 3774 Tzaled
705 3720 990 3789 quemdam
1020 3718 1359 3791 prophetam,
1386 3719 1603 3774 fratrem
1632 3720 1890 3775 Thamodi
1914 3761 1927 3784 ,
1953 3722 2044 3787 qui

483 3828 653 3879 neque
702 3828 932 3884 unquam
964 3814 1082 3878 fuit,
1122 3828 1295 3882 neque
1335 3813 1401 3865 ab
1432 3814 1538 3866 ullo
1583 3813 1684 3866 alio
1738 3814 2047 3866 nominatus

482 3914 605 3969 est;
640 3907 764 3959 item
808 3916 861 3959 et
893 3906 1137 3975 Saipum,
1173 3906 1419 3958 similiter
1455 3906 1693 3973 ignotum
1720 3916 1772 3959 et
1810 3904 1964 3970 Mosi,
1997 3914 2050 3958 et

481 4001 732 4053 omnibus
764 3999 883 4053 aliis
916 3997 1210 4053 historicis.
1244 3998 1419 4065 Atque
1461 3998 1557 4051 hos
1602 3996 1815 4065 quidem
1861 4011 2048 4050 omnes

486 4097 807 4167 ptzcdicassc
841 4095 990 4157 dicit,
1017 4095 1346 4162 eosdemque
1371 4090 1473 4145 illis
1497 4093 1586 4160 qui
1611 4091 1767 4145 Iidem
1798 4092 1931 4158 ipsis
1957 4091 2051 4143 ha-

488 4190 723 4253 buerint,
750 4188 918 4241 Deum
960 4187 1251 4256 propitium
1282 4184 1575 4253 pra-huisse
1606 4201 1619 4238 :
1649 4184 1736 4237 ubi
1766 4198 1892 4237 vero
1921 4183 2051 4236 ﬁdes

487 4284 593 4336 illis
614 4286 827 4350 penitus
849 4283 1027 4336 habita
1052 4297 1155 4335 non
1182 4281 1301 4342 fuit,
1320 4294 1412 4335 eas
1429 4288 1616 4349 gentes
1637 4276 1801 4332 fuisse
1814 4292 2049 4331 eversas.

556 4374 645 4427 24.
670 4374 932 4442 Deinceps
952 4374 1018 4428 de
1050 4373 1228 4443 seipse
1265 4370 1552 4426 addittalia
1582 4387 1594 4423 :
1625 4389 1643 4420 ι
1669 4368 1754 4423 Va:
1770 4370 2047 4423 homines!

492 4482 589 4537 ego
622 4483 738 4519 sum
766 4466 856 4519 Dei
882 4467 1176 4533 apostolus.
1212 4485 1228 4516 ι
1284 4463 1357 4517 Ex
1422 4464 1637 4531 placitis
1665 4464 1771 4518 tuis
1833 4464 2051 4531 planum

2146 3275 2268 3326 Νῶε
2328 3273 2549 3326 ἐλθόντα
2584 3290 2596 3303 ·
2631 3276 2724 3324 καὶ
2761 3275 2819 3324 ὲν
2844 3265 2923 3333 οἷς
2959 3272 3056 3336 μὲν
3089 3267 3516 3334 ἐπιστεύθησαν,
3552 3266 3703 3317 θείαν

2148 3364 2398 3433 εὐλογίαν
2464 3364 2886 3433 προεξενηκότα.
2965 3364 3021 3413 ὲν
3082 3356 3161 3422 οἷς
3203 3360 3260 3412 δὲ
3313 3356 3711 3427 ἠπιστήθησαν,

2149 3461 2392 3527 κατάραν
2429 3460 2716 3526 μεγίστην.
2754 3457 2907 3509 Μετὰ
2941 3456 3122 3524 μέντοι
3142 3454 3231 3506 τὸν
3264 3455 3385 3506 Νῶε
3436 3452 3714 3517 ἐπεισάγει

2150 3552 2354 3614 Τζάλεδ
2414 3551 2534 3601 τινὰ
2562 3548 2872 3617 προφήτην,
2934 3544 3160 3613 ἀδελφὸν
3204 3542 3425 3612 Θαμὼδ,
3472 3542 3564 3592 τὸν
3592 3539 3713 3592 οὔτε

2151 3644 2434 3710 γεγονότα,
2504 3640 2627 3693 οὔτε
2685 3640 2814 3705 παρ’
2873 3638 3033 3691 ἄλλου
3096 3635 3504 3705 ὀνομασθέντα·
3554 3632 3713 3683 ἔτιδὲ

2152 3735 2246 3785 καὶ
2296 3734 2521 3791 Σάῐπον,
2575 3734 2778 3799 ὁμοίως
2835 3731 3113 3796 ἄγνωστον
3144 3728 3238 3779 καὶ
3291 3727 3369 3793 τῷ
3399 3725 3713 3794 Μωσῇ,καὶ

2152 3826 2286 3876 πᾶσι
2318 3826 2427 3886 τοῖς
2446 3824 2623 3884 ἄλλοις
2659 3822 2953 3891 ἱστορικοῖς
2984 3835 2998 3849 ο
3034 3819 3128 3881 οὓς
3183 3819 3337 3884 λέγει
3371 3816 3711 3885 κηρύξαντας

2153 3919 2283 3986 παρ’
2304 3913 2385 3979 οἷς
2423 3918 2518 3985 μὲν
2540 3914 2960 3981 ἐπιστεύθησαν,
3021 3912 3113 3965 τὸν
3142 3911 3273 3964 Θεὸν
3303 3912 3490 3973 αὐτοῖς
3518 3909 3710 3978 εὐμενῆ

2156 4010 2584 4078 παρεσχηκέναι,
2613 4007 2743 4074 παρ’
2777 4000 2857 4066 οἷς
2883 4004 2939 4057 δὲ
2970 4002 3374 4073 ἠπιστήθησαν,
3416 4015 3712 4068 καταστροο

2156 4100 2261 4170 φὴν
2292 4102 2471 4159 αὐτοῖς
2498 4098 2773 4165 γενέσθαι.

2231 4368 2329 4421 κδ’.
2374 4362 2505 4419 Εἶτα
2546 4366 2868 4434 προστίθησι
2902 4363 3034 4432 περὶ
3064 4361 3259 4414 ἑαυτοῦ
3295 4359 3507 4414 τοιάδε·
3542 4376 3559 4407 ι
3586 4356 3704 4408 Οὐαὶ

2160 4460 2435 4529 ἄνθρωποι
2465 4460 2476 4509 l
2504 4456 2613 4523 ἐγὼ
2641 4455 2933 4517 ἀπόστολος
2957 4455 3072 4521 ειμι
3093 4452 3184 4505 τοῦ
3217 4450 3378 4503 Θεοῦ.
3409 4469 3428 4500 ι
3465 4446 3707 4510 Ἐδειξας.

493 4562 573 4623 Et,
621 4559 774 4628 cujus
822 4558 930 4621 dei,
963 4572 996 4611 ο
1037 4558 1334 4625 itnpostor,
1390 4554 1466 4610 sis
1522 4558 1821 4624 apostolus,
1894 4555 2040 4609 falso,

2164 4552 2257 4620 ἀφ’
2293 4546 2367 4605 ὧν
2390 4548 2761 4617 δογματίζεις,
2789 4542 2834 4600 ὦ
2868 4546 3059 4607 πλάνε,
3092 4545 3247 4596 ποίου
3296 4542 3424 4595 θεοῦ
3469 4541 3713 4607 ὑπάρχεις

492 4654 739 4720 inquam,
771 4651 848 4703 sic
883 4647 1167 4717 appellati,
1216 4660 1407 4715 nempe
1450 4646 1700 4707 Satanae;
1750 4646 1874 4699 huic
1906 4661 2056 4698 nam-

493 4757 598 4813 que
628 4751 777 4811 grata
803 4750 855 4796 et
878 4739 1049 4793 amica
1094 4739 1277 4803 doces,
1310 4747 1363 4790 at
1386 4737 1603 4790 inimica
1637 4752 1761 4790 vero
1788 4745 1842 4790 et
1865 4750 2057 4805 magno

495 4837 625 4890 Deo.

566 4934 797 4988 Rursum
836 4933 979 4987 velut
1006 4948 1069 4986 ex
1108 4944 1337 4999 persona
1384 4928 1473 4982 Dei
1507 4926 1639 4981 dicit
1675 4943 1687 4977 :
1723 4929 1765 4976 lc
1819 4923 2060 4977 Misimus

498 5038 549 5082 tc
588 5028 652 5080 ad
692 5035 926 5092 gentem,
964 5035 1022 5078 ut
1059 5039 1120 5078 ea
1150 5038 1268 5092 qua:
1301 5022 1391 5076 tibi
1437 5020 1670 5073 revelata
1700 5027 1755 5073 et
1793 5015 2056 5085 patefacta

496 5127 644 5183 sunt,
674 5119 848 5173 eidem
886 5117 1106 5185 prmsint
1135 5125 1189 5171 et
1233 5117 1521 5183 imperent,
1553 5130 1572 5163 ›
1617 5111 1670 5165 id
1698 5118 1804 5174 εει,
1853 5116 1910 5161 ιιι
1970 5106 2057 5158 illa

499 5211 737 5279 subjecta
786 5210 855 5263 sit
902 5209 968 5262 iis
1027 5223 1147 5276 quae
1195 5206 1289 5262 tibi
1356 5204 1592 5259 revelata
1650 5211 1777 5256 sunt
1826 5200 2055 5267 placitis.

498 5310 670 5374 Atque
710 5304 810 5357 hoc
859 5301 1073 5370 quidem
1112 5299 1231 5352 ideo
1274 5296 1407 5351 dixit
1432 5337 1447 5359 ,
1495 5302 1552 5347 ut
1590 5292 1967 5347 auctoritatem
2007 5299 2061 5343 et

502 5397 659 5451 ﬁdem
718 5394 821 5449 sibi
878 5397 1240 5463 compararet,
1298 5384 1749 5457 quemadmodum
1819 5396 2062 5452 saepenu-

504 5506 656 5544 mero
695 5487 979 5543 consuevit
1041 5487 1239 5538 facere.
1301 5480 1366 5533 Et
1414 5482 1608 5533 iterum
1659 5476 1850 5530 addit:
1892 5493 1910 5524 ι
1962 5474 2062 5540 Qui

497 5581 811 5649 religionem
852 5586 1095 5631 nostram
1140 5572 1465 5643 improbant,
1502 5572 1653 5624 aiunt
1679 5582 1763 5620 me
1802 5580 1914 5620 non
1943 5580 2064 5619 esse

503 5672 805 5741 apostolum
853 5686 867 5722 :
919 5668 1057 5722 Deus
1090 5665 1217 5719 mihi
1272 5660 1518 5725 suﬂiciat,
1554 5660 1638 5712 hic
1676 5658 1817 5712 inter
1874 5669 1963 5709 me
2012 5663 2065 5706 et

503 5779 596 5815 vos
622 5763 797 5817 testis.
841 5780 859 5813 ι
895 5760 1047 5824 Quod
1100 5766 1276 5810 autem
1332 5753 1459 5808 dicit
1496 5772 1507 5807 :
1550 5771 1569 5803 ι
1637 5750 1875 5805 Sulliciat
1930 5746 2063 5802 mihi

510 5854 676 5913 Deus,
698 5869 714 5901 ι
752 5852 895 5904 idem
932 5858 1013 5905 est
1045 5863 1105 5902 ac
1128 5848 1170 5901 si
1195 5846 1457 5901 dixisset:
1493 5844 1731 5909 Sufﬁciet
1762 5844 1888 5896 mihi
1916 5845 2060 5897 Deus

2169 4642 2487 4704 ἀπόστολος,
2504 4641 2584 4692 ὅτι
2602 4638 2695 4691 τοῦ
2711 4636 3071 4706 ψευδωνύμου
3087 4673 3105 4702 ,
3127 4635 3271 4703 φημὶ
3289 4632 3354 4702 δὴ
3385 4631 3481 4683 τοῦ
3500 4628 3711 4681 Σατανᾶ.

2171 4735 2357 4805 Τούτῳ
2391 4734 2488 4805 μὲν
2516 4734 2621 4801 γὰρ
2656 4730 2785 4799 φίλα
2810 4730 3109 4792 διδάσκεις,
3136 4725 3311 4797 ὲχθρὰ
3339 4726 3396 4778 δὲ
3430 4724 3509 4792 τῷ
3540 4718 3715 4788 ἀληθεῖ

2168 4829 2261 4882 καὶ
2296 4827 2513 4895 μεγάλῳ
2538 4826 2675 4893 Θεῷ.

2230 4919 2402 4984 Λέγει
2430 4918 2587 4969 πάλιν
2621 4916 2695 4975 ὼς
2721 4918 2784 4967 ἐκ
2815 4912 3109 4984 προσώπου
3162 4906 3253 4960 τοῦ
3282 4905 3419 4958 Θεοῦ
3458 4904 3583 4971 περὶ
3606 4906 3717 4953 sau-

2166 5010 2261 5063 τοῦ
2288 5027 2302 5040 θ
2343 5030 2361 5061 ι
2407 5008 2835 5076 Ἀπεστείλαμέν
2862 5024 2920 5059 σε
2944 5005 3080 5071 πρὸς
3113 5002 3290 5061 ἔθνος,
3322 4998 3417 5052 τοῦ
3444 4997 3717 5065 τυγχάνειν

2167 5106 2351 5157 ὲπὰνω
2380 5102 2557 5156 αὐτῶν
2578 5102 2646 5155 τὰ
2679 5098 3103 5171 δηλοποιηθὲντα
3132 5093 3270 5163 πρὸς
3306 5091 3390 5154 σὲ,
3423 5109 3453 5151 ,ι
3492 5086 3717 5142 τουτέστι

2168 5194 2261 5248 τοῦ
2318 5192 2641 5248 ὑποκεῖσθαι
2690 5190 2888 5251 αὐτοὺς
2958 5189 3072 5248 τοῖς
3134 5181 3563 5253 δηλοποιηθεῖσι.
3618 5175 3715 5228 Καὶ

2168 5288 2324 5341 τοῦτο
2356 5286 2412 5338 δὲ
2436 5286 2679 5354 εἴρηκεν,
2714 5281 3029 5346 ἀξιόπιστον
3056 5274 3247 5329 ἑαυτὸν
3265 5273 3458 5335 ποιῶν,
3477 5270 3551 5331 ὡς
3578 5265 3717 5319 είωθε

2170 5378 2430 5439 πολλάκις
2465 5378 2662 5429 ποιεῖν.
2732 5372 2839 5425 Καὶ
2872 5370 3026 5431 αὖθις
3074 5364 3397 5436 προστίθησι
3427 5377 3441 5392 ·
3485 5380 3505 5413 ι
3538 5360 3712 5418 Λέγουι

2175 5492 2257 5527 σιν
2297 5472 2347 5525 οἱ
2377 5469 2724 5539 ἀρνούμενοι,
2759 5468 2839 5519 ὃτι
2861 5463 2961 5517 οῦκ
2989 5465 3107 5531 εἰμι
3143 5458 3469 5520 ἀπόστολος.
3565 5454 3717 5523 Apu-

2176 5567 2278 5635 σθῇ
2319 5562 2465 5633 μοιὸ
2530 5559 2664 5621 Θεός
2694 5570 2709 5586 ·
2759 5552 2911 5618 οὗτος
2972 5555 3179 5624 μάρτυς
3210 5548 3413 5621 μεταξὺ
3457 5544 3589 5640 ἐμοῦ
3639 5541 3715 5640 καὶ

2176 5658 2352 5725 ὑμῶν.
2391 5674 2408 5705 ι
2467 5653 2539 5705 Τὸ
2567 5652 2643 5713 δὲ,
2682 5669 2699 5701 ι
2736 5646 3006 5717 Ἀρκεσθῇ
3051 5645 3189 5715 μοιό
3216 5642 3373 5704 Θεὸς,
3418 5656 3437 5690 ι
3471 5638 3588 5690 ἀντὶ
3614 5638 3711 5725 τοῦ,

2183 5722 2431 5814 ’ἀρκέσει
2470 5759 2559 5812 μοι
2594 5741 2673 5802 είς
2724 5736 3032 5807 μαρτυρίαν
3078 5735 3107 5785 ὁ
3138 5732 3268 5794 Θεός
3302 5747 3318 5761 ·
3347 5730 3407 5792 ὅς
3441 5730 3554 5780 ἐστι

2172 5812 2264 5901 τυς
2302 5833 2434 5905 ἐμοῦ
2471 5833 2590 5903 μὲν,
2621 5831 2701 5883 ὅτι
2740 5829 2857 5898 εἰμι
2898 5825 3197 5887 ἀπόστολος
3244 5819 3433 5885 αὐτοῦ,
3468 5816 3615 5884 ὑμῶν
3645 5812 3711 5871 δἐι
