4044 6290
363 376 494 438 i357

1244 375 1620 436 PANOPLIA
1663 376 2218 440 DOGMATICA.—
2257 384 2405 443 TI'I‘.
2449 386 2728 449 XXVIII.

3479 395 3615 453 1358

355 490 436 546 ὅτι
478 490 759 544 ἀπιστεῖτέ
793 508 904 558 μοι.
940 490 1072 543 Θεὸν
1119 491 1218 559 μὲν
1244 488 1336 542 οῦν
1369 490 1730 558 προϐάλλεται
1798 491 1938 561 μάρ-

2064 511 2096 547 n
2127 495 2518 565 testimonium,
2543 501 2632 569 qui
2654 500 2808 555 testis
2832 509 2913 555 est
2939 501 3068 556 miltl
3093 502 3328 572 quidem,
3354 506 3492 571 quod
3512 507 3612 560 sim

355 601 492 651 τυρα
527 585 625 652 τῆς
657 582 963 652 ἀποστολῆς
993 581 1180 646 αὑτοῦ,
1206 581 1360 635 οὐδὲν
1384 582 1440 634 δὲ
1464 580 1602 634 Θεοῦ
1637 583 1788 647 ἄξιον
1818 585 1939 634 ὲπι-

357 677 625 746 φέρεται·
663 677 750 728 ναὶ
813 676 920 745 μὴν
973 674 1097 726 οὔτε
1160 674 1461 726 ἀποστόλου
1523 673 1814 742 σύμϐολον,
1877 673 1938 724 οὐ

358 767 826 837 Θαυματουργίαν,
891 767 951 818 οὐ
983 757 1330 836 προφητείαν
1382 766 1669 835 ἀληθινὴν,
1721 767 1780 816 ού
1824 764 1938 835 βίον

357 861 753 930 ἐξησκημένον,
784 860 906 912 οὐδὲ
939 860 1130 923 ἁπλῶς
1157 861 1362 928 γνῶσιν
1401 878 1413 890 ·
1485 861 1603 914 ἀλλ’
1648 861 1937 912 ἀναποδεί-

357 969 530 1014 κτως,
567 970 585 1002 ι
625 953 758 1014 Θεός
790 970 878 1019 μοι
909 952 1138 1022 μάρτυς,
1181 971 1196 1003 ι
1229 953 1413 1022 φησίν.

2041 587 2357 657 apostolus;
2397 589 2549 644 vobis
2577 605 2728 657 vero,
2759 595 2899 662 quod
2934 595 3066 649 mihi
3105 594 3263 649 ﬁdem
3297 610 3402 650 non
3447 598 3613 651 nabe-

2044 677 2132 731 tis.
2186 679 2276 732 Sic
2361 679 2526 733 Deum
2586 682 2674 737 ille
2726 685 3028 740 obtestatur
3071 685 3218 740 velut
3263 695 3454 742 testem
3531 689 3612 741 sui

2040 769 2425 836 apostolatus;
2482 786 2584 825 nec
2643 783 2822 826 tamen
2875 777 3170 845 quidquam
3241 776 3351 831 Deo
3395 777 3612 847 dignum

2040 859 2237 922 adfert,
2271 862 2360 926 qui
2417 863 2614 917 nullam
2647 880 2858 934 quoque
2895 870 3122 935 apostoli
3193 877 3454 923 tesseram
3496 870 3610 921 sive

2042 951 2366 1019 symbolum,
2404 968 2575 1022 neque
2616 957 2949 1024 prophetiam
2996 975 3200 1023 veram,
3240 977 3408 1030 neque
3445 961 3612 1014 mira"

357 1044 505 1111 eula,
540 1057 712 1111 neque
739 1045 902 1098 vitam
933 1046 1415 1100 exercitationibus
1453 1050 1654 1101 sanctis
1688 1045 1976 1105 excultum,
2004 1059 2177 1114 neque
2199 1046 2358 1100 aliam
2391 1050 2471 1119 (ut
2504 1051 2822 1118 simpliciter
2860 1053 3058 1122 dicam)
3097 1056 3461 1122 cognitionem
3484 1070 3612 1123 pro-

359 1138 463 1192 fert
507 1154 520 1190 :
557 1138 647 1190 sed
677 1139 884 1206 absque
942 1139 1086 1192 omni
1129 1139 1448 1208 probatione
1478 1151 1530 1191 et
1582 1137 2044 1192 demonsuatione

429 1250 532 1304 κε’.
563 1251 672 1302 Καὶ
707 1251 868 1304 πάλιν
899 1251 955 1303 ἐν
983 1251 1156 1322 ἑτέρῳ
1175 1252 1320 1322 λόγῳ
1341 1251 1468 1306 τάδε
1512 1251 1793 1314 διέξεισιν,
1849 1251 1931 1301 ὅτι

363 1359 382 1392 ι
409 1342 632 1404 Πάντως
656 1342 839 1410 ἐροῦσί
860 1360 973 1410 μοι,
995 1344 1074 1395 ὅτι
1094 1344 1554 1412 Δαιμονιζόμενος
1577 1340 1646 1403 εἴ,
1674 1342 1849 1408 λέγων
1871 1343 1933 1392 ἐκ

359 1433 494 1484 Θεοῦ
528 1433 787 1494 δέξασθαι
827 1435 1022 1490 ταῦτα,
1066 1435 1126 1485 Ei
1161 1435 1268 1504 γάρ
1297 1431 1436 1506 ἦσαν
1466 1433 1666 1503 ἀληθῆ,
1702 1431 1933 1499 ἄγγελος

357 1523 423 1576 ἂν
451 1524 834 1592 κατήγγειλεν.
875 1524 1114 1583 »Αἰτίοις
1187 1525 1243 1576 δὲ
1312 1524 1498 1592 τίθησι
1559 1524 1651 1574 τοῦ
1727 1522 1932 1591 μηδένα

341 1614 667 1694 ’καταϐῆναι
717 1614 968 1680 ἄγγελον,
1028 1613 1123 1664 καί
1182 1631 1370 1681 φησιν,
1441 1616 1522 1666 ὅτι
1566 1631 1582 1664 ι
1623 1612 1740 1663 Εἰσί
1791 1627 1934 1672 τινες

357 1706 424 1757 δι’
458 1704 548 1766 οὓς
611 1705 769 1757 τοῦτο
828 1705 1142 1758 κωλύεται·
1208 1708 1298 1756 καὶ
1352 1707 1454 1768 ὅτι,
1511 1705 1619 1756 τῶν
1685 1703 1934 1770 ἀγγέλων

2089 1156 2100 1189 :
2144 1157 2160 1187 ι
2215 1139 2354 1192 Deus
2419 1139 2546 1193 mibi
2601 1143 2751 1196 testis
2781 1155 2883 1206 est,
2925 1163 2941 1193 ι
2981 1144 3174 1214 inquit.

2111 1249 2200 1303 25.
2237 1252 2303 1304 Et
2334 1254 2526 1307 iterum
2555 1255 2606 1306 in
2641 1255 2747 1309 alio
2779 1270 3028 1309 sermone
3054 1257 3167 1308 haec
3203 1262 3420 1306 narrat:
3452 1272 3469 1303 ‹
3490 1251 3618 1306 Οιιι-

2045 1346 2172 1396 nino
2209 1333 2338 1396 mihi
2405 1345 2796 1413 objicient,me
2845 1347 3084 1399 daemone
3135 1345 3468 1414 exagitatam:
3510 1346 3620 1396 die-

2043 1435 2199 1490 titare
2259 1437 2422 1490 Deum
2481 1439 2591 1490 haec
2645 1436 2777 1490 mihi
2837 1437 3141 1490 tradidisse.
3177 1434 3442 1492 Sienim
3505 1434 3619 1486 Inec

2040 1535 2222 1582 essent
2263 1543 2408 1591 vera,
2444 1529 2664 1594 angelus
2696 1528 2897 1597 aliquis
2951 1529 3062 1580 haec
3110 1527 3241 1580 mihi
3298 1527 3617 1579 annuntias-

2057 1625 2158 1669 set.
2208 1634 2226 1666 ι
2262 1615 2487 1684 Exponit
2521 1616 2682 1668 etiam
2713 1630 2906 1668 causas
2941 1631 3039 1668 cur
3072 1614 3249 1668 nullus
3298 1614 3612 1683 angelorum

2043 1710 2350 1775 descendat,
2390 1721 2438 1764 et
2461 1711 2569 1763 ait:
2602 1729 2616 1760 ι
2647 1710 2776 1763 Esse
2799 1710 3007 1778 aliquos
3031 1723 3123 1776 per
3147 1723 3280 1776 quos
3305 1709 3406 1761 hoc
3441 1708 3615 1776 ipsum

336 1790 757 1857 ’κατελθόντων,
790 1796 850 1848 τὸ
883 1796 1004 1848 ὅλον
1039 1796 1271 1865 ήνυσται
1293 1811 1309 1827 ⁶
1354 1797 1448 1850 καὶ
1496 1796 1579 1858 τίς
1629 1796 1789 1865 χάρις
1822 1797 1935 1855 τοῖς

2065 1803 2364 1870 mpedialur
2395 1821 2406 1854 :
2447 1803 2657 1870 etquod
2689 1801 2892 1871 angelis
2924 1799 3373 1854 descendentibus
3395 1799 3615 1851 univer-

359 1888 672 1958 ἀνθρώποις
699 1907 711 1954 ,ξ
739 1905 756 1940 ›
805 1887 970 1940 Ἀλλὰ
989 1888 1096 1955 μὴν
1122 1888 1395 1957 πρόφασις
1411 1887 1566 1938 τοῦτο
1583 1887 1679 1951 τῆς
1705 1887 1938 1950 ἀπορῖας

359 1982 452 2034 καὶ
500 1981 599 2049 τῆς
654 1981 948 2043 ἀσθενείας
1007 1998 1124 2033 σου.
1195 1980 1470 2041 ’Πολλάκις
1530 1981 1638 2048 γὰρ
1711 1979 1938 2046 ἄγγελοι

362 2075 638 2141 κατῆλθον
690 2073 770 2134 εἰς
825 2073 922 2142 τὴν
980 2074 1107 2139 γῆν,
1177 2072 1378 2140 μᾶλλον
1439 2071 1493 2124 δὲ
1547 2071 1666 2122 καθ’
1701 2071 1938 2139 ἑκάστην

365 2167 814 2231 καταϐαίνουσιν,
876 2168 956 2227 εἰς
987 2165 1267 2218 διακονίαν
1317 2164 1776 2232 ἀποστελλόμενοι
1829 2163 1939 2214 τῶν

451 2259 478 2286 ν
561 2259 579 2296 ἐ

363 2275 717 2326 σωτ,ομ-νων.

440 2554 564 2612 κς’.
596 2548 814 2601 Ὀποῖον
845 2547 900 2599 δὲ
926 2546 1020 2600 atat
1040 2545 1099 2598 τὸ
1118 2546 1342 2614 σημεῖον
1370 2545 1464 2598 καὶ
1497 2546 1528 2614 ἡ
1553 2541 1825 2607 ἀπόδειξις
1845 2545 1944 2612 τῆς

367 2640 674 2710 ἀποστολῆς
707 2638 871 2693 αὐτοῦ
903 2657 917 2705 ;
949 2657 966 2689 ι
1005 2637 1169 2690 Ἴδετε
1195 2637 1322 2706 γὰρ,
1358 2655 1376 2684 ι
1405 2637 1560 2704 φησι,
1594 2655 1611 2686 ι
1650 2636 1749 2697 τὰς
1776 2637 1936 2688 ἀστε-

371 2732 645 2803 ροτοξίας,
682 2732 926 2800 ὁπηνίκα
957 2729 1240 2784 ἀναϐαίνει
1272 2732 1296 2780 ὁ
1321 2729 1589 2794 Σατανᾶς,
1671 2729 1949 2797 ἀκροάσα-

371 2826 498 2878 σθαι
555 2825 724 2876 Θέλων
752 2823 818 2875 τά
865 2825 921 2875 ὲν
972 2821 1188 2892 οὐρανῷ
1236 2820 1548 2888 λαλούμενα
1577 2836 1590 2850 ·
1644 2821 1730 2872 διὰ
1782 2818 1944 2872 τοῦτο

370 2917 728 2982 πιστεύσατε,
760 2919 843 2968 ὅτι
887 2915 1190 2976 ἀπόστολός
1228 2915 1366 2981 εἰμι.
1401 2915 1597 2975 ’Λλλος
1651 2913 1757 2980 γὰρ
1786 2911 1944 2964 τοῦτο

369 3009 478 3078 πρὸ
506 3008 636 3078 ἐμοῦ
661 3009 759 3060 οὐκ
794 3007 1036 3072 ἐδίδαξεν
1054 3047 1066 3059 ,
1112 3026 1129 3058 ι
1167 3007 1377 3067 Ὄντως
1395 3005 1572 3066 οὐδεὶς
1597 3004 1758 3067 ἀλλος
1786 3003 1946 3082 τοῦτο

370 3101 578 3165 ἐδίδαξε
601 3117 612 3128 '
652 3101 782 3152 διότι
807 3099 1074 3168 πρόδηλόν
1101 3101 1216 3150 ἐστι
1252 3098 1467 3165 ψεῦδος.
1507 3099 1619 3149 Ούκ
1647 3098 1954 3168 ἀστεροτο-

2045 1907 2163 1946 sum
2188 1893 2291 1944 hoc
2329 1905 2427 1958 per
2461 1906 2555 1945 eos
2589 1899 3024 1944 consummatum
3083 1899 3247 1954 esset,
3294 1896 3348 1942 ct
3373 1897 3619 1955 qumtum

2052 1983 2221 2052 gratia
2260 1983 2564 2036 hominibus
2596 1981 2802 2035 luerit?
2842 2001 2858 2032 ι
2897 1981 3056 2047 Atqui
3093 1981 3203 2032 haec
3240 1979 3413 2030 oratio
3468 1976 3622 2029 fucus

2053 2085 2103 2129 et
2138 2083 2426 2143 przetextus
2457 2083 2538 2128 est
2596 2074 2832 2142 perplexi
2898 2073 3061 2126 animi
3119 2072 3216 2128 tui.
3274 2080 3328 2122 et
3397 2069 3622 2122 inscitia:

2051 2173 2213 2233 atque
2248 2164 2633 2219 imbecillitatis
2663 2175 2786 2218 tuac.
2827 2163 3208 2231 Sarpenmnero
3256 2161 3400 2212 enim
3449 2157 3620 2226 angeli

2053 2259 2103 2311 in
2133 2267 2325 2309 terram
2359 2257 2748 2310 descenderunt
2781 2272 2794 2313 :
2829 2256 2934 2308 into
2984 2253 3224 2321 quotidie
3268 2253 3620 2313 descendunt,

2054 2364 2174 2402 cmn
2227 2350 2512 2402 mittuntur
2572 2349 2636 2402 ad
2693 2346 3051 2402 ministerium
3101 2359 3286 2398 eorum
3350 2342 3441 2411 qui
3499 2351 3625 2396 sunt

2053 2442 2321 2495 servandi.

2125 2557 2215 2609 26.
2249 2555 2529 2622 Quodnam
2555 2572 2681 2627 ergo
2706 2557 2912 2626 signum
2931 2567 2985 2610 et
3002 2553 3391 2609 demonstratio
3413 2560 3626 2618 aposto-

2053 2649 2192 2701 latus
2217 2648 2374 2716 ejus?
2408 2667 2426 2698 ι
2459 2647 2774 2706 Observato,
2801 2649 2894 2712 ait,
2921 2646 3304 2715 ejaculationes
3329 2652 3623 2702 astrorum,

2058 2740 2273 2806 quando
2314 2739 2543 2792 Satanas
2594 2739 2838 2792 ascendit
2894 2738 2960 2791 ad
3014 2736 3337 2790 audiendum
3386 2748 3449 2786 ea
3501 2748 3626 2798 quae

2059 2831 2110 2882 in
2143 2831 2280 2881 caelo
2323 2830 2576 2882 dicuntur
2639 2847 2652 2880 :
2709 2840 2869 2896 atque
2907 2827 2976 2881 ob
3039 2825 3088 2880 id
3129 2825 3332 2878 credite
3364 2836 3452 2875 me
3506 2836 3625 2874 esse

2061 2921 2382 2987 apostolum,
2428 2920 2564 2973 alius
2609 2919 2750 2973 enim
2810 2931 2936 2971 ante
2998 2933 3083 2971 me
3151 2917 3249 2969 ltoc
3305 2912 3482 2967 nullus
3527 2913 3624 2964 do-

2063 3014 2193 3066 cuit.
2238 3031 2256 3062 ›
2312 3013 2329 3079 (
2369 3010 2532 3074 Sane,
2598 3010 2777 3064 nullus
2813 3011 2950 3063 alius
3001 3009 3101 3062 hoc
3136 3005 3322 3070 docuit
3375 3002 3623 3070 ideoque)

2066 3103 2411 3177 manifestum
2466 3110 2547 3157 est
2618 3101 3013 3177 mendacium';
3099 3113 3273 3167 neque
3327 3099 3471 3151 enim
3522 3096 3624 3148 ista

373 3192 482 3257 ξίαι
510 3192 619 3260 γὰρ
651 3191 850 3256 ταῦτα,
887 3190 1071 3253 καθὼς
1106 3190 1269 3252 αὐτὸς
1306 3209 1458 3259 φησι,
1515 3191 1655 3242 κατὰ
1684 3190 1782 3244 τοῦ
1831 3191 1944 3243 δαί-

2059 3203 2186 3246 sunt
2217 3170 2495 3246 stellarum
2522 3175 2862 3260 sagittatura:
2888 3164 3030 3258 qusi.
3089 3198 3144 3241 ut
3186 3164 3316 3255 ipse
3347 3186 3444 3251 ait,
3490 3199 3624 3238 cou-

375 3301 534 3353 μονος
609 3283 1054 3349 ἐκπεμπόμενα·
1113 3279 1230 3332 ἀλλ’
1289 3281 1781 3352 ἀποσπινθηρίσεις
1836 3283 1944 3333 τῶν

372 3378 639 3446 ἀστέρων.
677 3375 951 3434 ’Ἕκαστος
980 3374 1088 3441 γὰρ
1121 3372 1299 3442 ἀστὴρ
1342 3371 1454 3441 πῦρ
1503 3374 1641 3434 ἐστι,
1677 3373 1770 3425 καὶ
1804 3375 1944 3424 κατά

370 3468 468 3539 τὴν
496 3469 590 3520 τοῦ
620 3466 790 3536 πυρὸς
852 3465 1015 3534 φύσιν
1057 3465 1456 3538 ὲκπυρηνιίσεις
1494 3464 1797 3533 ἐκπέμπει.

447 3581 614 3634 Πάλιν
646 3579 826 3648 ἑαυτῷ
857 3580 1292 3642 κατασκευάζων
1333 3579 1390 3630 τὸ
1422 3578 1760 3641 ἀξιόπιστον,
1798 3579 1946 3630 εἰσά-

372 3689 462 3740 γει
509 3675 601 3724 τὸν
640 3671 774 3724 Θεὸν
831 3670 1216 3739 μαρτυροῦντα
1263 3670 1390 3738 περὶ
1423 3670 1619 3722 ἑαυτοῦ
1654 3671 1751 3722 καὶ
1777 3671 1944 3738 ὀμνύ-

372 3780 522 3825 οντα,
547 3763 640 3814 καὶ
666 3760 922 3826 λέγονταο
961 3779 976 3810 ι
1009 3758 1101 3811 Μὰ
1122 3760 1182 3810 τὸ
1215 3759 1415 3826 ἄστρον
1447 3762 1507 3810 τὸ
1528 3761 1809 3828 δυόμενον,
1842 3762 1941 3812 οὐκ

374 3854 656 3923 ἐπλανήθη
678 3855 704 3905 ό
733 3853 947 3922 ἑταῖρος
981 3851 1158 3919 ὑμῶν,
1201 3850 1324 3903 οὐδὲ
1383 3850 1660 3919 ὴνόμησε,
1723 3852 1816 3905 καὶ
1849 3854 1947 3904 οὐκ

375 3945 681 4014 ἐφθέγξατο
716 3947 779 3996 ὲκ
825 3943 1170 4013 θελήματος·
1225 3944 1325 3995 οὐκ
1371 3944 1520 3994 ἐστιν
1569 3945 1716 4012 αύτῷ
1772 3948 1819 3997 εἰ
1872 3947 1946 4014 μὴ

375 4037 722 4104 ἀποκάλυψις
785 4035 1265 4102 ἀποκαλυφθείσα,
1337 4035 1403 4102 ἢν
1452 4034 1656 4097 ἔδειξεν
1715 4036 1862 4104 αὐτῷ
1919 4039 1948 4088 ὁ

379 4129 597 4199 ἰσχυρὸς
646 4130 724 4190 εἰς
749 4126 1003 4196 δύναμιν,
1057 4127 1085 4177 ὀ
1129 4124 1474 4195 ἀθεώρητος.
1524 4144 1542 4176 ι
1592 4126 1753 4178 Ἀλλά
1816 4130 1947 4197 μὴν,

379 4224 568 4288 ὥσπερ
599 4221 660 4272 τὸ
691 4219 783 4273 τὸν
829 4219 962 4272 Θεὸν
1020 4219 1219 4287 ὀμόσαι
1251 4218 1390 4271 κατά
1441 4219 1672 4287 ἀστέρος
1726 4220 1944 4287 ψευδὲς,

377 4314 520 4367 οὕτω
546 4314 610 4384 δὴ
636 4313 732 4364 καὶ
756 4314 855 4365 ὅσα
877 4310 1241 4381 ἀπεκαλύφθη
1280 4310 1358 4378 τῷ
1387 4310 1633 4379 Μωάμεο
1658 4313 1827 4381 ψευδῆ
1854 4316 1948 4366 καὶ

378 4403 729 4473 δαιμονιώδη.

449 4605 585 4672 Φησὶ
623 4605 998 4676 προφητεῦσαι
1045 4605 1253 4675 Ἰησοῦν
1278 4606 1368 4658 τὸν
1398 4606 1528 4658 Υίδν
1575 4607 1794 4676 Μαρίας
1828 4607 1953 4675 περὶ

382 4695 600 4757 ἑαυτοῦ,
631 4696 891 4748 εἰπόνταν
937 4716 953 4748 ι
1004 4697 1146 4765 Ἐγὼ
1197 4698 1496 4760 ἀπόστολός
1545 4697 1661 4765 εἰμι
1694 4697 1788 4748 τοῦ
1816 4697 1952 4749 Θεοῦ

385 4787 524 4855 πρὸς
550 4787 716 4855 ὑμᾶς,
755 4785 1101 4852 ἀληθοποιῶν
1149 4788 1219 4839 τὰ
1253 4788 1566 4856 ἔμπροσθέν
1602 4805 1701 4857 μου
1751 4785 1820 4839 τὰ
1857 4786 1951 4838 τοῦ

380 4879 568 4946 νόμου,
627 4879 719 4930 καὶ
769 4878 1261 4946 εὐαγγελιζόμενος
1298 4878 1601 4931 ἀπόστολον
1653 4879 1952 4948 ἐρχόμενον

384 4972 500 5042 μετ’
533 4973 633 5040 ὲμέ
662 4987 675 5000 ·
705 4971 878 5040 ὄνομα
921 4970 1071 5040 αὐτῷ
1121 4971 1388 5039 λὶωάμεο.
1421 4992 1440 5023 ο
1475 4971 1589 5024 Καὶ
1639 4971 1743 5024 ποῦ
1783 4973 1945 5024 τοῦτο

381 5065 793 5134 προεφήτευσεν
832 5067 859 5116 ὁ
895 5063 1153 5132 Χριστὸς,
1185 5063 1218 5132 ἢ
1267 5065 1325 5114 ὲν
1371 5064 1502 5134 ποίᾳ
1540 5066 1728 5134 γραφῇ
1760 5082 1773 5125 ;
1809 5064 1953 5116 Πάν-

381 5175 488 5219 τως
513 5157 621 5228 γάρ
646 5157 772 5218 τοὺς
801 5155 892 5207 τοῦ
927 5155 1168 5223 Χριστοῦ
1217 5154 1430 5218 λόγους,
1471 5157 1791 5224 ὁπηδήποτε
1847 5171 1957 5207 κει.

389 5252 602 5319 μένους,
663 5252 745 5310 εἰς
800 5248 1086 5317 ἀκρίῦειαν
1141 5246 1459 5299 ἐπίστασθε.
1515 5251 1722 5314 Ἤγουν
1779 5247 1953 5311 δειξά-

385 5359 558 5394 τωσαν
581 5341 631 5392 οἱ
659 5339 754 5392 τοῦ
785 5341 1033 5409 Μωάμεο
1090 5340 1332 5409 μαθηταὶ¹
1382 5343 1782 5411 γεγραμμένην
1848 5357 1951 5393 που

384 5431 492 5483 τῶν
513 5431 885 5483 θεοπνεύστων
936 5429 1165 5498 Γραφῶν
1220 5429 1431 5498 ταύτην
1510 5430 1608 5500 τὴν
1680 5432 1808 5498 περὶ
1857 5429 1952 5481 τοῦ

385 5523 630 5593 Μωάμεθ
678 5522 1027 5592 πρόρρησιν·
1079 5522 1112 5592 ἢ
1172 5521 1362 5589 σαφῶς
1420 5525 1655 5574 ἴστωσαν
1705 5522 1786 5574 δτι
1859 5522 1954 5573 καὶ

384 5615 542 5667 τοῦτο
567 5613 785 5683 ψεῦδος,
831 5613 1020 5684 ὥσπερ
1047 5613 1112 5683 δὴ
1143 5615 1237 5668 καὶ
1263 5615 1431 5668 τᾶλλα
1472 5614 1580 5667 τῶν
1609 5613 1954 5684 διδαγμάτων

387 5723 575 5759 αυτου.

464 5799 567 5861 κζ’.
596 5799 665 5851 Τὸ
685 5801 978 5853 ἑκατοστὸν
1011 5799 1312 5854 δωδέκατον
1351 5798 1619 5868 μυθάριον
1652 5799 1951 5868 ἐπιγέγρα·

2063 3295 2143 3337 tra
2171 3286 2464 3338 daemonem
2492 3284 2837 3345 emittuntur,
2867 3283 2962 3336 sed
2997 3278 3412 3336 scintillationes
3439 3292 3466 3329 a
3494 3273 3627 3329 stel-

2059 3375 2128 3430 lis
2152 3375 2387 3430 emissae.
2425 3375 2856 3444 Unumquodque
2884 3373 3027 3428 enim
3079 3381 3288 3425 astrum
3340 3367 3478 3436 ignis
3522 3375 3626 3430 est,

2059 3475 2113 3521 et
2141 3481 2238 3535 pro
2267 3477 2461 3520 natura
2491 3468 2628 3536 ignis
2657 3467 2921 3521 scintillas
2944 3463 3161 3517 emittit.
3587 3460 3596 3466 “

2132 3584 2328 3636 lterum
2391 3581 2603 3632 tandem
2670 3581 3043 3632 auctoritatem
3102 3588 3156 3631 et
3203 3577 3361 3630 ﬁdem
3415 3576 3516 3629 sibi
3571 3591 3627 3624 a-

2062 3683 2273 3726 struere
2319 3670 2532 3732 nititur,
2563 3683 2683 3721 cum
2733 3668 3022 3722 introducit
3047 3668 3211 3720 Deum
3250 3665 3626 3720 testiﬁcantem

2061 3767 2124 3818 de
2155 3763 2356 3831 seipse,
2406 3762 2789 3830 jurantemque
2841 3773 2906 3812 ac
2956 3757 3224 3810 dicentem
3267 3773 3279 3808 :
3325 3774 3342 3806 ι
3385 3754 3479 3808 Nae
3525 3769 3620 3822 per

2059 3865 2264 3908 astrum
2320 3854 2460 3920 quod
2527 3851 2745 3916 occidit,
2783 3850 2967 3904 socius
3024 3861 3206 3903 vester
3277 3863 3380 3902 non
3437 3855 3518 3901 est
3574 3847 3625 3899 in

2060 3960 2297 3999 errorem
2332 3943 2586 3997 inductus
2616 3935 2662 4006 ;’
2698 3957 2873 4010 neque
2916 3941 3103 4009 inique
3132 3943 3260 4010 egit,
3307 3955 3480 4007 neque
3534 3953 3630 4006 pro

2062 4053 2162 4091 suo
2210 4039 2472 4090 arbitratu
2523 4036 2734 4088 locutus
2760 4043 2844 4088 est
2874 4050 2888 4098 ;
2919 4047 3090 4101 neque
3123 4043 3207 4085 est
3242 4031 3484 4084 doctrina
3512 4030 3629 4097 ejus

2065 4133 2206 4185 aliud
2237 4145 2397 4199 quam
2433 4127 2688 4181 reVelatio
2725 4126 2829 4194 ipsi
2871 4125 3106 4179 revelata
3137 4141 3152 4188 ;
3183 4138 3344 4191 quam
3391 4121 3629 4176 ostendit

2064 4225 2111 4278 ei
2144 4223 2301 4276 fortis
2335 4221 2422 4274 ille
2459 4217 2668 4273 viribus
2699 4227 2752 4272 et
2785 4215 3090 4270 invisibilis.
3123 4232 3142 4265 ι
3191 4213 3295 4268 Sed
3345 4222 3404 4267 ut
3465 4212 3630 4266 Deum

2061 4316 2250 4381 jurare
2295 4327 2388 4380 per
2451 4310 2688 4375 stellam,
2749 4317 2832 4362 est
2895 4305 3256 4369 mendacium,
3331 4305 3411 4357 sic
3467 4303 3628 4355 etiam

2066 4415 2403 4472 quaecunque
2458 4399 2726 4466 patefacta
2775 4406 2900 4453 sunt
2932 4395 3252 4459 Moametho,
3314 4391 3446 4447 falsa
3507 4404 3632 4447 sunt

1978 4521 2031 4580 Β
2066 4504 2120 4549 et
2154 4494 2442 4547 diabolica.

2136 4607 2344 4671 Tradit,
2377 4605 2563 4660 Jesum
2603 4604 2784 4659 Maria
2850 4603 3050 4657 Filium
3109 4603 3423 4674 praedixisse
3464 4602 3530 4654 de
3577 4613 3636 4654 se

2064 4699 2148 4754 his
2189 4700 2370 4754 verbis
2413 4715 2427 4752 :
2469 4716 2488 4748 ‹
2537 4696 2648 4767 Ego
2713 4713 2832 4751 sum
2884 4695 2977 4751 Dei
3030 4696 3310 4763 apostolus
3352 4703 3478 4746 ante
3516 4705 3633 4754 vos,

2065 4793 2292 4862 implens
2319 4807 2380 4846 ea
2407 4806 2526 4860 quae
2596 4799 2724 4845 ante
2769 4804 2853 4843 me
2877 4790 2930 4840 in
2992 4788 3107 4856 lege
3156 4786 3411 4854 praedicta
3465 4787 3633 4841 fuere.

2062 4887 2129 4941 Et
2167 4885 2433 4939 annuntio
2475 4882 2632 4934 vobis
2661 4879 2967 4949 apostolum
3025 4887 3312 4932 venturum
3353 4886 3474 4946 post
3523 4894 3633 4938 me,

2063 4978 2150 5032 cui
2187 4990 2384 5031 nomen
2416 4971 2710 5025 Moametl‘t.
2769 4989 2796 5017 ν
2843 4968 3074 5024 Ubinam
3129 4982 3257 5022 vero
3319 4970 3421 5023 hoc
3477 4967 3634 5022 Chri-

2062 5077 2178 5122 stus
2219 5063 2514 5135 praedixit?
2563 5070 2656 5115 aut
2685 5061 2737 5115 in
2766 5074 3000 5130 quanam
3044 5061 3361 5129 scriptura?
3397 5058 3629 5115 Omnino

2061 5162 2202 5217 enim
2276 5159 2474 5216 Christi
2528 5157 2768 5221 oracula,
2829 5157 3139 5228 ubicunque
3201 5157 3417 5210 tandem
3506 5131 3683 5211 sunt.

2062 5254 2289 5321 scripta,
2350 5259 2602 5305 accurate
2661 5253 2873 5304 tenetis.
2947 5251 3051 5303 Aut
3142 5250 3302 5318 igitur
3385 5247 3630 5318 discipuli

2063 5344 2327 5400 Moamedi
2369 5346 2747 5398 demonstrent
2779 5343 2920 5396 hanc
2948 5342 3012 5395 de
3066 5341 3378 5395 Moametho
3405 5341 3630 5409 praedic-

2064 5438 2260 5492 tionem
2324 5435 2376 5488 in
2439 5433 2616 5504 aliqua
2670 5443 2823 5502 parte
2900 5431 3157 5485 divinitus
3235 5431 3627 5499 inspiratarum

2064 5528 2469 5598 Scripturarum
2498 5527 2851 5594 perscriptam
2898 5537 3022 5577 esse
3057 5537 3070 5572 :
3101 5531 3192 5574 aut
3228 5522 3431 5590 liquido
3455 5520 3631 5574 sciant

2061 5635 2180 5675 esse
2206 5620 2374 5674 etiam
2423 5619 2527 5673 hoc
2587 5616 2950 5681 mendacium,
3007 5613 3462 5684 quemadmodum
3523 5613 3625 5664 alia

2062 5711 2232 5778 ipsius
2267 5710 2542 5778 dogmata.

2129 5802 2220 5856 27.
2258 5802 2563 5858 Centesima
2597 5797 2914 5855 duodecima
2970 5796 3161 5853 fabella
3221 5796 3626 5863 inscriptionem
