4020 6284
317 449 459 516 1361
1519 448 1897 509 PANOI‘LIA
1942 425 2399 506 DOGMATICA.
3439 446 3580 510 1362

646 627 792 687 limo
829 626 887 686 in
926 626 1046 686 ﬁne
1087 622 1382 685 editionis
1413 620 1940 700 Tergobyslensis
1974 617 2264 697 leguntur
2296 640 2312 678 :

1218 795 1401 864 Ἀλγεῐ
1434 793 1691 860 ἀλάστωρ
1720 793 2107 871 αἱρετιζόντων
2145 789 2360 860 βλέπων

1215 889 1382 958 ἰ’ῡπῳ
1416 889 1669 953 δοθείσας
1696 889 1798 950 τὰς
1836 887 2081 959 πονηρὰς
2113 886 2355 956 αἱρέσεις

1211 981 1381 1034 Αὐτοῦ
1405 997 1462 1032 τε
1496 981 1712 1034 καὺτῶν
1747 981 1883 1050 πρὸς
1920 978 2188 1048 θρίαμϐον
2215 979 2309 1032 καὶ
2343 975 2561 1045 στὺγος,

1211 1073 1672 1144 Κατατρεχούσης
1703 1075 1872 1129 τῶνδε
1908 1074 2011 1144 τῆς
2034 1072 2345 1132 Πανοπλίας

1212 1169 1321 1234 Τῆς
1345 1167 1684 1236 δογματικῆς
1713 1169 1944 1238 πυρίνου
1979 1165 2195 1234 σπάθης
2225 1166 2383 1236 δίκην

1222 1261 1460 1327 ’Δλεξίου
1497 1263 1733 1326 ἄνακτος
1757 1261 2178 1325 εὐσεϐεστάτου,

1205 1355 1316 1408 Καὶ
1351 1353 1735 1427 πυρπολούσης
1761 1355 2049 1424 δογμάτων
2078 1353 2189 1407 τῶν
2209 1351 2449 1406 δυσοέων

1218 1450 1399 1502 "Anam
1434 1449 1634 1518 νόημα,
1677 1451 1770 1501 καὶ
1799 1448 2012 1518 πλάνην
2046 1447 2381 1502 λαοπλάνων.

1217 1545 1281 1594 "A
1317 1542 1423 1612 γάρ
1455 1541 1686 1612 Τριάδος
1713 1542 1761 1594 οί
1798 1542 2107 1612 ὑπέρμαχοι
2139 1542 2308 1611 πόνῳ,

1213 1635 1305 1697 EE;
1338 1634 1435 1705 τὴν
1473 1635 1678 1706 Τριάδα
1710 1635 2032 1698 ἐλπίσαντες
2062 1635 2330 1698 ἐκτόπως,

1225 1731 1648 1800 Ἐξειργάσαντο
1679 1731 2000 1801 Πνεύματος
2024 1732 2303 1803 δᾳδουχίᾳ,

1214 1825 1485 1894 Κράντωρ
1517 1828 1544 1877 ὁ
1580 1825 1724 1889 θεῖος
1750 1825 1923 1878 ταῦτα
1957 1825 2222 1890 συλλέξας
2254 1825 2425 1897 πόθῳ,

1201 1917 1312 1968 Καὶ
1340 1916 1405 1986 δὴ
1435 1917 1751 1986 προτρέψας
1788 1918 2077 1988 Ζιγαδηνῷ
2109 1918 2374 1986 ἁρμόσαι,

1182 2001 1293 2060 Ἦν
1321 2009 1694 2078 Μητροφάνης
1720 2008 1815 2062 νῦν
1846 2008 2002 2079 τύπῳ
2030 2010 2310 2078 διορθόων,

1188 2100 1382 2171 Χαίρει
1420 2117 1480 2154 τε
1515 2100 1673 2170 θυμῷ
1701 2100 1842 2170 φθὰς
1874 2100 1935 2154 τὸ
1965 2100 2066 2171 τῆς
2094 2101 2280 2173 βίϐλου
2313 2102 2488 2165 τέλος.

1115 2259 1204 2314 Ἐν
1233 2258 1344 2312 ἔτει
1375 2255 1717 2326 Σωτηριώδει
1743 2255 1890 2324 ,αψι’,
1934 2256 2369 2326 Σκιροφοριῶνος
2403 2255 2449 2326 β’
2483 2255 2762 2327 μεσοῦντοτ

1295 2421 1355 2477 '0
1390 2421 1674 2492 ἐλάχιστος
1699 2420 1809 2474 τῶν
1843 2422 2218 2492 ίερομόνάχων
2241 2420 2616 2494 Μητροφάνης

1585 2519 1874 2590 Γρηγορᾶς
1901 2519 1929 2572 ὁ
1955 2521 2020 2574 ὲκ
2049 2519 2336 2592 Δωδώνης.
