4068 6452
519 841 1675 1014 [SIDORUS
1815 841 3268 1014 MERCATOR.

1292 1363 2499 1489 PROLEGOMENA.

784 1799 1669 1922 HBNBIGI
1803 1801 3014 1924 DENZINGER

939 2054 999 2096 1N
1046 2053 1500 2098 UNIVERSITATE
1543 2051 1990 2100 HEBBIPOLENSI
2036 2051 2403 2098 THEOLOGIIE
2446 2053 2855 2098 PROFESSOBIS

1123 2232 1644 2343 ECLOGE
1749 2232 1912 2342 ET
2015 2230 2675 2340 EPICRISIS

377 2459 630 2524 Eorum
670 2478 816 2542 quae
846 2479 888 2524 α
929 2462 1388 2526 recentioribus
1417 2463 1656 2526 criticis
1695 2463 1774 2525 de
1817 2459 2450 2526 Pseudoisidorianis
2491 2460 2930 2524 Decretalibus
2959 2468 3204 2524 statuta
3237 2471 3407 2525 sunt.

283 2857 334 2909 1.
369 2855 507 2910 Mira
537 2859 686 2911 sorte
713 2859 921 2912 nostris
951 2859 1104 2914 hisce
1128 2857 1478 2928 temporibus
1508 2863 1700 2913 actum
1727 2863 1829 2926 est,
1865 2861 1926 2911 ut
1951 2857 1993 2910 ii
2018 2855 2126 2926 ipsi
2165 2854 2264 2925 qui
2295 2853 2610 2925 quondam,
2647 2859 2706 2907 ut
2735 2855 3008 2909 Romanae
3045 2853 3195 2908 sedis
3239 2855 3571 2926 praerogati-

213 2957 304 2995 vas
327 2942 694 3014 impeterent,
723 2963 938 3002 merces
963 2947 1528 3004 Pseudoisidorianas
1554 2946 1891 3018 pontificum
1927 2943 2113 3000 fraudi
2136 2943 2484 3008 tribuebant,
2509 2944 2679 2998 modo
2709 2959 2830 3015 prae
2863 2943 3132 2997 omnibus
3162 2943 3378 2997 felicius
3405 2945 3577 3015 atque

212 3031 478 3086 subtilius
508 3035 828 3103 genuinum
847 3036 1124 3106 ejusmodi
1150 3035 1518 3090 decretalium
1549 3039 1740 3089 ortum
1765 3033 2155 3104 indigitarent.
2185 3033 2613 3102 Verumtamen,
2639 3038 2700 3086 ut
2727 3033 3040 3103 plurimum
3064 3049 3130 3086 eo
3151 3050 3266 3087 non
3293 3039 3426 3088 sunt
3448 3050 3579 3105 p-ro-

217 3121 412 3189 gressi,
451 3127 512 3176 ut
540 3123 829 3179 Romanos
857 3126 1152 3196 pontiﬁces
1177 3124 1370 3180 fraudi
1391 3126 1514 3195 jam
1541 3142 1574 3178 a
1601 3123 1794 3178 multis
1827 3126 2070 3194 receptae
2101 3139 2218 3177 non
2245 3121 2469 3193 favisse,
2491 3126 2548 3177 et
2573 3123 2850 3177 Romana:
2879 3124 3029 3178 sedis
3059 3123 3350 3196 privilegia
3370 3125 3577 3180 exinde

217 3211 342 3279 plus
373 3229 539 3282 azquo
567 3229 684 3267 non
714 3214 1015 3284 profecisse
1055 3217 1362 3270 fateantur.
1393 3214 1659 3277 Quinimo
1690 3231 1776 3268 res
1803 3214 1938 3268 satis
1968 3213 2218 3283 implexa
2247 3211 2556 3282 nequidem
2591 3212 2886 3267 catholicis
2932 3213 3198 3268 omnibus
3231 3213 3308 3268 ita
3331 3213 3581 3286 eliquata

220 3305 316 3368 est,
345 3303 413 3354 ut
440 3300 698 3371 aliquam
727 3303 929 3358 saltem
970 3303 1288 3374 disciplinae
1320 3303 1706 3357 ecclesiasticae
1751 3305 2128 3357 mutationem
2177 3301 2329 3356 hisce
2365 3301 2742 3357 decretalibus
2781 3303 3074 3359 inductam
3115 3305 3306 3374 fuisse,
3331 3321 3448 3360 non
3479 3306 3577 3360 ad-

219 3387 466 3442 mittant.
501 3390 638 3444 Hinc
667 3407 789 3459 nos,
821 3395 881 3444 ut
907 3391 1235 3448 inveteratis
1268 3391 1590 3446 istiusmodi
1620 3391 1962 3462 prarjudiciis
1989 3408 2096 3464 pro
2122 3407 2284 3462 posse
2311 3390 2486 3444 finem
2515 3390 2898 3462 imponamus,
2929 3393 3163 3448 edendis
3191 3394 3582 3450 Decretalibus

221 3478 538 3546 prteludere
565 3480 887 3548 statuimus,
916 3498 982 3535 ea
1011 3499 1137 3553 quae
1165 3499 1198 3535 a
1225 3481 1638 3536 recentioribus
1670 3481 1879 3536 criticis
1921 3482 2187 3552 praeclare
2215 3487 2336 3536 acta
2364 3484 2516 3548 sunt,
2549 3481 2902 3553 colligentes,
2939 3499 3003 3537 ea
3031 3499 3160 3555 quae
3195 3484 3385 3539 minus
3414 3484 3581 3539 nobis

219 3567 556 3636 probantur,
587 3585 730 3623 novo
762 3569 1012 3624 examini
1044 3570 1428 3642 subjicientes.
1461 3571 1589 3625 Tria
1617 3571 1796 3642 igitur
1825 3574 1996 3626 erunt
2021 3571 2090 3626 de
2114 3571 2318 3642 quibus
2345 3569 2507 3624 nobis
2535 3570 2944 3642 inquirendum
2973 3572 3083 3626 erit
3107 3572 3357 3628 breviter
3391 3589 3403 3628 :

227 3717 278 3767 l°
321 3716 439 3778 Ubi,
469 3717 690 3786 quando
717 3723 767 3773 et
790 3734 894 3788 quo
919 3723 1258 3789 potissimum
1283 3723 1388 3790 ﬁne
1417 3722 1669 3788 confectae
1697 3723 1908 3788 fuerint
1932 3719 2229 3773 Dccretales
2261 3717 2820 3780 Pseudoisidoriana’;

219 3805 278 3856 2°
323 3808 510 3860 Utrum
537 3807 734 3873 fraudi
748 3807 866 3876 jam
889 3813 1024 3863 actae
1047 3811 1278 3864 Romani
1300 3811 1452 3864 illius
1487 3814 1736 3881 temporis
1759 3812 2038 3881 pontiﬁces
2067 3809 2342 3876 fauerint;

223 3895 278 3946 3°
324 3899 532 3958 Utrum,
559 3899 610 3950 si
647 3897 956 3953 nullatenus
1001 3901 1060 3953 in
1099 3905 1314 3970 partem
1354 3902 1575 3968 fraudis
1617 3905 1860 3957 vene-rint
1897 3899 2196 3969 pontiﬁces,
2237 3897 2428 3952 saltem
2475 3896 2666 3951 eadem
2708 3899 2841 3966 ipsae
2889 3899 3188 3953 Decretales
3239 3901 3305 3954 iis
3353 3915 3474 3968 quze
3518 3899 3581 3954 (1η

393 3988 666 4056 pontificis
691 3991 1011 4044 auctoritate
1037 3990 1228 4045 docent
1253 3993 1378 4046 novi
1407 3992 1694 4061 quidpiam
1719 3991 2062 4046 indumerint.

1855 4207 1960 4278 ξι.

295 4375 344 4426 2.
383 4371 718 4444 Multiplices
743 4373 1124 4430 recentiorum
1159 4375 1227 4431 de
1266 4374 1816 4431 Pseudoisidorianap
1850 4375 2194 4431 collectionis
2236 4377 2364 4430 ortu
2397 4375 2695 4446 opiniones
2729 4375 2785 4430 in
2821 4377 2932 4429 tres
2979 4373 3344 4446 potissimum
3377 4375 3584 4430 classes

229 4461 476 4516 dividere
508 4461 684 4517 lubet.

295 4552 480 4606 Prima
511 4551 584 4606 sit
613 4570 836 4624 eorum,
867 4557 964 4628 qui
987 4559 1284 4630 pauciores
1313 4577 1551 4616 numero
1582 4563 1638 4614 et
1666 4560 1828 4632 quasi
1861 4559 1930 4614 ab
1962 4557 2228 4613 omnibus
2259 4555 2529 4622 derelicti,
2559 4555 2881 4610 Decretales
2907 4555 3102 4609 Romae
3133 4553 3411 4626 augendzr
3439 4572 3582 4626 pon—

227 4639 404 4696 tificize
425 4644 690 4712 potestati
716 4647 1006 4702 confectas
1027 4653 1348 4704 autumant.
1376 4651 1470 4704 His
1493 4651 1958 4704 annumerandus
1979 4652 2062 4702 est
2077 4645 2306 4701 infausti
2331 4643 2582 4700 nominis
2607 4643 2914 4699 catholicus
2934 4644 3215 4699 Antonius
3240 4644 3489 4698 Theiner
3514 4647 3580 4714 (1)

229 4733 284 4782 et
311 4731 372 4784 Η.
403 4731 465 4785 Ε.
497 4731 784 4788 Eichhorn
816 4735 907 4807 (2).
942 4735 1049 4800 Qui
1079 4745 1271 4794 tamen
1303 4739 1543 4807 addunt,
1575 4740 1893 4794 Decretales
1927 4739 2122 4793 Romae
2164 4735 2370 4790 saeculo
2398 4749 2492 4787 vm
2519 4737 2668 4788 ortas
2699 4737 2756 4788 et
2792 4751 2824 4787 a
2851 4733 3065 4789 Franco
3095 4733 3348 4805 quodam
3381 4733 3581 4787 clerico

227 4821 428 4874 saeculo
461 4837 518 4876 ιι
555 4821 870 4893 mediante,
901 4831 1093 4881 auctas
1121 4827 1314 4884 fuisse.

293 4909 398 4964 Alii
423 4911 514 4964 vix
547 4927 661 4965 non
691 4912 998 4969 innocuum
1025 4917 1258 4972 omnino
1285 4919 1788 4974 Pseudoisidorum
1815 4919 1977 4974 illum
2002 4920 2275 4983 statuunt,
2307 4913 2457 4968 inter
2481 4928 2622 4984 quos
2651 4911 2985 4966 nominandi
3016 4916 3148 4966 sunt
3172 4914 3235 4965 A.
3269 4912 3479 4968 Walter
3510 4913 3578 4984 (3)

230 5001 282 5051 et
307 5000 570 5054 Rosshirt
601 4999 692 5072 (4),
719 5001 815 5056 ille
855 5004 1088 5075 Bonnae,
1119 5007 1510 5082 Heidelbergaa
1549 5011 1639 5065 hic
1679 5011 1977 5082 professor.
2008 5007 2212 5062 Censet
2236 5003 2450 5057 Walter
2476 5007 2768 5057 auctorem
2811 5005 3091 5068 nostrum,
3126 5016 3298 5071 quem
3339 5003 3578 5059 Benedi-

231 5090 382 5142 ctum
412 5088 669 5144 Levitam
693 5092 1055 5148 collectorem
1084 5096 1705 5170 Pseudocapitularium
1733 5099 1906 5154 fuisse
1937 5094 2273 5167 suspicatur,
2304 5092 2536 5147 nonnisi
2564 5091 2958 5146 collectionem
2990 5107 3276 5145 canonum
3301 5092 3583 5164 integram

231 5175 486 5232 Ecclesia:
518 5178 878 5250 disciplinam
907 5183 1386 5256 complectentem
1415 5188 1725 5244 intendisse
1753 5193 1810 5243 et
1840 5188 1900 5243 in
1930 5204 1995 5241 ea
2023 5184 2274 5240 maxime
2317 5183 2608 5251 institisse,
2637 5197 2763 5252 quae
2791 5183 2927 5234 tunc
2964 5181 3238 5252 temporis
3263 5182 3450 5253 magis
3477 5200 3580 5238 ne-

229 5269 612 5340 gligebantur.
643 5271 801 5328 Idem
827 5275 948 5330 fere
977 5277 1254 5346 Bosshirt,
1287 5277 1384 5350 qui
1415 5295 1484 5333 ex
1513 5279 1705 5334 codice
1747 5274 2160 5347 Bambergensi
2201 5290 2234 5327 a
2274 5289 2332 5327 se
2379 5273 2598 5328 detecto
2643 5285 2701 5324 se
2739 5269 2952 5323 eruisse
2993 5275 3178 5340 putat,
3209 5271 3581 5328 Mercatorem

227 5362 482 5416 nostrum
509 5361 666 5433 prius
692 5363 946 5418 confecta
973 5369 1034 5419 ut
1057 5367 1372 5436 plurimum
1403 5369 1723 5440 apocrypha
1751 5367 2078 5425 adhibuisse
2104 5381 2233 5438 qua:
2264 5365 2474 5420 Graece
2497 5358 2864 5434 potissimum
2899 5359 3138 5430 originis
3164 5359 3338 5416 fuisse
3369 5368 3579 5436 censet,

265 5565 362 5648 '(l)
414 5565 646 5622 Antonii
669 5567 1178 5648 _Theiner,_quem
1201 5591 1260 5648 _a_
1283 5573 1484 5648 _fratre
1536 5577 1853 5648 Augustino
2026 5576 2096 5648 (3)
2130 5576 2359 5648 Walter,
2389 5569 2822 5648 Kircbenrecht,
2857 5567 3114 5648 lO._A_ufl.
3147 5569 3178 5640 §
3206 5571 3293 5648 73.

265 5576 362 5644 '(I)
414 5576 646 5622 Antonii
693 5576 956 5638 'l‘neiner,
1005 5585 1178 5642 quem
1226 5591 1260 5629 a
1307 5576 1484 5631 fratre
1536 5577 1853 5648 Augustino
2048 5580 2077 5633 3
2130 5576 2359 5640 Walter,
2389 5576 2822 5638 Kirchenrecht,
2857 5576 2940 5624 10.
2967 5576 3114 5624 Auﬂ.
3147 5576 3178 5640 §
3206 5576 3293 5623 79.

230 5631 540 5718 distinguas
599 5639 804 5718 velim,
844 5642 914 5718 de
969 5644 1504 5718 Pseudoisidoriana
1567 5663 1852 5702 canonum
2026 5576 2100 5718 ili)
2130 5648 2190 5702 C.
2214 5647 2277 5718 Τ.
2311 5641 2598 5718 Rossbirt;
2633 5641 2900 5718 Von_den
2941 5640 3195 5718 falscben
3225 5641 3578 5718 Decretalen,

229 5707 572 5788 collectione.
603 5711 974 5788 Yratislaviaz,
1011 5717 1168 5788 1-827⁷
1955 5707 2301 5788 Voranzeige
2347 5707 2686 5788 [ieidelberg
2719 5712 2873 5788 1847.
2905 5717 2962 5767 et
2973 5729 3008 5788 _:
3040 5710 3264 5788 Zu‘den
3308 5707 3578 5788 K_irchenl

295 5779 362 5861 (2)
392 5780 858 5861 Abban'dlungen
897 5779 1282 5861 d_er_Berli_ner
1301 5788 1628 5844 Academie.
1659 5791 1848 5861 Jahrg.
1955 5779 2305 5861 reclitlichen
2343 5785 2583 5861 Quellen
2611 5779 2708 5861 dés
2735 5785 2925 5861 ersten
2973 5783 3471 5861 Fahrtausendsn.
3504 5786 3582 5840 Zu

227 5849 360 5932 183%
376 5854 446 5932 ‘et
477 5851 554 5932 .in
584 5849 872 5932 Savigny’s
901 5855 1446 5932 _Zeitseliriftiftirge,
1481 5849 1852 5916 scbichslicli’e
1954 5861 2064 5916 den
2127 5849 2724 5914 Pseudoisidorischen
2799 5853 3159 5922 Decretalen,
3224 5853 3580 5927 Heidelberg,

227 5915 833 5992 Rechtswissensclfafs,
901 5927 1000 5981 Bd.
1071 5929 1136 5984 1x
1200 5915 1452 6000 Heftull',
1511 5915 1591 6003 p;
1633 5915 1854 5987 “eet
1958 5915 2111 5987 1849.

229 6003 375 6046 εθσσ.

283 6005 375 6063 Ἦ.
624 6091 899 6157 ΡΑΤιιοι.
949 6095 1175 6164 CXXX.
1763 6133 1889 6235 ,1,-

1763 6131 2298 6235 1233‘79
3148 6113 3188 6156 α

1879 6167 2050 6234 ἑός
