  <div class='ocr_page' id='page_1' title='image "/cluster/home/n/w/nwhite01/storage/ocr_20150623/130/umn.319510024774230/013.png"; bbox 0 0 4068 6172; ppageno 0'>
   <div class='ocr_carea' id='block_1_1' title="bbox 505 239 2994 304">
    <p class='ocr_par' dir='ltr' id='par_1_1' title="bbox 505 239 2994 304">
     <span class='ocr_line' id='line_1_1' title="bbox 505 239 2994 304; baseline -0 -1"><span class='ocrx_word' id='word_1_1' title='bbox 505 256 560 304; x_wconf 67' lang='grc' dir='ltr'><strong>γι</strong></span> <span class='ocrx_word' id='word_1_2' title='bbox 1388 239 1672 301; x_wconf 80' lang='grc' dir='ltr'><strong>ΑΡΡΕΝΙ).</strong></span> <span class='ocrx_word' id='word_1_3' title='bbox 1716 243 1804 300; x_wconf 85' lang='grc' dir='ltr'><strong>ΑΙ)</strong></span> <span class='ocrx_word' id='word_1_4' title='bbox 1840 244 1999 300; x_wconf 69' lang='grc' dir='ltr'><strong>ΒΕΟ.</strong></span> <span class='ocrx_word' id='word_1_5' title='bbox 2042 242 2128 298; x_wconf 82' lang='grc' dir='ltr'><strong>ΙΧ.</strong></span> <span class='ocrx_word' id='word_1_6' title='bbox 2163 273 2230 282; x_wconf 95' lang='grc'><strong>-</strong></span> <span class='ocrx_word' id='word_1_7' title='bbox 2272 240 2577 301; x_wconf 83' lang='lat' dir='ltr'><strong>ISIDORUS</strong></span> <span class='ocrx_word' id='word_1_8' title='bbox 2614 241 2994 304; x_wconf 81' lang='lat' dir='ltr'><strong>MERCATOR.</strong></span> 
     </span>
    </p>
   </div>
   <div class='ocr_carea' id='block_1_2' title="bbox 506 366 3872 446">
    <p class='ocr_par' dir='ltr' id='par_1_2' title="bbox 506 366 3872 446">
     <span class='ocr_line' id='line_1_2' title="bbox 506 366 3872 446; baseline -0.001 -17"><span class='ocrx_word' id='word_1_9' title='bbox 506 389 692 446; x_wconf 91' lang='lat' dir='ltr'><strong>neque</strong></span> <span class='ocrx_word' id='word_1_10' title='bbox 711 377 847 429; x_wconf 91' lang='lat' dir='ltr'><strong>tunc</strong></span> <span class='ocrx_word' id='word_1_11' title='bbox 865 371 1140 445; x_wconf 88' lang='lat' dir='ltr'><strong>temporis</strong></span> <span class='ocrx_word' id='word_1_12' title='bbox 1169 372 1228 427; x_wconf 91' lang='lat' dir='ltr'>id</span> <span class='ocrx_word' id='word_1_13' title='bbox 1254 389 1359 445; x_wconf 91' lang='lat' dir='ltr'><strong>pro</strong></span> <span class='ocrx_word' id='word_1_14' title='bbox 1383 372 1585 427; x_wconf 84' lang='lat' dir='ltr'><strong>fraude</strong></span> <span class='ocrx_word' id='word_1_15' title='bbox 1608 371 1866 426; x_wconf 90' lang='lat' dir='ltr'><strong>habitum</strong></span> <span class='ocrx_word' id='word_1_16' title='bbox 1896 370 2182 442; x_wconf 86' lang='lat' dir='ltr'><strong>ejusmodi</strong></span> <span class='ocrx_word' id='word_1_17' title='bbox 2205 371 2572 441; x_wconf 91' lang='lat' dir='ltr'><strong>documenta,</strong></span> <span class='ocrx_word' id='word_1_18' title='bbox 2593 388 2721 444; x_wconf 82' lang='lat' dir='ltr'><strong>quae</strong></span> <span class='ocrx_word' id='word_1_19' title='bbox 2748 372 3011 444; x_wconf 85' lang='lat' dir='ltr'><strong>personis</strong></span> <span class='ocrx_word' id='word_1_20' title='bbox 3041 376 3099 428; x_wconf 90' lang='lat' dir='ltr'><strong>et</strong></span> <span class='ocrx_word' id='word_1_21' title='bbox 3121 372 3291 427; x_wconf 87' lang='lat' dir='ltr'><strong>rebus</strong></span> <span class='ocrx_word' id='word_1_22' title='bbox 3321 371 3712 439; x_wconf 85' lang='lat' dir='ltr'><strong>convenirent,</strong></span> <span class='ocrx_word' id='word_1_23' title='bbox 3736 366 3872 426; x_wconf 87' lang='lat' dir='ltr'><strong>deﬁ-</strong></span> 
     </span>
    </p>
   </div>
   <div class='ocr_carea' id='block_1_3' title="bbox 508 463 1495 535">
    <p class='ocr_par' dir='ltr' id='par_1_3' title="bbox 508 463 1495 535">
     <span class='ocr_line' id='line_1_3' title="bbox 508 463 1495 535; baseline -0.001 -17"><span class='ocrx_word' id='word_1_24' title='bbox 508 463 790 520; x_wconf 82' lang='lat' dir='ltr'><strong>cientibus</strong></span> <span class='ocrx_word' id='word_1_25' title='bbox 819 463 1103 535; x_wconf 79' lang='lat' dir='ltr'><strong>genuinis,</strong></span> <span class='ocrx_word' id='word_1_26' title='bbox 1119 465 1495 535; x_wconf 85' lang='lat' dir='ltr'><strong>&#39;componere.</strong></span> 
     </span>
    </p>
   </div>
   <div class='ocr_carea' id='block_1_4' title="bbox 581 559 3869 637">
    <p class='ocr_par' dir='ltr' id='par_1_4' title="bbox 581 559 3869 637">
     <span class='ocr_line' id='line_1_4' title="bbox 581 559 3869 637; baseline 0 -23"><span class='ocrx_word' id='word_1_27' title='bbox 581 561 672 615; x_wconf 83' lang='lat' dir='ltr'><strong>His</strong></span> <span class='ocrx_word' id='word_1_28' title='bbox 704 561 1089 616; x_wconf 89' lang='lat' dir='ltr'><strong>accensendus</strong></span> <span class='ocrx_word' id='word_1_29' title='bbox 1119 564 1206 616; x_wconf 89' lang='lat' dir='ltr'><strong>est</strong></span> <span class='ocrx_word' id='word_1_30' title='bbox 1230 565 1289 615; x_wconf 93' lang='lat' dir='ltr'><strong>et</strong></span> <span class='ocrx_word' id='word_1_31' title='bbox 1313 560 1556 632; x_wconf 82' lang='lat' dir='ltr'><strong>inclytus</strong></span> <span class='ocrx_word' id='word_1_32' title='bbox 1580 562 1675 616; x_wconf 89' lang='lat' dir='ltr'><strong>ille</strong></span> <span class='ocrx_word' id='word_1_33' title='bbox 1720 561 1853 616; x_wconf 88' lang='lat' dir='ltr'><strong>ﬁdei</strong></span> <span class='ocrx_word' id='word_1_34' title='bbox 1897 565 2290 637; x_wconf 88' lang='lat' dir='ltr'><strong>propugnator</strong></span> <span class='ocrx_word' id='word_1_35' title='bbox 2320 561 2571 616; x_wconf 86' lang='lat' dir='ltr'><strong>Moehler</strong></span> <span class='ocrx_word' id='word_1_36' title='bbox 2598 562 2689 633; x_wconf 79' lang='grc'><strong>(5),</strong></span> <span class='ocrx_word' id='word_1_37' title='bbox 2720 561 2817 633; x_wconf 91' lang='lat' dir='ltr'><strong>qui</strong></span> <span class='ocrx_word' id='word_1_38' title='bbox 2848 562 3166 617; x_wconf 72' lang='lat' dir='ltr'><strong>Decretales</strong></span> <span class='ocrx_word' id='word_1_39' title='bbox 3208 559 3470 615; x_wconf 90' lang='lat' dir='ltr'><strong>fraudem</strong></span> <span class='ocrx_word' id='word_1_40' title='bbox 3508 559 3664 630; x_wconf 86' lang='lat' dir='ltr'><strong>piam</strong></span> <span class='ocrx_word' id='word_1_41' title='bbox 3697 559 3869 614; x_wconf 83' lang='lat' dir='ltr'><strong>fuisse</strong></span> 
     </span>
    </p>
   </div>
   <div class='ocr_carea' id='block_1_5' title="bbox 504 648 3866 722">
    <p class='ocr_par' dir='ltr' id='par_1_5' title="bbox 504 648 3866 722">
     <span class='ocr_line' id='line_1_5' title="bbox 504 648 3866 722; baseline -0.001 -17"><span class='ocrx_word' id='word_1_42' title='bbox 504 655 697 705; x_wconf 86' lang='lat' dir='ltr'><strong>censet</strong></span> <span class='ocrx_word' id='word_1_43' title='bbox 724 652 783 706; x_wconf 91' lang='lat' dir='ltr'><strong>in</strong></span> <span class='ocrx_word' id='word_1_44' title='bbox 808 652 1028 706; x_wconf 89' lang='lat' dir='ltr'><strong>bonum</strong></span> <span class='ocrx_word' id='word_1_45' title='bbox 1057 652 1332 707; x_wconf 79' lang='lat' dir='ltr'><strong>libertatis</strong></span> <span class='ocrx_word' id='word_1_46' title='bbox 1363 651 1755 706; x_wconf 68' lang='lat' dir='ltr'><strong>ecclesiasticae</strong></span> <span class='ocrx_word' id='word_1_47' title='bbox 1781 653 2093 722; x_wconf 78' lang='lat' dir='ltr'><strong>peractam.</strong></span> <span class='ocrx_word' id='word_1_48' title='bbox 2122 652 2263 706; x_wconf 91' lang='lat' dir='ltr'><strong>Cum</strong></span> <span class='ocrx_word' id='word_1_49' title='bbox 2294 651 2451 705; x_wconf 90' lang='lat' dir='ltr'><strong>enim</strong></span> <span class='ocrx_word' id='word_1_50' title='bbox 2477 651 2812 706; x_wconf 86' lang='lat' dir='ltr'><strong>tristissimis</strong></span> <span class='ocrx_word' id='word_1_51' title='bbox 2839 651 2951 705; x_wconf 88' lang='lat' dir='ltr'><strong>illis</strong></span> <span class='ocrx_word' id='word_1_52' title='bbox 2972 650 3330 721; x_wconf 74' lang='lat' dir='ltr'><strong>temporibus</strong></span> <span class='ocrx_word' id='word_1_53' title='bbox 3367 650 3620 703; x_wconf 90' lang='lat' dir='ltr'><strong>humana</strong></span> <span class='ocrx_word' id='word_1_54' title='bbox 3643 648 3866 703; x_wconf 82' lang='lat' dir='ltr'><strong>divina-</strong></span> 
     </span>
    </p>
   </div>
   <div class='ocr_carea' id='block_1_6' title="bbox 505 739 3865 812">
    <p class='ocr_par' dir='ltr' id='par_1_6' title="bbox 505 739 3865 812">
     <span class='ocr_line' id='line_1_6' title="bbox 505 739 3865 812; baseline -0 -19"><span class='ocrx_word' id='word_1_55' title='bbox 505 757 617 811; x_wconf 85' lang='lat' dir='ltr'><strong>que</strong></span> <span class='ocrx_word' id='word_1_56' title='bbox 645 741 841 796; x_wconf 82' lang='lat' dir='ltr'><strong>omnia</strong></span> <span class='ocrx_word' id='word_1_57' title='bbox 864 741 1364 811; x_wconf 89' lang='lat' dir='ltr'><strong>permiscerentur,</strong></span> <span class='ocrx_word' id='word_1_58' title='bbox 1384 746 1557 812; x_wconf 90' lang='lat' dir='ltr'><strong>atque</strong></span> <span class='ocrx_word' id='word_1_59' title='bbox 1579 741 1765 796; x_wconf 90' lang='lat' dir='ltr'><strong>omnis</strong></span> <span class='ocrx_word' id='word_1_60' title='bbox 1790 740 2091 796; x_wconf 85' lang='lat' dir='ltr'><strong>auctoritas</strong></span> <span class='ocrx_word' id='word_1_61' title='bbox 2119 741 2431 795; x_wconf 81' lang='lat' dir='ltr'><strong>viventium</strong></span> <span class='ocrx_word' id='word_1_62' title='bbox 2462 741 2818 812; x_wconf 82' lang='lat' dir='ltr'><strong>contemptui</strong></span> <span class='ocrx_word' id='word_1_63' title='bbox 2850 740 3178 807; x_wconf 85' lang='lat' dir='ltr'><strong>haberetur,</strong></span> <span class='ocrx_word' id='word_1_64' title='bbox 3203 739 3535 810; x_wconf 84' lang='lat' dir='ltr'><strong>produxisse</strong></span> <span class='ocrx_word' id='word_1_65' title='bbox 3572 743 3865 793; x_wconf 88' lang='lat' dir='ltr'><strong>auctorem</strong></span> 
     </span>
    </p>
   </div>
   <div class='ocr_carea' id='block_1_7' title="bbox 504 830 2328 903">
    <p class='ocr_par' dir='ltr' id='par_1_7' title="bbox 504 830 2328 903">
     <span class='ocr_line' id='line_1_7' title="bbox 504 830 2328 903; baseline 0 -19"><span class='ocrx_word' id='word_1_66' title='bbox 504 831 667 884; x_wconf 90' lang='lat' dir='ltr'><strong>illum</strong></span> <span class='ocrx_word' id='word_1_67' title='bbox 690 830 853 902; x_wconf 88' lang='lat' dir='ltr'><strong>quasi</strong></span> <span class='ocrx_word' id='word_1_68' title='bbox 886 830 1258 902; x_wconf 88' lang='lat' dir='ltr'><strong>obloquentes</strong></span> <span class='ocrx_word' id='word_1_69' title='bbox 1285 830 1623 886; x_wconf 62' lang='lat' dir='ltr'><strong>venerandae</strong></span> <span class='ocrx_word' id='word_1_70' title='bbox 1651 831 2003 903; x_wconf 86' lang='lat' dir='ltr'><strong>antiquitatis</strong></span> <span class='ocrx_word' id='word_1_71' title='bbox 2038 846 2328 902; x_wconf 86' lang='lat' dir='ltr'><strong>personas.</strong></span> 
     </span>
    </p>
   </div>
   <div class='ocr_carea' id='block_1_8' title="bbox 574 924 3870 1001">
    <p class='ocr_par' dir='ltr' id='par_1_8' title="bbox 574 924 3870 1001">
     <span class='ocr_line' id='line_1_8' title="bbox 574 924 3870 1001; baseline 0 -20"><span class='ocrx_word' id='word_1_72' title='bbox 574 927 775 983; x_wconf 68' lang='lat' dir='ltr'><strong>Tertiae</strong></span> <span class='ocrx_word' id='word_1_73' title='bbox 807 929 997 982; x_wconf 86' lang='lat' dir='ltr'><strong>classis</strong></span> <span class='ocrx_word' id='word_1_74' title='bbox 1024 933 1282 983; x_wconf 91' lang='lat' dir='ltr'><strong>auctores</strong></span> <span class='ocrx_word' id='word_1_75' title='bbox 1311 946 1498 984; x_wconf 87' lang='lat' dir='ltr'><strong>veram</strong></span> <span class='ocrx_word' id='word_1_76' title='bbox 1526 929 1786 984; x_wconf 88' lang='lat' dir='ltr'><strong>fraudem</strong></span> <span class='ocrx_word' id='word_1_77' title='bbox 1812 929 2142 996; x_wconf 89' lang='lat' dir='ltr'><strong>admittunt,</strong></span> <span class='ocrx_word' id='word_1_78' title='bbox 2173 940 2301 1001; x_wconf 75' lang='lat' dir='ltr'><strong>quae</strong></span> <span class='ocrx_word' id='word_1_79' title='bbox 2328 932 2522 985; x_wconf 87' lang='lat' dir='ltr'><strong>tamen</strong></span> <span class='ocrx_word' id='word_1_80' title='bbox 2554 945 2743 1000; x_wconf 90' lang='lat' dir='ltr'><strong>neque</strong></span> <span class='ocrx_word' id='word_1_81' title='bbox 2763 930 2947 984; x_wconf 84' lang='lat' dir='ltr'><strong>Roma</strong></span> <span class='ocrx_word' id='word_1_82' title='bbox 2972 927 3329 999; x_wconf 89' lang='lat' dir='ltr'><strong>processerit,</strong></span> <span class='ocrx_word' id='word_1_83' title='bbox 3360 943 3549 998; x_wconf 92' lang='lat' dir='ltr'><strong>neque</strong></span> <span class='ocrx_word' id='word_1_84' title='bbox 3588 924 3870 982; x_wconf 84' lang='lat' dir='ltr'><strong>Romano-</strong></span> 
     </span>
    </p>
   </div>
   <div class='ocr_carea' id='block_1_9' title="bbox 506 1017 3869 1090">
    <p class='ocr_par' dir='ltr' id='par_1_9' title="bbox 506 1017 3869 1090">
     <span class='ocr_line' id='line_1_9' title="bbox 506 1017 3869 1090; baseline 0 -18"><span class='ocrx_word' id='word_1_85' title='bbox 506 1034 636 1072; x_wconf 89' lang='lat' dir='ltr'><strong>rum</strong></span> <span class='ocrx_word' id='word_1_86' title='bbox 680 1017 981 1072; x_wconf 85' lang='lat' dir='ltr'><strong>utilitatem</strong></span> <span class='ocrx_word' id='word_1_87' title='bbox 1029 1018 1360 1073; x_wconf 88' lang='lat' dir='ltr'><strong>intenderit.</strong></span> <span class='ocrx_word' id='word_1_88' title='bbox 1404 1019 1501 1073; x_wconf 89' lang='lat' dir='ltr'><strong>Vel</strong></span> <span class='ocrx_word' id='word_1_89' title='bbox 1545 1017 1700 1073; x_wconf 89' lang='lat' dir='ltr'><strong>enim</strong></span> <span class='ocrx_word' id='word_1_90' title='bbox 1745 1022 1811 1073; x_wconf 92' lang='lat' dir='ltr'><strong>ut</strong></span> <span class='ocrx_word' id='word_1_91' title='bbox 1855 1019 2088 1090; x_wconf 89' lang='lat' dir='ltr'><strong>Spittler</strong></span> <span class='ocrx_word' id='word_1_92' title='bbox 2119 1019 2211 1089; x_wconf 93' lang='lat'><strong>(6),</strong></span> <span class='ocrx_word' id='word_1_93' title='bbox 2238 1018 2419 1073; x_wconf 87' lang='lat' dir='ltr'><strong>Plank</strong></span> <span class='ocrx_word' id='word_1_94' title='bbox 2450 1020 2518 1089; x_wconf 90' lang='lat'><strong>(7)</strong></span> <span class='ocrx_word' id='word_1_95' title='bbox 2551 1023 2608 1073; x_wconf 92' lang='lat' dir='ltr'><strong>et</strong></span> <span class='ocrx_word' id='word_1_96' title='bbox 2646 1017 3107 1073; x_wconf 81' lang='lat' dir='ltr'><strong>Drole-Hulshoﬂ&#39;</strong></span> <span class='ocrx_word' id='word_1_97' title='bbox 3137 1018 3208 1088; x_wconf 94' lang='lat'><strong>(8)</strong></span> <span class='ocrx_word' id='word_1_98' title='bbox 3240 1017 3557 1072; x_wconf 89' lang='lat' dir='ltr'><strong>Decretales</strong></span> <span class='ocrx_word' id='word_1_99' title='bbox 3602 1018 3869 1072; x_wconf 89' lang='lat' dir='ltr'><strong>adversus</strong></span> 
     </span>
    </p>
   </div>
   <div class='ocr_carea' id='block_1_10' title="bbox 503 1106 3864 1179">
    <p class='ocr_par' dir='ltr' id='par_1_10' title="bbox 503 1106 3864 1179">
     <span class='ocr_line' id='line_1_10' title="bbox 503 1106 3864 1179; baseline -0.001 -17"><span class='ocrx_word' id='word_1_100' title='bbox 503 1111 841 1179; x_wconf 85' lang='lat' dir='ltr'><strong>potestatem</strong></span> <span class='ocrx_word' id='word_1_101' title='bbox 871 1107 1350 1177; x_wconf 89' lang='lat' dir='ltr'><strong>metropoliticam</strong></span> <span class='ocrx_word' id='word_1_102' title='bbox 1377 1106 1618 1162; x_wconf 86' lang='lat' dir='ltr'><strong>directas</strong></span> <span class='ocrx_word' id='word_1_103' title='bbox 1644 1108 1858 1177; x_wconf 89' lang='lat' dir='ltr'><strong>dicunt,</strong></span> <span class='ocrx_word' id='word_1_104' title='bbox 1883 1108 1969 1161; x_wconf 86' lang='lat' dir='ltr'><strong>vel</strong></span> <span class='ocrx_word' id='word_1_105' title='bbox 2001 1114 2063 1161; x_wconf 91' lang='lat' dir='ltr'><strong>ut</strong></span> <span class='ocrx_word' id='word_1_106' title='bbox 2088 1108 2271 1162; x_wconf 88' lang='lat' dir='ltr'><strong>Knust</strong></span> <span class='ocrx_word' id='word_1_107' title='bbox 2298 1108 2394 1179; x_wconf 88' lang='lat'><strong>(9),</strong></span> <span class='ocrx_word' id='word_1_108' title='bbox 2422 1108 2522 1179; x_wconf 90' lang='lat' dir='ltr'><strong>qui</strong></span> <span class='ocrx_word' id='word_1_109' title='bbox 2549 1112 2606 1162; x_wconf 88' lang='lat' dir='ltr'><strong>et</strong></span> <span class='ocrx_word' id='word_1_110' title='bbox 2630 1108 2751 1179; x_wconf 89' lang='lat' dir='ltr'><strong>ipse</strong></span> <span class='ocrx_word' id='word_1_111' title='bbox 2785 1107 3155 1162; x_wconf 84' lang='lat' dir='ltr'><strong>Benedictum</strong></span> <span class='ocrx_word' id='word_1_112' title='bbox 3186 1106 3435 1161; x_wconf 89' lang='lat' dir='ltr'><strong>Levitam</strong></span> <span class='ocrx_word' id='word_1_113' title='bbox 3465 1107 3864 1178; x_wconf 87' lang='lat' dir='ltr'><strong>Moguntinum</strong></span> 
     </span>
    </p>
   </div>
   <div class='ocr_carea' id='block_1_11' title="bbox 502 1194 3866 1269">
    <p class='ocr_par' dir='ltr' id='par_1_11' title="bbox 502 1194 3866 1269">
     <span class='ocr_line' id='line_1_11' title="bbox 502 1194 3866 1269; baseline 0 -20"><span class='ocrx_word' id='word_1_114' title='bbox 502 1201 791 1251; x_wconf 84' lang='lat' dir='ltr'><strong>auctorem</strong></span> <span class='ocrx_word' id='word_1_115' title='bbox 835 1200 1017 1264; x_wconf 86' lang='lat' dir='ltr'><strong>vocat,</strong></span> <span class='ocrx_word' id='word_1_116' title='bbox 1045 1195 1116 1249; x_wconf 91' lang='lat' dir='ltr'><strong>ad</strong></span> <span class='ocrx_word' id='word_1_117' title='bbox 1146 1194 1490 1250; x_wconf 86' lang='lat' dir='ltr'><strong>vindicanda</strong></span> <span class='ocrx_word' id='word_1_118' title='bbox 1524 1196 1656 1266; x_wconf 86' lang='lat' dir='ltr'><strong>jura</strong></span> <span class='ocrx_word' id='word_1_119' title='bbox 1687 1197 2087 1269; x_wconf 89' lang='lat' dir='ltr'><strong>episcoporum</strong></span> <span class='ocrx_word' id='word_1_120' title='bbox 2131 1198 2255 1251; x_wconf 88' lang='lat' dir='ltr'><strong>tum</strong></span> <span class='ocrx_word' id='word_1_121' title='bbox 2302 1197 2570 1251; x_wconf 87' lang='lat' dir='ltr'><strong>adversus</strong></span> <span class='ocrx_word' id='word_1_122' title='bbox 2601 1197 2835 1266; x_wconf 90' lang='lat' dir='ltr'><strong>laicalia,</strong></span> <span class='ocrx_word' id='word_1_123' title='bbox 2866 1202 2990 1251; x_wconf 90' lang='lat' dir='ltr'><strong>tum</strong></span> <span class='ocrx_word' id='word_1_124' title='bbox 3023 1196 3314 1268; x_wconf 84' lang='lat' dir='ltr'><strong>synodalia</strong></span> <span class='ocrx_word' id='word_1_125' title='bbox 3347 1195 3564 1266; x_wconf 90' lang='lat' dir='ltr'><strong>judicia</strong></span> <span class='ocrx_word' id='word_1_126' title='bbox 3595 1196 3866 1250; x_wconf 76' lang='lat' dir='ltr'><strong>confictas</strong></span> 
     </span>
    </p>
   </div>
   <div class='ocr_carea' id='block_1_12' title="bbox 502 1284 3867 1358">
    <p class='ocr_par' dir='ltr' id='par_1_12' title="bbox 502 1284 3867 1358">
     <span class='ocr_line' id='line_1_12' title="bbox 502 1284 3867 1358; baseline 0.001 -20"><span class='ocrx_word' id='word_1_127' title='bbox 502 1291 753 1340; x_wconf 82' lang='lat' dir='ltr'><strong>censent.</strong></span> <span class='ocrx_word' id='word_1_128' title='bbox 790 1285 1007 1349; x_wconf 88' lang='lat' dir='ltr'><strong>Quibus</strong></span> <span class='ocrx_word' id='word_1_129' title='bbox 1032 1284 1369 1339; x_wconf 90' lang='lat' dir='ltr'><strong>accensendi</strong></span> <span class='ocrx_word' id='word_1_130' title='bbox 1400 1291 1550 1353; x_wconf 89' lang='lat' dir='ltr'><strong>sunt,</strong></span> <span class='ocrx_word' id='word_1_131' title='bbox 1578 1286 1675 1356; x_wconf 90' lang='lat' dir='ltr'><strong>qui</strong></span> <span class='ocrx_word' id='word_1_132' title='bbox 1700 1303 1819 1357; x_wconf 65' lang='lat' dir='ltr'><strong>prie</strong></span> <span class='ocrx_word' id='word_1_133' title='bbox 1848 1289 2066 1343; x_wconf 69' lang='lat' dir='ltr'><strong>czeteris</strong></span> <span class='ocrx_word' id='word_1_134' title='bbox 2086 1287 2250 1342; x_wconf 90' lang='lat' dir='ltr'><strong>nobis</strong></span> <span class='ocrx_word' id='word_1_135' title='bbox 2277 1286 2594 1358; x_wconf 81' lang='lat' dir='ltr'><strong>genuinum</strong></span> <span class='ocrx_word' id='word_1_136' title='bbox 2618 1286 2995 1341; x_wconf 85' lang='lat' dir='ltr'><strong>Decretalium</strong></span> <span class='ocrx_word' id='word_1_137' title='bbox 3021 1287 3237 1340; x_wconf 85' lang='lat' dir='ltr'><strong>fontem</strong></span> <span class='ocrx_word' id='word_1_138' title='bbox 3264 1285 3707 1355; x_wconf 64' lang='lat' dir='ltr'><strong>praelucentibus</strong></span> <span class='ocrx_word' id='word_1_139' title='bbox 3728 1302 3867 1340; x_wconf 85' lang='lat' dir='ltr'><strong>sane</strong></span> 
     </span>
    </p>
   </div>
   <div class='ocr_carea' id='block_1_13' title="bbox 502 1373 3867 1449">
    <p class='ocr_par' dir='ltr' id='par_1_13' title="bbox 502 1373 3867 1449">
     <span class='ocr_line' id='line_1_13' title="bbox 502 1373 3867 1449; baseline 0 -21"><span class='ocrx_word' id='word_1_140' title='bbox 502 1375 627 1428; x_wconf 89' lang='lat' dir='ltr'><strong>aliis</strong></span> <span class='ocrx_word' id='word_1_141' title='bbox 657 1374 993 1444; x_wconf 85' lang='lat' dir='ltr'><strong>indigitasse</strong></span> <span class='ocrx_word' id='word_1_142' title='bbox 1022 1373 1301 1429; x_wconf 85' lang='lat' dir='ltr'><strong>videntur.</strong></span> <span class='ocrx_word' id='word_1_143' title='bbox 1332 1376 1394 1429; x_wconf 89' lang='lat' dir='ltr'><strong>A.</strong></span> <span class='ocrx_word' id='word_1_144' title='bbox 1426 1376 1917 1432; x_wconf 88' lang='lat' dir='ltr'><strong>Wasserschleben</strong></span> <span class='ocrx_word' id='word_1_145' title='bbox 1946 1379 2049 1449; x_wconf 92' lang='lat' dir='ltr'><strong>(I0)</strong></span> <span class='ocrx_word' id='word_1_146' title='bbox 2084 1384 2141 1434; x_wconf 90' lang='lat' dir='ltr'><strong>et</strong></span> <span class='ocrx_word' id='word_1_147' title='bbox 2171 1377 2403 1432; x_wconf 87' lang='lat' dir='ltr'><strong>Gfrorer</strong></span> <span class='ocrx_word' id='word_1_148' title='bbox 2430 1377 2536 1448; x_wconf 88' lang='lat' dir='ltr'><strong>(II)</strong></span> <span class='ocrx_word' id='word_1_149' title='bbox 2562 1380 2794 1432; x_wconf 88' lang='lat' dir='ltr'><strong>censent</strong></span> <span class='ocrx_word' id='word_1_150' title='bbox 2834 1377 2989 1430; x_wconf 88' lang='lat' dir='ltr'><strong>enim</strong></span> <span class='ocrx_word' id='word_1_151' title='bbox 3031 1376 3329 1447; x_wconf 86' lang='lat' dir='ltr'><strong>Otgarium</strong></span> <span class='ocrx_word' id='word_1_152' title='bbox 3370 1375 3484 1429; x_wconf 87' lang='lat' dir='ltr'><strong>sive</strong></span> <span class='ocrx_word' id='word_1_153' title='bbox 3524 1376 3867 1446; x_wconf 85' lang='lat' dir='ltr'><strong>Autgarinm</strong></span> 
     </span>
    </p>
   </div>
   <div class='ocr_carea' id='block_1_14' title="bbox 501 1463 3864 1538">
    <p class='ocr_par' dir='ltr' id='par_1_14' title="bbox 501 1463 3864 1538">
     <span class='ocr_line' id='line_1_14' title="bbox 501 1463 3864 1538; baseline 0 -20"><span class='ocrx_word' id='word_1_154' title='bbox 501 1464 997 1535; x_wconf 87' lang='lat' dir='ltr'><strong>archiepiscopum</strong></span> <span class='ocrx_word' id='word_1_155' title='bbox 1040 1463 1436 1534; x_wconf 86' lang='lat' dir='ltr'><strong>Moguntinum</strong></span> <span class='ocrx_word' id='word_1_156' title='bbox 1476 1464 1546 1519; x_wconf 90' lang='lat' dir='ltr'><strong>ad</strong></span> <span class='ocrx_word' id='word_1_157' title='bbox 1587 1464 1927 1519; x_wconf 88' lang='lat' dir='ltr'><strong>vindicanda</strong></span> <span class='ocrx_word' id='word_1_158' title='bbox 1971 1468 2094 1523; x_wconf 90' lang='lat' dir='ltr'><strong>sedi</strong></span> <span class='ocrx_word' id='word_1_159' title='bbox 2138 1468 2485 1538; x_wconf 70' lang='lat' dir='ltr'><strong>Moguntinaa</strong></span> <span class='ocrx_word' id='word_1_160' title='bbox 2534 1466 2877 1537; x_wconf 88' lang='lat' dir='ltr'><strong>primatialia</strong></span> <span class='ocrx_word' id='word_1_161' title='bbox 2907 1466 2967 1519; x_wconf 92' lang='lat' dir='ltr'><strong>in</strong></span> <span class='ocrx_word' id='word_1_162' title='bbox 2997 1465 3358 1520; x_wconf 83' lang='lat' dir='ltr'><strong>Germaniam</strong></span> <span class='ocrx_word' id='word_1_163' title='bbox 3390 1466 3547 1536; x_wconf 87' lang='lat' dir='ltr'><strong>jura,</strong></span> <span class='ocrx_word' id='word_1_164' title='bbox 3575 1482 3746 1537; x_wconf 90' lang='lat' dir='ltr'><strong>porro</strong></span> <span class='ocrx_word' id='word_1_165' title='bbox 3790 1467 3864 1520; x_wconf 88' lang='lat' dir='ltr'><strong>ad</strong></span> 
     </span>
    </p>
   </div>
   <div class='ocr_carea' id='block_1_15' title="bbox 504 1552 3863 1629">
    <p class='ocr_par' dir='ltr' id='par_1_15' title="bbox 504 1552 3863 1629">
     <span class='ocr_line' id='line_1_15' title="bbox 504 1552 3863 1629; baseline 0.001 -21"><span class='ocrx_word' id='word_1_166' title='bbox 504 1553 715 1608; x_wconf 89' lang='lat' dir='ltr'><strong>tuenda</strong></span> <span class='ocrx_word' id='word_1_167' title='bbox 747 1553 1015 1607; x_wconf 88' lang='lat' dir='ltr'><strong>adversus</strong></span> <span class='ocrx_word' id='word_1_168' title='bbox 1042 1552 1333 1624; x_wconf 89' lang='lat' dir='ltr'><strong>principes</strong></span> <span class='ocrx_word' id='word_1_169' title='bbox 1365 1556 1422 1608; x_wconf 90' lang='lat' dir='ltr'><strong>et</strong></span> <span class='ocrx_word' id='word_1_170' title='bbox 1455 1554 1699 1625; x_wconf 89' lang='lat' dir='ltr'><strong>synodos</strong></span> <span class='ocrx_word' id='word_1_171' title='bbox 1729 1555 2126 1628; x_wconf 85' lang='lat' dir='ltr'><strong>episcoporum</strong></span> <span class='ocrx_word' id='word_1_172' title='bbox 2158 1558 2314 1629; x_wconf 89' lang='lat' dir='ltr'><strong>jura,</strong></span> <span class='ocrx_word' id='word_1_173' title='bbox 2345 1560 2475 1628; x_wconf 90' lang='lat' dir='ltr'><strong>post</strong></span> <span class='ocrx_word' id='word_1_174' title='bbox 2520 1559 2868 1611; x_wconf 91' lang='lat' dir='ltr'><strong>conventum</strong></span> <span class='ocrx_word' id='word_1_175' title='bbox 2902 1555 3427 1610; x_wconf 85' lang='lat' dir='ltr'><strong>Theonisvillanum</strong></span> <span class='ocrx_word' id='word_1_176' title='bbox 3457 1555 3596 1609; x_wconf 90' lang='lat' dir='ltr'><strong>anni</strong></span> <span class='ocrx_word' id='word_1_177' title='bbox 3622 1558 3722 1610; x_wconf 79' lang='grc'><strong>835</strong></span> <span class='ocrx_word' id='word_1_178' title='bbox 3754 1557 3863 1609; x_wconf 91' lang='lat' dir='ltr'><strong>De-</strong></span> 
     </span>
    </p>
   </div>
   <div class='ocr_carea' id='block_1_16' title="bbox 501 1641 3864 1718">
    <p class='ocr_par' dir='ltr' id='par_1_16' title="bbox 501 1641 3864 1718">
     <span class='ocr_line' id='line_1_16' title="bbox 501 1641 3864 1718; baseline 0 -20"><span class='ocrx_word' id='word_1_179' title='bbox 501 1644 741 1698; x_wconf 89' lang='lat' dir='ltr'><strong>cretales</strong></span> <span class='ocrx_word' id='word_1_180' title='bbox 766 1642 997 1713; x_wconf 80' lang='lat' dir='ltr'><strong>congeri</strong></span> <span class='ocrx_word' id='word_1_181' title='bbox 1025 1658 1264 1696; x_wconf 88' lang='lat' dir='ltr'><strong>curasse.</strong></span> <span class='ocrx_word' id='word_1_182' title='bbox 1295 1641 1396 1699; x_wconf 88' lang='lat' dir='ltr'><strong>Cui</strong></span> <span class='ocrx_word' id='word_1_183' title='bbox 1428 1643 1684 1714; x_wconf 91' lang='lat' dir='ltr'><strong>opinioni</strong></span> <span class='ocrx_word' id='word_1_184' title='bbox 1712 1644 1909 1700; x_wconf 88' lang='lat' dir='ltr'><strong>saltem</strong></span> <span class='ocrx_word' id='word_1_185' title='bbox 1939 1650 2003 1700; x_wconf 87' lang='lat' dir='ltr'><strong>ut</strong></span> <span class='ocrx_word' id='word_1_186' title='bbox 2026 1646 2401 1718; x_wconf 89' lang='lat' dir='ltr'><strong>probabiliori</strong></span> <span class='ocrx_word' id='word_1_187' title='bbox 2431 1645 2652 1701; x_wconf 89' lang='lat' dir='ltr'><strong>accedit</strong></span> <span class='ocrx_word' id='word_1_188' title='bbox 2676 1646 2760 1699; x_wconf 87' lang='lat' dir='ltr'><strong>vir</strong></span> <span class='ocrx_word' id='word_1_189' title='bbox 2787 1662 2903 1700; x_wconf 92' lang='lat' dir='ltr'><strong>non</strong></span> <span class='ocrx_word' id='word_1_190' title='bbox 2934 1646 3055 1700; x_wconf 90' lang='lat' dir='ltr'><strong>sine</strong></span> <span class='ocrx_word' id='word_1_191' title='bbox 3074 1643 3247 1699; x_wconf 89' lang='lat' dir='ltr'><strong>laude</strong></span> <span class='ocrx_word' id='word_1_192' title='bbox 3274 1643 3666 1698; x_wconf 90' lang='lat' dir='ltr'><strong>nominandus</strong></span> <span class='ocrx_word' id='word_1_193' title='bbox 3690 1644 3864 1699; x_wconf 85' lang='lat' dir='ltr'><strong>Caro-</strong></span> 
     </span>
    </p>
   </div>
   <div class='ocr_carea' id='block_1_17' title="bbox 502 1731 3546 1807">
    <p class='ocr_par' dir='ltr' id='par_1_17' title="bbox 502 1731 3546 1807">
     <span class='ocr_line' id='line_1_17' title="bbox 502 1731 3546 1807; baseline -0.001 -18"><span class='ocrx_word' id='word_1_194' title='bbox 502 1736 590 1789; x_wconf 88' lang='lat' dir='ltr'><strong>lus</strong></span> <span class='ocrx_word' id='word_1_195' title='bbox 617 1733 810 1788; x_wconf 80' lang='lat' dir='ltr'><strong>Hefele</strong></span> <span class='ocrx_word' id='word_1_196' title='bbox 839 1732 964 1803; x_wconf 89' lang='lat' dir='ltr'><strong>(I2),</strong></span> <span class='ocrx_word' id='word_1_197' title='bbox 993 1731 1125 1786; x_wconf 91' lang='lat' dir='ltr'><strong>licet</strong></span> <span class='ocrx_word' id='word_1_198' title='bbox 1152 1748 1254 1802; x_wconf 90' lang='lat' dir='ltr'><strong>pro</strong></span> <span class='ocrx_word' id='word_1_199' title='bbox 1279 1748 1361 1802; x_wconf 82' lang='lat' dir='ltr'><strong>ea,</strong></span> <span class='ocrx_word' id='word_1_200' title='bbox 1392 1749 1503 1804; x_wconf 88' lang='lat' dir='ltr'><strong>qua</strong></span> <span class='ocrx_word' id='word_1_201' title='bbox 1529 1737 1615 1788; x_wconf 90' lang='lat' dir='ltr'><strong>est</strong></span> <span class='ocrx_word' id='word_1_202' title='bbox 1640 1735 1916 1789; x_wconf 88' lang='lat' dir='ltr'><strong>modestia</strong></span> <span class='ocrx_word' id='word_1_203' title='bbox 1945 1741 2002 1792; x_wconf 92' lang='lat' dir='ltr'><strong>et</strong></span> <span class='ocrx_word' id='word_1_204' title='bbox 2020 1736 2221 1807; x_wconf 91' lang='lat' dir='ltr'><strong>judicii</strong></span> <span class='ocrx_word' id='word_1_205' title='bbox 2256 1736 2648 1791; x_wconf 87' lang='lat' dir='ltr'><strong>moderatione</strong></span> <span class='ocrx_word' id='word_1_206' title='bbox 2681 1734 3041 1789; x_wconf 83' lang='lat' dir='ltr'><strong>difﬁcultates</strong></span> <span class='ocrx_word' id='word_1_207' title='bbox 3068 1751 3185 1788; x_wconf 90' lang='lat' dir='ltr'><strong>non</strong></span> <span class='ocrx_word' id='word_1_208' title='bbox 3208 1733 3546 1789; x_wconf 86' lang='lat' dir='ltr'><strong>dissimulet.</strong></span> 
     </span>
    </p>
   </div>
   <div class='ocr_carea' id='block_1_18' title="bbox 573 1829 3860 1905">
    <p class='ocr_par' dir='ltr' id='par_1_18' title="bbox 573 1829 3860 1905">
     <span class='ocr_line' id='line_1_18' title="bbox 573 1829 3860 1905; baseline -0 -19"><span class='ocrx_word' id='word_1_209' title='bbox 573 1833 682 1886; x_wconf 89' lang='lat' dir='ltr'><strong>Nos</strong></span> <span class='ocrx_word' id='word_1_210' title='bbox 706 1831 794 1884; x_wconf 89' lang='lat' dir='ltr'><strong>his</strong></span> <span class='ocrx_word' id='word_1_211' title='bbox 825 1829 1064 1885; x_wconf 89' lang='lat' dir='ltr'><strong>ducibus</strong></span> <span class='ocrx_word' id='word_1_212' title='bbox 1090 1829 1201 1884; x_wconf 88' lang='lat' dir='ltr'><strong>tria</strong></span> <span class='ocrx_word' id='word_1_213' title='bbox 1225 1830 1587 1901; x_wconf 86' lang='lat' dir='ltr'><strong>potissimum</strong></span> <span class='ocrx_word' id='word_1_214' title='bbox 1613 1832 1685 1886; x_wconf 88' lang='lat' dir='ltr'><strong>ad</strong></span> <span class='ocrx_word' id='word_1_215' title='bbox 1717 1832 2087 1889; x_wconf 87' lang='lat' dir='ltr'><strong>enodandum</strong></span> <span class='ocrx_word' id='word_1_216' title='bbox 2128 1834 2280 1889; x_wconf 90' lang='lat' dir='ltr'><strong>istud</strong></span> <span class='ocrx_word' id='word_1_217' title='bbox 2310 1834 2561 1905; x_wconf 69' lang='lat' dir='ltr'><strong>aenigma</strong></span> <span class='ocrx_word' id='word_1_218' title='bbox 2601 1833 2903 1888; x_wconf 87' lang='lat' dir='ltr'><strong>statuimus</strong></span> <span class='ocrx_word' id='word_1_219' title='bbox 2936 1850 2948 1887; x_wconf 91' lang='lat'><strong>:</strong></span> <span class='ocrx_word' id='word_1_220' title='bbox 2988 1837 3040 1888; x_wconf 86' lang='grc' dir='ltr'><strong>1ο</strong></span> <span class='ocrx_word' id='word_1_221' title='bbox 3069 1832 3392 1887; x_wconf 83' lang='lat' dir='ltr'><strong>Decretales</strong></span> <span class='ocrx_word' id='word_1_222' title='bbox 3424 1847 3613 1903; x_wconf 91' lang='lat' dir='ltr'><strong>neque</strong></span> <span class='ocrx_word' id='word_1_223' title='bbox 3646 1832 3860 1899; x_wconf 79' lang='lat' dir='ltr'><strong>Romae,</strong></span> 
     </span>
    </p>
   </div>
   <div class='ocr_carea' id='block_1_19' title="bbox 504 1920 3861 1992">
    <p class='ocr_par' dir='ltr' id='par_1_19' title="bbox 504 1920 3861 1992">
     <span class='ocr_line' id='line_1_19' title="bbox 504 1920 3861 1992; baseline 0 -17"><span class='ocrx_word' id='word_1_224' title='bbox 504 1936 691 1992; x_wconf 90' lang='lat' dir='ltr'><strong>neque</strong></span> <span class='ocrx_word' id='word_1_225' title='bbox 727 1920 933 1974; x_wconf 54' lang='lat' dir='ltr'><strong>saeculo</strong></span> <span class='ocrx_word' id='word_1_226' title='bbox 960 1935 1075 1987; x_wconf 82' lang='lat' dir='ltr'><strong>VIII,</strong></span> <span class='ocrx_word' id='word_1_227' title='bbox 1102 1920 1204 1973; x_wconf 89' lang='lat' dir='ltr'><strong>sed</strong></span> <span class='ocrx_word' id='word_1_228' title='bbox 1226 1922 1309 1988; x_wconf 88' lang='lat'><strong>2°,</strong></span> <span class='ocrx_word' id='word_1_229' title='bbox 1344 1921 1549 1976; x_wconf 71' lang='lat' dir='ltr'><strong>saeculo</strong></span> <span class='ocrx_word' id='word_1_230' title='bbox 1578 1938 1631 1976; x_wconf 71' lang='grc' dir='ltr'><strong>ιχ</strong></span> <span class='ocrx_word' id='word_1_231' title='bbox 1659 1923 1948 1979; x_wconf 86' lang='lat' dir='ltr'><strong>mediante</strong></span> <span class='ocrx_word' id='word_1_232' title='bbox 1991 1924 2050 1978; x_wconf 91' lang='lat' dir='ltr'><strong>in</strong></span> <span class='ocrx_word' id='word_1_233' title='bbox 2080 1925 2428 1979; x_wconf 87' lang='lat' dir='ltr'><strong>Francorum</strong></span> <span class='ocrx_word' id='word_1_234' title='bbox 2461 1924 2673 1978; x_wconf 90' lang='lat' dir='ltr'><strong>ditione</strong></span> <span class='ocrx_word' id='word_1_235' title='bbox 2716 1923 3033 1989; x_wconf 88' lang='lat' dir='ltr'><strong>confectas;</strong></span> <span class='ocrx_word' id='word_1_236' title='bbox 3064 1922 3315 1992; x_wconf 91' lang='lat' dir='ltr'><strong>denique</strong></span> <span class='ocrx_word' id='word_1_237' title='bbox 3343 1924 3403 1976; x_wconf 91' lang='lat'>3°</span> <span class='ocrx_word' id='word_1_238' title='bbox 3431 1920 3731 1975; x_wconf 86' lang='lat' dir='ltr'><strong>verisimile</strong></span> <span class='ocrx_word' id='word_1_239' title='bbox 3761 1920 3861 1975; x_wconf 89' lang='lat' dir='ltr'><strong>ad-</strong></span> 
     </span>
    </p>
   </div>
   <div class='ocr_carea' id='block_1_20' title="bbox 504 2008 3864 2087">
    <p class='ocr_par' dir='ltr' id='par_1_20' title="bbox 504 2008 3864 2087">
     <span class='ocr_line' id='line_1_20' title="bbox 504 2008 3864 2087; baseline -0 -21"><span class='ocrx_word' id='word_1_240' title='bbox 504 2012 739 2077; x_wconf 83' lang='lat' dir='ltr'><strong>modum</strong></span> <span class='ocrx_word' id='word_1_241' title='bbox 794 2008 971 2063; x_wconf 88' lang='lat' dir='ltr'><strong>videri</strong></span> <span class='ocrx_word' id='word_1_242' title='bbox 1024 2009 1320 2079; x_wconf 86' lang='lat' dir='ltr'><strong>Otgarium</strong></span> <span class='ocrx_word' id='word_1_243' title='bbox 1370 2010 1769 2081; x_wconf 84' lang='lat' dir='ltr'><strong>Moguntinum</strong></span> <span class='ocrx_word' id='word_1_244' title='bbox 1824 2014 2318 2087; x_wconf 88' lang='lat' dir='ltr'><strong>archiepiscopum</strong></span> <span class='ocrx_word' id='word_1_245' title='bbox 2376 2018 2691 2082; x_wconf 88' lang='lat' dir='ltr'><strong>auctorem,</strong></span> <span class='ocrx_word' id='word_1_246' title='bbox 2739 2015 2825 2068; x_wconf 88' lang='lat' dir='ltr'><strong>uti</strong></span> <span class='ocrx_word' id='word_1_247' title='bbox 2880 2013 3079 2067; x_wconf 89' lang='lat' dir='ltr'><strong>dicunt</strong></span> <span class='ocrx_word' id='word_1_248' title='bbox 3134 2011 3418 2066; x_wconf 87' lang='lat' dir='ltr'><strong>moralem</strong></span> <span class='ocrx_word' id='word_1_249' title='bbox 3476 2011 3864 2066; x_wconf 88' lang='lat' dir='ltr'><strong>Decretalium</strong></span> 
     </span>
    </p>
   </div>
   <div class='ocr_carea' id='block_1_21' title="bbox 501 2101 1703 2157">
    <p class='ocr_par' dir='ltr' id='par_1_21' title="bbox 501 2101 1703 2157">
     <span class='ocr_line' id='line_1_21' title="bbox 501 2101 1703 2157; baseline 0.009 -2"><span class='ocrx_word' id='word_1_250' title='bbox 501 2101 693 2157; x_wconf 92' lang='lat' dir='ltr'><strong>fuisse.</strong></span> <span class='ocrx_word' id='word_1_251' title='bbox 1692 2122 1703 2125; x_wconf 82' lang='lat'>&#39;</span> 
     </span>
    </p>
   </div>
   <div class='ocr_carea' id='block_1_22' title="bbox 572 2197 3864 2275">
    <p class='ocr_par' dir='ltr' id='par_1_22' title="bbox 572 2197 3864 2275">
     <span class='ocr_line' id='line_1_22' title="bbox 572 2197 3864 2275; baseline -0 -22"><span class='ocrx_word' id='word_1_252' title='bbox 572 2199 678 2264; x_wconf 89' lang='lat' dir='ltr'><strong>Qui</strong></span> <span class='ocrx_word' id='word_1_253' title='bbox 721 2199 1217 2255; x_wconf 89' lang='lat' dir='ltr'><strong>Pseudoisidorum</strong></span> <span class='ocrx_word' id='word_1_254' title='bbox 1256 2202 1453 2256; x_wconf 65' lang='lat' dir='ltr'><strong>Romae</strong></span> <span class='ocrx_word' id='word_1_255' title='bbox 1483 2204 1688 2258; x_wconf 83' lang='lat' dir='ltr'><strong>saeculo</strong></span> <span class='ocrx_word' id='word_1_256' title='bbox 1718 2220 1812 2259; x_wconf 82' lang='lat' dir='ltr'><strong>VIII</strong></span> <span class='ocrx_word' id='word_1_257' title='bbox 1843 2206 2145 2261; x_wconf 89' lang='lat' dir='ltr'><strong>collectum</strong></span> <span class='ocrx_word' id='word_1_258' title='bbox 2178 2207 2395 2273; x_wconf 90' lang='lat' dir='ltr'><strong>dicunt,</strong></span> <span class='ocrx_word' id='word_1_259' title='bbox 2426 2221 2493 2260; x_wconf 90' lang='lat' dir='ltr'><strong>eo</strong></span> <span class='ocrx_word' id='word_1_260' title='bbox 2520 2202 2880 2275; x_wconf 89' lang='lat' dir='ltr'><strong>potissimum</strong></span> <span class='ocrx_word' id='word_1_261' title='bbox 2915 2204 3262 2273; x_wconf 89' lang='lat' dir='ltr'><strong>argumento</strong></span> <span class='ocrx_word' id='word_1_262' title='bbox 3306 2199 3588 2265; x_wconf 89' lang='lat' dir='ltr'><strong>nituntur,</strong></span> <span class='ocrx_word' id='word_1_263' title='bbox 3616 2197 3864 2269; x_wconf 88' lang='lat' dir='ltr'><strong>capitula</strong></span> 
     </span>
    </p>
   </div>
   <div class='ocr_carea' id='block_1_23' title="bbox 499 2286 3866 2368">
    <p class='ocr_par' dir='ltr' id='par_1_23' title="bbox 499 2286 3866 2368">
     <span class='ocr_line' id='line_1_23' title="bbox 499 2286 3866 2368; baseline 0 -27"><span class='ocrx_word' id='word_1_264' title='bbox 499 2305 625 2360; x_wconf 67' lang='lat' dir='ltr'><strong>qum</strong></span> <span class='ocrx_word' id='word_1_265' title='bbox 674 2287 943 2343; x_wconf 89' lang='lat' dir='ltr'><strong>dicuntur</strong></span> <span class='ocrx_word' id='word_1_266' title='bbox 982 2289 1257 2345; x_wconf 86' lang='lat' dir='ltr'><strong>Hadriani</strong></span> <span class='ocrx_word' id='word_1_267' title='bbox 1303 2292 1346 2359; x_wconf 89' lang='grc' dir='ltr'><strong>Ι,</strong></span> <span class='ocrx_word' id='word_1_268' title='bbox 1381 2292 1495 2347; x_wconf 89' lang='lat' dir='ltr'><strong>sive</strong></span> <span class='ocrx_word' id='word_1_269' title='bbox 1538 2293 1893 2364; x_wconf 82' lang='lat' dir='ltr'><strong>Angilramni</strong></span> <span class='ocrx_word' id='word_1_270' title='bbox 1939 2296 2194 2352; x_wconf 84' lang='lat' dir='ltr'><strong>Metensis</strong></span> <span class='ocrx_word' id='word_1_271' title='bbox 2221 2297 2323 2368; x_wconf 87' lang='grc'><strong>(13)</strong></span> <span class='ocrx_word' id='word_1_272' title='bbox 2354 2313 2424 2351; x_wconf 83' lang='lat' dir='ltr'><strong>ex</strong></span> <span class='ocrx_word' id='word_1_273' title='bbox 2466 2292 2896 2349; x_wconf 88' lang='lat' dir='ltr'><strong>Pseudoisidoro</strong></span> <span class='ocrx_word' id='word_1_274' title='bbox 2941 2293 3224 2361; x_wconf 86' lang='lat' dir='ltr'><strong>excerpta,</strong></span> <span class='ocrx_word' id='word_1_275' title='bbox 3254 2288 3460 2343; x_wconf 89' lang='lat' dir='ltr'><strong>eadem</strong></span> <span class='ocrx_word' id='word_1_276' title='bbox 3497 2286 3622 2358; x_wconf 88' lang='lat' dir='ltr'><strong>ipsa</strong></span> <span class='ocrx_word' id='word_1_277' title='bbox 3663 2290 3866 2342; x_wconf 88' lang='lat' dir='ltr'><strong>autem</strong></span> 
     </span>
    </p>
   </div>
   <div class='ocr_carea' id='block_1_24' title="bbox 503 2379 3117 2456">
    <p class='ocr_par' dir='ltr' id='par_1_24' title="bbox 503 2379 3117 2456">
     <span class='ocr_line' id='line_1_24' title="bbox 503 2379 3117 2456; baseline -0 -22"><span class='ocrx_word' id='word_1_278' title='bbox 503 2379 838 2434; x_wconf 87' lang='lat' dir='ltr'><strong>testantibus</strong></span> <span class='ocrx_word' id='word_1_279' title='bbox 868 2379 1125 2451; x_wconf 92' lang='lat' dir='ltr'><strong>pluribus</strong></span> <span class='ocrx_word' id='word_1_280' title='bbox 1153 2380 1438 2437; x_wconf 93' lang='lat' dir='ltr'><strong>codicibus</strong></span> <span class='ocrx_word' id='word_1_281' title='bbox 1465 2383 1572 2454; x_wconf 85' lang='grc'><strong>(14)</strong></span> <span class='ocrx_word' id='word_1_282' title='bbox 1598 2384 1667 2438; x_wconf 88' lang='lat' dir='ltr'><strong>ab</strong></span> <span class='ocrx_word' id='word_1_283' title='bbox 1699 2384 1980 2440; x_wconf 86' lang='lat' dir='ltr'><strong>Hadriano</strong></span> <span class='ocrx_word' id='word_1_284' title='bbox 2014 2387 2033 2439; x_wconf 88' lang='grc' dir='ltr'>Ι</span> <span class='ocrx_word' id='word_1_285' title='bbox 2058 2384 2431 2456; x_wconf 84' lang='lat' dir='ltr'><strong>Angilramno</strong></span> <span class='ocrx_word' id='word_1_286' title='bbox 2464 2384 2663 2438; x_wconf 69' lang='lat' dir='ltr'><strong>Romae</strong></span> <span class='ocrx_word' id='word_1_287' title='bbox 2686 2380 2897 2437; x_wconf 87' lang='lat' dir='ltr'><strong>tradita</strong></span> <span class='ocrx_word' id='word_1_288' title='bbox 2920 2380 3117 2435; x_wconf 87' lang='lat' dir='ltr'><strong>fuisse.</strong></span> 
     </span>
    </p>
   </div>
   <div class='ocr_carea' id='block_1_25' title="bbox 569 2465 3868 2542">
    <p class='ocr_par' dir='ltr' id='par_1_25' title="bbox 569 2465 3868 2542">
     <span class='ocr_line' id='line_1_25' title="bbox 569 2465 3868 2542; baseline -0.001 -19"><span class='ocrx_word' id='word_1_289' title='bbox 569 2471 970 2525; x_wconf 85' lang='lat' dir='ltr'><strong>Verumtamen</strong></span> <span class='ocrx_word' id='word_1_290' title='bbox 996 2470 1200 2525; x_wconf 90' lang='lat' dir='ltr'><strong>invicte</strong></span> <span class='ocrx_word' id='word_1_291' title='bbox 1232 2471 1482 2527; x_wconf 85' lang='lat' dir='ltr'><strong>ostendit</strong></span> <span class='ocrx_word' id='word_1_292' title='bbox 1506 2474 1992 2529; x_wconf 81' lang='lat' dir='ltr'><strong>Wasserschleben</strong></span> <span class='ocrx_word' id='word_1_293' title='bbox 2022 2475 2183 2530; x_wconf 89' lang='lat' dir='ltr'><strong>illam</strong></span> <span class='ocrx_word' id='word_1_294' title='bbox 2204 2474 2467 2529; x_wconf 91' lang='lat' dir='ltr'><strong>codicum</strong></span> <span class='ocrx_word' id='word_1_295' title='bbox 2496 2471 2927 2542; x_wconf 86' lang='lat' dir='ltr'><strong>inscriptionem</strong></span> <span class='ocrx_word' id='word_1_296' title='bbox 2958 2469 3396 2541; x_wconf 79' lang='lat' dir='ltr'><strong>praeferendam,</strong></span> <span class='ocrx_word' id='word_1_297' title='bbox 3423 2483 3551 2539; x_wconf 60' lang='lat' dir='ltr'><strong>quae</strong></span> <span class='ocrx_word' id='word_1_298' title='bbox 3573 2466 3644 2521; x_wconf 89' lang='lat' dir='ltr'><strong>ab</strong></span> <span class='ocrx_word' id='word_1_299' title='bbox 3672 2465 3868 2537; x_wconf 85' lang='lat' dir='ltr'><strong>Angil-</strong></span> 
     </span>
    </p>
   </div>
   <div class='ocr_carea' id='block_1_26' title="bbox 498 2557 3864 2631">
    <p class='ocr_par' dir='ltr' id='par_1_26' title="bbox 498 2557 3864 2631">
     <span class='ocr_line' id='line_1_26' title="bbox 498 2557 3864 2631; baseline -0.001 -16"><span class='ocrx_word' id='word_1_300' title='bbox 498 2576 698 2615; x_wconf 85' lang='lat' dir='ltr'><strong>ramno</strong></span> <span class='ocrx_word' id='word_1_301' title='bbox 726 2559 981 2631; x_wconf 85' lang='lat' dir='ltr'><strong>pontiﬁci</strong></span> <span class='ocrx_word' id='word_1_302' title='bbox 1012 2560 1211 2615; x_wconf 71' lang='lat' dir='ltr'><strong>oblata.</strong></span> <span class='ocrx_word' id='word_1_303' title='bbox 1229 2563 1482 2629; x_wconf 67' lang='lat' dir='ltr'><strong>testatur,</strong></span> <span class='ocrx_word' id='word_1_304' title='bbox 1516 2578 1647 2617; x_wconf 91' lang='lat' dir='ltr'><strong>cum</strong></span> <span class='ocrx_word' id='word_1_305' title='bbox 1681 2567 1784 2618; x_wconf 84' lang='lat'><strong>785</strong></span> <span class='ocrx_word' id='word_1_306' title='bbox 1818 2565 2009 2618; x_wconf 80' lang='lat' dir='ltr'><strong>Romae</strong></span> <span class='ocrx_word' id='word_1_307' title='bbox 2049 2563 2425 2620; x_wconf 88' lang='lat' dir='ltr'><strong>accusationis</strong></span> <span class='ocrx_word' id='word_1_308' title='bbox 2453 2561 2781 2616; x_wconf 64' lang='lat' dir='ltr'><strong>amovenda:</strong></span> <span class='ocrx_word' id='word_1_309' title='bbox 2821 2576 2992 2614; x_wconf 88' lang='lat' dir='ltr'><strong>causa</strong></span> <span class='ocrx_word' id='word_1_310' title='bbox 3018 2565 3360 2614; x_wconf 88' lang='lat' dir='ltr'><strong>versaretur.</strong></span> <span class='ocrx_word' id='word_1_311' title='bbox 3395 2559 3536 2613; x_wconf 90' lang='lat' dir='ltr'><strong>Nam</strong></span> <span class='ocrx_word' id='word_1_312' title='bbox 3580 2558 3639 2612; x_wconf 92' lang='lat' dir='ltr'><strong>in</strong></span> <span class='ocrx_word' id='word_1_313' title='bbox 3672 2557 3864 2611; x_wconf 84' lang='lat' dir='ltr'><strong>omni-</strong></span> 
     </span>
    </p>
   </div>
   <div class='ocr_carea' id='block_1_27' title="bbox 496 2646 3866 2725">
    <p class='ocr_par' dir='ltr' id='par_1_27' title="bbox 496 2646 3866 2725">
     <span class='ocr_line' id='line_1_27' title="bbox 496 2646 3866 2725; baseline -0.001 -20"><span class='ocrx_word' id='word_1_314' title='bbox 496 2651 604 2705; x_wconf 88' lang='lat' dir='ltr'><strong>bus</strong></span> <span class='ocrx_word' id='word_1_315' title='bbox 630 2650 813 2721; x_wconf 89' lang='lat' dir='ltr'><strong>magis</strong></span> <span class='ocrx_word' id='word_1_316' title='bbox 839 2650 1185 2704; x_wconf 87' lang='lat' dir='ltr'><strong>conveniunt</strong></span> <span class='ocrx_word' id='word_1_317' title='bbox 1210 2650 1544 2721; x_wconf 66' lang='lat' dir='ltr'><strong>disciplinae,</strong></span> <span class='ocrx_word' id='word_1_318' title='bbox 1568 2668 1697 2723; x_wconf 67' lang='lat' dir='ltr'><strong>quea</strong></span> <span class='ocrx_word' id='word_1_319' title='bbox 1723 2653 1783 2707; x_wconf 94' lang='lat' dir='ltr'><strong>in</strong></span> <span class='ocrx_word' id='word_1_320' title='bbox 1812 2654 2161 2709; x_wconf 85' lang='lat' dir='ltr'><strong>Francorum</strong></span> <span class='ocrx_word' id='word_1_321' title='bbox 2186 2669 2371 2725; x_wconf 89' lang='lat' dir='ltr'><strong>regno</strong></span> <span class='ocrx_word' id='word_1_322' title='bbox 2399 2651 2722 2722; x_wconf 65' lang='lat' dir='ltr'><strong>prmsertim</strong></span> <span class='ocrx_word' id='word_1_323' title='bbox 2750 2650 2939 2723; x_wconf 89' lang='lat' dir='ltr'><strong>quoad</strong></span> <span class='ocrx_word' id='word_1_324' title='bbox 2966 2649 3213 2721; x_wconf 83' lang='lat' dir='ltr'><strong>synodos</strong></span> <span class='ocrx_word' id='word_1_325' title='bbox 3232 2647 3606 2721; x_wconf 87' lang='lat' dir='ltr'><strong>provinciales</strong></span> <span class='ocrx_word' id='word_1_326' title='bbox 3626 2646 3866 2717; x_wconf 79' lang='lat' dir='ltr'><strong>vigebat</strong></span> 
     </span>
    </p>
   </div>
   <div class='ocr_carea' id='block_1_28' title="bbox 497 2736 3865 2814">
    <p class='ocr_par' dir='ltr' id='par_1_28' title="bbox 497 2736 3865 2814">
     <span class='ocr_line' id='line_1_28' title="bbox 497 2736 3865 2814; baseline -0.001 -20"><span class='ocrx_word' id='word_1_327' title='bbox 497 2756 673 2811; x_wconf 87' lang='lat' dir='ltr'><strong>quam</strong></span> <span class='ocrx_word' id='word_1_328' title='bbox 701 2740 803 2808; x_wconf 92' lang='lat' dir='ltr'><strong>illi,</strong></span> <span class='ocrx_word' id='word_1_329' title='bbox 826 2756 1002 2811; x_wconf 86' lang='lat' dir='ltr'><strong>quam</strong></span> <span class='ocrx_word' id='word_1_330' title='bbox 1027 2743 1164 2793; x_wconf 92' lang='lat' dir='ltr'><strong>tunc</strong></span> <span class='ocrx_word' id='word_1_331' title='bbox 1184 2741 1464 2811; x_wconf 88' lang='lat' dir='ltr'><strong>temporis</strong></span> <span class='ocrx_word' id='word_1_332' title='bbox 1483 2741 1779 2812; x_wconf 85' lang='lat' dir='ltr'><strong>pontiﬁces</strong></span> <span class='ocrx_word' id='word_1_333' title='bbox 1804 2743 2284 2814; x_wconf 83' lang='lat' dir='ltr'><strong>propugnabant;</strong></span> <span class='ocrx_word' id='word_1_334' title='bbox 2306 2743 2423 2797; x_wconf 91' lang='lat' dir='ltr'><strong>imo</strong></span> <span class='ocrx_word' id='word_1_335' title='bbox 2443 2742 2719 2796; x_wconf 90' lang='lat' dir='ltr'><strong>nonnulla</strong></span> <span class='ocrx_word' id='word_1_336' title='bbox 2741 2744 2875 2795; x_wconf 92' lang='lat' dir='ltr'><strong>sunt</strong></span> <span class='ocrx_word' id='word_1_337' title='bbox 2900 2756 3028 2810; x_wconf 61' lang='lat' dir='ltr'><strong>quae</strong></span> <span class='ocrx_word' id='word_1_338' title='bbox 3045 2739 3274 2810; x_wconf 86' lang='lat' dir='ltr'><strong>juribus</strong></span> <span class='ocrx_word' id='word_1_339' title='bbox 3305 2738 3640 2810; x_wconf 86' lang='lat' dir='ltr'><strong>pontiﬁcum</strong></span> <span class='ocrx_word' id='word_1_340' title='bbox 3666 2736 3865 2790; x_wconf 90' lang='lat' dir='ltr'><strong>minus</strong></span> 
     </span>
    </p>
   </div>
   <div class='ocr_carea' id='block_1_29' title="bbox 498 2828 3865 2905">
    <p class='ocr_par' dir='ltr' id='par_1_29' title="bbox 498 2828 3865 2905">
     <span class='ocr_line' id='line_1_29' title="bbox 498 2828 3865 2905; baseline -0.001 -20"><span class='ocrx_word' id='word_1_341' title='bbox 498 2830 686 2885; x_wconf 84' lang='lat' dir='ltr'><strong>favere</strong></span> <span class='ocrx_word' id='word_1_342' title='bbox 713 2828 996 2897; x_wconf 88' lang='lat' dir='ltr'><strong>videntur,</strong></span> <span class='ocrx_word' id='word_1_343' title='bbox 1025 2832 1090 2883; x_wconf 90' lang='lat' dir='ltr'><strong>ut</strong></span> <span class='ocrx_word' id='word_1_344' title='bbox 1117 2829 1367 2900; x_wconf 87' lang='lat' dir='ltr'><strong>capitula</strong></span> <span class='ocrx_word' id='word_1_345' title='bbox 1393 2834 1445 2898; x_wconf 85' lang='lat'><strong>6,</strong></span> <span class='ocrx_word' id='word_1_346' title='bbox 1477 2834 1566 2901; x_wconf 89' lang='lat'><strong>20,</strong></span> <span class='ocrx_word' id='word_1_347' title='bbox 1597 2835 1686 2899; x_wconf 91' lang='lat'><strong>27,</strong></span> <span class='ocrx_word' id='word_1_348' title='bbox 1712 2836 1802 2888; x_wconf 88' lang='lat'><strong>28.</strong></span> <span class='ocrx_word' id='word_1_349' title='bbox 1831 2834 2038 2889; x_wconf 83' lang='lat' dir='ltr'><strong>Fontes</strong></span> <span class='ocrx_word' id='word_1_350' title='bbox 2066 2833 2337 2905; x_wconf 89' lang='lat' dir='ltr'><strong>denique,</strong></span> <span class='ocrx_word' id='word_1_351' title='bbox 2365 2849 2431 2887; x_wconf 83' lang='lat' dir='ltr'><strong>ex</strong></span> <span class='ocrx_word' id='word_1_352' title='bbox 2470 2832 2675 2903; x_wconf 88' lang='lat' dir='ltr'><strong>quibus</strong></span> <span class='ocrx_word' id='word_1_353' title='bbox 2712 2831 2913 2885; x_wconf 88' lang='lat' dir='ltr'><strong>hausta</strong></span> <span class='ocrx_word' id='word_1_354' title='bbox 2943 2835 3075 2883; x_wconf 90' lang='lat' dir='ltr'><strong>sunt</strong></span> <span class='ocrx_word' id='word_1_355' title='bbox 3110 2830 3375 2900; x_wconf 87' lang='lat' dir='ltr'><strong>capitula,</strong></span> <span class='ocrx_word' id='word_1_356' title='bbox 3403 2829 3443 2883; x_wconf 92' lang='lat' dir='ltr'><strong>ii</strong></span> <span class='ocrx_word' id='word_1_357' title='bbox 3475 2845 3585 2882; x_wconf 92' lang='lat' dir='ltr'><strong>non</strong></span> <span class='ocrx_word' id='word_1_358' title='bbox 3627 2831 3760 2881; x_wconf 90' lang='lat' dir='ltr'><strong>sunt</strong></span> <span class='ocrx_word' id='word_1_359' title='bbox 3789 2844 3865 2881; x_wconf 83' lang='lat' dir='ltr'><strong>ex</strong></span> 
     </span>
    </p>
   </div>
   <div class='ocr_carea' id='block_1_30' title="bbox 496 2915 3866 2995">
    <p class='ocr_par' dir='ltr' id='par_1_30' title="bbox 496 2915 3866 2995">
     <span class='ocr_line' id='line_1_30' title="bbox 496 2915 3866 2995; baseline -0.001 -23"><span class='ocrx_word' id='word_1_360' title='bbox 496 2919 702 2989; x_wconf 87' lang='lat' dir='ltr'><strong>quibus</strong></span> <span class='ocrx_word' id='word_1_361' title='bbox 741 2919 1027 2972; x_wconf 86' lang='lat' dir='ltr'><strong>Romanus</strong></span> <span class='ocrx_word' id='word_1_362' title='bbox 1075 2919 1332 2989; x_wconf 81' lang='lat' dir='ltr'><strong>pontifex</strong></span> <span class='ocrx_word' id='word_1_363' title='bbox 1380 2921 1675 2990; x_wconf 87' lang='lat' dir='ltr'><strong>hausisset,</strong></span> <span class='ocrx_word' id='word_1_364' title='bbox 1703 2923 1861 2977; x_wconf 90' lang='lat' dir='ltr'><strong>verbi</strong></span> <span class='ocrx_word' id='word_1_365' title='bbox 1889 2922 2092 2995; x_wconf 88' lang='lat' dir='ltr'><strong>gratia,</strong></span> <span class='ocrx_word' id='word_1_366' title='bbox 2125 2923 2470 2993; x_wconf 88' lang='lat' dir='ltr'><strong>synodorum</strong></span> <span class='ocrx_word' id='word_1_367' title='bbox 2511 2920 2881 2991; x_wconf 89' lang='lat' dir='ltr'><strong>hispanarum</strong></span> <span class='ocrx_word' id='word_1_368' title='bbox 2925 2925 2980 2973; x_wconf 90' lang='lat' dir='ltr'><strong>et</strong></span> <span class='ocrx_word' id='word_1_369' title='bbox 3025 2918 3437 2987; x_wconf 81' lang='lat' dir='ltr'><strong>gallicanarum</strong></span> <span class='ocrx_word' id='word_1_370' title='bbox 3488 2917 3737 2981; x_wconf 89' lang='lat' dir='ltr'><strong>decreta,</strong></span> <span class='ocrx_word' id='word_1_371' title='bbox 3771 2915 3866 2969; x_wconf 86' lang='lat' dir='ltr'><strong>lex</strong></span> 
     </span>
    </p>
   </div>
   <div class='ocr_carea' id='block_1_31' title="bbox 496 3005 3864 3082">
    <p class='ocr_par' dir='ltr' id='par_1_31' title="bbox 496 3005 3864 3082">
     <span class='ocr_line' id='line_1_31' title="bbox 496 3005 3864 3082; baseline -0.001 -18"><span class='ocrx_word' id='word_1_372' title='bbox 496 3008 940 3079; x_wconf 87' lang='lat' dir='ltr'><strong>Visigothorum,</strong></span> <span class='ocrx_word' id='word_1_373' title='bbox 969 3008 1314 3064; x_wconf 88' lang='lat' dir='ltr'><strong>breviarium</strong></span> <span class='ocrx_word' id='word_1_374' title='bbox 1353 3011 1755 3067; x_wconf 78' lang='lat' dir='ltr'><strong>Alaricianum.</strong></span> <span class='ocrx_word' id='word_1_375' title='bbox 1798 3014 1914 3068; x_wconf 89' lang='lat' dir='ltr'><strong>Imo</strong></span> <span class='ocrx_word' id='word_1_376' title='bbox 1962 3031 2075 3068; x_wconf 91' lang='lat' dir='ltr'><strong>non</strong></span> <span class='ocrx_word' id='word_1_377' title='bbox 2123 3013 2331 3068; x_wconf 87' lang='lat' dir='ltr'><strong>desunt</strong></span> <span class='ocrx_word' id='word_1_378' title='bbox 2360 3012 2489 3082; x_wconf 83' lang='lat' dir='ltr'><strong>(I5),</strong></span> <span class='ocrx_word' id='word_1_379' title='bbox 2518 3011 2615 3081; x_wconf 90' lang='lat' dir='ltr'><strong>qui</strong></span> <span class='ocrx_word' id='word_1_380' title='bbox 2660 3014 2948 3075; x_wconf 90' lang='lat' dir='ltr'><strong>censeant,</strong></span> <span class='ocrx_word' id='word_1_381' title='bbox 2981 3007 3133 3062; x_wconf 88' lang='lat' dir='ltr'><strong>dicta</strong></span> <span class='ocrx_word' id='word_1_382' title='bbox 3178 3006 3424 3077; x_wconf 88' lang='lat' dir='ltr'><strong>capitula</strong></span> <span class='ocrx_word' id='word_1_383' title='bbox 3464 3005 3693 3061; x_wconf 91' lang='lat' dir='ltr'><strong>serioris</strong></span> <span class='ocrx_word' id='word_1_384' title='bbox 3738 3022 3864 3060; x_wconf 86' lang='lat' dir='ltr'><strong>esse</strong></span> 
     </span>
    </p>
   </div>
   <div class='ocr_carea' id='block_1_32' title="bbox 496 3097 1533 3168">
    <p class='ocr_par' dir='ltr' id='par_1_32' title="bbox 496 3097 1533 3168">
     <span class='ocr_line' id='line_1_32' title="bbox 496 3097 1533 3168; baseline 0.001 -13"><span class='ocrx_word' id='word_1_385' title='bbox 496 3099 678 3155; x_wconf 69' lang='lat' dir='ltr'><strong>aetatis</strong></span> <span class='ocrx_word' id='word_1_386' title='bbox 710 3101 768 3153; x_wconf 88' lang='lat' dir='ltr'><strong>et</strong></span> <span class='ocrx_word' id='word_1_387' title='bbox 792 3098 862 3153; x_wconf 88' lang='lat' dir='ltr'><strong>ab</strong></span> <span class='ocrx_word' id='word_1_388' title='bbox 896 3097 1017 3168; x_wconf 92' lang='lat' dir='ltr'><strong>ipso</strong></span> <span class='ocrx_word' id='word_1_389' title='bbox 1044 3098 1355 3154; x_wconf 81' lang='lat' dir='ltr'><strong>Mercatore</strong></span> <span class='ocrx_word' id='word_1_390' title='bbox 1382 3100 1533 3156; x_wconf 90' lang='lat' dir='ltr'><strong>ﬁcta.</strong></span> 
     </span>
    </p>
   </div>
   <div class='ocr_carea' id='block_1_33' title="bbox 568 3192 3865 3274">
    <p class='ocr_par' dir='ltr' id='par_1_33' title="bbox 568 3192 3865 3274">
     <span class='ocr_line' id='line_1_33' title="bbox 568 3192 3865 3274; baseline -0.002 -22"><span class='ocrx_word' id='word_1_391' title='bbox 568 3196 883 3252; x_wconf 91' lang='lat' dir='ltr'><strong>Invalidum</strong></span> <span class='ocrx_word' id='word_1_392' title='bbox 911 3199 996 3249; x_wconf 91' lang='lat' dir='ltr'><strong>est</strong></span> <span class='ocrx_word' id='word_1_393' title='bbox 1024 3195 1199 3267; x_wconf 89' lang='lat' dir='ltr'><strong>igitur</strong></span> <span class='ocrx_word' id='word_1_394' title='bbox 1224 3204 1632 3269; x_wconf 88' lang='lat' dir='ltr'><strong>argumentum</strong></span> <span class='ocrx_word' id='word_1_395' title='bbox 1661 3202 1819 3274; x_wconf 90' lang='lat' dir='ltr'><strong>quod</strong></span> <span class='ocrx_word' id='word_1_396' title='bbox 1845 3203 1895 3258; x_wconf 90' lang='lat' dir='ltr'><strong>ei</strong></span> <span class='ocrx_word' id='word_1_397' title='bbox 1930 3203 2195 3258; x_wconf 89' lang='lat' dir='ltr'><strong>innititur</strong></span> <span class='ocrx_word' id='word_1_398' title='bbox 2231 3207 2528 3274; x_wconf 65' lang='lat' dir='ltr'><strong>prmtenses</strong></span> <span class='ocrx_word' id='word_1_399' title='bbox 2567 3199 2794 3266; x_wconf 86' lang='lat' dir='ltr'><strong>rationi,</strong></span> <span class='ocrx_word' id='word_1_400' title='bbox 2825 3197 3066 3268; x_wconf 90' lang='lat' dir='ltr'><strong>capitula</strong></span> <span class='ocrx_word' id='word_1_401' title='bbox 3097 3192 3460 3266; x_wconf 87' lang='lat' dir='ltr'><strong>Angilramni</strong></span> <span class='ocrx_word' id='word_1_402' title='bbox 3490 3194 3685 3248; x_wconf 77' lang='lat' dir='ltr'><strong>Romae</strong></span> <span class='ocrx_word' id='word_1_403' title='bbox 3717 3208 3865 3247; x_wconf 90' lang='lat' dir='ltr'><strong>con—</strong></span> 
     </span>
    </p>
   </div>
   <div class='ocr_carea' id='block_1_34' title="bbox 494 3281 3869 3362">
    <p class='ocr_par' dir='ltr' id='par_1_34' title="bbox 494 3281 3869 3362">
     <span class='ocr_line' id='line_1_34' title="bbox 494 3281 3869 3362; baseline -0.003 -19"><span class='ocrx_word' id='word_1_404' title='bbox 494 3290 643 3343; x_wconf 82' lang='lat' dir='ltr'><strong>fecta</strong></span> <span class='ocrx_word' id='word_1_405' title='bbox 669 3287 876 3354; x_wconf 88' lang='lat' dir='ltr'><strong>fuisse;</strong></span> <span class='ocrx_word' id='word_1_406' title='bbox 910 3285 1099 3341; x_wconf 83' lang='lat' dir='ltr'><strong>deﬁcit</strong></span> <span class='ocrx_word' id='word_1_407' title='bbox 1129 3302 1266 3358; x_wconf 89' lang='lat' dir='ltr'><strong>ergo</strong></span> <span class='ocrx_word' id='word_1_408' title='bbox 1293 3289 1467 3344; x_wconf 91' lang='lat' dir='ltr'><strong>locus.</strong></span> <span class='ocrx_word' id='word_1_409' title='bbox 1497 3293 1704 3348; x_wconf 88' lang='lat' dir='ltr'><strong>Verum</strong></span> <span class='ocrx_word' id='word_1_410' title='bbox 1732 3294 1940 3348; x_wconf 89' lang='lat' dir='ltr'><strong>falsum</strong></span> <span class='ocrx_word' id='word_1_411' title='bbox 1967 3299 2053 3352; x_wconf 91' lang='lat' dir='ltr'><strong>est</strong></span> <span class='ocrx_word' id='word_1_412' title='bbox 2078 3294 2249 3349; x_wconf 88' lang='lat' dir='ltr'><strong>etiam</strong></span> <span class='ocrx_word' id='word_1_413' title='bbox 2277 3309 2347 3347; x_wconf 80' lang='lat' dir='ltr'><strong>ex</strong></span> <span class='ocrx_word' id='word_1_414' title='bbox 2378 3292 2500 3362; x_wconf 88' lang='lat' dir='ltr'><strong>ipso</strong></span> <span class='ocrx_word' id='word_1_415' title='bbox 2527 3293 2835 3347; x_wconf 86' lang='lat' dir='ltr'><strong>Mercatore</strong></span> <span class='ocrx_word' id='word_1_416' title='bbox 2866 3290 3138 3359; x_wconf 82' lang='lat' dir='ltr'><strong>excerpta</strong></span> <span class='ocrx_word' id='word_1_417' title='bbox 3165 3286 3368 3352; x_wconf 82' lang='lat' dir='ltr'><strong>fuisse;</strong></span> <span class='ocrx_word' id='word_1_418' title='bbox 3406 3300 3548 3355; x_wconf 85' lang='lat' dir='ltr'><strong>ergo</strong></span> <span class='ocrx_word' id='word_1_419' title='bbox 3581 3281 3770 3337; x_wconf 85' lang='lat' dir='ltr'><strong>deﬁcit</strong></span> <span class='ocrx_word' id='word_1_420' title='bbox 3802 3286 3869 3335; x_wconf 89' lang='lat' dir='ltr'><strong>et</strong></span> 
     </span>
    </p>
   </div>
   <div class='ocr_carea' id='block_1_35' title="bbox 493 3372 3864 3454">
    <p class='ocr_par' dir='ltr' id='par_1_35' title="bbox 493 3372 3864 3454">
     <span class='ocr_line' id='line_1_35' title="bbox 493 3372 3864 3454; baseline -0.002 -21"><span class='ocrx_word' id='word_1_421' title='bbox 493 3382 740 3448; x_wconf 86' lang='lat' dir='ltr'><strong>tempus.</strong></span> <span class='ocrx_word' id='word_1_422' title='bbox 772 3376 921 3430; x_wconf 86' lang='lat' dir='ltr'><strong>Nihil</strong></span> <span class='ocrx_word' id='word_1_423' title='bbox 947 3375 1004 3430; x_wconf 92' lang='lat' dir='ltr'><strong>in</strong></span> <span class='ocrx_word' id='word_1_424' title='bbox 1038 3376 1107 3430; x_wconf 91' lang='lat' dir='ltr'><strong>iis</strong></span> <span class='ocrx_word' id='word_1_425' title='bbox 1133 3383 1218 3433; x_wconf 92' lang='lat' dir='ltr'><strong>est</strong></span> <span class='ocrx_word' id='word_1_426' title='bbox 1252 3380 1406 3449; x_wconf 87' lang='lat' dir='ltr'><strong>quod</strong></span> <span class='ocrx_word' id='word_1_427' title='bbox 1433 3397 1606 3453; x_wconf 89' lang='lat' dir='ltr'><strong>scopo</strong></span> <span class='ocrx_word' id='word_1_428' title='bbox 1653 3386 1707 3438; x_wconf 90' lang='lat' dir='ltr'><strong>et</strong></span> <span class='ocrx_word' id='word_1_429' title='bbox 1747 3383 2040 3454; x_wconf 88' lang='lat' dir='ltr'><strong>principiis</strong></span> <span class='ocrx_word' id='word_1_430' title='bbox 2078 3381 2622 3439; x_wconf 89' lang='lat' dir='ltr'><strong>Pseudoisidorianis</strong></span> <span class='ocrx_word' id='word_1_431' title='bbox 2665 3379 2987 3451; x_wconf 57' lang='lat' dir='ltr'><strong>praesertim</strong></span> <span class='ocrx_word' id='word_1_432' title='bbox 3029 3379 3175 3433; x_wconf 90' lang='lat' dir='ltr'><strong>circa</strong></span> <span class='ocrx_word' id='word_1_433' title='bbox 3209 3375 3601 3431; x_wconf 87' lang='lat' dir='ltr'><strong>accusationes</strong></span> <span class='ocrx_word' id='word_1_434' title='bbox 3640 3372 3864 3443; x_wconf 83' lang='lat' dir='ltr'><strong>episco-</strong></span> 
     </span>
    </p>
   </div>
   <div class='ocr_carea' id='block_1_36' title="bbox 494 3462 3865 3546">
    <p class='ocr_par' dir='ltr' id='par_1_36' title="bbox 494 3462 3865 3546">
     <span class='ocr_line' id='line_1_36' title="bbox 494 3462 3865 3546; baseline -0.001 -24"><span class='ocrx_word' id='word_1_435' title='bbox 494 3484 698 3540; x_wconf 84' lang='lat' dir='ltr'><strong>porum</strong></span> <span class='ocrx_word' id='word_1_436' title='bbox 726 3466 1048 3522; x_wconf 89' lang='lat' dir='ltr'><strong>conveniat.</strong></span> <span class='ocrx_word' id='word_1_437' title='bbox 1079 3468 1216 3522; x_wconf 87' lang='lat' dir='ltr'><strong>Nam</strong></span> <span class='ocrx_word' id='word_1_438' title='bbox 1256 3486 1383 3539; x_wconf 65' lang='lat' dir='ltr'><strong>qua:</strong></span> <span class='ocrx_word' id='word_1_439' title='bbox 1410 3470 1471 3526; x_wconf 92' lang='lat' dir='ltr'><strong>in</strong></span> <span class='ocrx_word' id='word_1_440' title='bbox 1501 3471 1723 3528; x_wconf 90' lang='lat' dir='ltr'><strong>duobus</strong></span> <span class='ocrx_word' id='word_1_441' title='bbox 1750 3474 2014 3546; x_wconf 88' lang='lat' dir='ltr'><strong>capitulis</strong></span> <span class='ocrx_word' id='word_1_442' title='bbox 2053 3492 2122 3530; x_wconf 83' lang='lat' dir='ltr'><strong>ex</strong></span> <span class='ocrx_word' id='word_1_443' title='bbox 2158 3475 2367 3530; x_wconf 91' lang='lat' dir='ltr'><strong>Isidoro</strong></span> <span class='ocrx_word' id='word_1_444' title='bbox 2397 3472 2765 3527; x_wconf 90' lang='lat' dir='ltr'><strong>inveniuntur</strong></span> <span class='ocrx_word' id='word_1_445' title='bbox 2792 3469 3116 3540; x_wconf 87' lang='lat' dir='ltr'><strong>desumpta,</strong></span> <span class='ocrx_word' id='word_1_446' title='bbox 3147 3467 3205 3521; x_wconf 94' lang='lat' dir='ltr'><strong>in</strong></span> <span class='ocrx_word' id='word_1_447' title='bbox 3234 3465 3428 3521; x_wconf 87' lang='lat' dir='ltr'><strong>codice</strong></span> <span class='ocrx_word' id='word_1_448' title='bbox 3456 3479 3574 3517; x_wconf 91' lang='lat' dir='ltr'><strong>uno</strong></span> <span class='ocrx_word' id='word_1_449' title='bbox 3603 3462 3865 3518; x_wconf 90' lang='lat' dir='ltr'><strong>melioris</strong></span> 
     </span>
    </p>
   </div>
   <div class='ocr_carea' id='block_1_37' title="bbox 493 3552 3866 3630">
    <p class='ocr_par' dir='ltr' id='par_1_37' title="bbox 493 3552 3866 3630">
     <span class='ocr_line' id='line_1_37' title="bbox 493 3552 3866 3630; baseline -0.001 -19"><span class='ocrx_word' id='word_1_450' title='bbox 493 3561 645 3612; x_wconf 64' lang='lat' dir='ltr'><strong>notae</strong></span> <span class='ocrx_word' id='word_1_451' title='bbox 669 3558 866 3612; x_wconf 89' lang='lat' dir='ltr'><strong>deesse</strong></span> <span class='ocrx_word' id='word_1_452' title='bbox 893 3557 1188 3628; x_wconf 89' lang='lat' dir='ltr'><strong>seriusque</strong></span> <span class='ocrx_word' id='word_1_453' title='bbox 1222 3558 1567 3630; x_wconf 88' lang='lat' dir='ltr'><strong>interpolata</strong></span> <span class='ocrx_word' id='word_1_454' title='bbox 1595 3563 1770 3619; x_wconf 90' lang='lat' dir='ltr'><strong>fuisse</strong></span> <span class='ocrx_word' id='word_1_455' title='bbox 1793 3568 2033 3620; x_wconf 85' lang='lat' dir='ltr'><strong>testatur</strong></span> <span class='ocrx_word' id='word_1_456' title='bbox 2061 3564 2573 3619; x_wconf 87' lang='lat' dir='ltr'><strong>Wasserschleben.</strong></span> <span class='ocrx_word' id='word_1_457' title='bbox 2612 3563 2730 3615; x_wconf 92' lang='lat' dir='ltr'><strong>Imo</strong></span> <span class='ocrx_word' id='word_1_458' title='bbox 2773 3558 3049 3613; x_wconf 89' lang='lat' dir='ltr'><strong>nonnulla</strong></span> <span class='ocrx_word' id='word_1_459' title='bbox 3090 3558 3225 3610; x_wconf 87' lang='lat' dir='ltr'><strong>sunt</strong></span> <span class='ocrx_word' id='word_1_460' title='bbox 3264 3555 3324 3609; x_wconf 91' lang='lat' dir='ltr'><strong>in</strong></span> <span class='ocrx_word' id='word_1_461' title='bbox 3364 3554 3453 3623; x_wconf 90' lang='lat' dir='ltr'><strong>iis,</strong></span> <span class='ocrx_word' id='word_1_462' title='bbox 3480 3569 3608 3625; x_wconf 66' lang='lat' dir='ltr'><strong>quas</strong></span> <span class='ocrx_word' id='word_1_463' title='bbox 3642 3552 3866 3607; x_wconf 88' lang='lat' dir='ltr'><strong>Isidoro</strong></span> 
     </span>
    </p>
   </div>
   <div class='ocr_carea' id='block_1_38' title="bbox 493 3644 2099 3718">
    <p class='ocr_par' dir='ltr' id='par_1_38' title="bbox 493 3646 2099 3718">
     <span class='ocr_line' id='line_1_38' title="bbox 493 3646 2099 3718; baseline 0.004 -17"><span class='ocrx_word' id='word_1_464' title='bbox 493 3646 900 3714; x_wconf 85' lang='lat' dir='ltr'><strong>contradicant,</strong></span> <span class='ocrx_word' id='word_1_465' title='bbox 948 3649 1013 3700; x_wconf 88' lang='lat' dir='ltr'><strong>ut</strong></span> <span class='ocrx_word' id='word_1_466' title='bbox 1063 3664 1183 3718; x_wconf 90' lang='lat' dir='ltr'><strong>cap.</strong></span> <span class='ocrx_word' id='word_1_467' title='bbox 1256 3652 1309 3718; x_wconf 90' lang='lat'><strong>6,</strong></span> <span class='ocrx_word' id='word_1_468' title='bbox 1364 3653 1449 3716; x_wconf 92' lang='lat' dir='ltr'><strong>I2,</strong></span> <span class='ocrx_word' id='word_1_469' title='bbox 1504 3654 1594 3718; x_wconf 90' lang='lat'><strong>27,</strong></span> <span class='ocrx_word' id='word_1_470' title='bbox 1647 3656 1736 3708; x_wconf 92' lang='lat'><strong>28.</strong></span> <span class='ocrx_word' id='word_1_471' title='bbox 1793 3655 2099 3708; x_wconf 84' lang='lat' dir='ltr'><strong>Manifestu</strong></span> 
     </span>
    </p>
   </div>
   <div class='ocr_carea' id='block_1_39' title="bbox 2246 3644 3852 3718">
    <p class='ocr_par' dir='ltr' id='par_1_39' title="bbox 2246 3644 3852 3716">
     <span class='ocr_line' id='line_1_39' title="bbox 2246 3644 3852 3716; baseline -0.006 -9"><span class='ocrx_word' id='word_1_472' title='bbox 2246 3657 2307 3707; x_wconf 76' lang='lat' dir='ltr'><strong>:st</strong></span> <span class='ocrx_word' id='word_1_473' title='bbox 2369 3669 2399 3707; x_wconf 88' lang='lat' dir='ltr'><strong>e</strong></span> <span class='ocrx_word' id='word_1_474' title='bbox 2443 3650 2730 3706; x_wconf 90' lang='lat' dir='ltr'><strong>contrario</strong></span> <span class='ocrx_word' id='word_1_475' title='bbox 2798 3647 3076 3702; x_wconf 91' lang='lat' dir='ltr'><strong>Isidorum</strong></span> <span class='ocrx_word' id='word_1_476' title='bbox 3135 3662 3201 3702; x_wconf 86' lang='lat' dir='ltr'><strong>ex</strong></span> <span class='ocrx_word' id='word_1_477' title='bbox 3259 3644 3631 3716; x_wconf 88' lang='lat' dir='ltr'><strong>Angilramno</strong></span> <span class='ocrx_word' id='word_1_478' title='bbox 3698 3644 3852 3698; x_wconf 91' lang='lat' dir='ltr'><strong>hau-</strong></span> 
     </span>
    </p>
   </div>
   <div class='ocr_carea' id='block_1_40' title="bbox 494 3734 3865 3811">
    <p class='ocr_par' dir='ltr' id='par_1_40' title="bbox 494 3734 3865 3811">
     <span class='ocr_line' id='line_1_40' title="bbox 494 3734 3865 3811; baseline -0.001 -19"><span class='ocrx_word' id='word_1_479' title='bbox 494 3738 648 3805; x_wconf 87' lang='lat' dir='ltr'><strong>sisse,</strong></span> <span class='ocrx_word' id='word_1_480' title='bbox 705 3753 837 3791; x_wconf 89' lang='lat' dir='ltr'><strong>cum</strong></span> <span class='ocrx_word' id='word_1_481' title='bbox 896 3752 1328 3808; x_wconf 90' lang='lat' dir='ltr'><strong>nonnunquam,</strong></span> <span class='ocrx_word' id='word_1_482' title='bbox 1389 3738 1490 3793; x_wconf 90' lang='lat' dir='ltr'><strong>ubi</strong></span> <span class='ocrx_word' id='word_1_483' title='bbox 1540 3741 1633 3795; x_wconf 91' lang='lat' dir='ltr'><strong>hic</strong></span> <span class='ocrx_word' id='word_1_484' title='bbox 1693 3742 1880 3798; x_wconf 89' lang='lat' dir='ltr'><strong>fontes</strong></span> <span class='ocrx_word' id='word_1_485' title='bbox 1942 3760 2075 3798; x_wconf 89' lang='lat' dir='ltr'><strong>suos</strong></span> <span class='ocrx_word' id='word_1_486' title='bbox 2130 3742 2448 3799; x_wconf 89' lang='lat' dir='ltr'><strong>accuratius</strong></span> <span class='ocrx_word' id='word_1_487' title='bbox 2508 3738 2859 3811; x_wconf 89' lang='lat' dir='ltr'><strong>allegaverit,</strong></span> <span class='ocrx_word' id='word_1_488' title='bbox 2913 3737 3008 3793; x_wconf 91' lang='lat' dir='ltr'><strong>ille</strong></span> <span class='ocrx_word' id='word_1_489' title='bbox 3066 3735 3219 3791; x_wconf 91' lang='lat' dir='ltr'><strong>vario</strong></span> <span class='ocrx_word' id='word_1_490' title='bbox 3272 3734 3446 3790; x_wconf 91' lang='lat' dir='ltr'><strong>modo</strong></span> <span class='ocrx_word' id='word_1_491' title='bbox 3520 3734 3865 3789; x_wconf 88' lang='lat' dir='ltr'><strong>immutatos</strong></span> 
     </span>
    </p>
   </div>
   <div class='ocr_carea' id='block_1_41' title="bbox 499 3827 720 3883">
    <p class='ocr_par' dir='ltr' id='par_1_41' title="bbox 499 3827 720 3883">
     <span class='ocr_line' id='line_1_41' title="bbox 499 3827 720 3883; baseline 0 -2"><span class='ocrx_word' id='word_1_492' title='bbox 499 3827 720 3883; x_wconf 88' lang='lat' dir='ltr'><strong>reddat.</strong></span> 
     </span>
    </p>
   </div>
   <div class='ocr_carea' id='block_1_42' title="bbox 566 3922 3861 3999">
    <p class='ocr_par' dir='ltr' id='par_1_42' title="bbox 566 3922 3861 3999">
     <span class='ocr_line' id='line_1_42' title="bbox 566 3922 3861 3999; baseline -0.001 -17"><span class='ocrx_word' id='word_1_493' title='bbox 566 3929 759 3999; x_wconf 85' lang='lat' dir='ltr'><strong>Neque</strong></span> <span class='ocrx_word' id='word_1_494' title='bbox 785 3928 986 3983; x_wconf 86' lang='lat' dir='ltr'><strong>melius</strong></span> <span class='ocrx_word' id='word_1_495' title='bbox 1012 3929 1258 3985; x_wconf 90' lang='lat' dir='ltr'><strong>Theiner</strong></span> <span class='ocrx_word' id='word_1_496' title='bbox 1286 3932 1343 3985; x_wconf 90' lang='lat' dir='ltr'><strong>et</strong></span> <span class='ocrx_word' id='word_1_497' title='bbox 1372 3931 1654 3986; x_wconf 88' lang='lat' dir='ltr'><strong>Eichhorn</strong></span> <span class='ocrx_word' id='word_1_498' title='bbox 1696 3934 1999 3989; x_wconf 87' lang='lat' dir='ltr'><strong>nonnullas</strong></span> <span class='ocrx_word' id='word_1_499' title='bbox 2033 3932 2573 3991; x_wconf 77' lang='lat' dir='ltr'><strong>Pseudoisidoriante</strong></span> <span class='ocrx_word' id='word_1_500' title='bbox 2604 3927 2951 3985; x_wconf 90' lang='lat' dir='ltr'><strong>collectionis</strong></span> <span class='ocrx_word' id='word_1_501' title='bbox 2978 3929 3190 3999; x_wconf 85' lang='lat' dir='ltr'><strong>partes,</strong></span> <span class='ocrx_word' id='word_1_502' title='bbox 3220 3928 3286 3980; x_wconf 88' lang='lat' dir='ltr'><strong>ut</strong></span> <span class='ocrx_word' id='word_1_503' title='bbox 3310 3923 3575 3996; x_wconf 88' lang='lat' dir='ltr'><strong>epistolas</strong></span> <span class='ocrx_word' id='word_1_504' title='bbox 3601 3922 3861 3979; x_wconf 87' lang='lat' dir='ltr'><strong>Pseudo-</strong></span> 
     </span>
    </p>
   </div>
   <div class='ocr_carea' id='block_1_43' title="bbox 496 4013 3864 4096">
    <p class='ocr_par' dir='ltr' id='par_1_43' title="bbox 496 4013 3864 4096">
     <span class='ocr_line' id='line_1_43' title="bbox 496 4013 3864 4096; baseline -0.001 -23"><span class='ocrx_word' id='word_1_505' title='bbox 496 4018 888 4086; x_wconf 90' lang='lat' dir='ltr'><strong>clementinas,</strong></span> <span class='ocrx_word' id='word_1_506' title='bbox 921 4018 1295 4074; x_wconf 89' lang='lat' dir='ltr'><strong>donationem</strong></span> <span class='ocrx_word' id='word_1_507' title='bbox 1317 4022 1695 4092; x_wconf 89' lang='lat' dir='ltr'><strong>Constantini,</strong></span> <span class='ocrx_word' id='word_1_508' title='bbox 1730 4027 1894 4094; x_wconf 85' lang='lat' dir='ltr'><strong>gesta</strong></span> <span class='ocrx_word' id='word_1_509' title='bbox 1920 4025 2208 4096; x_wconf 88' lang='lat' dir='ltr'><strong>Sylvestri,</strong></span> <span class='ocrx_word' id='word_1_510' title='bbox 2230 4042 2263 4079; x_wconf 93' lang='lat' dir='ltr'><strong>a</strong></span> <span class='ocrx_word' id='word_1_511' title='bbox 2290 4023 2528 4080; x_wconf 89' lang='lat' dir='ltr'><strong>testibus</strong></span> <span class='ocrx_word' id='word_1_512' title='bbox 2550 4018 2746 4077; x_wconf 69' lang='lat' dir='ltr'><strong>saeculi</strong></span> <span class='ocrx_word' id='word_1_513' title='bbox 2773 4017 2974 4084; x_wconf 90' lang='lat' dir='ltr'><strong>octavi,</strong></span> <span class='ocrx_word' id='word_1_514' title='bbox 2997 4022 3063 4072; x_wconf 92' lang='lat' dir='ltr'><strong>ut</strong></span> <span class='ocrx_word' id='word_1_515' title='bbox 3092 4015 3372 4071; x_wconf 88' lang='lat' dir='ltr'><strong>Hadriano</strong></span> <span class='ocrx_word' id='word_1_516' title='bbox 3398 4016 3418 4068; x_wconf 91' lang='grc' dir='ltr'><strong>Ι</strong></span> <span class='ocrx_word' id='word_1_517' title='bbox 3440 4014 3498 4068; x_wconf 91' lang='lat' dir='ltr'><strong>in</strong></span> <span class='ocrx_word' id='word_1_518' title='bbox 3525 4013 3767 4084; x_wconf 90' lang='lat' dir='ltr'><strong>epistola</strong></span> <span class='ocrx_word' id='word_1_519' title='bbox 3788 4016 3864 4070; x_wconf 91' lang='lat' dir='ltr'><strong>ad</strong></span> 
     </span>
    </p>
   </div>
   <div class='ocr_carea' id='block_1_44' title="bbox 495 4104 3863 4185">
    <p class='ocr_par' dir='ltr' id='par_1_44' title="bbox 495 4104 3863 4185">
     <span class='ocr_line' id='line_1_44' title="bbox 495 4104 3863 4185; baseline -0.001 -21"><span class='ocrx_word' id='word_1_520' title='bbox 495 4110 759 4165; x_wconf 88' lang='lat' dir='ltr'><strong>Carolum</strong></span> <span class='ocrx_word' id='word_1_521' title='bbox 781 4110 1048 4180; x_wconf 86' lang='lat' dir='ltr'><strong>Magnum</strong></span> <span class='ocrx_word' id='word_1_522' title='bbox 1068 4109 1300 4177; x_wconf 87' lang='lat' dir='ltr'><strong>directa,</strong></span> <span class='ocrx_word' id='word_1_523' title='bbox 1323 4110 1621 4181; x_wconf 89' lang='lat' dir='ltr'><strong>capitulari</strong></span> <span class='ocrx_word' id='word_1_524' title='bbox 1643 4114 1896 4184; x_wconf 89' lang='lat' dir='ltr'><strong>quodam</strong></span> <span class='ocrx_word' id='word_1_525' title='bbox 1917 4115 2051 4169; x_wconf 90' lang='lat' dir='ltr'><strong>anni</strong></span> <span class='ocrx_word' id='word_1_526' title='bbox 2073 4118 2197 4185; x_wconf 91' lang='lat'><strong>806,</strong></span> <span class='ocrx_word' id='word_1_527' title='bbox 2224 4113 2387 4169; x_wconf 89' lang='lat' dir='ltr'><strong>dictis</strong></span> <span class='ocrx_word' id='word_1_528' title='bbox 2408 4110 2748 4183; x_wconf 89' lang='lat' dir='ltr'><strong>quibusdam</strong></span> <span class='ocrx_word' id='word_1_529' title='bbox 2768 4106 3053 4179; x_wconf 86' lang='lat' dir='ltr'><strong>Agobardi</strong></span> <span class='ocrx_word' id='word_1_530' title='bbox 3072 4104 3466 4178; x_wconf 88' lang='lat' dir='ltr'><strong>Lugdunensis</strong></span> <span class='ocrx_word' id='word_1_531' title='bbox 3486 4109 3543 4159; x_wconf 88' lang='lat' dir='ltr'><strong>et</strong></span> <span class='ocrx_word' id='word_1_532' title='bbox 3560 4104 3863 4159; x_wconf 86' lang='lat' dir='ltr'><strong>Theodulﬁ</strong></span> 
     </span>
    </p>
   </div>
   <div class='ocr_carea' id='block_1_45' title="bbox 495 4184 3861 4276">
    <p class='ocr_par' dir='ltr' id='par_1_45' title="bbox 495 4184 3861 4276">
     <span class='ocr_line' id='line_1_45' title="bbox 495 4184 3861 4276; baseline -0.002 -23"><span class='ocrx_word' id='word_1_533' title='bbox 495 4199 925 4254; x_wconf 82' lang='lat' dir='ltr'><strong>Aurelianensis</strong></span> <span class='ocrx_word' id='word_1_534' title='bbox 943 4199 1066 4269; x_wconf 84' lang='lat' dir='ltr'><strong>jam</strong></span> <span class='ocrx_word' id='word_1_535' title='bbox 1089 4200 1386 4255; x_wconf 87' lang='lat' dir='ltr'><strong>advocatas</strong></span> <span class='ocrx_word' id='word_1_536' title='bbox 1417 4201 1605 4257; x_wconf 83' lang='lat' dir='ltr'><strong>fuisse.</strong></span> <span class='ocrx_word' id='word_1_537' title='bbox 1632 4204 1775 4258; x_wconf 90' lang='lat' dir='ltr'><strong>Nam</strong></span> <span class='ocrx_word' id='word_1_538' title='bbox 1800 4204 1934 4259; x_wconf 88' lang='lat' dir='ltr'><strong>satis</strong></span> <span class='ocrx_word' id='word_1_539' title='bbox 1961 4184 2202 4273; x_wconf 81' lang='lat' dir='ltr'><strong>constat,</strong></span> <span class='ocrx_word' id='word_1_540' title='bbox 2226 4202 2506 4276; x_wconf 89' lang='lat' dir='ltr'><strong>ejusmodi</strong></span> <span class='ocrx_word' id='word_1_541' title='bbox 2528 4200 2866 4256; x_wconf 87' lang='lat' dir='ltr'><strong>documenta</strong></span> <span class='ocrx_word' id='word_1_542' title='bbox 2888 4198 3011 4269; x_wconf 91' lang='lat' dir='ltr'><strong>jam</strong></span> <span class='ocrx_word' id='word_1_543' title='bbox 3032 4201 3165 4252; x_wconf 84' lang='lat' dir='ltr'><strong>ante</strong></span> <span class='ocrx_word' id='word_1_544' title='bbox 3196 4195 3479 4250; x_wconf 86' lang='lat' dir='ltr'><strong>Isidorum</strong></span> <span class='ocrx_word' id='word_1_545' title='bbox 3508 4193 3641 4249; x_wconf 88' lang='lat' dir='ltr'><strong>ﬁcta</strong></span> <span class='ocrx_word' id='word_1_546' title='bbox 3659 4192 3861 4264; x_wconf 86' lang='lat' dir='ltr'><strong>fuisse,</strong></span> 
     </span>
    </p>
   </div>
   <div class='ocr_carea' id='block_1_46' title="bbox 498 4289 2502 4365">
    <p class='ocr_par' dir='ltr' id='par_1_46' title="bbox 498 4289 2502 4365">
     <span class='ocr_line' id='line_1_46' title="bbox 498 4289 2502 4365; baseline 0.002 -22"><span class='ocrx_word' id='word_1_547' title='bbox 498 4290 597 4360; x_wconf 88' lang='lat' dir='ltr'><strong>qui</strong></span> <span class='ocrx_word' id='word_1_548' title='bbox 622 4306 756 4343; x_wconf 91' lang='lat' dir='ltr'><strong>sane</strong></span> <span class='ocrx_word' id='word_1_549' title='bbox 787 4305 899 4342; x_wconf 88' lang='lat' dir='ltr'><strong>non</strong></span> <span class='ocrx_word' id='word_1_550' title='bbox 927 4290 1115 4344; x_wconf 90' lang='lat' dir='ltr'><strong>solum</strong></span> <span class='ocrx_word' id='word_1_551' title='bbox 1146 4289 1387 4361; x_wconf 88' lang='lat' dir='ltr'><strong>decepit,</strong></span> <span class='ocrx_word' id='word_1_552' title='bbox 1421 4291 1519 4346; x_wconf 90' lang='lat' dir='ltr'><strong>sed</strong></span> <span class='ocrx_word' id='word_1_553' title='bbox 1548 4295 1606 4346; x_wconf 90' lang='lat' dir='ltr'><strong>et</strong></span> <span class='ocrx_word' id='word_1_554' title='bbox 1642 4292 1763 4364; x_wconf 91' lang='lat' dir='ltr'><strong>ipse</strong></span> <span class='ocrx_word' id='word_1_555' title='bbox 1791 4294 1849 4348; x_wconf 90' lang='lat' dir='ltr'><strong>in</strong></span> <span class='ocrx_word' id='word_1_556' title='bbox 1882 4293 2089 4361; x_wconf 66' lang='lat' dir='ltr'><strong>multis</strong></span> <span class='ocrx_word' id='word_1_557' title='bbox 2102 4294 2371 4365; x_wconf 90' lang='lat' dir='ltr'><strong>deceptus</strong></span> <span class='ocrx_word' id='word_1_558' title='bbox 2398 4298 2502 4349; x_wconf 88' lang='lat' dir='ltr'><strong>est.</strong></span> 
     </span>
    </p>
   </div>
   <div class='ocr_carea' id='block_1_47' title="bbox 569 4384 3863 4459">
    <p class='ocr_par' dir='ltr' id='par_1_47' title="bbox 569 4384 3863 4459">
     <span class='ocr_line' id='line_1_47' title="bbox 569 4384 3863 4459; baseline -0.001 -18"><span class='ocrx_word' id='word_1_559' title='bbox 569 4386 695 4453; x_wconf 87' lang='lat' dir='ltr'><strong>Alii,</strong></span> <span class='ocrx_word' id='word_1_560' title='bbox 726 4403 869 4457; x_wconf 90' lang='lat' dir='ltr'><strong>quos</strong></span> <span class='ocrx_word' id='word_1_561' title='bbox 902 4387 1025 4456; x_wconf 82' lang='lat' dir='ltr'><strong>jam</strong></span> <span class='ocrx_word' id='word_1_562' title='bbox 1062 4389 1270 4442; x_wconf 69' lang='lat' dir='ltr'><strong>szrculo</strong></span> <span class='ocrx_word' id='word_1_563' title='bbox 1309 4405 1404 4444; x_wconf 86' lang='lat' dir='ltr'><strong>Vlll</strong></span> <span class='ocrx_word' id='word_1_564' title='bbox 1434 4391 1699 4445; x_wconf 84' lang='lat' dir='ltr'><strong>exstantis</strong></span> <span class='ocrx_word' id='word_1_565' title='bbox 1741 4392 2062 4448; x_wconf 88' lang='lat' dir='ltr'><strong>Mercatoris</strong></span> <span class='ocrx_word' id='word_1_566' title='bbox 2107 4392 2450 4448; x_wconf 86' lang='lat' dir='ltr'><strong>documenta</strong></span> <span class='ocrx_word' id='word_1_567' title='bbox 2484 4390 2684 4446; x_wconf 87' lang='lat' dir='ltr'><strong>volunt</strong></span> <span class='ocrx_word' id='word_1_568' title='bbox 2730 4403 2870 4457; x_wconf 91' lang='lat' dir='ltr'><strong>esse,</strong></span> <span class='ocrx_word' id='word_1_569' title='bbox 2895 4386 3153 4459; x_wconf 87' lang='lat' dir='ltr'><strong>juniores</strong></span> <span class='ocrx_word' id='word_1_570' title='bbox 3197 4384 3581 4439; x_wconf 79' lang='lat' dir='ltr'><strong>Decretalium</strong></span> <span class='ocrx_word' id='word_1_571' title='bbox 3627 4386 3863 4439; x_wconf 89' lang='lat' dir='ltr'><strong>auctore</strong></span> 
     </span>
    </p>
   </div>
   <div class='ocr_carea' id='block_1_48' title="bbox 496 4473 3862 4551">
    <p class='ocr_par' dir='ltr' id='par_1_48' title="bbox 496 4473 3862 4551">
     <span class='ocr_line' id='line_1_48' title="bbox 496 4473 3862 4551; baseline -0.002 -18"><span class='ocrx_word' id='word_1_572' title='bbox 496 4477 657 4533; x_wconf 89' lang='lat' dir='ltr'><strong>facile</strong></span> <span class='ocrx_word' id='word_1_573' title='bbox 689 4477 1024 4548; x_wconf 84' lang='lat' dir='ltr'><strong>probantur.</strong></span> <span class='ocrx_word' id='word_1_574' title='bbox 1070 4478 1186 4532; x_wconf 86' lang='lat' dir='ltr'><strong>Huc</strong></span> <span class='ocrx_word' id='word_1_575' title='bbox 1221 4478 1471 4548; x_wconf 88' lang='lat' dir='ltr'><strong>pertinet</strong></span> <span class='ocrx_word' id='word_1_576' title='bbox 1513 4480 1771 4535; x_wconf 86' lang='lat' dir='ltr'><strong>Remedii</strong></span> <span class='ocrx_word' id='word_1_577' title='bbox 1815 4482 2099 4538; x_wconf 90' lang='lat' dir='ltr'><strong>Curiensis</strong></span> <span class='ocrx_word' id='word_1_578' title='bbox 2142 4482 2395 4538; x_wconf 91' lang='lat' dir='ltr'><strong>collectio</strong></span> <span class='ocrx_word' id='word_1_579' title='bbox 2442 4496 2748 4547; x_wconf 89' lang='lat' dir='ltr'><strong>canonum,</strong></span> <span class='ocrx_word' id='word_1_580' title='bbox 2778 4495 2947 4551; x_wconf 86' lang='lat' dir='ltr'><strong>quam</strong></span> <span class='ocrx_word' id='word_1_581' title='bbox 2973 4478 3135 4548; x_wconf 91' lang='lat' dir='ltr'><strong>jussu</strong></span> <span class='ocrx_word' id='word_1_582' title='bbox 3166 4474 3353 4532; x_wconf 86' lang='lat' dir='ltr'><strong>Caroli</strong></span> <span class='ocrx_word' id='word_1_583' title='bbox 3378 4473 3569 4545; x_wconf 86' lang='lat' dir='ltr'><strong>Magni</strong></span> <span class='ocrx_word' id='word_1_584' title='bbox 3598 4474 3862 4528; x_wconf 86' lang='lat' dir='ltr'><strong>conscri-</strong></span> 
     </span>
    </p>
   </div>
   <div class='ocr_carea' id='block_1_49' title="bbox 498 4564 3865 4646">
    <p class='ocr_par' dir='ltr' id='par_1_49' title="bbox 498 4564 3865 4646">
     <span class='ocr_line' id='line_1_49' title="bbox 498 4564 3865 4646; baseline -0.001 -24"><span class='ocrx_word' id='word_1_585' title='bbox 498 4568 674 4641; x_wconf 89' lang='lat' dir='ltr'><strong>psisse</strong></span> <span class='ocrx_word' id='word_1_586' title='bbox 704 4567 927 4635; x_wconf 85' lang='lat' dir='ltr'><strong>dicitur,</strong></span> <span class='ocrx_word' id='word_1_587' title='bbox 957 4584 1091 4622; x_wconf 91' lang='lat' dir='ltr'><strong>cum</strong></span> <span class='ocrx_word' id='word_1_588' title='bbox 1121 4567 1337 4638; x_wconf 90' lang='lat' dir='ltr'><strong>titulus,</strong></span> <span class='ocrx_word' id='word_1_589' title='bbox 1370 4569 1460 4625; x_wconf 90' lang='lat' dir='ltr'><strong>cui</strong></span> <span class='ocrx_word' id='word_1_590' title='bbox 1490 4569 1643 4626; x_wconf 88' lang='lat' dir='ltr'><strong>dicta</strong></span> <span class='ocrx_word' id='word_1_591' title='bbox 1667 4571 1857 4643; x_wconf 90' lang='lat' dir='ltr'><strong>opinio</strong></span> <span class='ocrx_word' id='word_1_592' title='bbox 1883 4573 2166 4644; x_wconf 90' lang='lat' dir='ltr'><strong>innititur,</strong></span> <span class='ocrx_word' id='word_1_593' title='bbox 2199 4575 2369 4646; x_wconf 88' lang='lat' dir='ltr'><strong>plane</strong></span> <span class='ocrx_word' id='word_1_594' title='bbox 2395 4573 2670 4628; x_wconf 84' lang='lat' dir='ltr'><strong>conﬁctus</strong></span> <span class='ocrx_word' id='word_1_595' title='bbox 2699 4569 2769 4624; x_wconf 89' lang='lat' dir='ltr'><strong>sit</strong></span> <span class='ocrx_word' id='word_1_596' title='bbox 2801 4570 2926 4641; x_wconf 88' lang='lat' dir='ltr'><strong>(I6).</strong></span> <span class='ocrx_word' id='word_1_597' title='bbox 2957 4570 3073 4623; x_wconf 85' lang='lat' dir='ltr'><strong>Huc</strong></span> <span class='ocrx_word' id='word_1_598' title='bbox 3093 4570 3151 4622; x_wconf 90' lang='lat' dir='ltr'><strong>et</strong></span> <span class='ocrx_word' id='word_1_599' title='bbox 3168 4564 3563 4637; x_wconf 88' lang='lat' dir='ltr'><strong>reponendum</strong></span> <span class='ocrx_word' id='word_1_600' title='bbox 3585 4568 3669 4618; x_wconf 91' lang='lat' dir='ltr'><strong>est</strong></span> <span class='ocrx_word' id='word_1_601' title='bbox 3690 4580 3865 4634; x_wconf 88' lang='lat' dir='ltr'><strong>argu-</strong></span> 
     </span>
    </p>
   </div>
   <div class='ocr_carea' id='block_1_50' title="bbox 575 4736 3538 4813">
    <p class='ocr_par' dir='ltr' id='par_1_50' title="bbox 575 4736 3538 4813">
     <span class='ocr_line' id='line_1_50' title="bbox 575 4736 3538 4813; baseline 0 -23"><span class='ocrx_word' id='word_1_602' title='bbox 575 4739 643 4805; x_wconf 80' lang='lat'><strong>(5)</strong></span> <span class='ocrx_word' id='word_1_603' title='bbox 671 4736 1014 4813; x_wconf 63' lang='lat' dir='ltr'><strong>Fragmente</strong></span> <span class='ocrx_word' id='word_1_604' title='bbox 1035 4754 1141 4813; x_wconf 70' lang='lat' dir='ltr'><strong>aus</strong></span> <span class='ocrx_word' id='word_1_605' title='bbox 1171 4736 1457 4813; x_wconf 69' lang='lat' dir='ltr'><strong>undﬁber</strong></span> <span class='ocrx_word' id='word_1_606' title='bbox 1480 4739 1891 4813; x_wconf 74' lang='lat' dir='ltr'><strong>Pseudoisidor,</strong></span> <span class='ocrx_word' id='word_1_607' title='bbox 1918 4740 2124 4797; x_wconf 79' lang='lat' dir='ltr'><strong>Tﬁbin-</strong></span> <span class='ocrx_word' id='word_1_608' title='bbox 2225 4743 2432 4813; x_wconf 86' lang='lat' dir='ltr'><strong>linger,</strong></span> <span class='ocrx_word' id='word_1_609' title='bbox 2466 4739 2633 4813; x_wconf 83' lang='lat' dir='ltr'><strong>Freit.</strong></span> <span class='ocrx_word' id='word_1_610' title='bbox 2677 4739 2882 4813; x_wconf 71' lang='lat' dir='ltr'><strong>I8_48_._I</strong></span> <span class='ocrx_word' id='word_1_611' title='bbox 2915 4737 3014 4790; x_wconf 91' lang='lat' dir='ltr'><strong>Bd.</strong></span> <span class='ocrx_word' id='word_1_612' title='bbox 3062 4806 3091 4813; x_wconf 11' lang='grc' dir='ltr'><strong>γ’</strong></span> <span class='ocrx_word' id='word_1_613' title='bbox 3187 4806 3200 4813; x_wconf 86' lang='lat'><em>_</em></span> <span class='ocrx_word' id='word_1_614' title='bbox 3276 4806 3309 4813; x_wconf 88' lang='lat'>__</span> <span class='ocrx_word' id='word_1_615' title='bbox 3353 4804 3382 4813; x_wconf 38' lang='grc' dir='ltr'>η</span> <span class='ocrx_word' id='word_1_616' title='bbox 3455 4803 3467 4813; x_wconf 34' lang='grc' dir='ltr'><strong>ι</strong></span> <span class='ocrx_word' id='word_1_617' title='bbox 3528 4803 3538 4813; x_wconf 40' lang='lat'><em>.</em></span> 
     </span>
    </p>
   </div>
   <div class='ocr_carea' id='block_1_51' title="bbox 500 4803 3853 4883">
    <p class='ocr_par' dir='ltr' id='par_1_51' title="bbox 500 4803 3853 4883">
     <span class='ocr_line' id='line_1_51' title="bbox 500 4803 3853 4883; baseline -0.001 -23"><span class='ocrx_word' id='word_1_618' title='bbox 500 4803 1099 4883; x_wconf 35' lang='lat' dir='ltr'><strong>geu&#39;Quartalschrift</strong></span> <span class='ocrx_word' id='word_1_619' title='bbox 1176 4810 1331 4862; x_wconf 88' lang='lat' dir='ltr'><strong>I829.</strong></span> <span class='ocrx_word' id='word_1_620' title='bbox 1391 4810 1519 4863; x_wconf 86' lang='lat' dir='ltr'><strong>Heft</strong></span> <span class='ocrx_word' id='word_1_621' title='bbox 1577 4827 1635 4865; x_wconf 91' lang='lat' dir='ltr'><strong>u.</strong></span> <span class='ocrx_word' id='word_1_622' title='bbox 1709 4803 1905 4883; x_wconf 78' lang='lat' dir='ltr'><strong>Jahrg.</strong></span> <span class='ocrx_word' id='word_1_623' title='bbox 1968 4815 2121 4868; x_wconf 88' lang='lat' dir='ltr'><strong>I832.</strong></span> <span class='ocrx_word' id='word_1_624' title='bbox 2301 4803 2664 4882; x_wconf 55' lang='lat' dir='ltr'><strong>(I2)&#39;Hefele,</strong></span> <span class='ocrx_word' id='word_1_625' title='bbox 2711 4809 2999 4879; x_wconf 74' lang='lat' dir='ltr'><strong>Tubinger</strong></span> <span class='ocrx_word' id='word_1_626' title='bbox 3054 4806 3223 4861; x_wconf 88' lang='lat' dir='ltr'><strong>theol.</strong></span> <span class='ocrx_word' id='word_1_627' title='bbox 3275 4803 3611 4871; x_wconf 86' lang='lat' dir='ltr'><strong>Zeitschrift,</strong></span> <span class='ocrx_word' id='word_1_628' title='bbox 3656 4803 3853 4873; x_wconf 83' lang='lat' dir='ltr'><strong>Jahrg.</strong></span> 
     </span>
    </p>
   </div>
   <div class='ocr_carea' id='block_1_52' title="bbox 501 4877 2619 4940">
    <p class='ocr_par' dir='ltr' id='par_1_52' title="bbox 501 4877 2619 4940">
     <span class='ocr_line' id='line_1_52' title="bbox 501 4877 2619 4940; baseline 0.002 -9"><span class='ocrx_word' id='word_1_629' title='bbox 501 4877 633 4932; x_wconf 85' lang='lat' dir='ltr'><strong>Heft</strong></span> <span class='ocrx_word' id='word_1_630' title='bbox 654 4880 702 4931; x_wconf 90' lang='lat' dir='ltr'><strong>I.</strong></span> <span class='ocrx_word' id='word_1_631' title='bbox 1853 4877 1876 4883; x_wconf 49' lang='grc'>⁷</span> <span class='ocrx_word' id='word_1_632' title='bbox 2229 4877 2399 4940; x_wconf 50' lang='grc'><strong>1847(</strong></span> <span class='ocrx_word' id='word_1_633' title='bbox 2416 4884 2542 4939; x_wconf 84' lang='lat' dir='ltr'><strong>Aeft</strong></span> <span class='ocrx_word' id='word_1_634' title='bbox 2568 4884 2619 4936; x_wconf 82' lang='grc'><strong>4.</strong></span> 
     </span>
    </p>
   </div>
   <div class='ocr_carea' id='block_1_53' title="bbox 572 4947 3462 5026">
    <p class='ocr_par' dir='ltr' id='par_1_53' title="bbox 572 4947 3462 5026">
     <span class='ocr_line' id='line_1_53' title="bbox 572 4947 3462 5026; baseline -0.001 -24"><span class='ocrx_word' id='word_1_635' title='bbox 572 4949 643 5026; x_wconf 88' lang='grc'><strong>(6)</strong></span> <span class='ocrx_word' id='word_1_636' title='bbox 671 4948 999 5026; x_wconf 58' lang='lat' dir='ltr'><strong>Geschichte</strong></span> <span class='ocrx_word' id='word_1_637' title='bbox 1027 4950 1126 5026; x_wconf 80' lang='lat' dir='ltr'><strong>des</strong></span> <span class='ocrx_word' id='word_1_638' title='bbox 1156 4950 1788 5026; x_wconf 18' lang='lat' dir='ltr'><strong>canonischeniBechts.</strong></span> <span class='ocrx_word' id='word_1_639' title='bbox 2300 4956 2406 5026; x_wconf 88' lang='lat' dir='ltr'><strong>(I3)</strong></span> <span class='ocrx_word' id='word_1_640' title='bbox 2438 4955 2573 5009; x_wconf 85' lang='lat' dir='ltr'><strong>Vide</strong></span> <span class='ocrx_word' id='word_1_641' title='bbox 2603 4968 2694 5026; x_wconf 88' lang='lat' dir='ltr'><strong>ap.</strong></span> <span class='ocrx_word' id='word_1_642' title='bbox 2726 4951 2903 5026; x_wconf 82' lang='lat' dir='ltr'><strong>Mansi</strong></span> <span class='ocrx_word' id='word_1_643' title='bbox 2930 4955 2970 5026; x_wconf 75' lang='lat' dir='ltr'><strong>t.</strong></span> <span class='ocrx_word' id='word_1_644' title='bbox 2999 4950 3103 5017; x_wconf 83' lang='grc' dir='ltr'><strong>ΧΗ,</strong></span> <span class='ocrx_word' id='word_1_645' title='bbox 3129 4965 3184 5026; x_wconf 85' lang='lat' dir='ltr'><strong>p.</strong></span> <span class='ocrx_word' id='word_1_646' title='bbox 3211 4947 3312 5026; x_wconf 73' lang='grc'><strong>964</strong></span> <span class='ocrx_word' id='word_1_647' title='bbox 3339 4963 3462 5026; x_wconf 85' lang='lat' dir='ltr'><strong>sqq.</strong></span> 
     </span>
    </p>
   </div>
   <div class='ocr_carea' id='block_1_54' title="bbox 573 5015 3866 5097">
    <p class='ocr_par' dir='ltr' id='par_1_54' title="bbox 573 5015 3866 5097">
     <span class='ocr_line' id='line_1_54' title="bbox 573 5015 3866 5097; baseline -0.002 -22"><span class='ocrx_word' id='word_1_648' title='bbox 573 5015 1006 5097; x_wconf 33' lang='lat' dir='ltr'><strong>(7)A_Geschichte</strong></span> <span class='ocrx_word' id='word_1_649' title='bbox 1052 5020 1157 5097; x_wconf 67' lang='lat' dir='ltr'><strong>der</strong></span> <span class='ocrx_word' id='word_1_650' title='bbox 1181 5022 1862 5097; x_wconf 70' lang='lat' dir='ltr'><strong>christlich-Kirchlichen</strong></span> <span class='ocrx_word' id='word_1_651' title='bbox 1911 5026 2124 5082; x_wconf 87' lang='lat' dir='ltr'><strong>Gesell-</strong></span> <span class='ocrx_word' id='word_1_652' title='bbox 2299 5015 2403 5097; x_wconf 80' lang='grc'><strong>(14)</strong></span> <span class='ocrx_word' id='word_1_653' title='bbox 2436 5026 2518 5082; x_wconf 85' lang='lat' dir='ltr'><strong>Cf.</strong></span> <span class='ocrx_word' id='word_1_654' title='bbox 2550 5015 2881 5079; x_wconf 71' lang='lat' dir='ltr'><strong>Ballerinios</strong></span> <span class='ocrx_word' id='word_1_655' title='bbox 2926 5023 2997 5077; x_wconf 89' lang='lat' dir='ltr'><strong>de</strong></span> <span class='ocrx_word' id='word_1_656' title='bbox 3037 5015 3288 5097; x_wconf 79' lang='lat' dir='ltr'><strong>antiquis</strong></span> <span class='ocrx_word' id='word_1_657' title='bbox 3324 5015 3755 5097; x_wconf 42' lang='lat' dir='ltr'><strong>coll—erctionibus</strong></span> <span class='ocrx_word' id='word_1_658' title='bbox 3802 5022 3866 5097; x_wconf 71' lang='lat' dir='ltr'><strong>et</strong></span> 
     </span>
    </p>
   </div>
   <div class='ocr_carea' id='block_1_55' title="bbox 499 5087 3863 5164">
    <p class='ocr_par' dir='ltr' id='par_1_55' title="bbox 499 5087 3863 5164">
     <span class='ocr_line' id='line_1_55' title="bbox 499 5087 3863 5164; baseline -0.002 -18"><span class='ocrx_word' id='word_1_659' title='bbox 499 5087 708 5164; x_wconf 75' lang='lat' dir='ltr'><strong>schalts</strong></span> <span class='ocrx_word' id='word_1_660' title='bbox 736 5107 1091 5164; x_wconf 83' lang='lat' dir='ltr'><strong>versassung,</strong></span> <span class='ocrx_word' id='word_1_661' title='bbox 1124 5092 1223 5147; x_wconf 88' lang='lat' dir='ltr'><strong>Bd.</strong></span> <span class='ocrx_word' id='word_1_662' title='bbox 1252 5094 1314 5162; x_wconf 89' lang='lat' dir='ltr'><strong>II,</strong></span> <span class='ocrx_word' id='word_1_663' title='bbox 1349 5111 1404 5164; x_wconf 88' lang='lat' dir='ltr'><strong>p.</strong></span> <span class='ocrx_word' id='word_1_664' title='bbox 1433 5098 1535 5150; x_wconf 92' lang='lat'><strong>800</strong></span> <span class='ocrx_word' id='word_1_665' title='bbox 1566 5095 1624 5150; x_wconf 77' lang='lat' dir='ltr'><strong>ff.</strong></span> <span class='ocrx_word' id='word_1_666' title='bbox 2227 5087 2623 5155; x_wconf 79' lang='lat' dir='ltr'><strong>collectoribus</strong></span> <span class='ocrx_word' id='word_1_667' title='bbox 2668 5110 2969 5159; x_wconf 87' lang='lat' dir='ltr'><strong>canonum,</strong></span> <span class='ocrx_word' id='word_1_668' title='bbox 3000 5095 3149 5163; x_wconf 89' lang='lat' dir='ltr'><strong>part.</strong></span> <span class='ocrx_word' id='word_1_669' title='bbox 3177 5087 3275 5164; x_wconf 50' lang='lat' dir='ltr'><strong>in,</strong></span> <span class='ocrx_word' id='word_1_670' title='bbox 3303 5105 3350 5164; x_wconf 93' lang='lat' dir='ltr'><strong>c_.</strong></span> <span class='ocrx_word' id='word_1_671' title='bbox 3382 5092 3436 5155; x_wconf 88' lang='lat'><strong>6,</strong></span> <span class='ocrx_word' id='word_1_672' title='bbox 3464 5087 3494 5160; x_wconf 84' lang='lat'>§</span> <span class='ocrx_word' id='word_1_673' title='bbox 3524 5090 3752 5164; x_wconf 83' lang='lat' dir='ltr'><strong>2,_n_.__8,</strong></span> <span class='ocrx_word' id='word_1_674' title='bbox 3785 5088 3863 5164; x_wconf 70' lang='lat' dir='ltr'><strong>ad</strong></span> 
     </span>
    </p>
   </div>
   <div class='ocr_carea' id='block_1_56' title="bbox 569 5158 3858 5239">
    <p class='ocr_par' dir='ltr' id='par_1_56' title="bbox 569 5158 3858 5239">
     <span class='ocr_line' id='line_1_56' title="bbox 569 5158 3858 5239; baseline -0.003 -16"><span class='ocrx_word' id='word_1_675' title='bbox 569 5161 640 5239; x_wconf 61' lang='grc' dir='ltr'><strong>(ξ)</strong></span> <span class='ocrx_word' id='word_1_676' title='bbox 672 5162 1016 5239; x_wconf 52' lang='lat' dir='ltr'><strong>gl‘undsatzﬁ</strong></span> <span class='ocrx_word' id='word_1_677' title='bbox 1042 5158 1142 5239; x_wconf 63' lang='lat' dir='ltr'><strong>des</strong></span> <span class='ocrx_word' id='word_1_678' title='bbox 1167 5158 1485 5239; x_wconf 70' lang='lat' dir='ltr'><strong>gemeiheu</strong></span> <span class='ocrx_word' id='word_1_679' title='bbox 1502 5167 1953 5239; x_wconf 76' lang='lat' dir='ltr'><strong>Kirchenrechts.</strong></span> <span class='ocrx_word' id='word_1_680' title='bbox 2227 5171 2440 5225; x_wconf 90' lang='lat' dir='ltr'><strong>calcem</strong></span> <span class='ocrx_word' id='word_1_681' title='bbox 2469 5183 2709 5239; x_wconf 90' lang='lat' dir='ltr'><strong>operum</strong></span> <span class='ocrx_word' id='word_1_682' title='bbox 2738 5168 2791 5221; x_wconf 91' lang='lat' dir='ltr'><strong>S.</strong></span> <span class='ocrx_word' id='word_1_683' title='bbox 2818 5158 3039 5232; x_wconf 78' lang='lat' dir='ltr'><strong>Leonis,</strong></span> <span class='ocrx_word' id='word_1_684' title='bbox 3059 5161 3398 5232; x_wconf 70' lang='lat' dir='ltr'><strong>Patrologize</strong></span> <span class='ocrx_word' id='word_1_685' title='bbox 3425 5158 3564 5214; x_wconf 87' lang='lat' dir='ltr'><strong>tom.</strong></span> <span class='ocrx_word' id='word_1_686' title='bbox 3591 5159 3720 5227; x_wconf 91' lang='lat' dir='ltr'><strong>LVI,</strong></span> <span class='ocrx_word' id='word_1_687' title='bbox 3745 5158 3858 5212; x_wconf 88' lang='lat' dir='ltr'><strong>col.</strong></span> 
     </span>
    </p>
   </div>
   <div class='ocr_carea' id='block_1_57' title="bbox 569 5232 2348 5303">
    <p class='ocr_par' dir='ltr' id='par_1_57' title="bbox 569 5232 2348 5303">
     <span class='ocr_line' id='line_1_57' title="bbox 569 5232 2348 5303; baseline 0.006 -18"><span class='ocrx_word' id='word_1_688' title='bbox 569 5236 637 5303; x_wconf 85' lang='lat'><strong>(9)</strong></span> <span class='ocrx_word' id='word_1_689' title='bbox 669 5234 847 5287; x_wconf 81' lang='lat' dir='ltr'><strong>Knust</strong></span> <span class='ocrx_word' id='word_1_690' title='bbox 869 5232 939 5286; x_wconf 92' lang='lat' dir='ltr'><strong>de</strong></span> <span class='ocrx_word' id='word_1_691' title='bbox 960 5232 1212 5287; x_wconf 82' lang='lat' dir='ltr'><strong>fontibus</strong></span> <span class='ocrx_word' id='word_1_692' title='bbox 1233 5240 1289 5289; x_wconf 91' lang='lat' dir='ltr'><strong>et</strong></span> <span class='ocrx_word' id='word_1_693' title='bbox 1315 5236 1551 5292; x_wconf 89' lang='lat' dir='ltr'><strong>consilio</strong></span> <span class='ocrx_word' id='word_1_694' title='bbox 1572 5239 2126 5297; x_wconf 76' lang='lat' dir='ltr'><strong>Pseudoisidorianae</strong></span> <span class='ocrx_word' id='word_1_695' title='bbox 2202 5243 2348 5297; x_wconf 50' lang='grc' dir='ltr'><strong>ι244.</strong></span> 
     </span>
    </p>
   </div>
   <div class='ocr_carea' id='block_1_58' title="bbox 500 5300 3863 5383">
    <p class='ocr_par' dir='ltr' id='par_1_58' title="bbox 500 5300 3863 5383">
     <span class='ocr_line' id='line_1_58' title="bbox 500 5300 3863 5383; baseline -0 -26"><span class='ocrx_word' id='word_1_696' title='bbox 500 5300 864 5383; x_wconf 65' lang='lat' dir='ltr'><strong>collectionis,</strong></span> <span class='ocrx_word' id='word_1_697' title='bbox 895 5303 1172 5383; x_wconf 65' lang='lat' dir='ltr'><strong>Gottingae</strong></span> <span class='ocrx_word' id='word_1_698' title='bbox 1200 5308 1353 5361; x_wconf 90' lang='lat' dir='ltr'><strong>I832.</strong></span> <span class='ocrx_word' id='word_1_699' title='bbox 1378 5378 1393 5383; x_wconf 88' lang='lat'>_</span> <span class='ocrx_word' id='word_1_700' title='bbox 1422 5378 1432 5383; x_wconf 80' lang='lat'><strong>_</strong></span> <span class='ocrx_word' id='word_1_701' title='bbox 1474 5380 1485 5383; x_wconf 85' lang='lat'><strong>_</strong></span> <span class='ocrx_word' id='word_1_702' title='bbox 1613 5381 1626 5383; x_wconf 28' lang='grc' dir='ltr'><strong><em>Α</em></strong></span> <span class='ocrx_word' id='word_1_703' title='bbox 1734 5382 1741 5383; x_wconf 15' lang='grc' dir='ltr'><em>γ</em></span> <span class='ocrx_word' id='word_1_704' title='bbox 1788 5382 1791 5383; x_wconf 14' lang='grc' dir='ltr'><em>ν</em></span> <span class='ocrx_word' id='word_1_705' title='bbox 1868 5382 1873 5383; x_wconf 13' lang='lat'><em>7</em></span> <span class='ocrx_word' id='word_1_706' title='bbox 2298 5313 2402 5383; x_wconf 76' lang='grc'><strong>(15)</strong></span> <span class='ocrx_word' id='word_1_707' title='bbox 2438 5309 2905 5383; x_wconf 42' lang='grc' dir='ltr'><strong>Κηῃεῐλννερῐθτ,</strong></span> <span class='ocrx_word' id='word_1_708' title='bbox 2940 5304 3244 5383; x_wconf 81' lang='lat' dir='ltr'><strong>_Rettberg,</strong></span> <span class='ocrx_word' id='word_1_709' title='bbox 3279 5300 3863 5383; x_wconf 78' lang='lat' dir='ltr'><strong>Ki_rchenges_chichte</strong></span> 
     </span>
    </p>
   </div>
   <div class='ocr_carea' id='block_1_59' title="bbox 571 5373 3863 5448">
    <p class='ocr_par' dir='ltr' id='par_1_59' title="bbox 571 5373 3863 5448">
     <span class='ocr_line' id='line_1_59' title="bbox 571 5373 3863 5448; baseline -0.001 -20"><span class='ocrx_word' id='word_1_710' title='bbox 571 5374 674 5448; x_wconf 88' lang='lat' dir='ltr'><strong>(IO)</strong></span> <span class='ocrx_word' id='word_1_711' title='bbox 710 5373 1218 5448; x_wconf 26' lang='lat' dir='ltr'><strong>WtBeitragc&#39;zur</strong></span> <span class='ocrx_word' id='word_1_712' title='bbox 1249 5378 1567 5448; x_wconf 90' lang='lat' dir='ltr'><strong>geschichte</strong></span> <span class='ocrx_word' id='word_1_713' title='bbox 1597 5381 1698 5436; x_wconf 91' lang='lat' dir='ltr'><strong>der</strong></span> <span class='ocrx_word' id='word_1_714' title='bbox 1722 5382 1978 5439; x_wconf 86' lang='lat' dir='ltr'><strong>falschen</strong></span> <span class='ocrx_word' id='word_1_715' title='bbox 2016 5383 2120 5439; x_wconf 89' lang='lat' dir='ltr'><strong>De-</strong></span> <span class='ocrx_word' id='word_1_716' title='bbox 2224 5373 2495 5439; x_wconf 33' lang='lat' dir='ltr'><strong>De‘utsch.</strong></span> <span class='ocrx_word' id='word_1_717' title='bbox 2527 5373 2710 5435; x_wconf 86' lang='lat' dir='ltr'><strong>land’s</strong></span> <span class='ocrx_word' id='word_1_718' title='bbox 2752 5378 2907 5433; x_wconf 91' lang='lat' dir='ltr'><strong>Band</strong></span> <span class='ocrx_word' id='word_1_719' title='bbox 2939 5378 2978 5445; x_wconf 91' lang='grc' dir='ltr'><strong>Ι,</strong></span> <span class='ocrx_word' id='word_1_720' title='bbox 3015 5373 3260 5446; x_wconf 83' lang='lat' dir='ltr'><strong>Anhang</strong></span> <span class='ocrx_word' id='word_1_721' title='bbox 3303 5378 3360 5428; x_wconf 89' lang='lat' dir='ltr'><strong>et</strong></span> <span class='ocrx_word' id='word_1_722' title='bbox 3396 5373 3520 5444; x_wconf 86' lang='lat' dir='ltr'><strong>jam</strong></span> <span class='ocrx_word' id='word_1_723' title='bbox 3551 5375 3683 5428; x_wconf 86' lang='lat' dir='ltr'><strong>ante</strong></span> <span class='ocrx_word' id='word_1_724' title='bbox 3716 5373 3863 5426; x_wconf 90' lang='lat' dir='ltr'><strong>istos</strong></span> 
     </span>
    </p>
   </div>
   <div class='ocr_carea' id='block_1_60' title="bbox 499 5446 2665 5511">
    <p class='ocr_par' dir='ltr' id='par_1_60' title="bbox 499 5446 2665 5511">
     <span class='ocr_line' id='line_1_60' title="bbox 499 5446 2665 5511; baseline 0.003 -13"><span class='ocrx_word' id='word_1_725' title='bbox 499 5446 766 5511; x_wconf 84' lang='lat' dir='ltr'><strong>cretalen,</strong></span> <span class='ocrx_word' id='word_1_726' title='bbox 802 5446 1027 5499; x_wconf 81' lang='lat' dir='ltr'><strong>Breslau</strong></span> <span class='ocrx_word' id='word_1_727' title='bbox 1061 5448 1215 5502; x_wconf 84' lang='grc'><strong>1844.</strong></span> <span class='ocrx_word' id='word_1_728' title='bbox 1256 5446 1275 5448; x_wconf 70' lang='grc'><strong><em>“</em></strong></span> <span class='ocrx_word' id='word_1_729' title='bbox 2226 5452 2515 5510; x_wconf 90' lang='lat' dir='ltr'><strong>Ballerinii</strong></span> <span class='ocrx_word' id='word_1_730' title='bbox 2543 5452 2583 5507; x_wconf 92' lang='lat' dir='ltr'><strong>l.</strong></span> <span class='ocrx_word' id='word_1_731' title='bbox 2618 5468 2665 5505; x_wconf 94' lang='lat' dir='ltr'><strong>c.</strong></span> 
     </span>
    </p>
   </div>
   <div class='ocr_carea' id='block_1_61' title="bbox 568 5512 3858 5594">
    <p class='ocr_par' dir='ltr' id='par_1_61' title="bbox 568 5512 3858 5594">
     <span class='ocr_line' id='line_1_61' title="bbox 568 5512 3858 5594; baseline -0.002 -19"><span class='ocrx_word' id='word_1_732' title='bbox 568 5517 960 5594; x_wconf 77' lang='lat' dir='ltr'><strong>(II)_Gfr0rer,</strong></span> <span class='ocrx_word' id='word_1_733' title='bbox 1006 5518 1345 5594; x_wconf 83' lang='lat' dir='ltr'><strong>Freiburger</strong></span> <span class='ocrx_word' id='word_1_734' title='bbox 1384 5522 1560 5578; x_wconf 90' lang='lat' dir='ltr'><strong>theol.</strong></span> <span class='ocrx_word' id='word_1_735' title='bbox 1602 5525 1919 5580; x_wconf 81' lang='lat' dir='ltr'><strong>Zeitschrift</strong></span> <span class='ocrx_word' id='word_1_736' title='bbox 1965 5526 2121 5594; x_wconf 87' lang='grc'><strong>1847,</strong></span> <span class='ocrx_word' id='word_1_737' title='bbox 2297 5525 2402 5594; x_wconf 93' lang='grc'><strong>(16)</strong></span> <span class='ocrx_word' id='word_1_738' title='bbox 2450 5525 2536 5578; x_wconf 90' lang='lat' dir='ltr'><strong>lta</strong></span> <span class='ocrx_word' id='word_1_739' title='bbox 2584 5519 2873 5594; x_wconf 77' lang='lat' dir='ltr'><strong>Ballerinii</strong></span> <span class='ocrx_word' id='word_1_740' title='bbox 2904 5519 2941 5572; x_wconf 91' lang='lat' dir='ltr'><strong>l.</strong></span> <span class='ocrx_word' id='word_1_741' title='bbox 2971 5536 3018 5572; x_wconf 93' lang='lat' dir='ltr'><strong>c.</strong></span> <span class='ocrx_word' id='word_1_742' title='bbox 3051 5534 3174 5594; x_wconf 64' lang='lat' dir='ltr'><strong>cap.</strong></span> <span class='ocrx_word' id='word_1_743' title='bbox 3207 5518 3259 5584; x_wconf 85' lang='grc'><strong>4,</strong></span> <span class='ocrx_word' id='word_1_744' title='bbox 3292 5514 3401 5594; x_wconf 62' lang='grc' dir='ltr'><strong>ἓ4,</strong></span> <span class='ocrx_word' id='word_1_745' title='bbox 3435 5534 3492 5594; x_wconf 81' lang='lat' dir='ltr'><strong>n.</strong></span> <span class='ocrx_word' id='word_1_746' title='bbox 3532 5512 3858 5594; x_wconf 49' lang='lat' dir='ltr'><strong>I3LPatrol.</strong></span> 
     </span>
    </p>
   </div>
   <div class='ocr_carea' id='block_1_62' title="bbox 497 5569 3856 5669">
    <p class='ocr_par' dir='ltr' id='par_1_62' title="bbox 497 5569 3856 5669">
     <span class='ocr_line' id='line_1_62' title="bbox 497 5569 3856 5669; baseline -0.001 -30"><span class='ocrx_word' id='word_1_747' title='bbox 497 5569 610 5669; x_wconf 49' lang='lat' dir='ltr'><strong>et‘i</strong></span> <span class='ocrx_word' id='word_1_748' title='bbox 631 5569 2124 5669; x_wconf 32' lang='lat' dir='ltr'><strong>“ivre-cl];</strong></span> <span class='ocrx_word' id='word_1_749' title='bbox 2228 5569 2426 5663; x_wconf 48' lang='lat' dir='ltr'><strong>hil-Vl,</strong></span> <span class='ocrx_word' id='word_1_750' title='bbox 3056 5569 3567 5669; x_wconf 42' lang='lat' dir='ltr'><strong>Wassergchleben,</strong></span> <span class='ocrx_word' id='word_1_751' title='bbox 3600 5569 3856 5669; x_wconf 67' lang='lat' dir='ltr'><strong>Richter,</strong></span> 
     </span>
    </p>
   </div>
   <div class='ocr_carea' id='block_1_63' title="bbox 495 5653 3862 5737">
    <p class='ocr_par' dir='ltr' id='par_1_63' title="bbox 495 5653 3862 5737">
     <span class='ocr_line' id='line_1_63' title="bbox 495 5653 3862 5737; baseline -0.001 -21"><span class='ocrx_word' id='word_1_752' title='bbox 495 5658 598 5737; x_wconf 80' lang='lat' dir='ltr'><strong>d_eI&#39;</strong></span> <span class='ocrx_word' id='word_1_753' title='bbox 625 5660 969 5737; x_wconf 62' lang='lat' dir='ltr'><strong>Decretalen</strong></span> <span class='ocrx_word' id='word_1_754' title='bbox 1008 5653 1110 5737; x_wconf 57' lang='lat' dir='ltr'><strong>das</strong></span> <span class='ocrx_word' id='word_1_755' title='bbox 1149 5662 1403 5737; x_wconf 63' lang='lat' dir='ltr'><strong>falsclren</strong></span> <span class='ocrx_word' id='word_1_756' title='bbox 1449 5653 1932 5735; x_wconf 50' lang='lat' dir='ltr'><strong>Isidors,‘Freibur</strong></span> <span class='ocrx_word' id='word_1_757' title='bbox 1965 5670 2122 5737; x_wconf 86' lang='grc'><strong>1848,</strong></span> <span class='ocrx_word' id='word_1_758' title='bbox 2226 5653 2453 5733; x_wconf 76' lang='lat' dir='ltr'><strong>Walter,</strong></span> <span class='ocrx_word' id='word_1_759' title='bbox 2506 5653 3032 5737; x_wconf 75' lang='lat' dir='ltr'><strong>Kunssmann,_die</strong></span> <span class='ocrx_word' id='word_1_760' title='bbox 3094 5657 3697 5737; x_wconf 67' lang='lat' dir='ltr'><strong>Canonensammlung</strong></span> <span class='ocrx_word' id='word_1_761' title='bbox 3753 5653 3862 5712; x_wconf 88' lang='lat' dir='ltr'><strong>des</strong></span> 
     </span>
    </p>
   </div>
   <div class='ocr_carea' id='block_1_64' title="bbox 494 5730 3364 5803">
    <p class='ocr_par' dir='ltr' id='par_1_64' title="bbox 494 5730 3364 5803">
     <span class='ocr_line' id='line_1_64' title="bbox 494 5730 3364 5803; baseline 0 -18"><span class='ocrx_word' id='word_1_762' title='bbox 494 5731 553 5785; x_wconf 86' lang='lat' dir='ltr'><strong>et</strong></span> <span class='ocrx_word' id='word_1_763' title='bbox 581 5746 593 5785; x_wconf 91' lang='lat'>:</span> <span class='ocrx_word' id='word_1_764' title='bbox 618 5730 952 5787; x_wconf 85' lang='lat' dir='ltr'><strong>Geschichte</strong></span> <span class='ocrx_word' id='word_1_765' title='bbox 996 5731 1102 5788; x_wconf 90' lang='lat' dir='ltr'><strong>der</strong></span> <span class='ocrx_word' id='word_1_766' title='bbox 1130 5735 1337 5791; x_wconf 90' lang='lat' dir='ltr'><strong>ostund</strong></span> <span class='ocrx_word' id='word_1_767' title='bbox 1386 5730 1905 5794; x_wconf 82' lang='lat' dir='ltr'><strong>Wessfrankischen</strong></span> <span class='ocrx_word' id='word_1_768' title='bbox 1950 5730 2123 5794; x_wconf 64' lang='lat' dir='ltr'><strong>Carol</strong></span> <span class='ocrx_word' id='word_1_769' title='bbox 2226 5730 2532 5794; x_wconf 81' lang='lat' dir='ltr'><strong>Remedius</strong></span> <span class='ocrx_word' id='word_1_770' title='bbox 2565 5751 2675 5790; x_wconf 93' lang='lat' dir='ltr'><strong>von</strong></span> <span class='ocrx_word' id='word_1_771' title='bbox 2697 5734 2858 5803; x_wconf 91' lang='lat' dir='ltr'><strong>chur,</strong></span> <span class='ocrx_word' id='word_1_772' title='bbox 2887 5731 3179 5801; x_wconf 86' lang='lat' dir='ltr'><strong>Tubingen</strong></span> <span class='ocrx_word' id='word_1_773' title='bbox 3212 5731 3364 5785; x_wconf 86' lang='lat' dir='ltr'><strong>I836.</strong></span> 
     </span>
    </p>
   </div>
  </div>
