4068 6440
1656 447 2166 506 PROLEGOMENA.
3505 468 3578 508 vn

213 580 469 635 mentum
501 576 867 650 desumptum
898 593 967 634 cx
998 576 1231 649 epistola
1261 575 1524 646 Gregorii
1553 576 1614 630 IV
1653 576 1724 631 ad
1762 575 2056 646 episcopos
2083 574 2279 630 Gallia:
2315 578 2374 630 et
2402 573 2724 631 Germaniae
2749 573 2885 631 anni
2916 576 3040 643 832,
3073 575 3118 630 si
3143 575 3352 630 nothra
3395 575 3486 643 sit,
3521 583 3582 631 ut

214 668 446 723 Richter
476 670 686 723 censet.
721 669 1132 722 Verumtamen
1162 680 1445 738 ponamus
1469 669 1526 720 et
1548 664 1859 735 genuinam
1890 680 2032 735 esse,
2066 668 2200 719 tunc
2230 664 2397 735 plane
2423 681 2543 720 non
2573 664 2776 736 liquet,
2796 668 2992 720 utrum
3014 665 3137 736 ipsa
3156 681 3227 721 ex
3252 664 3488 733 Isidoro,
3510 681 3581 721 an

212 757 461 813 Isidorus
488 774 559 813 ex
600 757 729 830 ipsa
765 756 1038 813 hauserit.

280 886 550 957 Magnum
575 884 824 956 denique
850 884 1121 957 quiddam
1160 898 1219 939 se
1252 885 1521 954 praestare
1556 879 1662 936 sibi
1700 879 1852 935 visus
1879 881 1966 935 est
1993 879 2301 947 Eichhorn,
2334 883 2400 934 ut
2424 878 2578 936 idem
2616 879 2922 949 evinceret,
2950 882 3105 955 quod
3123 882 3355 938 Librum
3381 883 3579 938 Ponti-

212 974 452 1044 ﬁcalem,
481 991 594 1046 quo
625 974 948 1047 praeprimis
980 991 1119 1030 usus
1158 978 1245 1028 est
1274 974 1573 1041 Mercator,
1609 974 1772 1026 extra
1813 968 2035 1025 Italiam
2073 966 2431 1038 incognitum
2468 968 2660 1039 fuisse,
2701 969 2782 1025 uti
2816 972 3056 1042 putabat
3095 972 3388 1027 detexerit.
3418 971 3581 1036 Quod

215 1065 428 1138 oppido
458 1066 668 1120 falsum
708 1070 811 1135 est,
843 1081 976 1120 cum
1013 1068 1069 1119 et
1097 1064 1248 1119 Beda
1282 1062 1631 1117 Venerabilis
1668 1061 1875 1116 saeculo
1902 1076 1999 1115 vm
2030 1058 2127 1113 illo
2164 1074 2297 1112 usus
2337 1058 2530 1124 fuerit,
2570 1074 2754 1130 neque
2791 1060 2977 1115 desint
3011 1062 3269 1131 ejusdem
3307 1063 3582 1135 temporis

214 1157 439 1213 codices
479 1156 774 1212 Gallicani.
806 1155 916 1210 Sed
956 1154 1093 1226 quid
1136 1157 1360 1225 tempus
1401 1152 1640 1208 terimus
1674 1148 2010 1207 refellendis
2052 1149 2293 1203 istorum
2337 1145 2688 1215 ratiunculis,
2730 1164 2860 1202 cum
2906 1150 3201 1220 pontifices
3244 1152 3375 1222 duo,
3420 1153 3585 1206 annis

213 1246 397 1300 adhuc
439 1249 545 1301 850
591 1252 647 1301 et
691 1247 814 1315 863,
860 1243 970 1315 ipsi
1014 1242 1315 1298 canonicas
1360 1241 1727 1295 auctoritates
1773 1241 2192 1305 enumerantes,
2239 1236 2445 1308 quibus
2488 1237 2747 1291 Romana
2794 1237 3040 1293 Ecclesia
3088 1244 3304 1309 utatur,
3353 1242 3583 1297 nonnisi

215 1335 610 1403 decretalium,
651 1350 781 1406 quae
823 1334 878 1388 in
923 1332 1258 1387 collectione
1290 1330 1632 1401 Dionysiana
1669 1330 1923 1385 auctiore
1961 1327 2348 1394 continentur,
2392 1324 2747 1379 mentionem
2794 1325 3027 1382 faciunt.
3071 1330 3154 1383 Ita
3192 1331 3303 1385 Leo
3342 1332 3428 1398 IV,
3459 1333 3582 1402 epi-

212 1425 358 1479 stola
394 1427 429 1478 2
468 1424 542 1479 ad
576 1424 869 1495 episcopos
904 1420 1211 1476 Britannia:
1243 1420 1348 1491 (l7)
1383 1437 1395 1473 :
1434 1440 1461 1469 «
1493 1420 1572 1474 De
1606 1418 1807 1474 libellis
1844 1423 1901 1474 et
1939 1414 2367 1473 commentariis
2400 1415 2648 1470 aliorum
2687 1431 2803 1469 non
2843 1418 3109 1474 convenit
3145 1420 3392 1492 aliquem
3423 1421 3582 1493 judi-

213 1530 339 1569 care
368 1518 429 1568 et
458 1516 786 1569 sanctorum
810 1512 1182 1567 conciliorum
1208 1526 1454 1566 canones
1484 1510 1807 1580 relinquere
1835 1509 1923 1563 vel
1946 1505 2316 1563 decretalium
2344 1504 2589 1575 regulas,
2617 1504 2673 1558 id
2701 1509 2805 1575 est,
2837 1522 2965 1576 quas
2992 1507 3278 1563 habentur
3300 1511 3455 1582 apud
3480 1528 3586 1567 nos

214 1603 382 1658 simul
424 1620 555 1658 cum
586 1602 699 1657 illis
735 1602 794 1656 in
835 1618 1053 1657 canone
1096 1604 1155 1655 et
1192 1601 1400 1673 quibus
1442 1601 1500 1654 in
1545 1599 1812 1655 omnibus
1851 1594 2235 1654 ecclesiasticis
2278 1594 2492 1649 utimur
2523 1594 2778 1666 judiciis,
2810 1594 2869 1649 id
2908 1600 3010 1665 est,
3047 1599 3461 1670 Apostolorum,
3500 1601 3587 1655 Ni-

215 1710 529 1761 cmnorum,
557 1695 1011 1764 Ancyranorum,
1057 1689 1620 1756 Neocaesariensium,
1652 1687 2092 1760 Gangrensium,
2130 1683 2619 1751 Antiochensium,
2670 1684 3116 1755 Laodicensium,
3160 1687 3584 1744 Chalcedonen-

216 1784 365 1839 sium
392 1825 406 1851 ,
465 1780 918 1849 Sardicensium,
971 1778 1541 1850 Carthaginensium,
1597 1777 2049 1833 Africanensium
2102 1781 2158 1829 et
2206 1791 2334 1829 cum
2388 1772 2501 1827 illis
2551 1774 2765 1844 regulae
2816 1775 3129 1845 praesnlum
3174 1778 3585 1852 Romanorum,

214 1873 490 1941 Silvestri,
521 1872 723 1941 Siricii,
751 1869 1090 1938 Innocentii,
1128 1868 1352 1936 Zosimi,
1391 1867 1699 1935 leestini,
1729 1866 1953 1937 Leonis,
1985 1866 2210 1934 Gelasii,
2250 1863 2463 1931 Hilarii,
2497 1864 2841 1935 Symmachi,
2874 1866 3168 1938 Simplicii.
3197 1868 3290 1923 Isti
3328 1870 3582 1927 omnimo

215 1969 367 2031 sunt,
395 1979 500 2035 per
530 1979 674 2034 quos
705 1962 966 2033 judicant
1003 1960 1251 2032 episcopi
1291 1962 1347 2014 et
1389 1974 1491 2030 per
1527 1975 1670 2030 quos
1700 1958 1949 2030 episc0pi
1988 1957 2157 2011 simul
2198 1961 2255 2010 et
2296 1955 2487 2009 clerici
2512 1955 2861 2026 judicantur.
2894 1957 3031 2011 Nam
3066 1956 3113 2011 si
3150 1958 3259 2012 tale
3292 1963 3591 2017 emerserit

216 2054 301 2109 vel
334 2052 645 2125 contigerit
681 2051 1014 2106 inusitatum
1057 2049 1371 2120 negotium,
1405 2047 1555 2118 quod
1588 2046 1823 2101 minime
1864 2049 2055 2118 posset
2084 2062 2185 2117 per
2215 2044 2352 2099 istos
2380 2044 2551 2112 finiri,
2577 2049 2711 2099 tunc
2738 2044 2785 2098 si
2829 2044 3080 2114 illorum,
3108 2063 3354 2118 quorum
3384 2053 3584 2106 memi-

218 2144 402 2211 nistis,
438 2142 591 2197 dicta
634 2139 987 2212 Hieronymi,
1030 2137 1357 2210 Augustini,
1407 2136 1608 2192 Isidori
1643 2137 1732 2190 vel
1781 2139 2115 2191 casterorum
2159 2133 2418 2188 similiter
2460 2137 2787 2188 sanctorum
2831 2132 3135 2189 doctorum
3184 2136 3455 2194 similium
3494 2157 3587 2194 rc-

217 2235 381 2304 perta
417 2231 649 2300 fuerint,
677 2228 1127 2301 magnanimiter
1165 2229 1299 2281 sunt
1336 2225 1633 2281 retinenda
1674 2241 1739 2280 ac
1776 2225 2200 2297 promulganda
2240 2224 2325 2279 vel
2356 2223 2429 2278 ad
2459 2223 2830 2294 apostolicam
2865 2223 3061 2279 sedem
3096 2225 3376 2282 referatur
3403 2229 3473 2283 de
3501 2234 3587 2284 ta-

218 2324 386 2379 libus.

283 2451 399 2505 Nec
439 2447 630 2503 minus
666 2443 922 2500 Nicolaus
962 2441 980 2495 I
1027 2440 1323 2512 episcopus
1362 2437 1437 2492 ad
1470 2437 1839 2493 Hincmarum
1883 2437 2262 2494 Rhemensem
2291 2456 2345 2494 a.
2387 2441 2486 2495 863
2521 2440 2624 2510 (I8)
2657 2455 2670 2492 :
2708 2440 3035 2495 «Praeterea
3073 2444 3307 2515 quidem
3354 2449 3411 2500 et
3455 2462 3585 2500 san-

214 2542 420 2607 cimus,
450 2554 524 2594 ne
549 2535 789 2609 quilibet
956 2530 1189 2602 impune
1214 2528 1421 2583 audeat
1456 2542 1559 2581 seu
1579 2528 1762 2582 valeat
1787 2528 1971 2583 aliena
1998 2533 2265 2599 expetere
2301 2534 2399 2582 aut
2437 2530 2765 2599 exspectare
2789 2529 3007 2600 judicia
3031 2537 3130 2586 aut
3151 2533 3366 2588 alienas
3396 2541 3592 2589 contra

214 2645 470 2686 canones
505 2624 897 2683 ordinationes
938 2620 1225 2692 suscipere
1262 2619 1351 2673 vel
1391 2617 1465 2672 ad
1500 2617 1639 2672 alias
1673 2617 1994 2690 provincias
2024 2618 2417 2689 irregulariter
2445 2619 2765 2686 convolare,
2798 2619 2897 2673 sed
2935 2620 3015 2674 ita
3054 2624 3115 2675 nt
3144 2622 3503 2678 Nicaenorum
3535 2631 3591 2678 et

215 2726 562 2775 cretei-orum
596 2713 968 2770 conciliorum
1013 2709 1301 2766 canonicis
1338 2707 1769 2763 deﬁnitionibus
1809 2714 1894 2763 est
1932 2709 2360 2779 promulgatum
2399 2713 2456 2764 et
2495 2709 2797 2763 beatorum
2840 2708 3047 2780 Siricii,
3094 2712 3433 2780 Innocentii,
3482 2714 3588 2767 Zo-

216 2809 371 2877 simi,
400 2804 704 2875 Ccelestini,
738 2802 1030 2869 Bonifacii,
1058 2799 1285 2868 Leonis,
1316 2797 1535 2865 Hilarii,
1558 2798 1787 2866 Gelasii,
1811 2799 2072 2869 Gregorii
2101 2815 2163 2852 ac
2182 2803 2518 2853 casterorum
2549 2800 2819 2853 Romanae
2844 2770 2992 2853 scedis
3018 2800 3351 2870 pontiﬁcum
3383 2806 3586 2859 consti-

215 2898 541 2954 tutionibus
565 2898 650 2950 est
677 2894 991 2961 decretum,
1024 2891 1176 2944 salvo
1206 2888 1264 2942 in
1298 2887 1567 2942 omnibus
1589 2887 1720 2958 jure
1748 2888 2069 2958 apostolicae
2095 2887 2262 2942 sedis.
2296 2910 2322 2937 ››

290 3024 442 3089 Quid
471 3021 650 3093 igitur
676 3018 921 3091 longiori
962 3016 1225 3073 examine
1268 3030 1412 3085 Opus
1448 3017 1552 3083 est,
1582 3029 1711 3068 cum
1746 3012 1852 3085 ipsi
1885 3013 2175 3085 pontifices
2212 3030 2271 3068 se
2303 3013 2373 3067 ab
2401 3013 2524 3084 ejus
2550 3012 2707 3067 modi
2744 3013 2972 3069 ﬁctione
3002 3015 3373 3074 alienissimos
3398 3024 3587 3078 osten-

217 3115 374 3181 dant,
407 3113 631 3181 saltem,
656 3109 806 3181 quod
832 3108 1000 3163 modo
1031 3107 1197 3162 nobis
1229 3104 1490 3170 sufﬁciat,
1519 3104 1591 3158 ad
1621 3119 1839 3159 annum
1866 3120 2047 3175 usque
2076 3106 2200 3169 863,
2227 3119 2341 3173 quo
2367 3106 2519 3157 certe
2538 3102 2660 3172 jam
2688 3102 3072 3175 undequaque
3089 3105 3148 3160 in
3163 3106 3355 3163 Galliis
3379 3127 3590 3183 sparsae

220 3206 385 3259 erant
411 3216 635 3257 merces
660 3197 1229 3254 Pseudoisidorianae.

291 3332 343 3384 3.
376 3326 606 3383 Amotis
648 3342 775 3398 qua:
813 3323 1134 3392 obstabant,
1178 3322 1251 3376 ad
1290 3322 1527 3394 positiva
1571 3324 1916 3394 argumenta
1960 3321 2336 3393 procedamus
2374 3326 2545 3393 atque
2588 3321 2819 3394 quando
2863 3327 2919 3378 et
2961 3323 3061 3378 ubi
3105 3324 3377 3381 conﬁctus
3419 3327 3594 3382 fuerit

221 3417 688 3473 Pseudoisidorus
724 3420 1054 3471 statuamus.
1096 3414 1156 3468 Id
1195 3412 1516 3484 praeprimis
1555 3403 1778 3467 certum
1814 3410 2036 3466 videtur
2076 3428 2148 3465 ex
2182 3411 2270 3479 iis,
2309 3427 2437 3483 quae
2476 3411 2740 3467 Ballerini
2781 3413 2908 3484 (19),
2950 3414 3152 3483 Knust,
3186 3417 3590 3472 Wasserschle-

223 3507 329 3563 ben
376 3510 812 3578 congesserunt,
863 3504 1203 3571 rationibus,
1252 3503 1312 3557 in
1355 3502 1570 3558 ditione
1616 3502 1965 3557 Francorum
2013 3501 2226 3556 fraudis
2274 3502 2556 3557 cunabula
2604 3520 2726 3558 esse
2770 3504 3136 3576 requirenda.
3181 3507 3321 3561 Nam
3370 3507 3594 3563 codices

226 3614 427 3653 omnes
457 3601 517 3652 et
558 3595 680 3667 ipse
724 3595 1023 3650 Vaticanus
1069 3612 1126 3648 n.
1175 3596 1299 3662 630,
1339 3593 1437 3665 qui
1481 3593 1739 3648 omnium
1781 3592 2208 3664 antiquissimus
2253 3600 2356 3660 est,
2388 3594 2519 3647 inde
2566 3594 2847 3664 originem
2880 3598 3192 3651 traxerunt.
3225 3596 3536 3652 Decretales
3562 3615 3595 3651 a

227 3686 451 3741 Francis
478 3684 804 3739 auctoribus
828 3684 1081 3756 primum
1115 3684 1458 3756 allegantur,
1496 3683 1680 3737 fontes
1719 3699 1789 3736 ex
1826 3682 2030 3753 quibus
2076 3682 2261 3736 hausit
2294 3682 2777 3750 Pseudoisidorus,
2813 3700 3023 3755 nempe
3061 3685 3289 3739 decreta
3320 3686 3590 3740 concilio-

220 3792 351 3832 rum
382 3776 666 3848 Hispaniae
693 3780 751 3830 et
788 3774 1001 3843 Galliae,
1030 3773 1386 3829 Breviarium
1422 3771 1811 3828 Alaricianum
1844 3787 1976 3825 cum
2009 3770 2482 3841 interpretatione
2521 3771 2747 3839 Aniani,
2788 3772 3058 3827 Collectio
3096 3789 3380 3828 canonum
3417 3776 3591 3838 Ques-

226 3866 382 3937 nelli,
416 3866 671 3937 epistolae
709 3866 764 3920 S.
804 3864 1076 3920 Bonifacii
1115 3863 1432 3934 Moguntini
1468 3862 1543 3917 ad
1572 3878 1815 3934 regnum
1843 3861 2275 3931 Carolingorum
2313 3864 2589 3932 spectant.
2629 3862 2894 3916 Collectio
2920 3850 3239 3933 Hispanica,
3272 3879 3444 3934 quam
3477 3881 3593 3918 sum

226 3955 675 4012 fundamentum
701 3955 836 4010 fecit
858 3954 1322 4011 Pseudoisidorus
1343 3953 1410 4007 iis
1435 3951 1855 4008 mutationibus
1885 3949 2086 4005 affecta
2116 3949 2265 4022 apud
2300 3949 2486 4022 ipsum
2514 3956 2769 4022 apparet,
2801 3968 2927 4024 quae
2958 3952 3014 4006 in
3043 3953 3329 4009 codicibus
3357 3956 3598 4026 originis

224 4046 526 4101 Gallicana;
572 4045 936 4117 reperiuntur
983 4044 1088 4115 (20)
1119 4061 1131 4098 :
1167 4044 1268 4097 sed
1315 4046 1372 4098 et
1412 4044 1640 4115 loquela
1683 4043 1959 4097 Francum
2003 4041 2236 4112 prodit:
2271 4057 2325 4095 γ.
2378 4058 2431 4112 g.
2480 4044 2634 4097 missi
2669 4041 2935 4097 dicuntur
2978 4043 3176 4114 legati,
3219 4048 3451 4100 seniores
3488 4063 3593 4117 pro

222 4136 471 4192 dominis
508 4134 847 4205 feudalibus,
883 4137 1097 4190 comites
1135 4151 1323 4203 sensu,
1365 4133 1462 4205 qui
1504 4139 1639 4188 tunc
1675 4132 1933 4201 invaluit,
1975 4132 2269 4201 leguntur;
2304 4135 2498 4193 venire,
2543 4134 2753 4193 habere,
2791 4134 3095 4196 modernus,
3134 4138 3401 4192 custodire
3429 4154 3592 4193 voca-

219 4225 359 4281 bula
381 4227 458 4282 ad
487 4242 656 4281 usum
685 4226 1344 4281 Franco-Germanorum
1370 4223 1732 4279 adhibentur.

306 4359 361 4412 In
402 4358 703 4415 statuendo
744 4357 960 4413 fraudis
1002 4362 1265 4430 tempore
1307 4356 1619 4411 terminum
1663 4357 1733 4411 ad
1785 4372 1956 4427 quem
1996 4354 2298 4410 indubium
2343 4353 2619 4409 habemus
2658 4355 2717 4410 in
2749 4358 3039 4411 Conventu
3086 4358 3453 4413 Carisiacensi
3493 4377 3594 4414 an-

216 4449 294 4503 ni
316 4451 435 4517 857,
468 4448 567 4520 qui
593 4448 1190 4503 Pseudodecretalibus
1216 4446 1526 4502 certissime
1551 4464 1687 4502 usus
1713 4449 1818 4501 est.
1851 4446 2180 4501 Terminum
2208 4462 2241 4499 a
2269 4460 2384 4517 quo
2414 4445 2737 4500 Blondellus
2765 4450 2821 4500 et
2848 4447 3156 4517 Ballerinii,
3193 4448 3593 4504 Wasserschle-

214 4538 361 4605 ben,
382 4538 618 4593 Gfrorer
645 4537 706 4593 in
731 4538 1014 4609 synodum
1054 4537 1428 4593 Parisiensem
1463 4553 1615 4592 anno
1649 4539 1773 4605 829,
1801 4537 2016 4592 Walter
2051 4536 2111 4591 in
2155 4535 2453 4607 epistolam
2493 4536 2753 4606 Gregorii
2793 4537 2856 4589 IV
2889 4554 2940 4590 a.
2980 4540 3103 4606 832,
3137 4539 3315 4593 Kuust
3340 4539 3397 4594 in
3425 4556 3593 4612 syno-

221 4626 373 4682 dum
395 4630 721 4701 Aquensem
752 4630 876 4694 836,
900 4644 1227 4700 reposuere,
1262 4645 1330 4682 eo
1359 4629 1511 4700 quod
1540 4628 1817 4700 impostor
1844 4643 1909 4682 ex
1935 4626 2074 4697 ipsis
2099 4625 2347 4680 hausisse
2373 4624 2651 4680 videatur.

307 4757 376 4809 At
420 4753 738 4810 istiusmodi
781 4757 1186 4825 argumentum
1224 4770 1340 4808 non
1387 4753 1633 4809 solidum
1665 4754 1798 4808 satis
1839 4753 2081 4808 videtur.
2129 4752 2414 4816 Quaeritur
2461 4753 2617 4807 enim
2659 4752 2718 4807 in
2759 4754 3037 4825 ejusmodi
3079 4757 3321 4826 casibus,
3366 4756 3491 4827 quis
3527 4775 3597 4811 ex

215 4844 473 4915 duobus,
503 4860 648 4916 quos
686 4844 763 4898 ita
802 4859 1111 4898 consonare
1151 4843 1359 4912 videas,
1393 4847 1455 4897 ut
1489 4844 1559 4897 ab
1592 4843 1829 4899 invicem
1865 4843 2113 4916 pendere
2152 4858 2380 4897 necesse
2417 4842 2506 4910 sit,
2535 4844 2776 4897 alterum
2814 4847 3036 4899 secutus
3071 4845 3262 4913 fuerit,
3296 4847 3422 4918 quis
3451 4864 3596 4919 pras-

214 4936 479 4990 cesserit.
521 4934 778 4991 Sufﬁciat
807 4934 982 5005 igitur
1021 4933 1343 5006 praeprimis
1381 4935 1549 4990 nobis
1596 4935 1890 5006 aliquanto
1930 4938 2063 4990 ante
2111 4936 2455 4990 conventum
2498 4932 2939 4990 Carisiacensem
2985 4941 3266 5007 tempore,
3301 4938 3506 4993 saeculo
3550 4956 3600 4992 IX

215 5025 546 5091 mediante,
574 5024 1070 5080 Pseudoisidorum
1099 5025 1157 5079 in
1184 5026 1370 5080 lucem
1397 5025 1667 5096 erupisse.

302 5156 360 5210 4.
389 5157 461 5211 Ut
498 5159 695 5211 autem
739 5156 968 5228 penitus
1007 5157 1068 5211 in
1110 5127 1397 5224 tenebras,
1440 5172 1571 5228 qua:
1608 5156 1904 5227 epocham,
1934 5164 2247 5224 auctorem,
2280 5172 2512 5228 scopum
2548 5155 3141 5212 Pseudodecretalium
3173 5163 3487 5229 contegunt
3511 5160 3599 5214 in-

215 5246 655 5318 trospiciamus,
687 5249 932 5318 oportet,
960 5251 1027 5302 ut
1068 5246 1140 5301 ad
1178 5245 1353 5301 alium
1390 5246 1715 5300 falsatorem
1750 5246 2007 5318 ejusdem
2045 5248 2168 5315 aevi,
2210 5247 2308 5319 qui
2348 5246 2778 5301 Pseudoisidoro
2824 5246 3318 5317 conjunctissimus
3357 5248 3599 5315 videtur,

213 5339 495 5394 animum
523 5339 908 5394 advertamus.
941 5337 1278 5393 Benedictus
1306 5337 1353 5392 is
1384 5341 1489 5405 est,
1523 5338 1716 5394 Levita
1737 5340 2105 5411 Moguntinus
2143 5342 2268 5411 (2i),
2300 5339 2398 5411 qui
2430 5341 2496 5393 ut
2531 5339 2649 5409 ipse
2688 5337 2746 5391 in
2786 5336 2873 5392 sui
2910 5339 3098 5410 operis
3134 5340 3470 5411 praefatione
3502 5342 3601 5407 ait,

201 5431 467 5502 jubente
502 5428 901 5501 arhiepiscopo
945 5445 1048 5485 suo
1092 5428 1346 5501 Otgario,
1374 5445 1584 5484 novam
1628 5430 2023 5486 collectionem
2056 5430 2488 5502 Capitularium,
2527 5445 2655 5500 quae
2687 5428 2965 5501 Ansegisii
3002 5430 3260 5500 syllogen
3291 5431 3603 5501 suppleret,

210 5537 288 5576 ex
324 5519 621 5575 schedulis
646 5535 792 5590 quas
825 5519 1139 5590 Riculphus
1178 5520 1465 5591 quondam
1505 5519 1962 5593 archiepiscopus
1995 5528 2375 5593 congesserat,
2407 5518 2821 5575 conficiendam
2850 5519 2957 5574 sibi
2983 5519 3297 5591 proposuit.
3330 5520 3442 5575 Ista
3471 5538 3603 5576 vero

293 5732 418 5803 (17)
446 5730 643 5804 Mansi,
667 5731 733 5804 Τ.
759 5730 894 5804 διν,
925 5731 1047 5804 884.
1973 5802 2010 5804 _
2047 5730 2150 5799 (2i)
2182 5729 2314 5804 Ejus
2355 5743 2516 5804 op_u5_
2534 5725 2766 5804 vide_in
2806 5725 3013 5804 Baluzii
3054 5724 3368 5804 Capitular._
3402 5739 3603 5804 regum

293 5795 416 5869 (£8)
444 5795 639 5870 Mansi,
663 5802 726 5856 T.
756 5803 862 5871 XV,
881 5795 1018 5858 ⁷374.
1972 5795 2166 5855 Franc.
2201 5795 2258 5854 et
2287 5795 2439 5870 apud
2480 5799 2639 5853 Pertz
2676 5798 2927 5854 Monum.
2961 5795 3283 5852 Germaniae
3313 5795 3599 5852 historica.

290 5877 345 5953 (ξ
360 5873 676 5953 L._c.,_§
694 5874 752 5953 ξ,
781 5874 955 5953 ῃημ,
985 5873 1196 5953 ξἐιῐινριζ
1232 5876 1275 5929 t.
1305 5873 1728 5953 L_IV,__col._250_.
1973 5873 2127 5926 Tom.
2153 5871 2240 5938 IV,
2271 5885 2405 5942 pag.
2427 5871 2516 5925 39.
2555 5872 2699 5940 App.
2778 5946 2785 5953 .

291 5943 753 6021 (20)Ballerii1ii,
787 5943 923 6000 ibid.
953 5947 1010 5999 et
1040 5962 1097 6000 n.
1136 5947 1221 6015 19,
1250 5945 1376 6000 coll.
1408 5947 1533 6001 255.
1563 5945 1627 6001 ι).
1704 5946 1721 5961 ³
