4068 6336
521 352 619 390 vm
1404 337 1688 394 APPEND.
1731 338 1819 393 AD
1858 336 2017 394 SEC.
2062 337 2145 392 IX.
2181 366 2249 376 ——
2287 336 2596 393 lSIDORUS
2634 335 3015 393 MERCATOR.

524 465 806 532 praetensa
829 461 1174 532 Capitularia
1198 478 1416 518 merces
1445 468 1578 521 sunt
1606 463 1679 519 ad
1701 464 1939 519 modum
1970 461 2383 520 Pseudoisidori
2405 462 2658 533 undique
2686 477 2942 517 corrasae.
2974 461 3150 516 Porro
3175 475 3330 532 pars
3351 458 3577 514 circiter
3603 456 3885 525 vicesima,

521 567 729 622 nempe
760 555 825 605 57
857 551 1207 622 capitularia,
1249 568 1319 607 ex
1346 552 1773 608 Pseudoisidoro
1813 554 2118 626 desumpta
2160 556 2312 621 sunt,
2345 552 2427 607 ita
2463 556 2528 607 ut
2569 552 2769 623 negari
2799 551 2977 623 possit
3011 566 3223 605 nexum
3263 550 3416 604 inter
3444 551 3754 619 utrumque
3777 549 3886 603 im-

523 645 815 711 postorem
858 639 1151 711 interesse,
1180 647 1242 696 ut
1284 642 1369 697 vix
1415 660 1532 698 non
1566 643 1718 697 dicas
1763 660 1944 698 unum
1987 648 2157 716 atque
2209 643 2473 699 eumdem
2506 659 2649 711 esse,
2695 642 2794 713 qui
2837 657 3085 695 canones
3120 645 3176 695 et
3210 638 3540 710 capitularia
3571 636 3889 709 supposuit,

525 730 838 801 eademque
880 730 1161 802 principia
1201 733 1543 804 spargenda,
1575 733 1955 805 eumdemque
1991 734 2168 789 ﬁnem
2205 734 2427 805 legibus
2463 736 2585 787 tum
2622 731 3012 788 ecclesiasticis
3051 735 3172 785 tum
3217 728 3474 784 civilibus
3501 725 3892 799 supponendis

525 819 927 891 attingendum
967 820 1075 875 sibi
1114 822 1491 893 proposuisse.
1533 825 1849 895 Utrumque
1882 825 2092 879 librum
2120 823 2335 895 jungit,
2379 823 2680 893 eidemque
2709 820 2928 876 auctori
2954 820 3155 875 tribuit
3190 819 3523 873 Hincmarus
3555 815 3893 872 Rhemensis

526 910 584 963 in
617 910 891 981 opusculo
917 915 1113 965 contra
1150 912 1513 967 Hincmarum
1552 914 1989 969 Laudunensem
2008 932 2025 984 ς
2073 931 2120 968 c.
2166 914 2254 981 24,
2294 917 2454 967 vocat
2488 911 3078 967 Pseudoisidorianam
3106 909 3358 980 syllogen
3394 907 3603 962 librum
3629 906 3890 961 collecta—

522 1016 651 1054 rum
683 1000 1054 1072 epistolarum
1081 1000 1150 1054 ab
1178 1001 1409 1070 Isidoro,
1440 1019 1615 1074 quem
1641 1004 1709 1059 de
1739 1004 2003 1076 Hispania
2033 1004 2266 1060 allatum
2294 1003 2551 1058 Riculqu
2579 1001 2945 1073 Moguntinus
2970 999 3271 1072 episcopus
3296 999 3356 1053 in
3383 996 3734 1068 hujusmodi,
3753 1000 3894 1053 sicut

522 1095 573 1145 et
595 1092 654 1144 in
679 1090 931 1160 capitulis
956 1091 1116 1157 regiis
1148 1091 1414 1148 obtinuit.

592 1207 703 1261 Hoc
744 1206 1035 1277 supposito
1076 1206 1229 1261 intra
1266 1209 1537 1267 arctiores
1572 1213 1713 1269 ﬁnes
1752 1214 2267 1269 Pseudoisidoriani
2309 1213 2499 1284 operis
2531 1216 2721 1268 ortum
2761 1210 3111 1280 restringere
3152 1208 3362 1263 licebit.
3404 1206 3682 1261 Nimirum
3709 1207 3891 1260 Bene-

519 1297 697 1352 dictus
738 1297 833 1351 ille
878 1296 1067 1351 Levita
1105 1296 1307 1354 iterato
1340 1300 1444 1372 (22)
1488 1306 1746 1373 testatur,
1782 1321 1840 1359 se
1870 1321 2012 1376 opus
2046 1320 2215 1358 suum
2254 1303 2522 1358 defuncto
2556 1301 2835 1356 Ludovico
2867 1300 2987 1366 Pio,
3018 1298 3390 1370 regnantibus
3419 1298 3541 1368 ejus
3567 1296 3718 1364 ﬁliis,
3749 1312 3894 1367 quos

518 1401 684 1457 reges
707 1386 832 1456 jam
863 1389 1042 1455 vocat,
1060 1385 1224 1456 jussu
1243 1388 1459 1460 Otgarii
1485 1392 1897 1464 archiepiscopi
1923 1393 2339 1464 conscripsisse.
2362 1392 2539 1463 Atqui
2565 1390 2880 1445 Ludovicus
2901 1390 3024 1458 840,
3047 1388 3312 1459 Otgarius
3331 1389 3433 1441 847
3456 1386 3754 1441 defunctus
3774 1391 3893 1454 est;

516 1481 746 1547 tempus
771 1475 1015 1547 proinde
1044 1475 1453 1535 intermedium
1481 1483 1711 1554 epochae
1740 1483 2031 1539 Benedicti
2057 1483 2266 1538 Levita:
2292 1481 2706 1554 assignandum
2739 1480 2865 1547 erit,
2894 1479 3245 1551 proindeque
3270 1475 3755 1541 Pseudoisidorus,
3776 1491 3894 1546 quo

520 1566 617 1621 ille
650 1567 843 1635 utitur,
869 1566 1158 1637 aliquanto
1186 1571 1444 1641 tempore
1471 1573 1766 1643 praecedit.

592 1687 644 1737 5.
668 1683 1073 1738 Verumtamen
1101 1683 1158 1739 id
1187 1684 1498 1742 minimum
1526 1690 1635 1744 erit
1665 1692 2058 1760 emolumenti,
2089 1692 2243 1764 quod
2275 1707 2343 1747 ex
2377 1690 2669 1746 Benedicti
2697 1706 2828 1745 cum
2855 1688 3284 1746 Pseudoisidoro
3311 1701 3462 1741 nexu
3489 1689 3695 1740 nostra:
3719 1698 3890 1754 ques-

518 1772 661 1827 tioni
686 1772 960 1843 proﬁciat.
983 1774 1108 1828 Jam
1138 1775 1446 1848 vestigium
1479 1779 1710 1852 aliquod
1752 1782 1998 1837 auctoris
2035 1785 2292 1853 apparet,
2314 1781 2554 1852 jamque
2591 1796 2825 1851 scopum
2854 1779 3031 1851 ipsius
3063 1795 3133 1833 ex
3161 1782 3485 1849 temporum
3515 1776 3892 1846 locorumque

517 1863 963 1919 circumstantiis
993 1881 1214 1933 eruere,
1245 1867 1632 1940 epochamque
1659 1872 1897 1928 confecti
1928 1871 2116 1944 Operis
2141 1871 2566 1928 accuratissime
2591 1869 2977 1925 determinare
3000 1868 3208 1923 licebit.

591 1988 711 2045 Duo
739 1993 892 2057 sunt,
923 1991 1020 2062 qui
1048 1990 1120 2045 ad
1146 1992 1705 2051 Pseudoisidorianas
1731 2014 1950 2053 merces
1984 1997 2344 2052 fabricandas
2380 2012 2718 2052 concurrere
2747 1998 3059 2066 potuerunt
3087 2012 3099 2048 :
3135 1994 3410 2060 Riculfus,
3438 1991 3539 2062 qui
3567 1990 3888 2056 schedulas,

519 2096 589 2134 ex
613 2079 818 2150 quibus
846 2080 1197 2149 Benedictus,
1233 2082 1592 2155 proindeque
1615 2087 1738 2159 ejus
1763 2105 1972 2160 parens
2000 2090 2084 2144 vel
2119 2089 2292 2144 frater
2322 2088 2778 2144 Pseudoisidorus
2816 2086 3152 2149 hauserunt,
3186 2082 3485 2154 congessit,
3515 2084 3571 2135 et
3601 2079 3889 2152 Otgarius,

516 2186 689 2241 quem
717 2170 1049 2225 Benedictus
1075 2171 1182 2225 sibi
1218 2188 1362 2244 Opus
1389 2174 1646 2232 intulisse
1672 2178 1907 2234 fatetur.

591 2297 872 2352 Riculfum
902 2297 1027 2368 jam
1067 2298 1402 2355 Hincmarus
1435 2302 1624 2358 senior
1648 2304 1910 2377 plerique
1940 2305 2297 2378 antiquiores
2327 2310 2456 2377 post
2479 2304 2666 2377 ipsum
2698 2306 2991 2358 auctorem
3022 2300 3402 2357 Decretalium
3433 2295 3701 2369 suspicati
3733 2299 3890 2349 sunt.

519 2387 754 2458 Scripsit
790 2387 885 2442 ille
922 2387 981 2442 in
1011 2390 1286 2459 opusculo
1321 2394 1522 2447 contra
1549 2393 1915 2451 Hincmarum
1945 2398 2378 2454 Laudunensem
2406 2414 2457 2451 c.
2489 2397 2560 2450 24
2589 2412 2600 2450 :
2633 2414 2661 2447 «
2692 2393 2750 2449 Si
2777 2409 2911 2448 vero
2937 2392 3065 2447 ideo
3092 2390 3250 2457 talia,
3284 2404 3413 2461 quae
3439 2387 3545 2442 tibi
3577 2386 3697 2441 visa
3734 2392 3891 2455 sunt,

517 2477 586 2532 de
612 2478 860 2548 praefatis
888 2477 1183 2533 sententiis
1219 2479 1619 2555 (Angilramni)
1657 2501 1722 2539 ac
1752 2502 1903 2558 saepe
1934 2489 2267 2545 memoratis
2305 2485 2555 2559 epistolis
2583 2482 2976 2539 detruncando
3004 2485 3061 2536 et
3088 2477 3552 2553 praeposterando
3594 2479 3768 2547 atque
3798 2475 3893 2529 di-

517 2567 858 2622 sordinando
890 2567 1186 2638 collegisti,
1223 2570 1357 2640 quia
1398 2571 1547 2627 forte
1592 2577 1804 2645 putasti
1842 2579 2136 2634 neminem
2174 2579 2350 2634 alium
2379 2576 2610 2630 easdem
2637 2572 2949 2627 sententias
2976 2571 3062 2627 vel
3108 2571 3258 2642 ipsas
3289 2568 3555 2641 epistolas
3593 2569 3800 2639 praeter
3830 2584 3894 2621 se

516 2658 744 2725 habere,
775 2662 833 2712 et
865 2657 1071 2713 idcirco
1098 2659 1232 2714 talia
1260 2660 1436 2717 libere
1462 2667 1519 2718 te
1548 2664 1884 2721 existimasti
1920 2685 2084 2740 posse
2121 2668 2420 2739 colligere;
2446 2681 2536 2718 res
2562 2663 2710 2718 mira
2739 2665 2842 2729 est,
2881 2678 3011 2716 cum
3038 2662 3106 2717 de
3133 2660 3268 2732 ipsis
3297 2658 3590 2715 sententiis
3619 2658 3790 2728 plena
3819 2657 3897 2711 sit

516 2747 623 2802 ista
646 2752 818 2815 terra,
850 2747 992 2803 sicut
1020 2752 1077 2802 et
1103 2749 1171 2803 de
1200 2749 1345 2804 libro
1371 2753 1743 2809 collectarum
1775 2756 2146 2827 epistolarum
2174 2757 2246 2811 ab
2276 2755 2509 2823 lsidoro,
2537 2769 2709 2826 quem
2730 2753 2799 2807 de
2824 2751 3089 2823 Hispania
3116 2751 3355 2806 allatum
3380 2749 3632 2805 Riculqu
3659 2750 3899 2819 Mogun-

517 2838 670 2892 tinus
699 2838 992 2909 episcopus
1020 2838 1080 2892 in
1110 2838 1439 2909 hujusmodi
1465 2842 1609 2897 sicut
1633 2847 1689 2899 et
1717 2845 1775 2898 in
1806 2846 2069 2917 capitulis
2095 2846 2268 2917 regiis
2298 2845 2580 2901 studiosus
2605 2843 2851 2899 obtinuit
2891 2847 2950 2897 et
2970 2842 3120 2901 istas
3158 2830 3428 2913 regiones
3456 2856 3522 2894 ex
3553 2839 3649 2894 illo
3680 2838 3898 2909 repleri

513 2926 663 2981 fecit.
697 2948 724 2976 »
764 2928 938 2998 Atqui
966 2927 1342 2985 certissimum
1374 2934 1458 2987 est
1486 2933 1853 2990 Hincmarum
1898 2937 1990 2992 hic
2032 2953 2245 2992 errasse
2294 2934 2807 3005 collectionemque
2845 2932 3431 2988 Pseudoisidorianam
3472 2947 3599 2985 cum
3637 2928 3897 3001 genuina

516 3018 761 3088 Hispana
788 3017 1130 3073 confudisse.

585 3145 724 3199 Nam
749 3133 825 3199 ex.
846 3144 1238 3199 monumentis
1269 3146 1373 3217 (23)
1400 3152 1622 3203 certum
1654 3156 1755 3220 est,
1801 3152 2147 3208 Hachionem
2186 3153 2735 3223 Argentoratensem
2774 3150 3101 3221 episcopum
3144 3147 3342 3202 Riculﬁ
3370 3145 3795 3214 suﬁ‘raganeum
3832 3161 3890 3198 a.

515 3237 616 3291 788
658 3235 1032 3290 Isidorianam
1075 3236 1385 3307 genuinam
1427 3254 1718 3294 canonum
1762 3242 2156 3298 collectionem
2202 3242 2482 3299 conscribi
2526 3256 2773 3296 curasse.
2808 3237 3293 3293 Verisimillimum
3340 3239 3424 3289 est
3467 3233 3898 3305 autographum

514 3326 657 3381 illud
694 3327 882 3398 ipsum
918 3326 1108 3395 fuisse,
1148 3328 1299 3397 quod
1343 3328 1628 3383 Riculfum
1659 3346 1728 3385 ex
1766 3330 2029 3402 Hispania
2067 3332 2319 3387 attulisse
2362 3332 2697 3386 Hincmarus
2736 3327 3046 3384 contendit.
3087 3328 3261 3381 Porro
3302 3324 3398 3378 illo
3447 3328 3723 3394 tempore,
3777 3339 3900 3393 quo

513 3417 820 3488 Moguntiae
847 3417 993 3472 sedit
1018 3418 1289 3487 Riculfus,
1325 3434 1535 3489 nempe
1568 3419 1639 3473 ab
1666 3435 1819 3475 anno
1852 3423 1955 3476 787
1984 3422 2055 3478 ad
2090 3439 2308 3478 annum
2344 3438 2527 3494 usque
2566 3423 2666 3476 813
2704 3436 2819 3474 non
2852 3435 2934 3473 eae
2961 3421 3124 3473 erant
3150 3420 3481 3488 temporum
3512 3414 3897 3469 circumstan-

518 3506 631 3574 tiae,
664 3523 802 3578 quas
846 3505 1116 3578 supponit
1160 3506 1650 3577 Pseudoisidorus,
1681 3515 1744 3565 ut
1768 3511 2083 3567 sacerdotes
2130 3512 2610 3584 opprimerentur,
2640 3509 2795 3564 bona
2835 3505 3214 3562 ecclesiastica
3254 3504 3662 3575 diriperentur,
3688 3500 3901 3572 hisque

516 3595 744 3665 similia,
774 3612 903 3668 quae
934 3596 1130 3651 Carolo
1161 3597 1363 3666 Magno
1403 3601 1681 3668 regnante
1709 3616 1826 3655 non
1867 3609 2189 3658 occurrunt.
2220 3601 2507 3657 Hiculfum
2539 3599 2859 3654 Blondellus
2899 3596 3028 3650 novi
3058 3596 3272 3667 aliquid
3302 3592 3559 3648 intulisse
3587 3590 3804 3661 colligit
3825 3607 3900 3646 ex

514 3689 551 3740 l.
586 3703 660 3741 vu
689 3686 998 3757 Capitular.
1028 3689 1153 3753 281,
1194 3686 1291 3740 ubi
1321 3687 1418 3741 ille
1449 3689 1511 3742 in
1549 3696 1833 3745 conventu
1873 3690 2281 3746 Wormaciensi
2321 3688 2581 3759 Gregorii
2623 3686 2920 3758 epistolam
2960 3684 3216 3739 attulisse
3252 3682 3516 3750 traditur,
3544 3680 3704 3751 cujus
3730 3679 3902 3735 nulla

516 3780 649 3829 ante
674 3791 777 3828 nec
804 3779 934 3844 post
963 3774 1241 3828 memoria
1269 3776 1501 3830 exstitit.
1537 3777 1745 3832 Verum
1773 3779 1894 3833 haec
1920 3779 2144 3834 sincera
2173 3784 2296 3833 erat
2327 3779 2569 3850 epistola
2600 3775 2859 3847 Gregorii
2886 3776 2934 3829 ll
2955 3774 3025 3828 ad
3047 3774 3100 3828 S.
3132 3771 3507 3828 Bonifacium.
3535 3770 3624 3826 Ait
3655 3769 3898 3841 quidem

517 3863 851 3918 Benedictus
877 3863 935 3916 in
964 3879 1195 3918 suorum
1222 3864 1635 3935 Capitularium
1665 3868 2021 3939 praefatione.
2057 3870 2232 3924 «Haec
2262 3887 2396 3924 vero
2431 3868 2698 3940 capitula,
2722 3883 2849 3939 quae
2876 3866 2936 3920 in
2968 3862 3446 3935 subsequentibus
3475 3861 3657 3915 tribus
3683 3860 3902 3916 libellis

517 3953 844 4009 coadunare
873 3951 1213 4021 studuimus,
1248 3953 1307 4008 in
1337 3954 1571 4010 diversis
1594 3957 1728 4012 locis
1749 3964 1806 4015 et
1839 3959 1899 4014 in
1931 3960 2167 4015 diversis
2193 3959 2498 4030 schedulis,
2528 3958 2673 4013 sicut
2696 3958 2756 4012 in
2787 3955 3023 4012 diversis
3052 3953 3285 4026 synodis
3313 3969 3376 4008 ac
3400 3951 3617 4024 placitis
3647 3967 3898 4022 genera-

518 4044 667 4099 libus
693 4041 843 4097 edita
876 4046 1057 4111 erant,
1097 4043 1338 4113 sparsim
1378 4044 1700 4103 invenimus
1738 4054 1796 4103 et
1831 4049 2084 4106 maxime
2120 4051 2179 4105 in
2218 4053 2429 4106 sanctae
2466 4046 2937 4121 Moguntiacensis
2976 4044 3306 4116 metropolis
3338 4043 3593 4099 ecclesiae
3622 4043 3832 4097 scrinio
3865 4061 3903 4099 a

519 4133 737 4188 Riculfo
764 4132 1020 4204 ejusdem
1046 4135 1252 4187 sanctae
1278 4134 1426 4189 sedis
1458 4139 1895 4209 metropolitano
1921 4140 2215 4196 recondita
2256 4146 2315 4196 et
2346 4141 2579 4196 demum
2622 4139 2693 4193 ab
2731 4136 3000 4192 Autcario
3031 4136 3275 4191 secundo
3303 4134 3427 4205 ejus
3452 4149 3772 4187 successore
3802 4138 3867 4188 at
3892 4166 3899 4171 -

517 4240 631 4296 que
665 4222 1090 4294 consanguineo
1123 4222 1356 4277 inventa
1390 4227 1729 4298 reperimus,
1763 4247 1892 4302 quae
1916 4230 1976 4286 in
2009 4233 2119 4286 hoc
2160 4231 2433 4303 opusculo
2460 4236 2663 4286 tenore
2697 4226 3080 4299 suprascripto
3110 4226 3361 4281 inserere
3398 4223 3725 4279 maluimus.
3758 4246 3786 4273 ››
3822 4226 3904 4279 At

520 4315 649 4386 quis
678 4318 764 4368 est
788 4318 904 4368 tam
933 4328 1137 4379 caecus,
1170 4318 1235 4367 ut
1262 4329 1380 4368 non
1409 4316 1597 4372 videat
1621 4318 1681 4373 id
1707 4321 1777 4375 ab
1802 4321 2110 4393 impostore
2136 4323 2334 4377 ﬁctum
2355 4321 2549 4388 fuisse,
2573 4322 2636 4374 ut
2658 4319 2774 4373 suis
2790 4318 3082 4390 ﬁgmentis
3103 4316 3502 4373 auctoritatem
3537 4314 3898 4383 conciliaret,

519 4420 651 4459 cum
681 4408 797 4457 tam
827 4402 997 4473 longe
1025 4403 1254 4474 lateque
1284 4410 1486 4460 notum
1513 4412 1674 4480 esset,
1706 4412 1991 4467 Riculfum
2022 4411 2373 4483 incognitam
2400 4411 2696 4480 hucusque
2726 4408 2836 4462 illis
2862 4407 2921 4461 in
2950 4406 3284 4477 regionibus
3312 4421 3602 4461 canonum
3635 4403 3901 4475 syllogen

519 4513 587 4553 ex
618 4493 883 4566 Hispania
912 4493 1200 4548 detulisse.
1233 4495 1490 4567 Denique
1520 4500 1859 4556 Benedictus
1889 4518 1960 4558 ne
1988 4503 2221 4575 quidem
2253 4500 2443 4557 omnia
2468 4517 2525 4555 se
2550 4516 2619 4554 ex
2640 4498 2840 4555 Riculti
2863 4497 3149 4554 schedulis
3179 4497 3417 4551 traxisse
3445 4494 3758 4560 contendit,
3789 4495 3899 4550 sed

520 4605 584 4644 ex
613 4584 847 4642 diversis
871 4582 1010 4638 locis
1037 4588 1093 4638 et
1119 4584 1350 4640 chartis.
2472 4584 2481 4590 -

590 4710 638 4759 6.
684 4707 873 4776 Longe
913 4702 1077 4758 aliter
1116 4718 1205 4758 res
1244 4720 1303 4759 se
1344 4702 1536 4773 habet,
1572 4704 1618 4759 si
1645 4704 1717 4760 ad
1746 4705 1961 4778 Otgarii
2000 4706 2253 4761 indolem
2299 4720 2502 4776 resque
2542 4703 2611 4759 ab
2652 4719 2720 4759 eo
2760 4705 2947 4775 gestas
2984 4699 3373 4772 respiciamus.
3409 4698 3526 4752 Duo
3568 4702 3720 4766 sunt,
3757 4716 3899 4772 quae

521 4796 895 4866 impostorem
927 4793 1239 4850 intendisse
1282 4794 1653 4850 manifestum
1682 4799 1769 4851 est
1800 4813 1813 4850 :
1840 4796 2125 4852 vindicare
2168 4795 2459 4868 episcopos
2491 4811 2524 4847 a
2562 4792 2855 4848 laicalibus
2893 4791 3001 4863 (24)
3044 4792 3103 4844 et
3142 4787 3502 4860 synodalibus
3533 4788 3639 4858 (25)
3657 4788 3902 4858 judiciis

470 4954 483 4963 κ
520 4884 788 4956 falsisque
812 4882 1264 4939 accusationibus
1291 4899 1603 4955 eorumque
1628 4885 1778 4941 bona
1805 4902 1839 4940 a
1869 4885 2186 4957 direptione
2222 4883 2574 4939 saecularium
2611 4882 2758 4939 tueri
2790 4882 2917 4952 (26),
2951 4885 3006 4935 et
3028 4880 3322 4952 primates,
3366 4894 3509 4949 quos
3543 4877 3762 4949 primus
3792 4879 3901 4937 ille

523 4975 689 5030 latius
709 4973 1058 5029 inducendos
1092 4974 1256 5029 docet
1288 4976 1414 5044 (27),
1446 4991 1587 5046 quos
1610 4975 1833 5047 judices
1853 4992 1975 5032 esse
1997 4977 2134 5045 vult,
2165 4974 2237 5031 ad
2265 4990 2407 5046 quos
2437 4989 2469 5027 a
2494 4972 2709 5043 judicio
2734 4968 3159 5040 metropolitani
3187 4967 3473 5039 appellare
3497 4966 3684 5034 liceat,
3718 4966 3898 5025 effer-

599 5240 702 5316 (22)
730 5238 1014 5316 Bertzleg.
1050 5237 1288 5316 ll,_
1322 5242 1409 5316 39,
1442 5241 1621 5316 p._:iQ.
1723 5311 1738 5316 _
1802 5312 1826 5316 _
1948 5312 1961 5316 _
2259 5248 2399 5299 nent
2424 5240 2691 5316 civitates,
2723 5250 2965 5309 quarum
2989 5233 3298 5316 episcopos.
3314 5231 3555 5316 apostoli
3580 5237 3644 5316 et
3666 5248 3905 5315 succes-

731 5303 1083 5387 Grandid'ier,
1108 5303 1347 5387 Histoire
1369 5303 1687 5387 de'l’Eglise
1708 5311 1775 5367 de
1795 5312 2155 5386 Strasbourg,
2259 5330 2414 5371 sores
2436 5303 2830 5387 apostolorum
2854 5303 3202 5387 regulariter:
3208 5303 3563 5387 patriarchas
3594 5307 3653 5385 et
3676 5304 3906 5387 prima:

528 5383 570 5436 Ι.
602 5375 726 5446 315,
754 5385 810 5433 et
834 5379 1020 5450 pieces
1041 5380 1335 5450 justificat.
1362 5398 1419 5435 η.
1454 5375 1580 5437 78Ῐ
2098 5375 2153 5386 ν’
2261 5390 2343 5441 tes
2369 5375 2492 5439 esse
2516 5375 2961 5450 constituerunt,
2985 5376 3093 5431 nisi
3123 5375 3317 5450 aliqua
3356 5391 3500 5446 gens
3523 5375 3792 5450 deinceps
3820 5381 3907 5434 ad

598 5451 707 5528 (25's)
738 5450 813 5528 Eii
837 5446 951 5528 ep._
978 5446 1112 5518 1,2.
1138 5451 1409 5528 Pontiani
1435 5469 1522 5525 ep.
1558 5458 1605 5508 l.
1624 5454 1935 5528 Zephyﬁni
1968 5473 2058 5527 ep.
2105 5459 2155 5511 1.
2258 5458 2431 5512 ﬁdem
2456 5455 2839 5528 convertatur,
2878 5449 2970 5528 cui
3000 5446 3236 5528 necesse:
3266 5446 3337 5528 sit
3354 5448 3605 5528 propter
3629 5446 3904 5528 multituf

597 5516 706 5592 (25)
736 5516 1091 5604 ρξιωξιοδίμέρ.
1229 5523 1356 5579 Julii
1405 5516 1492 5596 ep:
1529 5530 1579 5584 l.
1620 5516 1923 5598 Zephvrini
1967 5516 2053 5598 ep.
2104 5531 2153 5581 l.
2259 5528 2450 5604 dinem
2477 5522 3015 5604 eorum‘primatum
3040 5518 3325 5604 constitui.
3354 5516 3582 5604 Reliqui
3608 5522 3912 5604 verm-qui

530 5588 765 5665 Damasi
777 5593 829 5665 4.
862 5592 998 5647 Sixti
1026 5588 1078 5647 2.
1298 5664 1303 5665 ί
1439 5588 1455 5596 ’
1696 5588 1710 5598 ’
1774 5588 1791 5598 ’
2000 5588 2017 5598 ”
2258 5598 2398 5654 alias
2412 5588 2880 5665 metropolitanas
2901 5591 3063 5665 sedes
3084 5588 3276 5660 adepti
3293 5593 3446 5665 sunt,
3462 5604 3577 5665 non
3593 5588 3910 5665 primates,

622 5663 707 5741 26)
738 5662 822 5741 Eii
860 5680 950 5741 ep.
978 5667 1032 5741 _2-
1066 5664 1373 5741 Zephyrini
1405 5682 1495 5741 ep:
1534 5670 1589 5741 _2__
1612 5668 1684 5723 cf.
1724 5670 2151 5741 Praefationem.
2257 5669 2358 5724 sed
2384 5659 2815 5741 metropolitani
2845 5659 3237 5741 nominentur:
3272 5659 3502 5741 »μῳῄ
3528 5659 3642 5741 t._l,
3672 5660 3795 5741 684:
3828 5659 3912 5705 ——;

619 5731 703 5805 27)
747 5734 844 5812 Bp.
883 5731 1102 5812 Aniceti
1136 5731 1412 5812 ad'episc.
1439 5731 1647 5812 'Gallia).
1677 5757 1690 5795 :
1723 5762 1752 5791 ‹‹
1788 5740 1934 5795 Nulli
1969 5740 2153 5795 archi-
2257 5741 2430 5812 Clem.
2465 5731 2820 5812 ep.'l,__Julii
2858 5750 2952 5805 ep.
2987 5737 3042 5801 2,
3069 5748 3154 5812 ,οε-
3178 5735 3261 5812 1-2.
3304 5731 3514 5812 Felicis
3538 5732 3585 5812 Ill
3623 5745 3713 5811 ep.
3761 5734 3810 5798 1,
3850 5751 3911 5812 c.

528 5801 779 5879 episcOpi
793 5801 1082 5877 primates
1110 5801 1399 5883 vocentur,
1430 5809 1540 5864 nisi
1566 5811 1668 5880 illi,
1697 5812 1797 5884 qui
1825 5813 2041 5884 primas
2069 5814 2154 5864 te-
2263 5814 2348 5867 l2.
2376 5811 2439 5865 ν,
2474 5801 2869 5880 Ᾰῐςγρῒίοῐιυηι
2891 5801 2984 5876 ep.
3018 5803 3090 5859 ad
3115 5801 3353 5858 Felicem
3384 5801 3428 5854 Il
3459 5801 3690 5856 Victoris
3714 5816 3806 5875 ep.
3850 5809 3912 5864 1.
