  <div class='ocr_page' id='page_1' title='image "/cluster/home/n/w/nwhite01/storage/ocr_20150623/130/umn.319510024774230/016.png"; bbox 0 0 4068 6378; ppageno 0'>
   <div class='ocr_carea' id='block_1_1' title="bbox 1688 442 3614 498">
    <p class='ocr_par' dir='ltr' id='par_1_1' title="bbox 1688 442 3614 498">
     <span class='ocr_line' id='line_1_1' title="bbox 1688 442 3614 498; baseline 0.001 -2"><span class='ocrx_word' id='word_1_1' title='bbox 1688 442 2197 497; x_wconf 76' lang='lat' dir='ltr'>PROLEGOMENA.</span> <span class='ocrx_word' id='word_1_2' title='bbox 3566 461 3614 498; x_wconf 74' lang='lat' dir='ltr'>1x</span> 
     </span>
    </p>
   </div>
   <div class='ocr_carea' id='block_1_2' title="bbox 249 567 3616 642">
    <p class='ocr_par' dir='ltr' id='par_1_2' title="bbox 249 567 3616 642">
     <span class='ocr_line' id='line_1_2' title="bbox 249 567 3616 642; baseline 0 -17"><span class='ocrx_word' id='word_1_3' title='bbox 249 587 306 625; x_wconf 86' lang='lat' dir='ltr'>re</span> <span class='ocrx_word' id='word_1_4' title='bbox 361 571 475 626; x_wconf 78' lang='lat' dir='ltr'>Alii</span> <span class='ocrx_word' id='word_1_5' title='bbox 501 570 835 637; x_wconf 78' lang='lat' dir='ltr'>duos&#39;ﬁnes,</span> <span class='ocrx_word' id='word_1_6' title='bbox 867 585 1008 641; x_wconf 89' lang='lat' dir='ltr'>quos</span> <span class='ocrx_word' id='word_1_7' title='bbox 1038 570 1302 641; x_wconf 84' lang='lat' dir='ltr'>prosequi</span> <span class='ocrx_word' id='word_1_8' title='bbox 1333 570 1522 640; x_wconf 90' lang='lat' dir='ltr'>ipsum</span> <span class='ocrx_word' id='word_1_9' title='bbox 1551 567 1761 632; x_wconf 89' lang='lat' dir='ltr'>videas,</span> <span class='ocrx_word' id='word_1_10' title='bbox 1791 567 2141 638; x_wconf 87' lang='lat' dir='ltr'>pontiﬁciam</span> <span class='ocrx_word' id='word_1_11' title='bbox 2167 567 2564 624; x_wconf 73' lang='lat' dir='ltr'>auctoritatem</span> <span class='ocrx_word' id='word_1_12' title='bbox 2583 571 2794 641; x_wconf 84' lang='lat' dir='ltr'>jusque</span> <span class='ocrx_word' id='word_1_13' title='bbox 2820 571 3276 642; x_wconf 84' lang='lat' dir='ltr'>appellationum</span> <span class='ocrx_word' id='word_1_14' title='bbox 3302 568 3468 640; x_wconf 91' lang='lat' dir='ltr'>tueri,</span> <span class='ocrx_word' id='word_1_15' title='bbox 3493 586 3616 625; x_wconf 89' lang='lat' dir='ltr'>me-</span> 
     </span>
    </p>
   </div>
   <div class='ocr_carea' id='block_1_3' title="bbox 250 656 3616 732">
    <p class='ocr_par' dir='ltr' id='par_1_3' title="bbox 250 656 3616 732">
     <span class='ocr_line' id='line_1_3' title="bbox 250 656 3616 732; baseline 0 -18"><span class='ocrx_word' id='word_1_16' title='bbox 250 659 734 731; x_wconf 86' lang='lat' dir='ltr'>tropolitanorum</span> <span class='ocrx_word' id='word_1_17' title='bbox 759 659 1161 731; x_wconf 86' lang='lat' dir='ltr'>prarogativas</span> <span class='ocrx_word' id='word_1_18' title='bbox 1192 660 1538 731; x_wconf 85' lang='lat' dir='ltr'>deprimere,</span> <span class='ocrx_word' id='word_1_19' title='bbox 1571 656 1894 714; x_wconf 89' lang='lat' dir='ltr'>secundarii</span> <span class='ocrx_word' id='word_1_20' title='bbox 1920 656 2090 727; x_wconf 87' lang='lat' dir='ltr'>plane</span> <span class='ocrx_word' id='word_1_21' title='bbox 2117 660 2252 711; x_wconf 88' lang='lat' dir='ltr'>sunt</span> <span class='ocrx_word' id='word_1_22' title='bbox 2277 661 2449 729; x_wconf 91' lang='lat' dir='ltr'>atque</span> <span class='ocrx_word' id='word_1_23' title='bbox 2480 658 2765 730; x_wconf 89' lang='lat' dir='ltr'>prioribus</span> <span class='ocrx_word' id='word_1_24' title='bbox 2790 659 2903 714; x_wconf 87' lang='lat' dir='ltr'>illis</span> <span class='ocrx_word' id='word_1_25' title='bbox 2920 660 3298 715; x_wconf 89' lang='lat' dir='ltr'>subordinati.</span> <span class='ocrx_word' id='word_1_26' title='bbox 3322 660 3406 714; x_wconf 83' lang='lat' dir='ltr'>Ad</span> <span class='ocrx_word' id='word_1_27' title='bbox 3427 659 3616 732; x_wconf 90' lang='lat' dir='ltr'>ponti-</span> 
     </span>
    </p>
   </div>
   <div class='ocr_carea' id='block_1_4' title="bbox 251 746 3618 822">
    <p class='ocr_par' dir='ltr' id='par_1_4' title="bbox 251 746 3618 822">
     <span class='ocr_line' id='line_1_4' title="bbox 251 746 3618 822; baseline -0 -17"><span class='ocrx_word' id='word_1_28' title='bbox 251 752 384 806; x_wconf 88' lang='lat' dir='ltr'>ﬁces</span> <span class='ocrx_word' id='word_1_29' title='bbox 410 751 567 805; x_wconf 90' lang='lat' dir='ltr'>enim</span> <span class='ocrx_word' id='word_1_30' title='bbox 596 750 838 805; x_wconf 86' lang='lat' dir='ltr'>recurrit</span> <span class='ocrx_word' id='word_1_31' title='bbox 867 766 956 817; x_wconf 90' lang='lat' dir='ltr'>eo,</span> <span class='ocrx_word' id='word_1_32' title='bbox 987 751 1140 822; x_wconf 93' lang='lat' dir='ltr'>quod</span> <span class='ocrx_word' id='word_1_33' title='bbox 1170 749 1463 821; x_wconf 88' lang='lat' dir='ltr'>episcopos</span> <span class='ocrx_word' id='word_1_34' title='bbox 1489 749 1549 803; x_wconf 91' lang='lat' dir='ltr'>in</span> <span class='ocrx_word' id='word_1_35' title='bbox 1579 748 1715 820; x_wconf 89' lang='lat' dir='ltr'>ipsis</span> <span class='ocrx_word' id='word_1_36' title='bbox 1741 746 2152 802; x_wconf 88' lang='lat' dir='ltr'>validissimum</span> <span class='ocrx_word' id='word_1_37' title='bbox 2178 747 2448 802; x_wconf 88' lang='lat' dir='ltr'>adversus</span> <span class='ocrx_word' id='word_1_38' title='bbox 2473 764 2867 820; x_wconf 84' lang='lat' dir='ltr'>Oppressorem</span> <span class='ocrx_word' id='word_1_39' title='bbox 2887 751 3151 804; x_wconf 81' lang='lat' dir='ltr'>tutamen</span> <span class='ocrx_word' id='word_1_40' title='bbox 3172 749 3470 804; x_wconf 87' lang='lat' dir='ltr'>habituros</span> <span class='ocrx_word' id='word_1_41' title='bbox 3489 765 3618 804; x_wconf 92' lang='lat' dir='ltr'>con-</span> 
     </span>
    </p>
   </div>
   <div class='ocr_carea' id='block_1_5' title="bbox 251 835 3617 912">
    <p class='ocr_par' dir='ltr' id='par_1_5' title="bbox 251 835 3617 912">
     <span class='ocr_line' id='line_1_5' title="bbox 251 835 3617 912; baseline 0.001 -18"><span class='ocrx_word' id='word_1_42' title='bbox 251 841 406 896; x_wconf 85' lang='lat' dir='ltr'>lidat.</span> <span class='ocrx_word' id='word_1_43' title='bbox 437 841 578 895; x_wconf 87' lang='lat' dir='ltr'>Hinc</span> <span class='ocrx_word' id='word_1_44' title='bbox 613 847 669 896; x_wconf 91' lang='lat' dir='ltr'>et</span> <span class='ocrx_word' id='word_1_45' title='bbox 707 857 904 895; x_wconf 83' lang='lat' dir='ltr'>causas</span> <span class='ocrx_word' id='word_1_46' title='bbox 932 840 1331 912; x_wconf 89' lang='lat' dir='ltr'>episcoporum</span> <span class='ocrx_word' id='word_1_47' title='bbox 1358 839 1608 910; x_wconf 86' lang='lat' dir='ltr'>majores</span> <span class='ocrx_word' id='word_1_48' title='bbox 1637 843 1807 909; x_wconf 91' lang='lat' dir='ltr'>atque</span> <span class='ocrx_word' id='word_1_49' title='bbox 1833 835 2195 908; x_wconf 87' lang='lat' dir='ltr'>pontiﬁcibus</span> <span class='ocrx_word' id='word_1_50' title='bbox 2220 840 2533 892; x_wconf 87' lang='lat' dir='ltr'>reservatas</span> <span class='ocrx_word' id='word_1_51' title='bbox 2562 841 2683 893; x_wconf 91' lang='lat' dir='ltr'>tam</span> <span class='ocrx_word' id='word_1_52' title='bbox 2705 840 2912 894; x_wconf 88' lang='lat' dir='ltr'>acriter</span> <span class='ocrx_word' id='word_1_53' title='bbox 2928 842 3139 896; x_wconf 81' lang='lat' dir='ltr'>tuetur.</span> <span class='ocrx_word' id='word_1_54' title='bbox 3169 840 3307 905; x_wconf 87' lang='lat' dir='ltr'>Qua</span> <span class='ocrx_word' id='word_1_55' title='bbox 3334 841 3548 911; x_wconf 88' lang='lat' dir='ltr'>omnia,</span> <span class='ocrx_word' id='word_1_56' title='bbox 3572 841 3617 897; x_wconf 85' lang='lat' dir='ltr'>si</span> 
     </span>
    </p>
   </div>
   <div class='ocr_carea' id='block_1_6' title="bbox 252 926 3136 1002">
    <p class='ocr_par' dir='ltr' id='par_1_6' title="bbox 252 926 3136 1002">
     <span class='ocr_line' id='line_1_6' title="bbox 252 926 3136 1002; baseline 0 -17"><span class='ocrx_word' id='word_1_57' title='bbox 252 929 470 1002; x_wconf 86' lang='lat' dir='ltr'>Otgarii</span> <span class='ocrx_word' id='word_1_58' title='bbox 499 946 684 985; x_wconf 88' lang='lat' dir='ltr'>avum</span> <span class='ocrx_word' id='word_1_59' title='bbox 710 929 1000 1000; x_wconf 86' lang='lat' dir='ltr'>vitamque</span> <span class='ocrx_word' id='word_1_60' title='bbox 1032 930 1416 997; x_wconf 88' lang='lat' dir='ltr'>conferamus,</span> <span class='ocrx_word' id='word_1_61' title='bbox 1446 929 1592 984; x_wconf 90' lang='lat' dir='ltr'>sicut</span> <span class='ocrx_word' id='word_1_62' title='bbox 1622 929 1960 1000; x_wconf 88' lang='lat' dir='ltr'>impressam</span> <span class='ocrx_word' id='word_1_63' title='bbox 1986 943 2178 982; x_wconf 88' lang='lat' dir='ltr'>ceram</span> <span class='ocrx_word' id='word_1_64' title='bbox 2204 926 2392 998; x_wconf 90' lang='lat' dir='ltr'>sigillo</span> <span class='ocrx_word' id='word_1_65' title='bbox 2425 928 2767 998; x_wconf 89' lang='lat' dir='ltr'>respondere</span> <span class='ocrx_word' id='word_1_66' title='bbox 2797 929 3136 985; x_wconf 87' lang='lat' dir='ltr'>videbimus.</span> 
     </span>
    </p>
   </div>
   <div class='ocr_carea' id='block_1_7' title="bbox 322 1083 3616 1158">
    <p class='ocr_par' dir='ltr' id='par_1_7' title="bbox 322 1083 3616 1158">
     <span class='ocr_line' id='line_1_7' title="bbox 322 1083 3616 1158; baseline -0 -17"><span class='ocrx_word' id='word_1_67' title='bbox 322 1085 636 1141; x_wconf 86' lang='lat' dir='ltr'>Ludovicus</span> <span class='ocrx_word' id='word_1_68' title='bbox 673 1085 804 1140; x_wconf 90' lang='lat' dir='ltr'>Pius</span> <span class='ocrx_word' id='word_1_69' title='bbox 845 1102 976 1140; x_wconf 92' lang='lat' dir='ltr'>cum</span> <span class='ocrx_word' id='word_1_70' title='bbox 1010 1102 1079 1140; x_wconf 80' lang='lat' dir='ltr'>ex</span> <span class='ocrx_word' id='word_1_71' title='bbox 1121 1086 1304 1140; x_wconf 90' lang='lat' dir='ltr'>altera</span> <span class='ocrx_word' id='word_1_72' title='bbox 1341 1102 1510 1141; x_wconf 85' lang='lat' dir='ltr'>uxore</span> <span class='ocrx_word' id='word_1_73' title='bbox 1544 1085 1776 1140; x_wconf 86' lang='lat' dir='ltr'>Juditha</span> <span class='ocrx_word' id='word_1_74' title='bbox 1816 1083 2000 1138; x_wconf 88' lang='lat' dir='ltr'>ﬁlium</span> <span class='ocrx_word' id='word_1_75' title='bbox 2044 1083 2334 1149; x_wconf 88' lang='lat' dir='ltr'>Carolum,</span> <span class='ocrx_word' id='word_1_76' title='bbox 2363 1083 2461 1154; x_wconf 91' lang='lat' dir='ltr'>qui</span> <span class='ocrx_word' id='word_1_77' title='bbox 2492 1083 2696 1137; x_wconf 80' lang='lat' dir='ltr'>Calvus</span> <span class='ocrx_word' id='word_1_78' title='bbox 2720 1087 2923 1154; x_wconf 89' lang='lat' dir='ltr'>postea</span> <span class='ocrx_word' id='word_1_79' title='bbox 2953 1084 3136 1140; x_wconf 90' lang='lat' dir='ltr'>dictus</span> <span class='ocrx_word' id='word_1_80' title='bbox 3171 1091 3274 1157; x_wconf 90' lang='lat' dir='ltr'>est,</span> <span class='ocrx_word' id='word_1_81' title='bbox 3304 1085 3616 1158; x_wconf 87' lang='lat' dir='ltr'>genuisset,</span> 
     </span>
    </p>
   </div>
   <div class='ocr_carea' id='block_1_8' title="bbox 252 1172 3619 1247">
    <p class='ocr_par' dir='ltr' id='par_1_8' title="bbox 252 1172 3619 1247">
     <span class='ocr_line' id='line_1_8' title="bbox 252 1172 3619 1247; baseline 0 -17"><span class='ocrx_word' id='word_1_82' title='bbox 252 1192 363 1230; x_wconf 89' lang='lat' dir='ltr'>una</span> <span class='ocrx_word' id='word_1_83' title='bbox 395 1192 527 1231; x_wconf 89' lang='lat' dir='ltr'>cum</span> <span class='ocrx_word' id='word_1_84' title='bbox 558 1176 921 1247; x_wconf 90' lang='lat' dir='ltr'>imperatrice</span> <span class='ocrx_word' id='word_1_85' title='bbox 949 1192 1018 1230; x_wconf 92' lang='lat' dir='ltr'>eo</span> <span class='ocrx_word' id='word_1_86' title='bbox 1051 1175 1349 1246; x_wconf 87' lang='lat' dir='ltr'>tendebat,</span> <span class='ocrx_word' id='word_1_87' title='bbox 1393 1178 1454 1230; x_wconf 88' lang='lat' dir='ltr'>ut</span> <span class='ocrx_word' id='word_1_88' title='bbox 1486 1175 1717 1246; x_wconf 89' lang='lat' dir='ltr'>imperii</span> <span class='ocrx_word' id='word_1_89' title='bbox 1757 1177 1980 1245; x_wconf 89' lang='lat' dir='ltr'>partem</span> <span class='ocrx_word' id='word_1_90' title='bbox 2014 1172 2398 1228; x_wconf 87' lang='lat' dir='ltr'>secundarum</span> <span class='ocrx_word' id='word_1_91' title='bbox 2430 1172 2758 1244; x_wconf 84' lang='lat' dir='ltr'>nuptiarum</span> <span class='ocrx_word' id='word_1_92' title='bbox 2799 1174 2912 1228; x_wconf 91' lang='lat' dir='ltr'>ﬁlio</span> <span class='ocrx_word' id='word_1_93' title='bbox 2943 1181 3319 1246; x_wconf 88' lang='lat' dir='ltr'>compararet.</span> <span class='ocrx_word' id='word_1_94' title='bbox 3357 1176 3493 1230; x_wconf 85' lang='lat' dir='ltr'>Hinc</span> <span class='ocrx_word' id='word_1_95' title='bbox 3520 1176 3619 1230; x_wconf 89' lang='lat' dir='ltr'>ﬁlii</span> 
     </span>
    </p>
   </div>
   <div class='ocr_carea' id='block_1_9' title="bbox 253 1263 3616 1337">
    <p class='ocr_par' dir='ltr' id='par_1_9' title="bbox 253 1263 3616 1337">
     <span class='ocr_line' id='line_1_9' title="bbox 253 1263 3616 1337; baseline 0.001 -19"><span class='ocrx_word' id='word_1_96' title='bbox 253 1266 657 1336; x_wconf 88' lang='lat' dir='ltr'>lrmengardis,</span> <span class='ocrx_word' id='word_1_97' title='bbox 689 1266 895 1337; x_wconf 89' lang='lat' dir='ltr'>prioris</span> <span class='ocrx_word' id='word_1_98' title='bbox 928 1266 1138 1334; x_wconf 84' lang='lat' dir='ltr'>uxoris,</span> <span class='ocrx_word' id='word_1_99' title='bbox 1170 1265 1376 1337; x_wconf 92' lang='lat' dir='ltr'>quibus</span> <span class='ocrx_word' id='word_1_100' title='bbox 1396 1267 1526 1337; x_wconf 85' lang='lat' dir='ltr'>lege</span> <span class='ocrx_word' id='word_1_101' title='bbox 1550 1282 1601 1320; x_wconf 92' lang='lat' dir='ltr'>a.</span> <span class='ocrx_word' id='word_1_102' title='bbox 1637 1269 1738 1320; x_wconf 82' lang='lat'>817</span> <span class='ocrx_word' id='word_1_103' title='bbox 1770 1265 1840 1320; x_wconf 92' lang='lat' dir='ltr'>de</span> <span class='ocrx_word' id='word_1_104' title='bbox 1869 1265 2223 1319; x_wconf 87' lang='lat' dir='ltr'>successione</span> <span class='ocrx_word' id='word_1_105' title='bbox 2250 1263 2362 1317; x_wconf 86' lang='lat' dir='ltr'>lata</span> <span class='ocrx_word' id='word_1_106' title='bbox 2393 1263 2699 1334; x_wconf 87' lang='lat' dir='ltr'>imperium</span> <span class='ocrx_word' id='word_1_107' title='bbox 2737 1263 3020 1331; x_wconf 87' lang='lat' dir='ltr'>diviserat,</span> <span class='ocrx_word' id='word_1_108' title='bbox 3050 1266 3224 1320; x_wconf 88' lang='lat' dir='ltr'>armis</span> <span class='ocrx_word' id='word_1_109' title='bbox 3256 1269 3479 1336; x_wconf 88' lang='lat' dir='ltr'>patrem</span> <span class='ocrx_word' id='word_1_110' title='bbox 3508 1265 3616 1320; x_wconf 90' lang='lat' dir='ltr'>im-</span> 
     </span>
    </p>
   </div>
   <div class='ocr_carea' id='block_1_10' title="bbox 251 1347 3617 1428">
    <p class='ocr_par' dir='ltr' id='par_1_10' title="bbox 251 1347 3617 1428">
     <span class='ocr_line' id='line_1_10' title="bbox 251 1347 3617 1428; baseline -0.001 -17"><span class='ocrx_word' id='word_1_111' title='bbox 251 1357 555 1427; x_wconf 89' lang='lat' dir='ltr'>petierunt.</span> <span class='ocrx_word' id='word_1_112' title='bbox 586 1357 665 1410; x_wconf 85' lang='lat' dir='ltr'>Ex</span> <span class='ocrx_word' id='word_1_113' title='bbox 694 1355 948 1427; x_wconf 88' lang='lat' dir='ltr'>ipsorum</span> <span class='ocrx_word' id='word_1_114' title='bbox 981 1356 1237 1428; x_wconf 88' lang='lat' dir='ltr'>partibus</span> <span class='ocrx_word' id='word_1_115' title='bbox 1261 1356 1495 1427; x_wconf 90' lang='lat' dir='ltr'>plurimi</span> <span class='ocrx_word' id='word_1_116' title='bbox 1522 1372 1591 1410; x_wconf 85' lang='lat' dir='ltr'>ex</span> <span class='ocrx_word' id='word_1_117' title='bbox 1619 1355 1863 1426; x_wconf 86' lang='lat' dir='ltr'>pralatis</span> <span class='ocrx_word' id='word_1_118' title='bbox 1891 1347 2135 1422; x_wconf 87' lang='lat' dir='ltr'>stabant,</span> <span class='ocrx_word' id='word_1_119' title='bbox 2171 1356 2232 1407; x_wconf 91' lang='lat' dir='ltr'>ut</span> <span class='ocrx_word' id='word_1_120' title='bbox 2259 1353 2434 1420; x_wconf 88' lang='lat' dir='ltr'>Wala,</span> <span class='ocrx_word' id='word_1_121' title='bbox 2468 1352 2786 1422; x_wconf 86' lang='lat' dir='ltr'>Hilduinus,</span> <span class='ocrx_word' id='word_1_122' title='bbox 2820 1353 3131 1421; x_wconf 89' lang='lat' dir='ltr'>Elizachar,</span> <span class='ocrx_word' id='word_1_123' title='bbox 3161 1356 3428 1424; x_wconf 83' lang='lat' dir='ltr'>abbates;</span> <span class='ocrx_word' id='word_1_124' title='bbox 3461 1356 3617 1410; x_wconf 88' lang='lat' dir='ltr'>Ebbo</span> 
     </span>
    </p>
   </div>
   <div class='ocr_carea' id='block_1_11' title="bbox 251 1441 3619 1518">
    <p class='ocr_par' dir='ltr' id='par_1_11' title="bbox 251 1441 3619 1518">
     <span class='ocr_line' id='line_1_11' title="bbox 251 1441 3619 1518; baseline -0.001 -18"><span class='ocrx_word' id='word_1_125' title='bbox 251 1445 608 1515; x_wconf 44' lang='lat' dir='ltr'>l’themensis,</span> <span class='ocrx_word' id='word_1_126' title='bbox 637 1446 973 1517; x_wconf 84' lang='lat' dir='ltr'>Agobardus</span> <span class='ocrx_word' id='word_1_127' title='bbox 1007 1445 1424 1518; x_wconf 80' lang='lat' dir='ltr'>Lugdunensis,</span> <span class='ocrx_word' id='word_1_128' title='bbox 1452 1448 1602 1502; x_wconf 89' lang='lat' dir='ltr'>Jesse</span> <span class='ocrx_word' id='word_1_129' title='bbox 1633 1443 2050 1510; x_wconf 88' lang='lat' dir='ltr'>Ambianensis,</span> <span class='ocrx_word' id='word_1_130' title='bbox 2081 1441 2344 1513; x_wconf 89' lang='lat' dir='ltr'>Otgarius</span> <span class='ocrx_word' id='word_1_131' title='bbox 2380 1442 2765 1513; x_wconf 87' lang='lat' dir='ltr'>Moguntinus,</span> <span class='ocrx_word' id='word_1_132' title='bbox 2799 1442 3070 1514; x_wconf 90' lang='lat' dir='ltr'>episcopi.</span> <span class='ocrx_word' id='word_1_133' title='bbox 3117 1445 3224 1498; x_wconf 85' lang='lat' dir='ltr'>Res</span> <span class='ocrx_word' id='word_1_134' title='bbox 3261 1461 3327 1499; x_wconf 93' lang='lat' dir='ltr'>eo</span> <span class='ocrx_word' id='word_1_135' title='bbox 3360 1445 3619 1500; x_wconf 84' lang='lat' dir='ltr'>deducta</span> 
     </span>
    </p>
   </div>
   <div class='ocr_carea' id='block_1_12' title="bbox 249 1532 3617 1607">
    <p class='ocr_par' dir='ltr' id='par_1_12' title="bbox 249 1532 3617 1607">
     <span class='ocr_line' id='line_1_12' title="bbox 249 1532 3617 1607; baseline -0 -18"><span class='ocrx_word' id='word_1_136' title='bbox 249 1541 401 1604; x_wconf 89' lang='lat' dir='ltr'>sunt,</span> <span class='ocrx_word' id='word_1_137' title='bbox 429 1540 490 1589; x_wconf 92' lang='lat' dir='ltr'>ut</span> <span class='ocrx_word' id='word_1_138' title='bbox 511 1535 820 1606; x_wconf 90' lang='lat' dir='ltr'>imperator</span> <span class='ocrx_word' id='word_1_139' title='bbox 837 1536 1232 1607; x_wconf 81' lang='lat' dir='ltr'>paenitentiam</span> <span class='ocrx_word' id='word_1_140' title='bbox 1250 1536 1558 1606; x_wconf 88' lang='lat' dir='ltr'>publicam,</span> <span class='ocrx_word' id='word_1_141' title='bbox 1582 1535 1855 1590; x_wconf 90' lang='lat' dir='ltr'>suadente</span> <span class='ocrx_word' id='word_1_142' title='bbox 1873 1533 2232 1605; x_wconf 88' lang='lat' dir='ltr'>potissimum</span> <span class='ocrx_word' id='word_1_143' title='bbox 2252 1532 2481 1588; x_wconf 90' lang='lat' dir='ltr'>Ebbone</span> <span class='ocrx_word' id='word_1_144' title='bbox 2499 1532 2830 1596; x_wconf 77' lang='lat' dir='ltr'>Rhemensi,</span> <span class='ocrx_word' id='word_1_145' title='bbox 2875 1550 3049 1604; x_wconf 87' lang='lat' dir='ltr'>agere</span> <span class='ocrx_word' id='word_1_146' title='bbox 3077 1534 3399 1605; x_wconf 90' lang='lat' dir='ltr'>compulsus</span> <span class='ocrx_word' id='word_1_147' title='bbox 3424 1535 3617 1600; x_wconf 87' lang='lat' dir='ltr'>fuerit,</span> 
     </span>
    </p>
   </div>
   <div class='ocr_carea' id='block_1_13' title="bbox 252 1613 3623 1698">
    <p class='ocr_par' dir='ltr' id='par_1_13' title="bbox 252 1613 3623 1698">
     <span class='ocr_line' id='line_1_13' title="bbox 252 1613 3623 1698; baseline -0 -19"><span class='ocrx_word' id='word_1_148' title='bbox 252 1627 596 1697; x_wconf 84' lang='lat' dir='ltr'>lmperatore</span> <span class='ocrx_word' id='word_1_149' title='bbox 625 1632 817 1681; x_wconf 89' lang='lat' dir='ltr'>autem</span> <span class='ocrx_word' id='word_1_150' title='bbox 845 1627 1051 1681; x_wconf 89' lang='lat' dir='ltr'>misere</span> <span class='ocrx_word' id='word_1_151' title='bbox 1081 1642 1373 1698; x_wconf 91' lang='lat' dir='ltr'>oppresso,</span> <span class='ocrx_word' id='word_1_152' title='bbox 1408 1625 1612 1681; x_wconf 89' lang='lat' dir='ltr'>mutati</span> <span class='ocrx_word' id='word_1_153' title='bbox 1639 1627 1774 1680; x_wconf 92' lang='lat' dir='ltr'>sunt</span> <span class='ocrx_word' id='word_1_154' title='bbox 1798 1624 1858 1678; x_wconf 92' lang='lat' dir='ltr'>in</span> <span class='ocrx_word' id='word_1_155' title='bbox 1899 1622 2200 1678; x_wconf 90' lang='lat' dir='ltr'>meliorem</span> <span class='ocrx_word' id='word_1_156' title='bbox 2226 1638 2456 1677; x_wconf 89' lang='lat' dir='ltr'>sensum</span> <span class='ocrx_word' id='word_1_157' title='bbox 2482 1622 2845 1677; x_wconf 89' lang='lat' dir='ltr'>subditorum</span> <span class='ocrx_word' id='word_1_158' title='bbox 2873 1613 3241 1694; x_wconf 82' lang='lat' dir='ltr'>ﬁliorumque</span> <span class='ocrx_word' id='word_1_159' title='bbox 3271 1623 3538 1678; x_wconf 89' lang='lat' dir='ltr'>Ludovici</span> <span class='ocrx_word' id='word_1_160' title='bbox 3565 1628 3623 1678; x_wconf 91' lang='lat' dir='ltr'>et</span> 
     </span>
    </p>
   </div>
   <div class='ocr_carea' id='block_1_14' title="bbox 251 1712 3617 1787">
    <p class='ocr_par' dir='ltr' id='par_1_14' title="bbox 251 1712 3617 1787">
     <span class='ocr_line' id='line_1_14' title="bbox 251 1712 3617 1787; baseline -0.001 -18"><span class='ocrx_word' id='word_1_161' title='bbox 251 1715 473 1786; x_wconf 91' lang='lat' dir='ltr'>Pippini</span> <span class='ocrx_word' id='word_1_162' title='bbox 503 1715 698 1785; x_wconf 90' lang='lat' dir='ltr'>animi,</span> <span class='ocrx_word' id='word_1_163' title='bbox 734 1716 812 1770; x_wconf 90' lang='lat' dir='ltr'>ita</span> <span class='ocrx_word' id='word_1_164' title='bbox 849 1719 910 1770; x_wconf 93' lang='lat' dir='ltr'>ut</span> <span class='ocrx_word' id='word_1_165' title='bbox 939 1715 999 1770; x_wconf 90' lang='lat' dir='ltr'>in</span> <span class='ocrx_word' id='word_1_166' title='bbox 1032 1732 1280 1787; x_wconf 85' lang='lat' dir='ltr'>regnum</span> <span class='ocrx_word' id='word_1_167' title='bbox 1310 1717 1729 1772; x_wconf 87' lang='lat' dir='ltr'>restitueretur.</span> <span class='ocrx_word' id='word_1_168' title='bbox 1777 1717 1931 1770; x_wconf 90' lang='lat' dir='ltr'>Tunc</span> <span class='ocrx_word' id='word_1_169' title='bbox 1957 1715 2017 1768; x_wconf 93' lang='lat' dir='ltr'>in</span> <span class='ocrx_word' id='word_1_170' title='bbox 2046 1712 2263 1784; x_wconf 77' lang='lat' dir='ltr'>synodo</span> <span class='ocrx_word' id='word_1_171' title='bbox 2292 1712 2758 1767; x_wconf 89' lang='lat' dir='ltr'>Theonisvillana</span> <span class='ocrx_word' id='word_1_172' title='bbox 2788 1730 2841 1768; x_wconf 87' lang='lat' dir='ltr'>a.</span> <span class='ocrx_word' id='word_1_173' title='bbox 2876 1717 2978 1768; x_wconf 76' lang='lat'>835</span> <span class='ocrx_word' id='word_1_174' title='bbox 3008 1713 3300 1785; x_wconf 90' lang='lat' dir='ltr'>depositus</span> <span class='ocrx_word' id='word_1_175' title='bbox 3327 1717 3412 1768; x_wconf 90' lang='lat' dir='ltr'>est</span> <span class='ocrx_word' id='word_1_176' title='bbox 3443 1713 3617 1781; x_wconf 89' lang='lat' dir='ltr'>Ebbo,</span> 
     </span>
    </p>
   </div>
   <div class='ocr_carea' id='block_1_15' title="bbox 249 1801 3617 1878">
    <p class='ocr_par' dir='ltr' id='par_1_15' title="bbox 249 1801 3617 1878">
     <span class='ocr_line' id='line_1_15' title="bbox 249 1801 3617 1878; baseline -0.001 -18"><span class='ocrx_word' id='word_1_177' title='bbox 249 1811 556 1877; x_wconf 84' lang='lat' dir='ltr'>postquam</span> <span class='ocrx_word' id='word_1_178' title='bbox 585 1822 642 1859; x_wconf 91' lang='lat' dir='ltr'>se</span> <span class='ocrx_word' id='word_1_179' title='bbox 675 1805 980 1876; x_wconf 89' lang='lat' dir='ltr'>indignum</span> <span class='ocrx_word' id='word_1_180' title='bbox 1001 1805 1328 1877; x_wconf 87' lang='lat' dir='ltr'>episcopatu</span> <span class='ocrx_word' id='word_1_181' title='bbox 1349 1807 1555 1878; x_wconf 90' lang='lat' dir='ltr'>scripto</span> <span class='ocrx_word' id='word_1_182' title='bbox 1576 1807 1755 1861; x_wconf 87' lang='lat' dir='ltr'>fassus</span> <span class='ocrx_word' id='word_1_183' title='bbox 1772 1805 1990 1873; x_wconf 84' lang='lat' dir='ltr'>fuisset,</span> <span class='ocrx_word' id='word_1_184' title='bbox 2017 1801 2113 1857; x_wconf 88' lang='lat' dir='ltr'>alii</span> <span class='ocrx_word' id='word_1_185' title='bbox 2134 1801 2373 1855; x_wconf 88' lang='lat' dir='ltr'>diversis</span> <span class='ocrx_word' id='word_1_186' title='bbox 2393 1801 2578 1855; x_wconf 91' lang='lat' dir='ltr'>modis</span> <span class='ocrx_word' id='word_1_187' title='bbox 2600 1817 2792 1871; x_wconf 85' lang='lat' dir='ltr'>poenas</span> <span class='ocrx_word' id='word_1_188' title='bbox 2815 1803 3116 1858; x_wconf 89' lang='lat' dir='ltr'>dederunt.</span> <span class='ocrx_word' id='word_1_189' title='bbox 3143 1803 3405 1874; x_wconf 88' lang='lat' dir='ltr'>Otgarius</span> <span class='ocrx_word' id='word_1_190' title='bbox 3426 1802 3617 1857; x_wconf 89' lang='lat' dir='ltr'>humi—</span> 
     </span>
    </p>
   </div>
   <div class='ocr_carea' id='block_1_16' title="bbox 249 1891 3621 1968">
    <p class='ocr_par' dir='ltr' id='par_1_16' title="bbox 249 1891 3621 1968">
     <span class='ocr_line' id='line_1_16' title="bbox 249 1891 3621 1968; baseline -0.001 -20"><span class='ocrx_word' id='word_1_191' title='bbox 249 1896 374 1951; x_wconf 86' lang='lat' dir='ltr'>liter</span> <span class='ocrx_word' id='word_1_192' title='bbox 401 1897 625 1951; x_wconf 85' lang='lat' dir='ltr'>veniam</span> <span class='ocrx_word' id='word_1_193' title='bbox 647 1900 842 1967; x_wconf 91' lang='lat' dir='ltr'>petens</span> <span class='ocrx_word' id='word_1_194' title='bbox 867 1901 992 1968; x_wconf 90' lang='lat' dir='ltr'>post</span> <span class='ocrx_word' id='word_1_195' title='bbox 1018 1897 1253 1952; x_wconf 90' lang='lat' dir='ltr'>brevem</span> <span class='ocrx_word' id='word_1_196' title='bbox 1273 1913 1558 1952; x_wconf 88' lang='lat' dir='ltr'>carcerem</span> <span class='ocrx_word' id='word_1_197' title='bbox 1581 1896 1849 1950; x_wconf 90' lang='lat' dir='ltr'>dimissus</span> <span class='ocrx_word' id='word_1_198' title='bbox 1879 1899 1980 1949; x_wconf 91' lang='lat' dir='ltr'>est.</span> <span class='ocrx_word' id='word_1_199' title='bbox 2013 1892 2290 1948; x_wconf 88' lang='lat' dir='ltr'>Defuncto</span> <span class='ocrx_word' id='word_1_200' title='bbox 2317 1891 2624 1958; x_wconf 90' lang='lat' dir='ltr'>Ludovico,</span> <span class='ocrx_word' id='word_1_201' title='bbox 2648 1907 2791 1946; x_wconf 89' lang='lat' dir='ltr'>nova</span> <span class='ocrx_word' id='word_1_202' title='bbox 2813 1893 2964 1947; x_wconf 89' lang='lat' dir='ltr'>inter</span> <span class='ocrx_word' id='word_1_203' title='bbox 2983 1893 3129 1948; x_wconf 88' lang='lat' dir='ltr'>ﬁlios</span> <span class='ocrx_word' id='word_1_204' title='bbox 3155 1893 3439 1948; x_wconf 82' lang='lat' dir='ltr'>discordia</span> <span class='ocrx_word' id='word_1_205' title='bbox 3461 1909 3621 1948; x_wconf 86' lang='lat' dir='ltr'>exar-</span> 
     </span>
    </p>
   </div>
   <div class='ocr_carea' id='block_1_17' title="bbox 250 1979 3620 2056">
    <p class='ocr_par' dir='ltr' id='par_1_17' title="bbox 250 1979 3620 2056">
     <span class='ocr_line' id='line_1_17' title="bbox 250 1979 3620 2056; baseline -0.001 -16"><span class='ocrx_word' id='word_1_206' title='bbox 250 1987 340 2055; x_wconf 89' lang='lat' dir='ltr'>sit,</span> <span class='ocrx_word' id='word_1_207' title='bbox 367 1986 632 2041; x_wconf 85' lang='lat' dir='ltr'>Lothario</span> <span class='ocrx_word' id='word_1_208' title='bbox 673 2003 740 2041; x_wconf 92' lang='lat' dir='ltr'>eo</span> <span class='ocrx_word' id='word_1_209' title='bbox 771 1979 1062 2054; x_wconf 80' lang='lat' dir='ltr'>tendente,</span> <span class='ocrx_word' id='word_1_210' title='bbox 1095 1990 1161 2040; x_wconf 92' lang='lat' dir='ltr'>ut</span> <span class='ocrx_word' id='word_1_211' title='bbox 1188 1987 1516 2042; x_wconf 89' lang='lat' dir='ltr'>universum</span> <span class='ocrx_word' id='word_1_212' title='bbox 1546 1986 1731 2041; x_wconf 88' lang='lat' dir='ltr'>Caroli</span> <span class='ocrx_word' id='word_1_213' title='bbox 1758 1983 1946 2056; x_wconf 88' lang='lat' dir='ltr'>Magni</span> <span class='ocrx_word' id='word_1_214' title='bbox 1974 1997 2222 2053; x_wconf 85' lang='lat' dir='ltr'>regnum</span> <span class='ocrx_word' id='word_1_215' title='bbox 2253 1980 2360 2034; x_wconf 89' lang='lat' dir='ltr'>sibi</span> <span class='ocrx_word' id='word_1_216' title='bbox 2381 1981 2716 2052; x_wconf 85' lang='lat' dir='ltr'>subjiceret;</span> <span class='ocrx_word' id='word_1_217' title='bbox 2774 1983 3055 2038; x_wconf 90' lang='lat' dir='ltr'>Ludovico</span> <span class='ocrx_word' id='word_1_218' title='bbox 3088 1984 3399 2055; x_wconf 90' lang='lat' dir='ltr'>Caroloque</span> <span class='ocrx_word' id='word_1_219' title='bbox 3427 1988 3620 2054; x_wconf 87' lang='lat' dir='ltr'>partes</span> 
     </span>
    </p>
   </div>
   <div class='ocr_carea' id='block_1_18' title="bbox 252 2069 3621 2148">
    <p class='ocr_par' dir='ltr' id='par_1_18' title="bbox 252 2069 3621 2148">
     <span class='ocr_line' id='line_1_18' title="bbox 252 2069 3621 2148; baseline -0.001 -18"><span class='ocrx_word' id='word_1_220' title='bbox 252 2094 376 2131; x_wconf 82' lang='lat' dir='ltr'>suas</span> <span class='ocrx_word' id='word_1_221' title='bbox 405 2077 512 2131; x_wconf 90' lang='lat' dir='ltr'>sibi</span> <span class='ocrx_word' id='word_1_222' title='bbox 544 2077 976 2132; x_wconf 90' lang='lat' dir='ltr'>vindicantibus.</span> <span class='ocrx_word' id='word_1_223' title='bbox 1005 2078 1125 2142; x_wconf 88' lang='lat' dir='ltr'>Qua</span> <span class='ocrx_word' id='word_1_224' title='bbox 1154 2077 1214 2131; x_wconf 91' lang='lat' dir='ltr'>in</span> <span class='ocrx_word' id='word_1_225' title='bbox 1247 2077 1364 2131; x_wconf 85' lang='lat' dir='ltr'>rixa</span> <span class='ocrx_word' id='word_1_226' title='bbox 1395 2077 1658 2148; x_wconf 90' lang='lat' dir='ltr'>Otgarius</span> <span class='ocrx_word' id='word_1_227' title='bbox 1689 2075 1898 2130; x_wconf 90' lang='lat' dir='ltr'>unitati</span> <span class='ocrx_word' id='word_1_228' title='bbox 1924 2070 2154 2144; x_wconf 86' lang='lat' dir='ltr'>imperii</span> <span class='ocrx_word' id='word_1_229' title='bbox 2184 2069 2473 2124; x_wconf 87' lang='lat' dir='ltr'>servanda</span> <span class='ocrx_word' id='word_1_230' title='bbox 2497 2069 2718 2141; x_wconf 90' lang='lat' dir='ltr'>jugiter</span> <span class='ocrx_word' id='word_1_231' title='bbox 2737 2071 2992 2140; x_wconf 87' lang='lat' dir='ltr'>studens,</span> <span class='ocrx_word' id='word_1_232' title='bbox 3014 2089 3047 2126; x_wconf 90' lang='lat' dir='ltr'>a</span> <span class='ocrx_word' id='word_1_233' title='bbox 3082 2073 3333 2128; x_wconf 89' lang='lat' dir='ltr'>Lotharii</span> <span class='ocrx_word' id='word_1_234' title='bbox 3362 2072 3621 2144; x_wconf 89' lang='lat' dir='ltr'>partibus</span> 
     </span>
    </p>
   </div>
   <div class='ocr_carea' id='block_1_19' title="bbox 251 2160 3622 2238">
    <p class='ocr_par' dir='ltr' id='par_1_19' title="bbox 251 2160 3622 2238">
     <span class='ocr_line' id='line_1_19' title="bbox 251 2160 3622 2238; baseline -0.001 -18"><span class='ocrx_word' id='word_1_235' title='bbox 251 2173 302 2221; x_wconf 77' lang='lat' dir='ltr'>ct</span> <span class='ocrx_word' id='word_1_236' title='bbox 332 2167 583 2222; x_wconf 86' lang='lat' dir='ltr'>Nikardo</span> <span class='ocrx_word' id='word_1_237' title='bbox 615 2171 756 2223; x_wconf 89' lang='lat' dir='ltr'>teste</span> <span class='ocrx_word' id='word_1_238' title='bbox 791 2169 892 2238; x_wconf 79' lang='lat'>(28)</span> <span class='ocrx_word' id='word_1_239' title='bbox 919 2167 1182 2222; x_wconf 88' lang='lat' dir='ltr'>omnium</span> <span class='ocrx_word' id='word_1_240' title='bbox 1211 2167 1628 2222; x_wconf 90' lang='lat' dir='ltr'>infensissimus</span> <span class='ocrx_word' id='word_1_241' title='bbox 1664 2163 1930 2221; x_wconf 90' lang='lat' dir='ltr'>Ludovici</span> <span class='ocrx_word' id='word_1_242' title='bbox 1969 2160 2291 2218; x_wconf 87' lang='lat' dir='ltr'>Germanici</span> <span class='ocrx_word' id='word_1_243' title='bbox 2322 2160 2676 2214; x_wconf 88' lang='lat' dir='ltr'>adversarius</span> <span class='ocrx_word' id='word_1_244' title='bbox 2705 2161 2832 2229; x_wconf 89' lang='lat' dir='ltr'>fuit,</span> <span class='ocrx_word' id='word_1_245' title='bbox 2865 2161 2942 2215; x_wconf 86' lang='lat' dir='ltr'>ita</span> <span class='ocrx_word' id='word_1_246' title='bbox 2968 2167 3032 2216; x_wconf 91' lang='lat' dir='ltr'>ut</span> <span class='ocrx_word' id='word_1_247' title='bbox 3063 2162 3283 2217; x_wconf 91' lang='lat' dir='ltr'>devicto</span> <span class='ocrx_word' id='word_1_248' title='bbox 3315 2162 3489 2217; x_wconf 90' lang='lat' dir='ltr'>etiam</span> <span class='ocrx_word' id='word_1_249' title='bbox 3518 2163 3622 2216; x_wconf 92' lang='lat' dir='ltr'>Lo-</span> 
     </span>
    </p>
   </div>
   <div class='ocr_carea' id='block_1_20' title="bbox 248 2249 3616 2327">
    <p class='ocr_par' dir='ltr' id='par_1_20' title="bbox 248 2249 3616 2327">
     <span class='ocr_line' id='line_1_20' title="bbox 248 2249 3616 2327; baseline -0.001 -18"><span class='ocrx_word' id='word_1_250' title='bbox 248 2257 433 2311; x_wconf 84' lang='lat' dir='ltr'>thario</span> <span class='ocrx_word' id='word_1_251' title='bbox 460 2273 588 2311; x_wconf 91' lang='lat' dir='ltr'>cum</span> <span class='ocrx_word' id='word_1_252' title='bbox 615 2257 742 2311; x_wconf 91' lang='lat' dir='ltr'>aliis</span> <span class='ocrx_word' id='word_1_253' title='bbox 769 2257 1027 2327; x_wconf 87' lang='lat' dir='ltr'>ejusdem</span> <span class='ocrx_word' id='word_1_254' title='bbox 1055 2258 1356 2312; x_wconf 89' lang='lat' dir='ltr'>vasallibus</span> <span class='ocrx_word' id='word_1_255' title='bbox 1387 2258 1459 2311; x_wconf 89' lang='lat' dir='ltr'>ad</span> <span class='ocrx_word' id='word_1_256' title='bbox 1491 2258 1755 2312; x_wconf 85' lang='lat' dir='ltr'>Rhenum</span> <span class='ocrx_word' id='word_1_257' title='bbox 1780 2256 2062 2323; x_wconf 88' lang='lat' dir='ltr'>tenderet,</span> <span class='ocrx_word' id='word_1_258' title='bbox 2097 2267 2210 2323; x_wconf 90' lang='lat' dir='ltr'>quo</span> <span class='ocrx_word' id='word_1_259' title='bbox 2242 2249 2644 2304; x_wconf 90' lang='lat' dir='ltr'>Ludovicuma</span> <span class='ocrx_word' id='word_1_260' title='bbox 2667 2251 2999 2321; x_wconf 89' lang='lat' dir='ltr'>trajiciendo</span> <span class='ocrx_word' id='word_1_261' title='bbox 3017 2251 3259 2307; x_wconf 81' lang='lat' dir='ltr'>flumine</span> <span class='ocrx_word' id='word_1_262' title='bbox 3287 2252 3616 2324; x_wconf 89' lang='lat' dir='ltr'>impediret.</span> 
     </span>
    </p>
   </div>
   <div class='ocr_carea' id='block_1_21' title="bbox 251 2340 3618 2418">
    <p class='ocr_par' dir='ltr' id='par_1_21' title="bbox 251 2340 3618 2418">
     <span class='ocr_line' id='line_1_21' title="bbox 251 2340 3618 2418; baseline -0.001 -17"><span class='ocrx_word' id='word_1_263' title='bbox 251 2348 357 2401; x_wconf 80' lang='lat' dir='ltr'>Res</span> <span class='ocrx_word' id='word_1_264' title='bbox 390 2349 582 2400; x_wconf 89' lang='lat' dir='ltr'>autem</span> <span class='ocrx_word' id='word_1_265' title='bbox 614 2363 743 2401; x_wconf 91' lang='lat' dir='ltr'>cum</span> <span class='ocrx_word' id='word_1_266' title='bbox 771 2349 920 2401; x_wconf 89' lang='lat' dir='ltr'>male</span> <span class='ocrx_word' id='word_1_267' title='bbox 948 2348 1192 2415; x_wconf 90' lang='lat' dir='ltr'>cederet,</span> <span class='ocrx_word' id='word_1_268' title='bbox 1225 2365 1258 2401; x_wconf 91' lang='lat' dir='ltr'>a</span> <span class='ocrx_word' id='word_1_269' title='bbox 1285 2347 1553 2403; x_wconf 89' lang='lat' dir='ltr'>Ludovici</span> <span class='ocrx_word' id='word_1_270' title='bbox 1581 2348 1667 2401; x_wconf 87' lang='lat' dir='ltr'>ira</span> <span class='ocrx_word' id='word_1_271' title='bbox 1692 2346 1933 2418; x_wconf 87' lang='lat' dir='ltr'>aufugit.</span> <span class='ocrx_word' id='word_1_272' title='bbox 1964 2347 2094 2400; x_wconf 88' lang='lat' dir='ltr'>Post</span> <span class='ocrx_word' id='word_1_273' title='bbox 2122 2346 2358 2414; x_wconf 90' lang='lat' dir='ltr'>pactum</span> <span class='ocrx_word' id='word_1_274' title='bbox 2385 2340 2769 2396; x_wconf 89' lang='lat' dir='ltr'>Virodunense</span> <span class='ocrx_word' id='word_1_275' title='bbox 2799 2341 3036 2396; x_wconf 89' lang='lat' dir='ltr'>demum</span> <span class='ocrx_word' id='word_1_276' title='bbox 3068 2341 3126 2398; x_wconf 92' lang='lat' dir='ltr'>in</span> <span class='ocrx_word' id='word_1_277' title='bbox 3154 2343 3402 2414; x_wconf 87' lang='lat' dir='ltr'>gratiam</span> <span class='ocrx_word' id='word_1_278' title='bbox 3431 2343 3618 2398; x_wconf 87' lang='lat' dir='ltr'>Ludo-</span> 
     </span>
    </p>
   </div>
   <div class='ocr_carea' id='block_1_22' title="bbox 249 2433 3301 2510">
    <p class='ocr_par' dir='ltr' id='par_1_22' title="bbox 249 2433 3301 2510">
     <span class='ocr_line' id='line_1_22' title="bbox 249 2433 3301 2510; baseline -0 -21"><span class='ocrx_word' id='word_1_279' title='bbox 249 2437 356 2492; x_wconf 89' lang='lat' dir='ltr'>vici</span> <span class='ocrx_word' id='word_1_280' title='bbox 383 2437 570 2491; x_wconf 91' lang='lat' dir='ltr'>rediit.</span> <span class='ocrx_word' id='word_1_281' title='bbox 601 2439 763 2492; x_wconf 87' lang='lat' dir='ltr'>Certe</span> <span class='ocrx_word' id='word_1_282' title='bbox 791 2455 944 2492; x_wconf 91' lang='lat' dir='ltr'>anno</span> <span class='ocrx_word' id='word_1_283' title='bbox 970 2439 1092 2506; x_wconf 72' lang='grc'>845,</span> <span class='ocrx_word' id='word_1_284' title='bbox 1127 2438 1450 2510; x_wconf 89' lang='lat' dir='ltr'>episcopale</span> <span class='ocrx_word' id='word_1_285' title='bbox 1481 2454 1691 2492; x_wconf 91' lang='lat' dir='ltr'>munus</span> <span class='ocrx_word' id='word_1_286' title='bbox 1721 2438 2084 2492; x_wconf 83' lang='lat' dir='ltr'>exercentem</span> <span class='ocrx_word' id='word_1_287' title='bbox 2111 2437 2168 2489; x_wconf 87' lang='lat' dir='ltr'>et</span> <span class='ocrx_word' id='word_1_288' title='bbox 2192 2433 2456 2489; x_wconf 89' lang='lat' dir='ltr'>Ludovici</span> <span class='ocrx_word' id='word_1_289' title='bbox 2478 2433 2674 2488; x_wconf 85' lang='lat' dir='ltr'>favore</span> <span class='ocrx_word' id='word_1_290' title='bbox 2705 2433 2994 2489; x_wconf 85' lang='lat' dir='ltr'>fruentem</span> <span class='ocrx_word' id='word_1_291' title='bbox 3025 2435 3301 2491; x_wconf 89' lang='lat' dir='ltr'>videmus.</span> 
     </span>
    </p>
   </div>
   <div class='ocr_carea' id='block_1_23' title="bbox 316 2608 3625 2684">
    <p class='ocr_par' dir='ltr' id='par_1_23' title="bbox 316 2608 3625 2684">
     <span class='ocr_line' id='line_1_23' title="bbox 316 2608 3625 2684; baseline 0.001 -20"><span class='ocrx_word' id='word_1_292' title='bbox 316 2611 503 2675; x_wconf 84' lang='lat' dir='ltr'>Quam</span> <span class='ocrx_word' id='word_1_293' title='bbox 529 2611 679 2665; x_wconf 88' lang='lat' dir='ltr'>male</span> <span class='ocrx_word' id='word_1_294' title='bbox 710 2611 878 2666; x_wconf 89' lang='lat' dir='ltr'>tantis</span> <span class='ocrx_word' id='word_1_295' title='bbox 904 2612 963 2666; x_wconf 92' lang='lat' dir='ltr'>in</span> <span class='ocrx_word' id='word_1_296' title='bbox 993 2610 1170 2666; x_wconf 88' lang='lat' dir='ltr'>turbis</span> <span class='ocrx_word' id='word_1_297' title='bbox 1197 2628 1380 2684; x_wconf 91' lang='lat' dir='ltr'>eoque</span> <span class='ocrx_word' id='word_1_298' title='bbox 1407 2611 1695 2666; x_wconf 84' lang='lat' dir='ltr'>barbarici</span> <span class='ocrx_word' id='word_1_299' title='bbox 1722 2615 1982 2682; x_wconf 88' lang='lat' dir='ltr'>tempore</span> <span class='ocrx_word' id='word_1_300' title='bbox 2014 2609 2223 2663; x_wconf 88' lang='lat' dir='ltr'>habita</span> <span class='ocrx_word' id='word_1_301' title='bbox 2251 2608 2470 2663; x_wconf 90' lang='lat' dir='ltr'>fuerint</span> <span class='ocrx_word' id='word_1_302' title='bbox 2495 2609 2746 2664; x_wconf 89' lang='lat' dir='ltr'>ecclesia</span> <span class='ocrx_word' id='word_1_303' title='bbox 2767 2625 3082 2682; x_wconf 85' lang='lat' dir='ltr'>earumque</span> <span class='ocrx_word' id='word_1_304' title='bbox 3113 2612 3261 2666; x_wconf 90' lang='lat' dir='ltr'>bona</span> <span class='ocrx_word' id='word_1_305' title='bbox 3289 2616 3346 2667; x_wconf 92' lang='lat' dir='ltr'>et</span> <span class='ocrx_word' id='word_1_306' title='bbox 3375 2612 3625 2667; x_wconf 87' lang='lat' dir='ltr'>ministri</span> 
     </span>
    </p>
   </div>
   <div class='ocr_carea' id='block_1_24' title="bbox 248 2701 3623 2778">
    <p class='ocr_par' dir='ltr' id='par_1_24' title="bbox 248 2701 3623 2778">
     <span class='ocr_line' id='line_1_24' title="bbox 248 2701 3623 2778; baseline 0.002 -24"><span class='ocrx_word' id='word_1_307' title='bbox 248 2701 338 2755; x_wconf 72' lang='lat' dir='ltr'>vix</span> <span class='ocrx_word' id='word_1_308' title='bbox 366 2716 556 2771; x_wconf 85' lang='lat' dir='ltr'>opera</span> <span class='ocrx_word' id='word_1_309' title='bbox 586 2701 836 2771; x_wconf 91' lang='lat' dir='ltr'>pretium</span> <span class='ocrx_word' id='word_1_310' title='bbox 865 2704 970 2769; x_wconf 90' lang='lat' dir='ltr'>est,</span> <span class='ocrx_word' id='word_1_311' title='bbox 1003 2705 1067 2755; x_wconf 88' lang='lat' dir='ltr'>ut</span> <span class='ocrx_word' id='word_1_312' title='bbox 1096 2717 1165 2756; x_wconf 84' lang='lat' dir='ltr'>ex</span> <span class='ocrx_word' id='word_1_313' title='bbox 1185 2702 1444 2772; x_wconf 88' lang='lat' dir='ltr'>ejusdem</span> <span class='ocrx_word' id='word_1_314' title='bbox 1474 2702 1706 2774; x_wconf 88' lang='lat' dir='ltr'>epocha</span> <span class='ocrx_word' id='word_1_315' title='bbox 1727 2701 1956 2772; x_wconf 84' lang='lat' dir='ltr'>synodis</span> <span class='ocrx_word' id='word_1_316' title='bbox 1981 2703 2421 2775; x_wconf 86' lang='lat' dir='ltr'>auctoribusque</span> <span class='ocrx_word' id='word_1_317' title='bbox 2443 2705 2774 2774; x_wconf 90' lang='lat' dir='ltr'>probemus.</span> <span class='ocrx_word' id='word_1_318' title='bbox 2805 2705 2945 2759; x_wconf 86' lang='lat' dir='ltr'>Hinc</span> <span class='ocrx_word' id='word_1_319' title='bbox 2965 2705 3140 2776; x_wconf 88' lang='lat' dir='ltr'>igitur</span> <span class='ocrx_word' id='word_1_320' title='bbox 3159 2706 3270 2761; x_wconf 86' lang='lat' dir='ltr'>illa</span> <span class='ocrx_word' id='word_1_321' title='bbox 3287 2707 3357 2762; x_wconf 92' lang='lat' dir='ltr'>de</span> <span class='ocrx_word' id='word_1_322' title='bbox 3382 2707 3623 2778; x_wconf 88' lang='lat' dir='ltr'>direptis</span> 
     </span>
    </p>
   </div>
   <div class='ocr_carea' id='block_1_25' title="bbox 247 2790 3620 2866">
    <p class='ocr_par' dir='ltr' id='par_1_25' title="bbox 247 2790 3620 2866">
     <span class='ocr_line' id='line_1_25' title="bbox 247 2790 3620 2866; baseline 0.002 -22"><span class='ocrx_word' id='word_1_323' title='bbox 247 2790 500 2845; x_wconf 90' lang='lat' dir='ltr'>ecclesiis</span> <span class='ocrx_word' id='word_1_324' title='bbox 529 2791 796 2862; x_wconf 85' lang='lat' dir='ltr'>querela.</span> <span class='ocrx_word' id='word_1_325' title='bbox 828 2792 1022 2863; x_wconf 87' lang='lat' dir='ltr'>Neque</span> <span class='ocrx_word' id='word_1_326' title='bbox 1050 2792 1262 2846; x_wconf 86' lang='lat' dir='ltr'>mirum</span> <span class='ocrx_word' id='word_1_327' title='bbox 1305 2795 1409 2860; x_wconf 88' lang='lat' dir='ltr'>est,</span> <span class='ocrx_word' id='word_1_328' title='bbox 1459 2792 1755 2863; x_wconf 89' lang='lat' dir='ltr'>Otgarium</span> <span class='ocrx_word' id='word_1_329' title='bbox 1797 2795 1927 2863; x_wconf 91' lang='lat' dir='ltr'>post</span> <span class='ocrx_word' id='word_1_330' title='bbox 1964 2793 2166 2862; x_wconf 88' lang='lat' dir='ltr'>synodi</span> <span class='ocrx_word' id='word_1_331' title='bbox 2199 2793 2746 2848; x_wconf 85' lang='lat' dir='ltr'>Theodonisvillana</span> <span class='ocrx_word' id='word_1_332' title='bbox 2790 2799 2990 2849; x_wconf 90' lang='lat' dir='ltr'>contra</span> <span class='ocrx_word' id='word_1_333' title='bbox 3029 2811 3088 2849; x_wconf 92' lang='lat' dir='ltr'>se</span> <span class='ocrx_word' id='word_1_334' title='bbox 3127 2798 3184 2850; x_wconf 91' lang='lat' dir='ltr'>et</span> <span class='ocrx_word' id='word_1_335' title='bbox 3209 2813 3339 2850; x_wconf 91' lang='lat' dir='ltr'>suos</span> <span class='ocrx_word' id='word_1_336' title='bbox 3366 2796 3620 2866; x_wconf 87' lang='lat' dir='ltr'>decreta,</span> 
     </span>
    </p>
   </div>
   <div class='ocr_carea' id='block_1_26' title="bbox 249 2880 3619 2958">
    <p class='ocr_par' dir='ltr' id='par_1_26' title="bbox 249 2880 3619 2958">
     <span class='ocr_line' id='line_1_26' title="bbox 249 2880 3619 2958; baseline 0.002 -25"><span class='ocrx_word' id='word_1_337' title='bbox 249 2881 303 2934; x_wconf 90' lang='lat' dir='ltr'>in</span> <span class='ocrx_word' id='word_1_338' title='bbox 325 2881 680 2951; x_wconf 85' lang='lat' dir='ltr'>synodorum</span> <span class='ocrx_word' id='word_1_339' title='bbox 704 2880 920 2951; x_wconf 91' lang='lat' dir='ltr'>judicia</span> <span class='ocrx_word' id='word_1_340' title='bbox 950 2880 1238 2936; x_wconf 90' lang='lat' dir='ltr'>invectum</span> <span class='ocrx_word' id='word_1_341' title='bbox 1264 2881 1460 2951; x_wconf 91' lang='lat' dir='ltr'>fuisse,</span> <span class='ocrx_word' id='word_1_342' title='bbox 1495 2884 1770 2952; x_wconf 90' lang='lat' dir='ltr'>tantaque</span> <span class='ocrx_word' id='word_1_343' title='bbox 1806 2881 1877 2935; x_wconf 93' lang='lat' dir='ltr'>de</span> <span class='ocrx_word' id='word_1_344' title='bbox 1908 2881 2109 2936; x_wconf 90' lang='lat' dir='ltr'>formis</span> <span class='ocrx_word' id='word_1_345' title='bbox 2135 2883 2485 2954; x_wconf 88' lang='lat' dir='ltr'>judiciorum</span> <span class='ocrx_word' id='word_1_346' title='bbox 2522 2883 2581 2937; x_wconf 91' lang='lat' dir='ltr'>in</span> <span class='ocrx_word' id='word_1_347' title='bbox 2623 2885 2914 2956; x_wconf 89' lang='lat' dir='ltr'>episcopos</span> <span class='ocrx_word' id='word_1_348' title='bbox 2952 2885 3347 2940; x_wconf 86' lang='lat' dir='ltr'>habendorum</span> <span class='ocrx_word' id='word_1_349' title='bbox 3383 2903 3619 2958; x_wconf 89' lang='lat' dir='ltr'>conges-</span> 
     </span>
    </p>
   </div>
   <div class='ocr_carea' id='block_1_27' title="bbox 249 2970 3624 3046">
    <p class='ocr_par' dir='ltr' id='par_1_27' title="bbox 249 2970 3624 3046">
     <span class='ocr_line' id='line_1_27' title="bbox 249 2970 3624 3046; baseline 0.003 -25"><span class='ocrx_word' id='word_1_350' title='bbox 249 2970 405 3039; x_wconf 82' lang='lat' dir='ltr'>sisse,</span> <span class='ocrx_word' id='word_1_351' title='bbox 441 2987 574 3042; x_wconf 87' lang='lat' dir='ltr'>qua</span> <span class='ocrx_word' id='word_1_352' title='bbox 598 2972 684 3025; x_wconf 86' lang='lat' dir='ltr'>vel</span> <span class='ocrx_word' id='word_1_353' title='bbox 713 2971 889 3025; x_wconf 89' lang='lat' dir='ltr'>ictum</span> <span class='ocrx_word' id='word_1_354' title='bbox 916 2971 1224 3026; x_wconf 90' lang='lat' dir='ltr'>ferendum</span> <span class='ocrx_word' id='word_1_355' title='bbox 1251 2976 1596 3042; x_wconf 87' lang='lat' dir='ltr'>averterent,</span> <span class='ocrx_word' id='word_1_356' title='bbox 1627 2972 1713 3026; x_wconf 92' lang='lat' dir='ltr'>vel</span> <span class='ocrx_word' id='word_1_357' title='bbox 1737 2970 1928 3042; x_wconf 85' lang='lat' dir='ltr'>potius</span> <span class='ocrx_word' id='word_1_358' title='bbox 1952 2971 2134 3025; x_wconf 85' lang='lat' dir='ltr'>latum</span> <span class='ocrx_word' id='word_1_359' title='bbox 2157 2971 2233 3044; x_wconf 90' lang='lat' dir='ltr'>inj</span> <span class='ocrx_word' id='word_1_360' title='bbox 2245 2972 2449 3027; x_wconf 88' lang='lat' dir='ltr'>ustitia</span> <span class='ocrx_word' id='word_1_361' title='bbox 2470 2979 2800 3044; x_wconf 89' lang='lat' dir='ltr'>arguerent.</span> <span class='ocrx_word' id='word_1_362' title='bbox 2821 2974 3022 3046; x_wconf 87' lang='lat' dir='ltr'>Aliqua</span> <span class='ocrx_word' id='word_1_363' title='bbox 3043 2976 3216 3030; x_wconf 89' lang='lat' dir='ltr'>etiam</span> <span class='ocrx_word' id='word_1_364' title='bbox 3237 2981 3543 3031; x_wconf 89' lang='lat' dir='ltr'>occurrunt</span> <span class='ocrx_word' id='word_1_365' title='bbox 3563 2976 3624 3033; x_wconf 92' lang='lat' dir='ltr'>in</span> 
     </span>
    </p>
   </div>
   <div class='ocr_carea' id='block_1_28' title="bbox 249 3060 3610 3136">
    <p class='ocr_par' dir='ltr' id='par_1_28' title="bbox 249 3060 3610 3136">
     <span class='ocr_line' id='line_1_28' title="bbox 249 3060 3610 3136; baseline 0.003 -24"><span class='ocrx_word' id='word_1_366' title='bbox 249 3060 651 3129; x_wconf 88' lang='lat' dir='ltr'>Decretalibus,</span> <span class='ocrx_word' id='word_1_367' title='bbox 681 3077 809 3131; x_wconf 90' lang='lat' dir='ltr'>qua</span> <span class='ocrx_word' id='word_1_368' title='bbox 838 3066 897 3115; x_wconf 91' lang='lat' dir='ltr'>ut</span> <span class='ocrx_word' id='word_1_369' title='bbox 920 3061 1169 3117; x_wconf 89' lang='lat' dir='ltr'>ostendit</span> <span class='ocrx_word' id='word_1_370' title='bbox 1195 3062 1384 3117; x_wconf 90' lang='lat' dir='ltr'>Acfele</span> <span class='ocrx_word' id='word_1_371' title='bbox 1416 3062 1546 3134; x_wconf 86' lang='lat'>(29),</span> <span class='ocrx_word' id='word_1_372' title='bbox 1591 3061 1890 3133; x_wconf 88' lang='lat' dir='ltr'>perspicue</span> <span class='ocrx_word' id='word_1_373' title='bbox 1916 3061 2052 3115; x_wconf 88' lang='lat' dir='ltr'>satis</span> <span class='ocrx_word' id='word_1_374' title='bbox 2079 3063 2326 3118; x_wconf 86' lang='lat' dir='ltr'>Ebbonis</span> <span class='ocrx_word' id='word_1_375' title='bbox 2361 3063 2776 3119; x_wconf 89' lang='lat' dir='ltr'>confessionem</span> <span class='ocrx_word' id='word_1_376' title='bbox 2812 3068 2982 3136; x_wconf 92' lang='lat' dir='ltr'>atque</span> <span class='ocrx_word' id='word_1_377' title='bbox 3017 3064 3432 3136; x_wconf 90' lang='lat' dir='ltr'>depositionem</span> <span class='ocrx_word' id='word_1_378' title='bbox 3465 3066 3610 3121; x_wconf 91' lang='lat' dir='ltr'>indi-</span> 
     </span>
    </p>
   </div>
   <div class='ocr_carea' id='block_1_29' title="bbox 252 3149 3622 3226">
    <p class='ocr_par' dir='ltr' id='par_1_29' title="bbox 252 3149 3622 3226">
     <span class='ocr_line' id='line_1_29' title="bbox 252 3149 3622 3226; baseline 0.002 -24"><span class='ocrx_word' id='word_1_379' title='bbox 252 3149 433 3220; x_wconf 88' lang='lat' dir='ltr'>gitare</span> <span class='ocrx_word' id='word_1_380' title='bbox 464 3149 786 3204; x_wconf 89' lang='lat' dir='ltr'>videantur.</span> <span class='ocrx_word' id='word_1_381' title='bbox 839 3151 965 3206; x_wconf 80' lang='lat' dir='ltr'>Haec</span> <span class='ocrx_word' id='word_1_382' title='bbox 1008 3151 1164 3205; x_wconf 88' lang='lat' dir='ltr'>enim</span> <span class='ocrx_word' id='word_1_383' title='bbox 1203 3151 1398 3206; x_wconf 87' lang='lat' dir='ltr'>scribit</span> <span class='ocrx_word' id='word_1_384' title='bbox 1431 3151 1971 3208; x_wconf 79' lang='lat' dir='ltr'>Pseudoalexander</span> <span class='ocrx_word' id='word_1_385' title='bbox 2013 3155 2116 3224; x_wconf 85' lang='lat'>(30)</span> <span class='ocrx_word' id='word_1_386' title='bbox 2163 3169 2176 3207; x_wconf 90' lang='lat'><strong>:</strong></span> <span class='ocrx_word' id='word_1_387' title='bbox 2220 3176 2246 3201; x_wconf 87' lang='grc'>‹‹</span> <span class='ocrx_word' id='word_1_388' title='bbox 2286 3152 2564 3208; x_wconf 87' lang='lat' dir='ltr'>Similiter</span> <span class='ocrx_word' id='word_1_389' title='bbox 2597 3155 2642 3208; x_wconf 92' lang='lat' dir='ltr'>si</span> <span class='ocrx_word' id='word_1_390' title='bbox 2683 3154 3015 3226; x_wconf 86' lang='lat' dir='ltr'>hujusmodi</span> <span class='ocrx_word' id='word_1_391' title='bbox 3052 3155 3310 3225; x_wconf 91' lang='lat' dir='ltr'>personis</span> <span class='ocrx_word' id='word_1_392' title='bbox 3357 3155 3622 3226; x_wconf 88' lang='lat' dir='ltr'>quadam</span> 
     </span>
    </p>
   </div>
   <div class='ocr_carea' id='block_1_30' title="bbox 250 3241 3621 3317">
    <p class='ocr_par' dir='ltr' id='par_1_30' title="bbox 250 3241 3621 3317">
     <span class='ocr_line' id='line_1_30' title="bbox 250 3241 3621 3317; baseline 0.002 -24"><span class='ocrx_word' id='word_1_393' title='bbox 250 3241 547 3311; x_wconf 78' lang='lat' dir='ltr'>scripturae</span> <span class='ocrx_word' id='word_1_394' title='bbox 566 3258 794 3314; x_wconf 90' lang='lat' dir='ltr'>quoquo</span> <span class='ocrx_word' id='word_1_395' title='bbox 818 3244 992 3298; x_wconf 92' lang='lat' dir='ltr'>modo</span> <span class='ocrx_word' id='word_1_396' title='bbox 1015 3260 1116 3314; x_wconf 90' lang='lat' dir='ltr'>per</span> <span class='ocrx_word' id='word_1_397' title='bbox 1141 3248 1378 3313; x_wconf 90' lang='lat' dir='ltr'>metum,</span> <span class='ocrx_word' id='word_1_398' title='bbox 1411 3243 1674 3298; x_wconf 86' lang='lat' dir='ltr'>fraudem</span> <span class='ocrx_word' id='word_1_399' title='bbox 1702 3249 1800 3298; x_wconf 91' lang='lat' dir='ltr'>aut</span> <span class='ocrx_word' id='word_1_400' title='bbox 1822 3259 1922 3314; x_wconf 91' lang='lat' dir='ltr'>per</span> <span class='ocrx_word' id='word_1_401' title='bbox 1948 3243 2064 3297; x_wconf 90' lang='lat' dir='ltr'>vim</span> <span class='ocrx_word' id='word_1_402' title='bbox 2096 3247 2331 3300; x_wconf 86' lang='lat' dir='ltr'>extorta</span> <span class='ocrx_word' id='word_1_403' title='bbox 2364 3244 2597 3314; x_wconf 87' lang='lat' dir='ltr'>fuerint,</span> <span class='ocrx_word' id='word_1_404' title='bbox 2626 3247 2714 3300; x_wconf 92' lang='lat' dir='ltr'>vel</span> <span class='ocrx_word' id='word_1_405' title='bbox 2733 3249 2798 3300; x_wconf 89' lang='lat' dir='ltr'>ut</span> <span class='ocrx_word' id='word_1_406' title='bbox 2828 3263 2886 3301; x_wconf 92' lang='lat' dir='ltr'>se</span> <span class='ocrx_word' id='word_1_407' title='bbox 2919 3245 3165 3300; x_wconf 87' lang='lat' dir='ltr'>liberare</span> <span class='ocrx_word' id='word_1_408' title='bbox 3200 3245 3440 3316; x_wconf 85' lang='lat' dir='ltr'>possint,</span> <span class='ocrx_word' id='word_1_409' title='bbox 3481 3262 3621 3317; x_wconf 90' lang='lat' dir='ltr'>quo-</span> 
     </span>
    </p>
   </div>
   <div class='ocr_carea' id='block_1_31' title="bbox 251 3327 3619 3407">
    <p class='ocr_par' dir='ltr' id='par_1_31' title="bbox 251 3327 3619 3407">
     <span class='ocr_line' id='line_1_31' title="bbox 251 3327 3619 3407; baseline 0.002 -23"><span class='ocrx_word' id='word_1_410' title='bbox 251 3347 475 3402; x_wconf 90' lang='lat' dir='ltr'>cunque</span> <span class='ocrx_word' id='word_1_411' title='bbox 506 3331 575 3385; x_wconf 89' lang='lat' dir='ltr'>ab</span> <span class='ocrx_word' id='word_1_412' title='bbox 604 3331 682 3387; x_wconf 90' lang='lat' dir='ltr'>eis</span> <span class='ocrx_word' id='word_1_413' title='bbox 708 3333 1043 3403; x_wconf 87' lang='lat' dir='ltr'>conscripta</span> <span class='ocrx_word' id='word_1_414' title='bbox 1071 3327 1154 3388; x_wconf 84' lang='lat' dir='ltr'>vel</span> <span class='ocrx_word' id='word_1_415' title='bbox 1185 3333 1468 3388; x_wconf 89' lang='lat' dir='ltr'>roborata</span> <span class='ocrx_word' id='word_1_416' title='bbox 1497 3333 1713 3388; x_wconf 89' lang='lat' dir='ltr'>fuerint</span> <span class='ocrx_word' id='word_1_417' title='bbox 1737 3333 1994 3406; x_wconf 90' lang='lat' dir='ltr'>ingenio,</span> <span class='ocrx_word' id='word_1_418' title='bbox 2025 3335 2093 3389; x_wconf 92' lang='lat' dir='ltr'>ad</span> <span class='ocrx_word' id='word_1_419' title='bbox 2115 3335 2336 3389; x_wconf 88' lang='lat' dir='ltr'>nullum</span> <span class='ocrx_word' id='word_1_420' title='bbox 2365 3335 2444 3389; x_wconf 91' lang='lat' dir='ltr'>eis</span> <span class='ocrx_word' id='word_1_421' title='bbox 2473 3335 2876 3406; x_wconf 84' lang='lat' dir='ltr'>prajudicium</span> <span class='ocrx_word' id='word_1_422' title='bbox 2905 3339 3004 3390; x_wconf 90' lang='lat' dir='ltr'>aut</span> <span class='ocrx_word' id='word_1_423' title='bbox 3030 3338 3396 3390; x_wconf 89' lang='lat' dir='ltr'>momentum</span> <span class='ocrx_word' id='word_1_424' title='bbox 3422 3352 3619 3407; x_wconf 90' lang='lat' dir='ltr'>perve-</span> 
     </span>
    </p>
   </div>
   <div class='ocr_carea' id='block_1_32' title="bbox 251 3420 3622 3498">
    <p class='ocr_par' dir='ltr' id='par_1_32' title="bbox 251 3420 3622 3498">
     <span class='ocr_line' id='line_1_32' title="bbox 251 3420 3622 3498; baseline 0.002 -25"><span class='ocrx_word' id='word_1_425' title='bbox 251 3420 371 3474; x_wconf 88' lang='lat' dir='ltr'>nire</span> <span class='ocrx_word' id='word_1_426' title='bbox 399 3436 718 3492; x_wconf 88' lang='lat' dir='ltr'>censemus,</span> <span class='ocrx_word' id='word_1_427' title='bbox 744 3438 934 3494; x_wconf 90' lang='lat' dir='ltr'>neque</span> <span class='ocrx_word' id='word_1_428' title='bbox 955 3422 1137 3476; x_wconf 89' lang='lat' dir='ltr'>ullam</span> <span class='ocrx_word' id='word_1_429' title='bbox 1157 3422 1238 3477; x_wconf 92' lang='lat' dir='ltr'>eis</span> <span class='ocrx_word' id='word_1_430' title='bbox 1261 3422 1558 3478; x_wconf 86' lang='lat' dir='ltr'>infamiam</span> <span class='ocrx_word' id='word_1_431' title='bbox 1581 3423 1669 3478; x_wconf 90' lang='lat' dir='ltr'>vel</span> <span class='ocrx_word' id='word_1_432' title='bbox 1687 3424 2032 3480; x_wconf 90' lang='lat' dir='ltr'>calumniam</span> <span class='ocrx_word' id='word_1_433' title='bbox 2055 3429 2154 3480; x_wconf 91' lang='lat' dir='ltr'>aut</span> <span class='ocrx_word' id='word_1_434' title='bbox 2175 3442 2208 3480; x_wconf 92' lang='lat' dir='ltr'>a</span> <span class='ocrx_word' id='word_1_435' title='bbox 2228 3425 2344 3480; x_wconf 90' lang='lat' dir='ltr'>suis</span> <span class='ocrx_word' id='word_1_436' title='bbox 2364 3427 2884 3498; x_wconf 88' lang='lat' dir='ltr'>sequestrationem</span> <span class='ocrx_word' id='word_1_437' title='bbox 2905 3426 3089 3496; x_wconf 90' lang='lat' dir='ltr'>bonis,</span> <span class='ocrx_word' id='word_1_438' title='bbox 3112 3442 3371 3498; x_wconf 90' lang='lat' dir='ltr'>unquam</span> <span class='ocrx_word' id='word_1_439' title='bbox 3391 3429 3622 3481; x_wconf 89' lang='lat' dir='ltr'>auctore</span> 
     </span>
    </p>
   </div>
   <div class='ocr_carea' id='block_1_33' title="bbox 251 3511 3623 3588">
    <p class='ocr_par' dir='ltr' id='par_1_33' title="bbox 251 3511 3623 3588">
     <span class='ocr_line' id='line_1_33' title="bbox 251 3511 3623 3588; baseline 0.003 -24"><span class='ocrx_word' id='word_1_440' title='bbox 251 3511 360 3565; x_wconf 89' lang='lat' dir='ltr'>Deo</span> <span class='ocrx_word' id='word_1_441' title='bbox 392 3513 451 3565; x_wconf 91' lang='lat' dir='ltr'>et</span> <span class='ocrx_word' id='word_1_442' title='bbox 474 3511 682 3566; x_wconf 85' lang='lat' dir='ltr'>sanctis</span> <span class='ocrx_word' id='word_1_443' title='bbox 710 3512 982 3583; x_wconf 88' lang='lat' dir='ltr'>apostolis</span> <span class='ocrx_word' id='word_1_444' title='bbox 1008 3529 1322 3585; x_wconf 88' lang='lat' dir='ltr'>eorumque</span> <span class='ocrx_word' id='word_1_445' title='bbox 1350 3513 1767 3568; x_wconf 88' lang='lat' dir='ltr'>successoribus</span> <span class='ocrx_word' id='word_1_446' title='bbox 1792 3515 2069 3571; x_wconf 88' lang='lat' dir='ltr'>sustinere</span> <span class='ocrx_word' id='word_1_447' title='bbox 2096 3515 2501 3587; x_wconf 86' lang='lat' dir='ltr'>permittimus.</span> <span class='ocrx_word' id='word_1_448' title='bbox 2535 3539 2560 3565; x_wconf 87' lang='grc'><strong>››</strong></span> <span class='ocrx_word' id='word_1_449' title='bbox 2593 3518 2713 3571; x_wconf 85' lang='lat' dir='ltr'>[mo</span> <span class='ocrx_word' id='word_1_450' title='bbox 2735 3515 3000 3588; x_wconf 85' lang='lat' dir='ltr'>quadam</span> <span class='ocrx_word' id='word_1_451' title='bbox 3032 3517 3419 3573; x_wconf 89' lang='lat' dir='ltr'>Decretalibus</span> <span class='ocrx_word' id='word_1_452' title='bbox 3439 3518 3623 3573; x_wconf 89' lang='lat' dir='ltr'>inesse</span> 
     </span>
    </p>
   </div>
   <div class='ocr_carea' id='block_1_34' title="bbox 252 3601 3622 3678">
    <p class='ocr_par' dir='ltr' id='par_1_34' title="bbox 252 3601 3622 3678">
     <span class='ocr_line' id='line_1_34' title="bbox 252 3601 3622 3678; baseline 0.002 -24"><span class='ocrx_word' id='word_1_453' title='bbox 252 3601 413 3655; x_wconf 91' lang='lat' dir='ltr'>nobis</span> <span class='ocrx_word' id='word_1_454' title='bbox 437 3601 707 3657; x_wconf 88' lang='lat' dir='ltr'>videntur</span> <span class='ocrx_word' id='word_1_455' title='bbox 733 3619 803 3658; x_wconf 84' lang='lat' dir='ltr'>ex</span> <span class='ocrx_word' id='word_1_456' title='bbox 827 3603 915 3673; x_wconf 92' lang='lat' dir='ltr'>iis,</span> <span class='ocrx_word' id='word_1_457' title='bbox 955 3620 1082 3674; x_wconf 91' lang='lat' dir='ltr'>qua</span> <span class='ocrx_word' id='word_1_458' title='bbox 1113 3604 1185 3658; x_wconf 93' lang='lat' dir='ltr'>ad</span> <span class='ocrx_word' id='word_1_459' title='bbox 1213 3603 1458 3675; x_wconf 88' lang='lat' dir='ltr'>primam</span> <span class='ocrx_word' id='word_1_460' title='bbox 1486 3604 1676 3659; x_wconf 89' lang='lat' dir='ltr'>sedem</span> <span class='ocrx_word' id='word_1_461' title='bbox 1709 3604 2042 3675; x_wconf 89' lang='lat' dir='ltr'>respiciunt,</span> <span class='ocrx_word' id='word_1_462' title='bbox 2083 3605 2236 3676; x_wconf 87' lang='lat' dir='ltr'>quod</span> <span class='ocrx_word' id='word_1_463' title='bbox 2264 3621 2298 3659; x_wconf 91' lang='lat' dir='ltr'>a</span> <span class='ocrx_word' id='word_1_464' title='bbox 2323 3607 2554 3660; x_wconf 87' lang='lat' dir='ltr'>nemine</span> <span class='ocrx_word' id='word_1_465' title='bbox 2574 3606 2883 3676; x_wconf 90' lang='lat' dir='ltr'>judicetur,</span> <span class='ocrx_word' id='word_1_466' title='bbox 2915 3624 3042 3678; x_wconf 88' lang='lat' dir='ltr'>qua</span> <span class='ocrx_word' id='word_1_467' title='bbox 3069 3607 3139 3662; x_wconf 89' lang='lat' dir='ltr'>ab</span> <span class='ocrx_word' id='word_1_468' title='bbox 3173 3608 3321 3662; x_wconf 88' lang='lat' dir='ltr'>illius</span> <span class='ocrx_word' id='word_1_469' title='bbox 3345 3609 3622 3678; x_wconf 89' lang='lat' dir='ltr'>temporis</span> 
     </span>
    </p>
   </div>
   <div class='ocr_carea' id='block_1_35' title="bbox 253 3691 3619 3766">
    <p class='ocr_par' dir='ltr' id='par_1_35' title="bbox 253 3691 3619 3766">
     <span class='ocr_line' id='line_1_35' title="bbox 253 3691 3619 3766; baseline 0.003 -22"><span class='ocrx_word' id='word_1_470' title='bbox 253 3691 544 3746; x_wconf 78' lang='lat' dir='ltr'>eventibus</span> <span class='ocrx_word' id='word_1_471' title='bbox 568 3693 877 3764; x_wconf 89' lang='lat' dir='ltr'>pendeant.</span> <span class='ocrx_word' id='word_1_472' title='bbox 906 3694 1211 3765; x_wconf 89' lang='lat' dir='ltr'>Gregorius</span> <span class='ocrx_word' id='word_1_473' title='bbox 1233 3710 1446 3765; x_wconf 89' lang='lat' dir='ltr'>nempe</span> <span class='ocrx_word' id='word_1_474' title='bbox 1470 3695 1558 3764; x_wconf 91' lang='lat' dir='ltr'>IV,</span> <span class='ocrx_word' id='word_1_475' title='bbox 1601 3699 1664 3748; x_wconf 91' lang='lat' dir='ltr'>ut</span> <span class='ocrx_word' id='word_1_476' title='bbox 1701 3709 1896 3765; x_wconf 91' lang='lat' dir='ltr'>pacem</span> <span class='ocrx_word' id='word_1_477' title='bbox 1939 3693 2089 3748; x_wconf 89' lang='lat' dir='ltr'>inter</span> <span class='ocrx_word' id='word_1_478' title='bbox 2119 3697 2345 3765; x_wconf 90' lang='lat' dir='ltr'>patrem</span> <span class='ocrx_word' id='word_1_479' title='bbox 2380 3695 2636 3766; x_wconf 90' lang='lat' dir='ltr'>ﬁliosque</span> <span class='ocrx_word' id='word_1_480' title='bbox 2667 3695 2999 3751; x_wconf 90' lang='lat' dir='ltr'>conciliaret</span> <span class='ocrx_word' id='word_1_481' title='bbox 3045 3713 3109 3750; x_wconf 85' lang='lat' dir='ltr'>ex</span> <span class='ocrx_word' id='word_1_482' title='bbox 3135 3697 3294 3752; x_wconf 88' lang='lat' dir='ltr'>Italia</span> <span class='ocrx_word' id='word_1_483' title='bbox 3321 3698 3619 3766; x_wconf 90' lang='lat' dir='ltr'>accedens,</span> 
     </span>
    </p>
   </div>
   <div class='ocr_carea' id='block_1_36' title="bbox 253 3783 3620 3858">
    <p class='ocr_par' dir='ltr' id='par_1_36' title="bbox 253 3783 3620 3858">
     <span class='ocr_line' id='line_1_36' title="bbox 253 3783 3620 3858; baseline 0.002 -23"><span class='ocrx_word' id='word_1_484' title='bbox 253 3797 381 3836; x_wconf 87' lang='lat' dir='ltr'>cum</span> <span class='ocrx_word' id='word_1_485' title='bbox 412 3799 445 3836; x_wconf 90' lang='lat' dir='ltr'>a</span> <span class='ocrx_word' id='word_1_486' title='bbox 469 3783 738 3838; x_wconf 89' lang='lat' dir='ltr'>Lothario</span> <span class='ocrx_word' id='word_1_487' title='bbox 768 3786 1022 3838; x_wconf 90' lang='lat' dir='ltr'>retentus</span> <span class='ocrx_word' id='word_1_488' title='bbox 1048 3783 1179 3838; x_wconf 87' lang='lat' dir='ltr'>ﬁliis</span> <span class='ocrx_word' id='word_1_489' title='bbox 1201 3784 1391 3839; x_wconf 90' lang='lat' dir='ltr'>favere</span> <span class='ocrx_word' id='word_1_490' title='bbox 1418 3783 1727 3850; x_wconf 88' lang='lat' dir='ltr'>videretur,</span> <span class='ocrx_word' id='word_1_491' title='bbox 1757 3783 1815 3838; x_wconf 89' lang='lat' dir='ltr'>in</span> <span class='ocrx_word' id='word_1_492' title='bbox 1843 3800 1976 3838; x_wconf 92' lang='lat' dir='ltr'>eum</span> <span class='ocrx_word' id='word_1_493' title='bbox 2009 3783 2441 3839; x_wconf 81' lang='lat' dir='ltr'>insurrexerunt</span> <span class='ocrx_word' id='word_1_494' title='bbox 2466 3784 2782 3840; x_wconf 85' lang='lat' dir='ltr'>Germania</span> <span class='ocrx_word' id='word_1_495' title='bbox 2809 3786 3102 3856; x_wconf 88' lang='lat' dir='ltr'>prasules,</span> <span class='ocrx_word' id='word_1_496' title='bbox 3135 3787 3234 3858; x_wconf 88' lang='lat' dir='ltr'>qui</span> <span class='ocrx_word' id='word_1_497' title='bbox 3263 3803 3329 3842; x_wconf 88' lang='lat' dir='ltr'>ex</span> <span class='ocrx_word' id='word_1_498' title='bbox 3353 3788 3620 3843; x_wconf 90' lang='lat' dir='ltr'>Ludovici</span> 
     </span>
    </p>
   </div>
   <div class='ocr_carea' id='block_1_37' title="bbox 255 3870 3624 3946">
    <p class='ocr_par' dir='ltr' id='par_1_37' title="bbox 255 3870 3624 3946">
     <span class='ocr_line' id='line_1_37' title="bbox 255 3870 3624 3946; baseline 0.003 -22"><span class='ocrx_word' id='word_1_499' title='bbox 255 3870 504 3940; x_wconf 76' lang='lat' dir='ltr'>partibus</span> <span class='ocrx_word' id='word_1_500' title='bbox 535 3872 779 3939; x_wconf 88' lang='lat' dir='ltr'>stabant,</span> <span class='ocrx_word' id='word_1_501' title='bbox 809 3875 866 3928; x_wconf 91' lang='lat' dir='ltr'>et</span> <span class='ocrx_word' id='word_1_502' title='bbox 891 3890 958 3927; x_wconf 93' lang='lat' dir='ltr'>eo</span> <span class='ocrx_word' id='word_1_503' title='bbox 992 3873 1277 3945; x_wconf 87' lang='lat' dir='ltr'>progressi</span> <span class='ocrx_word' id='word_1_504' title='bbox 1307 3879 1457 3944; x_wconf 90' lang='lat' dir='ltr'>sunt,</span> <span class='ocrx_word' id='word_1_505' title='bbox 1493 3878 1553 3929; x_wconf 89' lang='lat' dir='ltr'>ut</span> <span class='ocrx_word' id='word_1_506' title='bbox 1589 3874 1869 3946; x_wconf 88' lang='lat' dir='ltr'>pontiﬁcis</span> <span class='ocrx_word' id='word_1_507' title='bbox 1897 3874 2546 3930; x_wconf 86' lang='lat' dir='ltr'>excommunicationem</span> <span class='ocrx_word' id='word_1_508' title='bbox 2576 3875 2934 3931; x_wconf 88' lang='lat' dir='ltr'>molirentur.</span> <span class='ocrx_word' id='word_1_509' title='bbox 2977 3876 3100 3931; x_wconf 85' lang='lat' dir='ltr'>Jam</span> <span class='ocrx_word' id='word_1_510' title='bbox 3131 3879 3268 3931; x_wconf 91' lang='lat' dir='ltr'>tunc</span> <span class='ocrx_word' id='word_1_511' title='bbox 3295 3877 3511 3933; x_wconf 89' lang='lat' dir='ltr'>factum</span> <span class='ocrx_word' id='word_1_512' title='bbox 3538 3882 3624 3934; x_wconf 90' lang='lat' dir='ltr'>est</span> 
     </span>
    </p>
   </div>
   <div class='ocr_carea' id='block_1_38' title="bbox 256 3962 3622 4041">
    <p class='ocr_par' dir='ltr' id='par_1_38' title="bbox 256 3962 3622 4041">
     <span class='ocr_line' id='line_1_38' title="bbox 256 3962 3622 4041; baseline 0.003 -27"><span class='ocrx_word' id='word_1_513' title='bbox 256 3967 311 4015; x_wconf 87' lang='lat' dir='ltr'>ut</span> <span class='ocrx_word' id='word_1_514' title='bbox 335 3962 508 4029; x_wconf 86' lang='lat' dir='ltr'>Wala,</span> <span class='ocrx_word' id='word_1_515' title='bbox 543 3963 896 4018; x_wconf 88' lang='lat' dir='ltr'>Corbeiensis</span> <span class='ocrx_word' id='word_1_516' title='bbox 927 3963 1116 4034; x_wconf 90' lang='lat' dir='ltr'>abbas,</span> <span class='ocrx_word' id='word_1_517' title='bbox 1153 3979 1324 4036; x_wconf 89' lang='lat' dir='ltr'>quem</span> <span class='ocrx_word' id='word_1_518' title='bbox 1349 3981 1520 4035; x_wconf 90' lang='lat' dir='ltr'>supra</span> <span class='ocrx_word' id='word_1_519' title='bbox 1554 3965 1702 4020; x_wconf 89' lang='lat' dir='ltr'>inter</span> <span class='ocrx_word' id='word_1_520' title='bbox 1729 3964 1980 4020; x_wconf 89' lang='lat' dir='ltr'>ﬁliorum</span> <span class='ocrx_word' id='word_1_521' title='bbox 2009 3965 2237 4020; x_wconf 88' lang='lat' dir='ltr'>asseclis</span> <span class='ocrx_word' id='word_1_522' title='bbox 2261 3966 2709 4037; x_wconf 89' lang='lat' dir='ltr'>nominavimus,</span> <span class='ocrx_word' id='word_1_523' title='bbox 2742 3967 2996 4038; x_wconf 87' lang='lat' dir='ltr'>pontiﬁci</span> <span class='ocrx_word' id='word_1_524' title='bbox 3029 3968 3286 4040; x_wconf 88' lang='lat' dir='ltr'>syllogen</span> <span class='ocrx_word' id='word_1_525' title='bbox 3313 3970 3622 4041; x_wconf 88' lang='lat' dir='ltr'>quamdam</span> 
     </span>
    </p>
   </div>
   <div class='ocr_carea' id='block_1_39' title="bbox 253 4051 3621 4130">
    <p class='ocr_par' dir='ltr' id='par_1_39' title="bbox 253 4051 3621 4130">
     <span class='ocr_line' id='line_1_39' title="bbox 253 4051 3621 4130; baseline 0.003 -26"><span class='ocrx_word' id='word_1_526' title='bbox 253 4051 656 4107; x_wconf 79' lang='lat' dir='ltr'>auctoritatum</span> <span class='ocrx_word' id='word_1_527' title='bbox 682 4069 734 4107; x_wconf 92' lang='lat' dir='ltr'>a.</span> <span class='ocrx_word' id='word_1_528' title='bbox 758 4057 857 4109; x_wconf 90' lang='lat'>833</span> <span class='ocrx_word' id='word_1_529' title='bbox 889 4054 1137 4125; x_wconf 74' lang='lat' dir='ltr'>offerret,</span> <span class='ocrx_word' id='word_1_530' title='bbox 1159 4054 1365 4126; x_wconf 89' lang='lat' dir='ltr'>quibus</span> <span class='ocrx_word' id='word_1_531' title='bbox 1394 4055 1650 4126; x_wconf 84' lang='lat' dir='ltr'>pontifici</span> <span class='ocrx_word' id='word_1_532' title='bbox 1677 4071 1913 4110; x_wconf 90' lang='lat' dir='ltr'>omnem</span> <span class='ocrx_word' id='word_1_533' title='bbox 1931 4057 1989 4110; x_wconf 90' lang='lat' dir='ltr'>B.</span> <span class='ocrx_word' id='word_1_534' title='bbox 2016 4055 2164 4111; x_wconf 86' lang='lat' dir='ltr'>Petri</span> <span class='ocrx_word' id='word_1_535' title='bbox 2187 4056 2586 4112; x_wconf 90' lang='lat' dir='ltr'>auctoritatem</span> <span class='ocrx_word' id='word_1_536' title='bbox 2608 4057 2981 4112; x_wconf 84' lang='lat' dir='ltr'>excellentem</span> <span class='ocrx_word' id='word_1_537' title='bbox 3003 4060 3060 4113; x_wconf 92' lang='lat' dir='ltr'>et</span> <span class='ocrx_word' id='word_1_538' title='bbox 3078 4061 3416 4130; x_wconf 87' lang='lat' dir='ltr'>potestatem</span> <span class='ocrx_word' id='word_1_539' title='bbox 3434 4059 3621 4115; x_wconf 89' lang='lat' dir='ltr'>vivam</span> 
     </span>
    </p>
   </div>
   <div class='ocr_carea' id='block_1_40' title="bbox 256 4142 3622 4219">
    <p class='ocr_par' dir='ltr' id='par_1_40' title="bbox 256 4142 3622 4219">
     <span class='ocr_line' id='line_1_40' title="bbox 256 4142 3622 4219; baseline 0.003 -24"><span class='ocrx_word' id='word_1_540' title='bbox 256 4142 456 4210; x_wconf 87' lang='lat' dir='ltr'>inesse,</span> <span class='ocrx_word' id='word_1_541' title='bbox 490 4143 680 4215; x_wconf 91' lang='lat' dir='ltr'>ipsum</span> <span class='ocrx_word' id='word_1_542' title='bbox 707 4160 905 4199; x_wconf 90' lang='lat' dir='ltr'>omnes</span> <span class='ocrx_word' id='word_1_543' title='bbox 925 4144 1183 4216; x_wconf 88' lang='lat' dir='ltr'>judicare</span> <span class='ocrx_word' id='word_1_544' title='bbox 1223 4148 1279 4200; x_wconf 90' lang='lat' dir='ltr'>et</span> <span class='ocrx_word' id='word_1_545' title='bbox 1307 4161 1338 4198; x_wconf 88' lang='lat' dir='ltr'>a</span> <span class='ocrx_word' id='word_1_546' title='bbox 1370 4145 1601 4200; x_wconf 89' lang='lat' dir='ltr'>nemine</span> <span class='ocrx_word' id='word_1_547' title='bbox 1619 4144 1866 4216; x_wconf 87' lang='lat' dir='ltr'>judicari</span> <span class='ocrx_word' id='word_1_548' title='bbox 1902 4145 2252 4202; x_wconf 88' lang='lat' dir='ltr'>ostenderet.</span> <span class='ocrx_word' id='word_1_549' title='bbox 2295 4147 2590 4218; x_wconf 89' lang='lat' dir='ltr'>Ejusmodi</span> <span class='ocrx_word' id='word_1_550' title='bbox 2622 4164 2790 4219; x_wconf 91' lang='lat' dir='ltr'>porro</span> <span class='ocrx_word' id='word_1_551' title='bbox 2831 4148 3011 4203; x_wconf 86' lang='lat' dir='ltr'>serius</span> <span class='ocrx_word' id='word_1_552' title='bbox 3045 4151 3103 4203; x_wconf 91' lang='lat' dir='ltr'>et</span> <span class='ocrx_word' id='word_1_553' title='bbox 3141 4148 3386 4204; x_wconf 90' lang='lat' dir='ltr'>Isidorus</span> <span class='ocrx_word' id='word_1_554' title='bbox 3424 4154 3622 4205; x_wconf 89' lang='lat' dir='ltr'>noster</span> 
     </span>
    </p>
   </div>
   <div class='ocr_carea' id='block_1_41' title="bbox 257 4233 564 4305">
    <p class='ocr_par' dir='ltr' id='par_1_41' title="bbox 257 4233 564 4305">
     <span class='ocr_line' id='line_1_41' title="bbox 257 4233 564 4305; baseline 0.013 -21"><span class='ocrx_word' id='word_1_555' title='bbox 257 4233 564 4305; x_wconf 82' lang='lat' dir='ltr'>congessit.</span> 
     </span>
    </p>
   </div>
   <div class='ocr_carea' id='block_1_42' title="bbox 321 4379 3623 4455">
    <p class='ocr_par' dir='ltr' id='par_1_42' title="bbox 321 4379 3623 4455">
     <span class='ocr_line' id='line_1_42' title="bbox 321 4379 3623 4455; baseline 0.003 -23"><span class='ocrx_word' id='word_1_556' title='bbox 321 4381 475 4433; x_wconf 85' lang='lat' dir='ltr'>Alter</span> <span class='ocrx_word' id='word_1_557' title='bbox 520 4379 667 4446; x_wconf 79' lang='lat' dir='ltr'>linis,</span> <span class='ocrx_word' id='word_1_558' title='bbox 723 4393 896 4450; x_wconf 93' lang='lat' dir='ltr'>quem</span> <span class='ocrx_word' id='word_1_559' title='bbox 941 4380 1409 4437; x_wconf 88' lang='lat' dir='ltr'>Pseudoisidorus</span> <span class='ocrx_word' id='word_1_560' title='bbox 1454 4381 1559 4437; x_wconf 92' lang='lat' dir='ltr'>sibi</span> <span class='ocrx_word' id='word_1_561' title='bbox 1605 4381 1918 4453; x_wconf 90' lang='lat' dir='ltr'>proposuit,</span> <span class='ocrx_word' id='word_1_562' title='bbox 1969 4398 2074 4436; x_wconf 89' lang='lat' dir='ltr'>nec</span> <span class='ocrx_word' id='word_1_563' title='bbox 2123 4383 2313 4438; x_wconf 90' lang='lat' dir='ltr'>minus</span> <span class='ocrx_word' id='word_1_564' title='bbox 2365 4383 2551 4438; x_wconf 88' lang='lat' dir='ltr'>Levita</span> <span class='ocrx_word' id='word_1_565' title='bbox 2595 4383 2929 4438; x_wconf 89' lang='lat' dir='ltr'>Benedictus</span> <span class='ocrx_word' id='word_1_566' title='bbox 2967 4384 3271 4455; x_wconf 91' lang='lat' dir='ltr'>promovit,</span> <span class='ocrx_word' id='word_1_567' title='bbox 3313 4384 3358 4438; x_wconf 92' lang='lat' dir='ltr'>is</span> <span class='ocrx_word' id='word_1_568' title='bbox 3386 4390 3528 4453; x_wconf 91' lang='lat' dir='ltr'>erat,</span> <span class='ocrx_word' id='word_1_569' title='bbox 3561 4393 3623 4444; x_wconf 88' lang='lat' dir='ltr'>ut</span> 
     </span>
    </p>
   </div>
   <div class='ocr_carea' id='block_1_43' title="bbox 257 4468 3616 4548">
    <p class='ocr_par' dir='ltr' id='par_1_43' title="bbox 257 4468 3616 4548">
     <span class='ocr_line' id='line_1_43' title="bbox 257 4468 3616 4548; baseline 0.003 -26"><span class='ocrx_word' id='word_1_570' title='bbox 257 4468 600 4535; x_wconf 87' lang='lat' dir='ltr'>dicebamus,</span> <span class='ocrx_word' id='word_1_571' title='bbox 631 4473 696 4523; x_wconf 88' lang='lat' dir='ltr'>ut</span> <span class='ocrx_word' id='word_1_572' title='bbox 722 4468 1069 4539; x_wconf 90' lang='lat' dir='ltr'>primatialia</span> <span class='ocrx_word' id='word_1_573' title='bbox 1097 4487 1242 4542; x_wconf 89' lang='lat' dir='ltr'>pura</span> <span class='ocrx_word' id='word_1_574' title='bbox 1266 4472 1517 4528; x_wconf 87' lang='lat' dir='ltr'>ecclesia</span> <span class='ocrx_word' id='word_1_575' title='bbox 1545 4471 1889 4544; x_wconf 87' lang='lat' dir='ltr'>Moguntina</span> <span class='ocrx_word' id='word_1_576' title='bbox 1917 4471 2253 4543; x_wconf 89' lang='lat' dir='ltr'>vindicaret,</span> <span class='ocrx_word' id='word_1_577' title='bbox 2283 4473 2494 4528; x_wconf 90' lang='lat' dir='ltr'>similia</span> <span class='ocrx_word' id='word_1_578' title='bbox 2523 4473 2654 4542; x_wconf 90' lang='lat' dir='ltr'>illis,</span> <span class='ocrx_word' id='word_1_579' title='bbox 2683 4473 2893 4544; x_wconf 91' lang='lat' dir='ltr'>quibus</span> <span class='ocrx_word' id='word_1_580' title='bbox 2912 4474 3289 4545; x_wconf 87' lang='lat' dir='ltr'>metropolita</span> <span class='ocrx_word' id='word_1_581' title='bbox 3320 4475 3616 4548; x_wconf 89' lang='lat' dir='ltr'>Carthagi-</span> 
     </span>
    </p>
   </div>
   <div class='ocr_carea' id='block_1_44' title="bbox 258 4557 3620 4636">
    <p class='ocr_par' dir='ltr' id='par_1_44' title="bbox 258 4557 3620 4636">
     <span class='ocr_line' id='line_1_44' title="bbox 258 4557 3620 4636; baseline 0.003 -24"><span class='ocrx_word' id='word_1_582' title='bbox 258 4558 461 4614; x_wconf 88' lang='lat' dir='ltr'>niensis</span> <span class='ocrx_word' id='word_1_583' title='bbox 488 4557 548 4612; x_wconf 88' lang='lat' dir='ltr'>in</span> <span class='ocrx_word' id='word_1_584' title='bbox 578 4558 787 4628; x_wconf 84' lang='lat' dir='ltr'>Africa,</span> <span class='ocrx_word' id='word_1_585' title='bbox 816 4557 1012 4614; x_wconf 90' lang='lat' dir='ltr'>vicarii</span> <span class='ocrx_word' id='word_1_586' title='bbox 1038 4561 1314 4631; x_wconf 88' lang='lat' dir='ltr'>pontiﬁcii</span> <span class='ocrx_word' id='word_1_587' title='bbox 1343 4563 1466 4618; x_wconf 90' lang='lat' dir='ltr'>aliis</span> <span class='ocrx_word' id='word_1_588' title='bbox 1493 4563 1553 4618; x_wconf 90' lang='lat' dir='ltr'>in</span> <span class='ocrx_word' id='word_1_589' title='bbox 1592 4562 1848 4636; x_wconf 87' lang='lat' dir='ltr'>partibus</span> <span class='ocrx_word' id='word_1_590' title='bbox 1873 4563 2284 4634; x_wconf 85' lang='lat' dir='ltr'>patriarchatus</span> <span class='ocrx_word' id='word_1_591' title='bbox 2317 4562 2562 4619; x_wconf 84' lang='lat' dir='ltr'>Romani</span> <span class='ocrx_word' id='word_1_592' title='bbox 2595 4563 2955 4619; x_wconf 85' lang='lat' dir='ltr'>fruebantur.</span> <span class='ocrx_word' id='word_1_593' title='bbox 2989 4565 3169 4628; x_wconf 88' lang='lat' dir='ltr'>Quam</span> <span class='ocrx_word' id='word_1_594' title='bbox 3197 4565 3467 4636; x_wconf 88' lang='lat' dir='ltr'>praclare</span> <span class='ocrx_word' id='word_1_595' title='bbox 3495 4567 3620 4622; x_wconf 90' lang='lat' dir='ltr'>hac</span> 
     </span>
    </p>
   </div>
   <div class='ocr_carea' id='block_1_45' title="bbox 260 4647 3620 4725">
    <p class='ocr_par' dir='ltr' id='par_1_45' title="bbox 260 4647 3620 4725">
     <span class='ocr_line' id='line_1_45' title="bbox 260 4647 3620 4725; baseline 0.003 -25"><span class='ocrx_word' id='word_1_596' title='bbox 260 4648 314 4702; x_wconf 89' lang='lat' dir='ltr'>in</span> <span class='ocrx_word' id='word_1_597' title='bbox 341 4647 642 4720; x_wconf 86' lang='lat' dir='ltr'>Otgarium</span> <span class='ocrx_word' id='word_1_598' title='bbox 669 4648 954 4720; x_wconf 85' lang='lat' dir='ltr'>quadrent</span> <span class='ocrx_word' id='word_1_599' title='bbox 981 4649 1322 4721; x_wconf 88' lang='lat' dir='ltr'>videbimus,</span> <span class='ocrx_word' id='word_1_600' title='bbox 1344 4653 1390 4708; x_wconf 91' lang='lat' dir='ltr'>si</span> <span class='ocrx_word' id='word_1_601' title='bbox 1418 4670 1451 4707; x_wconf 90' lang='lat' dir='ltr'>a</span> <span class='ocrx_word' id='word_1_602' title='bbox 1484 4655 1538 4708; x_wconf 91' lang='lat' dir='ltr'>S.</span> <span class='ocrx_word' id='word_1_603' title='bbox 1576 4653 1864 4708; x_wconf 84' lang='lat' dir='ltr'>Bonifacio</span> <span class='ocrx_word' id='word_1_604' title='bbox 1895 4668 2075 4724; x_wconf 90' lang='lat' dir='ltr'>usque</span> <span class='ocrx_word' id='word_1_605' title='bbox 2105 4653 2174 4708; x_wconf 89' lang='lat' dir='ltr'>ad</span> <span class='ocrx_word' id='word_1_606' title='bbox 2203 4653 2412 4724; x_wconf 90' lang='lat' dir='ltr'>ipsum,</span> <span class='ocrx_word' id='word_1_607' title='bbox 2446 4669 2712 4724; x_wconf 84' lang='lat' dir='ltr'>quanam</span> <span class='ocrx_word' id='word_1_608' title='bbox 2740 4653 2912 4724; x_wconf 90' lang='lat' dir='ltr'>hujus</span> <span class='ocrx_word' id='word_1_609' title='bbox 2939 4653 3236 4725; x_wconf 88' lang='lat' dir='ltr'>dignitatis</span> <span class='ocrx_word' id='word_1_610' title='bbox 3261 4654 3323 4710; x_wconf 93' lang='lat' dir='ltr'>in</span> <span class='ocrx_word' id='word_1_611' title='bbox 3346 4656 3478 4711; x_wconf 89' lang='lat' dir='ltr'>sede</span> <span class='ocrx_word' id='word_1_612' title='bbox 3505 4657 3620 4710; x_wconf 88' lang='lat' dir='ltr'>Mo-</span> 
     </span>
    </p>
   </div>
   <div class='ocr_carea' id='block_1_46' title="bbox 260 4739 3619 4816">
    <p class='ocr_par' dir='ltr' id='par_1_46' title="bbox 260 4739 3619 4816">
     <span class='ocr_line' id='line_1_46' title="bbox 260 4739 3619 4816; baseline 0.002 -22"><span class='ocrx_word' id='word_1_613' title='bbox 260 4741 492 4811; x_wconf 89' lang='lat' dir='ltr'>guntina</span> <span class='ocrx_word' id='word_1_614' title='bbox 538 4757 659 4794; x_wconf 91' lang='lat' dir='ltr'>sors</span> <span class='ocrx_word' id='word_1_615' title='bbox 710 4740 902 4810; x_wconf 85' lang='lat' dir='ltr'>fuerit,</span> <span class='ocrx_word' id='word_1_616' title='bbox 953 4739 1329 4813; x_wconf 84' lang='lat' dir='ltr'>inquiramus.</span> <span class='ocrx_word' id='word_1_617' title='bbox 1379 4743 1777 4799; x_wconf 90' lang='lat' dir='ltr'>Sanctissimus</span> <span class='ocrx_word' id='word_1_618' title='bbox 1817 4743 1910 4797; x_wconf 92' lang='lat' dir='ltr'>ille</span> <span class='ocrx_word' id='word_1_619' title='bbox 1954 4743 2273 4797; x_wconf 89' lang='lat' dir='ltr'>Germania</span> <span class='ocrx_word' id='word_1_620' title='bbox 2315 4743 2602 4813; x_wconf 88' lang='lat' dir='ltr'>apostolus</span> <span class='ocrx_word' id='word_1_621' title='bbox 2636 4759 2669 4796; x_wconf 86' lang='lat' dir='ltr'>a</span> <span class='ocrx_word' id='word_1_622' title='bbox 2715 4744 2989 4799; x_wconf 89' lang='lat' dir='ltr'>Zacharia</span> <span class='ocrx_word' id='word_1_623' title='bbox 3034 4761 3183 4816; x_wconf 88' lang='lat' dir='ltr'>papa</span> <span class='ocrx_word' id='word_1_624' title='bbox 3230 4745 3619 4814; x_wconf 89' lang='lat' dir='ltr'>Moguntinam</span> 
     </span>
    </p>
   </div>
   <div class='ocr_carea' id='block_1_47' title="bbox 260 4830 3618 4906">
    <p class='ocr_par' dir='ltr' id='par_1_47' title="bbox 260 4830 3618 4906">
     <span class='ocr_line' id='line_1_47' title="bbox 260 4830 3618 4906; baseline 0.002 -24"><span class='ocrx_word' id='word_1_625' title='bbox 260 4830 445 4886; x_wconf 89' lang='lat' dir='ltr'>sedem</span> <span class='ocrx_word' id='word_1_626' title='bbox 470 4830 529 4885; x_wconf 90' lang='lat' dir='ltr'>in</span> <span class='ocrx_word' id='word_1_627' title='bbox 559 4830 923 4902; x_wconf 87' lang='lat' dir='ltr'>metropolim</span> <span class='ocrx_word' id='word_1_628' title='bbox 953 4834 1208 4888; x_wconf 78' lang='lat' dir='ltr'>avectam</span> <span class='ocrx_word' id='word_1_629' title='bbox 1233 4833 1468 4906; x_wconf 89' lang='lat' dir='ltr'>accepit,</span> <span class='ocrx_word' id='word_1_630' title='bbox 1502 4835 1590 4889; x_wconf 90' lang='lat' dir='ltr'>cui</span> <span class='ocrx_word' id='word_1_631' title='bbox 1625 4832 2041 4905; x_wconf 88' lang='lat' dir='ltr'>subjicerentur</span> <span class='ocrx_word' id='word_1_632' title='bbox 2073 4832 2332 4886; x_wconf 83' lang='lat' dir='ltr'>Ecclesiae</span> <span class='ocrx_word' id='word_1_633' title='bbox 2357 4832 2720 4902; x_wconf 89' lang='lat' dir='ltr'>Tongrensis,</span> <span class='ocrx_word' id='word_1_634' title='bbox 2755 4833 3133 4902; x_wconf 88' lang='lat' dir='ltr'>Coloniensis,</span> <span class='ocrx_word' id='word_1_635' title='bbox 3164 4835 3618 4902; x_wconf 89' lang='lat' dir='ltr'>Wormaciensis,</span> 
     </span>
    </p>
   </div>
   <div class='ocr_carea' id='block_1_48' title="bbox 259 4921 3622 4996">
    <p class='ocr_par' dir='ltr' id='par_1_48' title="bbox 259 4921 3622 4996">
     <span class='ocr_line' id='line_1_48' title="bbox 259 4921 3622 4996; baseline 0.002 -21"><span class='ocrx_word' id='word_1_636' title='bbox 259 4922 555 4993; x_wconf 89' lang='lat' dir='ltr'>Spirensis,</span> <span class='ocrx_word' id='word_1_637' title='bbox 584 4921 953 4993; x_wconf 88' lang='lat' dir='ltr'>Trajectensis</span> <span class='ocrx_word' id='word_1_638' title='bbox 983 4926 1041 4977; x_wconf 91' lang='lat' dir='ltr'>et</span> <span class='ocrx_word' id='word_1_639' title='bbox 1067 4939 1266 4979; x_wconf 90' lang='lat' dir='ltr'>omnes</span> <span class='ocrx_word' id='word_1_640' title='bbox 1293 4923 1394 4994; x_wconf 93' lang='lat' dir='ltr'>illi,</span> <span class='ocrx_word' id='word_1_641' title='bbox 1424 4924 1523 4996; x_wconf 92' lang='lat' dir='ltr'>qui</span> <span class='ocrx_word' id='word_1_642' title='bbox 1553 4925 1624 4979; x_wconf 88' lang='lat' dir='ltr'>ab</span> <span class='ocrx_word' id='word_1_643' title='bbox 1654 4941 1720 4979; x_wconf 89' lang='lat' dir='ltr'>eo</span> <span class='ocrx_word' id='word_1_644' title='bbox 1748 4923 2005 4978; x_wconf 89' lang='lat' dir='ltr'>conversi</span> <span class='ocrx_word' id='word_1_645' title='bbox 2038 4923 2286 4990; x_wconf 86' lang='lat' dir='ltr'>fuerant,</span> <span class='ocrx_word' id='word_1_646' title='bbox 2319 4922 2642 4978; x_wconf 88' lang='lat' dir='ltr'>Germania</span> <span class='ocrx_word' id='word_1_647' title='bbox 2671 4921 2891 4995; x_wconf 89' lang='lat' dir='ltr'>populi,</span> <span class='ocrx_word' id='word_1_648' title='bbox 2926 4939 3132 4995; x_wconf 88' lang='lat' dir='ltr'>nempe</span> <span class='ocrx_word' id='word_1_649' title='bbox 3160 4927 3418 4980; x_wconf 88' lang='lat' dir='ltr'>recenter</span> <span class='ocrx_word' id='word_1_650' title='bbox 3455 4926 3526 4980; x_wconf 91' lang='lat' dir='ltr'>ab</span> <span class='ocrx_word' id='word_1_651' title='bbox 3556 4943 3622 4981; x_wconf 90' lang='lat' dir='ltr'>eo</span> 
     </span>
    </p>
   </div>
   <div class='ocr_carea' id='block_1_49' title="bbox 261 5012 3621 5088">
    <p class='ocr_par' dir='ltr' id='par_1_49' title="bbox 261 5012 3621 5088">
     <span class='ocr_line' id='line_1_49' title="bbox 261 5012 3621 5088; baseline 0.002 -22"><span class='ocrx_word' id='word_1_652' title='bbox 261 5016 456 5067; x_wconf 85' lang='lat' dir='ltr'>erecta</span> <span class='ocrx_word' id='word_1_653' title='bbox 510 5013 673 5068; x_wconf 91' lang='lat' dir='ltr'>sedes</span> <span class='ocrx_word' id='word_1_654' title='bbox 723 5012 1163 5084; x_wconf 89' lang='lat' dir='ltr'>Herbipolensis,</span> <span class='ocrx_word' id='word_1_655' title='bbox 1215 5015 1686 5085; x_wconf 81' lang='lat' dir='ltr'>Buraburgensis,</span> <span class='ocrx_word' id='word_1_656' title='bbox 1740 5015 2103 5085; x_wconf 87' lang='lat' dir='ltr'>Erfurtensis,</span> <span class='ocrx_word' id='word_1_657' title='bbox 2167 5015 2614 5088; x_wconf 88' lang='lat' dir='ltr'>Eichstettensis,</span> <span class='ocrx_word' id='word_1_658' title='bbox 2676 5015 2880 5088; x_wconf 90' lang='lat' dir='ltr'>quibus</span> <span class='ocrx_word' id='word_1_659' title='bbox 2947 5015 3226 5086; x_wconf 89' lang='lat' dir='ltr'>posterius</span> <span class='ocrx_word' id='word_1_660' title='bbox 3275 5019 3621 5088; x_wconf 85' lang='lat' dir='ltr'>Augustana,</span> 
     </span>
    </p>
   </div>
   <div class='ocr_carea' id='block_1_50' title="bbox 258 5090 3623 5178">
    <p class='ocr_par' dir='ltr' id='par_1_50' title="bbox 258 5090 3623 5178">
     <span class='ocr_line' id='line_1_50' title="bbox 258 5090 3623 5178; baseline 0.002 -23"><span class='ocrx_word' id='word_1_661' title='bbox 258 5101 715 5170; x_wconf 86' lang='lat' dir='ltr'>Constantiensis,</span> <span class='ocrx_word' id='word_1_662' title='bbox 757 5090 1063 5173; x_wconf 62' lang='lat' dir='ltr'>Curiénsis,</span> <span class='ocrx_word' id='word_1_663' title='bbox 1105 5105 1603 5175; x_wconf 86' lang='lat' dir='ltr'>Argentoratensis</span> <span class='ocrx_word' id='word_1_664' title='bbox 1642 5109 2024 5162; x_wconf 89' lang='lat' dir='ltr'>accesserunt.</span> <span class='ocrx_word' id='word_1_665' title='bbox 2065 5107 2200 5171; x_wconf 86' lang='lat' dir='ltr'>Qua</span> <span class='ocrx_word' id='word_1_666' title='bbox 2244 5111 2493 5178; x_wconf 89' lang='lat' dir='ltr'>potestas</span> <span class='ocrx_word' id='word_1_667' title='bbox 2525 5123 2656 5162; x_wconf 91' lang='lat' dir='ltr'>vere</span> <span class='ocrx_word' id='word_1_668' title='bbox 2697 5104 3033 5178; x_wconf 90' lang='lat' dir='ltr'>primatialis</span> <span class='ocrx_word' id='word_1_669' title='bbox 3070 5108 3213 5174; x_wconf 89' lang='lat' dir='ltr'>erat,</span> <span class='ocrx_word' id='word_1_670' title='bbox 3251 5123 3384 5161; x_wconf 90' lang='lat' dir='ltr'>cum</span> <span class='ocrx_word' id='word_1_671' title='bbox 3422 5123 3623 5163; x_wconf 90' lang='lat' dir='ltr'>omnes</span> 
     </span>
    </p>
   </div>
   <div class='ocr_carea' id='block_1_51' title="bbox 259 5191 3621 5270">
    <p class='ocr_par' dir='ltr' id='par_1_51' title="bbox 259 5191 3621 5270">
     <span class='ocr_line' id='line_1_51' title="bbox 259 5191 3621 5270; baseline 0.003 -25"><span class='ocrx_word' id='word_1_672' title='bbox 259 5191 492 5263; x_wconf 85' lang='lat' dir='ltr'>integra</span> <span class='ocrx_word' id='word_1_673' title='bbox 521 5192 772 5247; x_wconf 88' lang='lat' dir='ltr'>nationis</span> <span class='ocrx_word' id='word_1_674' title='bbox 810 5193 1060 5248; x_wconf 89' lang='lat' dir='ltr'>ecclesia</span> <span class='ocrx_word' id='word_1_675' title='bbox 1084 5194 1430 5265; x_wconf 89' lang='lat' dir='ltr'>Moguntina</span> <span class='ocrx_word' id='word_1_676' title='bbox 1459 5194 1895 5267; x_wconf 89' lang='lat' dir='ltr'>subjicerentur.</span> <span class='ocrx_word' id='word_1_677' title='bbox 1939 5199 2065 5254; x_wconf 84' lang='lat' dir='ltr'>Mox</span> <span class='ocrx_word' id='word_1_678' title='bbox 2108 5203 2327 5270; x_wconf 90' lang='lat' dir='ltr'>tamen,</span> <span class='ocrx_word' id='word_1_679' title='bbox 2373 5200 2606 5255; x_wconf 90' lang='lat' dir='ltr'>sedente</span> <span class='ocrx_word' id='word_1_680' title='bbox 2651 5196 2809 5252; x_wconf 91' lang='lat' dir='ltr'>Lullo</span> <span class='ocrx_word' id='word_1_681' title='bbox 2852 5195 3121 5250; x_wconf 91' lang='lat' dir='ltr'>Bonifacii</span> <span class='ocrx_word' id='word_1_682' title='bbox 3165 5214 3505 5266; x_wconf 89' lang='lat' dir='ltr'>successore,</span> <span class='ocrx_word' id='word_1_683' title='bbox 3550 5201 3621 5255; x_wconf 89' lang='lat' dir='ltr'>ab</span> 
     </span>
    </p>
   </div>
   <div class='ocr_carea' id='block_1_52' title="bbox 260 5279 3621 5362">
    <p class='ocr_par' dir='ltr' id='par_1_52' title="bbox 260 5279 3621 5362">
     <span class='ocr_line' id='line_1_52' title="bbox 260 5279 3621 5362; baseline 0.003 -28"><span class='ocrx_word' id='word_1_684' title='bbox 260 5281 532 5338; x_wconf 82' lang='lat' dir='ltr'>Hadriano</span> <span class='ocrx_word' id='word_1_685' title='bbox 565 5283 585 5336; x_wconf 92' lang='grc' dir='ltr'><strong>Ι</strong></span> <span class='ocrx_word' id='word_1_686' title='bbox 609 5282 864 5339; x_wconf 79' lang='lat' dir='ltr'>diacesis</span> <span class='ocrx_word' id='word_1_687' title='bbox 917 5284 1288 5356; x_wconf 86' lang='lat' dir='ltr'>Trajectensis</span> <span class='ocrx_word' id='word_1_688' title='bbox 1321 5301 1354 5340; x_wconf 90' lang='lat' dir='ltr'>a</span> <span class='ocrx_word' id='word_1_689' title='bbox 1379 5287 1679 5358; x_wconf 89' lang='lat' dir='ltr'>metropoli</span> <span class='ocrx_word' id='word_1_690' title='bbox 1706 5289 1996 5361; x_wconf 87' lang='lat' dir='ltr'>Moguntia</span> <span class='ocrx_word' id='word_1_691' title='bbox 2016 5290 2194 5346; x_wconf 89' lang='lat' dir='ltr'>divisa</span> <span class='ocrx_word' id='word_1_692' title='bbox 2225 5294 2310 5347; x_wconf 91' lang='lat' dir='ltr'>est</span> <span class='ocrx_word' id='word_1_693' title='bbox 2336 5295 2392 5346; x_wconf 92' lang='lat' dir='ltr'>et</span> <span class='ocrx_word' id='word_1_694' title='bbox 2417 5279 2737 5346; x_wconf 86' lang='lat' dir='ltr'>Coloniensi</span> <span class='ocrx_word' id='word_1_695' title='bbox 2766 5285 3016 5343; x_wconf 88' lang='lat' dir='ltr'>ecclesia</span> <span class='ocrx_word' id='word_1_696' title='bbox 3045 5287 3317 5360; x_wconf 89' lang='lat' dir='ltr'>subjecta.</span> <span class='ocrx_word' id='word_1_697' title='bbox 3357 5291 3475 5345; x_wconf 90' lang='lat' dir='ltr'>Imo</span> <span class='ocrx_word' id='word_1_698' title='bbox 3517 5307 3621 5362; x_wconf 90' lang='lat' dir='ltr'>po-</span> 
     </span>
    </p>
   </div>
   <div class='ocr_carea' id='block_1_53' title="bbox 261 5372 3622 5452">
    <p class='ocr_par' dir='ltr' id='par_1_53' title="bbox 261 5372 3622 5452">
     <span class='ocr_line' id='line_1_53' title="bbox 261 5372 3622 5452; baseline 0.003 -26"><span class='ocrx_word' id='word_1_699' title='bbox 261 5375 424 5428; x_wconf 86' lang='lat' dir='ltr'>testas</span> <span class='ocrx_word' id='word_1_700' title='bbox 447 5372 547 5429; x_wconf 90' lang='lat' dir='ltr'>illa</span> <span class='ocrx_word' id='word_1_701' title='bbox 576 5373 771 5430; x_wconf 90' lang='lat' dir='ltr'>vicarii</span> <span class='ocrx_word' id='word_1_702' title='bbox 791 5374 1085 5446; x_wconf 87' lang='lat' dir='ltr'>apostolici</span> <span class='ocrx_word' id='word_1_703' title='bbox 1117 5378 1174 5432; x_wconf 90' lang='lat' dir='ltr'>et</span> <span class='ocrx_word' id='word_1_704' title='bbox 1202 5375 1461 5447; x_wconf 90' lang='lat' dir='ltr'>primatis</span> <span class='ocrx_word' id='word_1_705' title='bbox 1487 5392 1605 5432; x_wconf 81' lang='lat' dir='ltr'>non</span> <span class='ocrx_word' id='word_1_706' title='bbox 1636 5376 1863 5436; x_wconf 89' lang='lat' dir='ltr'>videtur</span> <span class='ocrx_word' id='word_1_707' title='bbox 1890 5381 1962 5438; x_wconf 90' lang='lat' dir='ltr'>ad</span> <span class='ocrx_word' id='word_1_708' title='bbox 1997 5380 2270 5438; x_wconf 85' lang='lat' dir='ltr'>Bonifacii</span> <span class='ocrx_word' id='word_1_709' title='bbox 2302 5395 2654 5437; x_wconf 88' lang='lat' dir='ltr'>successores</span> <span class='ocrx_word' id='word_1_710' title='bbox 2683 5378 2996 5450; x_wconf 86' lang='lat' dir='ltr'>transiisse,</span> <span class='ocrx_word' id='word_1_711' title='bbox 3028 5383 3089 5435; x_wconf 88' lang='lat' dir='ltr'>ut</span> <span class='ocrx_word' id='word_1_712' title='bbox 3115 5380 3346 5452; x_wconf 89' lang='lat' dir='ltr'>egregie</span> <span class='ocrx_word' id='word_1_713' title='bbox 3374 5380 3622 5438; x_wconf 90' lang='lat' dir='ltr'>ostendit</span> 
     </span>
    </p>
   </div>
   <div class='ocr_carea' id='block_1_54' title="bbox 259 5780 3056 5928">
    <p class='ocr_par' dir='ltr' id='par_1_54' title="bbox 259 5780 3056 5928">
     <span class='ocr_line' id='line_1_54' title="bbox 259 5780 3056 5928; baseline 0.004 -93"><span class='ocrx_word' id='word_1_714' title='bbox 259 5780 393 5837; x_wconf 83' lang='lat' dir='ltr'>Sixti</span> <span class='ocrx_word' id='word_1_715' title='bbox 435 5782 478 5836; x_wconf 90' lang='lat' dir='ltr'>ll</span> <span class='ocrx_word' id='word_1_716' title='bbox 518 5799 606 5908; x_wconf 58' lang='grc' dir='ltr'>εδ).</span> <span class='ocrx_word' id='word_1_717' title='bbox 656 5787 703 5837; x_wconf 89' lang='lat' dir='ltr'>l.</span> <span class='ocrx_word' id='word_1_718' title='bbox 745 5785 940 5841; x_wconf 85' lang='lat' dir='ltr'>Felicis</span> <span class='ocrx_word' id='word_1_719' title='bbox 975 5786 993 5839; x_wconf 87' lang='grc' dir='ltr'>Ι</span> <span class='ocrx_word' id='word_1_720' title='bbox 1033 5802 1124 5858; x_wconf 88' lang='lat' dir='ltr'>ep.</span> <span class='ocrx_word' id='word_1_721' title='bbox 1170 5791 1214 5841; x_wconf 84' lang='lat' dir='ltr'>l.</span> <span class='ocrx_word' id='word_1_722' title='bbox 1262 5787 1597 5845; x_wconf 89' lang='lat' dir='ltr'>Benedictus</span> <span class='ocrx_word' id='word_1_723' title='bbox 1633 5789 1824 5846; x_wconf 90' lang='lat' dir='ltr'>Levita</span> <span class='ocrx_word' id='word_1_724' title='bbox 1855 5793 1888 5844; x_wconf 93' lang='lat' dir='ltr'>l.</span> <span class='ocrx_word' id='word_1_725' title='bbox 2066 5789 2192 5928; x_wconf 41' lang='grc' dir='ltr'>ἓ28ξ.</span> <span class='ocrx_word' id='word_1_726' title='bbox 2230 5791 2432 5846; x_wconf 88' lang='lat' dir='ltr'>Histor.</span> <span class='ocrx_word' id='word_1_727' title='bbox 2466 5795 2530 5847; x_wconf 92' lang='lat' dir='ltr'>Il.</span> <span class='ocrx_word' id='word_1_728' title='bbox 2565 5799 2615 5849; x_wconf 89' lang='lat'>7.</span> <span class='ocrx_word' id='word_1_729' title='bbox 2650 5796 2809 5849; x_wconf 86' lang='lat' dir='ltr'>Pertz</span> <span class='ocrx_word' id='word_1_730' title='bbox 2837 5795 2900 5848; x_wconf 87' lang='lat' dir='ltr'>ll.</span> <span class='ocrx_word' id='word_1_731' title='bbox 2933 5796 3056 5849; x_wconf 82' lang='grc'>659.</span> 
     </span>
     <span class='ocr_line' id='line_1_55' title="bbox 259 5855 2600 5928; baseline 0.006 -21"><span class='ocrx_word' id='word_1_732' title='bbox 259 5869 313 5928; x_wconf 67' lang='grc'>11.</span> <span class='ocrx_word' id='word_1_733' title='bbox 341 5868 470 5928; x_wconf 69' lang='lat' dir='ltr'>can.</span> <span class='ocrx_word' id='word_1_734' title='bbox 495 5855 531 5928; x_wconf 85' lang='grc'>8</span> <span class='ocrx_word' id='word_1_735' title='bbox 571 5856 628 5922; x_wconf 84' lang='lat'>9,</span> <span class='ocrx_word' id='word_1_736' title='bbox 669 5857 919 5911; x_wconf 85' lang='grc'>881.111.</span> <span class='ocrx_word' id='word_1_737' title='bbox 964 5857 1002 5911; x_wconf 93' lang='lat'>1.</span> <span class='ocrx_word' id='word_1_738' title='bbox 1046 5861 1133 5928; x_wconf 91' lang='lat'>83,</span> <span class='ocrx_word' id='word_1_739' title='bbox 1164 5861 1251 5928; x_wconf 88' lang='lat'>89,</span> <span class='ocrx_word' id='word_1_740' title='bbox 1288 5863 1406 5928; x_wconf 83' lang='lat'>156,</span> <span class='ocrx_word' id='word_1_741' title='bbox 1442 5864 1560 5928; x_wconf 92' lang='lat'>171,</span> <span class='ocrx_word' id='word_1_742' title='bbox 1596 5863 1720 5928; x_wconf 74' lang='grc'>814,</span> <span class='ocrx_word' id='word_1_743' title='bbox 1765 5864 1889 5928; x_wconf 85' lang='lat'>321,</span> <span class='ocrx_word' id='word_1_744' title='bbox 2084 5864 2150 5916; x_wconf 86' lang='lat'>29</span> <span class='ocrx_word' id='word_1_745' title='bbox 2201 5861 2354 5928; x_wconf 88' lang='lat' dir='ltr'>L.c.,</span> <span class='ocrx_word' id='word_1_746' title='bbox 2387 5881 2441 5928; x_wconf 87' lang='lat' dir='ltr'>p.</span> <span class='ocrx_word' id='word_1_747' title='bbox 2476 5868 2600 5920; x_wconf 85' lang='lat'>627.</span> 
     </span>
    </p>
   </div>
   <div class='ocr_carea' id='block_1_55' title="bbox 258 5855 2600 5935">
    <p class='ocr_par' dir='ltr' id='par_1_55' title="bbox 258 5855 2600 5935">
     <span class='ocr_line' id='line_1_56' title="bbox 258 5855 2600 5935; baseline 0.006 -28"><span class='ocrx_word' id='word_1_748' title='bbox 258 5855 628 5935; x_wconf 35' lang='lat' dir='ltr'>1.1;ncanL309,</span> <span class='ocrx_word' id='word_1_749' title='bbox 669 5857 919 5911; x_wconf 89' lang='lat'>381.111.</span> <span class='ocrx_word' id='word_1_750' title='bbox 964 5857 1002 5911; x_wconf 92' lang='lat'>1.</span> <span class='ocrx_word' id='word_1_751' title='bbox 1046 5855 1133 5929; x_wconf 84' lang='lat'>83,</span> <span class='ocrx_word' id='word_1_752' title='bbox 1164 5861 1251 5931; x_wconf 88' lang='lat'>89,</span> <span class='ocrx_word' id='word_1_753' title='bbox 1288 5863 1406 5930; x_wconf 83' lang='lat'>156,</span> <span class='ocrx_word' id='word_1_754' title='bbox 1442 5864 1560 5931; x_wconf 91' lang='lat'>171,</span> <span class='ocrx_word' id='word_1_755' title='bbox 1596 5863 1720 5930; x_wconf 69' lang='lat'>314,</span> <span class='ocrx_word' id='word_1_756' title='bbox 1765 5864 1889 5931; x_wconf 85' lang='lat'>321,</span> <span class='ocrx_word' id='word_1_757' title='bbox 2067 5855 2168 5935; x_wconf 70' lang='lat'>(29)</span> <span class='ocrx_word' id='word_1_758' title='bbox 2201 5861 2354 5935; x_wconf 87' lang='lat' dir='ltr'>L.c.,</span> <span class='ocrx_word' id='word_1_759' title='bbox 2387 5881 2441 5935; x_wconf 86' lang='lat' dir='ltr'>p.</span> <span class='ocrx_word' id='word_1_760' title='bbox 2476 5868 2600 5920; x_wconf 84' lang='lat'>627.</span> 
     </span>
    </p>
   </div>
   <div class='ocr_carea' id='block_1_56' title="bbox 261 5923 1867 6007">
    <p class='ocr_par' dir='ltr' id='par_1_56' title="bbox 261 5923 1718 5993">
     <span class='ocr_line' id='line_1_57' title="bbox 261 5923 1718 5993; baseline 0.001 -15"><span class='ocrx_word' id='word_1_761' title='bbox 261 5923 533 5993; x_wconf 67' lang='lat'>139,480.</span> <span class='ocrx_word' id='word_1_762' title='bbox 1122 5923 1128 5929; x_wconf 86' lang='lat'>&#39;</span> <span class='ocrx_word' id='word_1_763' title='bbox 1238 5923 1245 5931; x_wconf 87' lang='lat'><strong><em>&#39;</em></strong></span> <span class='ocrx_word' id='word_1_764' title='bbox 1394 5923 1403 5930; x_wconf 88' lang='lat'>&#39;</span> <span class='ocrx_word' id='word_1_765' title='bbox 1547 5923 1556 5931; x_wconf 93' lang='lat'><strong><em>&#39;</em></strong></span> <span class='ocrx_word' id='word_1_766' title='bbox 1709 5923 1718 5930; x_wconf 93' lang='lat'><strong><em>&#39;</em></strong></span> 
     </span>
    </p>
   </div>
   <div class='ocr_carea' id='block_1_57' title="bbox 778 5923 2384 6007">
    <p class='ocr_par' dir='ltr' id='par_1_57' title="bbox 1122 5923 2384 6007">
     <span class='ocr_line' id='line_1_58' title="bbox 1122 5923 2384 6007; baseline 0.002 -21"><span class='ocrx_word' id='word_1_767' title='bbox 1122 5923 1128 5929; x_wconf 61' lang='grc'><em>’</em></span> <span class='ocrx_word' id='word_1_768' title='bbox 1238 5923 1245 5931; x_wconf 69' lang='grc'><em>”</em></span> <span class='ocrx_word' id='word_1_769' title='bbox 1394 5923 1403 5930; x_wconf 68' lang='grc'><em>’</em></span> <span class='ocrx_word' id='word_1_770' title='bbox 1547 5923 1556 5931; x_wconf 73' lang='grc'><strong>’</strong></span> <span class='ocrx_word' id='word_1_771' title='bbox 1709 5923 1718 5930; x_wconf 71' lang='grc'><em>’</em></span> <span class='ocrx_word' id='word_1_772' title='bbox 1878 5923 1887 5931; x_wconf 75' lang='grc'><em>’</em></span> <span class='ocrx_word' id='word_1_773' title='bbox 2069 5923 2176 6006; x_wconf 71' lang='grc'>(30)</span> <span class='ocrx_word' id='word_1_774' title='bbox 2205 5934 2301 6007; x_wconf 90' lang='lat' dir='ltr'>Ep.</span> <span class='ocrx_word' id='word_1_775' title='bbox 2340 5923 2384 5989; x_wconf 67' lang='grc' dir='ltr'>ί.</span> 
     </span>
    </p>
   </div>
  </div>
