4068 6346
440 368 472 404 x
1320 352 1606 407 .XI‘I’END.
1652 353 1735 405 Al)
1774 352 1932 404 Μία.
1975 350 2060 406 IX.
2094 381 2161 391 -ο
2202 352 2506 408 ISIDOHL'S
2544 354 2931 410 MERCATOR.

435 473 678 542 Blascus,
716 493 763 530 c.
794 481 823 531 7
870 492 991 533 suae
1028 478 1099 533 de
1136 479 1483 535 Collectione
1521 475 1715 532 lsidori
1746 476 2074 532 Mercatoris
2109 477 2544 548 dissertationis,
2588 479 2722 551 (30")
2759 480 3049 552 Moguntia
3083 484 3281 537 tamen
3320 481 3576 553 primum
3618 483 3807 538 locum

438 563 589 620 inter
618 566 845 639 imperii
875 568 1219 624 Francorum
1258 571 1415 625 sedes
1440 571 1612 639 longe
1639 569 1901 639 tempore
1927 568 2180 637 retinuit,
2210 572 2275 622 ut
2300 569 2451 625 idem
2477 587 2525 625 c.
2564 574 2625 626 13
2657 572 2909 627 ostendit
2935 571 3125 626 latius.
3155 571 3425 644 Adeoque
3452 573 3617 628 facile
3641 576 3808 629 Boni-

437 656 573 711 facii
626 659 933 713 successori
979 675 1049 714 ea
1091 661 1327 715 ambitio
1372 660 1430 714 in
1478 662 1732 713 mentem
1772 658 1944 726 venit,
1985 664 2050 714 ut
2083 659 2356 715 Bonifacii
2401 661 2813 733 prasrogativas
2847 662 2906 716 in
2934 678 2991 717 se
3024 666 3144 717 tum
3178 664 3407 731 servari,
3435 668 3558 717 tum
3587 665 3811 720 restitui

436 747 768 817 postularet.
798 748 1075 820 Rieulfus,
1105 751 1203 821 qui
1235 750 1456 804 Lullum
1482 754 1707 804 secutus
1736 750 1839 817 est,
1867 748 2254 820 Salisburgum
2294 755 2349 805 et
2394 750 2690 806 Coloniam
2731 752 2791 805 in
2834 752 3178 823 metropoles
3217 753 3364 824 erigi
3402 753 3609 808 invitus
3646 754 3808 809 vidit.

436 838 670 909 Otgario
697 839 930 895 sedente
960 840 1019 895 in
1047 858 1113 895 eo
1143 842 1282 909 erat,
1304 843 1369 893 ut
1398 856 1528 910 pars
1552 838 1742 909 major
1761 838 2254 909 suﬂ'raganeorum
2272 840 2580 912 Moguntise
2604 842 2942 912 eriperetur,
2966 842 3326 914 proindeque
3342 848 3397 897 et
3413 843 3666 898 dioecesis
3686 860 3809 899 me-

438 928 761 999 tropolitica
788 929 1163 999 minueretur,
1201 946 1332 983 cum
1357 928 1669 983 Ludovicus
1701 929 2069 984 Germanicus
2094 934 2286 1000 partes
2312 930 2539 1000 imperii
2581 930 2945 985 eisrhenanas
2970 934 3036 985 ut
3060 932 3167 986 sibi
3193 933 3449 1005 preprias
3474 932 3809 1001 vindicaret,

438 1018 744 1088 provincias
774 1036 904 1073 vero
934 1019 1325 1074 ecclesiasticas
1347 1019 1490 1074 fines
1516 1036 1826 1090 regnorum
1854 1019 2011 1090 sequi
2039 1018 2307 1074 solerent.
2339 1020 2475 1074 Hinc
2508 1021 2721 1076 factum
2748 1027 2852 1090 est,
2893 1024 2955 1076 ut
2984 1021 3253 1092 Otgarius
3276 1025 3577 1094 tantopere
3606 1023 3813 1078 unitati

437 1107 667 1179 imperii
708 1108 981 1176 studeret,
1026 1109 1309 1165 Ludovico
1350 1110 1442 1164 Pio
1480 1110 1896 1176 adversaretur,
1939 1126 2071 1163 cum
2098 1109 2392 1178 Alsatiam,
2425 1110 2693 1165 Sueviam
2721 1116 2777 1166 et
2817 1117 3040 1183 partem
3073 1111 3421 1182 Burgundias
3461 1112 3577 1165 filio
3609 1112 3814 1167 Carolo

439 1198 797 1267 concederet,
827 1199 1091 1255 Lothario
1120 1200 1353 1267 faveret,
1388 1218 1518 1255 cum
1548 1201 1830 1271 integram
1856 1200 2037 1257 Caroli
2062 1200 2249 1272 Magni
2276 1199 2665 1255 haereditatem
2691 1203 3004 1272 appeteret.
3038 1200 3201 1265 Quod
3229 1201 3487 1273 apprime
3514 1201 3571 1255 in
3600 1203 3811 1257 Decre-

439 1287 643 1342 talibus
676 1304 1009 1359 expressum
1052 1290 1324 1361 reperias.
1368 1291 1659 1361 Pelagium
1695 1292 1740 1344 Il
1770 1305 1980 1361 papam
2019 1290 2097 1344 sic
2128 1291 2455 1361 loquentem
2496 1290 2718 1345 inducit
2757 1295 2927 1362 atque
2958 1296 3360 1362 exponentem,
3395 1292 3534 1365 quid
3564 1293 3634 1347 sit
3657 1293 3813 1363 justa

440 1380 728 1450 provincia
759 1379 1136 1434 ecclesiastica
1163 1381 1269 1453 (3t)
1299 1398 1311 1435 :
1352 1402 1379 1428 «
1408 1381 1485 1434 De
1514 1383 1744 1450 caetero,
1770 1381 1994 1447 fratres,
2025 1396 2194 1451 super
2224 1379 2533 1451 provincias
2577 1397 2742 1434 causa
2781 1380 2932 1435 unde
2967 1381 3161 1435 sedem
3187 1382 3555 1452 apostolicam
3588 1383 3810 1437 dudum

438 1471 732 1525 consulere
760 1469 1034 1539 voluistis,
1064 1470 1290 1525 videtur
1312 1471 1474 1524 nobis
1502 1470 1853 1524 sufficienter
1880 1473 2186 1524 tractatum
2213 1485 2246 1523 a
2272 1470 2475 1547 sanctis
2501 1470 3012 1541 prasdecessoribus
3040 1472 3267 1526 nostris.
3309 1473 3415 1528 Sed
3457 1472 3589 1545 quia
3620 1473 3812 1528 denuo

444 1565 694 1615 nostram
720 1560 1170 1615 mediocritatem
1197 1560 1266 1615 de
1298 1560 1499 1615 eadem
1530 1577 1591 1614 re
1631 1560 1985 1629 interrogare
2015 1559 2255 1630 dignum
2293 1559 2554 1629 duxistis,
2597 1560 2815 1629 scitote,
2858 1565 3067 1616 certam
3111 1561 3460 1633 provinciam
3501 1579 3647 1631 esse,
3685 1579 3814 1634 quae

443 1650 619 1705 habet
644 1650 841 1705 decem
881 1652 962 1705 vel
1000 1650 1268 1705 undecim
1294 1650 1546 1705 civitates
1573 1653 1629 1706 et
1657 1667 1835 1705 unum
1862 1666 2058 1722 regem
2087 1654 2143 1705 et
2168 1649 2412 1704 totidem
2444 1649 2697 1704 minores
2723 1654 3031 1722 potestates
3061 1652 3165 1706 sub
3192 1669 3273 1719 se,
3312 1657 3368 1706 et
3394 1669 3573 1713 unum
3603 1653 3816 1724 episco-

444 1756 585 1811 pum
611 1739 863 1812 aliosque
889 1741 1292 1812 suffragatores
1316 1741 1513 1796 decem
1537 1741 1624 1796 vel
1648 1741 1913 1796 undecim
1937 1740 2228 1811 episcopos
2248 1738 2489 1810 judices,
2512 1740 2582 1794 ad
2603 1756 2845 1811 quorum
2860 1740 3142 1811 judicium
3168 1758 3366 1796 omnes
3387 1759 3571 1797 causae
3599 1743 3813 1814 episco-

445 1846 649 1900 porum
678 1834 737 1885 et
766 1830 1119 1902 reliquorum
1148 1831 1507 1886 sacerdotum
1537 1848 1601 1886 ac
1635 1831 1929 1885 civitatum
1970 1847 2153 1886 causas
2190 1830 2532 1897 referantur,
2579 1834 2641 1884 ut
2683 1831 2753 1884 ab
2792 1830 2879 1884 his
2923 1832 3189 1885 omnibus
3220 1832 3372 1902 juste
3397 1849 3649 1888 consona
3675 1849 3814 1887 voce

448 1921 865 1989 discernantur,
897 1920 1004 1975 nisi
1030 1921 1103 1976 ad
1133 1920 1412 1991 majorem
1433 1921 1835 1975 auctoritatem
1866 1920 2038 1975 fuerit
2062 1920 2131 1974 ab
2158 1920 2265 1988 his,
2297 1919 2397 1990 qui
2420 1918 2714 1989 judicandi
2736 1923 2887 1987 sunt,
2920 1922 3289 1991 appellatum.
3320 1923 3478 1977 Unde
3506 1940 3622 1977 non
3642 1939 3814 1993 opor-

452 2015 549 2079 tet,
584 2015 645 2065 ut
669 2010 1017 2082 degradetur
1040 2012 1127 2065 vel
1159 2010 1542 2066 dehonoretur
1569 2027 1913 2081 unaquaque
1941 2009 2253 2081 provincia,
2287 2009 2388 2064 sed
2418 2009 2572 2081 apud
2597 2009 2965 2080 semetipsam
2996 2010 3201 2065 habeat
3218 2012 3464 2083 judiees,
3496 2013 3818 2068 sacerdotes

452 2106 507 2155 et
537 2100 827 2171 episcopos
856 2099 1114 2171 singulos
1140 2100 1402 2155 videlicet
1432 2102 1593 2171 juxta
1618 2101 1843 2156 ordines
1864 2118 2013 2154 suos.
2044 2123 2072 2150 »
2103 2099 2271 2171 Atqui
2296 2103 2495 2170 quarto
2522 2102 2649 2169 post
2674 2116 2878 2171 pacem
2901 2100 3352 2157 Virodunensem
3381 2119 3553 2172 anno,
3583 2119 3711 2174 qua:
3744 2119 3820 2157 ne

450 2189 756 2259 provinciae
794 2189 1141 2259 Moguntina:
1178 2190 1614 2261 discerperetur,
1665 2207 1730 2244 ex
1772 2190 1989 2261 Otgarii
2026 2188 2172 2243 votis
2204 2187 2429 2257 avertit,
2462 2188 2770 2243 Rhabanus
2808 2190 3028 2244 Maurus
3056 2192 3177 2261 ejus
3213 2209 3504 2247 successor
3536 2193 3820 2264 synodum

451 2279 752 2350 Moguntias
789 2279 1103 2348 celebrans,
1149 2279 1417 2334 undecim
1459 2280 1661 2333 habuit
1701 2280 2108 2349 sutfraganeos,
2158 2278 2517 2334 Salomonem
2546 2279 3042 2349 Wormatiensem,
3074 2282 3442 2336 Gebhardum
3469 2283 3818 2353 Spirensem,

453 2370 799 2425 Gozbaldum
830 2369 1314 2441 Herbipolensem,
1341 2369 1640 2441 Otgarium
1665 2370 2152 2436 Eichstettensem,
2180 2370 2513 2423 Baturatum
2534 2368 3079 2435 Paderbornensem,
3109 2370 3369 2424 Ebonem
3389 2371 3819 2437 Hildesiensem,

454 2463 809 2529 Haymonem
834 2458 1410 2526 Halberstadiensem,
1448 2458 1825 2530 Waltgarium
1869 2459 2234 2527 Verdensem,
2273 2458 2655 2513 Gerbrathum
2692 2457 3043 2527 Curiensem,
3093 2459 3364 2514 Latonem
3403 2462 3821 2531 Augustanum,

454 2550 820 2606 Salomonem
845 2548 1359 2615 Constantiensem,
1394 2548 1498 2619 (32)
1528 2564 1643 2603 uno
1669 2550 1843 2604 verbo
1884 2553 1970 2604 tot
1995 2548 2289 2620 episcopos
2315 2547 2422 2601 sibi
2464 2546 2736 2614 subditos,
2779 2563 2923 2618 quos
2964 2550 3436 2621 Pseudopelagius
3465 2550 3824 2621 provinciam
3883 2597 3890 2602 .

453 2639 793 2694 constituere
836 2638 1028 2692 voluit.
1073 2639 1216 2693 Nota
1261 2637 1432 2692 etiam
1464 2655 1498 2693 a
1537 2638 2025 2693 Pseudodeeretali
2059 2637 2297 2708 requiri,
2329 2638 2390 2690 ut
2414 2636 2700 2707 provincia
2727 2636 2787 2691 iu
2815 2638 2985 2693 unius
3008 2639 3165 2711 regis
3196 2640 3411 2695 ditione
3440 2640 3531 2697 sit.
3563 2640 3827 2713 Requirit

454 2730 689 2801 insuper
713 2734 778 2783 ut
805 2729 993 2795 urbes,
1019 2729 1079 2782 in
1104 2728 1310 2799 quibus
1339 2727 1607 2799 primates
1637 2728 1845 2782 sessuri
1862 2728 1992 2797 sint,
2010 2728 2133 2798 jam
2154 2731 2285 2782 ante
2312 2726 2521 2782 Christi
2539 2726 2846 2782 adventum
2874 2729 3122 2799 majores
3141 2735 3312 2802 atque
3334 2730 3621 2802 primaria:
3642 2729 3820 2785 urbes

454 2818 668 2873 fuerint
699 2818 822 2887 (33).
855 2818 977 2872 Non
1004 2817 1245 2872 deerant
1270 2819 1483 2884 autem,
1518 2817 1615 2887 qui
1640 2816 1940 2888 Moguntiae
1972 2822 2164 2871 ortum
2188 2832 2222 2870 a
2247 2814 2551 2888 Magontio,
2580 2816 2831 2871 Herculis
2858 2818 2993 2886 ﬁlio,
3025 2820 3113 2873 vel
3144 2837 3176 2874 a
3201 2821 3422 2891 Magog,
3459 2819 3573 2874 ﬁlio
3600 2819 3817 2891 Japhe-

461 2909 549 2973 tis,
579 2907 723 2962 vela
745 2906 919 2978 Magis
947 2906 1200 2961 Treveris
1227 2907 1475 2978 expulsis
1502 2906 1866 2962 deducerent.
1899 2907 2062 2960 Certe
2092 2923 2127 2960 a
2157 2907 2332 2960 Druso
2362 2904 2553 2977 aliquo
2583 2910 2715 2960 ante
2744 2906 3030 2962 Christum
3067 2915 3265 2963 natum
3294 2913 3551 2980 tempore
3579 2909 3824 2965 civitatis

460 2997 695 3053 nomine
722 2997 932 3052 donata
960 3001 1060 3051 est.
1096 2996 1187 3051 His
1211 2997 1388 3052 addas
1411 2997 1472 3052 in
1500 2996 1739 3068 epistola
1765 2995 1979 3051 Aniceti
2009 3011 2181 3067 supra
2223 2996 2391 3050 citata
2422 2995 2728 3067 primatem
2758 3012 2871 3051 non
2899 2997 3123 3052 admitti
3152 3004 3361 3069 printer
3387 3000 3720 3054 constitutos
3749 2999 3823 3054 ab

461 3085 749 3156 apostolis,
777 3085 883 3140 nisi
910 3085 1122 3157 populo
1146 3087 1427 3157 posterius
1447 3103 1716 3142 converso
1734 3080 2044 3158 iquitantus
2070 3084 2140 3139 sit
2168 3102 2432 3148 numero,
2462 3090 2527 3141 ut
2552 3087 2651 3142 tali
2673 3086 2856 3159 capite
2881 3090 3077 3158 egeat;
3106 3088 3455 3160 habebisquc
3473 3089 3823 3159 Moguntiam

465 3178 702 3249 ejusque
724 3176 1072 3247 provinciam
1101 3176 1262 3247 quasi
1286 3175 1593 3247 depictam.
1894 3181 1908 3195 '

534 3317 723 3387 Neque
751 3314 956 3384 majori
983 3314 1317 3369 difﬁcultate
1345 3313 1625 3384 explicare
1649 3314 1814 3369 nobis
1838 3313 2048 3380 licebit,
2080 3329 2181 3368 cur
2210 3317 2335 3384 post
2363 3330 2568 3386 pacem
2597 3314 3047 3371 Virodunensem
3077 3317 3377 3387 Otgarium
3410 3316 3702 3373 videamus
3753 3320 3826 3374 ab

468 3406 751 3477 ejusmodi
777 3405 1073 3460 fraudibus
1098 3404 1407 3469 abstinere,
1437 3406 1608 3473 atque
1652 3402 1931 3457 Ludovico
1969 3403 2308 3458 Germanico
2353 3403 2707 3459 reconciliari
2749 3405 3040 3477 altumque
3067 3407 3135 3462 de
3160 3406 3706 3463 Pseudoisidorianis
3730 3408 3828 3463 de-

467 3497 766 3552 cretalibus
792 3494 1082 3550 silentium
1114 3498 1239 3548 tum
1271 3510 1305 3547 a
1336 3492 1612 3547 Rhabano
1639 3509 1976 3562 successore,
2003 3496 2124 3547 tum
2152 3492 2325 3563 longe
2354 3499 2480 3565 post
2506 3497 2767 3565 tempore
2799 3495 2857 3549 in
2888 3496 3190 3551 Germania
3219 3513 3360 3553 esse.
3394 3499 3451 3554 ld
3481 3499 3613 3554 inde
3645 3499 3825 3555 dedu-

467 3588 711 3643 cendum
738 3590 839 3654 est,
874 3585 1030 3659 quod
1059 3601 1197 3656 pace
1230 3583 1611 3639 Virodunensi
1637 3584 1917 3655 ejusmodi
1945 3583 2172 3655 imperii
2202 3584 2402 3639 divisio
2435 3584 2670 3639 inducta
2691 3585 2780 3654 sit,
2810 3602 2938 3656 quae
2965 3588 3334 3657 Moguntiacas
3364 3588 3673 3659 provinciae
3699 3607 3826 3645 am-

465 3678 807 3751 plitudinem
837 3677 1112 3732 intactam
1140 3675 1375 3730 omnino
1400 3675 1771 3745 relinqueret.
1800 3676 1954 3729 Tunc
1982 3675 2102 3746 ipse
2129 3675 2340 3729 fraudis
2368 3675 2631 3729 inventor
2651 3675 2909 3745 proprias
2932 3693 3154 3732 merces
3173 3681 3371 3748 utpote
3394 3678 3498 3734 sibi
3514 3679 3639 3750 jam
3661 3679 3833 3735 inuti-

468 3771 551 3826 les
575 3768 852 3839 neglexit.

544 3908 669 3961 Heec
726 3902 923 3958 omnia
977 3902 1023 3955 si
1068 3901 1531 3971 complectamur,
1583 3896 2055 3954 verisimillimum
2104 3898 2322 3954 videtur
2379 3900 2678 3971 Otgarium
2730 3901 3121 3971 Moguntinum
3172 3902 3372 3958 saltem
3419 3921 3651 3960 causam
3705 3923 3829 3962 mo-

471 3999 647 4054 ralem
701 3990 1078 4049 Deeretalium
1126 3991 1323 4045 fuisse.
1375 3992 1577 4045 Utrum
1626 3988 1965 4045 Benedictus
2012 3988 2216 4056 Levita,
2264 3993 2328 4044 ut
2372 3991 2591 4057 Walter,
2636 3991 2819 4045 Knust
2859 3995 2915 4046 et
2949 3992 3045 4046 alii
3090 3992 3463 4063 probabiliter
3504 3999 3833 4061 autumant,

471 4090 591 4160 ipse
633 4086 908 4141 Mercator
953 4082 1141 4152 fuerit,
1187 4098 1384 4150 necne,
1424 4081 1482 4135 id
1527 4081 1797 4152 equidem
1833 4078 2068 4135 deﬁnire
2108 4078 2303 4145 nolim,
2358 4096 2543 4151 neque
2576 4084 2715 4151 puto
2762 4098 3016 4152 unquam
3060 4082 3117 4136 in
3147 4083 3316 4138 dubio
3343 4083 3531 4157 detegi
3558 4103 3742 4157 posse.
3773 4087 3835 4142 ld

473 4193 608 4232 sane
628 4176 780 4230 favet
806 4172 1132 4243 suspicioni,
1162 4171 1313 4242 quod
1345 4174 1539 4243 partes
1566 4170 2137 4237 Pseudoisidorianas,
2167 4170 2372 4242 quibus
2399 4170 2598 4239 utitur,
2628 4172 2874 4241 quadam
2900 4172 3162 4228 libertate
3192 4173 3550 4231 immutando
3579 4178 3833 4232 transtu-

472 4266 625 4334 lerit,
653 4263 796 4319 sicut
820 4263 887 4331 is,
922 4263 1017 4335 qui
1048 4261 1304 4334 proprias
1333 4261 1758 4316 lucubrationes
1789 4260 2082 4328 adhibeat,
2130 4277 2245 4316 non
2289 4261 2359 4315 ad
2403 4260 2636 4315 verbum
2679 4261 2982 4332 allegando
3025 4266 3089 4317 ut
3127 4263 3195 4333 is,
3226 4265 3324 4335 qui
3349 4265 3535 4321 aliena
3565 4267 3833 4349 transcri-

474 4356 656 4411 beret.

546 4496 669 4549 Jam
694 4506 826 4546 vero
850 4492 1029 4561 patet,
1063 4488 1375 4543 Decretales
1404 4490 1460 4540 et
1494 4486 1802 4557 posteriora
1841 4485 2133 4541 Benedicti
2164 4486 2507 4557 Capitularia
2536 4502 2651 4542 non
2682 4492 2811 4543 ante
2842 4492 3187 4544 conventum
3218 4491 3536 4546 Theodonis
3563 4491 3837 4546 villanum

476 4604 528 4641 a.
558 4572 659 4640 8'35
688 4580 948 4637 confecta
972 4578 1146 4633 fuisse
1173 4593 1360 4648 neque
1393 4583 1524 4649 post
1546 4593 1749 4649 pacem
1788 4576 2237 4632 Virodunensem
2285 4594 2318 4631 a
2345 4577 2450 4632 834
2477 4593 2596 4632 esse
2624 4578 2971 4649 reponenda.
3004 4581 3203 4635 Utrum
3232 4581 3497 4652 denique,
3525 4585 3589 4636 ut
3614 4581 3847 4637 Gfrorer

479 4675 797 4747 suspicatur
846 4660 1212 4742 postmodum
1253 4685 1286 4723 a
1331 4668 1629 4723 Wenilone
1679 4668 2015 4734 Senonensi,
2060 4667 2159 4739 qui
2204 4670 2262 4722 et
2292 4667 2411 4739 ipse
2447 4668 2708 4724 Ecclesia:
2750 4686 2867 4724 suae
2898 4670 3211 4741 primatum
3242 4670 3301 4725 in
3327 4670 3523 4726 Galliis
3546 4671 3847 4727 affectabat

476 4765 649 4837 (quod
694 4766 753 4817 et
784 4758 1080 4831 Ancegisio
1120 4758 1240 4830 ejus
1271 4759 1587 4839 successori
1614 4758 1911 4829 contigit),
1960 4762 2017 4812 et
2054 4776 2085 4812 a
2126 4758 2406 4814 Rothadio
2445 4758 2840 4815 Suessionensi
2878 4766 3041 4816 aucta
3079 4760 3315 4830 fuerint,
3366 4760 3457 4815 vix
3500 4763 3605 4828 est,
3635 4763 3696 4814 ut
3720 4761 3848 4832 quis

479 4855 771 4921 decernat,
804 4867 989 4922 neque
1020 4849 1301 4922 ejusmodi
1342 4849 1587 4921 suspicio
1622 4848 1958 4914 rationibus,
2001 4864 2129 4919 quae
2163 4848 2506 4919 prudentem
2540 4854 2825 4919 moveant,
2867 4850 3148 4905 innititur.
3190 4851 3385 4922 Neque
3427 4850 3495 4905 iis
3520 4868 3845 4923 possumus,

478 4944 568 4999 his
598 4941 844 5008 statutis,
874 4940 1154 5009 assentiri,
1189 4938 1285 5011 qui
1314 4939 1628 4994 innocuum
1653 4942 1953 5009 tantopere
1978 4939 2346 4995 Mercatorem
2374 4939 2537 4995 illum
2568 4940 2908 5012 depingunt.
2939 4940 3071 5004 Quis
3099 4939 3253 4995 enim
3284 4940 3341 4995 in
3380 4941 3641 4997 animum
3674 4942 3847 4997 indu-

480 5037 588 5101 rut,
619 5031 935 5100 hominem,
967 5032 1065 5103 qui
1091 5029 1373 5103 ejusmodi
1399 5029 1770 5085 mendacium
1797 5029 1857 5083 in
1886 5029 2165 5084 mundum
2192 5030 2427 5099 invexit,
2453 5030 2595 5086 adeo
2625 5029 2968 5086 columbinae
2991 5029 3163 5084 fuisse
3183 5030 3576 5102 simplicitatis,
3603 5035 3665 5086 ut
3684 5049 3846 5087 men-

480 5125 673 5181 tiendo
698 5124 788 5178 vix
816 5139 931 5177 non
961 5125 1114 5177 recte
1135 5139 1192 5177 se
1223 5137 1394 5193 agere
1425 5124 1671 5192 putaret.
1705 5118 1827 5173 Pias
1853 5118 2083 5174 fraudes
2110 5137 2212 5175 nos
2237 5138 2353 5177 non
2390 5120 2671 5191 novimus,
2700 5136 2886 5192 neque
2914 5120 3143 5192 piorum
3168 5137 3423 5193 unquam
3458 5121 3629 5178 fuisse
3659 5122 3844 5178 credi-

484 5233 629 5270 mus.
661 5214 828 5268 Multo
855 5212 1046 5268 minus
1077 5227 1208 5266 vero
1237 5211 1539 5267 dicendum
1560 5214 1663 5277 est,
1689 5208 1961 5279 ejusmodi
1984 5209 2123 5265 falsa
2145 5216 2279 5268 tunc
2301 5229 2417 5268 non
2440 5228 2542 5283 pro
2566 5210 2880 5281 fraudibus,
2904 5211 3001 5267 sed
3022 5227 3126 5282 pro
3146 5212 3320 5268 modo
3341 5213 3590 5285 quodam
3610 5213 3841 5286 propria

480 5300 762 5378 principia
789 5301 1112 5374 exponendi
1142 5301 1336 5356 habita
1360 5301 1556 5356 fuisse.

555 5603 684 5684 (εὖθ’)
708 5599 995 5684 "Carolus
1027 5597 1293 5684 Blascus,
1331 5595 1778 5684 derjcollectipn‘e
1829 5611 2113 5684 canonum
2424 5594 2766 5684 Epgali‘asB.

486 5665 681 5729 [sideri
708 5668 1048 5738 Mercatoris,
1083 5666 1526 5721 commentarius
1549 5684 1641 5738 ap.
1664 5666 2021 5723 Gallandium
2048 5667 2115 5721 de
2288 5668 2376 5735 (3'2
2425 5665 2724 5720 Harzheim
2780 5665 2944 5720 Cone.
2979 5667 3164 5721 Germ.
3197 5668 3260 5720 ll.
3296 5685 3349 5721 a.
3388 5671 3506 5722 152.

486 5742 715 5798 vetustis
739 5756 1018 5795 canonum
1045 5737 1493 5806 collectionibus,
1521 5737 1980 5794 dissertationum
2001 5738 2113 5807 syl-
2289 5670 2394 5807 (33;
2442 5752 2530 5806 ep.
2594 5739 2674 5790 Η.
2725 5706 2996 5807 έῐθρὴαηί
3048 5738 3089 5793 Ι.
3142 5755 3189 5791 c.
3235 5737 3287 5800 4,
3333 5740 3502 5794 Anacl

482 5706 1980 5810 vaeai’sltis'c‘aii’o‘num,collectionibus,digsertationum
2001 5738 2113 5808 syl-
2288 5706 2394 5810 l335
2442 5752 2530 5806 ep.
2594 5739 2674 5790 Η.
2725 5706 2996 5808 έῐθρὴαηί
3048 5738 3089 5793 Ι.
3142 5755 3189 5791 c.
3235 5737 3287 5800 4,
3333 5740 3581 5794 Anaclet.
3642 5754 3730 5810 ep.
3793 5743 3844 5803 2,

485 5817 615 5886 lege
640 5815 698 5867 Τ.
734 5814 771 5866 ll
806 5812 894 5868 ed.
925 5808 1291 5882 Moguntina,
1333 5811 1464 5863 I790
2032 5807 2036 5808 ί
2217 5823 2264 5861 c.
2304 5807 2354 5859 4.
