4068 6364
1708 423 2215 478 PROLEGOMENA.
3575 443 3624 483 x1

327 553 512 608 Locus
533 553 782 625 denique
804 553 1153 624 prmfationis
1173 549 1618 620 Pseudoisidori,
1639 567 1704 604 ex
1727 565 1838 620 quo
1857 549 1924 603 c1.
1947 548 2206 604 Bosshirt
2227 550 2358 622 (33")
2380 549 2680 608 ostendere
2702 550 2920 616 nititur,
2939 567 3156 606 merces
3175 551 3311 606 istas
3331 569 3394 607 ex
3418 554 3626 608 Graecis

261 645 522 701 fontibus
569 645 799 698 haustas
839 643 1036 710 fuisse,
1065 644 1208 698 nihil
1241 643 1410 713 plane
1451 641 1678 712 probat.
1719 640 1859 693 Nam
1901 637 2251 708 praefationis
2297 639 2446 694 illius
2485 645 2684 694 auctor
2709 641 2777 694 de
2809 641 3056 696 conciliis
3097 641 3370 712 loquitur,
3406 660 3520 698 non
3557 645 3626 698 de

259 735 660 791 decretalibus.
699 737 782 790 En
813 735 984 788 verba
1019 752 1030 788 :
1065 736 1198 788 «Ea
1229 749 1363 786 vero
1405 730 1665 798 concilia,
1700 745 1830 800 quae
1872 728 2059 782 Graeco
2105 733 2237 784 sunt
2279 729 2431 784 edita
2475 730 2637 800 stylo,
2668 731 2914 802 amplius
2961 748 3130 802 quam
3183 733 3484 802 tripliciter
3528 741 3626 789 aut

257 824 706 896 quadrupliciter
745 824 1118 894 interpretata
1160 825 1258 876 aut
1285 822 1604 892 conscripta
1642 817 1980 891 reperimus.
2024 818 2187 882 Quod
2231 819 2279 872 si
2307 819 2508 874 veritas
2535 820 2865 891 quaerenda,
2897 838 2968 875 ex
2997 822 3252 892 pluribus
3297 824 3623 879 Graecorum

261 931 568 987 sequamur
591 915 800 984 stylum
827 929 1140 983 eorumque
1177 912 1473 966 imitemur
1501 910 1776 966 dictiones
1804 913 1976 980 atque
2007 910 2369 979 exemplaria,
2403 914 2510 964 etc.
2543 931 2570 959 »
2608 911 2746 973 Quae
2777 928 2910 964 vero
2940 928 3004 966 ex
3034 911 3319 966 codicibus
3349 914 3619 968 Bamber-

261 1003 535 1076 gensibus
577 1003 766 1059 attulit
801 1004 1195 1070 monumenta,
1229 1001 1288 1054 in
1333 1001 1538 1071 quibus
1583 997 2118 1054 Pseudodecretales
2162 1002 2292 1053 ante
2337 1001 2700 1054 Mercatorem
2747 1001 3086 1072 habeantur,
3121 1007 3248 1072 post
3273 1003 3458 1072 ipsum
3489 1021 3618 1058 con-

261 1095 472 1165 scripta
507 1094 690 1160 fuere,
719 1095 916 1162 utpote
943 1108 1068 1162 quae
1101 1091 1172 1146 ad
1202 1090 1590 1144 ordinationes
1629 1089 1884 1142 Formosi
1921 1090 2263 1144 referantur.
2297 1089 2438 1144 lllud
2471 1093 2663 1143 autem
2693 1091 3030 1160 opusculum
3062 1091 3220 1161 quod
3247 1109 3316 1145 ex
3349 1093 3618 1148 Bambcr-

261 1183 536 1255 gensibus
572 1183 856 1238 codicibus
887 1184 1136 1249 erutum,
1169 1179 1406 1233 omnino
1433 1178 1788 1250 incognitum
1833 1179 2005 1234 fuisse
2043 1181 2223 1249 putat,
2257 1195 2321 1232 ac
2351 1179 2784 1234 Pseudoisidoro
2817 1181 3088 1250 priorem,
3121 1198 3184 1234 ex
3218 1199 3331 1252 quo
3363 1183 3619 1238 hausisse

261 1275 634 1328 Mercatorem
671 1272 964 1344 supponit,
995 1287 1110 1324 non
1139 1275 1222 1324 est
1245 1268 1354 1324 nisi
1393 1269 1538 1324 liber
1565 1267 1724 1339 prior
1749 1269 1954 1322 Auxilii
1985 1269 2054 1323 de
2101 1269 2560 1324 ordinationibus
2603 1268 2875 1334 Formosi,
2910 1270 3006 1340 qui
3053 1271 3230 1324 multo
3259 1276 3384 1341 post
3409 1273 3620 1327 Merca-

263 1367 444 1418 torem
483 1366 742 1434 tempore
786 1361 1027 1432 scripsit.
1061 1359 1306 1414 Proinde
1349 1357 1481 1413 licet
1525 1374 1722 1411 verum
1771 1357 1858 1424 sit,
1891 1357 2384 1412 Pseudoisidorum
2429 1358 2611 1412 multa
2640 1359 2762 1429 jam
2801 1359 3083 1412 exstantia
3128 1359 3475 1428 adhibuisse,
3505 1379 3620 1417 non

259 1458 458 1508 tamen
487 1453 786 1507 dicendum
815 1455 900 1506 est
927 1467 1060 1506 eum
1087 1450 1326 1521 plurima
1359 1465 1476 1503 non
1499 1447 1734 1519 proprio
1763 1449 1936 1502 Marte
1966 1447 2340 1502 conseruisse.
3361 1445 3366 1455 '

331 1593 382 1643 7.
417 1589 724 1643 Audiamus
749 1588 940 1656 modo,
965 1603 1092 1657 quae
1114 1603 1148 1640 a
1177 1585 1258 1641 Cl.
1293 1585 1485 1640 Hefele
1511 1600 1614 1656 per
1639 1585 1869 1638 modum
1901 1584 2079 1652 dubii,
2104 1601 2232 1638 cum
2255 1585 2358 1655 ipsi
2377 1585 2682 1656 hypothesi
2713 1589 2922 1640 nostra).
2955 1585 3163 1652 faveat,
3189 1585 3248 1638 in
3269 1587 3622 1640 contrarium

259 1678 521 1748 apposita
560 1681 692 1732 sunt
718 1675 843 1749 (34).
873 1679 974 1732 Tot
1013 1680 1204 1747 partes
1247 1675 1306 1730 in
1351 1673 1950 1728 Pseudodecretalibus
2002 1677 2243 1743 eistare,
2273 1691 2398 1745 quae
2445 1682 2731 1745 pragtenso
2777 1673 3026 1730 auctoris
3070 1689 3244 1744 scopo
3294 1675 3624 1729 nullatenus

261 1768 603 1836 inserviant;
635 1769 786 1840 quod
815 1767 1230 1840 metr0politica
1259 1769 1514 1838 potestas
1540 1766 1681 1820 adeo
1709 1765 2081 1836 deprimatur,
2107 1780 2218 1818 non
2248 1766 2528 1835 quadrare
2553 1765 2613 1819 in
2637 1765 2953 1837 Otgarium,
2982 1764 3078 1836 qui
3107 1765 3227 1835 ipse
3259 1764 3624 1834 metropolita

259 1857 452 1925 fuerit,
487 1857 855 1912 Benedictum
885 1859 1159 1925 Levitam,
1195 1873 1370 1927 quem
1419 1855 1632 1910 Isidoro
1670 1853 2037 1924 conjunctum
2070 1853 2464 1924 supponimus,
2501 1856 2679 1910 multo
2711 1855 2904 1909 minus
2930 1855 3310 1926 metropolitis
3337 1854 3620 1909 infensum

260 1962 404 2000 esse.
432 1945 632 1999 Virum
663 1945 860 2014 videri,
896 1947 942 2000 si
979 1944 1278 2016 Otgarium
1327 1944 1698 1999 decretalium
1743 1945 2033 1997 auctorem
2081 1943 2312 2008 habeas,
2347 1945 2418 1998 ab
2462 1945 2583 2015 ejus
2627 1962 2952 2002 successore
2999 1946 3270 2001 Rhabano
3315 1963 3411 2000 cas
3455 1947 3624 2018 plane

259 2034 539 2106 ignorari,
569 2033 685 2088 imo
715 2035 940 2088 nullum
979 2051 1176 2089 earum
1221 2033 1393 2104 longo
1437 2034 1569 2103 post
1609 2037 1866 2102 tempore
1908 2049 2072 2086 usum
2113 2033 2328 2088 factum
2369 2035 2539 2090 fuisse
2585 2035 2644 2091 in
2677 2037 3001 2103 Germania,
3033 2036 3113 2091 ita
3141 2041 3207 2090 ut
3234 2035 3453 2106 synodo
3485 2037 3621 2091 Ger-

259 2123 558 2194 stungensi
607 2126 737 2178 1085
783 2123 1031 2195 episcopi
1067 2122 1386 2178 Germaniae
1437 2139 1550 2176 una
1595 2138 1722 2175 cum
1767 2121 1957 2191 legato
2003 2123 2308 2194 apostolico
2353 2125 2576 2179 nonnisi
2626 2144 2756 2181 cum
2802 2128 3052 2199 quodam
3102 2128 3368 2198 despectu
3419 2144 3620 2182 earum

257 2211 611 2268 mentionem
643 2213 918 2268 facerent.

328 2353 398 2405 At
433 2349 725 2404 enimvero
756 2351 884 2422 quis
927 2350 1126 2418 nescit,
1159 2347 1438 2420 ejusmodi
1477 2347 1734 2402 falsarios
1777 2348 1866 2416 iis,
1896 2363 2023 2418 quae
2055 2351 2379 2421 praeprimis
2415 2353 2472 2406 in
2511 2354 2818 2408 hominum
2851 2357 3069 2407 mentes
3115 2352 3383 2406 inducere
3429 2353 3618 2407 inten-

257 2439 420 2504 dunt,
447 2441 630 2494 multa
658 2439 998 2507 admiscere,
1026 2456 1156 2511 quae
1196 2437 1584 2494 indifferentia
1623 2437 1739 2491 sint
1780 2441 1836 2490 et
1875 2437 2122 2492 innocua
2153 2439 2472 2508 videantur,
2505 2459 2575 2496 ne
2619 2459 2790 2512 prava
2837 2440 3078 2497 intentio
3131 2441 3418 2512 perfracte
3453 2442 3624 2496 nimis

259 2529 526 2599 nudequc
571 2531 848 2601 exposita,
878 2529 1068 2585 statim
1109 2531 1400 2600 appareat.
1447 2527 1726 2581 lsidorum
1777 2527 2169 2597 metropolitas
2218 2529 2545 2600 deprimere
2597 2548 2709 2585 non
2765 2535 2869 2597 est,
2900 2548 3001 2586 cur
3031 2532 3338 2598 miremur,
3368 2547 3496 2586 cum
3531 2549 3623 2586 su-

259 2618 543 2690 periorem
573 2619 833 2691 primatis
872 2620 1272 2676 auctoritatem
1311 2619 1416 2674 sibi
1460 2623 1704 2688 arroget.
1741 2619 2142 2672 Verumtamen
2183 2619 2358 2672 nolim
2405 2619 2590 2674 dicere
2633 2620 2948 2674 Decretales
2993 2619 3208 2674 directe
3253 2619 3624 2690 metropolitis

257 2707 566 2774 adversari,
599 2725 786 2781 neque
827 2709 1092 2780 synodos,
1134 2724 1377 2781 quarum
1425 2707 1874 2763 celebrationem
1913 2707 2158 2760 inculcat
2183 2707 2323 2778 (35);
2362 2709 2418 2763 id
2468 2711 2690 2763 tantum
2734 2709 2910 2764 modo
2953 2709 3218 2776 intendit,
3253 2726 3325 2763 ne
3373 2710 3620 2780 synodo-

259 2813 388 2850 rum
422 2797 640 2866 judicia
679 2797 979 2852 arbitrario
1008 2799 1178 2852 modo
1203 2798 1538 2866 habeantur,
1571 2813 1760 2867 neque
1789 2796 1972 2850 ullum
2003 2795 2078 2850 sit
2107 2795 2176 2849 ab
2219 2795 2430 2869 iniquis
2473 2799 2772 2853 sententiis
2809 2799 3119 2870 refugium,
3153 2815 3294 2854 neve
3339 2799 3400 2854 in
3439 2801 3624 2855 aliena

261 2885 551 2956 provincia
574 2886 856 2956 judicium
879 2889 1223 2954 exerceatur,
1248 2887 1399 2958 quod
1429 2886 1489 2939 in
1517 2884 1838 2940 Theodonis
1858 2883 1992 2938 villa
2019 2884 2229 2938 factum
2257 2885 2472 2956 fuerat;
2503 2885 2620 2941 imo
2649 2888 2770 2942 vult
2797 2905 2992 2944 causas
3019 2888 3207 2960 primo
3237 2889 3308 2943 ad
3331 2894 3616 2960 metropo-

259 2975 438 3042 litam,
463 2975 667 3030 deinde
695 2975 768 3030 ad
798 2977 1101 3046 synodum,
1125 2975 1492 3047 postmodum
1521 2974 1592 3029 ad
1619 2975 1951 3046 primatem,
1971 2973 2219 3045 denique
2248 2975 2321 3029 ad
2351 2977 2680 3046 pontificem
2709 2977 2938 3048 deferri,
2965 2977 3073 3034 nisi
3105 2977 3300 3033 statim
3329 2980 3402 3034 ad
3431 2981 3618 3051 ipsum

261 3064 614 3136 appellatum
641 3065 808 3118 fuerit
833 3065 960 3136 (36).
997 3065 1362 3120 Benedictum
1395 3063 1583 3134 itaque
1611 3062 1861 3117 Levitam
1892 3062 1952 3116 in
1979 3063 2369 3134 metropolitas
2399 3065 2588 3120 minus
2619 3066 2880 3138 iniquum
2913 3067 3104 3136 fuisse,
3128 3083 3244 3122 non
3273 3073 3425 3124 recte
3457 3087 3628 3140 oppo-

261 3171 391 3222 nas;
426 3155 572 3208 adde
601 3155 750 3226 quod
783 3155 1055 3209 eumdem
1081 3171 1212 3208 cum
1247 3153 1461 3208 Isidoro
1491 3153 1663 3206 fuisse
1695 3151 2022 3206 nullatenus
2049 3157 2272 3207 certum
2297 3153 2388 3220 sit,
2414 3155 2772 3226 proindeque
2805 3156 3188 3212 diversitatem
3217 3159 3622 3230 aliquantulam

259 3243 563 3298 admittere
591 3243 872 3298 absonum
903 3261 1014 3297 non
1041 3243 1130 3310 sit,
1165 3242 1444 3296 diversam
1472 3240 1716 3310 denique
1755 3240 1924 3294 fuisse
1953 3241 2573 3313 Pseudocapitularium
2607 3245 2932 3300 materiam.

329 3381 452 3443 Qua
472 3378 542 3432 de
572 3395 738 3433 causa
767 3379 837 3434 ab
865 3379 1142 3450 episcopis
1173 3376 1488 3432 Germaniae
1508 3379 1613 3430 eta
1633 3375 1928 3445 Rhabano,
1958 3375 2180 3431 silentio
2207 3379 2512 3449 praeterita,
2537 3380 2653 3434 imo
2679 3381 2748 3434 ab
2779 3381 2902 3452 ipso
2929 3382 3166 3436 demum
3195 3382 3427 3454 Otgario
3450 3384 3617 3438 dere-

261 3469 390 3522 licta
419 3468 594 3522 fuerit
621 3469 914 3540 congeries
949 3465 1562 3533 Pseudodecretalium,
1592 3466 1820 3537 egregie
1855 3467 2118 3536 exposuit
2151 3467 2402 3537 Gfrorer,
2431 3487 2618 3541 neque
2648 3471 2960 3542 quidquam
3003 3473 3111 3526 illis
3151 3473 3478 3528 addendum
3520 3480 3619 3538 est,

265 3575 390 3628 qua:
415 3575 588 3629 supra
617 3575 686 3612 ex
724 3559 846 3630 ipso
879 3559 1288 3629 excerpsimus,
1319 3561 1524 3629 praeter
1549 3557 1626 3623 id,
1658 3557 1956 3627 episcopos
1983 3557 2302 3610 Germaniae
2335 3559 2637 3628 plerosque
2667 3575 2700 3613 a
2727 3564 2886 3629 parte
2915 3561 3178 3616 Ludovici
3218 3562 3299 3632 pii
3328 3566 3386 3616 et
3411 3580 3621 3632 cogno-

267 3647 431 3701 minis
458 3647 830 3718 postmodum
855 3648 956 3702 ﬁlii
985 3649 1200 3703 stetisse
1229 3646 1584 3718 proindeque
1611 3663 1726 3699 non
1755 3651 1873 3700 tam
1897 3646 1968 3699 ad
1993 3645 2144 3716 ipsos
2173 3646 2320 3700 mitti
2347 3647 2416 3699 ab
2445 3647 2694 3719 ipsisque
2724 3648 2900 3719 recipi
2946 3652 3200 3718 potuisse
3227 3653 3619 3708 collectionem

263 3754 566 3804 canonum,
601 3754 772 3808 quam
815 3738 884 3792 ad
913 3737 1128 3807 Otgarii
1158 3738 1375 3792 sodales
1409 3737 1468 3790 in
1501 3735 1762 3790 Neustria
1801 3737 2092 3806 degentes,
2123 3735 2277 3805 apud
2309 3751 2451 3806 quos
2488 3737 2598 3791 late
2630 3754 2884 3807 sparsam
2926 3739 3296 3810 postmodum
3343 3741 3616 3809 invenias,

265 3843 390 3879 cum
419 3825 491 3880 ab
517 3829 749 3881 auctore
775 3843 809 3880 a
834 3827 1116 3882 Ludovico
1137 3827 1194 3881 in
1224 3827 1472 3898 gratiam
1500 3831 1727 3896 recepto
1749 3826 1872 3897 jam
1899 3824 2408 3895 derelinqueretur.
2438 3827 2658 3881 Falsum
2685 3827 2855 3882 etiam
2883 3833 2968 3884 est
2991 3831 3306 3886 Germania;
3323 3831 3621 3904 episcopos

269 3933 450 3987 neque
485 3916 556 3970 ad
585 3933 798 3970 annum
833 3919 964 3971 1085
1001 3920 1056 3970 et
1097 3918 1241 3970 ultra
1265 3917 1575 3971 decretales
1603 3918 1686 3971 vel
1715 3916 2051 3988 neglexisse,
2083 3917 2166 3970 vel
2209 3915 2506 3987 sprevisse.
2539 3917 2676 3970 Nam
2703 3917 2762 3970 in
2796 3919 3010 3987 synodo
3046 3920 3369 3975 Coloniensi
3396 3937 3446 3974 a.
3485 3923 3611 3988 887,

267 4005 497 4074 epistola
537 4005 811 4072 Anacleti,
855 4005 914 4058 in
955 4006 1282 4077 Moguntina
1327 4008 1427 4060 888
1469 4007 1700 4077 epistola
1745 4005 1976 4074 Urbani,
2012 4006 2069 4059 in
2108 4005 2458 4060 'l‘riburicnsi
2505 4006 2740 4061 demum
2788 4011 2889 4064 895
2939 4010 3198 4080 pluribus
3246 4011 3622 4067 decretalibus

265 4095 802 4151 Pseudoisidorianis
837 4098 1088 4152 utuntur.
1121 4097 1265 4164 Alia,
1301 4115 1430 4168 qua:
1457 4098 1617 4152 facile
1646 4100 1958 4156 solvuntur.
1987 4094 2281 4150 brevitatis
2299 4095 2487 4166 icausa
2515 4095 2848 4151 omittimus.

1881 4321 2048 4390 sn,

337 4495 386 4546 8.
433 4491 584 4546 Licet
629 4493 798 4546 modo
844 4491 1022 4547 critici
1058 4493 1222 4563 quasi
1269 4507 1469 4546 omnes
1515 4493 1822 4558 fateantur,
1871 4490 2183 4544 Decretales
2227 4490 2784 4545 Pseudoisidorianas
2831 4507 3017 4563 neque
3079 4494 3274 4548 Roma:
3323 4511 3510 4565 neque
3559 4499 3622 4549 ut

272 4581 636 4635 Pontiﬁcibus
664 4579 1021 4648 inservirent,
1051 4581 1308 4636 inventas
1348 4580 1540 4646 fuisse,
1573 4577 1736 4632 multi
1767 4582 1962 4631 tamen
2011 4579 2313 4632 Pontiﬁces
2344 4578 2413 4632 iis
2456 4579 2822 4650 postmodum
2866 4581 3070 4635 favisse
3101 4583 3352 4653 ipsisque
3397 4584 3454 4636 in
3489 4600 3620 4652 pro-

273 4670 454 4740 prium
487 4670 858 4725 commodum
897 4686 1028 4724 usos
1059 4685 1176 4725 esse
1203 4667 1576 4724 contendunt.
1609 4665 2098 4721 Wasserschleben
2123 4671 2315 4721 censet
2339 4667 2603 4738 Sergium
2631 4671 2674 4723 ll
2700 4668 2822 4736 jam
2847 4686 2898 4724 a.
2930 4671 3034 4725 844
3065 4671 3392 4741 Drogonem
3413 4671 3620 4724 Meten-

271 4775 386 4814 sem
412 4761 741 4832 episcopum
764 4760 1074 4816 Galliarum
1095 4758 1398 4831 primatem
1419 4757 1684 4828 sedisque
1706 4756 2027 4826 apostolicae
2048 4755 2320 4810 vicarium
2344 4756 2416 4810 ad
2439 4772 2704 4810 normam
2724 4757 2871 4826 juris
2890 4758 3412 4812 Pseudoisidoriani
3433 4775 3624 4814 creare.

273 4849 525 4904 voluisse.
561 4851 768 4904 Verum
809 4848 875 4903 iis
917 4849 975 4903 in
1007 4848 1146 4902 actis
1171 4847 1316 4902 nihil
1347 4847 1613 4912 occurrit,
1638 4847 1788 4916 quod
1817 4845 2046 4915 speciali
2076 4846 2262 4898 forma
2283 4843 2656 4898 Decretalium
2691 4845 2992 4916 vestigium
3025 4863 3140 4916 pra:
3169 4863 3226 4901 se
3250 4847 3416 4918 ferat,
3439 4864 3624 4920 neque

273 4953 336 4992 ea
359 4938 629 5008 dignitas,
659 4955 828 5010 quam
857 4939 1104 5011 Drogoni
1131 4937 1478 4993 moliebatur
1505 4936 1776 5008 pontifex,
1809 4936 2035 4990 novella
2070 4933 2208 4988 adeo
2235 4937 2376 4988 erat.

341 5073 548 5128 Nicolai
587 5075 604 5126 l
645 5073 880 5144 epistola
917 5075 986 5129 ad
1034 5075 1220 5129 Gallos
1249 5073 1308 5128 in
1349 5089 1514 5127 causa
1559 5071 1896 5142 Thietgaudi
1940 5067 2288 5124 Trevirensis
2321 5069 2447 5135 (37).
2477 5084 2605 5139 quae
2650 5069 2948 5122 Alexandri
2991 5071 3012 5122 1
3055 5069 3622 5128 Pseudodecretalem

275 5162 494 5233 allegat,
522 5179 809 5234 quamque
836 5163 1138 5218 Hontheim
1166 5162 1238 5216 ad
1268 5178 1485 5216 annum
1513 5164 1604 5216 861
1643 5161 1836 5228 refert,
1865 5163 2142 5230 suspectae
2176 5157 2532 5212 auctoritatis
2559 5159 2662 5225 est,
2687 5173 2928 5228 eamque
2955 5157 3318 5214 Kunstmann
3345 5161 3451 5232 (38)
3468 5162 3628 5216 Nico-

277 5249 364 5304 laii
395 5253 434 5306 ll
466 5269 588 5306 esse
615 5255 829 5320 censet,
857 5267 986 5306 cum
1016 5267 1102 5321 ea,
1130 5267 1258 5322 quae
1285 5251 1354 5306 de
1382 5249 1697 5306 Trevirensi
1723 5249 1974 5304 antistite
2001 5247 2281 5316 dicantur,
2314 5263 2432 5302 non
2462 5247 2521 5301 in
2547 5246 2983 5318 Thietgaudum,
3011 5249 3109 5304 sed
3140 5249 3200 5304 in
3231 5251 3622 5308 Eberhardum

275 5342 568 5414 quadrent,
599 5343 700 5414 qui
726 5359 760 5397 a
791 5341 1048 5398 Conrado
1089 5341 1297 5396 comite
1335 5339 1800 5412 Lutzelburgensi
1844 5343 2042 5418 captus
2085 5340 2185 5392 est.
2221 5338 2328 5392 Res
2367 5337 2628 5391 confecta
2652 5339 2756 5404 est,
2787 5353 2970 5408 usque
3011 5339 3080 5394 ad
3109 5355 3330 5394 annum
3359 5344 3482 5408 863,
3511 5361 3624 5414 quo

277 5431 524 5486 Nicolaus
542 5433 614 5486 ad
641 5431 1012 5486 Hincmarum
1033 5430 1418 5486 Rhemensem
1445 5429 1714 5496 scribens,
1743 5429 1972 5484 nonnisi
1999 5428 2320 5483 Decretales
2341 5426 2638 5482 Hadriana;
2667 5427 3013 5482 collectionis
3031 5437 3349 5500 enumerat,
3375 5435 3436 5486 ut
3455 5449 3628 5503 supra

277 5521 589 5588 retulimus,
619 5521 911 5576 Romanos
938 5519 1233 5592 pontiﬁces
1271 5515 1802 5573 Pseudoisidoriana
1831 5519 1996 5588 plane
2038 5516 2300 5572 nescisse.
2334 5515 2548 5570 Eodem
2586 5515 2707 5570 fere
2741 5520 2999 5588 tempore
3029 5519 3220 5591 Lupus
3259 5521 3628 5576 Ferrariensis

349 5755 477 5823 (33‘)
507 5753 569 5806 L.
602 5769 650 5807 c.
689 5767 748 5823 p.
782 5755 866 5806 52.
2077 5749 2180 5875 (36%
2208 5750 2294 5805 Cf.
2324 5765 2416 5875 (ip.
2452 5753 2484 5805 8
2511 5749 2789 5832 Pelagii

351 5825 452 5875 34]
479 5825 540 5875 L.
571 5840 618 5875 c.
653 5839 710 5875 ι).
739 5825 862 5875 628.
2075 5823 2160 5875 (37
2203 5823 2306 5875 An.
2388 5822 2665 5875 onthelm.
2699 5823 2789 5875 HIS

351 5821 540 5901 39L.
571 5821 900 5901 cupi-6282
1037 5892 1068 5901 Π
1112 5893 1120 5901 ¹
1315 5897 1322 5901 _
1393 5895 1406 5901 _
1671 5898 1690 5901 A
2337 5821 3074 5901 Heumann,Histu'l‘revir.
3103 5825 3163 5878 T.
3199 5825 3235 5890 Ι,
3275 5839 3330 5893 p.
3361 5825 3480 5878 197.

353 5899 451 5968 35)
479 5893 736 5950 Auacleti
760 5909 848 5966 ep.
885 5896 930 5946 l.
965 5893 1154 5946 Felicis
1181 5909 1267 5964 ep.
1307 5897 1354 5947 t.
1384 5893 1517 5948 Julii
1545 5909 1637 5964 ep.
1667 5898 1718 5948 2.

1322 5915 1354 5946 l.
1384 5893 1517 5948 Julii
1545 5909 1637 5964 ep.
1667 5898 1718 5948 2.
2078 5893 2182 5964 (38)
2209 5893 2360 5949 Neue
2385 5893 2516 5948 Sion
2553 5893 2707 5962 1845,
2741 5894 2800 5946 Ν.
2841 5895 2928 5948 54.
