4068 6352
427 349 498 386 xu
1312 325 1594 379 APPEND.
1636 324 1721 377 AD
1760 321 1918 375 SAﬁC.
1961 321 2029 375 lX

1312 325 1594 379 APPEND.
1636 324 1721 377 AD
1760 321 1918 375 saec.
1961 321 2048 375 1x.
2083 348 2149 358 -
2190 319 2496 375 ISIDOHUS
2535 322 2913 378 uesanos.

429 458 604 512 abbas
636 455 904 512 eumdem
949 453 1276 526 pontificem
1307 453 1377 506 de
1422 451 1668 522 quadam
1716 445 2238 503 Pseudoisidoriana
2290 447 2614 502 Melchiadis
2658 449 2926 504 decretali
2974 456 3256 509 consuluit
3301 455 3388 510 his
3419 456 3603 510 verbis
3629 456 3730 527 (39)
3772 474 3788 512 :

437 567 462 598 «
494 547 706 600 Dicitur
731 548 923 599 autem
953 542 1295 598 Melchiades
1324 556 1474 612 papa
1503 537 1839 607 decrevisse,
1865 553 1938 591 ne
1962 536 2088 607 quis
2114 553 2377 609 unquam
2408 540 2660 610 pontifex
2695 541 2817 595 sine
2839 559 3120 599 consensu
3145 563 3310 619 papas
3339 547 3582 602 Romani
3609 547 3789 619 depo-

432 640 686 692 neretur.
717 635 876 690 Unde
910 634 1292 704 supplicamus
1319 638 1381 687 ut
1407 635 1614 686 statuta
1641 630 1794 685 illius
1822 630 2066 701 integra,
2098 627 2240 682 sicut
2265 645 2441 699 penes
2469 645 2562 683 vos
2589 630 2892 699 habentur,
2921 632 3086 688 nobis
3113 634 3357 706 dirigere
3383 621 3721 706 dignemini.
3758 657 3789 688 ι)

506 753 761 808 Pontifex
787 755 981 806 autem
1004 750 1076 804 ad
1099 749 1448 804 Wenilonem
1477 749 1711 820 ejusque
1737 747 2122 818 coepiscopos,
2149 748 2357 818 quibus
2383 748 2717 819 conjunctus
2738 750 2928 822 Lupus
2947 752 3266 823 scripserat,
3286 755 3660 824 respondens,
3687 756 3794 809 hac

429 848 503 901 de
530 862 591 899 re
622 846 790 916 plane
817 848 983 910 tacet,
1016 857 1146 895 sane
1174 855 1238 894 eo
1265 839 1422 910 quod
1451 838 1798 892 decretalem
1825 853 1938 891 non
1963 837 2265 902 invenerit,
2300 839 2384 892 vel
2411 837 2458 892 si
2489 839 2668 893 mavis
2697 856 3032 911 responsum
3059 842 3130 896 ad
3158 844 3377 914 Lupum
3403 845 3598 898 datum
3621 844 3796 899 inter-

435 936 651 1002 cidisse,
686 935 842 988 idem
876 935 1069 985 tamen
1097 929 1229 984 inde
1260 928 1538 999 sequitur,
1573 926 1729 997 quod
1755 927 2012 980 Nicolaus
2039 927 2332 994 decretali,
2365 944 2490 1000 quae
2519 933 2817 1001 tantopere
2863 931 3166 1001 pontiﬁcis:
3197 934 3514 988 auctoritati
3545 933 3792 999 favebat,

436 1026 506 1079 ad
539 1025 892 1079 Wenilonem
921 1020 1274 1091 respondens
1305 1017 1394 1072 uti
1413 1017 1707 1088 spreverit.

506 1149 556 1198 9.
592 1145 729 1198 Hinc
761 1141 991 1213 plurimi
1029 1141 1276 1205 censent,
1304 1137 1570 1191 eumdem
1598 1135 1885 1190 Nicolaum
1919 1136 2153 1190 tandem
2179 1155 2211 1191 a
2232 1138 2512 1192 Rothadio
2539 1140 2949 1207 Suessionensi,
2971 1158 3100 1196 cum
3133 1143 3324 1196 Romae
3344 1141 3612 1196 adversus
3631 1139 3796 1195 Hinc-

435 1250 661 1289 marum
693 1233 1076 1287 Rhemensem
1105 1227 1420 1299 appellatus
1447 1229 1769 1280 versaretur
1794 1226 2174 1280 Decretalium
2215 1226 2475 1281 notitiam
2507 1229 2809 1301 accepisse.
2844 1233 2925 1286 Ita
2949 1231 3195 1299 Gfrorer,
3222 1231 3457 1303 Spittler
3481 1231 3609 1303 (40).

504 1349 788 1420 Quidquid
815 1348 905 1414 sit,
935 1347 1155 1399 certum
1186 1347 1270 1397 est
1301 1342 1597 1397 Nicolaum
1628 1359 1678 1396 a.
1705 1345 1806 1398 865
1828 1343 1897 1396 ad
1929 1342 2249 1398 Gallicanos
2275 1343 2570 1415 episcopos
2591 1346 2697 1400 hac
2719 1347 2788 1401 de
2812 1347 3075 1403 Rothadii
3105 1365 3278 1404 causa
3303 1349 3642 1404 scribentem
3665 1349 3798 1404 Hin-

433 1455 690 1493 cmarum
719 1436 1000 1502 refellere,
1030 1433 1180 1506 quod
1212 1433 1529 1487 Decretales
1562 1431 1912 1502 pontificum,
1942 1447 2069 1502 quae
2095 1431 2156 1486 in
2183 1432 2380 1487 codice
2411 1449 2717 1502 canonum,
2748 1437 2852 1491 hoc
2885 1441 2969 1492 est
3007 1438 3292 1493 Hadriana
3320 1439 3647 1496 collectione
3674 1458 3797 1496 non

434 1528 771 1590 habeantur,
801 1524 906 1577 hac
931 1523 997 1577 de
1025 1539 1192 1576 causa
1219 1522 1429 1576 nullius
1466 1538 1585 1575 esse
1622 1520 1836 1575 roboris
1867 1520 2201 1590 praetendat.
2238 1523 2369 1576 Haec
2395 1526 2527 1577 sunt
2549 1523 2726 1577 verba
2757 1525 2860 1595 (41)
2899 1542 2912 1579 :
2950 1545 2977 1577 «
3013 1527 3176 1591 Quod
3217 1531 3407 1582 tamen
3433 1545 3550 1596 vos,
3578 1532 3641 1583 ut
3671 1546 3794 1584 ser-

433 1620 560 1669 vata
583 1614 872 1667 vobiscum
902 1611 1235 1666 medullitus
1260 1610 1537 1665 charitate
1564 1609 1771 1675 dicam,
1805 1607 2186 1680 postposuisse
2215 1609 2473 1664 dolemus
2494 1613 2551 1664 et
2577 1611 2936 1668 diversorum
2967 1617 3114 1670 sedis
3140 1618 3460 1687 apostolicae
3481 1620 3794 1688 praesulum

434 1705 656 1758 decreta
685 1702 741 1755 in
772 1701 880 1755 hoc
909 1716 1006 1754 vos
1033 1699 1442 1770 contempsisse
1471 1699 1703 1768 negotio
1741 1715 1857 1752 non
1897 1697 2186 1752 immerito
2220 1699 2723 1768 reprehendimus.
2754 1701 2914 1756 Absit
2955 1703 3132 1771 enim,
3160 1709 3225 1758 ut
3259 1707 3666 1777 cujuscunque,
3696 1725 3795 1761 us-

432 1809 541 1864 que
561 1791 634 1845 ad
665 1790 928 1846 ultimum
948 1789 1079 1843 vita:
1107 1805 1224 1843 suae
1253 1787 1408 1842 diem
1431 1787 1529 1859 qui
1549 1787 1609 1840 in
1635 1786 1745 1841 ﬁde
1775 1787 2046 1842 catholica
2071 1790 2539 1860 perseveraverit,
2563 1791 2652 1846 vel
2676 1792 2984 1848 decretalia
3006 1795 3314 1850 constituta
3333 1797 3418 1849 vel
3441 1796 3508 1850 de
3529 1797 3796 1852 ecclesia-

435 1886 572 1939 stica
601 1883 899 1954 disciplina
928 1881 1195 1954 quaelibet
1223 1880 1490 1951 exposita,
1515 1878 1707 1934 debito
1729 1879 1882 1933 cultu
1902 1881 2110 1934 etcum
2135 1895 2362 1933 summa
2393 1879 2737 1936 discretione
2771 1899 2888 1936 non
2919 1884 3333 1954 amplectamur
3351 1887 3639 1954 opuscula,
3663 1902 3799 1956 quae

435 1976 713 2028 duntaxat
742 1977 797 2027 et
835 1970 1149 2042 antiquitus
1182 1974 1376 2023 sancta
1409 1970 1662 2022 Romana
1697 1968 1937 2023 Ecclesia
1978 1983 2320 2023 conservans
2356 1969 2520 2022 nobis
2556 1986 2784 2041 quoque
2829 1971 3200 2026 custodienda
3245 1973 3533 2028 mandavit
3563 1977 3620 2028 et
3648 1991 3800 2046 pene

438 2081 496 2118 se
538 2063 597 2117 in
642 2062 756 2116 suis
801 2060 1042 2114 archivis
1085 2063 1141 2113 et
1185 2057 1418 2113 vetustis
1465 2057 1569 2112 rite
1618 2058 2002 2112 monumentis
2050 2058 2346 2113 recondita
2396 2065 2811 2115 veneratur.....
2873 2062 3214 2134 Quanquam
3263 2064 3497 2135 quidam
3543 2070 3796 2120 vestrum

435 2151 780 2223 scripserint,
806 2149 964 2204 haud
989 2148 1085 2202 illa
1111 2147 1416 2202 decretalia
1442 2145 1758 2217 priscorum
1785 2147 2122 2217 pontiﬁcum
2148 2149 2207 2204 in
2233 2155 2348 2205 toto
2371 2149 2576 2205 codicis
2602 2168 2881 2206 canonum
2909 2169 3149 2224 corpore
3175 2153 3457 2207 contineri
3489 2153 3795 2225 descripta,

435 2258 566 2298 cum
596 2242 724 2312 ipsr,
755 2239 852 2292 ubi
879 2255 996 2292 suae
1026 2237 1331 2292 intentioni
1363 2237 1484 2291 haec
1517 2236 1815 2308 suffragari
1846 2238 2222 2309 conspiciunt,
2246 2239 2353 2293 illis
2374 2239 2767 2294 indifferenter
2794 2245 3024 2296 utantur
3044 2245 3099 2296 et
3118 2241 3302 2296 solum
3335 2258 3486 2296 nunc
3507 2243 3579 2296 ad
3601 2243 3797 2297 immi-

438 2331 730 2386 nationem
764 2327 1054 2399 potestatis
1097 2326 1243 2381 sedis
1270 2325 1597 2396 apostolicae
1628 2331 1685 2380 et
1711 2327 1781 2380 ad
1810 2343 2045 2382 suorum
2075 2335 2485 2399 argumentum
2518 2332 2951 2403 privilegiorum
2981 2332 3171 2386 minus
3197 2336 3423 2402 accepta
3450 2348 3570 2387 esse
3600 2333 3796 2403 perhi-

435 2425 625 2479 beant.
650 2422 792 2475 Nam
819 2417 1093 2473 nonnulla
1117 2433 1315 2471 eorum
1345 2416 1554 2487 scripta
1577 2432 1753 2487 penes
1779 2427 1884 2471 nos
1910 2417 2206 2486 habentur,
2234 2437 2360 2490 qua:
2385 2436 2501 2475 non
2532 2422 2717 2475 solum
2740 2438 3213 2493 quorumcunque
3240 2423 3623 2476 Romanorum
3648 2439 3797 2494 pon-

436 2513 672 2579 tificum,
706 2526 902 2565 verum
935 2508 1106 2564 etiam
1139 2507 1399 2580 priorum
1425 2507 1656 2562 decreta
1681 2508 1739 2560 in
1771 2507 1885 2561 suis
1912 2509 2182 2579 praeferre
2212 2515 2549 2578 noscuntur,
2592 2535 2617 2560 n

507 2635 697 2704 Neque
734 2648 875 2702 opus
905 2634 1007 2696 est,
1040 2633 1104 2683 ut
1135 2645 1266 2682 cum
1303 2628 1706 2682 Kunstmanno
1749 2627 2021 2697 dicamus,
2065 2628 2354 2684 Nicolaum
2395 2631 2486 2685 hie
2512 2631 2622 2685 loci
2654 2631 2724 2685 ad
2760 2631 3296 2687 Pseudodecretales
3335 2629 3572 2685 minime
3617 2631 3794 2700 respi—

438 2739 584 2789 cere,
612 2722 765 2792 quod
794 2736 858 2774 ex
885 2720 1010 2790 ipso
1046 2717 1355 2780 verborum
1381 2721 1580 2772 tenore
1625 2717 1920 2772 refellitur.

511 2839 918 2894 Verumtamen
957 2833 1169 2904 oppido
1209 2838 1381 2899 errat,
1412 2833 1510 2903 qui
1547 2833 1682 2887 inde
1727 2835 2032 2903 concludit,
2068 2836 2364 2891 Nicolaum
2407 2839 2720 2894 Decretales
2761 2840 2913 2910 ipsas
2949 2840 3248 2910 recepisse,
3278 2839 3364 2893 vel
3393 2838 3500 2892 illis
3545 2853 3798 2908 unquam

441 2945 609 2983 nsum
632 2927 822 2981 fuisse.
854 2923 1042 2978 Hefele
1077 2921 1181 2993 (42)
1210 2922 1442 2992 quidem
1473 2922 1774 2992 epistolam
1816 2923 2026 2978 Nicolai
2064 2925 2136 2980 ad
2174 2927 2436 2982 Carolum
2466 2928 2702 2982 Calvum
2748 2929 3004 2999 ejusdem
3038 2929 3172 2983 anni
3205 2929 3308 3000 (43)
3341 2928 3566 2998 allegat,
3601 2927 3659 2980 in
3688 2944 3802 2997 qua

441 3020 571 3076 Julii
613 3014 1102 3074 Pseudodecretali
1147 3019 1359 3069 utatur.
1407 3013 1518 3068 Sed
1559 3030 1695 3084 pace
1729 3015 1945 3085 egregii
1972 3015 2076 3070 viri
2118 3015 2333 3070 dictum
2375 3016 2465 3085 sit,
2494 3017 2696 3071 nullibi
2745 3017 2804 3070 in
2849 3017 3231 3072 Decretalibus
3259 3016 3413 3071 falsis
3443 3033 3512 3070 ea
3539 3016 3801 3071 invenire

447 3108 750 3180 potuimus,
783 3121 913 3177 quae
942 3105 1010 3158 de
1039 3103 1184 3158 Julio
1211 3104 1389 3158 refert
1414 3103 1692 3158 Nicolaus.
1724 3105 1917 3175 Neque
1939 3106 2112 3161 verba
2137 3106 2292 3160 aliud
2321 3123 2438 3176 prae
2468 3123 2526 3160 se
2555 3107 2767 3174 ferunt,
2799 3107 2905 3161 nisi
2930 3108 3161 3163 brevem
3190 3113 3481 3179 gestorum
3513 3108 3799 3162 narratio-

446 3215 598 3265 nem,
635 3211 810 3268 quam
839 3210 904 3248 ex
933 3192 1171 3247 historia
1209 3191 1493 3263 tripartita
1520 3192 1605 3246 vel
1631 3209 1696 3247 ex
1736 3193 1986 3262 genuina
2009 3193 2139 3248 Julii
2168 3195 2235 3248 ad
2265 3195 2577 3250 Orientales
2617 3196 2856 3266 epistola
2897 3196 3231 3267 desumpsit.
3266 3197 3347 3250 En
3375 3196 3543 3250 verba
3579 3213 3591 3250 :
3628 3218 3655 3245 «
3689 3197 3803 3251 Sed

447 3292 504 3341 et
529 3303 677 3358 papa
706 3283 885 3339 Julius
912 3281 1292 3336 Orientalibus
1319 3280 1589 3350 scribens,
1624 3286 1924 3353 utramque
1951 3287 2172 3354 partem
2197 3285 2492 3340 Athanasii
2517 3285 2735 3340 scilicet
2765 3289 2821 3339 et
2843 3285 3298 3340 adversariorum
3333 3285 3455 3355 ejus
3484 3287 3804 3341 accelerare

448 3373 836 3447 praesentiam,
868 3372 1149 3441 quatenus
1175 3375 1416 3442 utraque
1443 3373 1606 3441 parte
1632 3376 1914 3442 praesente
1947 3372 2245 3428 audiretur
2272 3391 2402 3429 reus
2435 3379 2492 3430 et
2530 3375 2600 3430 ab
2630 3375 2894 3430 omnibus
2920 3375 3350 3444 condemnatus,
3377 3374 3446 3429 de
3479 3380 3684 3430 caetero
3716 3391 3806 3429 co-

449 3469 740 3523 hiberetur
764 3481 796 3518 a
815 3462 1154 3518 sacerdotio.
1177 3485 1203 3510 ››
1228 3464 1286 3517 In
1319 3463 1504 3518 altera
1530 3463 1789 3534 ejusdem
1817 3463 1953 3518 anni
1982 3463 2220 3534 epistola
2250 3463 2322 3519 ad
2352 3465 2540 3520 Gallos
2569 3463 2881 3536 genuinam
2906 3464 3036 3518 Julii
3062 3464 3400 3520 decretalem
3424 3464 3630 3519 attulit.
3655 3464 3805 3518 Nun-

449 3573 624 3628 quam
652 3553 908 3609 Nicolaus
935 3551 1318 3608 Decretalibus
1351 3569 1482 3608 usus
1513 3556 1618 3622 est,
1647 3569 1944 3625 nunquam
1973 3553 2224 3625 aliquam
2253 3554 2484 3625 speciali
2510 3554 2806 3609 mentione
2831 3553 3088 3622 advocat,
3122 3553 3252 3608 licet
3279 3553 3442 3607 toties
3471 3553 3688 3607 occasio
3716 3570 3805 3608 oc-

447 3647 708 3703 currerit.

523 3765 685 3830 Quod
709 3765 777 3819 ad
804 3763 959 3818 illam
990 3764 1294 3833 epistolam
1320 3765 1544 3831 attinet,
1575 3762 1646 3817 ad
1672 3763 2043 3816 Hincmarum
2071 3761 2363 3828 directam,
2388 3776 2515 3832 quae
2549 3760 2712 3814 unica
2741 3766 2840 3829 est,
2865 3760 2924 3815 in
2964 3777 3080 3832 qua
3109 3762 3368 3832 pontifex
3397 3761 3464 3817 ad
3485 3762 3803 3819 Pseudode-

449 3858 685 3913 cretales
713 3854 997 3927 respiciat,
1027 3855 1138 3909 duo
1168 3857 1320 3922 sunt,
1353 3870 1481 3924 quae
1510 3851 1746 3907 dicenda
1773 3851 1934 3906 nobis
1964 3856 2151 3905 erunt.

520 3975 844 4046 Prasprimis
865 3973 1185 4028 notandum
1214 3977 1316 4039 est,
1340 3972 1632 4026 Nicolaum
1661 3969 1887 4024 nonnisi
1913 3970 2208 4024 confusam
2235 3971 2544 4042 quamdam
2574 3971 3016 4041 generalemque
3045 3971 3429 4026 Decretalium
3459 3972 3688 4027 illarum
3707 3988 3809 4027 no~

449 4065 630 4120 titiam
655 4081 770 4136 prae
798 4081 856 4117 se
879 4063 1051 4130 ferre,
1079 4077 1263 4132 neque
1299 4077 1547 4132 unquam
1575 4078 1672 4114 eas
1692 4077 1809 4131 prae
1838 4059 2033 4123 oculis,
2059 4059 2162 4113 nisi
2187 4060 2244 4113 in
2277 4060 2494 4130 aliquot
2518 4060 2587 4113 ab
2613 4059 2910 4113 Hincmaro
2931 4059 3112 4114 citatis
3136 4060 3291 4130 locis,
3317 4061 3582 4116 habuisse
3603 4061 3802 4116 videri.

450 4158 588 4212 Nam
609 4153 837 4210 nonnisi
872 4169 987 4207 una
1008 4152 1127 4206 vice
1162 4151 1524 4221 generalibus
1555 4149 1892 4222 quibusdam
1922 4148 2106 4203 verbis
2131 4150 2202 4204 de
2231 4151 2364 4221 ipsis
2395 4151 2662 4222 loquitur.

517 4276 798 4342 Alterum,
827 4272 981 4344 quod
1009 4270 1248 4326 maximi
1278 4269 1554 4325 momenti
1593 4269 1941 4335 habendum,
1975 4267 2034 4322 id
2065 4271 2170 4335 est,
2200 4268 2494 4324 Nicolaum
2526 4268 2765 4323 minime
2793 4269 2862 4323 de
2887 4269 3177 4324 authentia
3209 4269 3581 4324 Decretalium
3611 4285 3804 4341 agere,

449 4367 547 4421 sed
579 4367 855 4420 statutum
879 4359 1283 4417 tantummodo
1309 4361 1377 4415 ab
1402 4359 1705 4414 Hincmaro
1726 4356 2072 4429 principium
2102 4357 2468 4429 impugnare,
2493 4358 2802 4413 decretales
2826 4357 2970 4426 illas,
3000 4358 3129 4413 licet
3151 4359 3416 4430 genuina:
3446 4359 3652 4425 forent,
3680 4360 3804 4413 nul-

449 4458 557 4510 lius
589 4470 708 4509 esse
733 4450 1082 4507 auctoritatis
1105 4467 1173 4504 eo
1201 4450 1351 4521 quod
1377 4449 1436 4503 in
1466 4448 1731 4504 Codicem
1754 4448 2068 4512 Canon'im,
2093 4447 2490 4502 collectionem
2521 4463 2724 4518 nempe
2757 4447 3124 4513 Hadrianam,
3152 4464 3265 4502 non
3297 4448 3510 4502 fuerint
3541 4453 3803 4518 recepta).

451 4544 839 4612 Quaestionem
867 4542 936 4596 de
966 4540 1262 4596 authentia
1290 4539 1663 4595 Decretalium
1681 4537 1979 4592 inductam
2018 4540 2251 4594 omnino
2274 4538 2506 4608 reliquit
2535 4537 2812 4605 Nicolaus,
2842 4537 3281 4608 prudentissime
3315 4554 3512 4608 agens,
3546 4540 3612 4591 ut
3637 4537 3807 4593 dubia

450 4650 634 4708 neque
664 4632 987 4690 admitteret
1009 4629 1480 4696 inconsideratus,
1503 4644 1689 4699 neque
1711 4644 1960 4698 praeceps
1989 4627 2268 4697 rejicerct.
2296 4629 2485 4698 Neque
2516 4627 2632 4680 ulla
2657 4627 2788 4681 data
2816 4627 3022 4692 fuerat,
3046 4631 3109 4681 ut
3129 4643 3195 4681 ea
3215 4626 3537 4697 attingeret,
3564 4627 3803 4682 occasio.

452 4727 596 4780 Nam
628 4740 817 4794 neque
847 4722 968 4792 ipse
1000 4720 1331 4774 Hincmarus
1370 4722 1508 4773 tunc
1551 4717 1620 4771 de
1661 4717 1959 4772 authentia
2006 4716 2321 4771 dubitabat.
2353 4716 2492 4769 Cum
2520 4715 2642 4770 haec
2669 4733 2719 4770 a.
2750 4720 2852 4771 865
2882 4719 3008 4770 acta
3039 4716 3150 4770 sint
3187 4715 3335 4770 circa
3363 4732 3577 4770 annum
3608 4719 3710 4770 868
3738 4717 3808 4770 ad

451 4813 718 4869 Carolum
751 4811 984 4866 Calvum
1030 4808 1280 4864 scribens
1313 4807 1419 4877 (ii)
1448 4805 1977 4878 pseudodecretales
2007 4804 2240 4874 Urbani,
2273 4804 2426 4859 Lucii
2475 4808 2642 4877 atque
2688 4805 2958 4876 Stephani
3009 4804 3196 4858 adhuc
3240 4805 3298 4857 in
3346 4804 3674 4874 praesidium
3710 4822 3807 4859 vo-

452 4904 560 4957 cat.
593 4901 822 4956 Gfrorer
846 4899 1082 4970 quidem
1115 4899 1312 4951 censet
1343 4895 1449 4966 (45)
1475 4895 1849 4949 Hincmarum
1877 4911 1993 4948 non
2029 4909 2232 4947 ausum
2261 4893 2432 4949 fuisse
2462 4894 2839 4949 Decretalium
2864 4893 3223 4947 authentiam
3256 4893 3479 4963 publice
3509 4894 3807 4964 impetere,

457 4996 756 5063 postquam
779 5007 812 5043 a
835 4989 1066 5043 Nicolao
1099 4989 1115 5040 l
1143 4986 1378 5041 defensa
1405 4984 1614 5051 fuerat,
1639 4986 1694 5038 et
1714 4983 1915 5038 saltem
1945 4987 2006 5038 ut
2031 4982 2432 5039 subsidiarium
2457 4984 2606 5055 juris
2625 4984 2849 5038 fontem
2872 4981 3190 5036 admisisse.
3219 4981 3357 5046 Quae
3378 4982 3424 5036 si
3446 4981 3525 5036 ita
3547 4982 3806 5052 fuissent,

454 5083 608 5136 certe
637 5078 917 5144 tacuisset,
941 5064 1060 5131 non
1087 5091 1224 5129 vero
1255 5090 1388 5129 usus
1417 5073 1636 5139 fuisset,
1669 5071 1748 5126 uti
1792 5088 1987 5126 revera
2013 5088 2148 5126 usus
2175 5075 2276 5127 est.
2309 5073 2560 5144 Idipsum
2603 5071 2979 5127 confirmatur
3013 5087 3078 5124 eo
3119 5070 3404 5126 Hincmari
3436 5087 3626 5142 opere,
3657 5073 3809 5144 quod

456 5173 642 5229 libello
673 5172 741 5226 ab
784 5171 1086 5224 Hincmaro
1117 5165 1477 5222 Laudunensi
1517 5167 1724 5236 nepote
1756 5180 1826 5218 ex
1856 5162 2405 5218 Pseudoisidorianis
2446 5161 2706 5216 confecto
2742 5161 2798 5214 in
2850 5159 3068 5231 synodo
3095 5159 3455 5216 Altiniacensi
3489 5178 3541 5216 a.
3571 5165 3674 5217 870
3705 5179 3809 5234 op-

454 5262 662 5334 posuit.
694 5257 1062 5316 Autbentiam
1092 5256 1465 5311 Decretalium
1492 5256 1578 5309 vel
1609 5254 1997 5325 Capitulorum
2020 5251 2398 5325 Angilramni,
2432 5251 2529 5323 qui
2563 5249 2948 5307 Decretalibus
2979 5248 3162 5320 juncti
3187 5249 3430 5323 fuerant,
3456 5251 3609 5307 nullo
3640 5253 3810 5308 modo

522 5602 628 5672 (39)
655 5600 918 5672 MansiT.
953 5600 1064 5672 XV.
1103 5601 1223 5652 397.
1366 5669 1374 5672 _
1445 5668 1455 5672 Δ
1599 5667 1631 5672 λ
1718 5668 1728 5672 _
1764 5670 1768 5672 Α
2263 5597 2365 5672 (t8)
2395 5611 2485 5664 ep.
2627 5591 2880 5646 MansiT.
2907 5593 3013 5648 XV.
3049 5596 3171 5647 658.

522 5666 629 5742 (40)
659 5671 996 5742 Geschichte
1035 5670 1133 5725 des
1176 5668 1553 5723 canonischen
1599 5667 1838 5722 Rechtes
1868 5685 1924 5738 p.
1952 5673 2074 5724 256.

1035 5670 1133 5725 des
1176 5668 1553 5723 canonischen
1599 5667 1838 5722 Rechtes
1868 5685 1924 5738 p.
1952 5673 2074 5724 256.
2256 5666 2365 5742 (ᾇᾲ)
2393 5681 2486 5742 ep.
2520 5666 2604 5717 29.

525 5735 626 5803 im
653 5741 830 5798 Mansi
855 5743 914 5796 T.
949 5741 1051 5794 xv.
1085 5742 1206 5803 694,
1239 5742 1360 5794 695.
1870 5735 1882 5738 '

1870 5735 1882 5738 '
2251 5735 2358 5805 (45)
2393 5735 2427 5787 l.
2464 5751 2510 5788 ο.
2541 5752 2594 5805 ρ.
2635 5737 2750 5790 472.
2792 5735 2908 5789 185.

521 5817 618 5876 42)
650 5816 708 5869 L.
739 5832 784 5868 c.
819 5831 870 5885 p.
904 5815 1024 5866 657.
