  <div class='ocr_page' id='page_1' title='image "/cluster/home/n/w/nwhite01/storage/ocr_20150623/130/umn.319510024774230/020.png"; bbox 0 0 4068 6366; ppageno 0'>
   <div class='ocr_carea' id='block_1_1' title="bbox 1588 445 3572 515">
    <p class='ocr_par' dir='ltr' id='par_1_1' title="bbox 1588 445 3572 515">
     <span class='ocr_line' id='line_1_1' title="bbox 1588 445 3572 515; baseline 0.004 -16"><span class='ocrx_word' id='word_1_1' title='bbox 1588 445 2098 501; x_wconf 76' lang='lat' dir='ltr'><strong>PROLEGOMENA.</strong></span> <span class='ocrx_word' id='word_1_2' title='bbox 2268 510 2276 515; x_wconf 90' lang='lat'>_</span> <span class='ocrx_word' id='word_1_3' title='bbox 3479 468 3572 506; x_wconf 84' lang='lat' dir='ltr'><strong>xm</strong></span> 
     </span>
    </p>
   </div>
   <div class='ocr_carea' id='block_1_2' title="bbox 213 586 3577 664">
    <p class='ocr_par' dir='ltr' id='par_1_2' title="bbox 213 586 3577 664">
     <span class='ocr_line' id='line_1_2' title="bbox 213 586 3577 664; baseline 0.001 -20"><span class='ocrx_word' id='word_1_4' title='bbox 213 586 517 662; x_wconf 82' lang='lat' dir='ltr'><strong>impugnat</strong></span> <span class='ocrx_word' id='word_1_5' title='bbox 549 607 560 645; x_wconf 91' lang='lat'><strong>:</strong></span> <span class='ocrx_word' id='word_1_6' title='bbox 597 614 622 639; x_wconf 91' lang='grc'><em>‹‹</em></span> <span class='ocrx_word' id='word_1_7' title='bbox 653 590 709 646; x_wconf 91' lang='lat' dir='ltr'>Si</span> <span class='ocrx_word' id='word_1_8' title='bbox 741 607 874 645; x_wconf 89' lang='lat' dir='ltr'><strong>vero</strong></span> <span class='ocrx_word' id='word_1_9' title='bbox 917 591 1046 646; x_wconf 91' lang='lat' dir='ltr'><strong>ideo</strong></span> <span class='ocrx_word' id='word_1_10' title='bbox 1081 591 1236 660; x_wconf 83' lang='lat' dir='ltr'><strong>talia,</strong></span> <span class='ocrx_word' id='word_1_11' title='bbox 1272 591 1460 663; x_wconf 84' lang='lat' dir='ltr'><strong>inquit</strong></span> <span class='ocrx_word' id='word_1_12' title='bbox 1493 590 1623 662; x_wconf 76' lang='lat'><strong>(46),</strong></span> <span class='ocrx_word' id='word_1_13' title='bbox 1660 607 1790 662; x_wconf 82' lang='lat' dir='ltr'><strong>quae</strong></span> <span class='ocrx_word' id='word_1_14' title='bbox 1829 591 1933 646; x_wconf 90' lang='lat' dir='ltr'><strong>tibi</strong></span> <span class='ocrx_word' id='word_1_15' title='bbox 1978 591 2094 646; x_wconf 89' lang='lat' dir='ltr'><strong>visa</strong></span> <span class='ocrx_word' id='word_1_16' title='bbox 2137 596 2290 661; x_wconf 89' lang='lat' dir='ltr'><strong>sunt,</strong></span> <span class='ocrx_word' id='word_1_17' title='bbox 2339 593 2410 647; x_wconf 91' lang='lat' dir='ltr'><strong>de</strong></span> <span class='ocrx_word' id='word_1_18' title='bbox 2449 591 2702 664; x_wconf 61' lang='lat' dir='ltr'><strong>praefatis</strong></span> <span class='ocrx_word' id='word_1_19' title='bbox 2741 591 3038 647; x_wconf 81' lang='lat' dir='ltr'><strong>sententiis</strong></span> <span class='ocrx_word' id='word_1_20' title='bbox 3079 592 3472 664; x_wconf 83' lang='lat' dir='ltr'><strong>(Angilramni)</strong></span> <span class='ocrx_word' id='word_1_21' title='bbox 3513 611 3577 649; x_wconf 89' lang='lat' dir='ltr'><strong>ac</strong></span> 
     </span>
    </p>
   </div>
   <div class='ocr_carea' id='block_1_3' title="bbox 209 679 3576 754">
    <p class='ocr_par' dir='ltr' id='par_1_3' title="bbox 209 679 3576 754">
     <span class='ocr_line' id='line_1_3' title="bbox 209 679 3576 754; baseline 0.001 -21"><span class='ocrx_word' id='word_1_22' title='bbox 209 696 358 752; x_wconf 76' lang='lat' dir='ltr'><strong>saepe</strong></span> <span class='ocrx_word' id='word_1_23' title='bbox 385 680 716 735; x_wconf 73' lang='lat' dir='ltr'><strong>memoratis</strong></span> <span class='ocrx_word' id='word_1_24' title='bbox 746 679 996 751; x_wconf 87' lang='lat' dir='ltr'><strong>epistolis</strong></span> <span class='ocrx_word' id='word_1_25' title='bbox 1021 679 1413 736; x_wconf 87' lang='lat' dir='ltr'><strong>detruncando</strong></span> <span class='ocrx_word' id='word_1_26' title='bbox 1443 682 1500 734; x_wconf 91' lang='lat' dir='ltr'><strong>et</strong></span> <span class='ocrx_word' id='word_1_27' title='bbox 1522 681 1990 750; x_wconf 79' lang='lat' dir='ltr'><strong>praeposterando</strong></span> <span class='ocrx_word' id='word_1_28' title='bbox 2020 685 2188 753; x_wconf 89' lang='lat' dir='ltr'><strong>atque</strong></span> <span class='ocrx_word' id='word_1_29' title='bbox 2219 680 2627 738; x_wconf 90' lang='lat' dir='ltr'><strong>disordinando</strong></span> <span class='ocrx_word' id='word_1_30' title='bbox 2657 681 2955 754; x_wconf 79' lang='lat' dir='ltr'><strong>collegisti,</strong></span> <span class='ocrx_word' id='word_1_31' title='bbox 2999 682 3136 754; x_wconf 85' lang='lat' dir='ltr'>quia</span> <span class='ocrx_word' id='word_1_32' title='bbox 3169 682 3314 738; x_wconf 88' lang='lat' dir='ltr'><strong>forte</strong></span> <span class='ocrx_word' id='word_1_33' title='bbox 3344 684 3576 754; x_wconf 79' lang='lat' dir='ltr'><strong>putasti,</strong></span> 
     </span>
    </p>
   </div>
   <div class='ocr_carea' id='block_1_4' title="bbox 211 769 3578 841">
    <p class='ocr_par' dir='ltr' id='par_1_4' title="bbox 211 769 3578 841">
     <span class='ocr_line' id='line_1_4' title="bbox 211 769 3578 841; baseline 0.001 -17"><span class='ocrx_word' id='word_1_34' title='bbox 211 770 498 825; x_wconf 88' lang='lat' dir='ltr'><strong>neminem</strong></span> <span class='ocrx_word' id='word_1_35' title='bbox 531 769 708 824; x_wconf 89' lang='lat' dir='ltr'><strong>alium</strong></span> <span class='ocrx_word' id='word_1_36' title='bbox 735 770 965 826; x_wconf 90' lang='lat' dir='ltr'><strong>easdem</strong></span> <span class='ocrx_word' id='word_1_37' title='bbox 1000 769 1308 825; x_wconf 86' lang='lat' dir='ltr'><strong>sententias</strong></span> <span class='ocrx_word' id='word_1_38' title='bbox 1343 769 1430 824; x_wconf 94' lang='lat' dir='ltr'><strong>vel</strong></span> <span class='ocrx_word' id='word_1_39' title='bbox 1465 769 1615 841; x_wconf 89' lang='lat' dir='ltr'><strong>ipsas</strong></span> <span class='ocrx_word' id='word_1_40' title='bbox 1652 769 1913 840; x_wconf 86' lang='lat' dir='ltr'><strong>epistolas</strong></span> <span class='ocrx_word' id='word_1_41' title='bbox 1949 786 2070 840; x_wconf 75' lang='lat' dir='ltr'><strong>prae</strong></span> <span class='ocrx_word' id='word_1_42' title='bbox 2109 773 2164 824; x_wconf 90' lang='lat' dir='ltr'><strong>te</strong></span> <span class='ocrx_word' id='word_1_43' title='bbox 2202 771 2437 839; x_wconf 88' lang='lat' dir='ltr'><strong>habere,</strong></span> <span class='ocrx_word' id='word_1_44' title='bbox 2465 774 2523 826; x_wconf 95' lang='lat' dir='ltr'><strong>et</strong></span> <span class='ocrx_word' id='word_1_45' title='bbox 2547 771 2756 826; x_wconf 92' lang='lat' dir='ltr'><strong>idcirco</strong></span> <span class='ocrx_word' id='word_1_46' title='bbox 2784 771 2922 826; x_wconf 88' lang='lat' dir='ltr'><strong>talia</strong></span> <span class='ocrx_word' id='word_1_47' title='bbox 2960 771 3137 826; x_wconf 85' lang='lat' dir='ltr'><strong>libere</strong></span> <span class='ocrx_word' id='word_1_48' title='bbox 3167 777 3224 826; x_wconf 87' lang='lat' dir='ltr'><strong>te</strong></span> <span class='ocrx_word' id='word_1_49' title='bbox 3251 771 3578 827; x_wconf 84' lang='lat' dir='ltr'><strong>existimasti</strong></span> 
     </span>
    </p>
   </div>
   <div class='ocr_carea' id='block_1_5' title="bbox 211 859 3575 934">
    <p class='ocr_par' dir='ltr' id='par_1_5' title="bbox 211 859 3575 934">
     <span class='ocr_line' id='line_1_5' title="bbox 211 859 3575 934; baseline 0.001 -21"><span class='ocrx_word' id='word_1_50' title='bbox 211 876 374 930; x_wconf 90' lang='lat' dir='ltr'><strong>posse</strong></span> <span class='ocrx_word' id='word_1_51' title='bbox 401 861 690 931; x_wconf 84' lang='lat' dir='ltr'><strong>colligere,</strong></span> <span class='ocrx_word' id='word_1_52' title='bbox 722 877 812 914; x_wconf 90' lang='lat' dir='ltr'><strong>res</strong></span> <span class='ocrx_word' id='word_1_53' title='bbox 844 861 987 914; x_wconf 89' lang='lat' dir='ltr'><strong>mira</strong></span> <span class='ocrx_word' id='word_1_54' title='bbox 1017 865 1119 928; x_wconf 91' lang='lat' dir='ltr'><strong>est,</strong></span> <span class='ocrx_word' id='word_1_55' title='bbox 1149 876 1282 914; x_wconf 90' lang='lat' dir='ltr'><strong>cum</strong></span> <span class='ocrx_word' id='word_1_56' title='bbox 1310 859 1380 914; x_wconf 92' lang='lat' dir='ltr'><strong>de</strong></span> <span class='ocrx_word' id='word_1_57' title='bbox 1407 859 1541 930; x_wconf 88' lang='lat' dir='ltr'><strong>ipsis</strong></span> <span class='ocrx_word' id='word_1_58' title='bbox 1571 859 1870 914; x_wconf 87' lang='lat' dir='ltr'><strong>sententiis</strong></span> <span class='ocrx_word' id='word_1_59' title='bbox 1895 860 2069 930; x_wconf 90' lang='lat' dir='ltr'><strong>plena</strong></span> <span class='ocrx_word' id='word_1_60' title='bbox 2102 861 2173 916; x_wconf 88' lang='lat' dir='ltr'><strong>sit</strong></span> <span class='ocrx_word' id='word_1_61' title='bbox 2201 861 2310 916; x_wconf 90' lang='lat' dir='ltr'><strong>ista</strong></span> <span class='ocrx_word' id='word_1_62' title='bbox 2335 867 2510 931; x_wconf 89' lang='lat' dir='ltr'><strong>terra,</strong></span> <span class='ocrx_word' id='word_1_63' title='bbox 2543 861 2690 917; x_wconf 91' lang='lat' dir='ltr'><strong>sicut</strong></span> <span class='ocrx_word' id='word_1_64' title='bbox 2712 863 2770 916; x_wconf 91' lang='lat' dir='ltr'><strong>et</strong></span> <span class='ocrx_word' id='word_1_65' title='bbox 2796 861 2865 916; x_wconf 92' lang='lat' dir='ltr'><strong>de</strong></span> <span class='ocrx_word' id='word_1_66' title='bbox 2892 861 3035 915; x_wconf 91' lang='lat' dir='ltr'><strong>libro</strong></span> <span class='ocrx_word' id='word_1_67' title='bbox 3065 861 3426 916; x_wconf 88' lang='lat' dir='ltr'><strong>collectarum</strong></span> <span class='ocrx_word' id='word_1_68' title='bbox 3454 863 3575 934; x_wconf 87' lang='lat' dir='ltr'><strong>epi-</strong></span> 
     </span>
    </p>
   </div>
   <div class='ocr_carea' id='block_1_6' title="bbox 210 948 3577 1022">
    <p class='ocr_par' dir='ltr' id='par_1_6' title="bbox 210 948 3577 1022">
     <span class='ocr_line' id='line_1_6' title="bbox 210 948 3577 1022; baseline 0.001 -20"><span class='ocrx_word' id='word_1_69' title='bbox 210 950 489 1004; x_wconf 88' lang='lat' dir='ltr'><strong>stolarum</strong></span> <span class='ocrx_word' id='word_1_70' title='bbox 519 951 588 1005; x_wconf 88' lang='lat' dir='ltr'><strong>ab</strong></span> <span class='ocrx_word' id='word_1_71' title='bbox 615 949 848 1020; x_wconf 83' lang='lat' dir='ltr'><strong>Isidoro,</strong></span> <span class='ocrx_word' id='word_1_72' title='bbox 879 967 1050 1022; x_wconf 90' lang='lat' dir='ltr'><strong>quem</strong></span> <span class='ocrx_word' id='word_1_73' title='bbox 1086 951 1156 1005; x_wconf 92' lang='lat' dir='ltr'><strong>de</strong></span> <span class='ocrx_word' id='word_1_74' title='bbox 1202 949 1468 1021; x_wconf 85' lang='lat' dir='ltr'><strong>Hispania</strong></span> <span class='ocrx_word' id='word_1_75' title='bbox 1503 949 1742 1005; x_wconf 88' lang='lat' dir='ltr'><strong>allatum</strong></span> <span class='ocrx_word' id='word_1_76' title='bbox 1785 948 2036 1004; x_wconf 83' lang='lat' dir='ltr'><strong>Riculfus</strong></span> <span class='ocrx_word' id='word_1_77' title='bbox 2073 951 2441 1022; x_wconf 86' lang='lat' dir='ltr'><strong>Moguntinus</strong></span> <span class='ocrx_word' id='word_1_78' title='bbox 2480 950 2775 1021; x_wconf 89' lang='lat' dir='ltr'><strong>episcopus</strong></span> <span class='ocrx_word' id='word_1_79' title='bbox 2802 949 2860 1004; x_wconf 92' lang='lat' dir='ltr'><strong>in</strong></span> <span class='ocrx_word' id='word_1_80' title='bbox 2889 949 3238 1020; x_wconf 81' lang='lat' dir='ltr'><strong>hujusmodi,</strong></span> <span class='ocrx_word' id='word_1_81' title='bbox 3268 949 3414 1005; x_wconf 89' lang='lat' dir='ltr'><strong>sicut</strong></span> <span class='ocrx_word' id='word_1_82' title='bbox 3438 955 3495 1006; x_wconf 91' lang='lat' dir='ltr'><strong>et</strong></span> <span class='ocrx_word' id='word_1_83' title='bbox 3520 951 3577 1006; x_wconf 90' lang='lat' dir='ltr'><strong>in</strong></span> 
     </span>
    </p>
   </div>
   <div class='ocr_carea' id='block_1_7' title="bbox 211 1039 2522 1113">
    <p class='ocr_par' dir='ltr' id='par_1_7' title="bbox 211 1039 2522 1113">
     <span class='ocr_line' id='line_1_7' title="bbox 211 1039 2522 1113; baseline -0 -19"><span class='ocrx_word' id='word_1_84' title='bbox 211 1040 471 1111; x_wconf 88' lang='lat' dir='ltr'><strong>capitulis</strong></span> <span class='ocrx_word' id='word_1_85' title='bbox 497 1041 672 1111; x_wconf 89' lang='lat' dir='ltr'><strong>regiis</strong></span> <span class='ocrx_word' id='word_1_86' title='bbox 697 1041 1006 1110; x_wconf 85' lang='lat' dir='ltr'><strong>studiosus,</strong></span> <span class='ocrx_word' id='word_1_87' title='bbox 1041 1041 1290 1096; x_wconf 87' lang='lat' dir='ltr'><strong>obtinuit</strong></span> <span class='ocrx_word' id='word_1_88' title='bbox 1317 1045 1373 1096; x_wconf 90' lang='lat' dir='ltr'><strong>et</strong></span> <span class='ocrx_word' id='word_1_89' title='bbox 1397 1041 1534 1096; x_wconf 89' lang='lat' dir='ltr'><strong>istas</strong></span> <span class='ocrx_word' id='word_1_90' title='bbox 1561 1041 1827 1113; x_wconf 84' lang='lat' dir='ltr'><strong>regiones</strong></span> <span class='ocrx_word' id='word_1_91' title='bbox 1849 1056 1920 1097; x_wconf 84' lang='lat' dir='ltr'><strong>ex</strong></span> <span class='ocrx_word' id='word_1_92' title='bbox 1948 1040 2057 1095; x_wconf 87' lang='lat' dir='ltr'><strong>illis</strong></span> <span class='ocrx_word' id='word_1_93' title='bbox 2082 1040 2292 1112; x_wconf 90' lang='lat' dir='ltr'><strong>repleri</strong></span> <span class='ocrx_word' id='word_1_94' title='bbox 2317 1039 2468 1095; x_wconf 84' lang='lat' dir='ltr'><strong>fecit.</strong></span> <span class='ocrx_word' id='word_1_95' title='bbox 2497 1060 2522 1086; x_wconf 82' lang='grc'><strong>››</strong></span> 
     </span>
    </p>
   </div>
   <div class='ocr_carea' id='block_1_8' title="bbox 278 1157 3574 1231">
    <p class='ocr_par' dir='ltr' id='par_1_8' title="bbox 278 1157 3574 1231">
     <span class='ocr_line' id='line_1_8' title="bbox 278 1157 3574 1231; baseline 0.002 -22"><span class='ocrx_word' id='word_1_96' title='bbox 278 1157 468 1224; x_wconf 89' lang='lat' dir='ltr'><strong>Vides,</strong></span> <span class='ocrx_word' id='word_1_97' title='bbox 501 1158 866 1213; x_wconf 87' lang='lat' dir='ltr'><strong>Hincmarum</strong></span> <span class='ocrx_word' id='word_1_98' title='bbox 894 1159 1076 1214; x_wconf 91' lang='lat' dir='ltr'><strong>adhuc</strong></span> <span class='ocrx_word' id='word_1_99' title='bbox 1104 1159 1435 1230; x_wconf 88' lang='lat' dir='ltr'><strong>capitularia</strong></span> <span class='ocrx_word' id='word_1_100' title='bbox 1456 1175 1559 1230; x_wconf 90' lang='lat' dir='ltr'><strong>pro</strong></span> <span class='ocrx_word' id='word_1_101' title='bbox 1590 1157 1841 1230; x_wconf 90' lang='lat' dir='ltr'><strong>genuina</strong></span> <span class='ocrx_word' id='word_1_102' title='bbox 1878 1157 2076 1212; x_wconf 89' lang='lat' dir='ltr'><strong>Isidori</strong></span> <span class='ocrx_word' id='word_1_103' title='bbox 2104 1157 2438 1212; x_wconf 88' lang='lat' dir='ltr'><strong>collectione</strong></span> <span class='ocrx_word' id='word_1_104' title='bbox 2469 1157 2700 1226; x_wconf 87' lang='lat' dir='ltr'><strong>habere,</strong></span> <span class='ocrx_word' id='word_1_105' title='bbox 2732 1157 2904 1228; x_wconf 90' lang='lat' dir='ltr'><strong>idque</strong></span> <span class='ocrx_word' id='word_1_106' title='bbox 2933 1158 3332 1214; x_wconf 86' lang='lat' dir='ltr'><strong>tantummodo</strong></span> <span class='ocrx_word' id='word_1_107' title='bbox 3373 1175 3574 1231; x_wconf 88' lang='lat' dir='ltr'><strong>repre-</strong></span> 
     </span>
    </p>
   </div>
   <div class='ocr_carea' id='block_1_9' title="bbox 209 1246 2910 1330">
    <p class='ocr_par' dir='ltr' id='par_1_9' title="bbox 209 1246 2910 1320">
     <span class='ocr_line' id='line_1_9' title="bbox 209 1246 2910 1320; baseline 0 -20"><span class='ocrx_word' id='word_1_108' title='bbox 209 1247 488 1313; x_wconf 88' lang='lat' dir='ltr'><strong>hendere,</strong></span> <span class='ocrx_word' id='word_1_109' title='bbox 517 1248 667 1319; x_wconf 90' lang='lat' dir='ltr'><strong>quod</strong></span> <span class='ocrx_word' id='word_1_110' title='bbox 696 1248 846 1302; x_wconf 90' lang='lat' dir='ltr'><strong>male</strong></span> <span class='ocrx_word' id='word_1_111' title='bbox 879 1247 1015 1318; x_wconf 91' lang='lat' dir='ltr'><strong>ipsis</strong></span> <span class='ocrx_word' id='word_1_112' title='bbox 1034 1249 1232 1320; x_wconf 90' lang='lat' dir='ltr'><strong>junior</strong></span> <span class='ocrx_word' id='word_1_113' title='bbox 1256 1249 1610 1316; x_wconf 85' lang='lat' dir='ltr'><strong>Hincmarus,</strong></span> <span class='ocrx_word' id='word_1_114' title='bbox 1643 1249 1786 1304; x_wconf 86' lang='lat' dir='ltr'><strong>sicut</strong></span> <span class='ocrx_word' id='word_1_115' title='bbox 1812 1252 1868 1305; x_wconf 94' lang='lat' dir='ltr'><strong>et</strong></span> <span class='ocrx_word' id='word_1_116' title='bbox 1889 1247 2249 1320; x_wconf 90' lang='lat' dir='ltr'><strong>Angilramni</strong></span> <span class='ocrx_word' id='word_1_117' title='bbox 2277 1246 2537 1318; x_wconf 89' lang='lat' dir='ltr'><strong>capitulis</strong></span> <span class='ocrx_word' id='word_1_118' title='bbox 2558 1263 2692 1301; x_wconf 90' lang='lat' dir='ltr'><strong>usus</strong></span> <span class='ocrx_word' id='word_1_119' title='bbox 2720 1247 2910 1302; x_wconf 85' lang='lat' dir='ltr'><strong>fuerit.</strong></span> 
     </span>
    </p>
   </div>
   <div class='ocr_carea' id='block_1_10' title="bbox 281 1364 3575 1439">
    <p class='ocr_par' dir='ltr' id='par_1_10' title="bbox 281 1364 3575 1439">
     <span class='ocr_line' id='line_1_10' title="bbox 281 1364 3575 1439; baseline 0.002 -23"><span class='ocrx_word' id='word_1_120' title='bbox 281 1365 403 1434; x_wconf 91' lang='lat' dir='ltr'><strong>lpse</strong></span> <span class='ocrx_word' id='word_1_121' title='bbox 431 1364 814 1419; x_wconf 86' lang='lat' dir='ltr'><strong>Decretalibus</strong></span> <span class='ocrx_word' id='word_1_122' title='bbox 841 1365 1168 1437; x_wconf 84' lang='lat' dir='ltr'><strong>Clementis,</strong></span> <span class='ocrx_word' id='word_1_123' title='bbox 1202 1367 1473 1436; x_wconf 89' lang='lat' dir='ltr'><strong>Anacleti,</strong></span> <span class='ocrx_word' id='word_1_124' title='bbox 1503 1366 1833 1438; x_wconf 85' lang='lat' dir='ltr'><strong>Zephyrini,</strong></span> <span class='ocrx_word' id='word_1_125' title='bbox 1873 1367 2147 1439; x_wconf 85' lang='lat' dir='ltr'><strong>Stephani</strong></span> <span class='ocrx_word' id='word_1_126' title='bbox 2185 1367 2542 1438; x_wconf 89' lang='lat' dir='ltr'><strong>aliorumque</strong></span> <span class='ocrx_word' id='word_1_127' title='bbox 2577 1366 2757 1420; x_wconf 91' lang='lat' dir='ltr'><strong>utitur</strong></span> <span class='ocrx_word' id='word_1_128' title='bbox 2784 1367 2913 1437; x_wconf 74' lang='grc'><strong>(47),</strong></span> <span class='ocrx_word' id='word_1_129' title='bbox 2950 1370 3012 1420; x_wconf 93' lang='lat' dir='ltr'><strong>ut</strong></span> <span class='ocrx_word' id='word_1_130' title='bbox 3041 1367 3110 1420; x_wconf 87' lang='lat' dir='ltr'><strong>ab</strong></span> <span class='ocrx_word' id='word_1_131' title='bbox 3143 1368 3420 1439; x_wconf 88' lang='lat' dir='ltr'><strong>episcopis</strong></span> <span class='ocrx_word' id='word_1_132' title='bbox 3451 1384 3575 1422; x_wconf 90' lang='lat' dir='ltr'><strong>me-</strong></span> 
     </span>
    </p>
   </div>
   <div class='ocr_carea' id='block_1_11' title="bbox 212 1452 3575 1528">
    <p class='ocr_par' dir='ltr' id='par_1_11' title="bbox 212 1452 3575 1528">
     <span class='ocr_line' id='line_1_11' title="bbox 212 1452 3575 1528; baseline 0.002 -22"><span class='ocrx_word' id='word_1_133' title='bbox 212 1452 572 1523; x_wconf 88' lang='lat' dir='ltr'><strong>tropolitanis</strong></span> <span class='ocrx_word' id='word_1_134' title='bbox 597 1453 848 1508; x_wconf 88' lang='lat' dir='ltr'><strong>debitam</strong></span> <span class='ocrx_word' id='word_1_135' title='bbox 876 1455 1260 1511; x_wconf 88' lang='lat' dir='ltr'><strong>obedientiam</strong></span> <span class='ocrx_word' id='word_1_136' title='bbox 1286 1456 1675 1528; x_wconf 82' lang='lat' dir='ltr'><strong>praestandam</strong></span> <span class='ocrx_word' id='word_1_137' title='bbox 1717 1472 1858 1525; x_wconf 90' lang='lat' dir='ltr'><strong>esse,</strong></span> <span class='ocrx_word' id='word_1_138' title='bbox 1888 1456 2127 1512; x_wconf 89' lang='lat' dir='ltr'><strong>evincat.</strong></span> <span class='ocrx_word' id='word_1_139' title='bbox 2160 1458 2294 1521; x_wconf 87' lang='lat' dir='ltr'><strong>Quis</strong></span> <span class='ocrx_word' id='word_1_140' title='bbox 2333 1473 2464 1512; x_wconf 91' lang='lat' dir='ltr'><strong>vero</strong></span> <span class='ocrx_word' id='word_1_141' title='bbox 2503 1456 2675 1512; x_wconf 86' lang='lat' dir='ltr'><strong>fuerit</strong></span> <span class='ocrx_word' id='word_1_142' title='bbox 2701 1455 2990 1511; x_wconf 88' lang='lat' dir='ltr'><strong>Hincmari</strong></span> <span class='ocrx_word' id='word_1_143' title='bbox 3030 1471 3249 1523; x_wconf 89' lang='lat' dir='ltr'><strong>sensus,</strong></span> <span class='ocrx_word' id='word_1_144' title='bbox 3278 1473 3343 1512; x_wconf 87' lang='lat' dir='ltr'><strong>ex</strong></span> <span class='ocrx_word' id='word_1_145' title='bbox 3372 1458 3575 1512; x_wconf 91' lang='lat' dir='ltr'><strong>eodem</strong></span> 
     </span>
    </p>
   </div>
   <div class='ocr_carea' id='block_1_12' title="bbox 213 1543 3576 1617">
    <p class='ocr_par' dir='ltr' id='par_1_12' title="bbox 213 1543 3576 1617">
     <span class='ocr_line' id='line_1_12' title="bbox 213 1543 3576 1617; baseline 0.001 -20"><span class='ocrx_word' id='word_1_146' title='bbox 213 1543 488 1615; x_wconf 92' lang='lat' dir='ltr'><strong>opusculo</strong></span> <span class='ocrx_word' id='word_1_147' title='bbox 530 1547 704 1613; x_wconf 89' lang='lat' dir='ltr'><strong>patet.</strong></span> <span class='ocrx_word' id='word_1_148' title='bbox 748 1546 810 1598; x_wconf 93' lang='lat' dir='ltr'><strong>In</strong></span> <span class='ocrx_word' id='word_1_149' title='bbox 854 1561 921 1599; x_wconf 95' lang='lat' dir='ltr'><strong>eo</strong></span> <span class='ocrx_word' id='word_1_150' title='bbox 961 1549 1111 1600; x_wconf 89' lang='lat' dir='ltr'><strong>totus</strong></span> <span class='ocrx_word' id='word_1_151' title='bbox 1149 1549 1252 1616; x_wconf 90' lang='lat' dir='ltr'><strong>est,</strong></span> <span class='ocrx_word' id='word_1_152' title='bbox 1297 1551 1358 1601; x_wconf 91' lang='lat' dir='ltr'><strong>ut</strong></span> <span class='ocrx_word' id='word_1_153' title='bbox 1398 1546 1660 1600; x_wconf 88' lang='lat' dir='ltr'><strong>ostendat</strong></span> <span class='ocrx_word' id='word_1_154' title='bbox 1703 1561 1798 1600; x_wconf 92' lang='lat' dir='ltr'><strong>eos</strong></span> <span class='ocrx_word' id='word_1_155' title='bbox 1841 1545 2236 1601; x_wconf 83' lang='lat' dir='ltr'><strong>tantummodo</strong></span> <span class='ocrx_word' id='word_1_156' title='bbox 2273 1562 2522 1601; x_wconf 88' lang='lat' dir='ltr'><strong>canones</strong></span> <span class='ocrx_word' id='word_1_157' title='bbox 2561 1546 2879 1617; x_wconf 89' lang='lat' dir='ltr'><strong>sequendos</strong></span> <span class='ocrx_word' id='word_1_158' title='bbox 2919 1566 2947 1595; x_wconf 85' lang='lat'><strong>«</strong></span> <span class='ocrx_word' id='word_1_159' title='bbox 2983 1561 3123 1616; x_wconf 89' lang='lat' dir='ltr'><strong>quos</strong></span> <span class='ocrx_word' id='word_1_160' title='bbox 3155 1546 3457 1616; x_wconf 88' lang='lat' dir='ltr'><strong>apostolica</strong></span> <span class='ocrx_word' id='word_1_161' title='bbox 3488 1563 3576 1600; x_wconf 86' lang='lat' dir='ltr'><strong>se-</strong></span> 
     </span>
    </p>
   </div>
   <div class='ocr_carea' id='block_1_13' title="bbox 211 1634 3583 1708">
    <p class='ocr_par' dir='ltr' id='par_1_13' title="bbox 211 1634 3583 1708">
     <span class='ocr_line' id='line_1_13' title="bbox 211 1634 3583 1708; baseline 0.001 -20"><span class='ocrx_word' id='word_1_162' title='bbox 211 1634 310 1689; x_wconf 90' lang='lat' dir='ltr'><strong>des</strong></span> <span class='ocrx_word' id='word_1_163' title='bbox 476 1637 535 1688; x_wconf 91' lang='lat' dir='ltr'><strong>et</strong></span> <span class='ocrx_word' id='word_1_164' title='bbox 563 1635 746 1690; x_wconf 90' lang='lat' dir='ltr'><strong>omnis</strong></span> <span class='ocrx_word' id='word_1_165' title='bbox 776 1636 1053 1692; x_wconf 88' lang='lat' dir='ltr'><strong>catholica</strong></span> <span class='ocrx_word' id='word_1_166' title='bbox 1081 1637 1329 1692; x_wconf 90' lang='lat' dir='ltr'><strong>Ecclesia</strong></span> <span class='ocrx_word' id='word_1_167' title='bbox 1357 1652 1602 1691; x_wconf 86' lang='lat' dir='ltr'><strong>canones</strong></span> <span class='ocrx_word' id='word_1_168' title='bbox 1626 1637 1896 1707; x_wconf 87' lang='lat' dir='ltr'><strong>appellat,</strong></span> <span class='ocrx_word' id='word_1_169' title='bbox 1921 1655 1949 1688; x_wconf 88' lang='lat'>»</span> <span class='ocrx_word' id='word_1_170' title='bbox 1978 1639 2035 1691; x_wconf 92' lang='lat' dir='ltr'><strong>et</strong></span> <span class='ocrx_word' id='word_1_171' title='bbox 2059 1635 2157 1708; x_wconf 91' lang='lat' dir='ltr'><strong>qui</strong></span> <span class='ocrx_word' id='word_1_172' title='bbox 2183 1636 2333 1702; x_wconf 87' lang='lat' dir='ltr'><strong>fecit,</strong></span> <span class='ocrx_word' id='word_1_173' title='bbox 2369 1657 2397 1685; x_wconf 91' lang='grc'><strong>‹‹</strong></span> <span class='ocrx_word' id='word_1_174' title='bbox 2426 1635 2485 1691; x_wconf 90' lang='lat' dir='ltr'><strong>in</strong></span> <span class='ocrx_word' id='word_1_175' title='bbox 2512 1636 2723 1691; x_wconf 88' lang='lat' dir='ltr'><strong>nostris</strong></span> <span class='ocrx_word' id='word_1_176' title='bbox 2749 1635 3060 1703; x_wconf 89' lang='lat' dir='ltr'><strong>codicibus,</strong></span> <span class='ocrx_word' id='word_1_177' title='bbox 3091 1651 3233 1706; x_wconf 90' lang='lat' dir='ltr'><strong>quos</strong></span> <span class='ocrx_word' id='word_1_178' title='bbox 3263 1636 3334 1691; x_wconf 90' lang='lat' dir='ltr'><strong>ab</strong></span> <span class='ocrx_word' id='word_1_179' title='bbox 3360 1638 3583 1708; x_wconf 89' lang='lat' dir='ltr'><strong>aposto-</strong></span> 
     </span>
    </p>
   </div>
   <div class='ocr_carea' id='block_1_14' title="bbox 211 1723 1888 1799">
    <p class='ocr_par' dir='ltr' id='par_1_14' title="bbox 211 1723 1888 1799">
     <span class='ocr_line' id='line_1_14' title="bbox 211 1723 1888 1799; baseline 0.002 -21"><span class='ocrx_word' id='word_1_180' title='bbox 211 1723 320 1778; x_wconf 86' lang='lat' dir='ltr'><strong>lica</strong></span> <span class='ocrx_word' id='word_1_181' title='bbox 344 1723 481 1778; x_wconf 90' lang='lat' dir='ltr'><strong>sede</strong></span> <span class='ocrx_word' id='word_1_182' title='bbox 508 1725 755 1797; x_wconf 87' lang='lat' dir='ltr'><strong>majores</strong></span> <span class='ocrx_word' id='word_1_183' title='bbox 780 1728 960 1782; x_wconf 87' lang='lat' dir='ltr'><strong>nostri</strong></span> <span class='ocrx_word' id='word_1_184' title='bbox 986 1731 1328 1799; x_wconf 89' lang='lat' dir='ltr'><strong>acceperunt</strong></span> <span class='ocrx_word' id='word_1_185' title='bbox 1353 1726 1669 1798; x_wconf 90' lang='lat' dir='ltr'><strong>sequendos</strong></span> <span class='ocrx_word' id='word_1_186' title='bbox 1697 1727 1826 1796; x_wconf 71' lang='lat'><strong>(48).</strong></span> <span class='ocrx_word' id='word_1_187' title='bbox 1861 1747 1888 1775; x_wconf 83' lang='lat'>»</span> 
     </span>
    </p>
   </div>
   <div class='ocr_carea' id='block_1_15' title="bbox 282 1840 3580 1915">
    <p class='ocr_par' dir='ltr' id='par_1_15' title="bbox 282 1840 3580 1915">
     <span class='ocr_line' id='line_1_15' title="bbox 282 1840 3580 1915; baseline -0 -19"><span class='ocrx_word' id='word_1_188' title='bbox 282 1840 592 1912; x_wconf 90' lang='lat' dir='ltr'><strong>Distinguit</strong></span> <span class='ocrx_word' id='word_1_189' title='bbox 622 1843 896 1898; x_wconf 89' lang='lat' dir='ltr'><strong>nimirum</strong></span> <span class='ocrx_word' id='word_1_190' title='bbox 938 1844 1278 1899; x_wconf 88' lang='lat' dir='ltr'><strong>Hincmarus</strong></span> <span class='ocrx_word' id='word_1_191' title='bbox 1306 1845 1406 1914; x_wconf 74' lang='grc'><strong>(49)</strong></span> <span class='ocrx_word' id='word_1_192' title='bbox 1437 1842 1590 1898; x_wconf 90' lang='lat' dir='ltr'><strong>inter</strong></span> <span class='ocrx_word' id='word_1_193' title='bbox 1625 1858 1877 1897; x_wconf 89' lang='lat' dir='ltr'><strong>canones</strong></span> <span class='ocrx_word' id='word_1_194' title='bbox 1913 1848 1970 1897; x_wconf 92' lang='lat' dir='ltr'><strong>et</strong></span> <span class='ocrx_word' id='word_1_195' title='bbox 2005 1844 2317 1898; x_wconf 88' lang='lat' dir='ltr'><strong>decretales</strong></span> <span class='ocrx_word' id='word_1_196' title='bbox 2344 1845 2610 1915; x_wconf 91' lang='lat' dir='ltr'><strong>epistolas</strong></span> <span class='ocrx_word' id='word_1_197' title='bbox 2638 1861 2703 1899; x_wconf 94' lang='lat' dir='ltr'><strong>eo</strong></span> <span class='ocrx_word' id='word_1_198' title='bbox 2732 1845 2910 1912; x_wconf 92' lang='lat' dir='ltr'><strong>nisus,</strong></span> <span class='ocrx_word' id='word_1_199' title='bbox 2942 1842 3095 1915; x_wconf 91' lang='lat' dir='ltr'><strong>quod</strong></span> <span class='ocrx_word' id='word_1_200' title='bbox 3128 1842 3378 1898; x_wconf 89' lang='lat' dir='ltr'><strong>Gelasius</strong></span> <span class='ocrx_word' id='word_1_201' title='bbox 3405 1842 3464 1896; x_wconf 90' lang='lat' dir='ltr'><strong>in</strong></span> <span class='ocrx_word' id='word_1_202' title='bbox 3491 1858 3580 1913; x_wconf 86' lang='lat' dir='ltr'><strong>sy-</strong></span> 
     </span>
    </p>
   </div>
   <div class='ocr_carea' id='block_1_16' title="bbox 213 1930 3584 2006">
    <p class='ocr_par' dir='ltr' id='par_1_16' title="bbox 213 1930 3584 2006">
     <span class='ocr_line' id='line_1_16' title="bbox 213 1930 3584 2006; baseline 0.001 -23"><span class='ocrx_word' id='word_1_203' title='bbox 213 1930 359 1984; x_wconf 91' lang='lat' dir='ltr'><strong>nodo</strong></span> <span class='ocrx_word' id='word_1_204' title='bbox 381 1931 635 1986; x_wconf 82' lang='lat' dir='ltr'><strong>Romana</strong></span> <span class='ocrx_word' id='word_1_205' title='bbox 653 1932 721 1987; x_wconf 91' lang='lat' dir='ltr'><strong>de</strong></span> <span class='ocrx_word' id='word_1_206' title='bbox 741 1933 900 1988; x_wconf 89' lang='lat' dir='ltr'><strong>libris</strong></span> <span class='ocrx_word' id='word_1_207' title='bbox 919 1934 1260 2006; x_wconf 87' lang='lat' dir='ltr'><strong>recipiendis</strong></span> <span class='ocrx_word' id='word_1_208' title='bbox 1281 1939 1337 1989; x_wconf 92' lang='lat' dir='ltr'><strong>et</strong></span> <span class='ocrx_word' id='word_1_209' title='bbox 1357 1951 1471 1987; x_wconf 90' lang='lat' dir='ltr'><strong>non</strong></span> <span class='ocrx_word' id='word_1_210' title='bbox 1492 1933 1830 2003; x_wconf 89' lang='lat' dir='ltr'><strong>recipiendis</strong></span> <span class='ocrx_word' id='word_1_211' title='bbox 1851 1949 2028 2004; x_wconf 86' lang='lat' dir='ltr'><strong>agens</strong></span> <span class='ocrx_word' id='word_1_212' title='bbox 2048 1932 2220 2002; x_wconf 88' lang='lat' dir='ltr'><strong>dicat,</strong></span> <span class='ocrx_word' id='word_1_213' title='bbox 2239 1934 2472 1988; x_wconf 91' lang='lat' dir='ltr'><strong>concilia</strong></span> <span class='ocrx_word' id='word_1_214' title='bbox 2491 1935 2801 2004; x_wconf 80' lang='lat' dir='ltr'><strong>recipienda</strong></span> <span class='ocrx_word' id='word_1_215' title='bbox 2819 1938 2870 1988; x_wconf 84' lang='lat' dir='ltr'><strong>et</strong></span> <span class='ocrx_word' id='word_1_216' title='bbox 2883 1934 3255 1995; x_wconf 82' lang='lat' dir='ltr'><strong>custodienda,</strong></span> <span class='ocrx_word' id='word_1_217' title='bbox 3275 1932 3584 1987; x_wconf 90' lang='lat' dir='ltr'><strong>decretales</strong></span> 
     </span>
    </p>
   </div>
   <div class='ocr_carea' id='block_1_17' title="bbox 210 2020 3581 2096">
    <p class='ocr_par' dir='ltr' id='par_1_17' title="bbox 210 2020 3581 2096">
     <span class='ocr_line' id='line_1_17' title="bbox 210 2020 3581 2096; baseline 0.002 -26"><span class='ocrx_word' id='word_1_218' title='bbox 210 2035 346 2074; x_wconf 87' lang='lat' dir='ltr'><strong>vero</strong></span> <span class='ocrx_word' id='word_1_219' title='bbox 377 2020 641 2090; x_wconf 89' lang='lat' dir='ltr'><strong>epistolas</strong></span> <span class='ocrx_word' id='word_1_220' title='bbox 666 2024 1044 2078; x_wconf 74' lang='lat' dir='ltr'><strong>venerabiliter</strong></span> <span class='ocrx_word' id='word_1_221' title='bbox 1067 2024 1426 2094; x_wconf 75' lang='lat' dir='ltr'><strong>recipiendas.</strong></span> <span class='ocrx_word' id='word_1_222' title='bbox 1456 2023 1668 2076; x_wconf 91' lang='lat' dir='ltr'><strong>Locum</strong></span> <span class='ocrx_word' id='word_1_223' title='bbox 1695 2021 1919 2089; x_wconf 88' lang='lat' dir='ltr'><strong>Leonis,</strong></span> <span class='ocrx_word' id='word_1_224' title='bbox 1954 2038 2125 2093; x_wconf 90' lang='lat' dir='ltr'><strong>quem</strong></span> <span class='ocrx_word' id='word_1_225' title='bbox 2158 2023 2418 2078; x_wconf 91' lang='lat' dir='ltr'><strong>Nicolaus</strong></span> <span class='ocrx_word' id='word_1_226' title='bbox 2443 2025 2514 2079; x_wconf 90' lang='lat' dir='ltr'><strong>ad</strong></span> <span class='ocrx_word' id='word_1_227' title='bbox 2545 2024 2842 2096; x_wconf 90' lang='lat' dir='ltr'><strong>episcopos</strong></span> <span class='ocrx_word' id='word_1_228' title='bbox 2867 2023 3060 2078; x_wconf 65' lang='lat' dir='ltr'><strong>Gallias</strong></span> <span class='ocrx_word' id='word_1_229' title='bbox 3091 2023 3343 2078; x_wconf 91' lang='lat' dir='ltr'><strong>scribens</strong></span> <span class='ocrx_word' id='word_1_230' title='bbox 3374 2022 3581 2094; x_wconf 89' lang='lat' dir='ltr'><strong>allega-</strong></span> 
     </span>
    </p>
   </div>
   <div class='ocr_carea' id='block_1_18' title="bbox 211 2107 3581 2184">
    <p class='ocr_par' dir='ltr' id='par_1_18' title="bbox 211 2107 3581 2184">
     <span class='ocr_line' id='line_1_18' title="bbox 211 2107 3581 2184; baseline 0.001 -23"><span class='ocrx_word' id='word_1_231' title='bbox 211 2114 369 2163; x_wconf 87' lang='lat' dir='ltr'><strong>verat</strong></span> <span class='ocrx_word' id='word_1_232' title='bbox 392 2109 520 2178; x_wconf 78' lang='lat'><strong>(50),</strong></span> <span class='ocrx_word' id='word_1_233' title='bbox 551 2110 631 2164; x_wconf 88' lang='lat' dir='ltr'><strong>ita</strong></span> <span class='ocrx_word' id='word_1_234' title='bbox 655 2112 1080 2183; x_wconf 87' lang='lat' dir='ltr'><strong>interpretatur,</strong></span> <span class='ocrx_word' id='word_1_235' title='bbox 1111 2113 1341 2168; x_wconf 86' lang='lat' dir='ltr'><strong>decreta</strong></span> <span class='ocrx_word' id='word_1_236' title='bbox 1371 2111 1707 2184; x_wconf 84' lang='lat' dir='ltr'><strong>pontiﬁcum</strong></span> <span class='ocrx_word' id='word_1_237' title='bbox 1739 2111 1796 2164; x_wconf 91' lang='lat' dir='ltr'><strong>in</strong></span> <span class='ocrx_word' id='word_1_238' title='bbox 1825 2113 2049 2165; x_wconf 88' lang='lat' dir='ltr'><strong>tantum</strong></span> <span class='ocrx_word' id='word_1_239' title='bbox 2084 2112 2288 2179; x_wconf 87' lang='lat' dir='ltr'><strong>valere,</strong></span> <span class='ocrx_word' id='word_1_240' title='bbox 2314 2112 2374 2166; x_wconf 91' lang='lat' dir='ltr'><strong>in</strong></span> <span class='ocrx_word' id='word_1_241' title='bbox 2401 2117 2680 2184; x_wconf 90' lang='lat' dir='ltr'><strong>quantum</strong></span> <span class='ocrx_word' id='word_1_242' title='bbox 2709 2112 3070 2182; x_wconf 85' lang='lat' dir='ltr'><strong>generalibus</strong></span> <span class='ocrx_word' id='word_1_243' title='bbox 3108 2107 3368 2166; x_wconf 65' lang='lat' dir='ltr'><strong>Ecclesiae</strong></span> <span class='ocrx_word' id='word_1_244' title='bbox 3406 2114 3581 2166; x_wconf 87' lang='lat' dir='ltr'><strong>statu-</strong></span> 
     </span>
    </p>
   </div>
   <div class='ocr_carea' id='block_1_19' title="bbox 214 2197 3586 2272">
    <p class='ocr_par' dir='ltr' id='par_1_19' title="bbox 214 2197 3586 2272">
     <span class='ocr_line' id='line_1_19' title="bbox 214 2197 3586 2272; baseline 0.001 -21"><span class='ocrx_word' id='word_1_245' title='bbox 214 2197 284 2252; x_wconf 92' lang='lat' dir='ltr'><strong>tis</strong></span> <span class='ocrx_word' id='word_1_246' title='bbox 317 2203 652 2265; x_wconf 87' lang='lat' dir='ltr'><strong>consonent,</strong></span> <span class='ocrx_word' id='word_1_247' title='bbox 675 2200 827 2255; x_wconf 93' lang='lat' dir='ltr'><strong>aliud</strong></span> <span class='ocrx_word' id='word_1_248' title='bbox 859 2217 981 2255; x_wconf 91' lang='lat' dir='ltr'><strong>esse</strong></span> <span class='ocrx_word' id='word_1_249' title='bbox 1012 2201 1164 2272; x_wconf 89' lang='lat' dir='ltr'><strong>leges</strong></span> <span class='ocrx_word' id='word_1_250' title='bbox 1191 2202 1345 2270; x_wconf 88' lang='lat' dir='ltr'><strong>dare,</strong></span> <span class='ocrx_word' id='word_1_251' title='bbox 1372 2200 1526 2255; x_wconf 89' lang='lat' dir='ltr'><strong>aliud</strong></span> <span class='ocrx_word' id='word_1_252' title='bbox 1558 2200 1630 2254; x_wconf 90' lang='lat' dir='ltr'><strong>ad</strong></span> <span class='ocrx_word' id='word_1_253' title='bbox 1656 2201 1814 2271; x_wconf 87' lang='lat' dir='ltr'><strong>leges</strong></span> <span class='ocrx_word' id='word_1_254' title='bbox 1833 2200 1957 2271; x_wconf 90' lang='lat' dir='ltr'><strong>jam</strong></span> <span class='ocrx_word' id='word_1_255' title='bbox 1987 2201 2146 2255; x_wconf 89' lang='lat' dir='ltr'><strong>datas</strong></span> <span class='ocrx_word' id='word_1_256' title='bbox 2171 2202 2276 2256; x_wconf 90' lang='lat' dir='ltr'><strong>hoc</strong></span> <span class='ocrx_word' id='word_1_257' title='bbox 2305 2202 2391 2256; x_wconf 90' lang='lat' dir='ltr'><strong>vel</strong></span> <span class='ocrx_word' id='word_1_258' title='bbox 2417 2202 2562 2256; x_wconf 91' lang='lat' dir='ltr'><strong>illud</strong></span> <span class='ocrx_word' id='word_1_259' title='bbox 2593 2202 2922 2256; x_wconf 89' lang='lat' dir='ltr'><strong>decernere.</strong></span> <span class='ocrx_word' id='word_1_260' title='bbox 2964 2201 3346 2259; x_wconf 84' lang='lat' dir='ltr'><strong>Conciliorum</strong></span> <span class='ocrx_word' id='word_1_261' title='bbox 3380 2200 3586 2272; x_wconf 86' lang='lat' dir='ltr'><strong>placita</strong></span> 
     </span>
    </p>
   </div>
   <div class='ocr_carea' id='block_1_20' title="bbox 211 2283 3581 2363">
    <p class='ocr_par' dir='ltr' id='par_1_20' title="bbox 211 2283 3581 2363">
     <span class='ocr_line' id='line_1_20' title="bbox 211 2283 3581 2363; baseline 0.001 -22"><span class='ocrx_word' id='word_1_262' title='bbox 211 2304 542 2358; x_wconf 88' lang='lat' dir='ltr'><strong>supremam</strong></span> <span class='ocrx_word' id='word_1_263' title='bbox 573 2305 692 2344; x_wconf 91' lang='lat' dir='ltr'><strong>esse</strong></span> <span class='ocrx_word' id='word_1_264' title='bbox 711 2291 857 2360; x_wconf 88' lang='lat' dir='ltr'><strong>juris</strong></span> <span class='ocrx_word' id='word_1_265' title='bbox 888 2291 1248 2346; x_wconf 89' lang='lat' dir='ltr'><strong>ecclesiastici</strong></span> <span class='ocrx_word' id='word_1_266' title='bbox 1278 2291 1556 2361; x_wconf 89' lang='lat' dir='ltr'><strong>regulam,</strong></span> <span class='ocrx_word' id='word_1_267' title='bbox 1585 2305 1772 2360; x_wconf 88' lang='lat' dir='ltr'><strong>neque</strong></span> <span class='ocrx_word' id='word_1_268' title='bbox 1798 2289 1950 2344; x_wconf 90' lang='lat' dir='ltr'><strong>Petri</strong></span> <span class='ocrx_word' id='word_1_269' title='bbox 1974 2291 2164 2346; x_wconf 89' lang='lat' dir='ltr'><strong>sedem</strong></span> <span class='ocrx_word' id='word_1_270' title='bbox 2198 2291 2540 2363; x_wconf 90' lang='lat' dir='ltr'><strong>quidquam,</strong></span> <span class='ocrx_word' id='word_1_271' title='bbox 2573 2292 2726 2362; x_wconf 90' lang='lat' dir='ltr'><strong>quod</strong></span> <span class='ocrx_word' id='word_1_272' title='bbox 2747 2292 3073 2347; x_wconf 88' lang='lat' dir='ltr'><strong>auctoritati</strong></span> <span class='ocrx_word' id='word_1_273' title='bbox 3102 2283 3469 2347; x_wconf 84' lang='lat' dir='ltr'><strong>conciliorum</strong></span> <span class='ocrx_word' id='word_1_274' title='bbox 3494 2308 3581 2346; x_wconf 88' lang='lat' dir='ltr'><strong>re-</strong></span> 
     </span>
    </p>
   </div>
   <div class='ocr_carea' id='block_1_21' title="bbox 211 2379 3584 2451">
    <p class='ocr_par' dir='ltr' id='par_1_21' title="bbox 211 2379 3584 2451">
     <span class='ocr_line' id='line_1_21' title="bbox 211 2379 3584 2451; baseline 0.001 -19"><span class='ocrx_word' id='word_1_275' title='bbox 211 2383 455 2449; x_wconf 87' lang='lat' dir='ltr'><strong>pugnet,</strong></span> <span class='ocrx_word' id='word_1_276' title='bbox 485 2380 795 2450; x_wconf 67' lang='lat' dir='ltr'><strong>praecipere</strong></span> <span class='ocrx_word' id='word_1_277' title='bbox 835 2397 1018 2451; x_wconf 89' lang='lat' dir='ltr'><strong>posse.</strong></span> <span class='ocrx_word' id='word_1_278' title='bbox 1062 2383 1226 2435; x_wconf 89' lang='lat' dir='ltr'><strong>Vocat</strong></span> <span class='ocrx_word' id='word_1_279' title='bbox 1263 2379 1497 2451; x_wconf 89' lang='lat' dir='ltr'><strong>quidem</strong></span> <span class='ocrx_word' id='word_1_280' title='bbox 1532 2380 1637 2450; x_wconf 78' lang='lat' dir='ltr'><strong>(5t)</strong></span> <span class='ocrx_word' id='word_1_281' title='bbox 1666 2383 1994 2450; x_wconf 82' lang='lat' dir='ltr'><strong>excerptum</strong></span> <span class='ocrx_word' id='word_1_282' title='bbox 2025 2397 2058 2434; x_wconf 90' lang='lat' dir='ltr'><strong>a</strong></span> <span class='ocrx_word' id='word_1_283' title='bbox 2087 2384 2294 2451; x_wconf 90' lang='lat' dir='ltr'><strong>nepote</strong></span> <span class='ocrx_word' id='word_1_284' title='bbox 2321 2397 2391 2436; x_wconf 91' lang='lat' dir='ltr'><strong>ex</strong></span> <span class='ocrx_word' id='word_1_285' title='bbox 2419 2381 2964 2437; x_wconf 87' lang='lat' dir='ltr'><strong>Pseudoisidorianis</strong></span> <span class='ocrx_word' id='word_1_286' title='bbox 2986 2382 3248 2436; x_wconf 87' lang='lat' dir='ltr'><strong>libellum</strong></span> <span class='ocrx_word' id='word_1_287' title='bbox 3280 2402 3305 2433; x_wconf 87' lang='grc'><strong>‹‹</strong></span> <span class='ocrx_word' id='word_1_288' title='bbox 3339 2381 3584 2435; x_wconf 83' lang='lat' dir='ltr'><strong>circum-</strong></span> 
     </span>
    </p>
   </div>
   <div class='ocr_carea' id='block_1_22' title="bbox 213 2469 3584 2543">
    <p class='ocr_par' dir='ltr' id='par_1_22' title="bbox 213 2469 3584 2543">
     <span class='ocr_line' id='line_1_22' title="bbox 213 2469 3584 2543; baseline 0 -20"><span class='ocrx_word' id='word_1_289' title='bbox 213 2469 465 2540; x_wconf 86' lang='lat' dir='ltr'><strong>positam</strong></span> <span class='ocrx_word' id='word_1_290' title='bbox 493 2470 755 2524; x_wconf 90' lang='lat' dir='ltr'><strong>omnibus</strong></span> <span class='ocrx_word' id='word_1_291' title='bbox 783 2471 1232 2542; x_wconf 81' lang='lat' dir='ltr'><strong>metropolitanis</strong></span> <span class='ocrx_word' id='word_1_292' title='bbox 1259 2469 1659 2539; x_wconf 88' lang='lat' dir='ltr'><strong>muscipulam,</strong></span> <span class='ocrx_word' id='word_1_293' title='bbox 1692 2489 1718 2517; x_wconf 89' lang='grc'><strong>››</strong></span> <span class='ocrx_word' id='word_1_294' title='bbox 1750 2484 1865 2522; x_wconf 90' lang='lat' dir='ltr'><strong>non</strong></span> <span class='ocrx_word' id='word_1_295' title='bbox 1893 2470 2084 2523; x_wconf 88' lang='lat' dir='ltr'><strong>autem</strong></span> <span class='ocrx_word' id='word_1_296' title='bbox 2111 2486 2200 2537; x_wconf 94' lang='lat' dir='ltr'><strong>eo,</strong></span> <span class='ocrx_word' id='word_1_297' title='bbox 2229 2471 2380 2541; x_wconf 91' lang='lat' dir='ltr'><strong>quod</strong></span> <span class='ocrx_word' id='word_1_298' title='bbox 2410 2471 2560 2542; x_wconf 85' lang='lat' dir='ltr'><strong>ipsas</strong></span> <span class='ocrx_word' id='word_1_299' title='bbox 2593 2473 2908 2526; x_wconf 90' lang='lat' dir='ltr'><strong>Decretales</strong></span> <span class='ocrx_word' id='word_1_300' title='bbox 2936 2488 3042 2543; x_wconf 89' lang='lat' dir='ltr'><strong>pro</strong></span> <span class='ocrx_word' id='word_1_301' title='bbox 3075 2472 3274 2526; x_wconf 87' lang='lat' dir='ltr'><strong>fraude</strong></span> <span class='ocrx_word' id='word_1_302' title='bbox 3300 2471 3584 2537; x_wconf 89' lang='lat' dir='ltr'><strong>habuerit,</strong></span> 
     </span>
    </p>
   </div>
   <div class='ocr_carea' id='block_1_23' title="bbox 211 2557 3588 2632">
    <p class='ocr_par' dir='ltr' id='par_1_23' title="bbox 211 2557 3588 2632">
     <span class='ocr_line' id='line_1_23' title="bbox 211 2557 3588 2632; baseline 0.001 -20"><span class='ocrx_word' id='word_1_303' title='bbox 211 2557 315 2612; x_wconf 89' lang='lat' dir='ltr'><strong>scd</strong></span> <span class='ocrx_word' id='word_1_304' title='bbox 335 2558 510 2628; x_wconf 87' lang='lat' dir='ltr'><strong>quod,</strong></span> <span class='ocrx_word' id='word_1_305' title='bbox 544 2562 605 2612; x_wconf 88' lang='lat' dir='ltr'><strong>ut</strong></span> <span class='ocrx_word' id='word_1_306' title='bbox 629 2575 800 2631; x_wconf 87' lang='lat' dir='ltr'><strong>supra</strong></span> <span class='ocrx_word' id='word_1_307' title='bbox 829 2559 1092 2626; x_wconf 82' lang='lat' dir='ltr'><strong>vidimus,</strong></span> <span class='ocrx_word' id='word_1_308' title='bbox 1124 2559 1203 2614; x_wconf 88' lang='lat' dir='ltr'><strong>ita</strong></span> <span class='ocrx_word' id='word_1_309' title='bbox 1233 2563 1492 2630; x_wconf 83' lang='lat' dir='ltr'><strong>excerpta</strong></span> <span class='ocrx_word' id='word_1_310' title='bbox 1517 2562 1571 2612; x_wconf 88' lang='lat' dir='ltr'><strong>et</strong></span> <span class='ocrx_word' id='word_1_311' title='bbox 1599 2558 1831 2612; x_wconf 87' lang='lat' dir='ltr'><strong>collecta</strong></span> <span class='ocrx_word' id='word_1_312' title='bbox 1855 2557 1969 2611; x_wconf 91' lang='lat' dir='ltr'><strong>sint</strong></span> <span class='ocrx_word' id='word_1_313' title='bbox 1995 2559 2347 2627; x_wconf 87' lang='lat' dir='ltr'><strong>testimonia,</strong></span> <span class='ocrx_word' id='word_1_314' title='bbox 2371 2563 2438 2614; x_wconf 92' lang='lat' dir='ltr'><strong>ut</strong></span> <span class='ocrx_word' id='word_1_315' title='bbox 2464 2561 2647 2616; x_wconf 90' lang='lat' dir='ltr'><strong>multa</strong></span> <span class='ocrx_word' id='word_1_316' title='bbox 2676 2561 3032 2627; x_wconf 89' lang='lat' dir='ltr'><strong>omittantur,</strong></span> <span class='ocrx_word' id='word_1_317' title='bbox 3065 2578 3194 2632; x_wconf 82' lang='lat' dir='ltr'><strong>quae</strong></span> <span class='ocrx_word' id='word_1_318' title='bbox 3219 2561 3588 2632; x_wconf 77' lang='lat' dir='ltr'><strong>suifraganeis</strong></span> 
     </span>
    </p>
   </div>
   <div class='ocr_carea' id='block_1_24' title="bbox 211 2647 3585 2721">
    <p class='ocr_par' dir='ltr' id='par_1_24' title="bbox 211 2647 3585 2721">
     <span class='ocr_line' id='line_1_24' title="bbox 211 2647 3585 2721; baseline 0.001 -20"><span class='ocrx_word' id='word_1_319' title='bbox 211 2647 469 2702; x_wconf 90' lang='lat' dir='ltr'><strong>debitam</strong></span> <span class='ocrx_word' id='word_1_320' title='bbox 502 2664 640 2719; x_wconf 88' lang='lat' dir='ltr'><strong>erga</strong></span> <span class='ocrx_word' id='word_1_321' title='bbox 669 2651 1058 2721; x_wconf 86' lang='lat' dir='ltr'><strong>metropolitas</strong></span> <span class='ocrx_word' id='word_1_322' title='bbox 1088 2649 1496 2720; x_wconf 86' lang='lat' dir='ltr'><strong>subjectionem</strong></span> <span class='ocrx_word' id='word_1_323' title='bbox 1528 2647 1816 2701; x_wconf 88' lang='lat' dir='ltr'><strong>inculcent</strong></span> <span class='ocrx_word' id='word_1_324' title='bbox 1847 2648 1972 2718; x_wconf 77' lang='lat'><strong>(52),</strong></span> <span class='ocrx_word' id='word_1_325' title='bbox 2002 2647 2115 2702; x_wconf 92' lang='lat' dir='ltr'><strong>imo</strong></span> <span class='ocrx_word' id='word_1_326' title='bbox 2154 2649 2213 2702; x_wconf 90' lang='lat' dir='ltr'><strong>in</strong></span> <span class='ocrx_word' id='word_1_327' title='bbox 2251 2649 2400 2720; x_wconf 90' lang='lat' dir='ltr'><strong>ipsas</strong></span> <span class='ocrx_word' id='word_1_328' title='bbox 2436 2650 2755 2704; x_wconf 90' lang='lat' dir='ltr'><strong>Decretales</strong></span> <span class='ocrx_word' id='word_1_329' title='bbox 2781 2651 3088 2720; x_wconf 89' lang='lat' dir='ltr'><strong>invehitur,</strong></span> <span class='ocrx_word' id='word_1_330' title='bbox 3125 2668 3241 2706; x_wconf 90' lang='lat' dir='ltr'><strong>non</strong></span> <span class='ocrx_word' id='word_1_331' title='bbox 3269 2668 3401 2706; x_wconf 86' lang='lat' dir='ltr'><strong>vero</strong></span> <span class='ocrx_word' id='word_1_332' title='bbox 3429 2651 3585 2721; x_wconf 90' lang='lat' dir='ltr'><strong>quod</strong></span> 
     </span>
    </p>
   </div>
   <div class='ocr_carea' id='block_1_25' title="bbox 209 2737 3586 2812">
    <p class='ocr_par' dir='ltr' id='par_1_25' title="bbox 209 2737 3586 2812">
     <span class='ocr_line' id='line_1_25' title="bbox 209 2737 3586 2812; baseline 0.001 -21"><span class='ocrx_word' id='word_1_333' title='bbox 209 2753 314 2808; x_wconf 89' lang='lat' dir='ltr'><strong>pro</strong></span> <span class='ocrx_word' id='word_1_334' title='bbox 340 2738 690 2793; x_wconf 88' lang='lat' dir='ltr'><strong>authenticis</strong></span> <span class='ocrx_word' id='word_1_335' title='bbox 715 2755 834 2793; x_wconf 92' lang='lat' dir='ltr'><strong>non</strong></span> <span class='ocrx_word' id='word_1_336' title='bbox 860 2739 1122 2806; x_wconf 87' lang='lat' dir='ltr'><strong>haberet,</strong></span> <span class='ocrx_word' id='word_1_337' title='bbox 1157 2738 1255 2794; x_wconf 91' lang='lat' dir='ltr'><strong>sed</strong></span> <span class='ocrx_word' id='word_1_338' title='bbox 1283 2739 1436 2810; x_wconf 93' lang='lat' dir='ltr'><strong>quod</strong></span> <span class='ocrx_word' id='word_1_339' title='bbox 1473 2737 1719 2793; x_wconf 89' lang='lat' dir='ltr'><strong>conciliis</strong></span> <span class='ocrx_word' id='word_1_340' title='bbox 1748 2754 1865 2792; x_wconf 92' lang='lat' dir='ltr'><strong>non</strong></span> <span class='ocrx_word' id='word_1_341' title='bbox 1892 2753 2176 2793; x_wconf 86' lang='lat' dir='ltr'><strong>consonas</strong></span> <span class='ocrx_word' id='word_1_342' title='bbox 2207 2741 2453 2810; x_wconf 90' lang='lat' dir='ltr'><strong>putaret,</strong></span> <span class='ocrx_word' id='word_1_343' title='bbox 2485 2743 2696 2810; x_wconf 83' lang='lat' dir='ltr'><strong>praeter</strong></span> <span class='ocrx_word' id='word_1_344' title='bbox 2725 2757 2852 2812; x_wconf 64' lang='lat' dir='ltr'><strong>quas</strong></span> <span class='ocrx_word' id='word_1_345' title='bbox 2881 2740 3245 2812; x_wconf 75' lang='lat' dir='ltr'><strong>pontificibus</strong></span> <span class='ocrx_word' id='word_1_346' title='bbox 3286 2741 3431 2795; x_wconf 91' lang='lat' dir='ltr'><strong>nihil</strong></span> <span class='ocrx_word' id='word_1_347' title='bbox 3462 2757 3586 2795; x_wconf 90' lang='lat' dir='ltr'><strong>esse</strong></span> 
     </span>
    </p>
   </div>
   <div class='ocr_carea' id='block_1_26' title="bbox 212 2827 3586 2901">
    <p class='ocr_par' dir='ltr' id='par_1_26' title="bbox 212 2827 3586 2901">
     <span class='ocr_line' id='line_1_26' title="bbox 212 2827 3586 2901; baseline 0 -19"><span class='ocrx_word' id='word_1_348' title='bbox 212 2827 626 2896; x_wconf 80' lang='lat' dir='ltr'><strong>deﬁniendum,</strong></span> <span class='ocrx_word' id='word_1_349' title='bbox 663 2829 1015 2897; x_wconf 90' lang='lat' dir='ltr'><strong>autumabat,</strong></span> <span class='ocrx_word' id='word_1_350' title='bbox 1063 2845 1252 2901; x_wconf 91' lang='lat' dir='ltr'><strong>neque</strong></span> <span class='ocrx_word' id='word_1_351' title='bbox 1283 2830 1456 2883; x_wconf 89' lang='lat' dir='ltr'><strong>ullam</strong></span> <span class='ocrx_word' id='word_1_352' title='bbox 1500 2827 1636 2899; x_wconf 89' lang='lat' dir='ltr'><strong>ipsis</strong></span> <span class='ocrx_word' id='word_1_353' title='bbox 1665 2827 2060 2882; x_wconf 86' lang='lat' dir='ltr'><strong>auctoritatem</strong></span> <span class='ocrx_word' id='word_1_354' title='bbox 2101 2828 2406 2897; x_wconf 89' lang='lat' dir='ltr'><strong>tribuebat,</strong></span> <span class='ocrx_word' id='word_1_355' title='bbox 2440 2843 2508 2883; x_wconf 93' lang='lat' dir='ltr'><strong>eo</strong></span> <span class='ocrx_word' id='word_1_356' title='bbox 2546 2829 2700 2899; x_wconf 92' lang='lat' dir='ltr'><strong>quod</strong></span> <span class='ocrx_word' id='word_1_357' title='bbox 2745 2829 2806 2883; x_wconf 93' lang='lat' dir='ltr'><strong>in</strong></span> <span class='ocrx_word' id='word_1_358' title='bbox 2850 2830 3105 2885; x_wconf 91' lang='lat' dir='ltr'><strong>codicem</strong></span> <span class='ocrx_word' id='word_1_359' title='bbox 3149 2846 3431 2884; x_wconf 88' lang='lat' dir='ltr'><strong>canonum</strong></span> <span class='ocrx_word' id='word_1_360' title='bbox 3473 2846 3586 2884; x_wconf 92' lang='lat' dir='ltr'><strong>non</strong></span> 
     </span>
    </p>
   </div>
   <div class='ocr_carea' id='block_1_27' title="bbox 212 2916 3164 2992">
    <p class='ocr_par' dir='ltr' id='par_1_27' title="bbox 212 2916 3164 2992">
     <span class='ocr_line' id='line_1_27' title="bbox 212 2916 3164 2992; baseline 0 -18"><span class='ocrx_word' id='word_1_361' title='bbox 212 2920 431 2974; x_wconf 85' lang='lat' dir='ltr'><strong>fuerint</strong></span> <span class='ocrx_word' id='word_1_362' title='bbox 461 2921 724 2990; x_wconf 74' lang='lat' dir='ltr'><strong>receptae,</strong></span> <span class='ocrx_word' id='word_1_363' title='bbox 756 2919 1114 2992; x_wconf 91' lang='lat' dir='ltr'><strong>proindeque</strong></span> <span class='ocrx_word' id='word_1_364' title='bbox 1142 2922 1352 2976; x_wconf 90' lang='lat' dir='ltr'><strong>nullius</strong></span> <span class='ocrx_word' id='word_1_365' title='bbox 1381 2921 1647 2975; x_wconf 89' lang='lat' dir='ltr'><strong>adversus</strong></span> <span class='ocrx_word' id='word_1_366' title='bbox 1669 2919 1800 2989; x_wconf 89' lang='lat' dir='ltr'><strong>jura</strong></span> <span class='ocrx_word' id='word_1_367' title='bbox 1826 2916 2399 2990; x_wconf 89' lang='lat' dir='ltr'><strong>metropolitanorum</strong></span> <span class='ocrx_word' id='word_1_368' title='bbox 2432 2918 2906 2991; x_wconf 86' lang='lat' dir='ltr'><strong>synodorumque</strong></span> <span class='ocrx_word' id='word_1_369' title='bbox 2928 2920 3164 2975; x_wconf 89' lang='lat' dir='ltr'><strong>roboris.</strong></span> 
     </span>
    </p>
   </div>
   <div class='ocr_carea' id='block_1_28' title="bbox 286 3036 3590 3110">
    <p class='ocr_par' dir='ltr' id='par_1_28' title="bbox 286 3036 3590 3110">
     <span class='ocr_line' id='line_1_28' title="bbox 286 3036 3590 3110; baseline 0 -19"><span class='ocrx_word' id='word_1_370' title='bbox 286 3037 500 3092; x_wconf 83' lang='lat' dir='ltr'><strong>Exinde</strong></span> <span class='ocrx_word' id='word_1_371' title='bbox 541 3038 856 3108; x_wconf 89' lang='lat' dir='ltr'><strong>repetenda</strong></span> <span class='ocrx_word' id='word_1_372' title='bbox 903 3043 987 3094; x_wconf 90' lang='lat' dir='ltr'><strong>est</strong></span> <span class='ocrx_word' id='word_1_373' title='bbox 1032 3056 1258 3108; x_wconf 89' lang='lat' dir='ltr'><strong>norma,</strong></span> <span class='ocrx_word' id='word_1_374' title='bbox 1310 3039 1382 3094; x_wconf 91' lang='lat' dir='ltr'><strong>ad</strong></span> <span class='ocrx_word' id='word_1_375' title='bbox 1417 3054 1592 3110; x_wconf 89' lang='lat' dir='ltr'><strong>quam</strong></span> <span class='ocrx_word' id='word_1_376' title='bbox 1620 3037 1902 3109; x_wconf 87' lang='lat' dir='ltr'><strong>exigenda</strong></span> <span class='ocrx_word' id='word_1_377' title='bbox 1945 3042 2029 3093; x_wconf 88' lang='lat' dir='ltr'><strong>est</strong></span> <span class='ocrx_word' id='word_1_378' title='bbox 2068 3037 2461 3107; x_wconf 85' lang='lat' dir='ltr'><strong>interpretatio</strong></span> <span class='ocrx_word' id='word_1_379' title='bbox 2508 3036 2659 3092; x_wconf 91' lang='lat' dir='ltr'><strong>illius</strong></span> <span class='ocrx_word' id='word_1_380' title='bbox 2700 3038 2976 3109; x_wconf 83' lang='lat' dir='ltr'><strong>epistolae,</strong></span> <span class='ocrx_word' id='word_1_381' title='bbox 3006 3038 3064 3092; x_wconf 93' lang='lat' dir='ltr'><strong>in</strong></span> <span class='ocrx_word' id='word_1_382' title='bbox 3095 3055 3206 3109; x_wconf 91' lang='lat' dir='ltr'><strong>qua</strong></span> <span class='ocrx_word' id='word_1_383' title='bbox 3233 3037 3590 3093; x_wconf 70' lang='lat' dir='ltr'><strong>Nicolaus‘de</strong></span> 
     </span>
    </p>
   </div>
   <div class='ocr_carea' id='block_1_29' title="bbox 214 3126 3588 3200">
    <p class='ocr_par' dir='ltr' id='par_1_29' title="bbox 214 3126 3588 3200">
     <span class='ocr_line' id='line_1_29' title="bbox 214 3126 3588 3200; baseline -0 -18"><span class='ocrx_word' id='word_1_384' title='bbox 214 3126 756 3182; x_wconf 87' lang='lat' dir='ltr'><strong>Pseudoisidorianis</strong></span> <span class='ocrx_word' id='word_1_385' title='bbox 786 3127 1165 3183; x_wconf 82' lang='lat' dir='ltr'><strong>decretalibus</strong></span> <span class='ocrx_word' id='word_1_386' title='bbox 1189 3128 1458 3200; x_wconf 88' lang='lat' dir='ltr'><strong>loquitur.</strong></span> <span class='ocrx_word' id='word_1_387' title='bbox 1487 3131 1628 3184; x_wconf 91' lang='lat' dir='ltr'><strong>Cum</strong></span> <span class='ocrx_word' id='word_1_388' title='bbox 1658 3129 1837 3181; x_wconf 89' lang='lat' dir='ltr'><strong>status</strong></span> <span class='ocrx_word' id='word_1_389' title='bbox 1865 3126 2262 3182; x_wconf 81' lang='lat' dir='ltr'><strong>controversiae</strong></span> <span class='ocrx_word' id='word_1_390' title='bbox 2299 3127 2448 3182; x_wconf 91' lang='lat' dir='ltr'><strong>inter</strong></span> <span class='ocrx_word' id='word_1_391' title='bbox 2477 3127 2812 3199; x_wconf 88' lang='lat' dir='ltr'><strong>pontificem</strong></span> <span class='ocrx_word' id='word_1_392' title='bbox 2856 3129 3338 3199; x_wconf 85' lang='lat' dir='ltr'><strong>Hincmarumque</strong></span> <span class='ocrx_word' id='word_1_393' title='bbox 3367 3143 3588 3198; x_wconf 88' lang='lat' dir='ltr'><strong>nequa-</strong></span> 
     </span>
    </p>
   </div>
   <div class='ocr_carea' id='block_1_30' title="bbox 214 3216 3036 3290">
    <p class='ocr_par' dir='ltr' id='par_1_30' title="bbox 214 3216 3036 3290">
     <span class='ocr_line' id='line_1_30' title="bbox 214 3216 3036 3290; baseline 0 -19"><span class='ocrx_word' id='word_1_394' title='bbox 214 3234 388 3289; x_wconf 85' lang='lat' dir='ltr'><strong>quam</strong></span> <span class='ocrx_word' id='word_1_395' title='bbox 423 3216 570 3272; x_wconf 88' lang='lat' dir='ltr'><strong>circa</strong></span> <span class='ocrx_word' id='word_1_396' title='bbox 596 3217 954 3272; x_wconf 80' lang='lat' dir='ltr'><strong>authentiam</strong></span> <span class='ocrx_word' id='word_1_397' title='bbox 986 3221 1330 3288; x_wconf 87' lang='lat' dir='ltr'><strong>versaretur,</strong></span> <span class='ocrx_word' id='word_1_398' title='bbox 1360 3235 1546 3290; x_wconf 92' lang='lat' dir='ltr'><strong>neque</strong></span> <span class='ocrx_word' id='word_1_399' title='bbox 1571 3217 1926 3272; x_wconf 88' lang='lat' dir='ltr'><strong>authentiam</strong></span> <span class='ocrx_word' id='word_1_400' title='bbox 1954 3217 2277 3273; x_wconf 87' lang='lat' dir='ltr'><strong>defendisse</strong></span> <span class='ocrx_word' id='word_1_401' title='bbox 2305 3217 2622 3273; x_wconf 90' lang='lat' dir='ltr'><strong>censendus</strong></span> <span class='ocrx_word' id='word_1_402' title='bbox 2653 3222 2737 3272; x_wconf 92' lang='lat' dir='ltr'><strong>est</strong></span> <span class='ocrx_word' id='word_1_403' title='bbox 2760 3218 3036 3274; x_wconf 90' lang='lat' dir='ltr'><strong>Nicolaus.</strong></span> 
     </span>
    </p>
   </div>
   <div class='ocr_carea' id='block_1_31' title="bbox 286 3333 3592 3408">
    <p class='ocr_par' dir='ltr' id='par_1_31' title="bbox 286 3333 3592 3408">
     <span class='ocr_line' id='line_1_31' title="bbox 286 3333 3592 3408; baseline 0.001 -20"><span class='ocrx_word' id='word_1_404' title='bbox 286 3337 453 3389; x_wconf 83' lang='lat' dir='ltr'><strong>Anno</strong></span> <span class='ocrx_word' id='word_1_405' title='bbox 484 3333 720 3389; x_wconf 88' lang='lat' dir='ltr'><strong>demum</strong></span> <span class='ocrx_word' id='word_1_406' title='bbox 749 3336 850 3390; x_wconf 79' lang='lat'><strong>872</strong></span> <span class='ocrx_word' id='word_1_407' title='bbox 877 3335 1213 3390; x_wconf 88' lang='lat' dir='ltr'><strong>Hincmarus</strong></span> <span class='ocrx_word' id='word_1_408' title='bbox 1243 3336 1544 3407; x_wconf 87' lang='lat' dir='ltr'><strong>epistolam</strong></span> <span class='ocrx_word' id='word_1_409' title='bbox 1571 3334 1805 3390; x_wconf 88' lang='lat' dir='ltr'><strong>nomine</strong></span> <span class='ocrx_word' id='word_1_410' title='bbox 1830 3334 2013 3391; x_wconf 85' lang='lat' dir='ltr'><strong>Caroli</strong></span> <span class='ocrx_word' id='word_1_411' title='bbox 2039 3336 2190 3390; x_wconf 88' lang='lat' dir='ltr'><strong>Calvi</strong></span> <span class='ocrx_word' id='word_1_412' title='bbox 2221 3335 2293 3390; x_wconf 92' lang='lat' dir='ltr'><strong>ad</strong></span> <span class='ocrx_word' id='word_1_413' title='bbox 2319 3335 2666 3390; x_wconf 87' lang='lat' dir='ltr'><strong>Hadrianum</strong></span> <span class='ocrx_word' id='word_1_414' title='bbox 2690 3338 2732 3391; x_wconf 89' lang='lat' dir='ltr'><strong>II</strong></span> <span class='ocrx_word' id='word_1_415' title='bbox 2752 3336 3023 3406; x_wconf 89' lang='lat' dir='ltr'><strong>scribens,</strong></span> <span class='ocrx_word' id='word_1_416' title='bbox 3045 3337 3276 3408; x_wconf 88' lang='lat' dir='ltr'><strong>plenam</strong></span> <span class='ocrx_word' id='word_1_417' title='bbox 3298 3336 3592 3391; x_wconf 88' lang='lat' dir='ltr'><strong>invectivis</strong></span> 
     </span>
    </p>
   </div>
   <div class='ocr_carea' id='block_1_32' title="bbox 219 3423 3588 3496">
    <p class='ocr_par' dir='ltr' id='par_1_32' title="bbox 219 3423 3588 3496">
     <span class='ocr_line' id='line_1_32' title="bbox 219 3423 3588 3496; baseline 0.001 -20"><span class='ocrx_word' id='word_1_418' title='bbox 219 3433 272 3478; x_wconf 86' lang='lat' dir='ltr'><strong>et</strong></span> <span class='ocrx_word' id='word_1_419' title='bbox 302 3423 617 3493; x_wconf 83' lang='lat' dir='ltr'><strong>iracundia,</strong></span> <span class='ocrx_word' id='word_1_420' title='bbox 643 3425 999 3480; x_wconf 90' lang='lat' dir='ltr'><strong>authentiam</strong></span> <span class='ocrx_word' id='word_1_421' title='bbox 1028 3427 1405 3482; x_wconf 83' lang='lat' dir='ltr'><strong>Decretalium</strong></span> <span class='ocrx_word' id='word_1_422' title='bbox 1433 3425 1681 3496; x_wconf 87' lang='lat' dir='ltr'><strong>impetit.</strong></span> <span class='ocrx_word' id='word_1_423' title='bbox 1712 3425 1904 3480; x_wconf 89' lang='lat' dir='ltr'><strong>Sacras</strong></span> <span class='ocrx_word' id='word_1_424' title='bbox 1936 3424 2278 3496; x_wconf 88' lang='lat' dir='ltr'><strong>Scripturas,</strong></span> <span class='ocrx_word' id='word_1_425' title='bbox 2308 3427 2538 3479; x_wconf 89' lang='lat' dir='ltr'><strong>Patrum</strong></span> <span class='ocrx_word' id='word_1_426' title='bbox 2565 3425 2952 3493; x_wconf 89' lang='lat' dir='ltr'><strong>traditionem,</strong></span> <span class='ocrx_word' id='word_1_427' title='bbox 2981 3424 3357 3480; x_wconf 90' lang='lat' dir='ltr'><strong>conciliorum</strong></span> <span class='ocrx_word' id='word_1_428' title='bbox 3386 3424 3588 3480; x_wconf 82' lang='lat' dir='ltr'><strong>deﬁni-</strong></span> 
     </span>
    </p>
   </div>
   <div class='ocr_carea' id='block_1_33' title="bbox 220 3514 3590 3588">
    <p class='ocr_par' dir='ltr' id='par_1_33' title="bbox 220 3514 3590 3588">
     <span class='ocr_line' id='line_1_33' title="bbox 220 3514 3590 3588; baseline 0 -20"><span class='ocrx_word' id='word_1_429' title='bbox 220 3517 403 3571; x_wconf 90' lang='lat' dir='ltr'><strong>tiones</strong></span> <span class='ocrx_word' id='word_1_430' title='bbox 421 3517 741 3587; x_wconf 89' lang='lat' dir='ltr'><strong>sequendas</strong></span> <span class='ocrx_word' id='word_1_431' title='bbox 763 3538 790 3566; x_wconf 77' lang='grc' dir='ltr'><strong>(ι</strong></span> <span class='ocrx_word' id='word_1_432' title='bbox 812 3517 966 3588; x_wconf 91' lang='lat' dir='ltr'><strong>quod</strong></span> <span class='ocrx_word' id='word_1_433' title='bbox 987 3533 1165 3584; x_wconf 91' lang='lat' dir='ltr'><strong>secus,</strong></span> <span class='ocrx_word' id='word_1_434' title='bbox 1191 3517 1270 3572; x_wconf 90' lang='lat' dir='ltr'><strong>ait</strong></span> <span class='ocrx_word' id='word_1_435' title='bbox 1287 3516 1415 3586; x_wconf 82' lang='lat'><strong>(53),</strong></span> <span class='ocrx_word' id='word_1_436' title='bbox 1437 3533 1470 3570; x_wconf 90' lang='lat' dir='ltr'><strong>a</strong></span> <span class='ocrx_word' id='word_1_437' title='bbox 1486 3515 1737 3586; x_wconf 91' lang='lat' dir='ltr'><strong>quodam</strong></span> <span class='ocrx_word' id='word_1_438' title='bbox 1760 3514 1933 3569; x_wconf 88' lang='lat' dir='ltr'><strong>fuerit</strong></span> <span class='ocrx_word' id='word_1_439' title='bbox 1954 3515 2325 3585; x_wconf 89' lang='lat' dir='ltr'><strong>compilatum</strong></span> <span class='ocrx_word' id='word_1_440' title='bbox 2345 3515 2459 3570; x_wconf 90' lang='lat' dir='ltr'><strong>sive</strong></span> <span class='ocrx_word' id='word_1_441' title='bbox 2481 3515 2808 3585; x_wconf 85' lang='lat' dir='ltr'><strong>conﬁctum,</strong></span> <span class='ocrx_word' id='word_1_442' title='bbox 2830 3533 2948 3570; x_wconf 92' lang='lat' dir='ltr'><strong>non</strong></span> <span class='ocrx_word' id='word_1_443' title='bbox 2971 3515 3158 3570; x_wconf 91' lang='lat' dir='ltr'><strong>solum</strong></span> <span class='ocrx_word' id='word_1_444' title='bbox 3178 3515 3590 3586; x_wconf 91' lang='lat' dir='ltr'><strong>respuendum,</strong></span> 
     </span>
    </p>
   </div>
   <div class='ocr_carea' id='block_1_34' title="bbox 217 3603 3594 3678">
    <p class='ocr_par' dir='ltr' id='par_1_34' title="bbox 217 3603 3594 3678">
     <span class='ocr_line' id='line_1_34' title="bbox 217 3603 3594 3678; baseline 0 -20"><span class='ocrx_word' id='word_1_445' title='bbox 217 3606 314 3660; x_wconf 86' lang='lat' dir='ltr'><strong>sed</strong></span> <span class='ocrx_word' id='word_1_446' title='bbox 342 3612 399 3661; x_wconf 86' lang='lat' dir='ltr'><strong>et</strong></span> <span class='ocrx_word' id='word_1_447' title='bbox 426 3606 898 3677; x_wconf 87' lang='lat' dir='ltr'><strong>redarguendum</strong></span> <span class='ocrx_word' id='word_1_448' title='bbox 937 3623 1057 3662; x_wconf 91' lang='lat' dir='ltr'><strong>esse</strong></span> <span class='ocrx_word' id='word_1_449' title='bbox 1095 3607 1504 3678; x_wconf 89' lang='lat' dir='ltr'><strong>cognoscimus.</strong></span> <span class='ocrx_word' id='word_1_450' title='bbox 1536 3627 1562 3653; x_wconf 84' lang='lat'>»</span> <span class='ocrx_word' id='word_1_451' title='bbox 1598 3606 1803 3658; x_wconf 88' lang='lat' dir='ltr'><strong>Verum</strong></span> <span class='ocrx_word' id='word_1_452' title='bbox 1835 3604 1958 3658; x_wconf 80' lang='lat' dir='ltr'><strong>haec</strong></span> <span class='ocrx_word' id='word_1_453' title='bbox 1990 3607 2206 3675; x_wconf 87' lang='lat' dir='ltr'><strong>septem</strong></span> <span class='ocrx_word' id='word_1_454' title='bbox 2235 3604 2476 3675; x_wconf 88' lang='lat' dir='ltr'><strong>integris</strong></span> <span class='ocrx_word' id='word_1_455' title='bbox 2506 3609 2634 3674; x_wconf 91' lang='lat' dir='ltr'><strong>post</strong></span> <span class='ocrx_word' id='word_1_456' title='bbox 2664 3604 2872 3660; x_wconf 90' lang='lat' dir='ltr'><strong>Nicolai</strong></span> <span class='ocrx_word' id='word_1_457' title='bbox 2904 3605 3202 3675; x_wconf 89' lang='lat' dir='ltr'><strong>epistolam</strong></span> <span class='ocrx_word' id='word_1_458' title='bbox 3239 3604 3400 3658; x_wconf 89' lang='lat' dir='ltr'><strong>annis</strong></span> <span class='ocrx_word' id='word_1_459' title='bbox 3441 3603 3594 3658; x_wconf 88' lang='lat' dir='ltr'><strong>dicta</strong></span> 
     </span>
    </p>
   </div>
   <div class='ocr_carea' id='block_1_35' title="bbox 217 3697 891 3753">
    <p class='ocr_par' dir='ltr' id='par_1_35' title="bbox 217 3697 891 3753">
     <span class='ocr_line' id='line_1_35' title="bbox 217 3697 891 3753; baseline -0.001 -1"><span class='ocrx_word' id='word_1_460' title='bbox 217 3697 388 3752; x_wconf 89' lang='lat' dir='ltr'><strong>fuisse</strong></span> <span class='ocrx_word' id='word_1_461' title='bbox 421 3713 494 3752; x_wconf 90' lang='lat' dir='ltr'><strong>ne</strong></span> <span class='ocrx_word' id='word_1_462' title='bbox 526 3697 891 3753; x_wconf 88' lang='lat' dir='ltr'><strong>obliviscaris.</strong></span> 
     </span>
    </p>
   </div>
   <div class='ocr_carea' id='block_1_36' title="bbox 287 3809 3596 3889">
    <p class='ocr_par' dir='ltr' id='par_1_36' title="bbox 287 3809 3596 3889">
     <span class='ocr_line' id='line_1_36' title="bbox 287 3809 3596 3889; baseline -0.002 -17"><span class='ocrx_word' id='word_1_463' title='bbox 287 3818 446 3882; x_wconf 84' lang='lat' dir='ltr'><strong>Quod</strong></span> <span class='ocrx_word' id='word_1_464' title='bbox 490 3817 563 3872; x_wconf 90' lang='lat' dir='ltr'><strong>ad</strong></span> <span class='ocrx_word' id='word_1_465' title='bbox 606 3817 968 3889; x_wconf 89' lang='lat' dir='ltr'><strong>insequentes</strong></span> <span class='ocrx_word' id='word_1_466' title='bbox 998 3815 1296 3871; x_wconf 85' lang='lat' dir='ltr'><strong>Pontiﬁces</strong></span> <span class='ocrx_word' id='word_1_467' title='bbox 1337 3814 1558 3880; x_wconf 89' lang='lat' dir='ltr'><strong>attinet,</strong></span> <span class='ocrx_word' id='word_1_468' title='bbox 1592 3828 1721 3866; x_wconf 90' lang='lat' dir='ltr'><strong>vere</strong></span> <span class='ocrx_word' id='word_1_469' title='bbox 1763 3809 1991 3864; x_wconf 91' lang='lat' dir='ltr'><strong>dicendi</strong></span> <span class='ocrx_word' id='word_1_470' title='bbox 2031 3814 2165 3864; x_wconf 89' lang='lat' dir='ltr'><strong>sunt</strong></span> <span class='ocrx_word' id='word_1_471' title='bbox 2202 3811 2517 3865; x_wconf 88' lang='lat' dir='ltr'><strong>Decretales</strong></span> <span class='ocrx_word' id='word_1_472' title='bbox 2559 3809 2756 3865; x_wconf 90' lang='lat' dir='ltr'><strong>Isidori</strong></span> <span class='ocrx_word' id='word_1_473' title='bbox 2802 3809 3144 3881; x_wconf 87' lang='lat' dir='ltr'><strong>neglexisse,</strong></span> <span class='ocrx_word' id='word_1_474' title='bbox 3182 3825 3372 3882; x_wconf 87' lang='lat' dir='ltr'><strong>neque</strong></span> <span class='ocrx_word' id='word_1_475' title='bbox 3399 3813 3596 3866; x_wconf 64' lang='lat' dir='ltr'><strong>Romae</strong></span> 
     </span>
    </p>
   </div>
   <div class='ocr_carea' id='block_1_37' title="bbox 224 3899 3598 3978">
    <p class='ocr_par' dir='ltr' id='par_1_37' title="bbox 224 3899 3598 3978">
     <span class='ocr_line' id='line_1_37' title="bbox 224 3899 3598 3978; baseline -0.002 -15"><span class='ocrx_word' id='word_1_476' title='bbox 224 3908 619 3963; x_wconf 89' lang='lat' dir='ltr'><strong>collectionem</strong></span> <span class='ocrx_word' id='word_1_477' title='bbox 657 3907 947 3978; x_wconf 88' lang='lat' dir='ltr'><strong>integram</strong></span> <span class='ocrx_word' id='word_1_478' title='bbox 990 3910 1185 3961; x_wconf 88' lang='lat' dir='ltr'><strong>notam</strong></span> <span class='ocrx_word' id='word_1_479' title='bbox 1227 3904 1396 3959; x_wconf 88' lang='lat' dir='ltr'><strong>fuisse</strong></span> <span class='ocrx_word' id='word_1_480' title='bbox 1433 3906 1605 3974; x_wconf 87' lang='lat' dir='ltr'><strong>atque</strong></span> <span class='ocrx_word' id='word_1_481' title='bbox 1645 3901 1945 3955; x_wconf 89' lang='lat' dir='ltr'><strong>invaluisse</strong></span> <span class='ocrx_word' id='word_1_482' title='bbox 1975 3899 2084 3954; x_wconf 88' lang='lat' dir='ltr'><strong>nisi</strong></span> <span class='ocrx_word' id='word_1_483' title='bbox 2123 3899 2330 3955; x_wconf 64' lang='lat' dir='ltr'><strong>saeculo</strong></span> <span class='ocrx_word' id='word_1_484' title='bbox 2358 3916 2415 3956; x_wconf 84' lang='lat' dir='ltr'><strong>x1</strong></span> <span class='ocrx_word' id='word_1_485' title='bbox 2446 3899 2759 3969; x_wconf 90' lang='lat' dir='ltr'><strong>mediante,</strong></span> <span class='ocrx_word' id='word_1_486' title='bbox 2791 3904 3093 3972; x_wconf 88' lang='lat' dir='ltr'><strong>postquam</strong></span> <span class='ocrx_word' id='word_1_487' title='bbox 3118 3901 3292 3971; x_wconf 91' lang='lat' dir='ltr'><strong>longo</strong></span> <span class='ocrx_word' id='word_1_488' title='bbox 3318 3901 3598 3972; x_wconf 89' lang='lat' dir='ltr'><strong>temporis</strong></span> 
     </span>
    </p>
   </div>
   <div class='ocr_carea' id='block_1_38' title="bbox 227 3990 3595 4062">
    <p class='ocr_par' dir='ltr' id='par_1_38' title="bbox 227 3990 3595 4062">
     <span class='ocr_line' id='line_1_38' title="bbox 227 3990 3595 4062; baseline -0.001 -11"><span class='ocrx_word' id='word_1_489' title='bbox 227 4002 400 4054; x_wconf 84' lang='lat' dir='ltr'><strong>tractu</strong></span> <span class='ocrx_word' id='word_1_490' title='bbox 428 4015 602 4053; x_wconf 89' lang='lat' dir='ltr'><strong>omne</strong></span> <span class='ocrx_word' id='word_1_491' title='bbox 635 3997 873 4052; x_wconf 91' lang='lat' dir='ltr'><strong>dubium</strong></span> <span class='ocrx_word' id='word_1_492' title='bbox 903 3996 1280 4052; x_wconf 90' lang='lat' dir='ltr'><strong>obmutuisset</strong></span> <span class='ocrx_word' id='word_1_493' title='bbox 1303 3997 1361 4049; x_wconf 89' lang='lat' dir='ltr'><strong>et</strong></span> <span class='ocrx_word' id='word_1_494' title='bbox 1389 3992 1678 4048; x_wconf 90' lang='lat' dir='ltr'><strong>communi</strong></span> <span class='ocrx_word' id='word_1_495' title='bbox 1713 3990 1973 4045; x_wconf 91' lang='lat' dir='ltr'><strong>omnium</strong></span> <span class='ocrx_word' id='word_1_496' title='bbox 2001 4006 2107 4044; x_wconf 92' lang='lat' dir='ltr'><strong>usu</strong></span> <span class='ocrx_word' id='word_1_497' title='bbox 2133 3990 2418 4058; x_wconf 72' lang='lat' dir='ltr'><strong>admissae,</strong></span> <span class='ocrx_word' id='word_1_498' title='bbox 2451 3994 2618 4062; x_wconf 85' lang='lat' dir='ltr'><strong>atque</strong></span> <span class='ocrx_word' id='word_1_499' title='bbox 2650 3990 2794 4045; x_wconf 91' lang='lat' dir='ltr'><strong>adeo</strong></span> <span class='ocrx_word' id='word_1_500' title='bbox 2822 3990 2880 4044; x_wconf 92' lang='lat' dir='ltr'><strong>in</strong></span> <span class='ocrx_word' id='word_1_501' title='bbox 2911 3991 3280 4046; x_wconf 89' lang='lat' dir='ltr'><strong>collectiones</strong></span> <span class='ocrx_word' id='word_1_502' title='bbox 3309 4009 3595 4047; x_wconf 91' lang='lat' dir='ltr'><strong>canonum</strong></span> 
     </span>
    </p>
   </div>
   <div class='ocr_carea' id='block_1_39' title="bbox 224 4077 3595 4161">
    <p class='ocr_par' dir='ltr' id='par_1_39' title="bbox 224 4077 3595 4161">
     <span class='ocr_line' id='line_1_39' title="bbox 224 4077 3595 4161; baseline -0.003 -16"><span class='ocrx_word' id='word_1_503' title='bbox 224 4090 554 4161; x_wconf 77' lang='lat' dir='ltr'><strong>Heginonis,</strong></span> <span class='ocrx_word' id='word_1_504' title='bbox 582 4087 928 4144; x_wconf 89' lang='lat' dir='ltr'><strong>Prumiensis</strong></span> <span class='ocrx_word' id='word_1_505' title='bbox 957 4092 1014 4142; x_wconf 91' lang='lat' dir='ltr'><strong>et</strong></span> <span class='ocrx_word' id='word_1_506' title='bbox 1041 4084 1351 4140; x_wconf 86' lang='lat' dir='ltr'><strong>Burchardi</strong></span> <span class='ocrx_word' id='word_1_507' title='bbox 1380 4081 1806 4137; x_wconf 83' lang='lat' dir='ltr'><strong>Wormatiensis</strong></span> <span class='ocrx_word' id='word_1_508' title='bbox 1833 4083 2080 4151; x_wconf 64' lang='lat' dir='ltr'><strong>receptae</strong></span> <span class='ocrx_word' id='word_1_509' title='bbox 2104 4077 2516 4150; x_wconf 78' lang='lat' dir='ltr'><strong>fuissent(53‘).</strong></span> <span class='ocrx_word' id='word_1_510' title='bbox 2536 4079 2792 4134; x_wconf 89' lang='lat' dir='ltr'><strong>Nicolaus</strong></span> <span class='ocrx_word' id='word_1_511' title='bbox 2817 4081 2837 4133; x_wconf 89' lang='grc' dir='ltr'>Ι</span> <span class='ocrx_word' id='word_1_512' title='bbox 2867 4078 3020 4150; x_wconf 81' lang='lat' dir='ltr'><strong>(53b),</strong></span> <span class='ocrx_word' id='word_1_513' title='bbox 3042 4081 3290 4135; x_wconf 82' lang='lat' dir='ltr'><strong>Joannes</strong></span> <span class='ocrx_word' id='word_1_514' title='bbox 3311 4082 3423 4135; x_wconf 86' lang='lat' dir='ltr'><strong>VIII</strong></span> <span class='ocrx_word' id='word_1_515' title='bbox 3443 4081 3595 4150; x_wconf 87' lang='lat' dir='ltr'><strong>(53c),</strong></span> 
     </span>
    </p>
   </div>
   <div class='ocr_carea' id='block_1_40' title="bbox 225 4169 3601 4248">
    <p class='ocr_par' dir='ltr' id='par_1_40' title="bbox 225 4169 3601 4248">
     <span class='ocr_line' id='line_1_40' title="bbox 225 4169 3601 4248; baseline -0.002 -15"><span class='ocrx_word' id='word_1_516' title='bbox 225 4181 338 4234; x_wconf 90' lang='lat' dir='ltr'><strong>imo</strong></span> <span class='ocrx_word' id='word_1_517' title='bbox 357 4183 410 4236; x_wconf 90' lang='lat' dir='ltr'><strong>S.</strong></span> <span class='ocrx_word' id='word_1_518' title='bbox 431 4178 739 4248; x_wconf 87' lang='lat' dir='ltr'><strong>Gregorius</strong></span> <span class='ocrx_word' id='word_1_519' title='bbox 758 4178 848 4231; x_wconf 88' lang='lat' dir='ltr'><strong>VII</strong></span> <span class='ocrx_word' id='word_1_520' title='bbox 874 4177 1026 4247; x_wconf 73' lang='lat' dir='ltr'><strong>(53d),</strong></span> <span class='ocrx_word' id='word_1_521' title='bbox 1052 4174 1434 4230; x_wconf 89' lang='lat' dir='ltr'><strong>restituendos</strong></span> <span class='ocrx_word' id='word_1_522' title='bbox 1455 4172 1688 4227; x_wconf 89' lang='lat' dir='ltr'><strong>clericos</strong></span> <span class='ocrx_word' id='word_1_523' title='bbox 1706 4170 2043 4226; x_wconf 89' lang='lat' dir='ltr'><strong>fornicarios</strong></span> <span class='ocrx_word' id='word_1_524' title='bbox 2063 4173 2120 4225; x_wconf 93' lang='lat' dir='ltr'><strong>et</strong></span> <span class='ocrx_word' id='word_1_525' title='bbox 2141 4169 2460 4225; x_wconf 88' lang='lat' dir='ltr'><strong>homicidas</strong></span> <span class='ocrx_word' id='word_1_526' title='bbox 2491 4174 2705 4240; x_wconf 90' lang='lat' dir='ltr'><strong>negant</strong></span> <span class='ocrx_word' id='word_1_527' title='bbox 2729 4172 2928 4224; x_wconf 89' lang='lat' dir='ltr'><strong>contra</strong></span> <span class='ocrx_word' id='word_1_528' title='bbox 2947 4185 3033 4236; x_wconf 90' lang='lat' dir='ltr'><strong>ea,</strong></span> <span class='ocrx_word' id='word_1_529' title='bbox 3057 4186 3186 4240; x_wconf 78' lang='lat' dir='ltr'><strong>quae</strong></span> <span class='ocrx_word' id='word_1_530' title='bbox 3207 4170 3601 4226; x_wconf 90' lang='lat' dir='ltr'><strong>Pseudoisido-</strong></span> 
     </span>
    </p>
   </div>
   <div class='ocr_carea' id='block_1_41' title="bbox 226 4259 3602 4340">
    <p class='ocr_par' dir='ltr' id='par_1_41' title="bbox 226 4259 3602 4340">
     <span class='ocr_line' id='line_1_41' title="bbox 226 4259 3602 4340; baseline -0.003 -16"><span class='ocrx_word' id='word_1_531' title='bbox 226 4286 319 4324; x_wconf 90' lang='lat' dir='ltr'><strong>rus</strong></span> <span class='ocrx_word' id='word_1_532' title='bbox 345 4271 404 4324; x_wconf 91' lang='lat' dir='ltr'><strong>in</strong></span> <span class='ocrx_word' id='word_1_533' title='bbox 430 4268 672 4340; x_wconf 88' lang='lat' dir='ltr'><strong>epistola</strong></span> <span class='ocrx_word' id='word_1_534' title='bbox 696 4267 910 4323; x_wconf 89' lang='lat' dir='ltr'><strong>Callisti</strong></span> <span class='ocrx_word' id='word_1_535' title='bbox 937 4265 1190 4321; x_wconf 90' lang='lat' dir='ltr'><strong>secunda</strong></span> <span class='ocrx_word' id='word_1_536' title='bbox 1221 4269 1278 4319; x_wconf 91' lang='lat' dir='ltr'><strong>et</strong></span> <span class='ocrx_word' id='word_1_537' title='bbox 1304 4263 1696 4318; x_wconf 89' lang='lat' dir='ltr'><strong>additamento</strong></span> <span class='ocrx_word' id='word_1_538' title='bbox 1725 4262 1796 4316; x_wconf 91' lang='lat' dir='ltr'><strong>ad</strong></span> <span class='ocrx_word' id='word_1_539' title='bbox 1825 4261 2123 4332; x_wconf 89' lang='lat' dir='ltr'><strong>epistolam</strong></span> <span class='ocrx_word' id='word_1_540' title='bbox 2143 4259 2403 4331; x_wconf 90' lang='lat' dir='ltr'><strong>Gregorii</strong></span> <span class='ocrx_word' id='word_1_541' title='bbox 2422 4259 2612 4330; x_wconf 81' lang='lat' dir='ltr'><strong>Magni</strong></span> <span class='ocrx_word' id='word_1_542' title='bbox 2641 4259 2715 4314; x_wconf 92' lang='lat' dir='ltr'><strong>ad</strong></span> <span class='ocrx_word' id='word_1_543' title='bbox 2740 4259 3126 4316; x_wconf 89' lang='lat' dir='ltr'><strong>Secundinum</strong></span> <span class='ocrx_word' id='word_1_544' title='bbox 3148 4259 3331 4316; x_wconf 91' lang='lat' dir='ltr'><strong>docet.</strong></span> <span class='ocrx_word' id='word_1_545' title='bbox 3351 4261 3602 4315; x_wconf 82' lang='lat' dir='ltr'><strong>Joannes</strong></span> 
     </span>
    </p>
   </div>
   <div class='ocr_carea' id='block_1_42' title="bbox 231 4349 3602 4427">
    <p class='ocr_par' dir='ltr' id='par_1_42' title="bbox 231 4349 3602 4427">
     <span class='ocr_line' id='line_1_42' title="bbox 231 4349 3602 4427; baseline -0.002 -15"><span class='ocrx_word' id='word_1_546' title='bbox 231 4360 494 4414; x_wconf 88' lang='lat' dir='ltr'><strong>diaconus</strong></span> <span class='ocrx_word' id='word_1_547' title='bbox 524 4361 836 4424; x_wconf 82' lang='lat' dir='ltr'><strong>Romanus,</strong></span> <span class='ocrx_word' id='word_1_548' title='bbox 868 4357 966 4427; x_wconf 91' lang='lat' dir='ltr'><strong>qui</strong></span> <span class='ocrx_word' id='word_1_549' title='bbox 995 4355 1171 4409; x_wconf 91' lang='lat' dir='ltr'><strong>vitam</strong></span> <span class='ocrx_word' id='word_1_550' title='bbox 1200 4355 1253 4410; x_wconf 93' lang='lat' dir='ltr'><strong>S.</strong></span> <span class='ocrx_word' id='word_1_551' title='bbox 1284 4353 1544 4424; x_wconf 88' lang='lat' dir='ltr'><strong>Gregorii</strong></span> <span class='ocrx_word' id='word_1_552' title='bbox 1571 4351 1795 4422; x_wconf 90' lang='lat' dir='ltr'><strong>scripsit</strong></span> <span class='ocrx_word' id='word_1_553' title='bbox 1825 4356 1882 4406; x_wconf 89' lang='lat' dir='ltr'><strong>et</strong></span> <span class='ocrx_word' id='word_1_554' title='bbox 1904 4351 2105 4405; x_wconf 88' lang='lat' dir='ltr'><strong>Joanni</strong></span> <span class='ocrx_word' id='word_1_555' title='bbox 2133 4351 2245 4405; x_wconf 86' lang='lat' dir='ltr'><strong>VIII</strong></span> <span class='ocrx_word' id='word_1_556' title='bbox 2275 4349 2495 4416; x_wconf 90' lang='lat' dir='ltr'><strong>dicavit,</strong></span> <span class='ocrx_word' id='word_1_557' title='bbox 2523 4365 2652 4404; x_wconf 87' lang='lat' dir='ltr'><strong>cum</strong></span> <span class='ocrx_word' id='word_1_558' title='bbox 2681 4349 2750 4403; x_wconf 91' lang='lat' dir='ltr'><strong>de</strong></span> <span class='ocrx_word' id='word_1_559' title='bbox 2782 4350 3244 4405; x_wconf 89' lang='lat' dir='ltr'><strong>accusationibus</strong></span> <span class='ocrx_word' id='word_1_560' title='bbox 3284 4355 3340 4406; x_wconf 90' lang='lat' dir='ltr'><strong>et</strong></span> <span class='ocrx_word' id='word_1_561' title='bbox 3371 4351 3602 4421; x_wconf 90' lang='lat' dir='ltr'><strong>judiciis</strong></span> 
     </span>
    </p>
   </div>
   <div class='ocr_carea' id='block_1_43' title="bbox 229 4438 3603 4520">
    <p class='ocr_par' dir='ltr' id='par_1_43' title="bbox 229 4438 3603 4520">
     <span class='ocr_line' id='line_1_43' title="bbox 229 4438 3603 4520; baseline -0.002 -18"><span class='ocrx_word' id='word_1_562' title='bbox 229 4467 290 4503; x_wconf 80' lang='lat' dir='ltr'><strong>ex</strong></span> <span class='ocrx_word' id='word_1_563' title='bbox 317 4447 576 4520; x_wconf 86' lang='lat' dir='ltr'><strong>Gregorii</strong></span> <span class='ocrx_word' id='word_1_564' title='bbox 603 4447 859 4502; x_wconf 89' lang='lat' dir='ltr'><strong>moribus</strong></span> <span class='ocrx_word' id='word_1_565' title='bbox 896 4450 952 4501; x_wconf 88' lang='lat' dir='ltr'><strong>et</strong></span> <span class='ocrx_word' id='word_1_566' title='bbox 987 4444 1247 4499; x_wconf 82' lang='lat' dir='ltr'><strong>doctrina</strong></span> <span class='ocrx_word' id='word_1_567' title='bbox 1287 4445 1490 4498; x_wconf 88' lang='lat' dir='ltr'><strong>tractet</strong></span> <span class='ocrx_word' id='word_1_568' title='bbox 1517 4442 1672 4513; x_wconf 80' lang='lat'><strong>(53°),</strong></span> <span class='ocrx_word' id='word_1_569' title='bbox 1703 4441 1845 4496; x_wconf 88' lang='lat' dir='ltr'><strong>nihil</strong></span> <span class='ocrx_word' id='word_1_570' title='bbox 1877 4442 2051 4496; x_wconf 90' lang='lat' dir='ltr'><strong>habet</strong></span> <span class='ocrx_word' id='word_1_571' title='bbox 2075 4442 2143 4496; x_wconf 92' lang='lat' dir='ltr'><strong>de</strong></span> <span class='ocrx_word' id='word_1_572' title='bbox 2174 4441 2242 4494; x_wconf 91' lang='lat' dir='ltr'><strong>iis</strong></span> <span class='ocrx_word' id='word_1_573' title='bbox 2269 4457 2398 4511; x_wconf 69' lang='lat' dir='ltr'><strong>quas</strong></span> <span class='ocrx_word' id='word_1_574' title='bbox 2431 4440 2492 4494; x_wconf 89' lang='lat' dir='ltr'><strong>in</strong></span> <span class='ocrx_word' id='word_1_575' title='bbox 2517 4438 3049 4494; x_wconf 90' lang='lat' dir='ltr'><strong>Pseudoisidoriana</strong></span> <span class='ocrx_word' id='word_1_576' title='bbox 3077 4440 3335 4512; x_wconf 87' lang='lat' dir='ltr'><strong>Gregorii</strong></span> <span class='ocrx_word' id='word_1_577' title='bbox 3362 4441 3603 4512; x_wconf 88' lang='lat' dir='ltr'><strong>epistola</strong></span> 
     </span>
    </p>
   </div>
   <div class='ocr_carea' id='block_1_44' title="bbox 229 4529 3600 4604">
    <p class='ocr_par' dir='ltr' id='par_1_44' title="bbox 229 4529 3600 4604">
     <span class='ocr_line' id='line_1_44' title="bbox 229 4529 3600 4604; baseline -0.002 -12"><span class='ocrx_word' id='word_1_578' title='bbox 229 4539 299 4593; x_wconf 86' lang='lat' dir='ltr'><strong>ad</strong></span> <span class='ocrx_word' id='word_1_579' title='bbox 329 4540 567 4596; x_wconf 87' lang='lat' dir='ltr'><strong>Felicem</strong></span> <span class='ocrx_word' id='word_1_580' title='bbox 597 4540 1010 4593; x_wconf 85' lang='lat' dir='ltr'><strong>Messanensem</strong></span> <span class='ocrx_word' id='word_1_581' title='bbox 1041 4536 1110 4590; x_wconf 93' lang='lat' dir='ltr'><strong>de</strong></span> <span class='ocrx_word' id='word_1_582' title='bbox 1143 4536 1248 4589; x_wconf 93' lang='lat' dir='ltr'><strong>hoc</strong></span> <span class='ocrx_word' id='word_1_583' title='bbox 1272 4538 1606 4604; x_wconf 90' lang='lat' dir='ltr'><strong>argumento</strong></span> <span class='ocrx_word' id='word_1_584' title='bbox 1634 4535 2025 4604; x_wconf 80' lang='lat' dir='ltr'><strong>proferuntur.</strong></span> <span class='ocrx_word' id='word_1_585' title='bbox 2054 4533 2190 4596; x_wconf 84' lang='lat' dir='ltr'><strong>Quae</strong></span> <span class='ocrx_word' id='word_1_586' title='bbox 2217 4546 2349 4586; x_wconf 92' lang='lat' dir='ltr'><strong>vero</strong></span> <span class='ocrx_word' id='word_1_587' title='bbox 2392 4529 2525 4584; x_wconf 91' lang='lat' dir='ltr'><strong>alibi</strong></span> <span class='ocrx_word' id='word_1_588' title='bbox 2553 4529 2675 4598; x_wconf 71' lang='lat' dir='ltr'><strong>(53f)</strong></span> <span class='ocrx_word' id='word_1_589' title='bbox 2707 4529 2893 4584; x_wconf 90' lang='lat' dir='ltr'><strong>adfert</strong></span> <span class='ocrx_word' id='word_1_590' title='bbox 2919 4529 2988 4584; x_wconf 93' lang='lat' dir='ltr'><strong>de</strong></span> <span class='ocrx_word' id='word_1_591' title='bbox 3017 4530 3288 4601; x_wconf 89' lang='lat' dir='ltr'><strong>gradibus</strong></span> <span class='ocrx_word' id='word_1_592' title='bbox 3315 4535 3372 4585; x_wconf 95' lang='lat' dir='ltr'><strong>et</strong></span> <span class='ocrx_word' id='word_1_593' title='bbox 3411 4531 3600 4602; x_wconf 91' lang='lat' dir='ltr'><strong>impe-</strong></span> 
     </span>
    </p>
   </div>
   <div class='ocr_carea' id='block_1_45' title="bbox 234 4618 3603 4700">
    <p class='ocr_par' dir='ltr' id='par_1_45' title="bbox 234 4618 3603 4700">
     <span class='ocr_line' id='line_1_45' title="bbox 234 4618 3603 4700; baseline -0.003 -18"><span class='ocrx_word' id='word_1_594' title='bbox 234 4629 495 4686; x_wconf 86' lang='lat' dir='ltr'><strong>dimentis</strong></span> <span class='ocrx_word' id='word_1_595' title='bbox 525 4629 881 4700; x_wconf 83' lang='lat' dir='ltr'><strong>cognationis</strong></span> <span class='ocrx_word' id='word_1_596' title='bbox 908 4626 989 4681; x_wconf 91' lang='lat' dir='ltr'><strong>illi</strong></span> <span class='ocrx_word' id='word_1_597' title='bbox 1011 4625 1266 4697; x_wconf 66' lang='lat' dir='ltr'><strong>epistolae</strong></span> <span class='ocrx_word' id='word_1_598' title='bbox 1288 4623 1512 4688; x_wconf 89' lang='lat' dir='ltr'><strong>similia,</strong></span> <span class='ocrx_word' id='word_1_599' title='bbox 1533 4639 1650 4678; x_wconf 88' lang='lat' dir='ltr'><strong>non</strong></span> <span class='ocrx_word' id='word_1_600' title='bbox 1675 4639 1744 4676; x_wconf 83' lang='lat' dir='ltr'><strong>ex</strong></span> <span class='ocrx_word' id='word_1_601' title='bbox 1763 4639 1848 4692; x_wconf 88' lang='lat' dir='ltr'><strong>ea,</strong></span> <span class='ocrx_word' id='word_1_602' title='bbox 1869 4622 1966 4677; x_wconf 92' lang='lat' dir='ltr'><strong>sed</strong></span> <span class='ocrx_word' id='word_1_603' title='bbox 1989 4638 2059 4676; x_wconf 88' lang='lat' dir='ltr'><strong>ex</strong></span> <span class='ocrx_word' id='word_1_604' title='bbox 2080 4620 2328 4691; x_wconf 88' lang='lat' dir='ltr'><strong>Egberto</strong></span> <span class='ocrx_word' id='word_1_605' title='bbox 2350 4619 2558 4674; x_wconf 90' lang='lat' dir='ltr'><strong>hausit.</strong></span> <span class='ocrx_word' id='word_1_606' title='bbox 2584 4619 2743 4674; x_wconf 91' lang='lat' dir='ltr'><strong>Solos</strong></span> <span class='ocrx_word' id='word_1_607' title='bbox 2763 4618 3088 4690; x_wconf 90' lang='lat' dir='ltr'><strong>reperimus</strong></span> <span class='ocrx_word' id='word_1_608' title='bbox 3107 4619 3456 4674; x_wconf 84' lang='lat' dir='ltr'><strong>Hadrianum</strong></span> <span class='ocrx_word' id='word_1_609' title='bbox 3478 4621 3522 4672; x_wconf 89' lang='lat' dir='ltr'><strong>Il</strong></span> <span class='ocrx_word' id='word_1_610' title='bbox 3546 4624 3603 4672; x_wconf 92' lang='lat' dir='ltr'><strong>et</strong></span> 
     </span>
    </p>
   </div>
   <div class='ocr_carea' id='block_1_46' title="bbox 234 4708 3600 4790">
    <p class='ocr_par' dir='ltr' id='par_1_46' title="bbox 234 4708 3600 4790">
     <span class='ocr_line' id='line_1_46' title="bbox 234 4708 3600 4790; baseline -0.004 -16"><span class='ocrx_word' id='word_1_611' title='bbox 234 4721 582 4790; x_wconf 79' lang='lat' dir='ltr'><strong>Stephanum</strong></span> <span class='ocrx_word' id='word_1_612' title='bbox 617 4720 654 4770; x_wconf 88' lang='lat' dir='ltr'><strong>V</strong></span> <span class='ocrx_word' id='word_1_613' title='bbox 684 4735 755 4773; x_wconf 93' lang='lat' dir='ltr'><strong>ex</strong></span> <span class='ocrx_word' id='word_1_614' title='bbox 780 4717 1162 4789; x_wconf 78' lang='lat' dir='ltr'><strong>pontiﬁcibus,</strong></span> <span class='ocrx_word' id='word_1_615' title='bbox 1197 4715 1294 4787; x_wconf 90' lang='lat' dir='ltr'><strong>qui</strong></span> <span class='ocrx_word' id='word_1_616' title='bbox 1326 4717 1456 4769; x_wconf 89' lang='lat' dir='ltr'><strong>ante</strong></span> <span class='ocrx_word' id='word_1_617' title='bbox 1489 4713 1690 4768; x_wconf 89' lang='lat' dir='ltr'><strong>Leonis</strong></span> <span class='ocrx_word' id='word_1_618' title='bbox 1715 4716 1778 4769; x_wconf 82' lang='lat' dir='ltr'><strong>IX</strong></span> <span class='ocrx_word' id='word_1_619' title='bbox 1804 4717 2058 4784; x_wconf 87' lang='lat' dir='ltr'><strong>tempora</strong></span> <span class='ocrx_word' id='word_1_620' title='bbox 2082 4711 2252 4765; x_wconf 87' lang='lat' dir='ltr'><strong>falsas</strong></span> <span class='ocrx_word' id='word_1_621' title='bbox 2277 4709 2586 4764; x_wconf 91' lang='lat' dir='ltr'><strong>decretales</strong></span> <span class='ocrx_word' id='word_1_622' title='bbox 2611 4709 2878 4778; x_wconf 90' lang='lat' dir='ltr'><strong>allegant.</strong></span> <span class='ocrx_word' id='word_1_623' title='bbox 2911 4709 3004 4764; x_wconf 88' lang='lat' dir='ltr'><strong>Ille</strong></span> <span class='ocrx_word' id='word_1_624' title='bbox 3025 4709 3087 4764; x_wconf 93' lang='lat' dir='ltr'><strong>in</strong></span> <span class='ocrx_word' id='word_1_625' title='bbox 3115 4709 3350 4780; x_wconf 88' lang='lat' dir='ltr'><strong>epistola</strong></span> <span class='ocrx_word' id='word_1_626' title='bbox 3370 4709 3502 4778; x_wconf 71' lang='grc'><strong>(538)</strong></span> <span class='ocrx_word' id='word_1_627' title='bbox 3527 4708 3600 4762; x_wconf 89' lang='lat' dir='ltr'><strong>ad</strong></span> 
     </span>
    </p>
   </div>
   <div class='ocr_carea' id='block_1_47' title="bbox 232 4798 3596 4879">
    <p class='ocr_par' dir='ltr' id='par_1_47' title="bbox 232 4798 3596 4879">
     <span class='ocr_line' id='line_1_47' title="bbox 232 4798 3596 4879; baseline -0.003 -19"><span class='ocrx_word' id='word_1_628' title='bbox 232 4810 506 4879; x_wconf 67' lang='lat' dir='ltr'><strong>synodum</strong></span> <span class='ocrx_word' id='word_1_629' title='bbox 535 4809 940 4863; x_wconf 85' lang='lat' dir='ltr'><strong>Duziacensem</strong></span> <span class='ocrx_word' id='word_1_630' title='bbox 964 4807 1034 4861; x_wconf 91' lang='lat' dir='ltr'><strong>de</strong></span> <span class='ocrx_word' id='word_1_631' title='bbox 1055 4823 1225 4861; x_wconf 86' lang='lat' dir='ltr'><strong>causa</strong></span> <span class='ocrx_word' id='word_1_632' title='bbox 1249 4805 1473 4860; x_wconf 84' lang='lat' dir='ltr'><strong>Actardi</strong></span> <span class='ocrx_word' id='word_1_633' title='bbox 1503 4803 1848 4859; x_wconf 89' lang='lat' dir='ltr'><strong>Turonensis</strong></span> <span class='ocrx_word' id='word_1_634' title='bbox 1873 4819 1923 4857; x_wconf 88' lang='lat' dir='ltr'><strong>a.</strong></span> <span class='ocrx_word' id='word_1_635' title='bbox 1948 4805 2041 4857; x_wconf 80' lang='grc'><strong>871</strong></span> <span class='ocrx_word' id='word_1_636' title='bbox 2075 4799 2282 4870; x_wconf 88' lang='lat' dir='ltr'><strong>scripta</strong></span> <span class='ocrx_word' id='word_1_637' title='bbox 2302 4799 2601 4868; x_wconf 90' lang='lat' dir='ltr'><strong>epistolam</strong></span> <span class='ocrx_word' id='word_1_638' title='bbox 2623 4798 2824 4852; x_wconf 84' lang='lat' dir='ltr'><strong>Anteri</strong></span> <span class='ocrx_word' id='word_1_639' title='bbox 2845 4814 3011 4868; x_wconf 60' lang='lat' dir='ltr'><strong>papae</strong></span> <span class='ocrx_word' id='word_1_640' title='bbox 3033 4799 3273 4853; x_wconf 87' lang='lat' dir='ltr'><strong>invocat.</strong></span> <span class='ocrx_word' id='word_1_641' title='bbox 3294 4798 3596 4852; x_wconf 89' lang='lat' dir='ltr'><strong>Verumta-</strong></span> 
     </span>
    </p>
   </div>
   <div class='ocr_carea' id='block_1_48' title="bbox 235 4886 3602 4968">
    <p class='ocr_par' dir='ltr' id='par_1_48' title="bbox 235 4886 3602 4968">
     <span class='ocr_line' id='line_1_48' title="bbox 235 4886 3602 4968; baseline -0.004 -14"><span class='ocrx_word' id='word_1_642' title='bbox 235 4918 360 4955; x_wconf 87' lang='lat' dir='ltr'><strong>men</strong></span> <span class='ocrx_word' id='word_1_643' title='bbox 382 4917 514 4956; x_wconf 89' lang='lat' dir='ltr'><strong>cum</strong></span> <span class='ocrx_word' id='word_1_644' title='bbox 538 4899 741 4954; x_wconf 88' lang='lat' dir='ltr'><strong>nullibi</strong></span> <span class='ocrx_word' id='word_1_645' title='bbox 765 4896 1132 4968; x_wconf 74' lang='lat' dir='ltr'><strong>caeteroquin,</strong></span> <span class='ocrx_word' id='word_1_646' title='bbox 1155 4896 1287 4950; x_wconf 90' lang='lat' dir='ltr'><strong>licet</strong></span> <span class='ocrx_word' id='word_1_647' title='bbox 1313 4893 1623 4966; x_wconf 68' lang='lat' dir='ltr'><strong>sazpissime</strong></span> <span class='ocrx_word' id='word_1_648' title='bbox 1647 4894 1784 4948; x_wconf 87' lang='lat' dir='ltr'><strong>data</strong></span> <span class='ocrx_word' id='word_1_649' title='bbox 1806 4893 1979 4948; x_wconf 87' lang='lat' dir='ltr'><strong>fuerit</strong></span> <span class='ocrx_word' id='word_1_650' title='bbox 1998 4890 2234 4956; x_wconf 90' lang='lat' dir='ltr'><strong>occasio,</strong></span> <span class='ocrx_word' id='word_1_651' title='bbox 2259 4886 2861 4944; x_wconf 88' lang='lat' dir='ltr'><strong>Pseudoisidorianum</strong></span> <span class='ocrx_word' id='word_1_652' title='bbox 2881 4886 3019 4958; x_wconf 91' lang='lat' dir='ltr'><strong>quid</strong></span> <span class='ocrx_word' id='word_1_653' title='bbox 3037 4887 3264 4957; x_wconf 88' lang='lat' dir='ltr'><strong>alleget,</strong></span> <span class='ocrx_word' id='word_1_654' title='bbox 3292 4886 3602 4942; x_wconf 89' lang='lat' dir='ltr'><strong>dicendum</strong></span> 
     </span>
    </p>
   </div>
   <div class='ocr_carea' id='block_1_49' title="bbox 234 4976 3600 5063">
    <p class='ocr_par' dir='ltr' id='par_1_49' title="bbox 234 4976 3600 5063">
     <span class='ocr_line' id='line_1_49' title="bbox 234 4976 3600 5063; baseline -0.004 -16"><span class='ocrx_word' id='word_1_655' title='bbox 234 4998 335 5058; x_wconf 83' lang='lat' dir='ltr'><strong>cst,</strong></span> <span class='ocrx_word' id='word_1_656' title='bbox 366 5009 496 5048; x_wconf 89' lang='lat' dir='ltr'><strong>eum</strong></span> <span class='ocrx_word' id='word_1_657' title='bbox 524 4991 813 5063; x_wconf 87' lang='lat' dir='ltr'><strong>integram</strong></span> <span class='ocrx_word' id='word_1_658' title='bbox 840 4987 1232 5044; x_wconf 83' lang='lat' dir='ltr'><strong>collectionem</strong></span> <span class='ocrx_word' id='word_1_659' title='bbox 1257 5002 1370 5041; x_wconf 91' lang='lat' dir='ltr'><strong>non</strong></span> <span class='ocrx_word' id='word_1_660' title='bbox 1388 4985 1595 5041; x_wconf 86' lang='lat' dir='ltr'><strong>vidisse</strong></span> <span class='ocrx_word' id='word_1_661' title='bbox 1622 4989 1676 5039; x_wconf 90' lang='lat' dir='ltr'><strong>et</strong></span> <span class='ocrx_word' id='word_1_662' title='bbox 1702 4985 1892 5039; x_wconf 91' lang='lat' dir='ltr'><strong>locum</strong></span> <span class='ocrx_word' id='word_1_663' title='bbox 1917 4983 2089 5038; x_wconf 87' lang='lat' dir='ltr'><strong>istum</strong></span> <span class='ocrx_word' id='word_1_664' title='bbox 2111 4979 2459 5052; x_wconf 88' lang='lat' dir='ltr'><strong>singularem</strong></span> <span class='ocrx_word' id='word_1_665' title='bbox 2489 4976 2714 5031; x_wconf 90' lang='lat' dir='ltr'><strong>nonnisi</strong></span> <span class='ocrx_word' id='word_1_666' title='bbox 2739 4981 3083 5048; x_wconf 89' lang='lat' dir='ltr'><strong>suggerente</strong></span> <span class='ocrx_word' id='word_1_667' title='bbox 3110 4978 3356 5033; x_wconf 87' lang='lat' dir='ltr'><strong>Actardo</strong></span> <span class='ocrx_word' id='word_1_668' title='bbox 3383 4995 3600 5050; x_wconf 89' lang='lat' dir='ltr'><strong>cogno-</strong></span> 
     </span>
    </p>
   </div>
   <div class='ocr_carea' id='block_1_50' title="bbox 312 5271 3605 5358">
    <p class='ocr_par' dir='ltr' id='par_1_50' title="bbox 312 5271 3605 5358">
     <span class='ocr_line' id='line_1_50' title="bbox 312 5271 3605 5358; baseline 0.003 -37"><span class='ocrx_word' id='word_1_669' title='bbox 312 5291 408 5358; x_wconf 54' lang='grc' dir='ltr'><strong>μδ)</strong></span> <span class='ocrx_word' id='word_1_670' title='bbox 434 5307 480 5344; x_wconf 52' lang='grc' dir='ltr'><strong>ο,</strong></span> <span class='ocrx_word' id='word_1_671' title='bbox 514 5290 602 5343; x_wconf 51' lang='grc'><strong>24,</strong></span> <span class='ocrx_word' id='word_1_672' title='bbox 2036 5278 2170 5358; x_wconf 81' lang='lat' dir='ltr'><strong>(53b)</strong></span> <span class='ocrx_word' id='word_1_673' title='bbox 2192 5279 2290 5349; x_wconf 87' lang='lat' dir='ltr'><strong>Ep.</strong></span> <span class='ocrx_word' id='word_1_674' title='bbox 2319 5275 2410 5358; x_wconf 85' lang='lat' dir='ltr'><strong>ad.</strong></span> <span class='ocrx_word' id='word_1_675' title='bbox 2433 5273 2744 5358; x_wconf 72' lang='lat' dir='ltr'><strong>Arduicum</strong></span> <span class='ocrx_word' id='word_1_676' title='bbox 2765 5271 3172 5328; x_wconf 89' lang='lat' dir='ltr'><strong>Vasionensem</strong></span> <span class='ocrx_word' id='word_1_677' title='bbox 3189 5274 3342 5358; x_wconf 80' lang='lat' dir='ltr'><strong>apud</strong></span> <span class='ocrx_word' id='word_1_678' title='bbox 3366 5275 3605 5331; x_wconf 90' lang='lat' dir='ltr'><strong>Dacher.</strong></span> 
     </span>
    </p>
   </div>
   <div class='ocr_carea' id='block_1_51' title="bbox 317 5352 3602 5438">
    <p class='ocr_par' dir='ltr' id='par_1_51' title="bbox 317 5352 3602 5438">
     <span class='ocr_line' id='line_1_51' title="bbox 317 5352 3602 5438; baseline 0.002 -33"><span class='ocrx_word' id='word_1_679' title='bbox 317 5352 492 5438; x_wconf 47' lang='lat' dir='ltr'><strong>(me.</strong></span> <span class='ocrx_word' id='word_1_680' title='bbox 525 5371 703 5424; x_wconf 58' lang='grc' dir='ltr'><strong>Η-ίᾶ</strong></span> <span class='ocrx_word' id='word_1_681' title='bbox 1966 5357 2232 5431; x_wconf 90' lang='lat' dir='ltr'><strong>Spicileg.</strong></span> <span class='ocrx_word' id='word_1_682' title='bbox 2368 5356 2540 5438; x_wconf 59' lang='lat' dir='ltr'><strong>l2_et</strong></span> <span class='ocrx_word' id='word_1_683' title='bbox 2578 5352 2649 5408; x_wconf 90' lang='lat' dir='ltr'><strong>ad</strong></span> <span class='ocrx_word' id='word_1_684' title='bbox 2687 5367 2776 5425; x_wconf 90' lang='lat' dir='ltr'><strong>ep.</strong></span> <span class='ocrx_word' id='word_1_685' title='bbox 2823 5368 3008 5424; x_wconf 88' lang='lat' dir='ltr'><strong>germ.</strong></span> <span class='ocrx_word' id='word_1_686' title='bbox 3052 5369 3144 5425; x_wconf 87' lang='lat' dir='ltr'><strong>ap.</strong></span> <span class='ocrx_word' id='word_1_687' title='bbox 3188 5355 3420 5409; x_wconf 88' lang='lat' dir='ltr'><strong>Marten.</strong></span> <span class='ocrx_word' id='word_1_688' title='bbox 3465 5359 3602 5410; x_wconf 90' lang='lat' dir='ltr'><strong>vett.</strong></span> 
     </span>
    </p>
   </div>
   <div class='ocr_carea' id='block_1_52' title="bbox 311 5436 1917 5519">
    <p class='ocr_par' dir='ltr' id='par_1_52' title="bbox 311 5436 1280 5519">
     <span class='ocr_line' id='line_1_52' title="bbox 311 5436 1280 5519; baseline -0.007 -14"><span class='ocrx_word' id='word_1_689' title='bbox 311 5436 406 5519; x_wconf 64' lang='lat'><strong>{48)</strong></span> <span class='ocrx_word' id='word_1_690' title='bbox 438 5450 498 5504; x_wconf 89' lang='grc' dir='ltr'><strong>Τ.</strong></span> <span class='ocrx_word' id='word_1_691' title='bbox 533 5449 598 5502; x_wconf 90' lang='lat' dir='ltr'><strong>ll.</strong></span> <span class='ocrx_word' id='word_1_692' title='bbox 628 5465 684 5519; x_wconf 91' lang='lat' dir='ltr'><strong>p.</strong></span> <span class='ocrx_word' id='word_1_693' title='bbox 717 5446 816 5502; x_wconf 82' lang='grc'>543</span> <span class='ocrx_word' id='word_1_694' title='bbox 844 5446 934 5500; x_wconf 91' lang='lat' dir='ltr'><strong>ed.</strong></span> <span class='ocrx_word' id='word_1_695' title='bbox 970 5443 1280 5501; x_wconf 90' lang='lat' dir='ltr'><strong>Sirmondi.</strong></span> 
     </span>
    </p>
   </div>
   <div class='ocr_carea' id='block_1_53' title="bbox 890 5436 2496 5519">
    <p class='ocr_par' dir='ltr' id='par_1_53' title="bbox 890 5436 2496 5519">
     <span class='ocr_line' id='line_1_53' title="bbox 890 5436 2496 5519; baseline -0.007 -19"><span class='ocrx_word' id='word_1_696' title='bbox 890 5446 934 5500; x_wconf 71' lang='lat' dir='ltr'><strong>d.</strong></span> <span class='ocrx_word' id='word_1_697' title='bbox 970 5443 1280 5501; x_wconf 90' lang='lat' dir='ltr'><strong>Sirmondi.</strong></span> <span class='ocrx_word' id='word_1_698' title='bbox 1967 5438 2182 5510; x_wconf 90' lang='lat' dir='ltr'><strong>scriptt.</strong></span> <span class='ocrx_word' id='word_1_699' title='bbox 2207 5436 2332 5519; x_wconf 79' lang='lat' dir='ltr'><strong>coll.</strong></span> <span class='ocrx_word' id='word_1_700' title='bbox 2365 5436 2430 5519; x_wconf 60' lang='grc' dir='ltr'><strong>Τἒ</strong></span> <span class='ocrx_word' id='word_1_701' title='bbox 2458 5436 2496 5519; x_wconf 68' lang='lat' dir='ltr'><strong>l.</strong></span> 
     </span>
    </p>
   </div>
   <div class='ocr_carea' id='block_1_54' title="bbox 315 5511 3608 5596">
    <p class='ocr_par' dir='ltr' id='par_1_54' title="bbox 315 5511 3608 5596">
     <span class='ocr_line' id='line_1_54' title="bbox 315 5511 3608 5596; baseline -0.005 -13"><span class='ocrx_word' id='word_1_702' title='bbox 315 5511 412 5596; x_wconf 62' lang='lat' dir='ltr'><strong>{itii</strong></span> <span class='ocrx_word' id='word_1_703' title='bbox 441 5529 500 5583; x_wconf 88' lang='lat' dir='ltr'><strong>C.</strong></span> <span class='ocrx_word' id='word_1_704' title='bbox 527 5511 737 5583; x_wconf 43' lang='lat'><strong>25:26.</strong></span> <span class='ocrx_word' id='word_1_705' title='bbox 2041 5520 2171 5590; x_wconf 80' lang='lat' dir='ltr'><strong>(53c)</strong></span> <span class='ocrx_word' id='word_1_706' title='bbox 2219 5517 2316 5571; x_wconf 88' lang='lat' dir='ltr'><strong>Ed.</strong></span> <span class='ocrx_word' id='word_1_707' title='bbox 2365 5514 2434 5570; x_wconf 90' lang='lat' dir='ltr'><strong>ad</strong></span> <span class='ocrx_word' id='word_1_708' title='bbox 2478 5512 2906 5569; x_wconf 88' lang='lat' dir='ltr'><strong>Cenomaticum</strong></span> <span class='ocrx_word' id='word_1_709' title='bbox 2952 5511 3318 5569; x_wconf 86' lang='lat' dir='ltr'><strong>Muticensem</strong></span> <span class='ocrx_word' id='word_1_710' title='bbox 3368 5529 3493 5570; x_wconf 86' lang='lat' dir='ltr'><strong>can.</strong></span> <span class='ocrx_word' id='word_1_711' title='bbox 3551 5516 3608 5569; x_wconf 80' lang='grc'><strong>4.</strong></span> 
     </span>
    </p>
   </div>
   <div class='ocr_carea' id='block_1_55' title="bbox 312 5597 2222 5680">
    <p class='ocr_par' dir='ltr' id='par_1_55' title="bbox 312 5597 2222 5680">
     <span class='ocr_line' id='line_1_55' title="bbox 312 5597 2222 5680; baseline -0.006 -16"><span class='ocrx_word' id='word_1_712' title='bbox 312 5609 410 5680; x_wconf 80' lang='lat'><strong>(50)</strong></span> <span class='ocrx_word' id='word_1_713' title='bbox 438 5607 617 5663; x_wconf 81' lang='lat' dir='ltr'><strong>Mansi</strong></span> <span class='ocrx_word' id='word_1_714' title='bbox 647 5608 754 5663; x_wconf 81' lang='lat' dir='ltr'><strong>XV.</strong></span> <span class='ocrx_word' id='word_1_715' title='bbox 787 5606 894 5661; x_wconf 92' lang='lat' dir='ltr'><strong>col.</strong></span> <span class='ocrx_word' id='word_1_716' title='bbox 927 5608 1050 5660; x_wconf 78' lang='lat'><strong>695.</strong></span> <span class='ocrx_word' id='word_1_717' title='bbox 1970 5597 2096 5680; x_wconf 88' lang='lat' dir='ltr'><strong>dist.</strong></span> 
     </span>
    </p>
   </div>
   <div class='ocr_carea' id='block_1_56' title="bbox 310 5671 3601 5760">
    <p class='ocr_par' dir='ltr' id='par_1_56' title="bbox 310 5671 3601 5760">
     <span class='ocr_line' id='line_1_56' title="bbox 310 5671 3601 5760; baseline -0.006 -14"><span class='ocrx_word' id='word_1_718' title='bbox 310 5671 408 5760; x_wconf 25' lang='lat'><strong>(.513</strong></span> <span class='ocrx_word' id='word_1_719' title='bbox 435 5690 494 5745; x_wconf 88' lang='lat' dir='ltr'><strong>C.</strong></span> <span class='ocrx_word' id='word_1_720' title='bbox 533 5691 614 5743; x_wconf 91' lang='lat' dir='ltr'><strong>l0.</strong></span> <span class='ocrx_word' id='word_1_721' title='bbox 639 5688 784 5759; x_wconf 88' lang='lat' dir='ltr'><strong>Opp.</strong></span> <span class='ocrx_word' id='word_1_722' title='bbox 816 5687 882 5741; x_wconf 91' lang='lat' dir='ltr'><strong>II.</strong></span> <span class='ocrx_word' id='word_1_723' title='bbox 910 5701 965 5757; x_wconf 90' lang='lat' dir='ltr'><strong>p.</strong></span> <span class='ocrx_word' id='word_1_724' title='bbox 996 5687 1118 5740; x_wconf 71' lang='lat'><strong>813.</strong></span> <span class='ocrx_word' id='word_1_725' title='bbox 2042 5676 2180 5760; x_wconf 69' lang='lat' dir='ltr'><strong>(53d)</strong></span> <span class='ocrx_word' id='word_1_726' title='bbox 2211 5673 2408 5760; x_wconf 37' lang='grc' dir='ltr'><strong>βε).-αὰ</strong></span> <span class='ocrx_word' id='word_1_727' title='bbox 2436 5673 2893 5760; x_wconf 75' lang='lat' dir='ltr'><strong>Lincolniensem</strong></span> <span class='ocrx_word' id='word_1_728' title='bbox 2923 5671 3094 5744; x_wconf 91' lang='lat' dir='ltr'><strong>episc.</strong></span> <span class='ocrx_word' id='word_1_729' title='bbox 3124 5674 3162 5729; x_wconf 93' lang='lat' dir='ltr'><strong>l.</strong></span> <span class='ocrx_word' id='word_1_730' title='bbox 3193 5689 3286 5730; x_wconf 85' lang='lat' dir='ltr'><strong>vn.</strong></span> <span class='ocrx_word' id='word_1_731' title='bbox 3319 5674 3482 5744; x_wconf 87' lang='lat' dir='ltr'><strong>epist.</strong></span> <span class='ocrx_word' id='word_1_732' title='bbox 3516 5673 3601 5727; x_wconf 80' lang='grc'><strong>34.</strong></span> 
     </span>
    </p>
   </div>
   <div class='ocr_carea' id='block_1_57' title="bbox 310 5755 2571 5837">
    <p class='ocr_par' dir='ltr' id='par_1_57' title="bbox 310 5755 2571 5837">
     <span class='ocr_line' id='line_1_57' title="bbox 310 5755 2571 5837; baseline -0.008 -13"><span class='ocrx_word' id='word_1_733' title='bbox 310 5755 409 5837; x_wconf 74' lang='lat'><strong>(52&#39;)</strong></span> <span class='ocrx_word' id='word_1_734' title='bbox 438 5769 521 5826; x_wconf 74' lang='lat' dir='ltr'><strong>cr.</strong></span> <span class='ocrx_word' id='word_1_735' title='bbox 553 5771 613 5824; x_wconf 86' lang='lat' dir='ltr'><strong>c.</strong></span> <span class='ocrx_word' id='word_1_736' title='bbox 649 5755 826 5822; x_wconf 68' lang='grc' dir='ltr'><strong>ίὶξίρ.</strong></span> <span class='ocrx_word' id='word_1_737' title='bbox 912 5755 928 5757; x_wconf 69' lang='grc'>⁷</span> <span class='ocrx_word' id='word_1_738' title='bbox 2041 5755 2183 5837; x_wconf 55' lang='grc' dir='ltr'><strong>(δδξ)</strong></span> <span class='ocrx_word' id='word_1_739' title='bbox 2212 5756 2270 5809; x_wconf 91' lang='lat' dir='ltr'><strong>L.</strong></span> <span class='ocrx_word' id='word_1_740' title='bbox 2306 5755 2358 5808; x_wconf 76' lang='grc'><strong>4.</strong></span> <span class='ocrx_word' id='word_1_741' title='bbox 2386 5771 2436 5809; x_wconf 92' lang='lat' dir='ltr'><strong>c.</strong></span> <span class='ocrx_word' id='word_1_742' title='bbox 2464 5757 2571 5837; x_wconf 31' lang='lat' dir='ltr'><strong>sic.</strong></span> 
     </span>
    </p>
   </div>
   <div class='ocr_carea' id='block_1_58' title="bbox 311 5834 2548 5920">
    <p class='ocr_par' dir='ltr' id='par_1_58' title="bbox 311 5834 2548 5920">
     <span class='ocr_line' id='line_1_58' title="bbox 311 5834 2548 5920; baseline -0.008 -14"><span class='ocrx_word' id='word_1_743' title='bbox 311 5834 406 5918; x_wconf 57' lang='lat'><strong>5&#39;53)</strong></span> <span class='ocrx_word' id='word_1_744' title='bbox 437 5849 585 5920; x_wconf 87' lang='lat' dir='ltr'><strong>Opp.</strong></span> <span class='ocrx_word' id='word_1_745' title='bbox 611 5847 674 5900; x_wconf 84' lang='grc' dir='ltr'><strong>τ.</strong></span> <span class='ocrx_word' id='word_1_746' title='bbox 703 5847 768 5902; x_wconf 86' lang='lat' dir='ltr'><strong>n.</strong></span> <span class='ocrx_word' id='word_1_747' title='bbox 804 5863 860 5916; x_wconf 74' lang='grc' dir='ltr'><strong>ι).</strong></span> <span class='ocrx_word' id='word_1_748' title='bbox 890 5847 1146 5900; x_wconf 78' lang='grc'><strong>701-706.</strong></span> <span class='ocrx_word' id='word_1_749' title='bbox 2043 5835 2167 5920; x_wconf 57' lang='lat' dir='ltr'><strong>(sar)</strong></span> <span class='ocrx_word' id='word_1_750' title='bbox 2193 5836 2255 5920; x_wconf 59' lang='lat'><strong>1:.</strong></span> <span class='ocrx_word' id='word_1_751' title='bbox 2289 5837 2423 5920; x_wconf 42' lang='lat'><strong>2.3.</strong></span> <span class='ocrx_word' id='word_1_752' title='bbox 2465 5834 2548 5887; x_wconf 71' lang='grc' dir='ltr'><strong>ιο.</strong></span> 
     </span>
    </p>
   </div>
   <div class='ocr_carea' id='block_1_59' title="bbox 313 5913 3174 6001">
    <p class='ocr_par' dir='ltr' id='par_1_59' title="bbox 313 5913 3174 6001">
     <span class='ocr_line' id='line_1_59' title="bbox 313 5913 3174 6001; baseline -0.005 -18"><span class='ocrx_word' id='word_1_753' title='bbox 313 5913 439 6001; x_wconf 67' lang='lat' dir='ltr'><strong>sai)</strong></span> <span class='ocrx_word' id='word_1_754' title='bbox 467 5913 555 5986; x_wconf 73' lang='lat' dir='ltr'><strong>Cf.</strong></span> <span class='ocrx_word' id='word_1_755' title='bbox 588 5913 850 5985; x_wconf 82' lang='lat' dir='ltr'><strong>Carolum</strong></span> <span class='ocrx_word' id='word_1_756' title='bbox 882 5925 1140 5980; x_wconf 86' lang='lat' dir='ltr'><strong>Blascum</strong></span> <span class='ocrx_word' id='word_1_757' title='bbox 1171 5921 1289 5978; x_wconf 73' lang='lat' dir='ltr'><strong>diti.</strong></span> <span class='ocrx_word' id='word_1_758' title='bbox 1313 5939 1358 5977; x_wconf 79' lang='grc' dir='ltr'><em>ο.</em></span> <span class='ocrx_word' id='word_1_759' title='bbox 1394 5925 1445 5976; x_wconf 84' lang='lat'><strong>3.</strong></span> <span class='ocrx_word' id='word_1_760' title='bbox 1478 5937 1532 5991; x_wconf 89' lang='lat' dir='ltr'><strong>p.</strong></span> <span class='ocrx_word' id='word_1_761' title='bbox 1575 5924 1655 5976; x_wconf 76' lang='grc' dir='ltr'><strong>ιε.</strong></span> <span class='ocrx_word' id='word_1_762' title='bbox 2047 5916 2176 5988; x_wconf 76' lang='lat'><strong>(538)</strong></span> <span class='ocrx_word' id='word_1_763' title='bbox 2207 5917 2310 5989; x_wconf 90' lang='lat' dir='ltr'><strong>Ep.</strong></span> <span class='ocrx_word' id='word_1_764' title='bbox 2341 5917 2428 5972; x_wconf 87' lang='lat'><strong>3-2.</strong></span> <span class='ocrx_word' id='word_1_765' title='bbox 2459 5930 2550 5986; x_wconf 86' lang='lat' dir='ltr'><strong>ap.</strong></span> <span class='ocrx_word' id='word_1_766' title='bbox 2579 5913 2752 5970; x_wconf 85' lang='lat' dir='ltr'><strong>Mansi</strong></span> <span class='ocrx_word' id='word_1_767' title='bbox 2777 5915 2880 5970; x_wconf 89' lang='lat' dir='ltr'><strong>xv.</strong></span> <span class='ocrx_word' id='word_1_768' title='bbox 2913 5913 3020 5968; x_wconf 89' lang='lat' dir='ltr'><strong>col.</strong></span> <span class='ocrx_word' id='word_1_769' title='bbox 3053 5916 3174 5969; x_wconf 84' lang='lat'><strong>852.</strong></span> 
     </span>
    </p>
   </div>
  </div>
