4068 6296
536 357 627 396 xw
1410 345 1688 398 API’END.
1733 343 1817 396 AD
1856 342 2014 395 SJEC.
2060 341 2144 394 IX.
2180 369 2246 380 -η
2287 341 2592 399 ISIDORL'S
2631 341 3009 398 MERCATOR.

536 468 702 524 visse.
735 467 893 522 Adde
925 467 981 522 id
1013 467 1240 540 integro
1273 485 1424 524 anno
1447 473 1754 539 antequam
1781 467 1970 537 prima
1998 466 2117 520 vice
2143 465 2214 520 ab
2243 466 2549 522 Hincmaro
2576 467 2873 524 authentia
2902 468 3274 540 impeteretur
3293 469 3504 525 factum
3527 469 3716 524 fuisse.
3739 469 3898 524 Alter

540 557 816 628 pontifex,
851 559 1174 628 Stephanus
1202 575 1411 631 nempe
1435 560 1476 612 V
1498 559 1571 613 ad
1597 559 1952 629 Luitpertum
1980 556 2372 626 Moguntinum
2397 557 2728 630 episcopum
2749 558 2885 630 (53h)
2907 559 3162 614 scribens
3183 561 3250 615 de
3270 577 3507 615 numero
3535 561 3895 614 Nicaenorum

539 664 824 702 canonum
853 648 932 702 ait
961 665 1028 703 ex
1060 649 1380 704 testimonio
1419 648 1712 702 Athanasii
1745 647 2108 719 septuaginta
2135 663 2275 715 esse,
2312 647 2464 718 quod
2507 648 2565 701 in
2610 648 2843 718 epistola
2876 649 3187 704 lsidoriana
3223 651 3519 706 Athanasii
3546 651 3617 705 ad
3647 653 3896 705 Marcum

541 753 748 808 papam
778 739 1038 793 habetur.
1075 740 1185 794 Sed
1217 755 1346 793 cum
1378 756 1493 793 non
1521 739 1714 793 laudet
1741 754 1930 809 neque
1959 738 2259 808 epistolam
2286 738 2452 792 Marci
2484 738 2678 808 ipsius,
2708 755 2890 810 neque
2917 740 3066 808 Julii,
3099 757 3284 812 neque
3314 741 3506 795 Felicis
3527 743 3590 806 ll,
3634 758 3758 811 qua:
3785 741 3898 794 huc

540 827 711 882 etiam
738 828 1042 898 faciebant,
1067 831 1210 883 valet
1243 830 1391 884 idem
1423 829 1577 900 quod
1608 829 1678 883 de
1709 829 1990 882 Hadriano
2023 827 2368 882 dicebamus.
2402 829 2592 899 Neque
2621 829 3005 883 omittendum
3032 836 3135 899 est,
3161 831 3218 885 id
3246 831 3305 885 in
3333 833 3613 902 ejusmodi
3643 832 3900 885 materiis

540 917 755 972 factum
793 919 862 971 ab
894 923 1133 991 utroque
1159 920 1448 991 pontiﬁce,
1479 936 1608 990 quin
1631 919 1763 988 jura
1790 918 2066 988 primatus
2098 916 2336 972 minima
2362 919 2705 988 attingerent
2732 919 3002 990 illamque
3029 922 3391 992 septuaginta
3416 939 3697 976 canonum
3727 922 3901 975 Nicae-

539 1022 744 1060 norum
779 1008 1057 1076 fraudem,
1089 1008 1222 1062 licet
1248 1025 1281 1062 a
1307 1009 1619 1062 Mercatore
1646 1007 1704 1061 in
1735 1008 2095 1062 Occidentem
2130 1005 2364 1060 inducta
2401 1008 2590 1076 fuerit,
2617 1008 2676 1062 in
2704 1008 2935 1063 Oriente
2962 1016 3154 1064 tamen
3183 1011 3354 1082 longe
3386 1017 3546 1065 antea
3574 1017 3762 1065 ortum
3792 1012 3898 1065 ha-

538 1095 745 1150 buisse.
775 1097 1042 1163 Auxilius,
1074 1098 1172 1168 qui
1206 1098 1399 1152 saeculi
1426 1115 1458 1152 x
1489 1098 1652 1153 initio
1685 1116 1787 1170 pro
1815 1097 2268 1152 ordinationibus
2288 1095 2537 1149 Formosi
2560 1096 2814 1150 libellum
2834 1098 3076 1168 scripsit,
3105 1099 3336 1153 unicam
3361 1100 3552 1154 Anteri
3577 1101 3899 1170 epistolam,

536 1184 804 1253 neglectis
835 1200 962 1254 quae
1006 1185 1109 1238 sibi
1155 1203 1380 1257 magna:
1424 1187 1681 1241 utilitatis
1721 1188 2031 1258 potuissent
2067 1202 2208 1253 esse,
2249 1187 2482 1242 Evaristi
2525 1188 2792 1255 secunda,
2836 1189 3050 1242 Callisti
3087 1191 3348 1257 secunda,
3384 1190 3594 1260 Pelagii
3628 1192 3668 1243 ll
3710 1190 3901 1260 prima

535 1273 780 1342 adducit,
817 1274 1149 1346 videturque
1180 1277 1423 1347 proinde
1466 1294 1532 1331 ex
1568 1277 1835 1331 Hadriani
1876 1279 1918 1330 Il
1967 1277 2207 1347 epistola
2247 1276 2507 1341 traxisse,
2545 1278 2643 1347 qui
2673 1277 2935 1332 eamdem
2975 1279 3032 1332 in
3072 1279 3272 1333 eadem
3300 1296 3466 1334 causa
3509 1281 3902 1334 translationis

533 1360 928 1432 episcoporum
965 1364 1324 1434 allegaverat.
1364 1366 1501 1420 Vitm
1543 1365 1895 1434 Pontiﬁcum,
1929 1381 2058 1436 qua:
2098 1365 2446 1436 Luitprando
2483 1365 2872 1433 Cremonensi,
2906 1367 3094 1422 saeculi
3130 1385 3163 1422 x
3193 1369 3431 1437 auctori,
3472 1369 3802 1424 tribuuntur
3841 1375 3902 1423 et

534 1451 1079 1507 Pseudoisidorianis
1103 1455 1216 1509 late
1248 1461 1504 1520 utuntur,
1541 1473 1654 1509 non
1685 1459 1818 1509 sunt
1845 1454 2200 1525 Luitprandi,
2230 1458 2292 1508 ut
2321 1454 2474 1524 apud
2512 1471 2713 1509 omnes
2749 1459 2985 1524 constat,
3017 1457 3110 1511 sed
3147 1457 3218 1510 ad
3258 1457 3521 1528 ignotum
3547 1458 3898 1512 Germanum

535 1540 845 1610 quemdam
885 1547 1160 1612 spectant.
1202 1545 1321 1598 Imo
1363 1545 1548 1599 adhuc
1583 1562 1635 1599 a.
1687 1547 1819 1599 1085
1861 1545 1989 1599 Otto
2024 1543 2326 1598 cardinalis
2371 1543 2638 1598 Ostiensis
2675 1549 2732 1598 et
2759 1545 2981 1614 legatus
3026 1546 3362 1616 pontiﬁcius,
3393 1547 3487 1617 qui
3531 1547 3899 1617 postmodum

536 1630 793 1683 [Vrbanus
821 1632 865 1683 II
903 1647 1048 1701 papa
1085 1632 1212 1700 fuit,
1249 1633 1306 1687 in
1342 1635 1559 1704 synodo
1601 1633 2005 1703 Gerstungensi
2043 1631 2272 1686 nonnisi
2303 1633 2672 1703 contemptim
2710 1632 2781 1686 de
2818 1633 3368 1689 Pseudoisidorianis
3404 1634 3625 1688 locutus
3665 1639 3767 1702 est,
3806 1635 3901 1688 his

537 1721 701 1772 utens
728 1719 950 1774 verbis:
983 1743 1010 1769 «
1040 1721 1202 1784 Quod
1251 1722 1360 1776 illa:
1388 1722 1800 1793 scripturarum
1833 1723 2150 1786 sententiae,
2188 1739 2431 1792 quarum
2477 1740 2580 1778 nos
2623 1723 2946 1778 testimonio
2985 1725 3071 1779 usi
3111 1742 3322 1792 sumus,
3354 1728 3507 1780 notae
3551 1725 3609 1779 in
3653 1725 3901 1779 Ecclesia

539 1809 860 1864 reverentiae
888 1826 1114 1882 semper
1145 1813 1400 1881 fuerunt,
1434 1816 1493 1866 et
1515 1815 1774 1866 auctores
1805 1827 2166 1883 nequaquam
2195 1812 2281 1866 vel
2310 1812 2530 1866 obscuri
2555 1812 2644 1866 vel
2669 1813 2874 1869 incerti
2899 1813 3148 1868 nominis
3175 1813 3305 1868 sint.
3337 1835 3363 1861 ››

606 1925 768 1982 Vides
793 1929 1079 1999 quomodo
1107 1947 1210 2001 per
1229 1931 1472 1986 duorum
1499 1931 1838 1985 smculorum
1865 1935 2110 1986 tractum
2139 1945 2268 1986 vere
2293 1931 2517 1986 dicendi
2539 1933 2650 1987 sint
2666 1933 2962 2004 pontiﬁces
2989 1933 3381 1987 collectionem
3404 1933 3585 2002 ipsam
3607 1932 3903 2002 ignorasse

535 2020 590 2069 et
618 2017 953 2088 neglexisse,
984 2036 1086 2074 nec
1116 2019 1226 2074 nisi
1255 2038 1366 2075 una
1393 2021 1479 2075 vel
1510 2021 1687 2075 altera
1723 2020 1842 2075 vice
1875 2019 2233 2086 testimoniis,
2272 2021 2514 2091 qualiter
2555 2022 2624 2076 ab
2665 2022 2786 2076 aliis
2824 2026 3269 2093 suggererentur
3293 2037 3445 2087 usos,
3477 2021 3590 2074 imo
3620 2021 3804 2090 ipsam
3838 2021 3902 2074 in

538 2106 693 2159 Italia
719 2107 885 2177 plane
914 2113 1201 2180 receptam
1228 2127 1346 2164 non
1379 2111 1573 2165 fuisse.
1608 2111 1730 2164 Non
1761 2110 2044 2164 nescimus
2069 2109 2421 2164 adversarios
2450 2116 2676 2165 nostros
2706 2111 2765 2165 in
2794 2111 2854 2164 id
2885 2127 3095 2182 magna
3123 2110 3176 2163 vi
3209 2110 3488 2177 insistere,
3521 2126 3635 2163 non
3663 2110 3902 2180 quidem

533 2196 705 2249 verba
731 2197 1132 2268 Decretalium,
1163 2199 1441 2270 principia
1466 2203 1654 2253 tamen
1685 2199 1980 2253 admisisse
2011 2198 2302 2269 pontiﬁces
2328 2199 2497 2269 longe
2525 2201 2756 2270 lateque
2776 2201 2871 2270 jus
2905 2200 3277 2254 lsidorianum
3302 2215 3667 2269 propagasse.
3689 2201 3901 2254 Verum

535 2284 606 2338 ab
633 2285 911 2355 ejusmodi
939 2287 1337 2342 criminatione
1365 2305 1464 2342 eos
1490 2287 1919 2357 vindicabimus,
1952 2289 1998 2342 si
2025 2288 2218 2358 paucis
2245 2289 2684 2355 ostenderimus,
2715 2289 3108 2343 auctoritatem
3150 2288 3497 2359 pontiﬁciam
3531 2305 3599 2341 ex
3632 2291 3902 2343 Decreta-

536 2374 680 2428 libus
705 2375 1021 2445 profectum
1051 2394 1166 2432 non
1197 2378 1455 2444 traxisse,
1480 2379 1579 2432 sed
1599 2379 1847 2449 longiori
1867 2380 1991 2450 jam
2024 2383 2208 2434 tractu
2237 2378 2517 2448 temporis
2543 2393 2634 2432 eas
2665 2377 3066 2448 praerogativas
3092 2377 3386 2448 pontiﬁces
3413 2378 3700 2430 Romanos
3730 2393 3902 2431 exer-

536 2462 734 2531 cuisse,
767 2480 905 2535 quas
935 2467 1226 2521 mediante
1259 2470 1462 2522 saeculo
1505 2484 1654 2522 nono
1695 2468 1960 2524 adversus
1995 2469 2361 2524 Hincmarum
2399 2467 2726 2534 tuebantur,
2764 2483 2891 2539 quia
2922 2483 3053 2521 sane
3090 2465 3373 2537 ejusmodi
3399 2453 3550 2531 sunt,
3588 2468 3648 2519 ut
3677 2483 3742 2521 ex
3776 2468 3905 2537 ipsa

535 2551 818 2622 primatus
845 2557 1044 2609 natura
1069 2557 1390 2612 necessario
1415 2557 1616 2612 ﬂuant.

2127 2746 2160 2815 §
2199 2747 2281 2800 ιη.

601 2932 724 2984 lam
749 2945 812 2984 ex
842 2930 974 3000 ipsis
1005 2931 1446 2986 Protestantibus
1475 2933 1638 2987 multi
1683 2932 1788 3003 (54)
1820 2949 1937 2987 non
1975 2932 2312 2998 difﬁtentur,
2346 2933 2888 2988 Pseudoisidorianis
2924 2932 3304 2988 Decretalibus
3331 2933 3474 2986 nihil
3507 2932 3638 2986 novi
3664 2931 3901 3002 pontiﬁ-

534 3018 691 3072 cibus
723 3019 1046 3090 profecisse.
1084 3020 1438 3076 Manifestum
1477 3027 1561 3077 est
1587 3023 1739 3077 enim
1779 3021 2058 3092 ejusmodi
2085 3022 2315 3077 fraudes
2339 3023 2408 3076 ab
2441 3023 2767 3077 hominibus
2791 3027 2907 3078 tam
2935 3023 3043 3077 late
3068 3038 3184 3076 non
3205 3021 3448 3088 admitti,
3480 3020 3587 3075 nisi
3614 3037 3680 3075 ea
3717 3021 3901 3075 conti-

534 3111 724 3176 neant,
759 3125 885 3180 quas
925 3125 1041 3163 non
1072 3109 1192 3180 jam
1233 3117 1461 3182 recepta
1490 3112 1605 3166 sint
1639 3127 1671 3165 a
1700 3111 1983 3182 plurimis.
2021 3113 2166 3166 Sane
2193 3110 2234 3164 si
2267 3112 2587 3166 Decretales
2624 3128 2690 3165 ea
2733 3112 3075 3178 docuissent,
3108 3126 3238 3181 quae
3269 3114 3402 3164 tunc
3432 3108 3706 3180 temporis
3733 3110 3905 3178 plane

537 3197 786 3252 inaudita
811 3199 1070 3265 fuissent,
1096 3217 1223 3271 quas
1249 3201 1418 3254 nullis
1444 3200 1798 3271 antiquitatis
1826 3200 2181 3256 documentis
2203 3202 2426 3257 defendi
2454 3202 2787 3273 potuissent,
2810 3201 3100 3273 quomodo
3125 3217 3242 3255 non
3271 3199 3531 3254 omnium
3551 3199 3725 3253 oculis
3744 3199 3906 3253 fraus

535 3287 831 3344 manifesta
853 3289 1170 3345 illuxisset?
1194 3291 1500 3362 Quidquod
1519 3292 1642 3362 jam
1669 3295 1888 3346 certum
1914 3292 2002 3360 sit,
2034 3293 2223 3346 minus
2262 3293 2319 3346 in
2362 3307 2428 3346 eo
2474 3291 2804 3345 falsatorem
2835 3289 3329 3346 Pseudoisidorum
3355 3287 3545 3354 fuisse,
3574 3287 3724 3359 quod
3753 3305 3908 3343 nova

535 3377 786 3446 cuderet,
816 3379 988 3450 quam
1018 3380 1168 3450 quod
1208 3397 1279 3434 ex
1317 3381 1570 3451 antiquis
1613 3382 2006 3435 monumentis
2034 3399 2181 3436 nova
2208 3385 2597 3452 componeret,
2631 3385 2686 3435 et
2709 3397 2776 3435 ea
2801 3397 2930 3452 quae
2962 3397 3094 3435 vere
3122 3380 3272 3434 dicta
3302 3379 3385 3433 vel
3411 3379 3619 3450 scripta
3645 3381 3902 3446 fuerant,

532 3468 732 3522 alienis
760 3469 1082 3523 auctoribus
1113 3469 1406 3524 tribueret.
1437 3469 1754 3525 Genuinam
1785 3471 1984 3526 Isidori
2004 3472 2280 3543 syllogen,
2313 3487 2491 3542 quam
2524 3470 2778 3526 Riculqu
2797 3470 3161 3541 Moguntinus
3187 3485 3256 3523 ex
3278 3468 3543 3538 Hispania
3567 3468 3902 3530 advexerat.

535 3557 706 3612 veluti
735 3558 1178 3613 fundamentum
1208 3558 1625 3630 compilationis
1651 3576 1767 3614 sum
1795 3560 2002 3631 posuit,
2035 3565 2240 3616 castera
2270 3562 2506 3616 corrasit
2535 3577 2602 3615 ex
2632 3560 2971 3615 authenticis
2997 3559 3374 3614 Decretalibus
3399 3557 3760 3626 Pontiﬁcum,
3797 3575 3902 3629 ge-

536 3647 719 3702 nuinis
745 3648 1118 3702 conciliorum
1149 3649 1301 3702 Actis
1343 3651 1688 3720 Patrumque
1717 3650 1959 3720 scriptis,
2000 3667 2066 3704 ex
2095 3652 2510 3721 Capitularibus
2541 3651 2904 3718 Francorum,
2933 3649 3134 3704 Codice
3164 3647 3573 3712 Theodosiano,
3612 3646 3905 3702 Breviario

532 3737 850 3791 Alariciano
882 3737 1118 3806 ejusque
1148 3739 1707 3804 commentatoribus,
1736 3755 1805 3792 ex
1837 3741 2034 3810 regula
2065 3741 2115 3795 S.
2153 3740 2438 3794 Benedicti
2468 3740 2745 3810 Libroque
2773 3737 3109 3805 Pontiﬁcali,
3137 3736 3397 3808 genuinis
3424 3736 3762 3807 quibusdam
3794 3756 3900 3808 pa-

533 3825 914 3879 triarcharum
942 3826 1536 3896 Constantinopoleos,
1571 3827 1626 3881 S.
1658 3827 1929 3881 Bonifacii
1966 3828 2199 3900 ejusque
2228 3829 2540 3882 amicorum
2577 3827 2847 3899 epistolis.
2878 3829 3018 3881 Acta
3053 3825 3335 3897 Sylvestri,
3366 3825 3572 3896 quibus
3616 3843 3749 3879 usus
3790 3832 3901 3897 est,

533 3915 673 3968 falsa
701 3914 934 3985 quidem
966 3920 1117 3994 sunt,
1147 3917 1244 3970 sed
1271 3921 1405 3970 tunc
1425 3916 1549 3986 jam
1576 3921 1800 3988 recepta
1821 3917 1890 3971 ab
1911 3919 2172 3973 omnibus
2196 3922 2376 3979 erant.
2403 3918 2698 3983 Quomodo
2724 3918 2899 3990 igitur
2921 3917 3044 3972 ﬁeri
3070 3915 3279 3988 potuit,
3302 3919 3363 3969 ut
3383 3915 3515 3969 novi
3544 3915 3688 3970 adeo
3710 3925 3904 3971 essent

534 4021 749 4072 sensus,
785 4022 915 4060 eum
940 4023 1014 4060 ne
1045 4007 1280 4078 quidem
1307 4007 1479 4062 verba
1510 4023 1656 4061 nova
1689 4008 1924 4062 essent?
1955 4010 2076 4064 Non
2108 4026 2388 4080 negamus
2417 4009 2478 4064 in
2507 4006 3035 4064 Pseudoisidoriano
3057 4005 3188 4076 jure
3215 4021 3334 4059 esse
3365 4005 3665 4073 nonnulla,
3687 4022 3815 4075 quas
3839 4009 3900 4060 in

537 4094 803 4164 primaeva
831 4095 1130 4166 disciplina
1156 4096 1381 4152 nonnisi
1410 4096 1688 4168 implicito
1718 4098 2166 4166 continerentur,
2196 4100 2472 4154 nonnulla
2497 4115 2744 4171 quorum
2762 4113 2876 4153 non
2901 4096 3007 4150 nisi
3036 4094 3249 4149 rariora
3275 4096 3535 4165 exempla
3560 4095 3762 4166 primis
3793 4097 3899 4150 Ec-

534 4184 721 4239 clesiae
751 4185 968 4240 saeculis
999 4186 1518 4258 suppeditarentur.
1552 4188 1957 4244 Verumtamen
1979 4189 2257 4260 ejusmodi
2283 4189 2596 4260 disciplinae
2619 4185 3008 4242 ecclesiastica:
3030 4184 3370 4238 mutationes
3383 4184 3507 4253 jam
3532 4187 3663 4238 ante
3696 4183 3901 4240 decre-

535 4273 674 4327 tales
701 4275 984 4328 confectas
1003 4291 1106 4346 pro
1127 4280 1454 4346 temporum
1473 4277 1745 4332 varietate
1773 4278 2019 4334 inductae
2046 4279 2297 4348 fuerant,
2322 4279 2406 4332 vel
2429 4278 2618 4333 induci
2643 4275 3008 4348 incipiebant,
3031 4290 3215 4345 neque
3242 4273 3395 4329 aliud
3426 4273 3522 4327 ille
3553 4273 3655 4327 sibi
3683 4291 3898 4346 propo-

535 4362 666 4432 suit,
697 4363 795 4434 qui
822 4364 1210 4420 collectionem
1243 4367 1546 4438 congessit,
1575 4367 1683 4422 nisi
1711 4385 1778 4422 ea
1807 4368 1953 4424 tueri
1985 4371 2154 4439 atque
2187 4383 2551 4439 propugnare
2581 4366 2772 4420 multis
2803 4381 2931 4419 cum
2958 4364 3100 4430 aliis,
3130 4380 3257 4434 quae
3279 4363 3396 4433 jam
3427 4363 3486 4416 in
3512 4363 3606 4434 jus
3632 4363 3898 4419 ecclesia-

534 4451 739 4506 sticum
764 4453 1008 4507 admissa
1028 4459 1084 4508 et
1100 4471 1132 4508 a
1152 4455 1528 4526 pontiﬁcibus,
1553 4473 1684 4511 eum
1707 4457 2021 4512 certissime
2063 4458 2370 4511 decretales
2389 4455 2572 4510 adhuc
2598 4456 2947 4526 ignorarent,
2979 4453 3194 4508 sancita
3219 4453 3468 4522 fuerant,
3495 4469 3622 4524 quas
3649 4453 3902 4525 denique

535 4546 755 4614 recepta
792 4543 1050 4609 fuissent,
1095 4545 1310 4601 etiamsi
1350 4565 1642 4620 nunquam
1683 4548 2147 4604 Pseudoisidorus
2182 4544 2514 4616 scripsisset.
2557 4543 2702 4607 Quid
2745 4543 2898 4614 quod
2932 4544 3105 4613 longo
3145 4541 3418 4612 temporis
3463 4544 3645 4595 tractu
3685 4542 3904 4597 nullius

536 4633 701 4700 plane
728 4632 784 4687 in
812 4634 972 4688 Italia
1000 4639 1170 4707 atque
1202 4636 1257 4690 in
1287 4637 1583 4692 Germania
1608 4638 1956 4692 auctoritatis
1985 4638 2159 4691 fuerit
2186 4634 2669 4691 Pseudoisidorus.

599 4754 734 4816 Quae
760 4754 1029 4809 adversus
1059 4757 1444 4812 Protestantes
1473 4757 1968 4828 Febronianosque
2000 4756 2322 4828 generalius
2355 4754 2503 4809 dicta
2538 4754 2841 4808 sufﬁciant.
2879 4754 3000 4808 Jam
3031 4751 3161 4807 satis
3200 4753 3256 4806 in
3295 4752 3398 4805 hoc
3430 4751 3709 4805 sudarunt
3745 4753 3900 4808 anti-

534 4842 762 4914 quiores
798 4845 997 4912 critici,
1041 4851 1102 4901 ut
1141 4846 1452 4915 Ballerinii,
1498 4847 1742 4911 Blascus,
1770 4845 2050 4913 Zaccaria,
2081 4848 2142 4898 ut
2175 4845 2439 4900 adversus
2476 4843 2796 4898 istiusmodi
2829 4843 3092 4897 homines
3129 4842 3264 4911 jura
3307 4839 3586 4910 primatus
3623 4855 3687 4893 ex
3724 4841 3902 4896 Pseu-

531 4931 980 4988 dod-ecretalibus
1021 4934 1279 5004 impetita
1318 4933 1707 4988 defenderent.
1758 4935 1863 4986 Nos
1907 4932 2031 4987 heic
2081 4934 2186 4988 loci
2227 4950 2290 4988 ea
2341 4937 2631 4988 recantare
2677 4949 2805 5003 qua:
2853 4932 3016 4986 toties
3065 4931 3215 4985 dicta
3263 4935 3396 4984 sunt
3441 4931 3902 5000 supersedemus;

530 5020 958 5093 subtilioresque
985 5027 1205 5077 tantum
1236 5022 1509 5093 quasdam
1534 5021 1911 5088 difﬁcultates,
1939 5039 2066 5094 quae
2087 5040 2118 5076 a
2145 5023 2439 5078 catholicis
2466 5022 2635 5077 etiam
2661 5037 3076 5092 nonnunquam
3105 5021 3427 5085 moventur,
3460 5019 3757 5074 solvendas
3776 5037 3900 5076 sus-

535 5108 777 5180 cipimus
807 5111 934 5179 (55).

603 5227 933 5282 Concedunt
961 5225 1190 5296 plurimi
1215 5241 1282 5280 ex
1309 5225 1537 5295 nostris,
1573 5226 1734 5280 sicuti
1758 5227 2074 5282 concedere
2105 5228 2336 5295 debent,
2368 5228 2774 5300 appellationes
2803 5227 2874 5280 ad
2909 5227 3226 5280 Romanum
3253 5226 3576 5295 pontiﬁcem
3603 5241 3902 5297 nunquam

531 5332 647 5371 non
671 5315 943 5370 admissas
962 5313 1155 5368 fuisse.
1178 5315 1582 5370 Verumtamen
1605 5315 1660 5370 id
1675 5315 1797 5386 jam
1818 5315 2151 5372 Hincmarus
2171 5318 2568 5386 contendebat,
2589 5315 2915 5388 pontiﬁcem
2933 5331 2997 5370 ex
3015 5313 3348 5386 antiquioris
3367 5314 3678 5386 disciplinas
3697 5332 3905 5382 norma

602 5565 734 5633 (53h)
767 5568 872 5635 Ap.
903 5566 1132 5620 lvonem
1160 5583 1212 5636 p.
1253 5569 1300 5620 4.
1326 5585 1372 5620 c.
1405 5570 1507 5622 232
1545 5572 1601 5622 et
1638 5569 1892 5625 Gratian.
1921 5589 2043 5626 can.
2075 5577 2157 5627 t3.
2260 5574 2392 5640 Leo,
2440 5569 3050 5640 Universalgeschichte
3085 5571 3129 5624 Il
3168 5569 3266 5624 Bd.
3311 5586 3366 5640 p.
3405 5573 3525 5637 100,
3558 5569 3810 5638 Gfrorer,
3855 5573 3893 5625 l.

533 5642 660 5698 dist.
697 5647 779 5699 16.
2262 5667 2310 5704 c.
2347 5667 2402 5719 p.
2431 5652 2555 5703 213.
2585 5649 2985 5703 Sehonemann
3009 5648 3079 5702 ad
3101 5647 3348 5702 Bohmer
3374 5648 3615 5721 princip.
3631 5649 3748 5720 jur.
3767 5666 3897 5705 can.

602 5724 708 5791 (54)
743 5723 957 5790 Luden,
986 5725 1224 5797 Allgem.
1271 5727 1603 5783 Geschichte
1635 5729 1736 5784 Th.
1772 5732 1836 5784 ll.
1875 5731 1976 5785 Bd.
2011 5733 2075 5784 ll.
2105 5749 2156 5784 c.
2265 5730 2353 5784 ed.
2386 5731 2471 5782 VII
2499 5729 2530 5800 §
2563 5731 2682 5783 122.
2713 5733 2830 5782 not.
2858 5728 2914 5782 b.

539 5804 619 5856 t0.
652 5801 978 5860 Geschichte
1005 5805 1100 5862 des
1131 5805 1443 5863 deutschen
1483 5807 1686 5863 Volkes
1716 5809 1812 5863 Bd.
1851 5810 1909 5863 V.
1943 5827 1998 5882 p.
2033 5810 2156 5864 473.
2338 5809 2445 5880 (55)
2467 5808 2548 5862 Cf.
2579 5809 2806 5868 Walter.
2841 5806 3249 5862 Kirchenrecht
3279 5807 3310 5878 §
3347 5810 3431 5862 92.
