4068 6358
1655 428 2164 484 PBOLEGOMENA.
3521 452 3589 488 xv

214 554 444 625 judices
476 554 534 609 in
561 555 854 626 provincia
884 557 968 611 rei
995 557 1263 628 delegare
1289 556 1570 626 debuisse,
1601 569 1789 625 neque
1815 554 2034 609 licitum
2063 555 2236 609 fuisse
2269 556 2488 624 dicunt,
2525 555 2682 626 quod
2712 556 2880 612 toties
2905 556 3010 628 (55)
3042 556 3322 612 declamat
3347 558 3588 613 Pseudo-

224 643 466 698 isidorus
485 648 616 699 ante
647 645 824 700 latam
856 647 1199 700 sententiam
1224 649 1513 716 suspectos
1525 643 1746 716 judices
1777 645 2153 714 appellatione
2187 646 2333 700 facta
2362 646 2681 700 excludere.
2708 649 2917 702 Verum
2949 647 3108 718 prius
3133 647 3342 718 oppido
3364 647 3590 703 falsissi-

223 749 387 787 mum
419 738 522 801 est,
552 750 685 788 cum
724 734 1073 790 Sardicensis
1117 753 1303 790 canon
1336 738 1367 790 8
1403 750 1664 804 expresse
1696 732 1844 787 dicat
1873 750 1884 787 :
1924 753 1950 784 ί(
1983 735 2042 789 Si
2089 735 2519 806 proclamaverit
2559 737 2852 807 agendum
2895 736 3000 791 sibi
3043 736 3341 808 negotium
3369 739 3430 790 in
3461 739 3590 792 urbe

224 827 410 885 Roma,
431 845 457 876 ››
479 842 670 897 neque
688 827 874 882 desint
888 825 1237 881 creberrima
1259 823 1614 896 antiquitatis
1634 823 1913 893 exempla.
1934 825 2133 894 Neque
2156 823 2346 878 minus
2369 826 2612 879 alterum
2630 829 2799 896 caput
2815 825 3187 896 rejiciendum
3209 831 3312 895 est,
3336 842 3465 879 cum
3491 827 3592 880 liu-

216 913 312 982 jus
334 914 502 984 juris,
533 916 688 987 quod
719 932 782 970 ex
821 915 941 987 ipsa
969 916 1358 986 cujuscunque
1382 912 1587 984 judicii
1617 915 1822 965 natura
1852 913 2133 982 sequitur,
2161 912 2402 983 vestigia
2425 913 2548 982 jam
2591 913 3004 985 antiquissimis
3028 915 3406 986 temporibus,
3440 922 3591 970 certa

223 1004 482 1075 exempla
499 1004 624 1075 jam
653 1009 779 1059 ante
811 1005 1122 1060 decretales
1149 1005 1235 1058 vel
1265 1002 1532 1058 conﬁctas
1557 1002 1642 1061 vel
1669 1001 2055 1072 undequaque
2085 1018 2310 1072 sparsas
2339 1006 2658 1057 occurrant.

296 1149 406 1203 Leo
429 1151 493 1202 IV
525 1166 576 1204 a.
614 1153 716 1205 850
744 1152 844 1221 (57)
876 1151 948 1204 de
969 1150 1200 1221 judiciis
1225 1149 1621 1220 episcoporum
1657 1162 1832 1216 agens
1854 1145 1976 1216 jam
2004 1147 2126 1204 haec
2157 1153 2430 1202 statuerat
2459 1165 2470 1202 :
2506 1169 2532 1198 «
2565 1151 2629 1203 Et
2653 1150 2698 1203 si
2725 1151 2873 1204 inter
2911 1167 3026 1220 eos,
3055 1168 3196 1222 quos
3229 1152 3587 1220 damnandos

223 1256 342 1292 esse
370 1240 635 1294 homines
665 1240 950 1307 dixerunt,
973 1240 1145 1295 fuerit
1171 1240 1488 1310 episcopus,
1513 1236 1611 1308 qui
1631 1252 1792 1290 suam
1819 1251 2050 1290 causam
2075 1237 2132 1290 in
2155 1238 2454 1307 praesentia
2487 1240 2762 1292 Romanae
2786 1240 2932 1294 sedis
2961 1240 3210 1312 episcopi
3235 1241 3470 1312 petierit
3491 1259 3588 1296 au-

224 1327 352 1396 diri,
383 1329 573 1382 nullus
603 1346 776 1400 super
800 1329 963 1384 illum
990 1329 1266 1384 finitivam
1294 1331 1605 1400 praesumat
1633 1327 1766 1381 dare
1801 1327 2168 1394 sententiam,
2200 1329 2298 1383 sed
2327 1329 2561 1384 omnino
2594 1330 2781 1384 audiri
2813 1347 2946 1384 eum
2974 1330 3353 1398 decernimus,
3379 1353 3406 1380 »
3433 1333 3586 1402 quod

223 1419 496 1471 statutum
527 1419 652 1488 jam
681 1423 813 1472 ante
847 1419 1038 1472 datam
1066 1418 1404 1473 sententiam
1441 1417 1903 1488 appellationem,
1935 1417 2020 1470 vel
2046 1434 2232 1472 causa:
2261 1417 2682 1473 devolutionem
2714 1418 2986 1485 admittit,
3014 1419 3312 1490 ipsamque
3339 1420 3583 1475 auditio-

221 1522 376 1572 nem,
404 1507 510 1562 boc
541 1515 628 1562 est
650 1525 941 1579 processus
980 1508 1442 1563 informationem
1472 1509 1731 1572 Romam,
1762 1505 1807 1558 si
1836 1504 2077 1559 voluerit
2104 1507 2217 1575 ille,
2253 1508 2538 1562 amandat.
2576 1509 2731 1562 Idem
2762 1507 3071 1578 Gregorius
3098 1509 3164 1562 IV
3195 1526 3246 1562 a.
3279 1511 3380 1562 835
3413 1509 3472 1564 in
3499 1511 3585 1566 fa-

219 1613 413 1652 vorem
433 1599 640 1653 Aldrici
669 1599 1126 1666 Cenomanensis,
1152 1598 1250 1670 qui
1277 1615 1310 1652 a
1334 1597 1528 1651 multis
1555 1595 1885 1656 vexabatur,
1913 1597 2188 1650 statuerat
2211 1615 2223 1650 :
2252 1596 2354 1666 (58)
2379 1619 2406 1646 «
2427 1597 2779 1666 Mandamus,
2806 1597 3008 1668 inquit,
3035 1601 3096 1650 ut
3122 1596 3167 1650 si
3185 1596 3410 1666 aliquis,
3433 1601 3586 1668 quod

219 1703 335 1740 non
354 1689 642 1758 optamus,
661 1704 896 1742 suorum
917 1689 1257 1742 armulorum
1279 1686 1568 1742 Aldricum
1587 1681 1982 1758 Cenomanicee
2005 1683 2254 1738 ecclesiae
2277 1685 2608 1756 episcopum
2631 1702 2898 1741 accusare
2920 1685 3327 1740 damnabiliter
3347 1690 3584 1742 attenta-

219 1778 382 1846 verit,
415 1785 478 1833 ut
504 1780 820 1833 honoretur
848 1779 906 1831 Β.
942 1777 1086 1832 Petri
1116 1777 1506 1848 apostolorum
1536 1773 1807 1846 principis
1844 1772 2140 1839 memoria,
2172 1773 2548 1846 Ecclesiaeque
2596 1776 2888 1842 Romanae,
2919 1775 3010 1830 cui
3048 1774 3318 1846 praesedit
3358 1775 3585 1847 privile-

217 1869 378 1939 gium
407 1871 466 1922 et
492 1867 675 1922 nostri
706 1867 952 1922 nominis
979 1867 1306 1932 auctoritas,
1337 1865 1504 1919 liceat
1532 1863 1611 1918 illi
1653 1865 1779 1934 post
1823 1863 2181 1917 auditionem
2225 1864 2541 1935 primatum
2585 1866 2913 1935 dimceseos,
2945 1865 2990 1918 si
3034 1882 3259 1920 necesse
3285 1866 3461 1921 fuerit
3485 1884 3587 1922 nos

217 1957 510 2028 appellare
543 1959 600 2010 et
625 1958 816 2010 nostra
841 1955 1174 2009 auctoritate
1197 1958 1296 2008 aut
1317 1957 1451 2008 ante
1482 1970 1604 2021 nos,
1629 1956 1726 2006 aut
1751 1959 1880 2006 ante
1904 1954 2121 2026 legatos
2148 1963 2342 2012 nostro
2371 1976 2434 2012 ex
2458 1959 2633 2013 latere
2663 1960 2881 2026 missos,
2899 1959 3063 2030 juxta
3092 1961 3329 2014 Patrum
3358 1961 3590 2015 decreta

217 2067 346 2105 suas
373 2067 640 2105 exercere
671 2054 839 2120 atque
870 2048 1034 2102 ﬁnire
1064 2047 1336 2116 actiones,
1364 2047 1664 2117 nullusque
1691 2045 1852 2099 illum
1882 2049 2013 2098 ante
2043 2045 2163 2099 haec
2187 2046 2423 2116 judicet,
2452 2052 2550 2101 aut
2569 2048 2828 2119 judicare
2858 2051 3185 2119 praesumat.
3221 2048 3330 2103 Sed
3354 2047 3399 2100 si
3425 2048 3586 2120 quid,

217 2139 369 2210 quod
389 2139 554 2205 absit,
580 2155 752 2208 grave
777 2137 1318 2208 intolerandumque
1341 2137 1392 2189 ei
1415 2136 1700 2207 objeetum
1721 2133 1914 2202 fuerit,
1937 2138 2132 2188 nostra
2160 2135 2270 2190 erit
2285 2137 2667 2207 exspectanda
2688 2154 2951 2203 censura,
2979 2141 3041 2190 ut
3063 2136 3202 2191 nihil
3225 2137 3383 2208 prius
3403 2137 3473 2191 de
3497 2153 3585 2203 eo,

220 2229 313 2298 qui
341 2228 413 2282 ad
445 2229 634 2282 sinum
662 2229 872 2281 sanctae
902 2226 1160 2281 Ecclesia:
1191 2228 1391 2281 Romae
1433 2224 1708 2294 confugit,
1738 2224 1972 2293 ejusque
2005 2223 2276 2296 implorat
2301 2227 2594 2295 auxilium,
2625 2227 2986 2295 decernatur,
3018 2243 3192 2299 quam
3233 2227 3303 2280 ab
3332 2225 3586 2296 ejusdem

223 2317 482 2371 Ecclesiae
507 2315 846 2371 auctoritate
867 2316 1036 2371 fuerit
1063 2321 1436 2388 praeceptum,
1460 2331 1587 2386 quae
1616 2314 1692 2367 sic
1713 2313 1860 2366 vices
1882 2326 2007 2365 suas
2038 2311 2159 2366 aliis
2185 2313 2501 2384 impertivit
2525 2317 2804 2385 Eeclesiis,
2829 2319 2890 2371 ut
2916 2316 2976 2370 in
3001 2322 3224 2388 partem
3244 2315 3355 2370 sint
3372 2319 3584 2370 vocatae

219 2405 638 2471 sollicitudinis,
665 2422 783 2459 non
816 2406 870 2459 in
897 2405 1314 2476 plenitudinem
1346 2403 1656 2476 potestatis.
1694 2424 1719 2449 n
1751 2401 1934 2469 Vides,
1965 2404 2252 2472 quomodo
2294 2406 2516 2460 Aldrico
2545 2407 2817 2462 concedat
2844 2409 2924 2476 ut,
2957 2406 3000 2460 si
3030 2405 3181 2473 velit,
3213 2407 3329 2460 sola
3369 2405 3581 2461 auditio

218 2511 397 2566 penes
419 2494 703 2566 synodum
737 2498 1045 2563 remaneat,
1077 2495 1363 2549 sententia
1395 2493 1496 2547 sibi
1540 2496 1880 2546 reservetur.

293 2642 368 2695 Ea
387 2657 600 2712 nempe
627 2641 813 2695 fuerat
841 2646 1167 2710 temporum
1197 2640 1468 2708 conditio,
1501 2645 1565 2693 ut
1590 2655 1815 2694 necesse
1843 2643 1990 2692 esset
2015 2655 2209 2693 causas
2239 2641 2640 2711 episcoporum
2664 2643 2850 2711 magis
2877 2647 3047 2713 atque
3079 2643 3262 2714 magis
3293 2644 3365 2697 ad
3386 2643 3583 2697 sedem

219 2729 594 2800 apostolicam
618 2729 852 2784 deferri.
890 2733 1264 2786 Praecesserat
1287 2732 1600 2800 tempestas
1628 2727 1786 2782 rudis
1815 2732 1986 2798 atque
2013 2729 2274 2796 barbara,
2306 2730 2364 2784 in
2389 2748 2503 2802 qua
2532 2749 2638 2803 per
2666 2731 2955 2802 octoginta
2979 2748 3162 2786 annos
3189 2732 3248 2786 in
3277 2732 3471 2786 Galliis
3491 2749 3585 2802 sy-

217 2818 354 2872 nodi
380 2819 593 2874 habitaa
620 2835 735 2872 non
759 2819 1003 2888 fuerant,
1031 2823 1091 2873 ut
1123 2821 1363 2873 testatur
1387 2818 1441 2873 S.
1476 2816 1792 2871 Bonifacius
1813 2816 1939 2889 (59),
1965 2819 2063 2889 qui
2089 2821 2442 2890 synodorum
2471 2821 2913 2876 celebrationem
2937 2837 3006 2875 ex
3032 2821 3318 2876 oblivione
3351 2836 3582 2896 revoca—

221 2908 316 2960 vit.
341 2908 621 2963 Restituto
648 2910 842 2962 autem
873 2907 1110 2979 pristino
1138 2907 1356 2973 ordine,
1375 2907 1685 2977 saepissime
1715 2907 2140 2978 metropolitani
2166 2925 2269 2964 suo
2289 2909 2422 2980 jure
2440 2911 2846 2979 abutebantur,
2870 2911 3192 2981 praesertim
3213 2926 3346 2965 cum
3369 2911 3580 2965 multo-

220 2998 324 3052 ties
348 3014 381 3050 a
410 2997 668 3052 smculari
697 3001 974 3068 potestate
1000 2998 1320 3069 penderent
1349 2997 1429 3050 vel
1463 2995 1718 3049 insontes
1745 2995 1893 3048 tueri
1921 3012 2037 3050 non
2071 2998 2338 3053 valerent.
2368 2999 2489 3063 Qua
2516 2999 2587 3053 de
2617 3016 2785 3054 causa
2811 2999 3138 3054 consultum
3162 2999 3285 3069 jam
3315 3017 3432 3055 non
3465 3004 3588 3070 erat

224 3086 522 3157 episcopos
549 3088 628 3141 ita
652 3103 1127 3158 quorumcumque
1157 3085 1391 3140 arbitrio
1424 3085 1670 3153 tradere,
1700 3086 1764 3137 ut
1789 3083 1980 3138 nullus
2011 3089 2160 3140 esset
2185 3104 2254 3140 ex
2284 3087 2566 3158 angustiis
2593 3089 2796 3144 exitus.

295 3233 408 3287 Hoc
429 3234 548 3304 ipso
570 3234 739 3289 modo
759 3233 931 3289 velim
961 3233 1061 3288 tibi
1092 3233 1292 3298 solvas,
1318 3247 1447 3303 quae
1468 3230 1592 3286 aliis
1613 3230 2011 3285 difﬁcultatem
2035 3232 2288 3301 pariunt,
2313 3233 2371 3287 in
2397 3249 2463 3288 eo
2486 3250 2695 3306 nempe
2716 3235 2810 3306 jus
2832 3252 3047 3289 novum
3067 3236 3366 3291 inductum
3385 3233 3579 3300 fuisse,

223 3325 372 3396 quod
403 3324 875 3379 Pseudoisidorus
908 3341 1101 3378 causas
1131 3323 1524 3394 episcoporum
1557 3319 1726 3389 plane
1757 3335 1973 3388 omnes,
2004 3338 2108 3376 nec
2134 3323 2320 3376 solum
2354 3323 2575 3393 dubias,
2607 3325 2679 3378 ad
2718 3341 2916 3379 causas
2945 3326 3191 3396 majores
3229 3323 3588 3396 pontiﬁcibus

226 3418 542 3468 reservatas
593 3413 886 3480 amandet,
941 3412 1363 3482 sententiasque
1417 3410 1476 3464 in
1524 3409 1812 3479 ejusmodi
1863 3410 2048 3464 causis
2096 3427 2129 3464 a
2179 3411 2432 3482 synodis,
2474 3412 2701 3467 nonnisi
2748 3414 3098 3470 concedente
3142 3413 3406 3486 pontiﬁce
3449 3411 3586 3467 ferri

225 3521 387 3574 posse
422 3505 553 3573 (60).

298 3651 700 3703 Verumtamen
722 3649 776 3703 id
810 3654 946 3702 tunc
972 3647 1245 3720 temporis
1274 3663 1391 3701 non
1420 3647 1574 3700 solus
1605 3645 1852 3699 Isidorus
1877 3643 2188 3715 requisivit.
2212 3645 2476 3714 Synodus
2502 3646 2813 3702 Tricassina
2839 3665 2938 3702 sex
2965 3648 3390 3718 provinciarum
3407 3663 3458 3701 a.
3482 3650 3584 3700 867

227 3738 441 3805 habita,
471 3739 560 3792 cui
594 3739 713 3808 ipse
748 3737 1086 3792 Hincmarus
1114 3735 1393 3803 interfuit,
1424 3753 1457 3790 a
1485 3734 1713 3789 Nicolao
1747 3735 1762 3787 l
1790 3733 1972 3804 petiit,
2005 3750 2075 3788 ne
2103 3734 2430 3805 episcopum
2461 3735 2672 3806 absque
2704 3736 2852 3790 sedis
2883 3738 3162 3791 Romanae
3193 3753 3472 3790 consensu
3495 3737 3588 3791 de-

227 3828 356 3897 poni
384 3831 699 3898 pateretur.
724 3828 884 3891 Quod
912 3844 1046 3882 sane
1074 3844 1192 3882 non
1223 3825 1732 3897 deprimendorum
1758 3822 2334 3893 metI‘Opolitanorum
2363 3823 2832 3895 synodorumque
2863 3841 3051 3894 causa,
3072 3825 3170 3881 sed
3200 3827 3270 3881 ad
3300 3825 3589 3881 declinan-

226 3919 356 3971 dam
387 3933 592 3988 regum
619 3934 1039 3990 procerumque
1066 3917 1202 3986 vim,
1243 3921 1303 3972 ut
1329 3915 1569 3970 validius
1612 3915 1673 3968 in
1719 3915 1971 3967 Romano
2014 3914 2279 3985 pontiﬁce
2309 3913 2641 3984 praesidium
2672 3915 2972 3983 haberent,
3003 3916 3213 3970 factum
3243 3933 3363 3971 esse
3404 3916 3584 3971 mani-

227 4008 433 4062 festum
460 4011 565 4062 est.
590 4007 896 4078 Appellant
915 4009 1151 4079 quidem
1171 4008 1244 4061 ad
1266 4006 1586 4061 Decretales
1610 4023 1623 4071 ;
1648 4004 1745 4059 sed
1771 4021 1839 4058 ex
1864 4002 2000 4074 ipsis
2029 4004 2366 4058 Hincmarus
2391 4004 2487 4074 qui
2507 4003 2632 4074 jam
2653 4019 2851 4058 eorum
2874 4005 3268 4060 auctoritatem
3291 4006 3586 4077 rejecerat,

226 4114 412 4168 neque
437 4098 585 4152 ullus
605 4114 670 4152 ex
701 4097 821 4167 ejus
842 4098 1133 4153 sodalibus
1156 4098 1212 4152 id
1228 4097 1376 4168 juris
1397 4095 1755 4166 suscepisset,
1782 4091 1898 4146 imo
1919 4092 2276 4163 postulasset,
2301 4092 2345 4146 si
2368 4109 2433 4147 ex
2459 4092 2589 4146 solis
2618 4093 2996 4148 decretalibus
3015 4095 3075 4148 id
3098 4101 3376 4163 secutum,
3397 4113 3587 4168 neque

229 4204 292 4240 ex
322 4192 436 4242 tota
461 4193 793 4259 temporum
823 4188 1144 4244 conditione
1177 4185 1556 4242 necessarium
1583 4185 1765 4238 visum
1796 4181 2014 4236 fuisset.
2038 4183 2158 4236 Jam
2187 4181 2345 4236 idem
2377 4180 2684 4252 Gregorius
2719 4183 2784 4235 IV
2808 4182 2867 4236 in
2901 4200 2989 4250 ea,
3019 4184 3089 4238 de
3117 4202 3230 4256 qua
3260 4203 3434 4256 supra
3454 4185 3589 4241 dixi-

231 4293 356 4330 mus
386 4276 649 4348 epistola,
684 4278 1044 4348 praestiterat.
1077 4277 1220 4331 Nam
1253 4274 1504 4330 concessi
1535 4273 1758 4329 Aldrico
1794 4271 2210 4326 Cenomanensi
2251 4270 2532 4341 privilegii
2561 4270 2847 4326 rationem
2890 4273 3023 4328 inde
3053 4273 3226 4346 longa
3259 4276 3586 4330 tractatione

230 4366 474 4433 deducit,
495 4367 648 4437 quod
670 4367 916 4437 majores
936 4384 1116 4422 causae
1143 4383 1208 4420 ex
1234 4368 1471 4420 Patrum
1493 4363 1724 4418 decreto
1752 4361 2020 4416 Romanis
2040 4360 2404 4432 pontiﬁcibus
2420 4361 2532 4415 sint
2552 4363 2910 4417 reservandae
2935 4381 2947 4418 :
2973 4385 3000 4412 ‹‹
3023 4366 3390 4437 Exspectandi
3413 4369 3586 4436 atque

231 4456 557 4529 corrigendi
583 4457 771 4528 magis
799 4462 931 4511 sunt
955 4461 1207 4511 rectores
1227 4454 1508 4522 Ecclesiae,
1535 4468 1707 4523 quam
1729 4451 1919 4505 statim
1948 4455 2004 4506 et
2021 4452 2233 4523 absque
2266 4456 2458 4506 nostro
2486 4451 2740 4506 consulto
2760 4452 3078 4522 judicandi,
3101 4472 3230 4509 cum
3249 4456 3472 4526 majora
3494 4472 3587 4509 ne-

233 4549 382 4616 gotia
410 4553 468 4603 et
496 4548 846 4602 difﬁciliores
877 4563 1176 4602 causarum
1204 4545 1405 4611 exitus,
1427 4547 1751 4598 sanctorum
1780 4542 2013 4595 Patrum
2043 4556 2287 4594 canones
2313 4539 2514 4611 spiritu
2548 4540 2650 4594 Dei
2677 4541 2896 4596 conditi
2919 4548 2975 4598 et
2995 4543 3172 4598 totius
3205 4544 3405 4599 mundi
3427 4561 3583 4598 reve-

235 4638 414 4691 rentia
442 4637 779 4704 consecrati,
806 4636 1052 4707 jubeant
1090 4635 1193 4688 sub
1236 4639 1448 4689 nostrae
1497 4630 1792 4686 sententiae
1823 4630 2248 4701 exspectatione
2291 4630 2582 4701 suspendi,
2614 4634 2920 4703 nostroque
2969 4633 3371 4687 moderamine
3412 4632 3584 4685 ﬁniri.

368 4728 491 4781 Non
523 4743 734 4780 novum
761 4725 978 4797 aliquid
1005 4723 1272 4796 praesenti
1295 4722 1553 4794 jussione
1578 4721 1966 4794 praecipimus,
1997 4719 2095 4773 sed
2121 4718 2238 4786 illa,
2268 4734 2395 4789 quae
2422 4719 2555 4772 olim
2580 4719 2848 4774 videntur
2878 4720 3095 4775 indulta
3123 4721 3432 4785 timemus,
3457 4735 3585 4773 cum

235 4817 370 4870 nulli
398 4816 640 4870 dubium
669 4815 758 4882 sit,
793 4814 944 4885 quod
968 4831 1086 4868 non
1119 4813 1304 4868 solum
1338 4811 1680 4883 pontiﬁcalis
1707 4810 1975 4878 causatio,
2001 4810 2101 4863 sed
2130 4807 2316 4862 omnis
2343 4811 2552 4862 sanctae
2579 4808 2868 4878 religionis
2901 4809 3115 4876 relatio,
3141 4809 3210 4862 ad
3239 4808 3433 4863 sedem
3457 4825 3589 4878 apo-

233 4906 504 4975 stolicam,
538 4905 702 4976 quasi
731 4905 800 4959 ad
833 4908 998 4975 caput
1022 4903 1403 4960 Ecclesiarum
1432 4901 1601 4956 debet
1629 4900 1853 4955 referri.
1886 4919 1912 4948 ››
1947 4898 2112 4970 Apud
2139 4898 2376 4963 Graecos,
2405 4895 2504 4968 qui
2531 4900 2682 4950 certe
2711 4895 3097 4951 Decretalihus
3124 4896 3232 4951 illis
3259 4897 3443 4968 decipi
3473 4916 3586 4952 non

233 5000 557 5066 potuerunt,
578 4995 701 5065 jam
733 4993 930 5048 eadem
959 4993 1257 5064 disciplina
1285 4992 1624 5057 invaluerat,
1655 4994 1716 5044 ut
1743 5005 1928 5044 causa:
1955 4990 2350 5060 episcoporum
2383 4985 2718 5058 patriarchis
2752 4991 3170 5041 reservarentur
3195 4989 3262 5042 ut
3287 5004 3318 5041 a
3349 4989 3588 5042 concilio

233 5083 858 5154 tionstantinOpolitano
891 5084 956 5136 lV
983 5082 1118 5137 anni
1152 5085 1255 5138 869
1283 5083 1559 5135 statutum
1587 5079 1772 5132 fuerat
1801 5079 1930 5147 (61).

302 5340 401 5405 (56)
439 5336 618 5393 Anitii
659 5353 747 5406 ep.
793 5353 840 5389 c.
873 5339 922 5388 3.
960 5334 1191 5388 Victoris
1238 5351 1329 5404 ep.
1370 5338 1412 5386 l.
1448 5351 1494 5387 c.
1527 5337 1577 5388 3.
1627 5333 1766 5387 Sixti
1812 5333 1854 5384 ll
2033 5333 2137 5401 (57)
2179 5332 2276 5400 Ep.
2318 5334 2370 5383 2.

235 5435 319 5488 ep.
365 5419 408 5472 Ι.
453 5416 590 5472 Julii
635 5432 724 5486 ep.
758 5418 813 5470 2.
852 5432 900 5468 c.
932 5417 982 5469 3.
1014 5430 1064 5468 v.
1099 5417 1182 5468 10.
1223 5413 1390 5468 Felic.
1427 5413 1470 5466 ll
1508 5427 1600 5482 ep.
1634 5415 1681 5478 1,
1712 5427 1760 5464 c.
1794 5413 1841 5463 if

758 5418 813 5470 2.
852 5432 900 5468 c.
932 5417 982 5469 3.
1014 5430 1064 5468 v.
1099 5417 1182 5468 10.
1223 5413 1390 5468 Felic.
1427 5413 1470 5466 ll
1508 5427 1600 5482 ep.
1634 5415 1681 5478 1,
1712 5427 1760 5464 c.
1794 5413 1855 5463 19
2030 5410 2136 5481 (58)
2177 5411 2277 5479 Ep.
2316 5412 2362 5462 1.

236 5487 304 5558 (in
333 5495 540 5568 quibus
565 5493 702 5549 locis
729 5491 1197 5548 Pseudoisidorus
1229 5507 1389 5545 conc.
1420 5490 1682 5544 Chalced.
1720 5506 1766 5542 c.
1797 5492 1850 5543 9.
2026 5490 2132 5558 (59)
2173 5491 2271 5568 Ep.
2308 5488 2375 5568 40
2415 5487 2483 5568 ad
2513 5487 2868 5543 Zachariam.

236 5578 296 5628 17
337 5565 643 5644 imitatur).
697 5572 926 5627 Fabiani
965 5588 1058 5642 ep.
1109 5575 1160 5626 3.
1215 5588 1263 5626 c.
1314 5574 1366 5625 2.
1413 5570 1634 5625 Felic.l
1678 5585 1767 5639 ep.
1820 5572 1853 5622 2
2026 5570 2128 5638 (60)
2176 5565 2482 5620 Eleutherii
2530 5583 2621 5638 ep.
2673 5572 2722 5622 l.
2767 5585 2816 5624 c.
2864 5573 2917 5626 2.
2951 5569 3182 5626 Victoris
3232 5588 3322 5644 ep.
3375 5579 3422 5629 l.
3471 5592 3518 5628 c.
3559 5578 3588 5629 3

231 5653 360 5708 Sixti
385 5655 455 5708 IlI
484 5670 577 5725 ep.
606 5643 636 5707 3
666 5653 815 5724 (qua:
845 5652 914 5706 ad
939 5651 1174 5706 verbum
1205 5650 1503 5722 desumpta
1527 5653 1661 5703 sunt
1679 5664 1749 5702 ex
1769 5650 1854 5702 In-
1952 5643 2257 5716 Zephyrini
2305 5659 2396 5714 ep.
2443 5649 2490 5699 1.
2521 5645 2660 5701 Sixti
2698 5649 2766 5702 ΙΙΙ
2799 5666 2890 5722 ep.
2927 5654 2974 5704 1.
3003 5651 3246 5706 Marcelli
3275 5643 3378 5723 78p.
3412 5657 3460 5706 1.
3490 5654 3588 5707 Ju-

233 5738 459 5804 terpret.
484 5749 533 5787 c.
557 5736 611 5786 2.
637 5736 725 5787 l5.
745 5732 803 5786 C.
823 5731 924 5786 Th.
949 5731 1018 5786 de
1049 5730 1234 5802 appell
1255 5729 1364 5799 (11.
1397 5728 1508 5799 30).
1545 5725 1853 5782 Eleutherii
1953 5726 2010 5780 lii
2043 5741 2133 5794 ep.
2174 5727 2218 5804 1.
2251 5740 2298 5776 c.
2331 5726 2386 5778 2.
2432 5725 2560 5780 Julii
2595 5743 2686 5797 ep.
2740 5732 2787 5782 1.
2824 5746 3065 5800 procem.
3115 5731 3313 5786 Felicis
3340 5732 3382 5786 ll
3411 5747 3502 5802 ep.
3537 5748 3587 5788 c.

232 5803 321 5882 ep.
349 5817 398 5866 1.
425 5829 474 5866 c.
507 5815 560 5866 3.
589 5811 758 5866 Felic.
809 5812 825 5863 l
877 5827 966 5880 ep.
1021 5815 1068 5865 1.
1101 5828 1149 5864 c.
1184 5813 1216 5865 8
1248 5810 1336 5874 (ex
1375 5810 1675 5879 lnterpret.
1713 5809 1828 5862 Nov

1127 5834 1149 5864 ι.
1184 5813 1216 5865 8
1248 5810 1336 5874 (ex
1375 5810 1675 5879 lnterpret.
1713 5809 1849 5862 Nov.
1957 5808 2041 5858 17.
2080 5804 2163 5856 18.
2193 5803 2354 5856 Dam.
2387 5818 2478 5873 ep.
2517 5805 2568 5858 4.
2600 5821 2648 5858 c.
2683 5807 2733 5859 2.

233 5893 481 5948 Martiani
514 5893 554 5946 l.
587 5892 656 5945 III
684 5892 742 5946 T.
767 5896 817 5944 7.
853 5895 898 5945 l.

741 5896 817 5944 ,7.
853 5895 898 5945 l.
2026 5882 2131 5954 (61)
2171 5882 2228 5936 c.
2259 5884 2347 5937 26.
