  <div class='ocr_page' id='page_1' title='image "/cluster/home/n/w/nwhite01/storage/ocr_20150623/130/umn.319510024774230/023.png"; bbox 0 0 4068 6320; ppageno 0'>
   <div class='ocr_carea' id='block_1_1' title="bbox 476 345 2948 404">
    <p class='ocr_par' dir='ltr' id='par_1_1' title="bbox 476 345 2948 404">
     <span class='ocr_line' id='line_1_1' title="bbox 476 345 2948 404; baseline -0.003 -1"><span class='ocrx_word' id='word_1_1' title='bbox 476 363 564 403; x_wconf 74' lang='lat' dir='ltr'><strong>xw</strong></span> <span class='ocrx_word' id='word_1_2' title='bbox 1349 350 1627 404; x_wconf 73' lang='lat' dir='ltr'><strong>APPEND.</strong></span> <span class='ocrx_word' id='word_1_3' title='bbox 1669 349 1755 402; x_wconf 76' lang='lat' dir='ltr'><strong>AD</strong></span> <span class='ocrx_word' id='word_1_4' title='bbox 1793 347 1952 401; x_wconf 57' lang='lat' dir='ltr'><strong>SAZC.</strong></span> <span class='ocrx_word' id='word_1_5' title='bbox 1994 346 2080 399; x_wconf 87' lang='lat' dir='ltr'><strong>1X.</strong></span> <span class='ocrx_word' id='word_1_6' title='bbox 2113 373 2180 382; x_wconf 91' lang='lat'><strong>—</strong></span> <span class='ocrx_word' id='word_1_7' title='bbox 2222 345 2530 400; x_wconf 87' lang='lat' dir='ltr'><strong>lSlDORUS</strong></span> <span class='ocrx_word' id='word_1_8' title='bbox 2570 345 2948 400; x_wconf 80' lang='lat' dir='ltr'><strong>MERGATOR.</strong></span> 
     </span>
    </p>
   </div>
   <div class='ocr_carea' id='block_1_2' title="bbox 549 469 3831 546">
    <p class='ocr_par' dir='ltr' id='par_1_2' title="bbox 549 469 3831 546">
     <span class='ocr_line' id='line_1_2' title="bbox 549 469 3831 546; baseline -0.001 -19"><span class='ocrx_word' id='word_1_9' title='bbox 549 474 764 527; x_wconf 84' lang='lat' dir='ltr'><strong>Novam</strong></span> <span class='ocrx_word' id='word_1_10' title='bbox 794 471 1045 544; x_wconf 89' lang='lat' dir='ltr'><strong>denique</strong></span> <span class='ocrx_word' id='word_1_11' title='bbox 1075 473 1272 530; x_wconf 90' lang='lat' dir='ltr'><strong>dicunt</strong></span> <span class='ocrx_word' id='word_1_12' title='bbox 1313 476 1587 546; x_wconf 87' lang='lat' dir='ltr'><strong>regulam,</strong></span> <span class='ocrx_word' id='word_1_13' title='bbox 1620 489 1747 545; x_wconf 71' lang='lat' dir='ltr'><strong>quae</strong></span> <span class='ocrx_word' id='word_1_14' title='bbox 1773 471 1990 538; x_wconf 83' lang='lat' dir='ltr'><strong>statuit,</strong></span> <span class='ocrx_word' id='word_1_15' title='bbox 2021 475 2086 525; x_wconf 89' lang='lat' dir='ltr'><strong>ut</strong></span> <span class='ocrx_word' id='word_1_16' title='bbox 2116 486 2316 525; x_wconf 89' lang='lat' dir='ltr'><strong>omnes</strong></span> <span class='ocrx_word' id='word_1_17' title='bbox 2359 471 2564 542; x_wconf 84' lang='lat' dir='ltr'><strong>synodi</strong></span> <span class='ocrx_word' id='word_1_18' title='bbox 2603 470 2777 524; x_wconf 89' lang='lat' dir='ltr'><strong>etiam</strong></span> <span class='ocrx_word' id='word_1_19' title='bbox 2822 469 3190 542; x_wconf 89' lang='lat' dir='ltr'><strong>particulares</strong></span> <span class='ocrx_word' id='word_1_20' title='bbox 3233 469 3459 523; x_wconf 89' lang='lat' dir='ltr'><strong>nonnisi</strong></span> <span class='ocrx_word' id='word_1_21' title='bbox 3502 470 3831 525; x_wconf 79' lang='lat' dir='ltr'><strong>auctoritate</strong></span> 
     </span>
    </p>
   </div>
   <div class='ocr_carea' id='block_1_3' title="bbox 473 559 3831 634">
    <p class='ocr_par' dir='ltr' id='par_1_3' title="bbox 473 559 3831 634">
     <span class='ocr_line' id='line_1_3' title="bbox 473 559 3831 634; baseline -0.001 -18"><span class='ocrx_word' id='word_1_22' title='bbox 473 561 758 632; x_wconf 84' lang='lat' dir='ltr'><strong>pontiﬁcis</strong></span> <span class='ocrx_word' id='word_1_23' title='bbox 803 562 1013 616; x_wconf 88' lang='lat' dir='ltr'><strong>summi</strong></span> <span class='ocrx_word' id='word_1_24' title='bbox 1041 563 1357 619; x_wconf 87' lang='lat' dir='ltr'><strong>habeantur</strong></span> <span class='ocrx_word' id='word_1_25' title='bbox 1384 566 1510 634; x_wconf 87' lang='lat'><strong>(62).</strong></span> <span class='ocrx_word' id='word_1_26' title='bbox 1544 564 1711 634; x_wconf 85' lang='lat' dir='ltr'><strong>Atqui</strong></span> <span class='ocrx_word' id='word_1_27' title='bbox 1761 563 1884 617; x_wconf 86' lang='lat' dir='ltr'><strong>haec</strong></span> <span class='ocrx_word' id='word_1_28' title='bbox 1922 577 1990 615; x_wconf 87' lang='lat' dir='ltr'><strong>ex</strong></span> <span class='ocrx_word' id='word_1_29' title='bbox 2037 559 2276 615; x_wconf 88' lang='lat' dir='ltr'><strong>historia</strong></span> <span class='ocrx_word' id='word_1_30' title='bbox 2319 561 2602 632; x_wconf 84' lang='lat' dir='ltr'><strong>tripartita</strong></span> <span class='ocrx_word' id='word_1_31' title='bbox 2628 559 2840 627; x_wconf 87' lang='lat' dir='ltr'><strong>hausit,</strong></span> <span class='ocrx_word' id='word_1_32' title='bbox 2871 576 2999 631; x_wconf 66' lang='lat' dir='ltr'><strong>quae</strong></span> <span class='ocrx_word' id='word_1_33' title='bbox 3028 581 3055 609; x_wconf 85' lang='lat'>«</span> <span class='ocrx_word' id='word_1_34' title='bbox 3088 559 3347 630; x_wconf 88' lang='lat' dir='ltr'><strong>regulam</strong></span> <span class='ocrx_word' id='word_1_35' title='bbox 3395 559 3831 614; x_wconf 84' lang='lat' dir='ltr'><strong>ecclesiasticam</strong></span> 
     </span>
    </p>
   </div>
   <div class='ocr_carea' id='block_1_4' title="bbox 466 648 3830 724">
    <p class='ocr_par' dir='ltr' id='par_1_4' title="bbox 466 648 3830 724">
     <span class='ocr_line' id='line_1_4' title="bbox 466 648 3830 724; baseline -0.001 -18"><span class='ocrx_word' id='word_1_36' title='bbox 466 652 670 721; x_wconf 81' lang='lat' dir='ltr'><strong>jubere</strong></span> <span class='ocrx_word' id='word_1_37' title='bbox 705 652 800 721; x_wconf 88' lang='lat' dir='ltr'><strong>ait,</strong></span> <span class='ocrx_word' id='word_1_38' title='bbox 827 669 944 706; x_wconf 89' lang='lat' dir='ltr'><strong>non</strong></span> <span class='ocrx_word' id='word_1_39' title='bbox 977 656 1246 723; x_wconf 85' lang='lat' dir='ltr'><strong>oportere</strong></span> <span class='ocrx_word' id='word_1_40' title='bbox 1281 659 1489 724; x_wconf 87' lang='lat' dir='ltr'><strong>praeter</strong></span> <span class='ocrx_word' id='word_1_41' title='bbox 1515 653 1859 708; x_wconf 89' lang='lat' dir='ltr'><strong>sententiam</strong></span> <span class='ocrx_word' id='word_1_42' title='bbox 1887 649 2128 705; x_wconf 91' lang='lat' dir='ltr'><strong>Romani</strong></span> <span class='ocrx_word' id='word_1_43' title='bbox 2158 649 2440 720; x_wconf 92' lang='lat' dir='ltr'><strong>pontiﬁcis</strong></span> <span class='ocrx_word' id='word_1_44' title='bbox 2469 649 2706 704; x_wconf 89' lang='lat' dir='ltr'><strong>concilia</strong></span> <span class='ocrx_word' id='word_1_45' title='bbox 2732 648 3004 703; x_wconf 89' lang='lat' dir='ltr'><strong>celebrari</strong></span> <span class='ocrx_word' id='word_1_46' title='bbox 3033 648 3162 720; x_wconf 90' lang='lat'><strong>(63).</strong></span> <span class='ocrx_word' id='word_1_47' title='bbox 3191 669 3217 697; x_wconf 84' lang='lat'><strong>»</strong></span> <span class='ocrx_word' id='word_1_48' title='bbox 3250 648 3387 711; x_wconf 78' lang='lat' dir='ltr'><strong>Quae</strong></span> <span class='ocrx_word' id='word_1_49' title='bbox 3417 664 3555 702; x_wconf 89' lang='lat' dir='ltr'><strong>sane</strong></span> <span class='ocrx_word' id='word_1_50' title='bbox 3582 648 3830 703; x_wconf 88' lang='lat' dir='ltr'><strong>Pseudo-</strong></span> 
     </span>
    </p>
   </div>
   <div class='ocr_carea' id='block_1_5' title="bbox 475 737 3834 813">
    <p class='ocr_par' dir='ltr' id='par_1_5' title="bbox 475 737 3834 813">
     <span class='ocr_line' id='line_1_5' title="bbox 475 737 3834 813; baseline -0.001 -21"><span class='ocrx_word' id='word_1_51' title='bbox 475 739 715 794; x_wconf 90' lang='lat' dir='ltr'><strong>isidorus</strong></span> <span class='ocrx_word' id='word_1_52' title='bbox 748 740 826 794; x_wconf 88' lang='lat' dir='ltr'><strong>ita</strong></span> <span class='ocrx_word' id='word_1_53' title='bbox 854 739 1192 796; x_wconf 79' lang='lat' dir='ltr'><strong>intellexisse</strong></span> <span class='ocrx_word' id='word_1_54' title='bbox 1226 743 1462 809; x_wconf 83' lang='lat' dir='ltr'><strong>videtur,</strong></span> <span class='ocrx_word' id='word_1_55' title='bbox 1498 747 1562 797; x_wconf 90' lang='lat' dir='ltr'><strong>ut</strong></span> <span class='ocrx_word' id='word_1_56' title='bbox 1590 758 1914 813; x_wconf 84' lang='lat' dir='ltr'><strong>expressam</strong></span> <span class='ocrx_word' id='word_1_57' title='bbox 1940 740 2229 794; x_wconf 84' lang='lat' dir='ltr'><strong>licentiam</strong></span> <span class='ocrx_word' id='word_1_58' title='bbox 2259 740 2544 812; x_wconf 90' lang='lat' dir='ltr'><strong>pontiﬁcis</strong></span> <span class='ocrx_word' id='word_1_59' title='bbox 2566 740 2911 812; x_wconf 81' lang='lat' dir='ltr'><strong>exquireret.</strong></span> <span class='ocrx_word' id='word_1_60' title='bbox 2935 741 3148 793; x_wconf 90' lang='lat' dir='ltr'><strong>Verum</strong></span> <span class='ocrx_word' id='word_1_61' title='bbox 3180 740 3236 793; x_wconf 89' lang='lat' dir='ltr'><strong>et</strong></span> <span class='ocrx_word' id='word_1_62' title='bbox 3265 739 3369 791; x_wconf 87' lang='lat' dir='ltr'><strong>hoc</strong></span> <span class='ocrx_word' id='word_1_63' title='bbox 3399 742 3531 792; x_wconf 90' lang='lat' dir='ltr'><strong>tunc</strong></span> <span class='ocrx_word' id='word_1_64' title='bbox 3560 737 3834 810; x_wconf 87' lang='lat' dir='ltr'><strong>temporis</strong></span> 
     </span>
    </p>
   </div>
   <div class='ocr_carea' id='block_1_6' title="bbox 469 827 3832 902">
    <p class='ocr_par' dir='ltr' id='par_1_6' title="bbox 469 827 3832 902">
     <span class='ocr_line' id='line_1_6' title="bbox 469 827 3832 902; baseline -0 -20"><span class='ocrx_word' id='word_1_65' title='bbox 469 828 596 899; x_wconf 89' lang='lat' dir='ltr'><strong>jam</strong></span> <span class='ocrx_word' id='word_1_66' title='bbox 620 833 751 884; x_wconf 88' lang='lat' dir='ltr'><strong>ante</strong></span> <span class='ocrx_word' id='word_1_67' title='bbox 781 834 998 884; x_wconf 84' lang='lat' dir='ltr'><strong>exortas</strong></span> <span class='ocrx_word' id='word_1_68' title='bbox 1024 831 1344 885; x_wconf 88' lang='lat' dir='ltr'><strong>Decretales</strong></span> <span class='ocrx_word' id='word_1_69' title='bbox 1374 836 1431 887; x_wconf 91' lang='lat' dir='ltr'><strong>et</strong></span> <span class='ocrx_word' id='word_1_70' title='bbox 1458 831 1672 902; x_wconf 87' lang='lat' dir='ltr'><strong>requiri</strong></span> <span class='ocrx_word' id='word_1_71' title='bbox 1703 834 1760 885; x_wconf 92' lang='lat' dir='ltr'><strong>et</strong></span> <span class='ocrx_word' id='word_1_72' title='bbox 1789 829 2073 884; x_wconf 89' lang='lat' dir='ltr'><strong>observari</strong></span> <span class='ocrx_word' id='word_1_73' title='bbox 2107 832 2382 899; x_wconf 69' lang='lat' dir='ltr'><strong>coeperat.</strong></span> <span class='ocrx_word' id='word_1_74' title='bbox 2419 828 2653 898; x_wconf 83' lang='lat' dir='ltr'><strong>Sergius</strong></span> <span class='ocrx_word' id='word_1_75' title='bbox 2681 830 2726 882; x_wconf 92' lang='lat' dir='ltr'><strong>Il</strong></span> <span class='ocrx_word' id='word_1_76' title='bbox 2746 828 2985 897; x_wconf 91' lang='lat' dir='ltr'><strong>epistola</strong></span> <span class='ocrx_word' id='word_1_77' title='bbox 3009 827 3080 881; x_wconf 91' lang='lat' dir='ltr'><strong>ad</strong></span> <span class='ocrx_word' id='word_1_78' title='bbox 3108 827 3402 898; x_wconf 90' lang='lat' dir='ltr'><strong>episcopos</strong></span> <span class='ocrx_word' id='word_1_79' title='bbox 3433 827 3832 898; x_wconf 88' lang='lat' dir='ltr'><strong>transalpinos,</strong></span> 
     </span>
    </p>
   </div>
   <div class='ocr_carea' id='block_1_7' title="bbox 477 915 3836 989">
    <p class='ocr_par' dir='ltr' id='par_1_7' title="bbox 477 915 3836 989">
     <span class='ocr_line' id='line_1_7' title="bbox 477 915 3836 989; baseline -0 -17"><span class='ocrx_word' id='word_1_80' title='bbox 477 934 590 989; x_wconf 90' lang='lat' dir='ltr'><strong>qua</strong></span> <span class='ocrx_word' id='word_1_81' title='bbox 614 935 664 973; x_wconf 90' lang='lat' dir='ltr'><strong>a.</strong></span> <span class='ocrx_word' id='word_1_82' title='bbox 696 919 797 972; x_wconf 79' lang='lat'><strong>844</strong></span> <span class='ocrx_word' id='word_1_83' title='bbox 827 920 1145 989; x_wconf 89' lang='lat' dir='ltr'><strong>Drogonem</strong></span> <span class='ocrx_word' id='word_1_84' title='bbox 1171 920 1473 974; x_wconf 87' lang='lat' dir='ltr'><strong>Metensem</strong></span> <span class='ocrx_word' id='word_1_85' title='bbox 1505 937 1674 974; x_wconf 88' lang='lat' dir='ltr'><strong>suum</strong></span> <span class='ocrx_word' id='word_1_86' title='bbox 1705 920 1764 973; x_wconf 91' lang='lat' dir='ltr'><strong>in</strong></span> <span class='ocrx_word' id='word_1_87' title='bbox 1789 919 1969 973; x_wconf 88' lang='lat' dir='ltr'><strong>Gallia</strong></span> <span class='ocrx_word' id='word_1_88' title='bbox 1999 921 2056 972; x_wconf 89' lang='lat' dir='ltr'><strong>et</strong></span> <span class='ocrx_word' id='word_1_89' title='bbox 2081 917 2385 972; x_wconf 86' lang='lat' dir='ltr'><strong>Germania</strong></span> <span class='ocrx_word' id='word_1_90' title='bbox 2412 917 2688 987; x_wconf 68' lang='lat' dir='ltr'><strong>vicarium</strong></span> <span class='ocrx_word' id='word_1_91' title='bbox 2719 916 3031 983; x_wconf 90' lang='lat' dir='ltr'><strong>constituit,</strong></span> <span class='ocrx_word' id='word_1_92' title='bbox 3057 918 3177 972; x_wconf 88' lang='lat' dir='ltr'><strong>haec</strong></span> <span class='ocrx_word' id='word_1_93' title='bbox 3203 915 3279 970; x_wconf 90' lang='lat' dir='ltr'><strong>ait</strong></span> <span class='ocrx_word' id='word_1_94' title='bbox 3307 916 3455 971; x_wconf 87' lang='lat' dir='ltr'><strong>inter</strong></span> <span class='ocrx_word' id='word_1_95' title='bbox 3478 917 3584 972; x_wconf 91' lang='lat' dir='ltr'><strong>alia</strong></span> <span class='ocrx_word' id='word_1_96' title='bbox 3608 934 3620 971; x_wconf 91' lang='lat'><strong>:</strong></span> <span class='ocrx_word' id='word_1_97' title='bbox 3648 939 3675 965; x_wconf 87' lang='grc'><em>‹‹</em></span> <span class='ocrx_word' id='word_1_98' title='bbox 3700 917 3836 971; x_wconf 88' lang='lat' dir='ltr'><strong>Huic</strong></span> 
     </span>
    </p>
   </div>
   <div class='ocr_carea' id='block_1_8' title="bbox 477 1006 3836 1080">
    <p class='ocr_par' dir='ltr' id='par_1_8' title="bbox 477 1006 3836 1080">
     <span class='ocr_line' id='line_1_8' title="bbox 477 1006 3836 1080; baseline 0 -21"><span class='ocrx_word' id='word_1_99' title='bbox 477 1007 535 1060; x_wconf 91' lang='lat' dir='ltr'><strong>in</strong></span> <span class='ocrx_word' id='word_1_100' title='bbox 553 1007 964 1078; x_wconf 80' lang='lat' dir='ltr'><strong>congregandis</strong></span> <span class='ocrx_word' id='word_1_101' title='bbox 985 1007 1350 1077; x_wconf 83' lang='lat' dir='ltr'><strong>generalibus</strong></span> <span class='ocrx_word' id='word_1_102' title='bbox 1373 1009 1604 1080; x_wconf 81' lang='lat' dir='ltr'><strong>synodis</strong></span> <span class='ocrx_word' id='word_1_103' title='bbox 1620 1009 1678 1062; x_wconf 91' lang='lat' dir='ltr'><strong>in</strong></span> <span class='ocrx_word' id='word_1_104' title='bbox 1701 1008 1966 1062; x_wconf 90' lang='lat' dir='ltr'><strong>omnibus</strong></span> <span class='ocrx_word' id='word_1_105' title='bbox 1988 1006 2394 1078; x_wconf 86' lang='lat' dir='ltr'><strong>praedictarum</strong></span> <span class='ocrx_word' id='word_1_106' title='bbox 2422 1007 2721 1078; x_wconf 83' lang='lat' dir='ltr'><strong>regionum</strong></span> <span class='ocrx_word' id='word_1_107' title='bbox 2741 1006 2998 1078; x_wconf 88' lang='lat' dir='ltr'><strong>partibus</strong></span> <span class='ocrx_word' id='word_1_108' title='bbox 3016 1011 3270 1060; x_wconf 89' lang='lat' dir='ltr'><strong>nostram</strong></span> <span class='ocrx_word' id='word_1_109' title='bbox 3292 1007 3726 1061; x_wconf 90' lang='lat' dir='ltr'><strong>commodamus</strong></span> <span class='ocrx_word' id='word_1_110' title='bbox 3744 1024 3836 1060; x_wconf 90' lang='lat' dir='ltr'><strong>au-</strong></span> 
     </span>
    </p>
   </div>
   <div class='ocr_carea' id='block_1_9' title="bbox 479 1094 3837 1168">
    <p class='ocr_par' dir='ltr' id='par_1_9' title="bbox 479 1094 3837 1168">
     <span class='ocr_line' id='line_1_9' title="bbox 479 1094 3837 1168; baseline 0.001 -21"><span class='ocrx_word' id='word_1_111' title='bbox 479 1095 823 1160; x_wconf 86' lang='lat' dir='ltr'><strong>ctoritatem,</strong></span> <span class='ocrx_word' id='word_1_112' title='bbox 843 1097 899 1148; x_wconf 92' lang='lat' dir='ltr'><strong>et</strong></span> <span class='ocrx_word' id='word_1_113' title='bbox 913 1095 1192 1166; x_wconf 86' lang='lat' dir='ltr'><strong>quidquid</strong></span> <span class='ocrx_word' id='word_1_114' title='bbox 1215 1097 1546 1167; x_wconf 86' lang='lat' dir='ltr'><strong>provinciali</strong></span> <span class='ocrx_word' id='word_1_115' title='bbox 1562 1096 1778 1167; x_wconf 85' lang='lat' dir='ltr'><strong>synodo</strong></span> <span class='ocrx_word' id='word_1_116' title='bbox 1797 1096 1971 1150; x_wconf 90' lang='lat' dir='ltr'><strong>fuerit</strong></span> <span class='ocrx_word' id='word_1_117' title='bbox 1993 1094 2315 1164; x_wconf 90' lang='lat' dir='ltr'><strong>deﬁnitum,</strong></span> <span class='ocrx_word' id='word_1_118' title='bbox 2338 1096 2411 1151; x_wconf 91' lang='lat' dir='ltr'><strong>ad</strong></span> <span class='ocrx_word' id='word_1_119' title='bbox 2433 1096 2555 1166; x_wconf 92' lang='lat' dir='ltr'><strong>ejus</strong></span> <span class='ocrx_word' id='word_1_120' title='bbox 2572 1095 2787 1166; x_wconf 90' lang='lat' dir='ltr'><strong>absque</strong></span> <span class='ocrx_word' id='word_1_121' title='bbox 2809 1096 3086 1150; x_wconf 89' lang='lat' dir='ltr'><strong>dilatione</strong></span> <span class='ocrx_word' id='word_1_122' title='bbox 3107 1096 3408 1149; x_wconf 85' lang='lat' dir='ltr'><strong>statuimus</strong></span> <span class='ocrx_word' id='word_1_123' title='bbox 3432 1097 3692 1151; x_wconf 87' lang='lat' dir='ltr'><strong>notitiam</strong></span> <span class='ocrx_word' id='word_1_124' title='bbox 3717 1114 3837 1168; x_wconf 88' lang='lat' dir='ltr'><strong>per-</strong></span> 
     </span>
    </p>
   </div>
   <div class='ocr_carea' id='block_1_10' title="bbox 480 1185 3836 1256">
    <p class='ocr_par' dir='ltr' id='par_1_10' title="bbox 480 1185 3836 1256">
     <span class='ocr_line' id='line_1_10' title="bbox 480 1185 3836 1256; baseline 0.001 -17"><span class='ocrx_word' id='word_1_125' title='bbox 480 1186 830 1239; x_wconf 90' lang='lat' dir='ltr'><strong>ducendum.</strong></span> <span class='ocrx_word' id='word_1_126' title='bbox 863 1205 889 1235; x_wconf 88' lang='lat'>»</span> <span class='ocrx_word' id='word_1_127' title='bbox 922 1186 1032 1239; x_wconf 88' lang='lat' dir='ltr'><strong>Leo</strong></span> <span class='ocrx_word' id='word_1_128' title='bbox 1057 1188 1118 1238; x_wconf 85' lang='grc' dir='ltr'><strong>ιν</strong></span> <span class='ocrx_word' id='word_1_129' title='bbox 1150 1187 1219 1239; x_wconf 93' lang='lat' dir='ltr'><strong>ad</strong></span> <span class='ocrx_word' id='word_1_130' title='bbox 1251 1187 1622 1241; x_wconf 87' lang='lat' dir='ltr'><strong>Hincmarum</strong></span> <span class='ocrx_word' id='word_1_131' title='bbox 1652 1187 1907 1241; x_wconf 89' lang='lat' dir='ltr'><strong>scribens</strong></span> <span class='ocrx_word' id='word_1_132' title='bbox 1938 1186 2068 1256; x_wconf 96' lang='lat'><strong>(64),</strong></span> <span class='ocrx_word' id='word_1_133' title='bbox 2093 1185 2402 1239; x_wconf 90' lang='lat' dir='ltr'><strong>concilium</strong></span> <span class='ocrx_word' id='word_1_134' title='bbox 2430 1185 2839 1240; x_wconf 89' lang='lat' dir='ltr'><strong>Suessionense</strong></span> <span class='ocrx_word' id='word_1_135' title='bbox 2865 1203 2898 1238; x_wconf 92' lang='lat' dir='ltr'><strong>a</strong></span> <span class='ocrx_word' id='word_1_136' title='bbox 2928 1203 2985 1240; x_wconf 89' lang='lat' dir='ltr'><strong>se</strong></span> <span class='ocrx_word' id='word_1_137' title='bbox 3014 1203 3132 1240; x_wconf 90' lang='lat' dir='ltr'><strong>non</strong></span> <span class='ocrx_word' id='word_1_138' title='bbox 3161 1186 3621 1242; x_wconf 88' lang='lat' dir='ltr'><strong>conﬁrmandum</strong></span> <span class='ocrx_word' id='word_1_139' title='bbox 3646 1188 3715 1241; x_wconf 90' lang='lat' dir='ltr'><strong>iri</strong></span> <span class='ocrx_word' id='word_1_140' title='bbox 3736 1189 3836 1242; x_wconf 90' lang='lat' dir='ltr'><strong>de-</strong></span> 
     </span>
    </p>
   </div>
   <div class='ocr_carea' id='block_1_11' title="bbox 479 1274 3835 1347">
    <p class='ocr_par' dir='ltr' id='par_1_11' title="bbox 479 1274 3835 1347">
     <span class='ocr_line' id='line_1_11' title="bbox 479 1274 3835 1347; baseline 0 -20"><span class='ocrx_word' id='word_1_141' title='bbox 479 1275 671 1342; x_wconf 88' lang='lat' dir='ltr'><strong>clarat,</strong></span> <span class='ocrx_word' id='word_1_142' title='bbox 709 1275 832 1327; x_wconf 89' lang='lat' dir='ltr'><strong>tum</strong></span> <span class='ocrx_word' id='word_1_143' title='bbox 865 1290 926 1328; x_wconf 83' lang='lat' dir='ltr'><strong>ex</strong></span> <span class='ocrx_word' id='word_1_144' title='bbox 968 1274 1091 1326; x_wconf 89' lang='lat' dir='ltr'><strong>aliis</strong></span> <span class='ocrx_word' id='word_1_145' title='bbox 1120 1275 1455 1342; x_wconf 87' lang='lat' dir='ltr'><strong>rationibus,</strong></span> <span class='ocrx_word' id='word_1_146' title='bbox 1491 1279 1611 1328; x_wconf 90' lang='lat' dir='ltr'><strong>tum</strong></span> <span class='ocrx_word' id='word_1_147' title='bbox 1643 1296 1667 1324; x_wconf 82' lang='grc' dir='ltr'><strong><em>α</em></strong></span> <span class='ocrx_word' id='word_1_148' title='bbox 1703 1291 1768 1329; x_wconf 92' lang='lat' dir='ltr'><strong>eo</strong></span> <span class='ocrx_word' id='word_1_149' title='bbox 1801 1275 1956 1346; x_wconf 91' lang='lat' dir='ltr'><strong>quod</strong></span> <span class='ocrx_word' id='word_1_150' title='bbox 2000 1275 2176 1345; x_wconf 82' lang='lat' dir='ltr'><strong>legati</strong></span> <span class='ocrx_word' id='word_1_151' title='bbox 2223 1277 2371 1330; x_wconf 91' lang='lat' dir='ltr'><strong>sedis</strong></span> <span class='ocrx_word' id='word_1_152' title='bbox 2399 1277 2721 1347; x_wconf 52' lang='lat' dir='ltr'><strong>apostolica).</strong></span> <span class='ocrx_word' id='word_1_153' title='bbox 2764 1281 3075 1347; x_wconf 69' lang='lat' dir='ltr'><strong>przesentes</strong></span> <span class='ocrx_word' id='word_1_154' title='bbox 3119 1277 3330 1331; x_wconf 88' lang='lat' dir='ltr'><strong>ibidem</strong></span> <span class='ocrx_word' id='word_1_155' title='bbox 3375 1294 3493 1332; x_wconf 90' lang='lat' dir='ltr'><strong>non</strong></span> <span class='ocrx_word' id='word_1_156' title='bbox 3536 1279 3771 1346; x_wconf 85' lang='lat' dir='ltr'><strong>fuerint,</strong></span> <span class='ocrx_word' id='word_1_157' title='bbox 3809 1299 3835 1327; x_wconf 88' lang='grc'><strong>››</strong></span> 
     </span>
    </p>
   </div>
   <div class='ocr_carea' id='block_1_12' title="bbox 479 1363 3840 1440">
    <p class='ocr_par' dir='ltr' id='par_1_12' title="bbox 479 1363 3840 1440">
     <span class='ocr_line' id='line_1_12' title="bbox 479 1363 3840 1440; baseline 0.001 -23"><span class='ocrx_word' id='word_1_158' title='bbox 479 1380 620 1435; x_wconf 88' lang='lat' dir='ltr'><strong>quos</strong></span> <span class='ocrx_word' id='word_1_159' title='bbox 643 1363 703 1417; x_wconf 91' lang='lat' dir='ltr'><strong>in</strong></span> <span class='ocrx_word' id='word_1_160' title='bbox 730 1363 935 1417; x_wconf 91' lang='lat' dir='ltr'><strong>eadem</strong></span> <span class='ocrx_word' id='word_1_161' title='bbox 962 1365 1205 1434; x_wconf 89' lang='lat' dir='ltr'><strong>epistola</strong></span> <span class='ocrx_word' id='word_1_162' title='bbox 1223 1364 1295 1419; x_wconf 91' lang='lat' dir='ltr'><strong>ad</strong></span> <span class='ocrx_word' id='word_1_163' title='bbox 1318 1365 1682 1420; x_wconf 89' lang='lat' dir='ltr'><strong>sarciendum</strong></span> <span class='ocrx_word' id='word_1_164' title='bbox 1706 1366 1988 1420; x_wconf 89' lang='lat' dir='ltr'><strong>defectum</strong></span> <span class='ocrx_word' id='word_1_165' title='bbox 2013 1365 2259 1438; x_wconf 87' lang='lat' dir='ltr'><strong>delegat,</strong></span> <span class='ocrx_word' id='word_1_166' title='bbox 2277 1367 2510 1420; x_wconf 90' lang='lat' dir='ltr'><strong>Petrum</strong></span> <span class='ocrx_word' id='word_1_167' title='bbox 2530 1366 2886 1437; x_wconf 92' lang='lat' dir='ltr'><strong>Spoletinum</strong></span> <span class='ocrx_word' id='word_1_168' title='bbox 2911 1370 2967 1421; x_wconf 88' lang='lat' dir='ltr'><strong>et</strong></span> <span class='ocrx_word' id='word_1_169' title='bbox 2983 1366 3389 1436; x_wconf 89' lang='lat' dir='ltr'><strong>cognominem</strong></span> <span class='ocrx_word' id='word_1_170' title='bbox 3409 1367 3702 1422; x_wconf 87' lang='lat' dir='ltr'><strong>Aretinum</strong></span> <span class='ocrx_word' id='word_1_171' title='bbox 3723 1368 3840 1440; x_wconf 88' lang='lat' dir='ltr'><strong>epi-</strong></span> 
     </span>
    </p>
   </div>
   <div class='ocr_carea' id='block_1_13' title="bbox 483 1469 736 1524">
    <p class='ocr_par' dir='ltr' id='par_1_13' title="bbox 483 1469 736 1524">
     <span class='ocr_line' id='line_1_13' title="bbox 483 1469 736 1524; baseline 0.004 -18"><span class='ocrx_word' id='word_1_172' title='bbox 483 1469 714 1524; x_wconf 85' lang='lat' dir='ltr'><strong>scopum</strong></span> <span class='ocrx_word' id='word_1_173' title='bbox 725 1494 736 1506; x_wconf 93' lang='lat'><strong>.</strong></span> 
     </span>
    </p>
   </div>
   <div class='ocr_carea' id='block_1_14' title="bbox 554 1561 3842 1635">
    <p class='ocr_par' dir='ltr' id='par_1_14' title="bbox 554 1561 3842 1635">
     <span class='ocr_line' id='line_1_14' title="bbox 554 1561 3842 1635; baseline 0.001 -20"><span class='ocrx_word' id='word_1_174' title='bbox 554 1561 718 1626; x_wconf 88' lang='lat' dir='ltr'><strong>Quod</strong></span> <span class='ocrx_word' id='word_1_175' title='bbox 741 1565 797 1616; x_wconf 91' lang='lat' dir='ltr'><strong>et</strong></span> <span class='ocrx_word' id='word_1_176' title='bbox 815 1562 1077 1632; x_wconf 88' lang='lat' dir='ltr'><strong>agnitum</strong></span> <span class='ocrx_word' id='word_1_177' title='bbox 1105 1563 1362 1617; x_wconf 85' lang='lat' dir='ltr'><strong>videmus</strong></span> <span class='ocrx_word' id='word_1_178' title='bbox 1383 1579 1452 1617; x_wconf 79' lang='lat' dir='ltr'><strong>ex</strong></span> <span class='ocrx_word' id='word_1_179' title='bbox 1473 1563 1658 1617; x_wconf 89' lang='lat' dir='ltr'><strong>verbis</strong></span> <span class='ocrx_word' id='word_1_180' title='bbox 1676 1563 1885 1617; x_wconf 90' lang='lat' dir='ltr'><strong>Nicolai</strong></span> <span class='ocrx_word' id='word_1_181' title='bbox 1910 1565 1929 1616; x_wconf 88' lang='grc' dir='ltr'>ι</span> <span class='ocrx_word' id='word_1_182' title='bbox 1955 1580 1966 1617; x_wconf 92' lang='lat'>:</span> <span class='ocrx_word' id='word_1_183' title='bbox 1995 1582 2023 1614; x_wconf 75' lang='grc' dir='ltr'>(ι</span> <span class='ocrx_word' id='word_1_184' title='bbox 2047 1562 2154 1634; x_wconf 91' lang='grc'>(65)</span> <span class='ocrx_word' id='word_1_185' title='bbox 2178 1562 2400 1632; x_wconf 82' lang='lat' dir='ltr'><strong>Regalis</strong></span> <span class='ocrx_word' id='word_1_186' title='bbox 2422 1562 2757 1618; x_wconf 83' lang='lat' dir='ltr'><strong>excellentia</strong></span> <span class='ocrx_word' id='word_1_187' title='bbox 2777 1566 2964 1618; x_wconf 91' lang='lat' dir='ltr'><strong>vestra</strong></span> <span class='ocrx_word' id='word_1_188' title='bbox 2985 1580 3169 1635; x_wconf 90' lang='lat' dir='ltr'><strong>nuper</strong></span> <span class='ocrx_word' id='word_1_189' title='bbox 3189 1565 3529 1635; x_wconf 84' lang='lat' dir='ltr'><strong>apostolatui</strong></span> <span class='ocrx_word' id='word_1_190' title='bbox 3551 1568 3741 1620; x_wconf 88' lang='lat' dir='ltr'><strong>nostro</strong></span> <span class='ocrx_word' id='word_1_191' title='bbox 3761 1565 3842 1618; x_wconf 92' lang='lat' dir='ltr'><strong>di-</strong></span> 
     </span>
    </p>
   </div>
   <div class='ocr_carea' id='block_1_15' title="bbox 482 1649 3841 1726">
    <p class='ocr_par' dir='ltr' id='par_1_15' title="bbox 482 1649 3841 1726">
     <span class='ocr_line' id='line_1_15' title="bbox 482 1649 3841 1726; baseline 0.002 -23"><span class='ocrx_word' id='word_1_192' title='bbox 482 1649 652 1711; x_wconf 84' lang='lat' dir='ltr'><strong>rexit,</strong></span> <span class='ocrx_word' id='word_1_193' title='bbox 676 1653 742 1703; x_wconf 90' lang='lat' dir='ltr'><strong>ut</strong></span> <span class='ocrx_word' id='word_1_194' title='bbox 762 1667 865 1720; x_wconf 92' lang='lat' dir='ltr'><strong>pro</strong></span> <span class='ocrx_word' id='word_1_195' title='bbox 895 1651 1242 1720; x_wconf 91' lang='lat' dir='ltr'><strong>perﬁcienda</strong></span> <span class='ocrx_word' id='word_1_196' title='bbox 1274 1652 1493 1721; x_wconf 89' lang='lat' dir='ltr'><strong>synodo</strong></span> <span class='ocrx_word' id='word_1_197' title='bbox 1523 1652 1726 1706; x_wconf 90' lang='lat' dir='ltr'><strong>missos</strong></span> <span class='ocrx_word' id='word_1_198' title='bbox 1753 1669 1783 1705; x_wconf 94' lang='lat' dir='ltr'><strong>e</strong></span> <span class='ocrx_word' id='word_1_199' title='bbox 1811 1653 1984 1706; x_wconf 89' lang='lat' dir='ltr'><strong>latere</strong></span> <span class='ocrx_word' id='word_1_200' title='bbox 2018 1653 2211 1705; x_wconf 89' lang='lat' dir='ltr'><strong>nostro</strong></span> <span class='ocrx_word' id='word_1_201' title='bbox 2240 1650 2485 1721; x_wconf 88' lang='lat' dir='ltr'><strong>dirigere</strong></span> <span class='ocrx_word' id='word_1_202' title='bbox 2514 1651 2905 1723; x_wconf 88' lang='lat' dir='ltr'><strong>dignaremur.</strong></span> <span class='ocrx_word' id='word_1_203' title='bbox 2933 1674 2959 1702; x_wconf 78' lang='lat' dir='ltr'><em>n</em></span> <span class='ocrx_word' id='word_1_204' title='bbox 2983 1653 3138 1708; x_wconf 91' lang='lat' dir='ltr'><strong>Idem</strong></span> <span class='ocrx_word' id='word_1_205' title='bbox 3166 1670 3337 1725; x_wconf 90' lang='lat' dir='ltr'><strong>porro</strong></span> <span class='ocrx_word' id='word_1_206' title='bbox 3363 1655 3627 1726; x_wconf 85' lang='lat' dir='ltr'><strong>religiose</strong></span> <span class='ocrx_word' id='word_1_207' title='bbox 3651 1655 3841 1709; x_wconf 84' lang='lat' dir='ltr'><strong>obser-</strong></span> 
     </span>
    </p>
   </div>
   <div class='ocr_carea' id='block_1_16' title="bbox 483 1739 3839 1814">
    <p class='ocr_par' dir='ltr' id='par_1_16' title="bbox 483 1739 3839 1814">
     <span class='ocr_line' id='line_1_16' title="bbox 483 1739 3839 1814; baseline 0.002 -23"><span class='ocrx_word' id='word_1_208' title='bbox 483 1745 674 1794; x_wconf 89' lang='lat' dir='ltr'><strong>vatum</strong></span> <span class='ocrx_word' id='word_1_209' title='bbox 705 1740 889 1795; x_wconf 86' lang='lat' dir='ltr'><strong>fuerat</strong></span> <span class='ocrx_word' id='word_1_210' title='bbox 913 1758 946 1794; x_wconf 89' lang='lat' dir='ltr'><strong>a</strong></span> <span class='ocrx_word' id='word_1_211' title='bbox 966 1743 1020 1796; x_wconf 94' lang='lat' dir='ltr'><strong>S.</strong></span> <span class='ocrx_word' id='word_1_212' title='bbox 1054 1741 1362 1808; x_wconf 89' lang='lat' dir='ltr'><strong>Bonifacio,</strong></span> <span class='ocrx_word' id='word_1_213' title='bbox 1390 1740 1488 1812; x_wconf 91' lang='lat' dir='ltr'><strong>qui</strong></span> <span class='ocrx_word' id='word_1_214' title='bbox 1517 1759 1634 1796; x_wconf 91' lang='lat' dir='ltr'><strong>non</strong></span> <span class='ocrx_word' id='word_1_215' title='bbox 1660 1743 1845 1796; x_wconf 90' lang='lat' dir='ltr'><strong>solum</strong></span> <span class='ocrx_word' id='word_1_216' title='bbox 1878 1742 1948 1796; x_wconf 93' lang='lat' dir='ltr'><strong>ad</strong></span> <span class='ocrx_word' id='word_1_217' title='bbox 1978 1739 2228 1811; x_wconf 86' lang='lat' dir='ltr'><strong>synodos</strong></span> <span class='ocrx_word' id='word_1_218' title='bbox 2253 1740 2565 1809; x_wconf 88' lang='lat' dir='ltr'><strong>habendas,</strong></span> <span class='ocrx_word' id='word_1_219' title='bbox 2595 1740 2802 1813; x_wconf 89' lang='lat' dir='ltr'><strong>quibus</strong></span> <span class='ocrx_word' id='word_1_220' title='bbox 2828 1741 2890 1796; x_wconf 92' lang='lat' dir='ltr'><strong>in</strong></span> <span class='ocrx_word' id='word_1_221' title='bbox 2914 1741 3103 1796; x_wconf 92' lang='lat' dir='ltr'><strong>Galliis</strong></span> <span class='ocrx_word' id='word_1_222' title='bbox 3130 1743 3417 1813; x_wconf 75' lang='lat' dir='ltr'><strong>praesedit,</strong></span> <span class='ocrx_word' id='word_1_223' title='bbox 3444 1744 3548 1814; x_wconf 89' lang='grc'>(66)</span> <span class='ocrx_word' id='word_1_224' title='bbox 3571 1744 3741 1797; x_wconf 92' lang='lat' dir='ltr'><strong>etiam</strong></span> <span class='ocrx_word' id='word_1_225' title='bbox 3767 1744 3839 1797; x_wconf 90' lang='lat' dir='ltr'><strong>ad</strong></span> 
     </span>
    </p>
   </div>
   <div class='ocr_carea' id='block_1_17' title="bbox 483 1829 3838 1904">
    <p class='ocr_par' dir='ltr' id='par_1_17' title="bbox 483 1829 3838 1904">
     <span class='ocr_line' id='line_1_17' title="bbox 483 1829 3838 1904; baseline 0.002 -22"><span class='ocrx_word' id='word_1_226' title='bbox 483 1845 574 1882; x_wconf 91' lang='lat' dir='ltr'><strong>eas</strong></span> <span class='ocrx_word' id='word_1_227' title='bbox 607 1846 744 1899; x_wconf 87' lang='lat' dir='ltr'><strong>quas</strong></span> <span class='ocrx_word' id='word_1_228' title='bbox 771 1829 830 1883; x_wconf 89' lang='lat' dir='ltr'><strong>in</strong></span> <span class='ocrx_word' id='word_1_229' title='bbox 857 1830 1157 1885; x_wconf 83' lang='lat' dir='ltr'><strong>Germania</strong></span> <span class='ocrx_word' id='word_1_230' title='bbox 1192 1831 1315 1901; x_wconf 90' lang='lat' dir='ltr'><strong>jam</strong></span> <span class='ocrx_word' id='word_1_231' title='bbox 1354 1829 1808 1902; x_wconf 89' lang='lat' dir='ltr'><strong>archiepiscopus</strong></span> <span class='ocrx_word' id='word_1_232' title='bbox 1839 1829 2169 1898; x_wconf 87' lang='lat' dir='ltr'><strong>celebravit,</strong></span> <span class='ocrx_word' id='word_1_233' title='bbox 2197 1834 2302 1901; x_wconf 87' lang='lat'><strong>(67)</strong></span> <span class='ocrx_word' id='word_1_234' title='bbox 2333 1831 2729 1886; x_wconf 89' lang='lat' dir='ltr'><strong>auctoritatem</strong></span> <span class='ocrx_word' id='word_1_235' title='bbox 2757 1831 2905 1886; x_wconf 87' lang='lat' dir='ltr'><strong>sedis</strong></span> <span class='ocrx_word' id='word_1_236' title='bbox 2949 1831 3275 1902; x_wconf 77' lang='lat' dir='ltr'><strong>apostolicae</strong></span> <span class='ocrx_word' id='word_1_237' title='bbox 3308 1832 3541 1904; x_wconf 86' lang='lat' dir='ltr'><strong>expetiit</strong></span> <span class='ocrx_word' id='word_1_238' title='bbox 3566 1838 3622 1887; x_wconf 91' lang='lat' dir='ltr'><strong>et</strong></span> <span class='ocrx_word' id='word_1_239' title='bbox 3655 1835 3838 1904; x_wconf 92' lang='lat' dir='ltr'><strong>impe-</strong></span> 
     </span>
    </p>
   </div>
   <div class='ocr_carea' id='block_1_18' title="bbox 485 1919 3842 1991">
    <p class='ocr_par' dir='ltr' id='par_1_18' title="bbox 485 1919 3842 1991">
     <span class='ocr_line' id='line_1_18' title="bbox 485 1919 3842 1991; baseline 0.002 -20"><span class='ocrx_word' id='word_1_240' title='bbox 485 1919 670 1972; x_wconf 90' lang='lat' dir='ltr'><strong>travit.</strong></span> <span class='ocrx_word' id='word_1_241' title='bbox 690 1919 848 1982; x_wconf 88' lang='lat' dir='ltr'><strong>Quod</strong></span> <span class='ocrx_word' id='word_1_242' title='bbox 867 1923 1058 1973; x_wconf 91' lang='lat' dir='ltr'><strong>autem</strong></span> <span class='ocrx_word' id='word_1_243' title='bbox 1088 1935 1292 1988; x_wconf 89' lang='lat' dir='ltr'><strong>parum</strong></span> <span class='ocrx_word' id='word_1_244' title='bbox 1315 1919 1417 1974; x_wconf 92' lang='lat' dir='ltr'><strong>hac</strong></span> <span class='ocrx_word' id='word_1_245' title='bbox 1445 1919 1504 1972; x_wconf 87' lang='lat' dir='ltr'><strong>in</strong></span> <span class='ocrx_word' id='word_1_246' title='bbox 1532 1936 1592 1974; x_wconf 89' lang='lat' dir='ltr'><strong>re</strong></span> <span class='ocrx_word' id='word_1_247' title='bbox 1618 1919 1930 1989; x_wconf 82' lang='lat' dir='ltr'><strong>effecerint,</strong></span> <span class='ocrx_word' id='word_1_248' title='bbox 1958 1919 2161 1976; x_wconf 85' lang='lat' dir='ltr'><strong>exinde</strong></span> <span class='ocrx_word' id='word_1_249' title='bbox 2188 1923 2342 1990; x_wconf 89' lang='lat' dir='ltr'><strong>patet</strong></span> <span class='ocrx_word' id='word_1_250' title='bbox 2370 1920 2526 1991; x_wconf 92' lang='lat' dir='ltr'><strong>quod</strong></span> <span class='ocrx_word' id='word_1_251' title='bbox 2555 1921 2921 1990; x_wconf 90' lang='lat' dir='ltr'><strong>postmodum</strong></span> <span class='ocrx_word' id='word_1_252' title='bbox 2947 1922 3004 1976; x_wconf 92' lang='lat' dir='ltr'><strong>id</strong></span> <span class='ocrx_word' id='word_1_253' title='bbox 3025 1922 3084 1976; x_wconf 87' lang='lat' dir='ltr'><strong>in</strong></span> <span class='ocrx_word' id='word_1_254' title='bbox 3107 1939 3271 1977; x_wconf 91' lang='lat' dir='ltr'><strong>usum</strong></span> <span class='ocrx_word' id='word_1_255' title='bbox 3299 1939 3416 1977; x_wconf 90' lang='lat' dir='ltr'><strong>non</strong></span> <span class='ocrx_word' id='word_1_256' title='bbox 3445 1923 3756 1990; x_wconf 89' lang='lat' dir='ltr'><strong>transierit,</strong></span> <span class='ocrx_word' id='word_1_257' title='bbox 3779 1926 3842 1977; x_wconf 91' lang='lat' dir='ltr'><strong>ut</strong></span> 
     </span>
    </p>
   </div>
   <div class='ocr_carea' id='block_1_19' title="bbox 482 2007 2767 2082">
    <p class='ocr_par' dir='ltr' id='par_1_19' title="bbox 482 2007 2767 2082">
     <span class='ocr_line' id='line_1_19' title="bbox 482 2007 2767 2082; baseline 0.002 -21"><span class='ocrx_word' id='word_1_258' title='bbox 482 2011 638 2062; x_wconf 90' lang='lat' dir='ltr'><strong>tanto</strong></span> <span class='ocrx_word' id='word_1_259' title='bbox 665 2007 856 2079; x_wconf 89' lang='lat' dir='ltr'><strong>rigore</strong></span> <span class='ocrx_word' id='word_1_260' title='bbox 886 2007 1141 2077; x_wconf 88' lang='lat' dir='ltr'><strong>specialis</strong></span> <span class='ocrx_word' id='word_1_261' title='bbox 1170 2007 1268 2061; x_wconf 89' lang='lat' dir='ltr'><strong>illa</strong></span> <span class='ocrx_word' id='word_1_262' title='bbox 1297 2009 1583 2078; x_wconf 89' lang='lat' dir='ltr'><strong>pontiﬁcis</strong></span> <span class='ocrx_word' id='word_1_263' title='bbox 1601 2008 1783 2079; x_wconf 84' lang='lat' dir='ltr'><strong>jussio</strong></span> <span class='ocrx_word' id='word_1_264' title='bbox 1811 2013 1866 2063; x_wconf 92' lang='lat' dir='ltr'><strong>et</strong></span> <span class='ocrx_word' id='word_1_265' title='bbox 1893 2010 2200 2063; x_wconf 86' lang='lat' dir='ltr'><strong>auctoritas</strong></span> <span class='ocrx_word' id='word_1_266' title='bbox 2225 2009 2614 2080; x_wconf 88' lang='lat' dir='ltr'><strong>requireretur</strong></span> <span class='ocrx_word' id='word_1_267' title='bbox 2641 2011 2767 2082; x_wconf 92' lang='lat'><strong>(68).</strong></span> 
     </span>
    </p>
   </div>
   <div class='ocr_carea' id='block_1_20' title="bbox 553 2116 3841 2192">
    <p class='ocr_par' dir='ltr' id='par_1_20' title="bbox 553 2116 3841 2192">
     <span class='ocr_line' id='line_1_20' title="bbox 553 2116 3841 2192; baseline 0.002 -23"><span class='ocrx_word' id='word_1_268' title='bbox 553 2116 640 2170; x_wconf 78' lang='lat' dir='ltr'><strong>Ad</strong></span> <span class='ocrx_word' id='word_1_269' title='bbox 666 2116 924 2171; x_wconf 89' lang='lat' dir='ltr'><strong>inaudita</strong></span> <span class='ocrx_word' id='word_1_270' title='bbox 942 2133 1070 2188; x_wconf 76' lang='lat' dir='ltr'><strong>quae</strong></span> <span class='ocrx_word' id='word_1_271' title='bbox 1089 2135 1122 2171; x_wconf 89' lang='lat' dir='ltr'><strong>a</strong></span> <span class='ocrx_word' id='word_1_272' title='bbox 1149 2117 1580 2171; x_wconf 88' lang='lat' dir='ltr'><strong>Pseudoisidoro</strong></span> <span class='ocrx_word' id='word_1_273' title='bbox 1606 2116 1843 2172; x_wconf 90' lang='lat' dir='ltr'><strong>inducta</strong></span> <span class='ocrx_word' id='word_1_274' title='bbox 1872 2116 2104 2182; x_wconf 86' lang='lat' dir='ltr'><strong>fuerint,</strong></span> <span class='ocrx_word' id='word_1_275' title='bbox 2125 2116 2345 2171; x_wconf 91' lang='lat' dir='ltr'><strong>addidit</strong></span> <span class='ocrx_word' id='word_1_276' title='bbox 2372 2117 2620 2172; x_wconf 90' lang='lat' dir='ltr'><strong>Theiner</strong></span> <span class='ocrx_word' id='word_1_277' title='bbox 2643 2119 2805 2172; x_wconf 91' lang='lat' dir='ltr'><strong>illam</strong></span> <span class='ocrx_word' id='word_1_278' title='bbox 2835 2119 3305 2189; x_wconf 86' lang='lat' dir='ltr'><strong>propositionem,</strong></span> <span class='ocrx_word' id='word_1_279' title='bbox 3330 2120 3573 2192; x_wconf 88' lang='lat' dir='ltr'><strong>primam</strong></span> <span class='ocrx_word' id='word_1_280' title='bbox 3597 2122 3787 2176; x_wconf 86' lang='lat' dir='ltr'><strong>sedem</strong></span> <span class='ocrx_word' id='word_1_281' title='bbox 3809 2139 3841 2175; x_wconf 88' lang='lat' dir='ltr'><strong>a</strong></span> 
     </span>
    </p>
   </div>
   <div class='ocr_carea' id='block_1_21' title="bbox 484 2205 3840 2280">
    <p class='ocr_par' dir='ltr' id='par_1_21' title="bbox 484 2205 3840 2280">
     <span class='ocr_line' id='line_1_21' title="bbox 484 2205 3840 2280; baseline 0.002 -22"><span class='ocrx_word' id='word_1_282' title='bbox 484 2205 717 2259; x_wconf 91' lang='lat' dir='ltr'><strong>nemine</strong></span> <span class='ocrx_word' id='word_1_283' title='bbox 745 2206 803 2260; x_wconf 92' lang='lat' dir='ltr'><strong>in</strong></span> <span class='ocrx_word' id='word_1_284' title='bbox 837 2207 1000 2260; x_wconf 87' lang='lat' dir='ltr'><strong>terris</strong></span> <span class='ocrx_word' id='word_1_285' title='bbox 1021 2207 1290 2276; x_wconf 89' lang='lat' dir='ltr'><strong>judicari.</strong></span> <span class='ocrx_word' id='word_1_286' title='bbox 1319 2210 1389 2261; x_wconf 88' lang='lat' dir='ltr'><strong>At</strong></span> <span class='ocrx_word' id='word_1_287' title='bbox 1414 2207 1733 2262; x_wconf 88' lang='lat' dir='ltr'><strong>doctrinam</strong></span> <span class='ocrx_word' id='word_1_288' title='bbox 1762 2207 1918 2260; x_wconf 90' lang='lat' dir='ltr'><strong>illam</strong></span> <span class='ocrx_word' id='word_1_289' title='bbox 1945 2205 2173 2260; x_wconf 89' lang='lat' dir='ltr'><strong>nonnisi</strong></span> <span class='ocrx_word' id='word_1_290' title='bbox 2200 2206 2258 2260; x_wconf 93' lang='lat' dir='ltr'><strong>in</strong></span> <span class='ocrx_word' id='word_1_291' title='bbox 2291 2207 2430 2261; x_wconf 88' lang='lat' dir='ltr'><strong>actis</strong></span> <span class='ocrx_word' id='word_1_292' title='bbox 2460 2208 2727 2278; x_wconf 85' lang='lat' dir='ltr'><strong>Sylvestri</strong></span> <span class='ocrx_word' id='word_1_293' title='bbox 2752 2207 2862 2279; x_wconf 87' lang='lat'><strong>(69)</strong></span> <span class='ocrx_word' id='word_1_294' title='bbox 2890 2208 3358 2264; x_wconf 86' lang='lat' dir='ltr'><strong>Pseudoisidorus</strong></span> <span class='ocrx_word' id='word_1_295' title='bbox 3384 2210 3659 2280; x_wconf 86' lang='lat' dir='ltr'><strong>exposuit,</strong></span> <span class='ocrx_word' id='word_1_296' title='bbox 3690 2227 3840 2280; x_wconf 88' lang='lat' dir='ltr'><strong>quae,</strong></span> 
     </span>
    </p>
   </div>
   <div class='ocr_carea' id='block_1_22' title="bbox 484 2294 3845 2368">
    <p class='ocr_par' dir='ltr' id='par_1_22' title="bbox 484 2294 3845 2368">
     <span class='ocr_line' id='line_1_22' title="bbox 484 2294 3845 2368; baseline 0.002 -21"><span class='ocrx_word' id='word_1_297' title='bbox 484 2294 618 2349; x_wconf 91' lang='lat' dir='ltr'><strong>licet</strong></span> <span class='ocrx_word' id='word_1_298' title='bbox 637 2297 983 2367; x_wconf 86' lang='lat' dir='ltr'><strong>apocrypha,</strong></span> <span class='ocrx_word' id='word_1_299' title='bbox 1003 2297 1160 2350; x_wconf 90' lang='lat' dir='ltr'><strong>nullo</strong></span> <span class='ocrx_word' id='word_1_300' title='bbox 1183 2302 1378 2350; x_wconf 87' lang='lat' dir='ltr'><strong>tamen</strong></span> <span class='ocrx_word' id='word_1_301' title='bbox 1403 2297 1726 2368; x_wconf 88' lang='lat' dir='ltr'><strong>antiquiora</strong></span> <span class='ocrx_word' id='word_1_302' title='bbox 1746 2300 1897 2350; x_wconf 89' lang='lat' dir='ltr'><strong>sunt.</strong></span> <span class='ocrx_word' id='word_1_303' title='bbox 1916 2295 2132 2349; x_wconf 90' lang='lat' dir='ltr'><strong>Pluries</strong></span> <span class='ocrx_word' id='word_1_304' title='bbox 2151 2295 2210 2350; x_wconf 90' lang='lat' dir='ltr'><strong>id</strong></span> <span class='ocrx_word' id='word_1_305' title='bbox 2229 2295 2402 2350; x_wconf 88' lang='lat' dir='ltr'><strong>etiam</strong></span> <span class='ocrx_word' id='word_1_306' title='bbox 2422 2297 2482 2350; x_wconf 94' lang='lat' dir='ltr'><strong>in</strong></span> <span class='ocrx_word' id='word_1_307' title='bbox 2505 2297 2771 2367; x_wconf 91' lang='lat' dir='ltr'><strong>genuinis</strong></span> <span class='ocrx_word' id='word_1_308' title='bbox 2795 2298 3147 2351; x_wconf 92' lang='lat' dir='ltr'><strong>documentis</strong></span> <span class='ocrx_word' id='word_1_309' title='bbox 3171 2303 3302 2351; x_wconf 89' lang='lat' dir='ltr'><strong>ante</strong></span> <span class='ocrx_word' id='word_1_310' title='bbox 3324 2298 3603 2352; x_wconf 91' lang='lat' dir='ltr'><strong>Isidorum</strong></span> <span class='ocrx_word' id='word_1_311' title='bbox 3626 2299 3845 2353; x_wconf 92' lang='lat' dir='ltr'><strong>dictum</strong></span> 
     </span>
    </p>
   </div>
   <div class='ocr_carea' id='block_1_23' title="bbox 484 2372 3843 2458">
    <p class='ocr_par' dir='ltr' id='par_1_23' title="bbox 484 2372 3843 2458">
     <span class='ocr_line' id='line_1_23' title="bbox 484 2372 3843 2458; baseline 0.002 -22"><span class='ocrx_word' id='word_1_312' title='bbox 484 2383 771 2453; x_wconf 90' lang='lat' dir='ltr'><strong>reperitur</strong></span> <span class='ocrx_word' id='word_1_313' title='bbox 804 2386 929 2453; x_wconf 87' lang='lat'><strong>(70).</strong></span> <span class='ocrx_word' id='word_1_314' title='bbox 962 2372 1209 2439; x_wconf 86' lang='lat' dir='ltr'><strong>Leonem</strong></span> <span class='ocrx_word' id='word_1_315' title='bbox 1241 2386 1308 2438; x_wconf 86' lang='grc' dir='ltr'><strong>ΙΙΙ</strong></span> <span class='ocrx_word' id='word_1_316' title='bbox 1348 2391 1672 2439; x_wconf 90' lang='lat' dir='ltr'><strong>accusatum</strong></span> <span class='ocrx_word' id='word_1_317' title='bbox 1702 2386 1896 2438; x_wconf 89' lang='lat' dir='ltr'><strong>Patres</strong></span> <span class='ocrx_word' id='word_1_318' title='bbox 1939 2385 2141 2455; x_wconf 87' lang='lat' dir='ltr'><strong>synodi</strong></span> <span class='ocrx_word' id='word_1_319' title='bbox 2181 2387 2452 2442; x_wconf 83' lang='lat' dir='ltr'><strong>Romanae</strong></span> <span class='ocrx_word' id='word_1_320' title='bbox 2495 2388 2687 2458; x_wconf 86' lang='lat' dir='ltr'><strong>paucis</strong></span> <span class='ocrx_word' id='word_1_321' title='bbox 2738 2390 2872 2441; x_wconf 90' lang='lat' dir='ltr'><strong>ante</strong></span> <span class='ocrx_word' id='word_1_322' title='bbox 2915 2387 3078 2440; x_wconf 89' lang='lat' dir='ltr'><strong>annis</strong></span> <span class='ocrx_word' id='word_1_323' title='bbox 3120 2405 3173 2440; x_wconf 93' lang='lat' dir='ltr'><strong>a.</strong></span> <span class='ocrx_word' id='word_1_324' title='bbox 3204 2390 3307 2441; x_wconf 90' lang='lat'><strong>800</strong></span> <span class='ocrx_word' id='word_1_325' title='bbox 3338 2404 3372 2440; x_wconf 92' lang='lat' dir='ltr'><strong>a</strong></span> <span class='ocrx_word' id='word_1_326' title='bbox 3405 2387 3604 2442; x_wconf 85' lang='lat' dir='ltr'><strong>Carolo</strong></span> <span class='ocrx_word' id='word_1_327' title='bbox 3644 2389 3843 2458; x_wconf 88' lang='lat' dir='ltr'><strong>Magno</strong></span> 
     </span>
    </p>
   </div>
   <div class='ocr_carea' id='block_1_24' title="bbox 486 2474 3841 2547">
    <p class='ocr_par' dir='ltr' id='par_1_24' title="bbox 486 2474 3841 2547">
     <span class='ocr_line' id='line_1_24' title="bbox 486 2474 3841 2547; baseline 0.001 -20"><span class='ocrx_word' id='word_1_328' title='bbox 486 2477 847 2545; x_wconf 67' lang='lat' dir='ltr'><strong>congregatae</strong></span> <span class='ocrx_word' id='word_1_329' title='bbox 870 2474 1132 2545; x_wconf 89' lang='lat' dir='ltr'><strong>judicare</strong></span> <span class='ocrx_word' id='word_1_330' title='bbox 1162 2475 1635 2530; x_wconf 89' lang='lat' dir='ltr'><strong>detrectaverunt.</strong></span> <span class='ocrx_word' id='word_1_331' title='bbox 1669 2475 1945 2545; x_wconf 88' lang='lat' dir='ltr'><strong>Gregorio</strong></span> <span class='ocrx_word' id='word_1_332' title='bbox 1978 2475 2044 2527; x_wconf 86' lang='lat' dir='ltr'><strong>IV</strong></span> <span class='ocrx_word' id='word_1_333' title='bbox 2074 2474 2245 2528; x_wconf 90' lang='lat' dir='ltr'><strong>minis</strong></span> <span class='ocrx_word' id='word_1_334' title='bbox 2271 2476 2667 2546; x_wconf 90' lang='lat' dir='ltr'><strong>episcoporum</strong></span> <span class='ocrx_word' id='word_1_335' title='bbox 2694 2477 3010 2531; x_wconf 83' lang='lat' dir='ltr'><strong>Germaniae</strong></span> <span class='ocrx_word' id='word_1_336' title='bbox 3037 2477 3462 2547; x_wconf 89' lang='lat' dir='ltr'><strong>perterrefacto,</strong></span> <span class='ocrx_word' id='word_1_337' title='bbox 3494 2476 3673 2543; x_wconf 71' lang='lat' dir='ltr'><strong>&#39;Wala,</strong></span> <span class='ocrx_word' id='word_1_338' title='bbox 3703 2478 3841 2530; x_wconf 85' lang='lat' dir='ltr'><strong>Cor-</strong></span> 
     </span>
    </p>
   </div>
   <div class='ocr_carea' id='block_1_25' title="bbox 483 2563 3840 2637">
    <p class='ocr_par' dir='ltr' id='par_1_25' title="bbox 483 2563 3840 2637">
     <span class='ocr_line' id='line_1_25' title="bbox 483 2563 3840 2637; baseline 0.001 -21"><span class='ocrx_word' id='word_1_339' title='bbox 483 2563 729 2618; x_wconf 89' lang='lat' dir='ltr'><strong>beiensis</strong></span> <span class='ocrx_word' id='word_1_340' title='bbox 756 2564 931 2618; x_wconf 90' lang='lat' dir='ltr'><strong>abbas</strong></span> <span class='ocrx_word' id='word_1_341' title='bbox 959 2565 1434 2619; x_wconf 90' lang='lat' dir='ltr'><strong>documentorum</strong></span> <span class='ocrx_word' id='word_1_342' title='bbox 1461 2565 1721 2636; x_wconf 90' lang='lat' dir='ltr'><strong>syllogen</strong></span> <span class='ocrx_word' id='word_1_343' title='bbox 1747 2580 1798 2618; x_wconf 91' lang='lat' dir='ltr'><strong>a.</strong></span> <span class='ocrx_word' id='word_1_344' title='bbox 1828 2566 1928 2618; x_wconf 89' lang='lat'><strong>803</strong></span> <span class='ocrx_word' id='word_1_345' title='bbox 1957 2563 2184 2630; x_wconf 91' lang='lat' dir='ltr'><strong>obtulit,</strong></span> <span class='ocrx_word' id='word_1_346' title='bbox 2215 2581 2329 2634; x_wconf 90' lang='lat' dir='ltr'><strong>qua</strong></span> <span class='ocrx_word' id='word_1_347' title='bbox 2360 2566 2650 2620; x_wconf 86' lang='lat' dir='ltr'><strong>Romanos</strong></span> <span class='ocrx_word' id='word_1_348' title='bbox 2678 2565 2975 2637; x_wconf 90' lang='lat' dir='ltr'><strong>pontiﬁces</strong></span> <span class='ocrx_word' id='word_1_349' title='bbox 3007 2583 3039 2619; x_wconf 91' lang='lat' dir='ltr'><strong>a</strong></span> <span class='ocrx_word' id='word_1_350' title='bbox 3075 2564 3304 2620; x_wconf 90' lang='lat' dir='ltr'><strong>nemine</strong></span> <span class='ocrx_word' id='word_1_351' title='bbox 3327 2565 3569 2636; x_wconf 89' lang='lat' dir='ltr'><strong>judicari</strong></span> <span class='ocrx_word' id='word_1_352' title='bbox 3598 2566 3840 2620; x_wconf 90' lang='lat' dir='ltr'><strong>demon-</strong></span> 
     </span>
    </p>
   </div>
   <div class='ocr_carea' id='block_1_26' title="bbox 486 2653 3845 2727">
    <p class='ocr_par' dir='ltr' id='par_1_26' title="bbox 486 2653 3845 2727">
     <span class='ocr_line' id='line_1_26' title="bbox 486 2653 3845 2727; baseline 0.001 -22"><span class='ocrx_word' id='word_1_353' title='bbox 486 2653 712 2707; x_wconf 89' lang='lat' dir='ltr'><strong>strabat.</strong></span> <span class='ocrx_word' id='word_1_354' title='bbox 746 2655 860 2707; x_wconf 82' lang='lat' dir='ltr'><strong>Hac</strong></span> <span class='ocrx_word' id='word_1_355' title='bbox 881 2654 1085 2708; x_wconf 90' lang='lat' dir='ltr'><strong>eadem</strong></span> <span class='ocrx_word' id='word_1_356' title='bbox 1113 2654 1368 2708; x_wconf 88' lang='lat' dir='ltr'><strong>doctrina</strong></span> <span class='ocrx_word' id='word_1_357' title='bbox 1395 2654 1464 2708; x_wconf 90' lang='lat' dir='ltr'><strong>ab</strong></span> <span class='ocrx_word' id='word_1_358' title='bbox 1488 2655 1610 2725; x_wconf 90' lang='lat' dir='ltr'><strong>ipso</strong></span> <span class='ocrx_word' id='word_1_359' title='bbox 1633 2657 1828 2708; x_wconf 90' lang='lat' dir='ltr'><strong>sancto</strong></span> <span class='ocrx_word' id='word_1_360' title='bbox 1863 2654 2174 2719; x_wconf 86' lang='lat' dir='ltr'><strong>Bonifacio,</strong></span> <span class='ocrx_word' id='word_1_361' title='bbox 2203 2653 2526 2707; x_wconf 84' lang='lat' dir='ltr'><strong>Germaniae</strong></span> <span class='ocrx_word' id='word_1_362' title='bbox 2558 2655 2809 2724; x_wconf 90' lang='lat' dir='ltr'><strong>apostolo</strong></span> <span class='ocrx_word' id='word_1_363' title='bbox 2838 2654 3096 2709; x_wconf 91' lang='lat' dir='ltr'><strong>imbutus</strong></span> <span class='ocrx_word' id='word_1_364' title='bbox 3115 2655 3304 2708; x_wconf 86' lang='lat' dir='ltr'><strong>fuerat</strong></span> <span class='ocrx_word' id='word_1_365' title='bbox 3325 2655 3588 2725; x_wconf 89' lang='lat' dir='ltr'><strong>Otgarius</strong></span> <span class='ocrx_word' id='word_1_366' title='bbox 3617 2658 3699 2710; x_wconf 92' lang='lat' dir='ltr'><strong>vel</strong></span> <span class='ocrx_word' id='word_1_367' title='bbox 3721 2657 3845 2727; x_wconf 87' lang='lat' dir='ltr'><strong>qui-</strong></span> 
     </span>
    </p>
   </div>
   <div class='ocr_carea' id='block_1_27' title="bbox 486 2743 3840 2818">
    <p class='ocr_par' dir='ltr' id='par_1_27' title="bbox 486 2743 3840 2818">
     <span class='ocr_line' id='line_1_27' title="bbox 486 2743 3840 2818; baseline 0.002 -23"><span class='ocrx_word' id='word_1_368' title='bbox 486 2757 710 2813; x_wconf 88' lang='lat' dir='ltr'><strong>cunque</strong></span> <span class='ocrx_word' id='word_1_369' title='bbox 729 2744 1096 2814; x_wconf 89' lang='lat' dir='ltr'><strong>Moguntinus</strong></span> <span class='ocrx_word' id='word_1_370' title='bbox 1118 2744 1431 2798; x_wconf 88' lang='lat' dir='ltr'><strong>Decretales</strong></span> <span class='ocrx_word' id='word_1_371' title='bbox 1451 2743 1698 2813; x_wconf 89' lang='lat' dir='ltr'><strong>collegit.</strong></span> <span class='ocrx_word' id='word_1_372' title='bbox 1723 2745 1804 2798; x_wconf 84' lang='lat' dir='ltr'><strong>Ex</strong></span> <span class='ocrx_word' id='word_1_373' title='bbox 1833 2743 1981 2797; x_wconf 93' lang='lat' dir='ltr'><strong>illius</strong></span> <span class='ocrx_word' id='word_1_374' title='bbox 2013 2759 2260 2814; x_wconf 87' lang='lat' dir='ltr'><strong>namque</strong></span> <span class='ocrx_word' id='word_1_375' title='bbox 2282 2743 2444 2797; x_wconf 90' lang='lat' dir='ltr'><strong>dictis</strong></span> <span class='ocrx_word' id='word_1_376' title='bbox 2471 2743 2745 2797; x_wconf 87' lang='lat' dir='ltr'><strong>traditum</strong></span> <span class='ocrx_word' id='word_1_377' title='bbox 2770 2747 2853 2798; x_wconf 92' lang='lat' dir='ltr'><strong>est</strong></span> <span class='ocrx_word' id='word_1_378' title='bbox 2873 2743 3013 2798; x_wconf 88' lang='lat' dir='ltr'><strong>illud</strong></span> <span class='ocrx_word' id='word_1_379' title='bbox 3043 2744 3111 2799; x_wconf 92' lang='lat' dir='ltr'><strong>de</strong></span> <span class='ocrx_word' id='word_1_380' title='bbox 3141 2745 3401 2798; x_wconf 86' lang='lat' dir='ltr'><strong>Romano</strong></span> <span class='ocrx_word' id='word_1_381' title='bbox 3425 2745 3688 2815; x_wconf 86' lang='lat' dir='ltr'><strong>pontiﬁce</strong></span> <span class='ocrx_word' id='word_1_382' title='bbox 3712 2764 3840 2818; x_wconf 89' lang='lat' dir='ltr'><strong>pro-</strong></span> 
     </span>
    </p>
   </div>
   <div class='ocr_carea' id='block_1_28' title="bbox 485 2831 2773 2904">
    <p class='ocr_par' dir='ltr' id='par_1_28' title="bbox 485 2831 2773 2904">
     <span class='ocr_line' id='line_1_28' title="bbox 485 2831 2773 2904; baseline 0.001 -19"><span class='ocrx_word' id='word_1_383' title='bbox 485 2833 817 2888; x_wconf 83' lang='lat' dir='ltr'><strong>nuntiatum</strong></span> <span class='ocrx_word' id='word_1_384' title='bbox 849 2851 862 2887; x_wconf 90' lang='lat'>:</span> <span class='ocrx_word' id='word_1_385' title='bbox 899 2855 927 2883; x_wconf 82' lang='lat'><strong>«</strong></span> <span class='ocrx_word' id='word_1_386' title='bbox 954 2835 1196 2888; x_wconf 89' lang='lat' dir='ltr'><strong>Cunctos</strong></span> <span class='ocrx_word' id='word_1_387' title='bbox 1223 2833 1342 2904; x_wconf 89' lang='lat' dir='ltr'><strong>ipse</strong></span> <span class='ocrx_word' id='word_1_388' title='bbox 1367 2833 1728 2903; x_wconf 90' lang='lat' dir='ltr'><strong>judicaturus</strong></span> <span class='ocrx_word' id='word_1_389' title='bbox 1759 2850 1792 2886; x_wconf 91' lang='lat' dir='ltr'><strong>a</strong></span> <span class='ocrx_word' id='word_1_390' title='bbox 1819 2833 2047 2887; x_wconf 90' lang='lat' dir='ltr'><strong>nemine</strong></span> <span class='ocrx_word' id='word_1_391' title='bbox 2094 2836 2179 2887; x_wconf 91' lang='lat' dir='ltr'><strong>est</strong></span> <span class='ocrx_word' id='word_1_392' title='bbox 2202 2831 2546 2902; x_wconf 88' lang='lat' dir='ltr'><strong>judicandus</strong></span> <span class='ocrx_word' id='word_1_393' title='bbox 2578 2832 2707 2904; x_wconf 90' lang='grc'>(71).</span> <span class='ocrx_word' id='word_1_394' title='bbox 2747 2854 2773 2881; x_wconf 93' lang='grc'><strong>››</strong></span> 
     </span>
    </p>
   </div>
   <div class='ocr_carea' id='block_1_29' title="bbox 559 2941 3845 3014">
    <p class='ocr_par' dir='ltr' id='par_1_29' title="bbox 559 2941 3845 3014">
     <span class='ocr_line' id='line_1_29' title="bbox 559 2941 3845 3014; baseline 0.002 -20"><span class='ocrx_word' id='word_1_395' title='bbox 559 2942 753 3011; x_wconf 89' lang='lat' dir='ltr'><strong>Neque</strong></span> <span class='ocrx_word' id='word_1_396' title='bbox 779 2941 1088 3011; x_wconf 86' lang='lat' dir='ltr'><strong>primatum</strong></span> <span class='ocrx_word' id='word_1_397' title='bbox 1111 2941 1447 3012; x_wconf 84' lang='lat' dir='ltr'><strong>dignitatem</strong></span> <span class='ocrx_word' id='word_1_398' title='bbox 1478 2941 1712 2996; x_wconf 89' lang='lat' dir='ltr'><strong>omnino</strong></span> <span class='ocrx_word' id='word_1_399' title='bbox 1744 2941 1979 3008; x_wconf 89' lang='lat' dir='ltr'><strong>invenit,</strong></span> <span class='ocrx_word' id='word_1_400' title='bbox 2013 2941 2166 3012; x_wconf 91' lang='lat' dir='ltr'><strong>quod</strong></span> <span class='ocrx_word' id='word_1_401' title='bbox 2207 2958 2338 2997; x_wconf 90' lang='lat' dir='ltr'><strong>sane</strong></span> <span class='ocrx_word' id='word_1_402' title='bbox 2375 2943 2446 2997; x_wconf 92' lang='lat' dir='ltr'><strong>ab</strong></span> <span class='ocrx_word' id='word_1_403' title='bbox 2489 2943 2754 2997; x_wconf 87' lang='lat' dir='ltr'><strong>omnibus</strong></span> <span class='ocrx_word' id='word_1_404' title='bbox 2799 2943 2996 2998; x_wconf 89' lang='lat' dir='ltr'><strong>fuisset</strong></span> <span class='ocrx_word' id='word_1_405' title='bbox 3036 2944 3348 3014; x_wconf 86' lang='lat' dir='ltr'><strong>explosum,</strong></span> <span class='ocrx_word' id='word_1_406' title='bbox 3377 2961 3508 2998; x_wconf 88' lang='lat' dir='ltr'><strong>cum</strong></span> <span class='ocrx_word' id='word_1_407' title='bbox 3539 2945 3595 2999; x_wconf 92' lang='lat' dir='ltr'><strong>in</strong></span> <span class='ocrx_word' id='word_1_408' title='bbox 3625 2945 3845 2999; x_wconf 88' lang='lat' dir='ltr'><strong>vicariis</strong></span> 
     </span>
    </p>
   </div>
   <div class='ocr_carea' id='block_1_30' title="bbox 489 3030 3844 3106">
    <p class='ocr_par' dir='ltr' id='par_1_30' title="bbox 489 3030 3844 3106">
     <span class='ocr_line' id='line_1_30' title="bbox 489 3030 3844 3106; baseline 0.001 -22"><span class='ocrx_word' id='word_1_409' title='bbox 489 3031 808 3100; x_wconf 86' lang='lat' dir='ltr'><strong>apostolicis</strong></span> <span class='ocrx_word' id='word_1_410' title='bbox 854 3031 1134 3101; x_wconf 88' lang='lat' dir='ltr'><strong>ejusmodi</strong></span> <span class='ocrx_word' id='word_1_411' title='bbox 1183 3030 1400 3102; x_wconf 91' lang='lat' dir='ltr'><strong>aliquid</strong></span> <span class='ocrx_word' id='word_1_412' title='bbox 1439 3030 1779 3101; x_wconf 89' lang='lat' dir='ltr'><strong>jamdudum</strong></span> <span class='ocrx_word' id='word_1_413' title='bbox 1828 3031 2171 3099; x_wconf 88' lang='lat' dir='ltr'><strong>inveniatur,</strong></span> <span class='ocrx_word' id='word_1_414' title='bbox 2203 3031 2437 3103; x_wconf 84' lang='lat' dir='ltr'><strong>propius</strong></span> <span class='ocrx_word' id='word_1_415' title='bbox 2483 3031 2658 3086; x_wconf 89' lang='lat' dir='ltr'><strong>etiam</strong></span> <span class='ocrx_word' id='word_1_416' title='bbox 2700 3032 2759 3085; x_wconf 88' lang='lat' dir='ltr'><strong>in</strong></span> <span class='ocrx_word' id='word_1_417' title='bbox 2795 3031 3039 3102; x_wconf 87' lang='lat' dir='ltr'><strong>primate</strong></span> <span class='ocrx_word' id='word_1_418' title='bbox 3083 3032 3310 3099; x_wconf 65' lang='lat' dir='ltr'><strong>Africaa,</strong></span> <span class='ocrx_word' id='word_1_419' title='bbox 3342 3032 3438 3103; x_wconf 90' lang='lat' dir='ltr'><strong>qui</strong></span> <span class='ocrx_word' id='word_1_420' title='bbox 3471 3038 3528 3087; x_wconf 91' lang='lat' dir='ltr'><strong>et</strong></span> <span class='ocrx_word' id='word_1_421' title='bbox 3569 3033 3844 3106; x_wconf 77' lang='lat' dir='ltr'><strong>dignitate</strong></span> 
     </span>
    </p>
   </div>
   <div class='ocr_carea' id='block_1_31' title="bbox 489 3119 3844 3195">
    <p class='ocr_par' dir='ltr' id='par_1_31' title="bbox 489 3119 3844 3195">
     <span class='ocr_line' id='line_1_31' title="bbox 489 3119 3844 3195; baseline 0.002 -24"><span class='ocrx_word' id='word_1_422' title='bbox 489 3123 546 3174; x_wconf 89' lang='lat' dir='ltr'><strong>et</strong></span> <span class='ocrx_word' id='word_1_423' title='bbox 589 3119 819 3174; x_wconf 87' lang='lat' dir='ltr'><strong>nomine</strong></span> <span class='ocrx_word' id='word_1_424' title='bbox 863 3119 1014 3175; x_wconf 91' lang='lat' dir='ltr'><strong>idem</strong></span> <span class='ocrx_word' id='word_1_425' title='bbox 1060 3120 1294 3175; x_wconf 91' lang='lat' dir='ltr'><strong>omnino</strong></span> <span class='ocrx_word' id='word_1_426' title='bbox 1343 3124 1481 3186; x_wconf 88' lang='lat' dir='ltr'><strong>erat,</strong></span> <span class='ocrx_word' id='word_1_427' title='bbox 1524 3121 1680 3192; x_wconf 90' lang='lat' dir='ltr'><strong>quod</strong></span> <span class='ocrx_word' id='word_1_428' title='bbox 1724 3120 1986 3176; x_wconf 82' lang='lat' dir='ltr'><strong>Ecclesiae</strong></span> <span class='ocrx_word' id='word_1_429' title='bbox 2031 3121 2380 3191; x_wconf 88' lang='lat' dir='ltr'><strong>Moguntinae</strong></span> <span class='ocrx_word' id='word_1_430' title='bbox 2442 3120 2976 3177; x_wconf 87' lang='lat' dir='ltr'><strong>Pseudodecretales</strong></span> <span class='ocrx_word' id='word_1_431' title='bbox 3022 3121 3429 3177; x_wconf 88' lang='lat' dir='ltr'><strong>vindicandum</strong></span> <span class='ocrx_word' id='word_1_432' title='bbox 3475 3123 3578 3178; x_wconf 90' lang='lat' dir='ltr'><strong>sibi</strong></span> <span class='ocrx_word' id='word_1_433' title='bbox 3633 3141 3844 3195; x_wconf 79' lang='lat' dir='ltr'><strong>propo-</strong></span> 
     </span>
    </p>
   </div>
   <div class='ocr_carea' id='block_1_32' title="bbox 490 3215 748 3265">
    <p class='ocr_par' dir='ltr' id='par_1_32' title="bbox 490 3215 748 3265">
     <span class='ocr_line' id='line_1_32' title="bbox 490 3215 748 3265; baseline -0.004 -1"><span class='ocrx_word' id='word_1_434' title='bbox 490 3215 748 3265; x_wconf 87' lang='lat' dir='ltr'><strong>suerant.</strong></span> 
     </span>
    </p>
   </div>
   <div class='ocr_carea' id='block_1_33' title="bbox 563 3319 3848 3393">
    <p class='ocr_par' dir='ltr' id='par_1_33' title="bbox 563 3319 3848 3393">
     <span class='ocr_line' id='line_1_33' title="bbox 563 3319 3848 3393; baseline 0.002 -21"><span class='ocrx_word' id='word_1_435' title='bbox 563 3321 634 3372; x_wconf 84' lang='lat' dir='ltr'><strong>Ex</strong></span> <span class='ocrx_word' id='word_1_436' title='bbox 665 3319 869 3389; x_wconf 89' lang='lat' dir='ltr'><strong>quibus</strong></span> <span class='ocrx_word' id='word_1_437' title='bbox 908 3320 1176 3375; x_wconf 89' lang='lat' dir='ltr'><strong>omnibus</strong></span> <span class='ocrx_word' id='word_1_438' title='bbox 1203 3319 1606 3374; x_wconf 90' lang='lat' dir='ltr'><strong>concludamus</strong></span> <span class='ocrx_word' id='word_1_439' title='bbox 1637 3319 2136 3376; x_wconf 89' lang='lat' dir='ltr'><strong>Pseudoisidorum</strong></span> <span class='ocrx_word' id='word_1_440' title='bbox 2163 3321 2479 3393; x_wconf 70' lang='lat' dir='ltr'><strong>disciplinae</strong></span> <span class='ocrx_word' id='word_1_441' title='bbox 2507 3321 2886 3377; x_wconf 86' lang='lat' dir='ltr'><strong>mutationem</strong></span> <span class='ocrx_word' id='word_1_442' title='bbox 2915 3337 3028 3376; x_wconf 88' lang='lat' dir='ltr'><strong>non</strong></span> <span class='ocrx_word' id='word_1_443' title='bbox 3072 3320 3346 3389; x_wconf 76' lang='lat' dir='ltr'><strong>effecisse,</strong></span> <span class='ocrx_word' id='word_1_444' title='bbox 3380 3322 3480 3377; x_wconf 93' lang='lat' dir='ltr'><strong>sed</strong></span> <span class='ocrx_word' id='word_1_445' title='bbox 3510 3321 3718 3378; x_wconf 88' lang='lat' dir='ltr'><strong>factam</strong></span> <span class='ocrx_word' id='word_1_446' title='bbox 3754 3338 3848 3377; x_wconf 74' lang='lat' dir='ltr'><strong>ex-</strong></span> 
     </span>
    </p>
   </div>
   <div class='ocr_carea' id='block_1_34' title="bbox 490 3407 2504 3482">
    <p class='ocr_par' dir='ltr' id='par_1_34' title="bbox 490 3407 2504 3482">
     <span class='ocr_line' id='line_1_34' title="bbox 490 3407 2504 3482; baseline 0.003 -22"><span class='ocrx_word' id='word_1_447' title='bbox 490 3408 758 3479; x_wconf 82' lang='lat' dir='ltr'><strong>pressisse</strong></span> <span class='ocrx_word' id='word_1_448' title='bbox 791 3411 846 3463; x_wconf 87' lang='lat' dir='ltr'><strong>et</strong></span> <span class='ocrx_word' id='word_1_449' title='bbox 872 3424 1285 3480; x_wconf 90' lang='lat' dir='ltr'><strong>propugnasse,</strong></span> <span class='ocrx_word' id='word_1_450' title='bbox 1316 3407 1804 3482; x_wconf 88' lang='lat' dir='ltr'><strong>incipientemque</strong></span> <span class='ocrx_word' id='word_1_451' title='bbox 1832 3411 2282 3468; x_wconf 83' lang='lat' dir='ltr'><strong>concomitatuni</strong></span> <span class='ocrx_word' id='word_1_452' title='bbox 2312 3411 2504 3466; x_wconf 91' lang='lat' dir='ltr'><strong>fuisse.</strong></span> 
     </span>
    </p>
   </div>
   <div class='ocr_carea' id='block_1_35' title="bbox 561 3615 3842 3689">
    <p class='ocr_par' dir='ltr' id='par_1_35' title="bbox 561 3615 3842 3689">
     <span class='ocr_line' id='line_1_35' title="bbox 561 3615 3842 3689; baseline 0.002 -22"><span class='ocrx_word' id='word_1_453' title='bbox 561 3615 664 3682; x_wconf 86' lang='lat'><strong>(62)</strong></span> <span class='ocrx_word' id='word_1_454' title='bbox 703 3615 838 3669; x_wconf 83' lang='lat' dir='ltr'><strong>Julii</strong></span> <span class='ocrx_word' id='word_1_455' title='bbox 880 3631 968 3686; x_wconf 89' lang='lat' dir='ltr'><strong>ep.</strong></span> <span class='ocrx_word' id='word_1_456' title='bbox 1000 3620 1052 3683; x_wconf 87' lang='lat'><strong>2,</strong></span> <span class='ocrx_word' id='word_1_457' title='bbox 1088 3631 1134 3669; x_wconf 95' lang='lat' dir='ltr'><strong>c.</strong></span> <span class='ocrx_word' id='word_1_458' title='bbox 1163 3618 1251 3670; x_wconf 91' lang='lat'><strong>29.</strong></span> <span class='ocrx_word' id='word_1_459' title='bbox 1286 3615 1460 3687; x_wconf 88' lang='lat' dir='ltr'><strong>Epist.</strong></span> <span class='ocrx_word' id='word_1_460' title='bbox 1489 3619 1716 3688; x_wconf 60' lang='lat' dir='ltr'><strong>ZEgypt.</strong></span> <span class='ocrx_word' id='word_1_461' title='bbox 1746 3618 1814 3672; x_wconf 90' lang='lat' dir='ltr'><strong>ad</strong></span> <span class='ocrx_word' id='word_1_462' title='bbox 1845 3618 2012 3673; x_wconf 84' lang='lat' dir='ltr'><strong>Felic.</strong></span> <span class='ocrx_word' id='word_1_463' title='bbox 2047 3620 2112 3673; x_wconf 87' lang='lat' dir='ltr'><strong>ll.</strong></span> <span class='ocrx_word' id='word_1_464' title='bbox 2217 3619 2392 3689; x_wconf 86' lang='lat' dir='ltr'><strong>plina,</strong></span> <span class='ocrx_word' id='word_1_465' title='bbox 2422 3623 2463 3672; x_wconf 89' lang='lat' dir='ltr'><strong>t.</strong></span> <span class='ocrx_word' id='word_1_466' title='bbox 2497 3619 2560 3683; x_wconf 91' lang='lat' dir='ltr'><strong>ll,</strong></span> <span class='ocrx_word' id='word_1_467' title='bbox 2593 3619 2632 3672; x_wconf 92' lang='grc' dir='ltr'>Ι.</span> <span class='ocrx_word' id='word_1_468' title='bbox 2667 3633 2743 3682; x_wconf 84' lang='grc' dir='ltr'>ιιι,</span> <span class='ocrx_word' id='word_1_469' title='bbox 2778 3635 2824 3670; x_wconf 92' lang='lat' dir='ltr'><strong>c.</strong></span> <span class='ocrx_word' id='word_1_470' title='bbox 2857 3621 2945 3686; x_wconf 90' lang='lat'><strong>57,</strong></span> <span class='ocrx_word' id='word_1_471' title='bbox 2978 3617 3220 3684; x_wconf 88' lang='lat' dir='ltr'><strong>Blascus,</strong></span> <span class='ocrx_word' id='word_1_472' title='bbox 3249 3616 3319 3671; x_wconf 92' lang='lat' dir='ltr'><strong>de</strong></span> <span class='ocrx_word' id='word_1_473' title='bbox 3347 3617 3687 3673; x_wconf 84' lang='lat' dir='ltr'><strong>Collectione</strong></span> <span class='ocrx_word' id='word_1_474' title='bbox 3719 3635 3842 3674; x_wconf 87' lang='lat' dir='ltr'><strong>can.</strong></span> 
     </span>
    </p>
   </div>
   <div class='ocr_carea' id='block_1_36' title="bbox 488 3694 2416 3766">
    <p class='ocr_par' dir='ltr' id='par_1_36' title="bbox 488 3694 2416 3766">
     <span class='ocr_line' id='line_1_36' title="bbox 488 3694 2416 3766; baseline 0.003 -19"><span class='ocrx_word' id='word_1_475' title='bbox 488 3694 730 3748; x_wconf 77' lang='lat' dir='ltr'><strong>Marcelli</strong></span> <span class='ocrx_word' id='word_1_476' title='bbox 757 3711 847 3765; x_wconf 91' lang='lat' dir='ltr'><strong>ep.</strong></span> <span class='ocrx_word' id='word_1_477' title='bbox 882 3698 931 3761; x_wconf 93' lang='lat'><strong>1,</strong></span> <span class='ocrx_word' id='word_1_478' title='bbox 966 3698 1016 3748; x_wconf 87' lang='lat'><strong>2.</strong></span> <span class='ocrx_word' id='word_1_479' title='bbox 1051 3694 1272 3749; x_wconf 90' lang='lat' dir='ltr'><strong>Damasi</strong></span> <span class='ocrx_word' id='word_1_480' title='bbox 1298 3711 1389 3766; x_wconf 91' lang='lat' dir='ltr'><strong>ep.</strong></span> <span class='ocrx_word' id='word_1_481' title='bbox 1419 3696 1471 3749; x_wconf 80' lang='lat'><strong>4.</strong></span> <span class='ocrx_word' id='word_1_482' title='bbox 1503 3712 1550 3749; x_wconf 93' lang='lat' dir='ltr'><strong>c.</strong></span> <span class='ocrx_word' id='word_1_483' title='bbox 1581 3699 1632 3750; x_wconf 89' lang='lat'><strong>2.</strong></span> <span class='ocrx_word' id='word_1_484' title='bbox 2219 3698 2416 3752; x_wconf 90' lang='lat' dir='ltr'><strong>Isidor.</strong></span> 
     </span>
    </p>
   </div>
   <div class='ocr_carea' id='block_1_37' title="bbox 564 3774 3250 3848">
    <p class='ocr_par' dir='ltr' id='par_1_37' title="bbox 564 3774 3250 3848">
     <span class='ocr_line' id='line_1_37' title="bbox 564 3774 3250 3848; baseline 0.001 -22"><span class='ocrx_word' id='word_1_485' title='bbox 564 3774 665 3840; x_wconf 88' lang='lat'><strong>(63)</strong></span> <span class='ocrx_word' id='word_1_486' title='bbox 709 3774 767 3828; x_wconf 91' lang='lat' dir='ltr'><strong>L.</strong></span> <span class='ocrx_word' id='word_1_487' title='bbox 797 3790 870 3828; x_wconf 86' lang='lat' dir='ltr'><strong>1v.</strong></span> <span class='ocrx_word' id='word_1_488' title='bbox 899 3790 948 3828; x_wconf 90' lang='lat' dir='ltr'><strong>c.</strong></span> <span class='ocrx_word' id='word_1_489' title='bbox 983 3779 1032 3828; x_wconf 90' lang='lat'><strong>9.</strong></span> <span class='ocrx_word' id='word_1_490' title='bbox 1067 3777 1150 3828; x_wconf 95' lang='lat'><strong>19.</strong></span> <span class='ocrx_word' id='word_1_491' title='bbox 2294 3776 2403 3848; x_wconf 88' lang='lat'><strong>(69)</strong></span> <span class='ocrx_word' id='word_1_492' title='bbox 2443 3779 2639 3833; x_wconf 91' lang='lat' dir='ltr'><strong>Canon</strong></span> <span class='ocrx_word' id='word_1_493' title='bbox 2672 3777 2960 3848; x_wconf 88' lang='lat' dir='ltr'><strong>Sylvestri,</strong></span> <span class='ocrx_word' id='word_1_494' title='bbox 2989 3793 3038 3831; x_wconf 91' lang='lat' dir='ltr'><strong>c.</strong></span> <span class='ocrx_word' id='word_1_495' title='bbox 3073 3780 3124 3846; x_wconf 92' lang='lat'><strong>3,</strong></span> <span class='ocrx_word' id='word_1_496' title='bbox 3162 3779 3250 3831; x_wconf 90' lang='grc'><strong>20.</strong></span> 
     </span>
    </p>
   </div>
   <div class='ocr_carea' id='block_1_38' title="bbox 563 3853 3844 3928">
    <p class='ocr_par' dir='ltr' id='par_1_38' title="bbox 563 3853 3844 3928">
     <span class='ocr_line' id='line_1_38' title="bbox 563 3853 3844 3928; baseline 0.002 -24"><span class='ocrx_word' id='word_1_497' title='bbox 563 3853 666 3922; x_wconf 85' lang='lat'><strong>(64)</strong></span> <span class='ocrx_word' id='word_1_498' title='bbox 709 3853 885 3908; x_wconf 85' lang='lat' dir='ltr'><strong>Mansi</strong></span> <span class='ocrx_word' id='word_1_499' title='bbox 925 3857 964 3908; x_wconf 90' lang='lat' dir='ltr'><strong>t.</strong></span> <span class='ocrx_word' id='word_1_500' title='bbox 995 3854 1124 3921; x_wconf 83' lang='lat' dir='ltr'><strong>XIV,</strong></span> <span class='ocrx_word' id='word_1_501' title='bbox 1158 3853 1264 3907; x_wconf 91' lang='lat' dir='ltr'><strong>col.</strong></span> <span class='ocrx_word' id='word_1_502' title='bbox 1295 3856 1418 3908; x_wconf 89' lang='lat'><strong>886.</strong></span> <span class='ocrx_word' id='word_1_503' title='bbox 2296 3859 2398 3928; x_wconf 88' lang='lat'><strong>(70)</strong></span> <span class='ocrx_word' id='word_1_504' title='bbox 2440 3857 2617 3912; x_wconf 90' lang='lat' dir='ltr'><strong>Gelas.</strong></span> <span class='ocrx_word' id='word_1_505' title='bbox 2652 3873 2744 3928; x_wconf 91' lang='lat' dir='ltr'><strong>ep.</strong></span> <span class='ocrx_word' id='word_1_506' title='bbox 2775 3859 2839 3912; x_wconf 81' lang='grc' dir='ltr'>ιν</span> <span class='ocrx_word' id='word_1_507' title='bbox 2869 3857 2939 3912; x_wconf 92' lang='lat' dir='ltr'><strong>ad</strong></span> <span class='ocrx_word' id='word_1_508' title='bbox 2966 3857 3254 3924; x_wconf 88' lang='lat' dir='ltr'><strong>Faustum,</strong></span> <span class='ocrx_word' id='word_1_509' title='bbox 3285 3872 3372 3927; x_wconf 90' lang='lat' dir='ltr'><strong>ep.</strong></span> <span class='ocrx_word' id='word_1_510' title='bbox 3410 3857 3474 3910; x_wconf 80' lang='grc'><strong>14</strong></span> <span class='ocrx_word' id='word_1_511' title='bbox 3503 3856 3574 3910; x_wconf 88' lang='lat' dir='ltr'><strong>ad</strong></span> <span class='ocrx_word' id='word_1_512' title='bbox 3600 3856 3844 3910; x_wconf 87' lang='lat' dir='ltr'><strong>Dardau.</strong></span> 
     </span>
    </p>
   </div>
   <div class='ocr_carea' id='block_1_39' title="bbox 562 3931 3846 4008">
    <p class='ocr_par' dir='ltr' id='par_1_39' title="bbox 562 3931 3846 4008">
     <span class='ocr_line' id='line_1_39' title="bbox 562 3931 3846 4008; baseline 0.002 -23"><span class='ocrx_word' id='word_1_513' title='bbox 562 3931 665 4000; x_wconf 90' lang='lat'><strong>(65)</strong></span> <span class='ocrx_word' id='word_1_514' title='bbox 709 3934 810 4003; x_wconf 88' lang='lat' dir='ltr'><strong>Ep.</strong></span> <span class='ocrx_word' id='word_1_515' title='bbox 869 3937 932 3987; x_wconf 85' lang='lat'><strong>17</strong></span> <span class='ocrx_word' id='word_1_516' title='bbox 978 3933 1114 3987; x_wconf 90' lang='lat' dir='ltr'><strong>ibid.</strong></span> <span class='ocrx_word' id='word_1_517' title='bbox 1177 3937 1216 3987; x_wconf 91' lang='lat' dir='ltr'><strong>t.</strong></span> <span class='ocrx_word' id='word_1_518' title='bbox 1272 3935 1375 3988; x_wconf 82' lang='lat' dir='ltr'><strong>XV.</strong></span> <span class='ocrx_word' id='word_1_519' title='bbox 1431 3937 1556 4001; x_wconf 86' lang='lat'><strong>278,</strong></span> <span class='ocrx_word' id='word_1_520' title='bbox 1608 3937 1678 3989; x_wconf 84' lang='lat' dir='ltr'><strong>cf.</strong></span> <span class='ocrx_word' id='word_1_521' title='bbox 1730 3952 1818 4005; x_wconf 90' lang='lat' dir='ltr'><strong>ep.</strong></span> <span class='ocrx_word' id='word_1_522' title='bbox 1877 3937 1964 4003; x_wconf 86' lang='lat'><strong>28,</strong></span> <span class='ocrx_word' id='word_1_523' title='bbox 2035 3939 2116 4004; x_wconf 88' lang='lat'><strong>19,</strong></span> <span class='ocrx_word' id='word_1_524' title='bbox 2220 3935 2478 4008; x_wconf 89' lang='lat' dir='ltr'><strong>Synodus</strong></span> <span class='ocrx_word' id='word_1_525' title='bbox 2508 3937 2672 3990; x_wconf 90' lang='lat' dir='ltr'><strong>Rom.</strong></span> <span class='ocrx_word' id='word_1_526' title='bbox 2698 3937 2801 3990; x_wconf 91' lang='lat' dir='ltr'><strong>sub</strong></span> <span class='ocrx_word' id='word_1_527' title='bbox 2823 3936 3165 4007; x_wconf 86' lang='lat' dir='ltr'><strong>Symmacho</strong></span> <span class='ocrx_word' id='word_1_528' title='bbox 3189 3953 3242 3990; x_wconf 90' lang='lat' dir='ltr'><strong>a.</strong></span> <span class='ocrx_word' id='word_1_529' title='bbox 3267 3939 3390 3990; x_wconf 92' lang='lat'><strong>501.</strong></span> <span class='ocrx_word' id='word_1_530' title='bbox 3423 3935 3846 3990; x_wconf 90' lang='lat' dir='ltr'><strong>Ennod.libell.</strong></span> 
     </span>
    </p>
   </div>
   <div class='ocr_carea' id='block_1_40' title="bbox 490 4015 3847 4087">
    <p class='ocr_par' dir='ltr' id='par_1_40' title="bbox 490 4015 3847 4087">
     <span class='ocr_line' id='line_1_40' title="bbox 490 4015 3847 4087; baseline 0.001 -22"><span class='ocrx_word' id='word_1_531' title='bbox 490 4015 578 4068; x_wconf 88' lang='lat'><strong>22.</strong></span> <span class='ocrx_word' id='word_1_532' title='bbox 2217 4016 2445 4086; x_wconf 89' lang='lat' dir='ltr'><strong>apolog.</strong></span> <span class='ocrx_word' id='word_1_533' title='bbox 2495 4032 2547 4070; x_wconf 91' lang='lat' dir='ltr'><strong>a.</strong></span> <span class='ocrx_word' id='word_1_534' title='bbox 2596 4018 2716 4071; x_wconf 88' lang='grc'>502.</span> <span class='ocrx_word' id='word_1_535' title='bbox 2775 4017 2916 4070; x_wconf 80' lang='lat' dir='ltr'><strong>Avili</strong></span> <span class='ocrx_word' id='word_1_536' title='bbox 2973 4017 3248 4071; x_wconf 88' lang='lat' dir='ltr'><strong>Viennen.</strong></span> <span class='ocrx_word' id='word_1_537' title='bbox 3305 4033 3396 4087; x_wconf 89' lang='lat' dir='ltr'><strong>ep.</strong></span> <span class='ocrx_word' id='word_1_538' title='bbox 3457 4015 3530 4070; x_wconf 91' lang='lat' dir='ltr'><strong>ad</strong></span> <span class='ocrx_word' id='word_1_539' title='bbox 3585 4021 3847 4070; x_wconf 88' lang='lat' dir='ltr'><strong>senatum</strong></span> 
     </span>
    </p>
   </div>
   <div class='ocr_carea' id='block_1_41' title="bbox 563 4091 2169 4164">
    <p class='ocr_par' dir='ltr' id='par_1_41' title="bbox 563 4091 1660 4164">
     <span class='ocr_line' id='line_1_41' title="bbox 563 4091 1660 4164; baseline 0.002 -17"><span class='ocrx_word' id='word_1_540' title='bbox 563 4091 668 4162; x_wconf 90' lang='lat'><strong>(66)</strong></span> <span class='ocrx_word' id='word_1_541' title='bbox 710 4094 810 4163; x_wconf 90' lang='lat' dir='ltr'><strong>Ep.</strong></span> <span class='ocrx_word' id='word_1_542' title='bbox 847 4095 937 4159; x_wconf 89' lang='lat'><strong>49,</strong></span> <span class='ocrx_word' id='word_1_543' title='bbox 969 4096 1056 4148; x_wconf 88' lang='lat'><strong>63.</strong></span> <span class='ocrx_word' id='word_1_544' title='bbox 1085 4093 1371 4148; x_wconf 59' lang='lat' dir='ltr'><strong>Zacharias</strong></span> <span class='ocrx_word' id='word_1_545' title='bbox 1402 4109 1491 4164; x_wconf 91' lang='lat' dir='ltr'><strong>ep.</strong></span> <span class='ocrx_word' id='word_1_546' title='bbox 1520 4097 1575 4163; x_wconf 92' lang='lat'><strong>2,</strong></span> <span class='ocrx_word' id='word_1_547' title='bbox 1609 4097 1660 4149; x_wconf 88' lang='lat'><strong>9.</strong></span> 
     </span>
    </p>
   </div>
   <div class='ocr_carea' id='block_1_42' title="bbox 817 4091 2423 4164">
    <p class='ocr_par' dir='ltr' id='par_1_42' title="bbox 847 4093 2423 4164">
     <span class='ocr_line' id='line_1_42' title="bbox 847 4093 2423 4164; baseline 0.001 -16"><span class='ocrx_word' id='word_1_548' title='bbox 847 4095 937 4159; x_wconf 89' lang='lat'><strong>49,</strong></span> <span class='ocrx_word' id='word_1_549' title='bbox 969 4096 1056 4148; x_wconf 87' lang='lat'><strong>63.</strong></span> <span class='ocrx_word' id='word_1_550' title='bbox 1085 4093 1371 4148; x_wconf 59' lang='lat' dir='ltr'><strong>Zacharias</strong></span> <span class='ocrx_word' id='word_1_551' title='bbox 1402 4109 1491 4164; x_wconf 91' lang='lat' dir='ltr'><strong>ep.</strong></span> <span class='ocrx_word' id='word_1_552' title='bbox 1520 4097 1575 4163; x_wconf 92' lang='lat'><strong>2,</strong></span> <span class='ocrx_word' id='word_1_553' title='bbox 1609 4097 1660 4149; x_wconf 91' lang='lat'><strong>9.</strong></span> <span class='ocrx_word' id='word_1_554' title='bbox 2220 4111 2275 4150; x_wconf 87' lang='lat' dir='ltr'><strong>a.</strong></span> <span class='ocrx_word' id='word_1_555' title='bbox 2303 4099 2423 4150; x_wconf 87' lang='lat'><strong>502.</strong></span> 
     </span>
    </p>
   </div>
   <div class='ocr_carea' id='block_1_43' title="bbox 561 4171 3844 4246">
    <p class='ocr_par' dir='ltr' id='par_1_43' title="bbox 561 4171 3844 4246">
     <span class='ocr_line' id='line_1_43' title="bbox 561 4171 3844 4246; baseline 0.002 -21"><span class='ocrx_word' id='word_1_556' title='bbox 561 4171 668 4242; x_wconf 89' lang='lat'><strong>(67)</strong></span> <span class='ocrx_word' id='word_1_557' title='bbox 711 4172 971 4243; x_wconf 89' lang='lat' dir='ltr'><strong>Gregorii</strong></span> <span class='ocrx_word' id='word_1_558' title='bbox 1000 4173 1069 4225; x_wconf 88' lang='grc' dir='ltr'><strong>ΙΙΙ</strong></span> <span class='ocrx_word' id='word_1_559' title='bbox 1098 4189 1188 4244; x_wconf 92' lang='lat' dir='ltr'><strong>ep.</strong></span> <span class='ocrx_word' id='word_1_560' title='bbox 1226 4174 1280 4241; x_wconf 77' lang='lat'><strong>4,</strong></span> <span class='ocrx_word' id='word_1_561' title='bbox 1309 4178 1362 4228; x_wconf 93' lang='lat'><strong>7.</strong></span> <span class='ocrx_word' id='word_1_562' title='bbox 2295 4176 2398 4244; x_wconf 91' lang='lat'><strong>(71)</strong></span> <span class='ocrx_word' id='word_1_563' title='bbox 2436 4176 2602 4246; x_wconf 86' lang='lat' dir='ltr'><strong>Apud</strong></span> <span class='ocrx_word' id='word_1_564' title='bbox 2624 4175 2778 4230; x_wconf 90' lang='lat' dir='ltr'><strong>card.</strong></span> <span class='ocrx_word' id='word_1_565' title='bbox 2807 4177 3131 4245; x_wconf 87' lang='lat' dir='ltr'><strong>Deusdedit,</strong></span> <span class='ocrx_word' id='word_1_566' title='bbox 3164 4178 3204 4233; x_wconf 91' lang='lat' dir='ltr'><strong>l.</strong></span> <span class='ocrx_word' id='word_1_567' title='bbox 3234 4195 3250 4233; x_wconf 92' lang='lat'>1</span> <span class='ocrx_word' id='word_1_568' title='bbox 3280 4179 3356 4231; x_wconf 90' lang='lat' dir='ltr'><strong>De</strong></span> <span class='ocrx_word' id='word_1_569' title='bbox 3389 4177 3579 4230; x_wconf 81' lang='lat' dir='ltr'><strong>Rebus</strong></span> <span class='ocrx_word' id='word_1_570' title='bbox 3611 4177 3772 4243; x_wconf 91' lang='lat' dir='ltr'><strong>eccl.,</strong></span> <span class='ocrx_word' id='word_1_571' title='bbox 3796 4194 3844 4232; x_wconf 93' lang='lat' dir='ltr'><strong>c.</strong></span> 
     </span>
    </p>
   </div>
   <div class='ocr_carea' id='block_1_44' title="bbox 586 4253 3772 4326">
    <p class='ocr_par' dir='ltr' id='par_1_44' title="bbox 586 4253 3772 4326">
     <span class='ocr_line' id='line_1_44' title="bbox 586 4253 3772 4326; baseline 0.001 -20"><span class='ocrx_word' id='word_1_572' title='bbox 586 4254 668 4322; x_wconf 92' lang='lat'><strong>68)</strong></span> <span class='ocrx_word' id='word_1_573' title='bbox 712 4254 793 4308; x_wconf 86' lang='lat' dir='ltr'><strong>Cf.</strong></span> <span class='ocrx_word' id='word_1_574' title='bbox 825 4253 1184 4308; x_wconf 88' lang='lat' dir='ltr'><strong>Thomassini</strong></span> <span class='ocrx_word' id='word_1_575' title='bbox 1217 4255 1385 4308; x_wconf 87' lang='lat' dir='ltr'><strong>Vetus</strong></span> <span class='ocrx_word' id='word_1_576' title='bbox 1413 4257 1471 4308; x_wconf 89' lang='lat' dir='ltr'><strong>et</strong></span> <span class='ocrx_word' id='word_1_577' title='bbox 1499 4270 1642 4308; x_wconf 89' lang='lat' dir='ltr'><strong>nova</strong></span> <span class='ocrx_word' id='word_1_578' title='bbox 1677 4254 1932 4309; x_wconf 87' lang='lat' dir='ltr'><strong>Ecclesiae</strong></span> <span class='ocrx_word' id='word_1_579' title='bbox 1961 4255 2120 4308; x_wconf 84' lang='lat' dir='ltr'><strong>disci-</strong></span> <span class='ocrx_word' id='word_1_580' title='bbox 2218 4257 2343 4310; x_wconf 90' lang='lat'><strong>231.</strong></span> <span class='ocrx_word' id='word_1_581' title='bbox 2384 4256 2717 4310; x_wconf 89' lang='lat' dir='ltr'><strong>Nauclerum</strong></span> <span class='ocrx_word' id='word_1_582' title='bbox 2762 4272 2895 4326; x_wconf 88' lang='lat' dir='ltr'><strong>gen.</strong></span> <span class='ocrx_word' id='word_1_583' title='bbox 2925 4259 3014 4312; x_wconf 88' lang='lat'><strong>26.</strong></span> <span class='ocrx_word' id='word_1_584' title='bbox 3044 4257 3318 4324; x_wconf 68' lang='lat' dir='ltr'><strong>Gratiam,</strong></span> <span class='ocrx_word' id='word_1_585' title='bbox 3349 4274 3398 4311; x_wconf 94' lang='lat' dir='ltr'><strong>c.</strong></span> <span class='ocrx_word' id='word_1_586' title='bbox 3435 4260 3487 4324; x_wconf 91' lang='lat'><strong>6,</strong></span> <span class='ocrx_word' id='word_1_587' title='bbox 3519 4257 3652 4311; x_wconf 91' lang='lat' dir='ltr'><strong>diss.</strong></span> <span class='ocrx_word' id='word_1_588' title='bbox 3684 4259 3772 4311; x_wconf 84' lang='lat'><strong>40.</strong></span> 
     </span>
    </p>
   </div>
   <div class='ocr_carea' id='block_1_45' title="bbox 523 4424 648 4431">
    <p class='ocr_par' dir='ltr' id='par_1_45' title="bbox 523 4424 648 4431">
     <span class='ocr_line' id='line_1_45' title="bbox 523 4424 648 4431; baseline 0.016 -1"><span class='ocrx_word' id='word_1_589' title='bbox 523 4424 648 4431; x_wconf 60' lang='grc'><strong>-..-</strong></span> 
     </span>
    </p>
   </div>
   <div class='ocr_carea' id='block_1_46' title="bbox 1270 4587 3087 4709">
    <p class='ocr_par' dir='ltr' id='par_1_46' title="bbox 1270 4587 3087 4709">
     <span class='ocr_line' id='line_1_46' title="bbox 1270 4587 3087 4709; baseline 0.002 -3"><span class='ocrx_word' id='word_1_590' title='bbox 1270 4589 1431 4707; x_wconf 72' lang='lat' dir='ltr'><strong>ID.</strong></span> <span class='ocrx_word' id='word_1_591' title='bbox 1509 4587 2167 4709; x_wconf 76' lang='lat' dir='ltr'><strong>GEORG.</strong></span> <span class='ocrx_word' id='word_1_592' title='bbox 2267 4589 3087 4709; x_wconf 79' lang='lat' dir='ltr'><strong>PHILLIPS</strong></span> 
     </span>
    </p>
   </div>
   <div class='ocr_carea' id='block_1_47' title="bbox 899 4923 3445 5100">
    <p class='ocr_par' dir='ltr' id='par_1_47' title="bbox 899 4923 3445 5100">
     <span class='ocr_line' id='line_1_47' title="bbox 899 4923 3445 5100; baseline 0 -53"><span class='ocrx_word' id='word_1_593' title='bbox 899 4923 1973 5050; x_wconf 85' lang='lat' dir='ltr'><strong>COLLECTIONE</strong></span> <span class='ocrx_word' id='word_1_594' title='bbox 2136 4923 2744 5049; x_wconf 87' lang='lat' dir='ltr'><strong>PSEUDO</strong></span> <span class='ocrx_word' id='word_1_595' title='bbox 2783 4997 2822 5018; x_wconf 94' lang='lat'><strong>-</strong></span> <span class='ocrx_word' id='word_1_596' title='bbox 2866 4923 3445 5048; x_wconf 87' lang='lat' dir='ltr'><strong>ISIDORI</strong></span> 
     </span>
    </p>
   </div>
   <div class='ocr_carea' id='block_1_48' title="bbox 1815 5143 2534 5258">
    <p class='ocr_par' dir='ltr' id='par_1_48' title="bbox 1815 5143 2534 5258">
     <span class='ocr_line' id='line_1_48' title="bbox 1815 5143 2534 5258; baseline -0.001 -23"><span class='ocrx_word' id='word_1_597' title='bbox 1815 5143 2534 5258; x_wconf 85' lang='lat' dir='ltr'><strong>DISQUISITIO.</strong></span> 
     </span>
    </p>
   </div>
   <div class='ocr_carea' id='block_1_49' title="bbox 614 5337 3730 5422">
    <p class='ocr_par' dir='ltr' id='par_1_49' title="bbox 614 5337 3730 5422">
     <span class='ocr_line' id='line_1_49' title="bbox 614 5337 3730 5422; baseline 0.001 -22"><span class='ocrx_word' id='word_1_598' title='bbox 614 5337 702 5416; x_wconf 89' lang='lat' dir='ltr'><strong>(E</strong></span> <span class='ocrx_word' id='word_1_599' title='bbox 735 5337 1116 5401; x_wconf 77' lang='lat' dir='ltr'><strong>Germanico</strong></span> <span class='ocrx_word' id='word_1_600' title='bbox 1155 5339 1464 5404; x_wconf 82' lang='lat' dir='ltr'><strong>z&#39;dz&#39;omate</strong></span> <span class='ocrx_word' id='word_1_601' title='bbox 1497 5340 1984 5418; x_wconf 74' lang='lat' dir='ltr'><strong>Kirchenrecht,</strong></span> <span class='ocrx_word' id='word_1_602' title='bbox 2019 5340 2431 5422; x_wconf 79' lang='lat' dir='ltr'><strong>Regensburg</strong></span> <span class='ocrx_word' id='word_1_603' title='bbox 2467 5345 2641 5413; x_wconf 82' lang='lat'><strong>1851,</strong></span> <span class='ocrx_word' id='word_1_604' title='bbox 2672 5357 2738 5420; x_wconf 83' lang='lat' dir='ltr'><strong>p.</strong></span> <span class='ocrx_word' id='word_1_605' title='bbox 2773 5344 2873 5414; x_wconf 90' lang='lat'><strong>61,</strong></span> <span class='ocrx_word' id='word_1_606' title='bbox 2910 5341 2977 5401; x_wconf 77' lang='lat' dir='ltr'><strong>in</strong></span> <span class='ocrx_word' id='word_1_607' title='bbox 3017 5340 3328 5404; x_wconf 76' lang='lat' dir='ltr'><strong>Latinum</strong></span> <span class='ocrx_word' id='word_1_608' title='bbox 3361 5341 3730 5420; x_wconf 81' lang='lat' dir='ltr'><strong>translata.)</strong></span> 
     </span>
    </p>
   </div>
   <div class='ocr_carea' id='block_1_50' title="bbox 2155 5589 2194 5640">
    <p class='ocr_par' dir='ltr' id='par_1_50' title="bbox 2155 5589 2194 5640">
     <span class='ocr_line' id='line_1_50' title="bbox 2155 5589 2194 5640; baseline 0 0"><span class='ocrx_word' id='word_1_609' title='bbox 2155 5589 2194 5640; x_wconf 88' lang='grc' dir='ltr'>Ι.</span> 
     </span>
    </p>
   </div>
   <div class='ocr_carea' id='block_1_51' title="bbox 1871 5684 2496 5744">
    <p class='ocr_par' dir='ltr' id='par_1_51' title="bbox 1871 5684 2496 5744">
     <span class='ocr_line' id='line_1_51' title="bbox 1871 5684 2496 5744; baseline -0.01 0"><span class='ocrx_word' id='word_1_610' title='bbox 1871 5685 2116 5744; x_wconf 77' lang='lat' dir='ltr'><strong>Collectio</strong></span> <span class='ocrx_word' id='word_1_611' title='bbox 2157 5684 2496 5741; x_wconf 76' lang='lat' dir='ltr'><strong>describitur.</strong></span> 
     </span>
    </p>
   </div>
   <div class='ocr_carea' id='block_1_52' title="bbox 565 5801 3854 5876">
    <p class='ocr_par' dir='ltr' id='par_1_52' title="bbox 565 5801 3854 5876">
     <span class='ocr_line' id='line_1_52' title="bbox 565 5801 3854 5876; baseline 0.001 -20"><span class='ocrx_word' id='word_1_612' title='bbox 565 5801 966 5857; x_wconf 88' lang='lat' dir='ltr'><strong>Collectioncm</strong></span> <span class='ocrx_word' id='word_1_613' title='bbox 1021 5801 1343 5873; x_wconf 89' lang='lat' dir='ltr'><strong>Hispanam,</strong></span> <span class='ocrx_word' id='word_1_614' title='bbox 1376 5806 1608 5874; x_wconf 88' lang='lat' dir='ltr'><strong>propter</strong></span> <span class='ocrx_word' id='word_1_615' title='bbox 1651 5803 1936 5876; x_wconf 87' lang='lat' dir='ltr'><strong>insignem</strong></span> <span class='ocrx_word' id='word_1_616' title='bbox 1966 5820 2034 5860; x_wconf 81' lang='lat' dir='ltr'><strong>ex</strong></span> <span class='ocrx_word' id='word_1_617' title='bbox 2076 5820 2143 5859; x_wconf 87' lang='lat' dir='ltr'><strong>ea</strong></span> <span class='ocrx_word' id='word_1_618' title='bbox 2183 5805 2505 5876; x_wconf 86' lang='lat' dir='ltr'><strong>susceptam</strong></span> <span class='ocrx_word' id='word_1_619' title='bbox 2547 5804 2868 5873; x_wconf 81' lang='lat' dir='ltr'><strong>utilitatem,</strong></span> <span class='ocrx_word' id='word_1_620' title='bbox 2903 5820 3133 5860; x_wconf 89' lang='lat' dir='ltr'><strong>necesse</strong></span> <span class='ocrx_word' id='word_1_621' title='bbox 3171 5804 3278 5860; x_wconf 88' lang='lat' dir='ltr'><strong>fuit</strong></span> <span class='ocrx_word' id='word_1_622' title='bbox 3317 5807 3473 5860; x_wconf 86' lang='lat' dir='ltr'><strong>extra</strong></span> <span class='ocrx_word' id='word_1_623' title='bbox 3514 5804 3676 5871; x_wconf 86' lang='lat' dir='ltr'><strong>ﬁnes,</strong></span> <span class='ocrx_word' id='word_1_624' title='bbox 3704 5802 3854 5859; x_wconf 83' lang='lat' dir='ltr'><strong>intra</strong></span> 
     </span>
    </p>
   </div>
  </div>
