4068 6340
1651 331 2164 412 PROLEGOMENA.
3477 357 3586 398 xvn

214 475 355 533 quos
382 459 669 530 originem
699 460 880 527 duxit,
908 459 1070 515 brevi
1097 463 1359 531 tempore
1392 459 1634 515 diffundi
1666 461 1792 529 (72).
1824 461 2048 514 Primus
2079 459 2338 514 omnium
2366 459 2802 529 Argentinensis
2829 462 3126 534 episcopus
3161 463 3396 532 Hachio,
3433 482 3589 523 anno

216 553 337 618 787,
385 549 536 602 illius
583 546 879 616 exemplar
923 548 1358 603 rescribendum
1409 549 1643 603 curavit.
1689 552 1823 613 Qum
1871 550 2104 619 quidem
2147 547 2379 616 Rikulﬁ,
2452 549 2862 622 archiepiscopi
2905 553 3224 624 Moguntini
3286 554 3588 610 Hachionis

216 637 617 708 metropolitae,
653 651 828 706 opera
867 637 1240 709 multiplicata
1275 654 1382 708 per
1416 641 1598 693 totum
1647 639 1995 692 Francorum
2030 654 2274 708 regnum
2322 641 2645 709 propagata
2676 640 2804 694 fuit.
2847 641 3151 696 Rachionis
3189 645 3585 716 manuscripti,

210 729 360 800 quod
387 728 572 788 adhuc
601 729 800 793 exstat,
828 728 1172 797 prommium
1200 727 1474 782 Ordinem
1501 728 1570 782 de
1600 728 1945 782 celebrando
1968 726 2227 794 concilio,
2261 743 2292 780 a
2321 730 2527 798 quarto
2556 728 2824 784 Toletano
2858 729 3227 801 desumptum
3256 732 3364 802 (73)
3395 733 3582 804 primo

214 817 497 883 continet;
525 815 656 869 ideo
681 815 914 870 fortasse
947 816 1081 887 quia
1113 816 1247 871 dicti
1273 815 1480 870 codicis
1507 817 1818 887 descriptor
1842 820 2189 873 Francorum
2222 834 2464 888 regnum
2495 817 2782 889 praecipue
2809 819 3162 887 intendebat,
3187 838 3318 875 cum
3347 823 3586 877 concilia

213 906 286 960 ad
318 906 697 977 Hispanorum
724 905 1096 960 conciliorum
1126 921 1390 960 normam
1417 906 1771 961 instituenda
1797 909 2150 978 proponeret
2181 906 2309 977 (74).

281 997 388 1059 Qui
407 996 709 1050 Rachionis
729 995 923 1065 codex,
948 1013 1018 1051 ex
1034 996 1380 1051 collectione
1397 997 1641 1067 Hispana
1661 996 1996 1067 descriptus,
2015 1013 2133 1050 non
2149 995 2300 1050 ultra
2321 994 2624 1050 concilium
2641 997 2960 1053 toletanum
2975 1015 3054 1054 xu
3069 999 3420 1070 procedebat
3438 1004 3528 1056 681
3545 1003 3585 1072 );

214 1085 533 1156 generatim
546 1089 737 1140 autem
754 1086 1097 1141 Francorum
1110 1086 1500 1157 manuscripta
1514 1085 1805 1140 decimum
1818 1084 2054 1141 tertium
2067 1087 2229 1154 (683),
2245 1100 2364 1138 non
2377 1099 2510 1138 vero
2531 1083 2818 1139 decimum
2831 1091 3098 1158 quartum
3115 1089 3419 1144 concilium
3431 1091 3588 1145 Tole-

216 1183 413 1230 tanum
436 1176 577 1245 (686)
595 1175 1070 1246 complectuntur.
1099 1175 1429 1246 Cujusmodi
1450 1174 1865 1244 manuscripta,
1889 1173 2146 1244 pluribus
2173 1172 2328 1227 falsis
2358 1172 2737 1228 decretalibus
2763 1174 3003 1246 aliisque
3029 1178 3372 1250 apocryphis
3399 1184 3586 1242 aucta,

219 1281 373 1320 nono
392 1265 468 1320 ad
484 1265 657 1320 finem
680 1270 950 1336 vergente
972 1266 1197 1333 saeculo,
1221 1264 1325 1319 sub
1347 1264 1582 1319 nomine
1608 1261 1966 1318 Collectionis
1987 1261 2178 1316 Isidori
2205 1262 2308 1332 (75)
2346 1261 2559 1332 ubique
2581 1261 2639 1316 in
2658 1263 3004 1318 Francorum
3025 1281 3204 1337 regno
3227 1267 3585 1324 circumfere-

216 1355 442 1410 bantur.
473 1354 586 1410 Sub
611 1353 803 1425 judice
833 1354 898 1408 lis
919 1357 1006 1407 est
1036 1357 1228 1408 utrum
1253 1353 1366 1408 tale
1400 1368 1608 1407 nomen
1630 1353 1737 1421 (76)
1765 1369 1895 1407 vera
1922 1353 2168 1424 Hispana
2193 1351 2508 1406 obtinuerit
2534 1354 2725 1418 antea,
2751 1368 2824 1405 an
2853 1353 3029 1407 fuerit
3057 1354 3135 1408 sic
3166 1355 3450 1426 appellata
3477 1357 3582 1426 (77)

219 1463 284 1500 ex
321 1462 438 1517 quo
488 1446 547 1500 in
580 1445 884 1518 procemio,
936 1444 1095 1516 operi
1135 1445 1440 1510 recentius,
1477 1447 1690 1510 assuto,
1732 1442 1976 1498 Isidorus
2016 1445 2084 1495 ut
2123 1445 2322 1495 auctor
2356 1440 2596 1511 loquens
2621 1439 2912 1494 inducitur
2933 1441 3062 1512 (78).
3097 1443 3215 1505 Qua
3240 1459 3306 1497 ex
3335 1445 3584 1512 ratione,

217 1534 535 1589 novissimis
565 1534 936 1606 temporibus,
969 1533 1291 1588 Collectioni
1323 1532 1582 1602 Hispana:
1623 1535 1803 1612 apctte
1843 1531 2288 1587 Pseudo-Isidori
2320 1546 2530 1584 nomen
2567 1528 2812 1584 inditum
2850 1529 2980 1601 (79).
3033 1531 3281 1594 Quidam
3322 1534 3585 1588 Ilistorici

217 1624 387 1694 hujus
431 1623 620 1694 operis
672 1623 889 1678 honore
936 1623 1216 1678 Isidorum
1261 1624 1308 1676 II
1361 1622 1724 1676 Setabensem
1769 1623 1856 1676 vel
1913 1619 2307 1674 Xantivensem
2355 1617 2498 1689 (683)
2553 1617 2885 1689 episcopum
2937 1617 3250 1689 dignantur
3277 1621 3417 1692 (80);
3461 1637 3586 1693 quae

221 1713 453 1784 quidem
491 1711 690 1783 opinio
730 1728 843 1766 non
874 1713 1155 1783 majorem
1189 1711 1362 1766 ﬁdem
1394 1710 1500 1765 sibi
1529 1710 1776 1765 vindicat
1814 1727 1987 1782 quam
2020 1727 2085 1764 ea
2125 1725 2254 1780 quae
2289 1707 2398 1779 ipsi
2436 1707 2834 1762 collectionem
2871 1724 3156 1762 canonum
3185 1711 3436 1765 arcribit.
3467 1712 3587 1766 Non

221 1801 534 1857 admodum
563 1801 937 1872 improbabile
972 1807 1117 1856 esset
1143 1802 1351 1872 ipsum,
1388 1801 1532 1855 sicut
1562 1806 1620 1856 et
1649 1801 1764 1870 alii,
1797 1799 2030 1855 diversis
2056 1797 2406 1868 temporibus
2432 1795 2813 1868 antiquiorem
2841 1796 3149 1867 Hispanam
3177 1798 3586 1854 Collectionem

223 1891 513 1962 complere
551 1896 836 1958 conatum,
872 1891 1018 1944 hanc
1061 1890 1131 1943 ad
1169 1889 1455 1944 decimum
1491 1889 1728 1944 tertium
1768 1906 1944 1960 usque
1985 1887 2319 1942 Toletanum
2353 1885 2664 1940 concilium
2697 1885 2804 1957 (81)
2846 1891 3211 1956 prosecutum
3249 1905 3388 1958 esse,
3420 1890 3496 1944 ita
3525 1896 3589 1946 ut

221 1996 431 2034 nomen
461 1979 686 2046 Isidori,
717 1979 1046 2034 Collectioni
1073 1982 1474 2051 aggregatum,
1503 1996 1632 2034 cum
1657 1980 1888 2034 nomine
1932 1977 2112 2032 sancti
2153 1975 2400 2047 episcopi
2427 1974 2773 2046 Hispalensis
2802 1975 3251 2032 confunderetur
3283 1980 3409 2048 (82).
3443 1979 3590 2034 Mera

225 2073 308 2122 est
342 2069 682 2140 suppositio,
715 2085 844 2139 quae
875 2084 1013 2123 sane
1046 2068 1328 2139 judicanti
1369 2085 1487 2122 non
1529 2069 1680 2123 ultra
1721 2069 1860 2124 lines
1898 2068 2240 2138 conjectura}
2270 2065 2416 2121 facto
2453 2064 2726 2136 Oppositus
2751 2065 3118 2136 progreditur
3153 2083 3165 2120 :
3207 2067 3421 2122 factum
3451 2069 3589 2123 illud

226 2158 579 2229 praecipuum
605 2157 663 2212 in
686 2157 791 2211 hoc
817 2157 1075 2212 consistit
1093 2158 1244 2230 quod
1269 2157 1417 2211 illius
1443 2157 1701 2228 Hispanas
1728 2157 2086 2213 Collectionis
2106 2159 2284 2210 auctas
2307 2155 2669 2226 compilator,
2691 2153 2923 2225 qualem
2946 2154 3112 2208 nobis
3132 2156 3352 2226 praebet
3368 2174 3587 2212 nonum

226 2247 516 2314 saeculum,
543 2263 663 2302 sese
689 2246 777 2300 vel
805 2249 1150 2302 Mercatorem
1179 2249 1284 2317 (83)
1316 2248 1399 2302 vel
1429 2250 1760 2303 Peccatorem
1788 2244 2296 2318 cognominaverit.
2326 2244 2582 2299 Priorem
2607 2243 2913 2298 lectionem
2945 2247 3182 2299 tuentur
3199 2246 3588 2318 antiquissima

227 2338 611 2408 manuscripta
657 2338 788 2407 (84),
835 2337 1211 2408 posteriorem
1255 2354 1378 2392 mos
1416 2337 1566 2408 apud
1598 2339 1892 2408 episcopos
1916 2341 1974 2391 et
2015 2334 2325 2390 monachos
2373 2333 2542 2402 hujus
2594 2332 2782 2386 smculi
2838 2331 3238 2389 usitatissimus
3285 2336 3412 2406 (85),
3469 2354 3587 2393 sese

225 2430 524 2482 Peccatoris
552 2425 894 2497 cognomine
923 2425 1280 2498 designandi.

299 2583 404 2653 (72)
450 2583 789 2655 Hincmarus
832 2583 1165 2638 Rhemensis
1200 2585 1393 2655 nepoti
1421 2599 1524 2638 suo
1554 2583 1856 2638 Hincmaro

231 2654 597 2709 Laudunensi
633 2655 827 2708 scribit
869 2657 1082 2726 (HINCM.
1133 2654 1336 2721 Hum,
1383 2658 1575 2725 Opusc.
1601 2656 1704 2718 LV,
1733 2669 1852 2725 cap.

229 2728 354 2780 adv.
388 2729 602 2781 Hincm.
629 2727 830 2787 Laud.,
865 2743 913 2780 c.
943 2727 1032 2792 24,
1079 2726 1246 2796 0pp.,
1287 2733 1428 2781 tom.
1478 2728 1540 2794 ll,
1584 2743 1640 2797 p.
1684 2728 1803 2794 476)
1841 2743 1852 2779 :

234 2819 262 2843 «
291 2797 346 2851 Si
375 2813 508 2850 vero
533 2797 665 2852 ideo
691 2798 842 2864 talia,
873 2813 1002 2867 quae
1043 2797 1147 2850 tibi
1185 2798 1301 2851 visa
1329 2801 1480 2864 sunt,
1512 2798 1581 2852 de
1608 2797 1857 2868 praefatis

230 2869 524 2922 sententiis
553 2884 617 2921 ac
649 2885 797 2938 smpe
828 2869 1159 2922 memoratis
1187 2870 1440 2939 epistolis
1472 2867 1857 2923 detruncando

230 2948 287 2994 et
311 2941 774 3009 praeposteme
795 2947 964 3010 atque
979 2939 1385 2994 disordinando
1408 2939 1704 3010 collegisti,
1727 2940 1859 3009 quia

229 3012 372 3064 forte
401 3011 613 3081 putasti
640 3012 936 3064 neminem
966 3012 1142 3064 alium
1173 3012 1406 3065 easdem
1436 3011 1747 3065 sententias
1774 3011 1858 3063 vel

232 3082 378 3152 ipsas
403 3083 672 3153 epistolas
697 3086 908 3152 praeter
933 3085 988 3134 te
1017 3082 1248 3148 habere,
1287 3088 1344 3135 et
1379 3083 1592 3136 idcirco
1625 3082 1762 3153 talia
1798 3081 1860 3134 li-

229 3154 363 3208 bere
407 3152 464 3207 te
503 3153 836 3207 existimasti
890 3169 1053 3225 posse
1095 3154 1388 3224 colligere,
1432 3169 1521 3207 res
1566 3152 1711 3225 mira
1751 3158 1856 3220 est,

230 3241 401 3296 quam
429 3225 503 3277 de
529 3224 663 3294 ipsis
683 3223 981 3278 sententiis
1004 3226 1175 3296 plena
1199 3223 1271 3278 sit
1300 3226 1408 3278 ista
1432 3229 1602 3292 terra,
1634 3223 1780 3277 sicut
1803 3229 1861 3275 et

232 3303 298 3350 de
335 3297 484 3348 libro
524 3297 884 3349 collectarum
915 3297 1286 3366 epistularum
1319 3296 1389 3348 ab
1419 3296 1652 3362 Isidoro,
1686 3310 1856 3365 quem

231 3369 298 3420 de
327 3368 597 3436 Hispania
616 3367 847 3420 allatum
875 3368 1126 3420 Riculi’us
1154 3367 1516 3436 Moguntinus
1542 3367 1857 3437 episcopus,

230 3438 288 3491 in
316 3438 415 3507 huj
426 3439 648 3491 usmodi
677 3439 820 3492 sicut
837 3440 896 3490 in
917 3438 1176 3509 capitulis
1196 3437 1369 3508 regiis
1389 3439 1696 3504 studiosus,
1719 3437 1860 3491 obti-

233 3509 374 3577 nuit,
409 3517 465 3562 et
492 3509 627 3563 istas
651 3510 914 3579 regiones
939 3527 1007 3564 ex
1038 3511 1134 3562 illo
1160 3510 1365 3580 repleri
1392 3509 1544 3563 fecit.
1581 3531 1608 3557 ››

303 3583 408 3650 (73)
437 3582 608 3635 Cone.
631 3581 804 3634 Tolet.
836 3597 910 3649 ιγ,
941 3597 1035 3634 an.
1063 3583 1186 3646 633,
1215 3597 1336 3651 cap.
1364 3581 1415 3633 4.

301 3657 407 3721 (74)
429 3651 753 3705 Dolendum
775 3655 860 3705 est
875 3653 1026 3722 quod
1048 3653 1221 3719 Koch,
1239 3650 1350 3705 tam
1369 3650 1779 3722 parcimoniose
1795 3665 1859 3704 ex

232 3723 540 3776 Hachionis
556 3723 747 3776 codice
770 3724 1066 3777 citationes
1085 3723 1604 3777 communicaverit.
1620 3722 1858 3776 Multum

234 3796 537 3849 interesset
560 3796 702 3848 scire
729 3811 804 3848 an
832 3794 889 3848 in
916 3796 1198 3866 prooemio
1224 3794 1428 3866 codicis
1453 3793 1672 3866 aliquid
1699 3794 1858 3863 lege-

233 3870 388 3920 retur
432 3881 555 3919 non
592 3865 841 3919 alienum
878 3864 1134 3920 a‘vcrbis
1173 3865 1606 3920 Pseudo-lsidori
1649 3864 1710 3918 in
1761 3881 1862 3918 sua

235 3937 567 4006 praefatione
613 3952 624 3990 :
656 3958 696 4008 a
737 3937 798 3990 In
843 3937 1124 4008 principio
1158 3953 1294 3990 vero
1332 3936 1633 3990 voluminis
1667 3935 1858 4008 hujus,

233 4010 482 4079 qualiter
506 4007 813 4062 concilium
846 4007 1002 4079 apud
1032 4007 1135 4064 nos
1171 4008 1507 4076 celebratur,
1542 4007 1858 4078 posuimus,

236 4084 296 4133 ut
319 4080 419 4151 qui
443 4085 690 4134 nostrum
717 4079 979 4152 ordinem
999 4079 1161 4152 sequi
1183 4079 1494 4152 voluerint,
1514 4081 1692 4132 sciant
1715 4093 1858 4152 qua-

235 4149 358 4205 liter
387 4151 499 4204 hoc
526 4166 698 4221 agere
739 4150 1003 4206 debeant.
1034 4149 1308 4214 {Quibus
1347 4150 1530 4204 verbis
1557 4155 1755 4204 auctor
1778 4149 1856 4202 vi-

237 4222 401 4276 detur
443 4224 682 4276 innuere
715 4238 773 4276 se
804 4223 959 4294 apud
989 4227 1215 4294 exteros
1233 4221 1496 4276 scribere.
1529 4221 1634 4285 Qui
1666 4223 1726 4274 in
1748 4221 1861 4294 Hisf

237 4296 404 4364 pania
432 4294 801 4364 reperiuntur
825 4291 1083 4364 Hispana:
1120 4293 1464 4348 collectionis
1490 4291 1861 4362 manuscripti

237 4366 455 4419 codices
490 4366 752 4419 ordinem
784 4365 856 4418 de
886 4382 997 4436 quo
1028 4365 1504 4420 Pseudo-Isidorus
1535 4364 1768 4436 nonnisi
1802 4364 1858 4417 in

237 4438 450 4491 actibus
476 4439 646 4492 Cone.
671 4437 851 4491 Tolet.
881 4434 953 4504 iv,
983 4437 1270 4492 exhibent.
1306 4438 1468 4491 Conf.
1503 4434 1773 4490 Batterini
1802 4451 1858 4505 p.

239 4523 309 4575 vi,
337 4524 461 4579 cap.
489 4511 545 4575 4,
574 4509 605 4580 §
630 4509 684 4580 4,
715 4524 770 4560 n.
804 4511 888 4578 16,
921 4525 978 4579 p.
1011 4511 1132 4563 519.

307 4578 409 4648 (75)
440 4578 601 4634 Hinc}
630 4579 832 4633 Hhem.
867 4578 1056 4650 opusc.
1089 4595 1273 4646 XLVIII,
1316 4583 1548 4651 cap.r21
1600 4582 1742 4649 (tom.
1792 4578 1857 4643 II,

236 4665 292 4720 p.
325 4654 469 4720 793).
515 4650 802 4721 Scriptum
841 4667 1096 4722 namque
1127 4656 1208 4705 est
1239 4651 1297 4704 in
1321 4650 1572 4722 quodam
1597 4665 1860 4705 sermone

242 4722 356 4776 sine
376 4725 693 4793 exceptoris
707 4723 942 4776 nomine
969 4725 1037 4777 de
1059 4723 1232 4794 gestis
1244 4723 1297 4777 S.
1315 4722 1587 4793 Sylvestri
1604 4727 1859 4792 excepto,

243 4809 409 4863 quem
451 4794 700 4848 Isidorus
747 4795 1046 4865 episcopus
1090 4795 1427 4864 Hispalensis
1467 4794 1694 4864 collegit
1729 4808 1860 4846 cum

245 4865 489 4934 epistolis
530 4867 799 4920 Romanas
834 4868 980 4920 sedis
1019 4867 1379 4936 pontiﬁcum,
1415 4883 1448 4919 a
1476 4867 1529 4920 S.
1570 4869 1863 4920 Clemente

248 4951 417 5008 usque
460 4938 532 4991 ad
580 4939 636 4990 Β.
686 4938 1047 5008 Gregorium,
1089 4938 1359 4992 eumdem
1405 4939 1461 4993 S.
1512 4939 1863 5008 Sylvestruni

245 5008 546 5132 deprevisse
593 5015 654 5062 ut
699 5010 888 5064 nullus
932 5011 1104 5065 laicus
1149 5010 1367 5064 crimen
1416 5011 1620 5065 clerico
1661 5009 1866 5063 audeat

247 5094 300 5131 ιιι
324 5096 468 5132 erre.

215 5126 224 5133 .
247 5094 468 5135 interra.

311 5154 439 5230 (76)
471 5151 660 5230 Qupd_
681 5152 870 5230 adhuc
920 5153 1158 5230 omnino
1178 5153 1654 5230 _incompertum.
1699 5154 1860 5230 Conf.

247 5224 500 5349 Ατεῖῖεὲιο,
551 5223 880 5349 liisdoriana,
931 5243 980 5280 c.
1029 5229 1088 5280 91
1144 5227 1299 5297 (Opp.
1339 5223 1568 5290 SfIsid.
1615 5233 1752 5283 tom.
1799 5227 1864 5297 ll,

252 5310 298 5349 D.
374 5312 541 5349 l.n.
671 5337 683 5349 .

288 5337 298 5347 .
335 5299 453 5350 176.
481 5312 541 5350 n.
577 5299 683 5350 181.

250 5310 298 5362 ρ.
335 5305 453 5363 176,
481 5312 541 5350 n.
577 5305 683 5366 ιδ).

317 5371 417 5445 (77)
453 5368 620 5445 (loan
644 5368 952 5445 Fichhorn,
996 5389 1059 5445 p.
1089 5372 1208 5429 159,

315 5441 417 5507 (78)
455 5439 626 5510 Apud
661 5440 855 5494 Merlin
896 5439 1188 5498 {Isidorus
1223 5466 1407 5507 servus
1446 5451 1646 5510 Christi
1687 5450 1871 5502 lectori

251 5526 625 5592 conservosuo
661 5512 759 5580 (sic
787 5514 1156 5592 Iegit_etiam
1194 5537 1374 5592 usque
1399 5524 1469 5578 ad
1496 5524 1603 5576 hoc
1633 5520 1872 5574 verbum

251 5583 479 5665 gratiam
505 5582 567 5665 in
597 5599 703 5665 can
734 5600 746 5638 :
773 5582 1155 5665 flawitfhd.
1189 5582 1356 5655 16)-et
1395 5595 1615 5665 parenti
1650 5593 1873 5647 Domino

247 5654 390 5721 ﬁdeli
463 5655 716 5710 salutem.
772 5655 852 5709 De
918 5657 1205 5717 additione
1255 5654 1526 5722 Merc-ator
1590 5679 1688 5718 seu
1741 5665 1872 5717 Pec-

249 5731 412 5809 catur,
460 5726 588 5809 vide
625 5742 800 5809 supra
841 5732 1063 5809 textum
1110 5737 1168 5787 et
1201 5740 1504 5809 sequentes
1537 5738 1724 5792 notas.
1767 5735 1874 5809 Pro

247 5798 390 5868 ﬁdeli
442 5799 592 5852 alius
646 5799 858 5871 legitur
905 5807 1060 5878 ﬁdei,
1115 5810 1174 5860 et
1215 5798 1322 5881 pro
1376 5811 1557 5866 lectori
1611 5806 1875 5872 Arevalo,

1956 2587 2062 2640 loc.
2091 2586 2206 2648 cit.,
2233 2601 2366 2655 opp.
2399 2600 2473 2652 v1,
2506 2600 2562 2654 p.
2592 2585 2726 2656 607,_
2751 2582 2909 2656 legit,
2938 2581 3173 2656 Hectori.
3204 2585 3376 2656 Cujus
3396 2587 3582 2642 nomi-

1957 2658 2046 2711 nis
2080 2652 2378 2728 episcopus
2410 2652 2669 2778 temlpore
2707 2652 2905 2707 Isidori
2943 2654 3138 2708 nullus
3183 2652 3585 2728 cognoscitur;

1957 2745 2107 2778 anno
2141 2729 2240 2778 516
2265 2730 2497 2778 armaret
2563 2729 2716 2778 ector
2740 2724 2975 2778 quidam
3004 2742 3094 2778 en.
3127 2726 3585 2778 Carthaginiensis

1955 2724 2240 2804 911116516
2265 2724 2497 2804 apparet
2517 2724 2975 2804 Hectsrslzidsm
3001 2742 3094 2804 φρ·
3127 2724 3588 2804 Οθέιῖιθείηθηξὶὲ

1959 2799 2017 2854 in
2033 2798 2268 2853 concilio
2281 2795 2683 2851 Tarraconensi
2697 2795 2855 2865 (Vide
2876 2795 3168 2867 Harduin.,
3189 2795 3499 2856 Concftom.
3518 2802 3585 2868 Il,

1958 2871 2067 2924 col.
2107 2871 2283 2936 1043).

2033 2945 2158 3010 (79).
2193 2940 2367 2993 Unica
2400 2938 2574 2992 editio
2616 2937 2739 2991 haec
2777 2942 2862 2991 est
2909 2955 2922 2992 :
2968 2939 3199 3008 Meaux,
3231 2942 3586 2997 Conciliorum

1959 3018 2192 3082 quatuor
2217 3011 2550 3080 generalium
2577 3015 2748 3063 tomus
2774 3012 3006 3078 primus.
3049 3011 3426 3079 Quadraginta
3463 3030 3590 3082 quo-

1957 3081 2058 3153 Que
2084 3087 2284 3152 septem
2311 3081 2658 3134 conciliorum
2676 3082 3099 3149 provincialium
3130 3081 3586 3139 authenticorum.

1959 3159 2299 3210 Decretorum
2342 3154 2506 3205 etiam
2569 3155 2857 3221 semaginta
2897 3167 3081 3206 novem
3126 3156 3466 3221 pontiﬁcum,
3519 3157 3588 3209 ab

1959 3226 2215 3295 apostolis
2246 3229 2295 3277 et
2325 3222 2626 3276 earumdem
2657 3223 2950 3276 canonibus
2980 3238 3145 3292 usque
3172 3225 3246 3277 ad
3270 3227 3590 3280 Zachariam

1954 3299 2214 3367 primum,
2246 3295 2453 3367 Isidoro
2484 3295 2725 3367 authore.
2753 3296 2888 3347 Item
2914 3295 3071 3348 Bulla
3097 3297 3282 3349 Aurea
3314 3297 3595 3352 CaroliIV

1959 3366 2322 3436 imperatoris,
2385 3366 2450 3418 de
2497 3366 2747 3418 electione
2794 3367 2936 3436 regis
2982 3367 3360 3420 Romanorum.
3414 3368 3590 3434 Paris,

1964 3435 2129 3504 1593;
2158 3436 2350 3492 Colon.
2379 3438 2534 3502 1530,
2566 3439 2597 3488 2
2622 3441 2761 3489 tom.
2793 3435 2909 3502 fol.)
2939 3435 3110 3503 Paris,
3148 3440 3303 3502 1535,
3335 3440 3366 3490 2
3391 3442 3530 3493 tom.
3558 3442 3589 3492 8

1962 3511 2286 3590 (emlofﬁcina
2315 3509 2586 3590 litteraria
2613 3507 3256 3590 honestipiri'Francisci
3281 3511 3588 3590 llegnault).

1959 3576 2131 3633 Multa
2156 3579 2486 3646 fragmenta
2512 3592 2640 3645 quas
2662 3577 2720 3650 in
2747 3576 3167 3650 antiquioribus
3193 3576 3591 3650 manuscriptis

1960 3650 2363 3704 desiderantur
2404 3647 2711 3716 assumpsit
2748 3647 2842 3699 illa
2879 3646 3073 3700 editio.
3107 3677 3174 3687 -—
3201 3649 3359 3702 Conf.
3390 3646 3593 3704 Canius

1961 3723 2144 3779 Notice
2189 3721 2255 3773 de
2302 3720 2630 3772 Manuscrits
2681 3722 2966 3771 contenant
3021 3719 3111 3772 des
3161 3719 3475 3775 Collections
3527 3721 3594 3775 de

1963 3795 2169 3850 Canons
2216 3795 2266 3845 et
2315 3790 2380 3843 de
2426 3789 2728 3843 Décrétales
2789 3788 3028 3856 (Notices
3091 3792 3148 3842 et
3200 3789 3446 3844 Extraits
3495 3791 3593 3846 des

1961 3863 2288 3918 Manuscrits
2335 3861 2404 3914 de
2449 3861 2497 3912 la
2549 3859 3287 3931 Bibliothequennationale,
3333 3865 3467 3916 tom.
3502 3863 3589 3930 VI,

1961 3953 2018 4006 p.
2048 3937 2172 3999 270,
2202 3935 2324 3987 not.
2357 3931 2460 4001 12).
2493 3932 2574 3985 Cf.
2600 3947 2829 4002 quoque
2870 3930 3154 4001 Ballerini,
3189 3930 3294 3987 loc.
3331 3933 3424 3988 cit.
3466 3950 3589 4005 cap.

1962 4011 2014 4071 7,
2045 4022 2102 4071 p.
2134 4008 2233 4059 559
2266 4019 2390 4071 sqq.

2033 4019 2536 4147 (I80)aVi’d:q§Iasco,
2567 4073 2675 4128 loc.
2710 4073 2832 4147 cit.,
2862 4089 2986 4147 cap.
3023 4077 3076 4143 6,
3114 4091 3170 4145 p.
3219 4076 3308 4147 35.
3338 4104 3406 4114 —
3429 4076 3587 4131 Conf.

2033 4089 2138 4147 (δυ)
2169 4089 2300 4129 Viae
2325 4089 2536 4140 biasco,
2567 4089 2675 4128 ioc.
2710 4089 2832 4141 cit.,
2862 4089 2986 4198 cap.
3023 4089 3076 4143 6,
3114 4091 3170 4145 p.
3219 4089 3308 4129 35.
3338 4104 3406 4114 —
3429 4089 3587 4131 conf.

1961 4164 2185 4219 quoque
2227 4147 2443 4214 Florez,
2482 4146 2694 4215 Espaﬁa
2735 4146 2914 4215 Sagra
2961 4162 3014 4214 a,
3064 4151 3204 4199 tom.
3245 4146 3378 4212 VIII,
3422 4162 3482 4217 p.
3524 4149 3590 4202 48

2035 4313 2138 4382 (81)
2170 4310 2362 4366 Adfuit
2387 4309 2627 4382 concilio
2654 4309 2926 4364 Toletano
2955 4326 3046 4376 xv,
3079 4327 3231 4366 anno
3275 4315 3395 4367 688.
3427 4313 3591 4382 (Haiu

1962 4384 2122 4439 duin.
2174 4383 2330 4438 Cone.
2381 4388 2521 4453 tom.
2578 4381 2666 4447 III,
2723 4382 2827 4435 col.
2881 4385 3056 4453 1771);
3121 4383 3342 4436 ratione
3407 4381 3595 4439 habita

1961 4454 2234 4526 temporis
2260 4452 2446 4524 potuit
2467 4467 2588 4505 esse
2613 4467 2758 4505 unus
2780 4469 2982 4526 eorum
2996 4452 3094 4526 qui
3123 4454 3310 4508 denuo
3331 4455 3593 4525 Hispanas

1961 4525 2293 4581 Collectioni
2321 4541 2555 4594 operam
2581 4527 2883 4578 navarunt.
2921 4525 3078 4578 Alius
3099 4530 3183 4579 est
3201 4543 3265 4580 ac
3286 4527 3529 4580 Isidorus
3551 4527 3593 4594 I,

1961 4598 2049 4651 cui
2092 4595 2357 4650 successit
2401 4597 2690 4662 (677-682;
2738 4611 2882 4650 conc.
2919 4597 3082 4651 Tolet.
3127 4613 3228 4663 xn,
3275 4613 3410 4650 ann.
3465 4599 3588 4663 681,

1961 4669 2070 4722 col.
2097 4671 2273 4722 1726).

2035 4671 2354 4808 {8%)lﬁtgdex
2383 4735 2712 4808 Mutinensis
2748 4739 2818 4808 ut
2853 4737 3077 4808 Vatic.:
3111 4739 3312 4805 Incipit
3336 4741 3592 4808 praefatio

1961 4806 2137 4866 sancti
2161 4809 2364 4863 Isidori
2391 4807 2517 4861 libri
2536 4806 2717 4873 hujus.
2744 4807 2805 4860 V.
2829 4807 3103 4873 Zaccaria,
3128 4809 3236 4862 loc.
3259 4806 3378 4876 citi,
3404 4806 3458 4864 v.
3479 4811 3589 4877 42):

1963 4885 2030 4938 In
2055 4883 2268 4936 nomine
2300 4880 2516 4933 Domini
2541 4880 2716 4951 nostri
2739 4880 2863 4933 Jesu
2894 4880 3096 4936 Christi
3120 4881 3311 4949 incipit
3337 4884 3595 4951 praefatio

1964 4955 2139 5009 sancti
2163 4952 2360 5008 Isidori
2377 4951 2507 5004 libri
2522 4949 2703 5018 hujus.

2038 5025 2140 5094 (83)
2169 5023 2350 5078 Codex
2377 5038 2545 5094 unus,
2577 5021 2728 5094 inter
2751 5019 3131 5092 Arevalianos,
3159 5021 3300 5093 legit
3325 5025 3590 5080 Mercatus

1971 5093 2248 5165 (Arevalo,
2278 5095 2381 5148 loc.
2414 5093 2530 5162 cit.,
2554 5093 2757 5163 p.209,
2785 5109 2841 5145 ιι.
2874 5095 2978 5161 52).

2040 5169 2146 5236 (84)
2176 5167 2430 5232 Arevalo,
2460 5166 2566 5219 loc.
2597 5165 2691 5218 cit.

2042 5233 2142 5308 (85)
2171 5237 2310 5292 Vide
2339 5236 2596 5306 Elipandi
2625 5233 2786 5308 epist.
2812 5234 2886 5288 ad
2911 5235 3224 5306 Migetium,
3256 5253 3313 5292 n.
3342 5242 3407 5293 10
3431 5240 3596 5308 (apud

1973 5307 2189 5378 Florez,
2215 5310 2319 5364 loc.
2350 5309 2468 5376 cit.,
2499 5311 2633 5361 tom.
2673 5307 2730 5373 V,
2758 5323 2815 5376 p.
2848 5309 2966 5378 531)
3005 5324 3017 5361 :
3051 5329 3078 5355 ‹‹
3110 5309 3185 5364 De
3211 5307 3598 5366 sacerdotibus

1970 5399 2106 5436 vero
2143 5381 2298 5453 quod
2335 5380 2534 5434 asseris
2567 5378 2866 5453 quomodo
2908 5395 2972 5453 se
2991 5381 3366 5448 pronuntient
3395 5399 3596 5453 pecca-

1973 5450 2220 5520 toresfsi
2247 5467 2377 5506 vere
2405 5450 2582 5504 sancti
2607 5450 2780 5524 sunt?
2809 5453 2907 5524 aut
2932 5450 2978 5524 si
3012 5453 3162 5504 certe
3191 5469 3257 5524 se,
3277 5450 3600 5524 peccatores

1974 5541 2096 5578 esse
2118 5525 2389 5595 fatentur,
2410 5537 2588 5595 quare
2607 5521 2676 5595 ad
2699 5520 3075 5595 ministerium
3097 5520 3366 5578 accedere
3389 5541 3599 5595 praesu-

1974 5598 2165 5650 munt.
2185 5616 2211 5642 ››
2225 5594 2361 5646 Vide
2381 5591 2552 5666 etiam
2571 5593 2786 5666 Blasco,
2802 5591 2910 5646 loc.
2929 5593 3024 5646 cit.
3040 5609 3097 5666 p.
3124 5597 3192 5649 35
3207 5591 3601 5666 sqq.—_Devoti

1975 5670 2073 5720 .lus
2097 5663 2762 5736 canon.univ.,Proleg.,
2787 5680 2909 5734 cap.
2931 5666 3013 5730 18,
3035 5663 3065 5736 §
3090 5669 3174 5734 15,
3198 5663 3366 5736 not—.71
3395 5668 3598 5732 (tomJ,

1971 5755 2030 5809 p.
2063 5734 2371 5809 357).7Vide
2398 5751 2554 5788 conc.
2587 5734 2758 5809 Trull.
2797 5751 2930 5789 ann.
2963 5734 3065 5809 692
3097 5754 3110 5790 :
3147 5758 3174 5785 «
3200 5735 3455 5809 Andreas
3471 5752 3599 5806 pec-

1977 5805 2480 5877 cator,'Philippus
2521 5806 2797 5876 episcopus
2845 5809 2902 5860 et
2936 5805 3129 5877 plures
3165 5806 3257 5860 alii
3283 5805 3603 5880 (Harduin.,
