4068 6300
484 300 622 342 xvm
1366 278 1647 340 APPEND.
1690 284 1776 338 AD
1815 278 1980 339 S/EC.
2022 282 2108 338 IX.
2141 311 2210 324 —
2248 280 2555 340 lSIDORUS
2593 283 2974 340 MERCATOR.

558 413 715 467 Inter
737 411 1086 484 exemplaria
1110 412 1663 469 Pseudo-Isidoriana
1687 410 2102 483 antiquissima,
2129 411 2379 467 habetur
2401 412 2525 467 cod.
2555 413 2728 469 Vatic.
2764 412 2925 485 (630),
2960 427 3031 469 ex
3053 411 3231 481 Gallia
3258 412 3499 468 Romam
3522 409 3855 467 translatus.

486 501 717 557 Nicolao
733 503 756 556 Ι
774 506 1055 573 regnante
1070 503 1380 575 sumpsisse
1400 500 1653 558 creditur
1679 500 1976 557 exordium
1999 501 2263 571 (858-862)
2294 499 2424 574 [86).
2446 501 2570 567 Quo
2590 502 2652 557 in
2672 502 3055 575 manuscripto
3073 504 3176 575 (87)
3198 503 3402 558 modus
3433 501 3860 574 compilationis

484 592 569 646 ita
594 591 898 647 indicatur.
920 592 1195 648 Collectio
1218 593 1277 646 in
1299 598 1412 647 tres
1430 595 1625 661 partes
1640 589 1930 645 dividitur.
1948 591 2101 662 Opus
2117 590 2452 660 praecedunt
2478 591 2539 645 in
2559 592 2796 647 modum
2817 592 3167 664 praefationis
3189 593 3410 649 diversa
3430 592 3719 665 Opuscula,
3744 593 3857 646 sci-

486 682 617 737 licet
643 681 815 736 series
843 697 1200 736 summorum
1225 680 1562 751 pontiﬁcum
1590 696 1768 750 usque
1799 678 1873 733 ad
1903 679 2195 734 Nicolaum
2222 681 2277 748 l;
2309 680 2529 736 diversa
2557 681 2628 737 de
2651 682 3018 738 cacumenicis
3036 686 3095 738 et
3121 682 3556 755 particularibus
3582 680 3854 749 conciliis,

487 776 547 825 et
577 786 707 841 quae
736 769 993 841 pluribus
1026 769 1365 826 authenticze
1398 769 1656 840 Hispanae
1688 769 2023 840 fragmentis
2054 770 2519 840 commiscentur,
2553 772 2760 828 deinde
2788 773 3034 829 Romani
3058 773 3283 845 imperii
3311 772 3733 843 provinciarum
3753 772 3852 827 de-

486 859 739 930 scriptio,
757 863 815 915 et
840 859 1076 931 epistola
1107 858 1369 913 Luitardi—
1392 858 1700 913 Vencensis
1726 859 1795 912 ad
1836 859 2173 914 Venilonem
2198 861 2763 934 Rothomagensem;
2808 867 3006 935 postea
3034 862 3377 934 prooemium
3410 861 3501 916 cui
3527 860 3856 916 inscribitur

488 966 705 1005 nomen
735 949 932 1004 Isidori
957 948 1277 1005 Mercatoris
1292 966 1309 1018 ;
1338 948 1556 1003 ibidem
1590 948 1839 1003 declarat
1860 955 2059 1005 auctor
2084 966 2143 1004 se
2162 954 2286 1005 tum
2314 951 2510 1006 multis
2535 951 2860 1023 (octoginta)
2890 951 3192 1024 episcopis,
3220 954 3344 1006 tum
3366 949 3490 1005 aliis
3510 949 3855 1021 presbyteris

486 1038 961 1110 compellentibus
1016 1037 1273 1091 laborem
1326 1053 1494 1091 suum
1546 1037 1856 1107 suscepisse
1911 1038 2051 1109 (88);
2112 1055 2178 1094 eo
2229 1040 2342 1095 ﬁne
2365 1084 2378 1109 ,
2433 1045 2528 1109 ut,
2586 1043 2743 1097 omni
2793 1042 3164 1097 ecclesiastica
3213 1040 3512 1112 disciplina
3558 1039 3620 1094 in
3668 1055 3851 1094 unum

486 1144 688 1198 corpus
711 1127 966 1196 collecta,
1003 1126 1281 1197 episcopis
1316 1131 1372 1181 et
1400 1126 1742 1198 presbyteris
1787 1133 1845 1182 et
1870 1127 2029 1183 laicis
2058 1129 2166 1201 (89)
2201 1146 2344 1201 opus
2379 1130 2688 1187 doctrinale
2726 1131 3031 1202 relinquat.
3075 1130 3178 1185 Cui
3207 1130 3483 1200 prooemio
3518 1127 3854 1200 adjungitur

483 1217 699 1271 Aurelii
724 1216 977 1287 episcopi
1003 1213 1487 1285 Carthaginiensis
1527 1214 1600 1269 ad
1642 1216 1949 1270 Damasum
1977 1234 2107 1273 cum
2149 1220 2385 1292 epistola
2414 1222 2740 1291 postulatio,
2774 1225 2839 1277 ut
2874 1220 3226 1292 antiquiores
3256 1220 3572 1274 decretales
3601 1218 3774 1273 simul
3797 1221 3855 1273 et

486 1306 728 1360 Romani
759 1304 1041 1377 pontiﬁcis
1081 1319 1418 1374 responsum
1459 1304 1728 1359 obtineat.
1779 1307 2001 1362 Damasi
2041 1308 2383 1381 rescriptum
2424 1310 2680 1381 sequitur
2707 1311 2851 1369 Ordo
2881 1311 2948 1365 de
2985 1310 3304 1364 celebrando
3334 1310 3560 1363 concilio
3584 1310 3644 1361 et
3669 1308 3854 1362 altera

482 1395 749 1465 quaedam
786 1393 1134 1466 synodorum
1182 1393 1576 1461 enumeratio;
1636 1397 1925 1464 postremo
1967 1396 2094 1450 dum
2137 1397 2409 1468 leguntur
2454 1399 2706 1470 epistolae
2745 1400 2950 1471 spuriac
2990 1415 3119 1470 qua:
3149 1398 3495 1468 Hieronymo
3526 1399 3583 1452 et
3610 1397 3851 1451 Damaso

483 1485 869 1540 ascribuntur.
2372 1543 2414 1585 O

556 1600 917 1656 Collectionis
942 1598 1103 1654 istius
1126 1601 1183 1655 in
1207 1604 1320 1655 tres
1341 1604 1529 1672 partes
1550 1601 1764 1671 divisio,
1790 1619 1922 1658 cum
1944 1605 2188 1676 Hispana
2209 1604 2429 1659 duabus
2446 1606 2669 1659 tantum
2688 1606 2925 1671 constet,
2950 1606 3070 1657 orta
3092 1605 3179 1657 est
3197 1617 3264 1657 ex
3283 1618 3374 1669 eo,
3394 1601 3552 1673 quod
3568 1600 3854 1673 posterior

485 1710 520 1747 a
568 1690 801 1746 concilio
854 1691 1082 1746 Nicseno
1126 1691 1396 1762 incipiat;
1454 1692 1513 1745 in
1566 1692 2135 1749 Pseudo-Isidoriana
2177 1697 2369 1748 autem
2422 1695 2794 1765 praeponatur
2841 1690 3012 1746 series
3056 1690 3428 1746 decretalium
3484 1707 3656 1762 supra
3699 1690 3851 1745 dicto

486 1779 879 1853 antiquiorum
901 1780 1137 1834 concilio
1159 1780 1390 1852 (90-91),
1418 1797 1545 1850 quae
1558 1797 1688 1835 cum
1701 1782 2017 1853 apostolicis
2032 1783 2448 1856 quinquaginta
2468 1783 2777 1838 canonibus
2801 1782 2910 1854 (92)
2930 1780 3022 1835 hic
3042 1780 3345 1852 adjunctis,
3364 1781 3609 1851 primam
3624 1785 3851 1851 partem

486 1869 763 1925 efﬁciunt.
780 1868 917 1933 Quae.
934 1868 1168 1941 quidem
1185 1868 1514 1941 decretales,
1533 1886 1772 1924 numero
1785 1870 2199 1944 quinquaginta
2212 1889 2436 1939 novem,
2453 1872 2688 1943 triginta
2701 1871 2941 1926 summis
2955 1870 3336 1942 pontiﬁcibus,
3353 1887 3386 1924 a
3396 1870 3685 1924 Clemente
3702 1870 3722 1922 Ι
3739 1868 3849 1940 (93)

483 1960 553 2015 ad
578 1958 950 2014 Melchiadem
980 1958 1083 2031 (94)
1116 1974 1293 2029 usque
1325 1958 1467 2029 (314)
1496 1959 1857 2015 ascribuntur
1890 1960 2015 2031 (95).
2070 1962 2386 2017 Decretales
2413 1961 2780 2032 subsequitur
2824 1960 3143 2015 dissertatio
3165 1960 3237 2014 de
3269 1959 3557 2031 primitiva
3606 1960 3851 2014 Ecclesia

485 2182 707 2255 Concil.,
739 2186 882 2237 tom.
914 2183 1001 2252 III,
1033 2182 1140 2255 col.
1174 2183 1351 2255 1702).
1390 2181 1604 2236 Rachio
1634 2199 1865 2254 quoque
1889 2186 2110 2255 Argen-

484 2253 723 2308 tinensis
748 2271 806 2307 se
834 2252 1260 2325 cognominavit
1282 2256 1615 2325 Peccatorem
1637 2252 1680 2325 ςί
1702 2252 2108 2322 ν.“ΚοοΙι,ἰοο.

485 2325 604 2393 cit.,
637 2342 694 2395 p.
724 2326 845 2379 174.
874 2323 942 2364 —'
963 2325 1023 2379 V.
1046 2323 1366 2395 przesertim
1385 2323 1826 2395 subscriptiones
1846 2326 1916 2379 ad
1934 2327 2108 2381 Chro-

485 2394 738 2467 degangi
764 2395 950 2465 privil.
978 2411 1128 2449 anno
1149 2397 1243 2448 751
1272 2394 1447 2467 _(apud
1474 2394 1772 2467 Harduin.,
1795 2397 1902 2450 col.
1928 2399 2104 2464 2008).

551 2468 659 2537 (86)
694 2465 818 2520 Non
846 2467 1028 2520 multo
1068 2465 1374 2537 recentior,
1415 2466 1621 2537 saltem
1663 2483 1778 2521 non
1821 2484 1974 2522 anno
2006 2472 2101 2524 881

473 2535 676 2608 junior
704 2540 790 2590 est
819 2538 998 2592 codex
1041 2535 1378 2608 cathedralis
1415 2535 1765 2605 Mutinensis,
1795 2539 1956 2608 cujus
1981 2556 2104 2594 me-

480 2606 650 2661 minit
698 2608 976 2675 Zaccaria,
1031 2608 1135 2661 loc.
1188 2606 1308 2673 cit.,
1350 2623 1408 2677 p.
1460 2608 1584 2674 284,
1629 2611 1773 2677 291;
1819 2606 1889 2663 ei:
1936 2611 2111 2665 Gallia

481 2678 759 2733 oriundus
786 2679 977 2750 etiam
1017 2695 1031 2732 :
1063 2678 1331 2750 continet
1373 2680 1589 2750 autem,
1626 2684 1699 2750 fut
1725 2696 1900 2750 supra
1928 2683 2110 2735 nomi-

482 2754 652 2804 natus
698 2749 875 2823 codex
920 2748 1116 2823 Bamb.
1150 2749 1245 2823 _(V.
1289 2748 1577 2823 liosshirt,
1618 2749 1716 2803 loc.
1758 2748 1872 2823 cit.,
1914 2769 1984 2823 Ap.
2017 2752 2109 2823 49)

488 2820 886 2901 tantummodo
923 2819 1252 2874 decretales.
1302 2818 1749 2901 Manuscriptum
1793 2818 2109 2877 Mutinense

483 2891 555 2945 ab
577 2890 814 2945 eruditis
839 2907 976 2945 cura
1004 2906 1119 2961 qua
1139 2906 1247 2960 par
1276 2895 1397 2943 erat
1423 2906 1539 2943 non
1558 2890 1784 2945 videtur
1810 2908 2110 2948 excussum

481 2961 676 3016 fuisse.
729 2961 944 3016 Pertzio
998 2961 1237 3031 (Archiv.
1272 2962 1539 3015 societatis
1570 2976 1676 3031 pro
1707 2964 1975 3019 Germana
2004 2967 2110 3019 his-

479 3033 781 3111 toriologiu,
816 3038 971 3111 _tom.
997 3033 1172 3111 _Y..p.
1205 3031 1294 3111 34)
1334 3031 1396 3111 iu
1436 3031 1641 3111 itinere
1675 3049 1775 3087 suo
1803 3033 2108 3111 bibliothe-

477 3121 602 3158 cam
635 3103 969 3158 cathedralis
996 3102 1327 3175 mutinensis
1370 3102 1611 3175 invisere
1656 3120 1775 3158 non
1817 3105 2016 3175 licuit;
2048 3107 2108 3160 in

476 3175 600 3229 aliis
638 3175 947 3231 Annalium
989 3173 1377 3228 voluminibus
1415 3174 1575 3229 nulla
1609 3175 1866 3244 ejusdem
1897 3173 2109 3232 codicis

484 3245 721 3300 mentio.

549 3318 653 3386 (87)
682 3318 759 3371 De
791 3316 898 3371 hoc
917 3314 1109 3388 codice
1129 3315 1257 3388 vide
1279 3316 1628 3388 Ballerinios,
1653 3317 1757 3371 loc.
1777 3318 1870 3372 cit.
1894 3334 2017 3388 cap.
2052 3323 2105 3388 6,

476 3386 509 3457 §
535 3392 587 3455 5,
617 3404 674 3441 n.
704 3390 808 3457 46;
842 3417 910 3459 έ-
940 3386 1263 3459 d‘Aguirre,
1283 3387 1489 3459 Concil.
1527 3388 1704 3458 Hisp.,
1744 3390 1901 3444 Ratio
1934 3386 2103 3459 open.

476 3476 513 3512 n
569 3461 620 3513 9.
654 3476 708 3529 p.
746 3461 810 3528 5;
838 3457 1221 3527 Montfaucon,
1252 3458 1516 3512 biblioth.
1549 3457 1858 3528 manuscr.,
1888 3457 2025 3515 tom.
2062 3463 2104 3529 Ι,

472 3547 532 3602 p.
568 3532 702 3600 128;
742 3530 969 3598 Canius,
994 3529 1102 3583 loc.
1127 3529 1253 3602 cit.,
1273 3545 1330 3600 p.
1353 3532 1457 3584 288
1492 3530 1750 3599 (Tableau
1776 3534 2114 3601 comparatif

473 3601 564 3656 des
587 3603 710 3671 cinq
738 3603 1061 3656 manuscrits
1084 3616 1212 3656 aveo
1237 3601 1478 3655 l’édition
1504 3602 1570 3655 de
1594 3604 1831 3672 Merlin).
1861 3633 1931 3643 —
1968 3603 2106 3658 Vide

472 3672 645 3727 etiam
681 3673 957 3744 Rosshirt,
994 3672 1102 3725 loc.
1142 3672 1262 3744 cit.,
1292 3689 1350 3742 p.
1387 3672 1615 3744 ἒξςηϐιιί
1650 3674 2103 3744 manuscriptum

473 3760 590 3798 non
625 3748 744 3797 tam
783 3742 1085 3812 antiquum
1117 3741 1356 3796 videtur.
1394 3741 1536 3812 AVide
1564 3758 1809 3812 quoque
1862 3741 2102 3798 Wzisser-

472 3813 762 3880 schleben,
790 3814 893 3866 loc.
922 3810 1049 3876 cit.,
1094 3827 1150 3881 p.
1178 3814 1268 3882 25,
1310 3810 1409 3882 qui
1450 3810 2103 3869 codic’emiMutinensem

472 3882 958 3962 mi_noris_judicat
982 3881 1272 3962 momenti
1286 3881 1462 3952 quam
1490 3882 1660 3962 vu_l_go
1682 3882 1866 3962 audit.

546 3956 652 4025 (88)
700 3952 864 4028 Praef.
883 3970 913 4028 Δε
951 3970 979 4004 ‹‹
1019 3952 1359 4028 compellor
1375 3969 1415 4028 _a
1450 3952 1642 4006 multis
1677 3955 1793 4008 tam
1828 3954 2103 4028 episcopis

471 4023 642 4098 quam
690 4023 927 4098 reliquis
949 4024 1121 4098 servis
1181 4023 1394 4098 Christi
1440 4040 1755 4098 canonumu
1786 4023 2101 4098 sententias

471 4094 735 4168 colligere
765 4094 825 4149 et
849 4096 917 4149 de
944 4094 1138 4168 multis
1164 4111 1345 4168 unum
1370 4095 1580 4150 facere.
1609 4126 1696 4168 7—7—
1727 4096 1881 4151 Scire
1910 4102 2101 4154 autem

471 4184 577 4247 vos.
610 4165 740 4222 volo
786 4166 1114 4247 octuaginta
1160 4165 1478 4247 episcopos,
1524 4167 1622 4247 qui
1670 4167 1779 4247 hoc
1822 4184 1965 4247 opus
1998 4186 2100 4247 _me

472 4238 721 4309 incipere
760 4242 819 4292 et
846 4240 1119 4309 perlicere
1146 4237 1427 4308 coegistis,
1458 4259 1486 4288 »
1525 4240 1634 4293 etc.
1677 4242 1721 4294 A
1767 4237 2095 4295 udMerlin.

472 4310 699 4363 Brevius
720 4308 1070 4380 prooemium
1098 4307 1253 4380 quod
1284 4308 1518 4364 exhibet
1540 4256 1794 4375 Arevaib,
1826 4310 1937 4366 loc.
1975 4311 2095 4380 cit.,

470 4396 526 4451 p.
562 4383 686 4450 607,
714 4354 903 4434 itnnuit
935 4396 1054 4433 esse
1086 4354 1363 4450 originale
1394 4384 1452 4434 et
1477 4397 1546 4435 ex
1573 4397 1641 4435 eo
1670 4354 1943 4452 prolixius
1969 4354 2095 4438 ma:

472 4467 634 4506 nasse
679 4451 1048 4522 prooemium.
1093 4451 1316 4524 Arevali
1356 4453 1638 4524 sententia
1680 4451 1944 4509 'Richtero
1987 4456 2099 4524 (Ius

469 4525 676 4595 coclea,
722 4539 779 4595 c.
823 4526 1075 4595 79,_rnot._
1114 4523 1187 4592 4),
1230 4538 1349 4577 non
1395 4523 1536 4578 adeo
1578 4524 1818 4595 probata
1854 4524 2095 4581 videtur.

468 4593 671 4649 Adhuc
697 4593 801 4649 sub
820 4593 1014 4665 judice
1040 4592 1111 4647 lis
1141 4596 1244 4648 est.

537 4676 644 4746 (89)
674 4675 867 4729 Verbis
895 4673 1260 4746 sequentibus
1290 4672 1350 4728 in
1379 4674 1712 4745 praefatione
1764 4692 1868 4730 sua
1911 4676 2095 4732 Merli-

468 4762 574 4801 nus
600 4747 776 4800 finem
802 4762 975 4818 quem
1002 4745 1106 4818 sibi
1134 4745 1408 4818 collector
1434 4746 1750 4818 pr0posuit,
1780 4747 2051 4818 indigitat
2080 4764 2092 4801 :

471 4837 500 4870 «
521 4816 1203 4887 Quatenus—ecclesiastici
1228 4817 1442 4870 ordinis
1463 4817 1758 4887 disciplina
1782 4817 1843 4870 in
1864 4816 2045 4872 unum
2064 4834 2097 4872 a

470 4889 632 4943 nobis
660 4893 853 4944 coacta
880 4894 1050 4958 atque
1076 4886 1299 4955 digesta
1327 4889 1387 4958 et
1409 4886 1586 4958 sancti
1608 4886 1882 4956 praesules
1911 4895 2098 4958 pater-

471 4960 558 5014 nis
585 4956 975 5015 instituantur
992 4958 1204 5027 regulis
1246 4960 1304 5009 et
1331 4956 1658 5011 obedientes
1696 4956 1954 5013 Ecclesiae
1992 4959 2097 5012 mi-

468 5031 633 5087 nistri
670 5031 756 5085 vel
782 5027 1397 5101 populispiritualibus
1437 5027 1769 5101 imbuantur
1798 5031 2092 5101 exemplis,

468 5048 633 5087 nlStrl
670 5048 756 5085 νει
823 5048 978 5101 ΟΡΠΙΙ
1012 5048 1397 5098 8Ρ11¹1ῐ118110115
1437 5048 1769 5082 "nouantur
1798 5048 2090 5100 exemplis,

465 5108 522 5158 et
550 5119 666 5158 non
686 5048 969 5155 maibrum
991 5099 1294 5170 hominum
1319 5098 1690 5170 pravitatibus
1716 5099 2090 5170 decipiantur.

465 5173 624 5229 Multi
638 5174 793 5229 enim
810 5170 1081 5242 pravitate
1100 5172 1156 5222 et
1171 5169 1479 5242 cupiditate
1494 5169 1747 5242 depressi
1767 5169 2094 5227 accusantes

462 5245 786 5300 sacerdotes
810 5240 1261 5312 _oppresserunt:
1298 5240 1430 5296 Ideo
1475 5240 1655 5295 sancti
1699 5243 1895 5315 Patres
1938 5243 2093 5315 leges

464 5316 899 5384 constituerunt,
944 5328 1085 5384 quas
1117 5316 1339 5384 sanctos
1367 5328 1616 5368 canones
1640 5313 2088 5384 appellaverunt.

463 5386 620 5443 Multi
663 5400 801 5455 ergo
845 5382 1054 5438 idcirco
1102 5382 1242 5455 alios
1274 5387 1566 5455 accusant,
1611 5382 1773 5439 ut'se
1826 5400 1929 5455 per
1967 5385 2093 5440 illos

465 5452 765 5527 excusent,
783 5458 884 5527 aut
920 5470 1119 5527 eorum
1149 5452 1317 5508 bonis
1355 5452 1624 5510 ditentur.
1671 5452 1935 5527 Plerique
1960 5473 2091 5512 vero

464 5528 601 5584 boni
639 5524 941 5583 Christiani
970 5527 1275 5597 propterea
1300 5527 1492 5597 tacent
1515 5529 1573 5580 et
1596 5530 1823 5597 portant
1838 5524 2089 5583 aliorum

466 5602 690 5672 peccata
718 5614 847 5672 quas
869 5595 1174 5672 noverunt,
1199 5596 1358 5672 quod
1380 5595 1737 5672 documentis
1758 5614 1909 5672 saepe
1925 5600 2089 5672 dese-

464 5666 671 5743 runtur
698 5666 904 5743 quibus
924 5684 991 5723 ea
1010 5684 1138 5741 quae
1158 5666 1267 5739 ipsi
1286 5666 1473 5722 sciunt
1493 5668 1780 5743 judicibus
1802 5666 2091 5743 ecclesias-

464 5742 589 5805 ticis
640 5740 882 5817 probare
936 5740 1053 5796 non
1105 5743 1375 5813 possunt,
1427 5755 1557 5794 cum
1611 5740 1744 5797 licet
1791 5757 1927 5798 vera
1978 5742 2089 5799 sint

2212 2186 2496 2257 quaedam,
2530 2202 2644 2240 non
2676 2188 2867 2240 tamen
2904 2186 3196 2256 judicibus
3237 2184 3521 2257 credenda
3546 2189 3697 2257 sunt,
3717 2182 3846 2257 _nisi

2211 2255 2338 2327 quas
2356 2258 2525 2311 certis
2538 2257 2766 2311 indiciis
2782 2258 3266 2327 demonstrantur,
3285 2255 3396 2327 nisi
3407 2272 3533 2326 qua:
3544 2255 3849 2327 manifesto

2217 2326 2425 2399 judicio
2454 2329 2890 2395 convincuntur,
2922 2326 3032 2380 nisi
3052 2344 3181 2399 quae
3199 2326 3506 2399 judiciario
3523 2326 3719 2399 ordine
3738 2344 3844 2397 pu-

2251 2398 2510 2453 licantur.
2557 2400 2751 2453 Nullus
2778 2399 2933 2452 enim
2963 2398 3214 2469 quisuis
3249 2398 3415 2451 rebus
3456 2402 3541 2451 est
3574 2398 3848 2468 spoliatus

2211 2473 2310 2523 aut
2337 2486 2370 2548 a
2407 2470 2546 2548 sede
2574 2469 2804 2548 propria
2832 2470 2881 2548 vi
2914 2469 3503 2548 autnterrorepulsus,
3529 2476 3840 2548 antequam

2211 2540 2403 2595 omnia
2446 2540 2551 2594 sibi
2580 2539 2777 2595 "ablata
2815 2540 2867 2594 ei
2914 2539 3133 2610 legibus
3171 2539 3566 2606 restituantur,
3612 2539 3695 2593 eti
3721 2540 3844 2610 ipse

2210 2612 2443 2681 paciﬁce
2466 2611 2564 2664 diu
2594 2611 2709 2664 suis
2726 2611 2951 2681 fruatur
2975 2610 3313 2677 honoribus,
3341 2610 3575 2680 sedique
3596 2611 3843 2680 propriae

2209 2680 2552 2751 regulariter
2583 2683 2875 2736 restitutus
2905 2680 3027 2751 ejus
3056 2682 3237 2735 multo
3262 2686 3519 2751 tempore
3550 2681 3725 2735 libere
3746 2698 3841 2751 pa-
3872 2684 3878 2690 “

2209 2751 2403 2817 tiatur,
2439 2753 2606 2823 juxta
2642 2753 2977 2807 canonicam
3010 2753 3279 2821 accusari,
3322 2752 3529 2820 vocari,
3568 2752 3841 2822 judicari,

2210 2827 2311 2877 aut
2350 2823 2613 2878 damnari
2656 2823 3070 2878 institutionem
3110 2839 3225 2894 non
3262 2826 3469 2894 potest.
3502 2845 3529 2873 »
3560 2824 3841 2893 (Praefatio

2210 2894 2364 2965 apud
2389 2895 2707 2963 Arevalum,
2752 2898 2878 2965 post
2908 2895 3095 2948 locum
3125 2893 3185 2949 in
3215 2893 3351 2949 n0ta
3397 2894 3736 2965 praecedenti
3761 2895 3841 2949 ci-

2208 2968 2411 3031 tatum,
2436 3036 2439 3037 ν
2464 2965 2534 3020 ad
2570 2966 2888 3037 sequentia,
2929 2965 3293 3037 etiamapud
3333 2966 3494 3019 illum
3527 2968 3838 3033 contracta,

2212 3036 2449 3104 transit.)
2493 3057 2520 3086 «
2550 3036 2707 3091 Unde
2739 3040 2797 3090 et
2825 3036 3196 3091 ecclesiastica
3233 3037 3467 3091 historia
3495 3037 3566 3090 ab
3596 3037 3839 3091 Eusebio

2209 3106 2542 3162 Caesariensi
2584 3108 2847 3188 episcopo
2884 3108 3140 3188 confecta
3176 3108 3247 3162 de
3288 3109 3526 3188 muliere
3566 3109 3836 3188 quadam,

2209 3193 2338 3248 quae
2375 3194 2482 3249 pro
2522 3178 2791 3249 castitate
2822 3196 2856 3233 a
2889 3178 3099 3232 marito
3130 3178 3502 3233 accusabatur
3541 3178 3621 3233 ait
3651 3195 3663 3233 :
3695 3180 3841 3233 Praz-

2209 3248 2438 3319 ceptum
2461 3249 2549 3304 vel
2580 3248 2949 3303 interdictum
2974 3254 3060 3303 est
3089 3249 3158 3303 ab
3186 3249 3530 3321 imperatore
3548 3250 3835 3321 legeulata,

2210 3322 2273 3373 ut
2312 3322 2499 3390 primo
2541 3321 2971 3390 permitteretur
3012 3321 3065 3374 ei
3108 3337 3233 3375 rem
3272 3319 3627 3376 familiarem
3660 3319 3837 3375 libere

2208 3392 2419 3463 diutius
2458 3390 2745 3459 ordinare,
2794 3395 2919 3446 tum
2944 3392 3151 3446 deinde
3177 3391 3550 3463 responderet
3576 3390 3831 3461 objectis.

2210 3462 2335 3516 Haec
2362 3479 2562 3517 omnes
2587 3463 2740 3533 leges
2768 3468 2888 3518 tam
2924 3462 3311 3517 ecclesiasticae
3343 3478 3521 3534 quam
3550 3462 3834 3533 vulgares,

2207 3534 2565 3606 publicaeque
2609 3535 2965 3605 praecipiunt.
2998 3536 3211 3588 Horum
3239 3551 3368 3588 vero
3406 3534 3762 3606 concinentia
3791 3535 3835 3589 si

2207 3605 2405 3659 omnia
2444 3604 2815 3675 ponerentur,
2859 3609 2993 3658 ante
3039 3606 3349 3659 deﬁcerent
3385 3604 3526 3670 dies,
3572 3608 3630 3658 et
3664 3605 3837 3660 nimis

2205 3676 2421 3744 prolixa
2446 3676 2607 3729 fieret
2632 3676 2893 3746 epistola.
2923 3676 2999 3729 Ex
3031 3675 3290 3746 plurimis
3318 3675 3737 3746 tamenaliqua
3762 3678 3834 3731 ad

2204 3745 2683 3815 provocationem
2708 3746 2954 3800 aliorum
2999 3745 3251 3800 inserere
3293 3745 3673 3817 judicavimus
3743 3748 3838 3803 Ait

2205 3831 2456 3890 namque
2477 3820 2712 3890 sanctus
2741 3818 2849 3871 Leo
2876 3818 3145 3890 Romana:
3173 3817 3431 3890 Ecclesiae
3454 3817 3834 3890 episcopusin

2205 3886 2449 3956 epistola
2465 3887 2910 3942 Chalcedonensi
2927 3888 3162 3942 concilio
3183 3888 3371 3955 missa,
3395 3886 3506 3943 etc:
3525 3886 3660 3944 —Si
3677 3889 3835 3945 enim

2203 3956 2274 4011 de
2302 3956 2636 4013 mulieribus
2667 3961 2725 4013 et
2748 3959 3110 4013 saecularibus
3130 3959 3453 4013 hominibus
3481 3960 3598 4014 haec
3622 3962 3826 4015 consti-

2204 4031 2326 4100 tuta
2352 4031 2504 4097 sunt,
2536 4030 2715 4084 multo
2730 4030 2913 4100 magis
2934 4030 3325 4085 ecclesiasticis
3345 4030 3480 4085 viris
3496 4034 3552 4085 et
3570 4032 3829 4087 sacerdo-

2202 4098 2350 4153 tibus
2397 4105 2530 4154 sunt
2571 4098 2851 4155 concessa:
2902 4103 3029 4155 Haec
3069 4102 3269 4156 eadem
3294 4118 3427 4156 vero
3459 4103 3834 4158 ecclesiastica

2193 4171 2324 4241 jura
2352 4170 2709 4242 praecipiunt.
2750 4172 3023 4226 Similiter
3049 4176 3399 4227 accusatores
3430 4179 3487 4227 et
3514 4174 3829 4230 accusatio-

2198 4258 2318 4309 nes,
2355 4258 2482 4314 quas
2515 4244 2691 4297 seculi
2722 4243 2879 4313 leges
2924 4244 3232 4314 prohibent
3261 4244 3534 4299 canonica
3572 4244 3831 4301 funditus

2200 4260 2318 4309 nes,
2355 4260 2482 4314 qum
2515 4260 2691 4297 seculi
2722 4260 2879 4313 leges
2965 4260 3232 4299 romnent
3261 4260 3534 4299 canonica
3572 4260 3828 4301 Iunmtus

2200 4313 2423 4387 repellit
2435 4314 2758 4387 auctoritas.
2767 4260 3126 4386 Synogorum
3140 4332 3273 4370 vero
3288 4333 3391 4370 con
3400 4317 3828 4387 gregandarum

2200 4384 2501 4459 auctoritas
2513 4384 2833 4459 apostolicae
2851 4386 2970 4459 sedi
2989 4386 3211 4457 privata
3229 4384 3531 4459 commissa
3543 4393 3626 4442 est
3643 4392 3831 4459 potes-

2199 4458 2337 4530 tate,
2385 4471 2504 4530 nec_
2536 4457 2707 4530 ullam
2734 4457 3017 4530 synodum
3046 4463 3224 4513 ratam
3252 4475 3374 4513 esse
3399 4457 3664 4530 legimus,
3698 4476 3827 4530 quae

2199 4526 2321 4595 ejus
2346 4542 2463 4600 non
2482 4527 2654 4582 fuerit
2676 4526 3015 4584 auctoritate
3036 4533 3388 4600 congregata
3405 4526 3490 4585 vel
3512 4531 3669 4584 fulta.
3698 4526 3827 4585 Haec

2198 4597 2474 4652 canonica
2499 4601 2733 4653 testatur
2748 4600 3073 4667 auctoritas,
3097 4597 3220 4655 haec
3240 4597 3471 4656 historia
3496 4602 3828 4657 ecclesiasti-

2198 4684 2262 4722 ca
2290 4669 2538 4737 roborat,
2565 4670 2687 4725 haec
2715 4672 2893 4725 sancti
2920 4672 3115 4726 Patres
3142 4673 3502 4727 conﬁrmant.

2272 4750 2475 4825 (99-9l)
2517 4750 2780 4825 Praefatio
2822 4752 3038 4825 merlini
3082 4768 3094 4805 :
3144 4774 3169 4800 (ί
3199 4752 3407 4809 Deinde
3445 4754 3828 4825 quorumdam

2197 4819 2568 4893 epistolarum
2595 4822 2822 4877 decreta
2846 4822 3099 4877 virorum
3124 4819 3561 4893 apostolicorum
3585 4825 3825 4880 interse-

2197 4890 2434 4960 ruimus,
2454 4891 2509 4946 id
2530 4896 2615 4946 est
2633 4893 2959 4959 Clementis,
2977 4890 3249 4963 Anacléti,
3270 4896 3503 4950 Evaristi
3520 4908 3577 4951 et
3593 4902 3828 4951 caetero-

2196 4977 2321 5036 rum
2338 4963 2800 5036 apostolicorum,
2820 4982 2961 5035 quas
2979 4966 3268 5036 potuimus
3280 4968 3557 5023 hactenus
3570 4967 3826 5036 reperire

2196 4984 2321 5015 rum
2338 4984 2800 5086 aposwucorum,
2820 4984 2961 5035 quas
2979 4984 3268 5036 pouumus
3282 4984 3557 5023 nactenus
3570 4985 3629 5021 re
3676 4984 3826 5023 erire

2196 5033 2374 5115 episto
2398 5051 2457 5115 as
2494 5050 2671 5115 usque
2699 5035 2769 5115 ad
2795 5037 3138 5115 Sylvgstruni
3181 5055 3402 5115 papam.
3437 5071 3504 5115 -—‘
3530 4984 3739 5115 Eadgm
3767 5044 3827 5093 et

2193 5105 2412 5176 antiqui
2433 5105 2741 5175 apostolici,
2780 5105 2880 5177 qui
2910 5108 3141 5163 fuerant
3166 5105 3297 5163 ante
3327 5110 3606 5181 synodum
3647 5110 3824 5164 Nicae-

2195 5191 2329 5229 nam
2357 5182 2682 5231 sanxerunt.
2716 5196 2742 5227 »

2193 5317 2209 5370 Ι
2266 5246 2549 5370 (92)tCod.
2569 5248 2789 5372 5221mb.
2832 5248 2954 5303 illas
2993 5267 3108 5305 non
3150 5252 3420 5320 continet,
3449 5252 3508 5306 V.
3544 5251 3819 5322 Rosshirt,

2213 5333 2298 5371 oc.
2327 5334 2377 5371 c1
2411 5358 2447 5372 ..
2476 5334 2533 5372 ι).
2645 5359 2656 5372 .
3078 5369 3085 5372 .

2213 5333 2298 5371 oc.
2327 5333 2447 5386 cit.,
2476 5334 2533 5388 p.
2569 5333 2656 5372 52.
3077 5369 3085 5379 ,

2229 5388 2373 5513 ,ἐωξὶ
2400 5389 2750 5514 Diesepistolis
2776 5391 3165 5457 Clementinis,
3190 5393 3313 5449 vide
3348 5394 3681 5450 Ballerinios
3708 5395 3816 5450 loc.

2229 5476 2244 5512 ι
2275 5498 2313 5514 ..
2380 5499 2393 5513 .
2502 5500 2514 5513 .

2193 5474 2313 5526 cit.,
2334 5474 2393 5513 n.
2430 5474 2514 5514 ιδ.

2264 5530 2791 5607 (94)_Cod.__i3amb.
2835 5549 3013 5605 usque
3049 5536 3121 5590 ad
3166 5536 3489 5593 Damasum.
3536 5537 3815 5607 Rosshirt,

2191 5600 2882 5751 Toisgiiieg'pﬁcedendi
2896 5677 3045 5731 ratio
3066 5677 3122 5732 in
3148 5677 3399 5750 Dionysii
3419 5680 3685 5751 praeclara
3709 5682 3820 5737 col-

2190 5742 2452 5815 lectiOne,
2477 5742 2778 5819 indigitata
2804 5746 3011 5802 fuerat.
