4068 6336
226 423 3572 458 m

227 439 3575 476 m

764 697 1548 883 ISIDORI
1685 697 3026 889 MEBCATOBIS

309 1019 1643 1167 COLLECTIO
1781 1030 3490 1177 DECRETALIUM.

1111 1303 1293 1374 (Apud
1337 1303 1660 1371 Merlinum,
1699 1271 1932 1363 Collect.
1963 1306 2198 1373 Conci1.,
2231 1307 2477 1363 Colonia
2512 1309 2690 1379 1530.)

431 1726 792 1828 JACOBI
858 1727 1297 1833 MERLINI
1358 1729 1864 1835 DOCTORIS
1932 1730 2438 1834 EPISTOLA
2501 1731 3350 1838 NUNCUPATORIA.

279 2139 780 2204 Reverendissimis
806 2146 864 2202 in
888 2147 1110 2204 Christo
1138 2147 1400 2204 Patrihus
1428 2153 1485 2205 et
1515 2147 1760 2204 dominis
1789 2148 1931 2204 meis
1955 2146 2443 2220 praestantissimis
2477 2147 2756 2205 Srernmo
2787 2153 2844 2204 et
2877 2149 3181 2206 Funcrsco
3221 2151 3568 2217 Poucnaaus,

208 2245 550 2301 Senonensis
591 2250 649 2301 et
694 2245 1025 2302 Parisiensis
1069 2246 1326 2304 Ecclesiae
1363 2247 1704 2320 prasulibus
1746 2247 2347 2320 circumspectissimis,
2397 2249 2630 2305 Jaconvs
2684 2248 2958 2305 MERLINUS
3003 2247 3203 2304 doctor
3249 2248 3568 2322 theologus,

208 2344 268 2400 S.
297 2345 356 2400 P.
388 2347 453 2400 D.

278 2532 776 2588 Sacrosanctorum
804 2533 1175 2589 conciliorum
1204 2533 1772 2606 orthodoxorumque
1794 2533 2126 2605 pontiﬁcum
2153 2533 2439 2604 instituta,
2457 2548 2584 2606 qua
2609 2533 2821 2604 partim
2853 2533 3072 2588 dudum
3093 2533 3292 2590 beatus
3320 2535 3568 2592 Isidorus

201 2622 264 2676 in
293 2638 473 2677 unum
493 2627 961 2694 comportaverat,
989 2625 1203 2694 partim
1231 2628 1314 2693 tu,
1344 2624 1822 2680 reverendissime
1847 2625 2029 2692 Pater,
2060 2623 2296 2694 plumbo
2341 2622 2636 2678 obﬁrmata
2661 2622 3000 2693 publicanda
3044 2623 3264 2692 dedisti,
3297 2623 3358 2678 in
3390 2641 3570 2680 unum

202 2712 419 2766 referre
450 2712 722 2767 volumen
749 2729 863 2768 non
895 2713 1266 2785 dissimulavi,
1295 2713 1708 2769 conducibilius
1735 2713 2065 2785 reipublica
2096 2712 2240 2768 nihil
2271 2712 2397 2768 fore
2424 2711 2772 2779 existimans,
2797 2711 3008 2784 quippe
3038 2729 3170 2766 cum
3194 2717 3315 2768 tam
3341 2714 3568 2784 copiose

203 2805 437 2872 tamque
481 2803 755 2856 catholice
798 2802 1019 2873 singula
1065 2819 1194 2875 qua
1244 2807 1342 2859 aut
1385 2803 1457 2858 ad
1501 2803 1832 2858 atterendos
1873 2802 2204 2858 mortalium
2243 2817 2483 2870 errores,
2525 2806 2623 2857 aut
2664 2801 2736 2854 ad
2777 2801 3205 2855 instaurandum
3235 2803 3357 2872 jam
3393 2819 3570 2876 prope

201 2891 518 2963 collapsum
543 2892 744 2948 orbem
771 2893 1158 2964 praseferant,
1193 2897 1256 2948 ut
1279 2893 1442 2948 facile
1468 2910 1621 2948 nunc
1644 2892 1884 2965 quisque
1913 2892 1986 2947 ad
2011 2909 2251 2948 manum
2279 2892 2489 2946 habeat
2519 2891 2669 2945 unde
2696 2890 2937 2946 hareses
2976 2895 3034 2946 et
3065 2890 3360 2947 hareticos
3390 2893 3569 2964 jugu-

203 2979 302 3051 let,
337 2981 515 3036 elatos
541 2981 844 3054 deprimat,
876 2983 1241 3054 voluptuosos
1267 2983 1562 3055 defatiget,
1593 2983 1802 3038 excitet
1826 2985 2135 3054 torpentes,
2165 2981 2456 3037 exinaniat
2493 2979 2840 3046 ambitiosos,
2872 2979 3069 3050 vulpes
3095 2979 3279 3052 capiat
3306 2982 3569 3052 parvulas

200 3069 426 3126 vineam
475 3071 912 3127 ecclesiasticam
960 3072 1349 3129 demolientes.
1383 3073 1437 3128 Si
1479 3071 1657 3142 igitur
1701 3072 1942 3143 posthac
1990 3076 2246 3126 monstra
2290 3088 2325 3125 a
2366 3069 2658 3141 republica
2693 3085 2888 3124 arcere
2930 3068 3260 3142 pellereque
3288 3069 3568 3143 quispiam

201 3160 525 3229 contendat,
552 3160 693 3232 quid
738 3163 1094 3233 praestantius
1141 3161 1420 3234 lapidibus
1464 3162 1659 3230 David,
1691 3177 1832 3233 quos
1875 3161 1968 3216 hic
1994 3161 2251 3216 Jordanis
2295 3159 2677 3232 copiosissime
2712 3157 3147 3214 subministrat?
3176 3158 3231 3214 Si
3256 3158 3398 3214 item
3423 3161 3568 3215 votis

199 3249 574 3306 esurientium
618 3251 941 3307 satisfacere
983 3255 1183 3323 tentet,
1218 3252 1358 3324 quid
1393 3251 1678 3324 copiosius
1724 3251 2062 3322 suaviusque
2104 3250 2308 3322 opibus
2348 3266 2490 3321 quas
2520 3248 2642 3304 hac
2673 3247 2742 3303 de
2777 3245 3171 3303 remotissimis
3199 3248 3312 3303 oris
3335 3247 3568 3305 veniens

199 3338 361 3393 navis
407 3340 631 3395 attulit?
661 3340 720 3396 Si
758 3357 888 3396 vero
931 3341 1195 3397 semitam
1240 3345 1298 3397 et
1342 3341 1589 3398 veritatis
1625 3340 1989 3412 splendorem
2036 3339 2415 3412 concupiscat,
2463 3355 2529 3394 ex
2578 3337 2785 3410 quibus
2838 3337 3056 3409 optimo
3104 3337 3235 3408 jure
3279 3337 3567 3410 pellantur

200 3444 465 3483 errorum
505 3430 782 3498 tenebrae,
824 3434 883 3485 et
918 3433 1116 3502 procul
1160 3431 1370 3486 abeant
1402 3447 1536 3486 cum
1570 3431 1684 3485 suis
1713 3431 2058 3498 auctoribus,
2085 3429 2225 3502 quid
2253 3429 2502 3500 apertius
2530 3429 2762 3483 Patrum
2789 3429 3217 3499 parentumque
3247 3427 3564 3498 sententiis,

194 3533 335 3588 quas
364 3519 696 3590 impellente
726 3523 918 3574 sancto
955 3521 1168 3592 Spiritu
1210 3521 1270 3576 in
1309 3522 1462 3576 hunc
1507 3537 1770 3576 acervum
1817 3519 2292 3591 comportarunt?
2320 3517 2416 3572 Hic
2441 3533 2669 3588 nempe,
2702 3517 2858 3571 velut
2884 3532 2951 3570 ex
2987 3519 3150 3586 prato
3177 3515 3412 3571 ﬂoribus
3438 3516 3562 3570 uni-

193 3606 372 3662 versis
401 3607 588 3678 pleno,
619 3609 790 3664 facile
813 3609 1155 3681 colliguntur
1182 3627 1535 3684 quacunque
1559 3610 1633 3665 ad
1669 3627 1792 3666 rem
1833 3609 2136 3665 conferunt
2168 3607 2624 3673 ecclesiasticam,
2654 3620 3012 3678 quacunque
3037 3603 3112 3658 ad
3137 3604 3566 3675 comprimenda

193 3697 327 3751 vitia
355 3698 885 3772 extinguendosque
912 3701 1380 3774 concupiscentia
1417 3701 1646 3757 ardores
1671 3701 2020 3756 conducunt.
2053 3698 2151 3753 Hic
2187 3694 2651 3769 prastantissima
2675 3693 2990 3766 margarita
3016 3709 3167 3763 mox,
3195 3691 3239 3747 si
3266 3693 3560 3763 paululum

194 3786 482 3856 effoderis,
513 3795 790 3844 occurret.
811 3792 910 3845 llic
933 3807 1298 3863 quoscunque
1325 3791 1552 3847 damon
1581 3790 1868 3846 suscitavit
1892 3787 2212 3858 hareticos,
2237 3786 2550 3858 jugulatos,
2582 3784 2894 3851 confossos,
2923 3786 3350 3855 prostratosque
3370 3781 3556 3838 intue-

193 3875 365 3932 beris.
389 3877 488 3932 Hic
514 3878 728 3934 rituum
746 3883 920 3952 atque
942 3881 1277 3937 orthodoxa
1299 3881 1558 3937 Ecclesia
1579 3884 2064 3936 sacramentorum
2090 3892 2302 3946 osores,
2324 3874 2506 3948 plagis
2526 3873 2826 3946 impositis,
2851 3873 3250 3929 semimortuos
3268 3888 3559 3944 agnosces.

193 3964 293 4020 Hic
323 3983 440 4038 quo
470 3968 668 4040 Sponsi
699 3969 963 4025 Ecclesia
982 3970 1116 4041 jura
1140 3971 1372 4042 tuearis,
1406 3970 1499 4026 hic
1525 3987 1748 4043 sponsa
1775 3971 2088 4040 libertates,
2120 3971 2179 4024 et
2204 3981 2560 4039 quacunque
2598 3963 2814 4036 reliqua
2841 3979 2967 4035 qua
2992 3962 3065 4017 ad
3093 3961 3391 4034 paciﬁcum
3421 3978 3558 4018 con-

193 4054 405 4110 victum
438 4057 740 4113 hominum
773 4060 1119 4132 conspirant,
1145 4061 1306 4117 facile
1339 4061 1659 4133 depromes.
1682 4061 1780 4116 Hic
1805 4061 1957 4116 velut
1982 4059 2056 4115 ad
2092 4061 2314 4130 petram
2337 4055 2560 4128 parvuli
2586 4057 2828 4111 Novatus
2855 4052 3225 4123 Helchesaite,
3259 4051 3557 4121 Sabellius,

190 4144 521 4214 Cerinthus,
550 4147 892 4219 Nepotianus
918 4167 1048 4205 cum
1074 4150 1246 4206 Paulo
1274 4151 1640 4206 Samosateno
1661 4151 1968 4206 eliduntur.
1999 4149 2098 4204 Hic
2125 4146 2368 4202 scintilla
2386 4145 2612 4201 Ariana
2630 4141 2906 4216 perﬁdia,
2928 4158 3001 4198 ne
3023 4158 3305 4214 magnum
3327 4141 3560 4197 tandem

188 4233 480 4304 praeberet
518 4235 867 4307 incendium,
901 4239 1199 4310 Photinus,
1243 4240 1573 4310 Eunomius,
1621 4240 1857 4307 Hebion,
1905 4241 2203 4295 Montanus
2247 4235 2435 4310 prisca
2475 4233 2852 4290 emoriuntur.
2900 4232 3000 4286 Hic
3038 4232 3194 4287 velut
3231 4231 3556 4287 condensis-

186 4325 334 4380 sima
376 4325 517 4379 silva
556 4326 780 4383 latitant
821 4329 1145 4399 orthodoxi,
1186 4329 1304 4403 qui,
1349 4330 1528 4386 instar
1576 4347 1864 4397 ursorum,
1909 4329 2229 4400 Pelagium,
2262 4325 2662 4398 Apollinarem,
2696 4321 3126 4392 Priscillianum,
3155 4320 3476 4377 Nestorium
3502 4324 3559 4377 et

185 4416 606 4489 Cataphrygas,
630 4435 762 4473 cum
781 4419 909 4474 ﬁliis
933 4419 1153 4477 Hierico
1180 4421 1395 4476 laniant
1417 4423 1801 4493 lacerantque.
1829 4420 1927 4475 Hic
1954 4419 2234 4492 Eutyches
2257 4417 2618 4485 Manichaus,
2646 4411 2934 4486 Acephali,
2964 4411 3261 4467 Dioscorus
3288 4415 3346 4467 et
3371 4412 3552 4467 Theo-

190 4505 370 4560 dorus
418 4513 882 4578 prosternuntur.
924 4509 1022 4565 Hic
1069 4511 1304 4566 Severus
1340 4511 1756 4584 Aquilegiensis
1793 4509 1984 4582 gladio
2031 4508 2276 4563 Phinees
2305 4505 2624 4578 jugulatur.
2665 4504 2765 4559 Hic
2806 4501 3184 4558 Monothelita
3221 4501 3555 4556 mandibula

184 4594 336 4649 asini
373 4595 737 4668 dejiciuntur.
789 4599 888 4654 Hic
928 4601 1177 4673 Sergius,
1205 4603 1476 4674 Pyrrhus,
1502 4601 1834 4671 Macharius,
1864 4600 2018 4656 velut
2061 4599 2259 4670 vulpes
2302 4597 2553 4669 parvula
2599 4597 2886 4649 tenentur.
2927 4590 3026 4645 Hic
3051 4590 3288 4645 Hussita
3327 4589 3550 4661 perﬁdi,

185 4684 509 4740 Wicleﬁsta
555 4687 759 4756 insani,
800 4693 857 4744 et
899 4691 1133 4747 Bohemi
1178 4695 1448 4763 apostata
1489 4696 1661 4764 atque
1704 4689 2064 4756 schismatici,
2103 4705 2233 4744 cum
2272 4703 2374 4741 sua
2406 4689 2526 4742 tota
2557 4683 2904 4755 posteritate,
2938 4683 3001 4734 ut
3038 4678 3340 4749 singularis
3380 4679 3548 4748 fetus,

177 4779 461 4846 perpetuo
485 4777 771 4833 feriuntur
801 4782 1186 4838 anathemate.
1218 4782 1318 4837 Hic
1343 4799 1548 4854 regum
1568 4787 1625 4838 et
1648 4783 2063 4854 imperatorum
2094 4777 2354 4852 tyrannis
2385 4776 2538 4830 velut
2561 4773 2766 4828 chamo
2795 4773 2853 4826 et
2883 4769 3046 4824 freno
3076 4765 3429 4839 reprimitur.
3453 4767 3550 4823 llic

176 4867 498 4934 prasulum
543 4872 601 4923 et
638 4868 970 4939 pontiﬁcum
1009 4872 1176 4927 luxus
1215 4873 1565 4945 coarguitur.
1592 4873 1650 4928 Si
1679 4871 2012 4927 dissentiant
2036 4869 2345 4942 principes,
2377 4865 2470 4920 hic
2499 4863 2720 4919 sincera
2745 4877 2855 4933 pax
2882 4859 3084 4914 latitat.
3116 4856 3174 4912 Si
3199 4857 3269 4912 de
3296 4856 3549 4928 primatu

177 4953 504 5025 disceptent
528 4959 818 5030 prasules,
848 4960 939 5015 hic
969 4961 1168 5034 magni
1194 4963 1416 5019 consilii
1445 4963 1688 5035 angelus
1719 4961 2151 5034 praﬁciendum
2178 4957 2398 5015 cateris
2423 4953 2713 5028 patefacit.
2737 4951 2794 5008 Si
2822 4949 3086 5023 pestilens
3110 4947 3318 5003 zizania
3339 4963 3544 5020 agrum

180 5042 540 5099 Dominicum
566 5047 900 5106 labefactare
925 5050 1178 5124 incipiat,
1205 5070 1341 5109 mox
1370 5057 1532 5125 pater
1559 5052 1832 5108 excitatur
1858 5051 2237 5123 evangelicus,
2268 5048 2365 5120 qui
2397 5046 2458 5101 in
2481 5043 2792 5110 fasciculos,
2815 5037 3077 5095 incendio
3099 5038 3370 5106 dandam,
3395 5038 3547 5094 colli-

180 5147 319 5202 gere
343 5135 657 5207 praecipiat,
686 5154 933 5209 quorum
957 5141 1072 5196 vim
1101 5146 1273 5215 atque
1297 5144 1687 5200 conditionem
1721 5143 1766 5198 si
1794 5141 1971 5197 semel
2010 5137 2440 5212 degustaverint
2466 5133 2833 5190 auctoritates
2860 5129 2968 5184 illa
2997 5145 3299 5201 suprema,
3333 5127 3544 5200 princi-

177 5237 322 5292 pum
349 5224 565 5281 scilicet
588 5229 644 5282 et
664 5229 1016 5299 pontiﬁcum,
1046 5233 1480 5289 ecclesiasticam
1509 5250 1645 5290 mox
1671 5232 2002 5290 excitabunt
2026 5233 2391 5304 potestatem,
2423 5242 2554 5298 qua
2581 5222 2797 5278 dudum
2823 5237 2857 5275 a
2882 5217 3174 5274 Basiliensi
3200 5217 3436 5272 concilio
3467 5221 3548 5273 to-

179 5310 284 5367 ties
308 5315 684 5385 commonita,
711 5318 857 5374 vires
884 5337 1174 5379 resumere
1196 5340 1314 5379 non
1338 5324 1532 5396 valuit,
1557 5323 1794 5379 excitata
1812 5322 2047 5378 tandem
2067 5319 2366 5376 brachium
2388 5313 2646 5380 vibravit,
2668 5327 2773 5366 nec
2791 5309 2949 5382 prius
2973 5308 3043 5362 ab
3062 5306 3319 5396 instituto
3340 5323 3546 5364 manus

177 5404 486 5474 revocabit,
519 5405 704 5462 donec
729 5409 866 5465 olim
886 5412 1170 5483 perditam
1197 5413 1536 5470 drachmam
1549 5414 1866 5486 (veritatem
1892 5411 2015 5468 dico
2043 5411 2175 5465 vita
2202 5407 2492 5472 doctrina,
2518 5407 2575 5458 et
2593 5399 2849 5473 justitia)
2874 5395 3177 5454 invenerit.
3192 5398 3335 5453 Cum
3354 5395 3544 5471 itaque

175 5507 247 5546 ex
277 5492 614 5564 huiusmodi
635 5501 988 5570 argumentis
1011 5507 1128 5558 tam
1155 5504 1448 5576 copiosum
1470 5505 1722 5576 utileque
1751 5502 2085 5576 reipublica
2119 5499 2445 5557 antidotum
2474 5493 2856 5565 exspectetur,
2882 5486 3038 5543 vobis
3064 5487 3543 5544 reverendissimis

174 5581 456 5653 Patribus,
490 5584 589 5657 qui
627 5588 981 5646 verissimam
1025 5593 1344 5650 cicatricem
1381 5594 1586 5652 Christi
1630 5593 1857 5662 tenetis,
1901 5591 2301 5664 supremisque
2342 5583 2544 5642 studiis
2574 5583 2826 5637 sanctam
2869 5576 3240 5648 Hierusalem,
3271 5593 3537 5649 sponsam

173 5670 376 5728 Christi
421 5676 842 5752 electissimam,
882 5683 1181 5741 restituere
1226 5685 1642 5758 illustrareque,
1680 5685 1854 5757 pulsis
1890 5682 2156 5738 omnibus
2193 5693 2454 5736 errorum
2493 5673 2656 5740 fucis,
2689 5666 3056 5758 contenditis,
3092 5667 3245 5722 hunc
3284 5671 3540 5721 nostrum

174 5763 458 5820 tantillum
511 5767 762 5824 laborem
802 5787 908 5842 per
945 5789 1042 5828 vos
1074 5774 1400 5846 reipublica
1440 5757 1822 5843 offerendum,
1855 5774 2096 5846 dignum
2121 5771 2253 5826 duxi
2286 5787 2300 5824 :
2335 5784 2449 5823 non
2479 5779 2686 5838 parum
2719 5757 2997 5816 mercedis
3026 5772 3122 5812 me
3149 5759 3540 5846 assecuturum

174 5853 526 5926 existimans,
562 5859 738 5914 modo
765 5876 834 5915 ex
864 5861 1096 5918 alumno
1121 5843 1305 5920 vestro
1327 5865 1505 5936 (cujus
1531 5866 1792 5921 animum
1817 5864 1912 5919 vix
1925 5843 2153 5920 humeri
2171 5858 2467 5929 sufferunt)
2494 5852 2990 5948 qualibuscunque
3011 5845 3212 5902 studiis
3231 5843 3406 5916 (velut
3426 5845 3541 5901 mel

580 5955 857 6026 PATROL.
908 5958 1145 6030 CXXX.
3115 5949 3144 6009 ί
