4068 6330
504 355 532 403 3
1392 344 1676 400 APPEND.
1719 346 1806 399 Al)
1844 345 2004 399 SJ'IC.
2049 345 2135 399 IX.
2166 372 2232 382 --
2275 344 2516 399 lSlDORl
2557 343 2978 399 MERCATORIS
3402 331 3408 335 ’
3831 345 3866 398 4

504 457 573 511 de
599 460 780 527 petra,
811 459 866 510 et
889 453 1081 509 oleum
1105 453 1173 509 de
1198 469 1330 508 saxo
1357 452 1678 524 durissimo)
1705 456 2049 523 argumenta
2077 452 2394 522 proferatis,
2427 451 2632 522 quibus
2658 467 2691 505 a
2720 451 3005 505 Gallorum
3037 449 3265 504 sedibus
3290 450 3574 521 pellantur
3597 451 3862 527 hazreses,

499 547 764 602 reﬂoreat
786 545 1009 612 veritas,
1036 544 1364 614 inanesque,
1395 546 1451 598 et
1477 544 1690 598 nullius
1720 543 1997 598 momenti
2027 543 2416 598 contentiones
2443 546 2795 597 evanescant.
2817 541 3067 612 Accipite
3091 540 3288 611 igitur,
3311 541 3512 612 optimi
3529 548 3737 613 patres,
3759 543 3865 596 has

504 639 723 691 nostras
763 633 1183 690 lucubrationes
1221 633 1303 688 rei
1343 632 1754 700 ecclesiasticas,
1787 631 1904 686 imo
1949 636 2005 686 et
2039 633 2143 688 toti
2187 633 2312 688 orbi
2349 648 2476 687 mea
2516 631 2798 688 sententia
2833 632 3179 702 profuturas,
3209 631 3360 686 unde
3387 630 3534 684 docti
3563 632 3783 703 pariter
3809 637 3868 685 et

500 725 710 780 indocti
737 725 794 779 in
822 728 1090 796 promptu
1115 723 1363 778 habeant
1399 739 1510 795 quo
1539 724 1921 790 delectentur;
1949 739 2064 793 quo
2103 738 2161 776 se
2197 721 2336 776 item
2375 722 2643 776 adversus
2684 721 3034 793 pestilentes,
3070 720 3256 776 nescio
3287 736 3531 792 quorum
3562 720 3866 774 hominum

502 815 701 879 rabies,
733 815 952 885 juvent,
984 816 1311 884 protegant,
1347 815 1646 882 tueantur;
1680 829 1792 883 quo
1820 812 1959 866 item
1988 815 2210 866 cessent
2247 812 2458 882 pariter
2483 815 2540 865 et
2579 814 2953 883 amputentur
2989 810 3216 882 singula
3248 827 3506 866 errorum
3533 809 3861 879 seminaria,

500 904 705 958 cedant
727 904 872 958 bella
898 903 1044 976 paci,
1075 903 1274 958 unioni
1298 903 1622 970 schismata,
1649 901 1877 957 veritati
1907 918 2065 957 error
2093 920 2106 955 :
2138 903 2196 956 et
2221 901 2407 956 luceat
2431 902 2683 956 veritatis
2709 901 2905 956 lumen
2943 901 3002 955 in
3041 901 3197 967 Sion,
3234 903 3292 955 et
3331 903 3673 971 agnoscatur
3695 915 3866 954 verus

499 993 606 1048 zeli
656 992 911 1048 caminus
960 993 1020 1048 in
1068 992 1436 1059 Hierusalem,
1487 990 1740 1046 Christus
1791 991 2018 1060 scilicet,
2074 991 2172 1063 qui
2223 991 2406 1046 ventis
2454 991 2848 1064 procellisque,
2903 1007 3097 1046 rursus
3154 992 3324 1060 atque
3379 990 3588 1046 iterum
3638 988 3862 1044 utinam

499 1082 766 1155 imperet.

1169 1363 1518 1458 ORIGO
1585 1363 2356 1458 CONCILIORUM
2423 1363 3186 1458 GENERALIUM.

973 1518 1115 1596 Quo
1153 1525 1439 1599 tempore
1482 1516 1757 1581 concilia
1803 1516 2120 1580 celebrari
2157 1526 2521 1600 «cperunt,
2563 1526 2623 1582 et
2657 1517 2735 1581 de
2769 1525 3056 1600 quatuor
3097 1517 3401 1581 conciliis.

572 1748 828 1819 Canones
845 1745 1198 1816 generalium
1210 1746 1576 1802 conciliorum
1587 1764 1618 1802 a
1628 1747 1980 1819 temporibus
1990 1749 2130 1804 Con-

502 1818 737 1873 stantini
759 1823 1069 1892 caaperunt.
1098 1819 1157 1871 In
1183 1819 1636 1892 praecedentibus
1663 1818 1907 1892 namque
1939 1821 2124 1890 annis,

501 1887 890 1961 persecutione
911 1887 1200 1961 saeviente,
1217 1889 1604 1961 docendarum
1620 1887 1871 1960 plebiuin
1891 1887 2129 1946 minime

503 1959 743 2016 dabatur
785 1960 1054 2025 facultas;
1103 1959 1308 2014 deinde
1347 1959 1742 2015 Christianitas
1780 1963 1840 2015 in
1884 1963 2128 2016 diversas

503 2032 750 2086 haereses
780 2030 946 2084 scissa
976 2033 1078 2103 est,
1107 2030 1242 2103 quia
1270 2047 1389 2084 non
1432 2035 1553 2085 erat
1590 2032 1813 2086 licentia
1835 2034 2129 2103 episcopis

502 2103 561 2157 in
585 2118 765 2184 unum
792 2101 1090 2184 convenire
1118 2101 1513 2184 {iisin-tempore
1542 2102 1848 2184 supradicti
1879 2101 2124 2184 impera-

498 2173 658 2228 toris.
688 2174 806 2242 Ipse
828 2171 987 2242 enim
1028 2172 1184 2226 dedit
1224 2171 1552 2227 facultatem
1590 2171 1922 2229 Christianis
1947 2171 2126 2229 libere

502 2241 860 2313 congregari.
897 2243 1012 2297 Sub
1055 2243 1163 2296 hoc
1199 2243 1369 2297 etiam
1407 2241 1587 2298 sancti
1614 2245 1810 2299 Patres
1846 2245 1904 2299 in
1937 2246 2126 2300 conci-

499 2316 574 2370 lio
631 2315 854 2368 Nicaeno
905 2314 974 2367 de
1022 2314 1180 2367 omni
1223 2315 1356 2368 orbe
1402 2319 1685 2369 terrarum
1729 2317 2128 2372 convenientes

494 2387 658 2458 juxta
691 2384 870 2458 fidem
914 2384 1297 2458 evangelieam
1337 2388 1394 2438 et
1417 2385 1787 2458 apostolicam
1813 2387 2128 2442 secundum

499 2455 630 2529 post
656 2456 943 2529 apostolos
971 2455 1712 2529 Symbolumgtradiderunt.
1744 2458 2001 2521 Quatuor
2024 2476 2125 2513 au-

503 2526 630 2608 tem
649 2526 978 2608 principalia
1003 2542 1122 2608 esse
1153 2526 1393 2608 coneilia
1417 2544 1487 2608 ex
1513 2528 1716 2599 quibus
1742 2529 2124 2608 plenissimam

502 2599 634 2654 fidei
679 2599 991 2669 doctrinam
1033 2599 1532 2669 tenentiEcclesiaa
1571 2603 1692 2652 tam
1727 2599 1796 2653 de
1842 2601 2037 2669 Patris,
2072 2604 2130 2654 et

501 2671 644 2737 Filii,
687 2673 744 2722 et
769 2668 1028 2741 Spiritus
1077 2668 1268 2741 sancti
1304 2669 1620 2741 divinitate,
1662 2687 1834 2741 quam
1871 2668 2128 2741 praedicti

501 2741 623 2794 Filii
662 2745 718 2794 et
759 2738 1062 2794 Salvatoris
1097 2738 1273 2793 nostri
1298 2738 1708 2795 incarnatione.
1737 2738 1898 2795 Prior
1924 2743 2128 2796 harum

501 2811 728 2865 Nicaana
757 2810 1013 2884 synodus
1038 2815 1122 2863 est
1147 2813 1531 2884 trecentorum
1558 2812 1754 2884 decem
1781 2816 1838 2866 et
1861 2816 1986 2867 octo
2015 2814 2128 2884 epi-

501 2880 825 2954 scoporum,
850 2881 951 2935 sub
978 2880 1341 2954 Constantino
1359 2886 1621 2954 Augusto
1653 2883 1966 2953 imperante
1992 2880 2124 2954 per-

498 2951 644 3022 acta,
671 2953 730 3006 in
758 2951 1135 3024 quaArianai
1164 2952 1420 3023 perfidia:
1458 2951 1814 3024 blasphemia
1850 2951 2125 3009 condem-

501 3029 656 3091 nata,
711 3022 823 3095 qua
878 3022 1324 3095 inaequalitatem
1376 3022 1600 3078 sanctai
1634 3025 1922 3080 Trinitatis
1974 3025 2127 3080 idem

497 3096 660 3154 Arius
713 3094 1014 3164 asserebat,
1071 3095 1610 3150 consubstantialem
1658 3098 1775 3150 Deo
1822 3097 1978 3151 Patri
2027 3097 2126 3150 Dei

499 3165 934 3239 Filiumgeadem
976 3137 1182 3239 sancta
1207 3166 1458 3237 synodus
1487 3183 1590 3238 per
1628 3167 1951 3239 symbolum
1983 3167 2125 3222 deﬁ-
2147 3137 2204 3208 B

497 3238 656 3294 nivit.
701 3236 961 3310 Secunda
1009 3235 1256 3310 synodus
1306 3241 1390 3310 est
1433 3235 1670 3292 ce—ntum'
1705 3239 2127 3310 quinquaginta

497 3311 750 3378 Patrum,
771 3309 874 3362 sub
894 3307 1463 3380 Theodosioseniore
1484 3307 2128 3380 Constantinopoli‘con-

500 3386 759 3453 gregata,
786 3395 913 3450 quas
939 3377 1357 3453 Macedonium,
1377 3379 1650 3453 Spiritum
1670 3377 1926 3435 sanctum
1947 3381 2128 3436 Deum

499 3449 631 3509 esse
659 3449 992 3522 negantem,
1026 3449 1433 3518 condemnans,
1460 3452 1995 3507 consubstantialem
2021 3454 2123 3506 Pa-

2149 1761 2210 1834 Α
2229 1749 2391 1834 trinet
2415 1749 2847 1834 Filio‘ei‘imdem
2882 1749 3226 1834 Paraclitum
3253 1745 3683 1834 demonstravit,
3703 1743 3862 1834 dans

2228 1821 2397 1874 latius
2427 1822 2667 1892 symboli
2691 1822 2958 1887 formam,
2988 1837 3161 1892 quam
3187 1825 3306 1892 tota
3328 1818 3544 1892 Graecia
3569 1822 3631 1892 et
3655 1815 3863 1892 [iatini-

2229 1896 2312 1964 tas
2351 1893 2408 1944 in
2439 1887 2691 1964 Ecclesiis
2730 1887 3025 1964 prmdicat:
3055 1891 3243 1964 Tertia
3273 1890 3519 1959 synodus
3556 1890 3644 1964 est
3666 1887 3858 1964 Ephe-

2231 1963 2353 2046 siiia
2396 1957 3001 2046 prima_ducentorum
3046 1957 3460 2046 episcqporum,
3494 1959 3596 2046 sub
3624 1957 3860 2028 juniore

2228 2031 2544 2088 Theodosio
2576 2037 2827 2104 Augusto
2857 2034 3028 2102 edita,
3056 2031 3183 2104 quae
3210 2031 3525 2104 Nestorium
3556 2031 3694 2104 duas
3720 2044 3856 2099 per-

2230 2121 2395 2158 sonas
2425 2104 2484 2158 in
2513 2102 2732 2160 Christo
2758 2102 3107 2160 asserentem
3124 2104 3282 2174 justo
3322 2102 3688 2174 anathemate
3718 2117 3857 2174 cou-

2229 2175 2546 2245 demnavit,
2607 2177 2910 2232 ostendens
2965 2170 3196 2229 manere
3253 2174 3311 2227 in
3366 2173 3587 2226 duabus
3640 2170 3861 2245 naturis

2231 2263 2404 2301 unam
2445 2243 2675 2301 Domini
2711 2248 2888 2302 nostri
2912 2248 3039 2301 Jesu
3064 2245 3268 2300 Christi
3295 2259 3618 2315 personam.
3651 2243 3862 2315 Quarta

2228 2319 2476 2389 synodus
2526 2323 2612 2373 est
2655 2315 3130 2374 Chalcedonensis
3172 2311 3568 2389 sexcentorum
3619 2311 3862 2389 triginta

2229 2383 2608 2456 sacerdotum,
2649 2391 2753 2443 sub
2796 2389 3067 2443 Martiano
3109 2387 3365 2457 principe
3403 2384 3612 2457 habita,
3644 2383 3862 2457 inqua

2229 2460 2541 2530 Eutychem
2569 2453 3260 2530 Constantinopolitanum
3280 2453 3544 2530 abbatem
3572 2453 3732 2530 verbi
3753 2455 3863 2508 Do-

2227 2525 2372 2584 mini
2419 2535 2476 2584 et
2514 2531 2698 2584 carnis
2745 2525 3231 2584 unam-naturam
3275 2525 3762 2598 pronuntiantem,
3805 2531 3863 2579 et

2229 2601 2350 2680 ejus
2371 2601 2731 2680 defensorem
2746 2603 3073 2680 Dioscorum
3093 2595 3386 2680 quondam
3406 2595 3860 2680 Alexandrinum

2230 2667 2584 2744 episcopum,
2611 2678 2668 2728 et
2696 2674 2882 2744 ipsum
2907 2667 3236 2744 Nestorium
3260 2686 3390 2724 cum
3426 2667 3657 2744 reliquis
3676 2667 3861 2744 haere-

2228 2737 2352 2797 ticis
2379 2737 2492 2797 una
2519 2737 2746 2798 Patrum
2777 2744 3061 2799 sententia
3087 2740 3514 2810 praedamnavit,
3541 2737 3862 2810 pradicans

2229 2760 2352 2797 ueis
2379 2761 2492 2797 una
2519 2760 2746 2798 Patrum
2777 2760 3061 2799 sententia
3127 2760 3514 2806 raiaamnavii,
3541 2760 3860 2810 pra-means

2229 2814 2430 2886 eadem
2463 2814 2715 2886 synodus
2751 2760 3390 2886 ChristumBominum
3435 2811 3510 2864 sic
3546 2814 3743 2886 natum
3785 2809 3860 2863 de

2227 2881 2580 2956 Virginefut
2604 2887 2663 2939 in
2699 2902 2764 2940 eo
2790 2885 3166 2940 substantiam
3193 2887 3250 2939 et
3273 2883 3474 2956 divinie
3506 2884 3562 2956 et
3587 2881 3862 2934 humanae

2229 2953 2600 3012 conliteamur
2622 2960 2861 3012 naturae.
2894 2958 2992 3011 Hae
3028 2959 3179 3025 sunt,
3211 2959 3271 3010 ut
3298 2953 3684 3025 praediximus,
3711 2967 3860 3025 qua-

2226 3032 2360 3099 tuor
2388 3028 2748 3099 principales,
2779 3032 2838 3082 et
2853 3022 3210 3082 venerabiles
3233 3022 3429 3099 synodi
3457 3024 3630 3099 ﬁdem
3655 3022 3860 3099 catho-

2227 3093 2407 3153 licam_
2437 3093 2904 3177 complectentem
2943 3099 3084 3177 Sed_
3104 3102 3160 3177 e_t
3211 3093 3274 3177 si
3307 3112 3420 3177 qua
3468 3095 3582 3148 sint
3624 3093 3864 3177 cpncilia

2230 3186 2358 3240 qua:
2389 3167 2783 3224 sancti—Patres
2812 3169 3022 3240 Spiritu
3048 3169 3151 3223 Dei
3186 3167 3340 3240 pleni
3367 3167 3706 3240 sanxerunt,
3726 3169 3866 3240 post

2227 3235 2466 3295 istorum
2488 3244 2732 3311 quatuor
2753 3235 3151 3295 auctoritatem
3175 3235 3332 3294 omni
3352 3240 3585 3291 manent
3605 3235 3865 3311 stabilita

2228 3311 2443 3381 vigore.
2475 3304 2731 3375 Quorum
2758 3312 2928 3367 etiam
2956 3317 3112 3383 gesta
3142 3311 3202 3365 in
3229 3311 3338 3365 hoc
3363 3324 3599 3380 corpore
3625 3304 3864 3362 condita

2229 3383 2612 3438 continentur.

500 3570 666 3636 Item
695 3567 774 3631 de
810 3565 1079 3648 synodis
1109 3567 1620 3649 principalibus,
1653 3567 1886 3711 quibus
1917 3569 1998 3712 ii;
2014 3568 2454 3712 locis,lqbuibtus
2489 3588 2626 3714 prot
2646 3569 2883 3648 causis,
2914 3568 3148 3652 quibus
3175 3565 3591 3650 temporibus,
3621 3564 3866 3648 quibus

1701 3667 1827 3712 auc
1855 3667 1953 3712 ora
2001 3667 2076 3712 us
2117 3667 2245 3713 cce
2289 3669 2450 3713 raw
2494 3670 2595 3713 sm
2632 3698 2646 3712 .

1701 3667 2076 3712 ααειονῑοιιε
2117 3667 2450 3713 σθιθοναιω
2494 3667 2646 3713 smt.

569 3765 764 3822 Prima
805 3764 1050 3836 synodus
1092 3763 1152 3818 in
1190 3765 1372 3819 Niczea
1407 3768 1798 3820 trecentorum
1835 3766 2032 3822 decem
2071 3771 2128 3822 et

500 3843 623 3895 octo
666 3839 900 3909 Patrum
943 3837 1867 3909 contra_Arium,iArlexandrinum
1894 3838 2129 3909 presby-

500 3915 707 3988 terum,
747 3907 844 3988 qui
880 3910 991 3988 tres
1027 3907 1234 3988 gradus
1273 3908 1650 3988 .i‘riH'l‘rinitate
1689 3907 1993 3988 asserebat,
2008 3907 2123 3988 Pa-

499 3986 648 4038 trem
694 3977 907 4034 Scilicet
944 3977 1243 4049 majorem,
1273 3977 1477 4033 Filium
1519 3981 1824 4049 minorem,
1852 3979 2127 4050 Spiritum

499 4054 756 4108 sanctum
785 4050 1505 4122 creaturamttemporibus
1538 4051 1891 4105 Constantini
1918 4051 2124 4122 princi-

499 4125 614 4201 pis,
639 4121 906 4201 Sylvestri
932 4137 1095 4201 papae
1135 4121 1394 4201 Romani,
1424 4122 1689 4201 Illacharii
1718 4123 2123 4201 Hierosolymi-

500 4191 639 4262 tani,
657 4191 963 4248 Alexandri
983 4192 1613 4263 Constantinopolitani,
1635 4193 1732 4263 qui
1752 4191 2127 4248 condemnata

500 4265 704 4321 haeresi
739 4266 1063 4319 statuerunt
1102 4280 1350 4318 canones
1392 4263 1614 4334 viginti.
1639 4268 1893 4328 Quorum
1933 4271 2128 4320 auctor

500 4337 743 4392 maxime
772 4335 1039 4408 praefatus
1065 4337 1288 4408 sanctus
1319 4336 1631 4408 Alexander
1667 4335 1965 4408 episcopus
1993 4336 2121 4408 fuit.

501 4405 854 4465 Secunda’in
899 4405 1382 4478 Constantinopoli
1434 4412 1664 4461 centum
1702 4405 2128 4478 quinquaginta

499 4483 734 4535 Patrum
773 4480 976 4549 contra
1011 4477 1398 4549 Macedonium
1438 4477 2125 4549 Constantinopolitanum

500 4551 845 4622 episcopum,
885 4547 980 4622 qui
1026 4548 1277 4622 negabat
1302 4549 1588 4622 Spiritum
1626 4547 1892 4622 sanetum
1948 4551 2127 4622 Deum

501 4619 641 4691 esse,
671 4619 1024 4692 temporibns
1062 4619 1316 4692 Gratiani
1357 4626 1414 4675 et
1455 4620 1754 4675 Theodosii
1779 4621 2123 4692 principum,

502 4690 722 4748 Damasi
746 4690 910 4764 papas
937 4690 1199 4764 Romani,
1227 4691 1421 4764 Cyrilli
1444 4690 2124 4763 Hierosolyniitani,_Nec-'-

501 4765 629 4819 tarii
676 4762 1294 4833 Constantinopolitani,
1331 4763 1448 4834 qui,
1487 4762 1859 4818 condemnata
1901 4764 2123 4834 haeresi,

503 4780 629 4819 tarn
676 4780 1294 4833 Conswnunopontani,
1375 4780 1448 4825 ui,
1487 4780 1859 4818 condemnata
1901 4780 2123 4834 ntereSi,

503 4840 826 4890 statuerunt
871 4850 1120 4888 canones
1168 4836 1302 4887 tres.
1331 4780 1598 4898 (Quorum
1633 4834 1882 4890 maxime
1927 4839 2128 4890 auctor

500 4906 790 4962 Nectarius
807 4904 1462 4978 Constantinopolitanus
1482 4905 1607 4978 fuit.
1626 4906 1809 4960 Tertia
1825 4907 1885 4960 in
1906 4907 2126 4978 Epheso

502 4979 880 5033 ducentorum
909 4978 1142 5031 Patrum
1166 4979 1361 5030 contra
1389 4976 1703 5030 Nestorium
1730 4976 2128 5033 Constantino-

543 5049 817 5104 olitanum
851 5046 1200 5120 episcopum,
1223 5047 1334 5120 qui,
1351 5047 1568 5120 dicebat
1592 5048 1815 5103 beatam
1842 5050 2125 5120 virginem

543 5067 817 5104 omanum
851 5067 1200 5118 episcopum,
1223 5067 1320 5117 qui
1351 5067 1568 5101 dicebat
1592 5067 1815 5103 beatam
1842 5067 2125 5120 Virginem

500 5067 729 5176 Klariam
753 5135 871 5191 non
902 5117 1020 5184 Dei,
1049 5118 1148 5171 sed
1183 5118 1429 5172 hominis
1448 5121 1857 5191 tantummodo
1886 5123 2126 5191 genitri-

502 5189 942 5268 cem,_ut_aliam
971 5204 1279 5268 personam
1304 5189 1512 5268 car-nis,
1543 5191 1710 5268 aliam
1743 5189 1955 5268 faceret
1983 5193 2125 5268 d_ivi-

503 5263 716 5334 nitatis,
747 5259 1100 5334 temporibus
1134 5260 1439 5334 Theodosii
1469 5263 1654 5332 Magni
1683 5263 1975 5334 principis,
2004 5265 2123 5317 Coe-

500 5333 689 5388 lestini
705 5330 879 5405 papae
908 5330 1471 5405 Remani,__Juve_nalis
1494 5330 2124 5405 Constantinopolitani,

501 5401 1129 5478 Cyrilli_'_A_lexai_idrini.
1159 5402 1267 5478 Qui
1282 5402 1603 5478 duodecim
1645 5401 1890 5478 capitula
1935 5407 2127 5457 contra

501 5471 741 5532 Nestorii
766 5471 1162 5548 blasphemias,
1193 5473 1427 5548 totidem
1473 5471 1736 5548 capitula,
1771 5477 2000 5548 auctore
2026 5491 2123 5529 eo-

501 5548 632 5602 dem
685 5543 1149 5616 sanctoﬁCyrillo,
1196 5543 1721 5603 anathematizando
1773 5545 2123 5618 conscripse-

2227 3771 2381 3844 runt.
2425 3769 2640 3832 Quarta
2664 3768 2746 3844 in
2788 3767 3143 3844 Chalcedone
3174 3769 3579 3844 sexcentarum
3612 3761 3865 3844 triginta

2226 3840 2491 3911 Patrum,
2547 3842 2742 3894 contra
2791 3840 3104 3911 Eutychem
3162 3835 3862 3911 Constantinopolitanum

2229 3910 2493 3982 abbatem
2520 3911 2618 3982 qui
2645 3908 2936 3966 asserebat
2965 3911 3249 3966 Christum
3275 3913 3399 3982 post
3424 3908 3738 3982 humanam
3765 3922 3860 3982 as:

2228 3977 2608 4053 sumptionem
2649 3999 2767 4036 non
2811 3999 2876 4037 ex
2919 3982 3136 4036 duabus
3173 3977 3388 4035 naturis
3428 3977 3716 4053 exsistere,
3756 3978 3864 4053 sed

2229 4048 2408 4106 solam
2439 4053 2495 4106 in
2524 4070 2591 4108 eo
2620 4053 2872 4108 divinam
2896 4060 3160 4108 naturam
3187 4066 3548 4123 permanere,
3581 4048 3861 4123 tempori-

2226 4123 2337 4196 bus
2355 4124 2614 4179 Martiani
2640 4125 2932 4196 principis,
2962 4120 3366 4196 Leonis—papa:
3397 4120 3860 4196 Romani,_.luve-

2227 4141 2332 4178 Dus
2355 4141 2614 4179 martiani
2681 4142 2932 4196 mncipis,
2964 4141 3161 4179 Leonis
3203 4141 3366 4194 papa:
3399 4141 3654 4187 nom-ani,
3687 4141 3858 4172 Juve-

2226 4195 2372 4272 nalis
2399 4141 2914 4272 Hierosogmitani,
2943 4195 3184 4272 Anatolii
3217 4188 3858 4272 Constantinopolitani:

2226 4266 2330 4329 Qui
2366 4267 2739 4322 condemnata
2780 4268 2982 4322 haeresi
3023 4269 3336 4321 statuerunt
3379 4278 3623 4317 canones
3653 4266 3863 4330 viginti

2227 4343 2462 4410 septem,
2490 4355 2734 4410 quorum
2761 4341 2958 4393 auctor
2992 4337 3238 4410 maxime
3265 4335 3420 4389 idem
3453 4335 3681 4410 sanctus
3703 4335 3858 4410 Ana-

2227 4354 2285 4391 se
2328 4354 2462 4406 tem,
2490 4355 2734 4410 quorum
2761 4354 2958 4393 auctor
2992 4354 3238 4392 maxime
3265 4354 3420 4389 iuem
3453 4354 3678 4387 sanctus
3703 4354 3858 4385 nua-

2226 4354 2395 4463 tolius
2439 4409 3094 4480 Constantinopolitanus
3141 4407 3437 4480 episcopus
3476 4404 3601 4458 fuit.
3637 4403 3864 4480 Quinta

2226 4480 2708 4552 Constantinopoli
2738 4477 2936 4536 contra
2967 4477 3328 4552 Theodorum
3372 4477 3860 4552 Mopsuesteuum,

2229 4555 2285 4606 et
2325 4568 2522 4608 omnes
2560 4544 2874 4607 haereticos.
2905 4552 3009 4615 Qui
3055 4550 3380 4604 Theodorus
3425 4544 3651 4599 dicebat
3679 4544 3862 4600 alium

2227 4623 2403 4678 Deum
2449 4640 2568 4679 esse
2609 4623 2876 4689 Verbum,
2905 4625 2961 4676 et
3003 4621 3176 4674 alium
3209 4617 3513 4689 Christum,
3545 4622 3600 4670 et
3637 4631 3861 4689 sacram

2226 4694 2512 4774 Virginem
2557 4687 3084 4774 Mariamhegabat
3127 4690 3227 4770 Dei
3276 4688 3608 4774 genitricem
3656 4687 3856 4774 fuisse,

2227 4758 2581 4847 terroribus
2617 4758 3252 4847 Justinienﬁ'nltinaipisz
3287 4758 3475 4847 “gilii
3519 4774 3702 4847 9.5999:
3742 4758 3857 4847 99‘.

2225 4831 2369 4890 mini
2412 4836 2770 4903 Antiocheni,
2802 4831 3056 4906 Eutychii
3092 4831 3718 4906 Constantinopolitani,
3751 4831 3860 4899 qui

2229 4908 2658 4979 quatuordecim
2687 4901 2934 4979 capitula
2953 4901 3861 4979 anatliematiaandoscripserunt

2227 4970 2421 5034 contra
2472 4970 2772 5032 Theodori'
2809 4979 2865 5030 et
2932 4977 3215 5031 sociorum
3276 4975 3396 5045 ejus
3448 4970 3856 5045 blasp‘liemias.

2229 5052 2392 5105 Sexta
2423 5049 2481 5102 in
2518 5047 3019 5123 Constantinopoli,
3048 5053 3274 5123 centum
3303 5042 3720 5123 quinquaginta
3747 5043 3857 5096 Pa-

2229 5125 2381 5174 trum
2416 5125 2628 5192 _contra
2671 5119 3014 5192 Macharium
3057 5118 3474 5192 Antiochenum
3521 5118 3862 5192 episcopum

2230 5195 2288 5244 et
2315 5190 2492 5262 socios
2517 5191 2658 5261 ejus,
2677 5191 2773 5262 qui
2797 5207 2969 5245 unam
2996 5191 3350 5262 voluntatem
3377 5193 3433 5242 et
3462 5187 3860 5262 operationem

2228 5262 2287 5344 inn
2317 5254 2719 5344 Christo'falsa
2761 5263 3074 5344 suspicione
3116 5260 3469 5344 astruebant,
3498 5254 3860 5344 temporibus

2227 5328 3302 5406 Constantini'principis,Agathonis
3364 5345 3526 5406 papa:
3585 5328 3857 5406 Romani,

2227 5405 2452 5477 Georgii
2501 5397 3135 5477 Constaiitiiiopolita'ni.
3177 5402 3284 5468 Qui
3315 5397 3697 5477 condemnata
3730 5397 3856 5452 has-

2224 5476 2337 5531 resi
2368 5468 2902 5534 anathematizando
2928 5477 3274 5548 scripserunt
3298 5476 3422 5528 octo
3447 5468 3713 5542 capitula.

962 5661 1126 5726 Item
1154 5662 1492 5726 adnotatio
1523 5661 1926 5744 synodorum
1964 5682 2252 5746 quarum
2280 5673 2462 5748 gesta
2495 5667 2563 5729 in
2592 5667 2709 5731 hoc
2743 5663 2957 5731 codice
2981 5663 3407 5728 continentur.

571 5785 758 5840 Prima
797 5782 1081 5838 adnotatio
1123 5782 1423 5853 Aquitanae
1469 5781 1687 5854 synodi,
1723 5783 1822 5853 qui
1858 5788 1989 5838 ante
2026 5784 2122 5838 Ni-

498 5872 715 5912 cecnam
743 5855 924 5911 fertur
951 5854 1145 5923 fuisse,
1180 5854 1278 5908 sed
1307 5857 1540 5924 propter
1565 5855 1965 5911 auctoritatem
1995 5871 2120 5911 ma-

2217 5785 2406 5857 jorem
2446 5787 2807 5860 postponitur
2828 5802 2846 5860 _:
2875 5787 3095 5860 inqua
3138 5785 3331 5860 Patres
3353 5777 3691 5860 “octodecim
3733 5780 3854 5860 sta-

2224 5851 2465 5916 tuerunt
2500 5851 2743 5916 canones
2787 5851 3300 5928 viginti—quatuor.
3347 5853 3602 5917 Quorum
3653 5851 3859 5905 auctor
