4068 6320
494 320 524 369 7
1387 315 1666 371 APPEND.
1707 315 1794 370 AD
1833 314 1996 368 SEC.
2040 313 2126 368 1X.
2163 342 2230 352 —-
2269 312 2516 369 ISIDORI
2556 313 2981 371 MERCATORIS
3818 318 3850 369 8

1048 615 1651 708 PREFATIO
1721 615 2145 708 ISIDORI
2213 615 2328 708 IN
2399 616 2905 724 SEQUENS
2973 615 3290 708 OPUS.

563 878 816 931 Ismoaus
841 890 1032 930 servus
1057 873 1264 929 Christi
1299 873 1498 930 lectori
1529 890 1801 930 conservo
1823 891 1926 930 suo
1948 878 2005 931 et
2028 891 2122 947 pa—
2144 887 2203 962 Α
2223 875 2336 930 sive
2378 891 2507 948 quae
2557 880 2745 947 antea,
2777 892 2876 931 seu
2916 892 3045 948 quae
3092 874 3459 947 postmodum
3507 873 3652 929 facta
3697 877 3848 942 sunt,

492 969 644 1025 renti
671 969 731 1024 in
762 969 997 1023 Domino
1027 967 1178 1022 ﬁdeli
1216 968 1477 1024 salutem.

563 1063 881 1133 Compellor
904 1078 937 1115 a
966 1060 1162 1116 multis
1203 1066 1320 1117 tam
1361 1062 1634 1134 episcopis
1678 1079 1848 1134 quam
1887 1061 2120 1135 reliquis

493 1156 665 1211 servis
709 1153 914 1210 Christi
962 1170 1246 1209 canonum
1294 1156 1598 1210 sententias
1647 1156 1930 1227 colligere,
1963 1161 2019 1212 et
2059 1156 2120 1210 in

492 1265 606 1304 uno
636 1247 922 1303 volumine
950 1247 1232 1318 redigere,
1266 1253 1323 1304 et
1361 1248 1431 1303 de
1466 1249 1658 1304 multis
1697 1267 1874 1306 unum
1913 1251 2115 1306 facere.

489 1341 602 1398 Sed
626 1341 734 1396 hoc
757 1341 968 1412 oppido
995 1343 1318 1408 conturbat,
1343 1342 1500 1413 quod
1520 1343 1754 1398 diversae
1784 1344 2119 1416 interpreta-

485 1436 670 1491 tiones
714 1436 896 1490 varias
941 1433 1247 1490 sententias
1292 1435 1527 1506 faciunt,
1583 1442 1639 1492 et
1680 1437 1811 1493 licet
1853 1455 1999 1492 unus
2049 1438 2121 1493 sit

485 1545 704 1600 sensus,
739 1529 980 1584 diversa;
1014 1533 1208 1584 tamen
1251 1534 1384 1584 sunt
1422 1531 1736 1599 sententiae,
1765 1534 1822 1587 et
1850 1532 1976 1586 aliae
2004 1531 2120 1586 lon-

485 1623 696 1694 giores,
723 1623 848 1677 aliae
876 1622 1178 1678 breviores.
1207 1625 1284 1679 Ea
1309 1638 1441 1678 vero
1481 1624 1720 1680 concilia
1761 1642 1889 1697 quae
1928 1626 2119 1681 Graeco

488 1721 623 1772 sunt
647 1716 797 1772 edita
831 1716 995 1788 stylo,
1023 1716 1264 1788 amplius
1295 1733 1467 1788 quam
1506 1717 1803 1790 tripliciter
1840 1721 1940 1773 aut
1976 1735 2117 1791 qua-

489 1809 824 1882 drupliciter
848 1810 1218 1882 interpretata
1247 1815 1418 1883 atque
1444 1812 1760 1885 conscripta
1778 1813 2116 1884 reperimus.

488 1904 647 1968 Quod
683 1904 730 1958 si
757 1904 962 1959 veritas
987 1907 1072 1959 est
1098 1905 1406 1976 quaerenda
1433 1923 1464 1960 e
1489 1906 1764 1978 pluribus,
1794 1908 2120 1962 Graecorum

487 2013 797 2068 sequamur
848 1998 1078 2068 stylum,
1130 2015 1445 2070 eorumque
1506 1999 1796 2055 imitemur
1851 2000 2122 2055 dictiones

446 2080 448 2082 ’
487 2095 655 2163 atque
695 2091 1066 2162 exemplaria;
1108 2091 1196 2147 sin
1234 2093 1448 2163 minus,
1479 2093 1587 2166 ipsi
1613 2094 1801 2149 dicant
1825 2098 1994 2165 atque
2024 2109 2120 2149 ex-

486 2188 708 2256 ponant
750 2184 955 2256 quibus
994 2187 1080 2239 tot
1121 2189 1256 2240 sunt
1301 2187 1648 2257 exemplaria
1693 2191 1834 2258 quot
1879 2187 2119 2242 codices.

2221 969 2324 1023 sub
2358 969 2554 1024 ordine
2583 985 2955 1024 numerorum
2987 986 3052 1023 ac
3091 973 3419 1040 temporum
3445 967 3703 1038 capitulis
3735 965 3853 1020 suis

2221 1062 2484 1118 distincta
2539 1063 2643 1119 sub
2701 1063 2867 1134 hujus
2915 1062 3217 1118 voluminis
3271 1065 3510 1134 aspectu
3571 1060 3852 1128 locamus,

2221 1156 2580 1227 subjicientes
2618 1157 2790 1213 etiam
2840 1157 3058 1228 reliqua
3116 1156 3341 1212 decreta
3387 1155 3697 1226 praesulum
3735 1153 3852 1207 Ro-

2219 1266 2523 1305 manorum
2546 1267 2725 1323 usque
2747 1250 2821 1306 ad
2840 1256 3098 1306 sanctum
3121 1248 3479 1320 Gregorium,
3502 1253 3557 1303 et
3576 1247 3855 1319 quasdam

2220 1344 2490 1414 epistolas
2524 1345 2701 1416 ipsius
2746 1345 2804 1399 in
2847 1345 3051 1416 quibus
3092 1361 3195 1415 pro
3238 1342 3487 1398 culmine
3532 1341 3681 1395 sedis
3722 1356 3858 1412 apo-

2221 1438 2428 1492 stolicae
2479 1455 2594 1492 non
2633 1438 2818 1510 impar
2863 1438 3237 1492 conciliorum
3289 1439 3475 1491 exstat
3528 1433 3852 1500 auctoritas,

2220 1536 2498 1603 quatenus
2538 1531 2890 1587 ecclesiastici
2919 1532 3133 1586 ordinis
3176 1530 3472 1602 disciplina
3505 1529 3564 1583 in
3608 1543 3790 1583 unum
3819 1542 3858 1581 a

2220 1625 2384 1680 nobis
2411 1630 2602 1681 coacta
2640 1629 2810 1697 atque
2856 1625 3072 1697 digesta
3114 1628 3172 1679 et
3216 1624 3391 1680 sancti
3431 1623 3700 1696 praesules
3744 1637 3853 1693 pa-

2219 1719 2394 1775 ternis
2428 1719 2798 1776 instituantur
2845 1719 3078 1792 regulis,
3119 1723 3175 1774 et
3213 1718 3540 1774 obedientes
3590 1714 3856 1772 Ecclesiae

2221 1813 2467 1869 ministri
2504 1814 2588 1868 vel
2623 1813 2819 1885 populi
2860 1811 3242 1884 spiritualibus
3285 1811 3620 1866 imbuantur
3659 1824 3854 1863 exem-

2222 1907 2350 1979 plis,
2377 1912 2435 1961 et
2471 1923 2586 1961 non
2623 1907 2907 1961 malorum
2944 1906 3250 1961 hominum
3289 1903 3660 1976 pravitatibus
3700 1900 3853 1955 deci-

2221 2001 2469 2072 piantur.
2500 2000 2655 2056 Multi
2673 2000 2849 2070 enim,
2871 1999 3146 2072 pravitate
3172 2003 3228 2054 et
3249 1997 3556 2069 cupiditate
3578 1994 3854 2066 depressi,

2222 2098 2550 2150 accusantes
2613 2095 2928 2150 sacerdotes
2996 2094 3416 2165 oppresserunt.
3480 2089 3610 2146 ldeo
3671 2087 3860 2142 sancti

2223 2190 2411 2244 Patres
2457 2190 2608 2260 leges
2658 2189 3081 2244 constituerunt
3133 2202 3272 2258 quas
3327 2187 3548 2239 sanctos
3603 2197 3858 2260 canones

486 2278 656 2334 Nobis
687 2281 878 2332 tamen
909 2277 1153 2349 videtur,
1185 2295 1316 2333 cum
1347 2279 1409 2334 in
1445 2285 1642 2335 nostro
1681 2257 2200 2351 discrepaverintB
2222 2257 2669 2354 appellaverunt.
2726 2281 2880 2336 Multi
2939 2297 3077 2351 ergo
3136 2257 3346 2333 idcirco
3395 2277 3530 2332 alios
3569 2259 3856 2343 accusant,

488 2388 769 2440 sermone,
792 2377 856 2427 ut
883 2371 1089 2443 unitas,
1124 2377 1180 2427 et
1201 2373 1403 2429 veritas
1431 2373 1500 2428 ab
1527 2374 1662 2444 ipsis
1692 2374 1998 2446 quaerenda
2026 2374 2118 2442 sit,

488 2483 737 2538 quorum
782 2466 979 2537 lingua
1020 2465 1173 2522 edita
1209 2483 1331 2521 esse
1366 2470 1698 2522 noscuntur.
1739 2468 1905 2532 Quod
1937 2473 1992 2523 et
2015 2484 2121 2523 nos

484 2560 740 2629 fecimus,
771 2562 829 2615 et
853 2559 997 2614 sicut
1021 2575 1054 2612 a
1079 2559 1222 2614 veris
1251 2575 1448 2614 eorum
1476 2561 1790 2631 reperimus
1814 2561 2116 2631 magistris,

484 2653 544 2708 in
571 2652 858 2708 volumine
888 2653 978 2707 cui
998 2652 1121 2707 haec
1147 2653 1498 2724 praeponitur
1520 2654 1950 2726 praefatiuncula
1977 2654 2122 2708 inse-

2219 2379 2286 2431 ut
2322 2393 2379 2432 se
2409 2392 2512 2448 per
2534 2376 2658 2431 illos
2695 2378 2979 2442 excusent,
3008 2378 3108 2428 aut
3147 2388 3346 2428 eorum
3382 2370 3547 2425 bonis
3575 2369 3854 2424 ditentur.

2220 2471 2482 2542 Plerique
2521 2486 2654 2525 vero
2696 2469 2829 2524 boni
2872 2466 3174 2524 Christiani
3216 2471 3517 2538 prOpterea
3558 2466 3765 2530 tacent,
3800 2465 3862 2515 et

2221 2568 2452 2634 portant
2497 2563 2740 2618 aliorum
2785 2565 3019 2633 peccata
3060 2577 3188 2632 qua:
3229 2560 3533 2627 noverunt,
3575 2557 3711 2629 quia
3753 2557 3856 2610 do-

2221 2655 2505 2712 cumentis
2531 2673 2679 2728 saepe
2704 2657 3044 2711 deseruntur
3069 2653 3274 2726 quibus
3301 2670 3366 2708 ea
3390 2667 3518 2724 quae
3539 2650 3648 2723 ipsi
3669 2649 3861 2705 sciunt

486 2763 614 2802 rere
649 2745 987 2801 curavimus.
1015 2747 1206 2801 Canon
1247 2749 1440 2801 autem
1467 2748 1678 2815 Graece,
1709 2748 1902 2802 Latine
1929 2748 2121 2816 regula
2213 2751 2504 2822 judicibus
2521 2749 2908 2805 ecclesiasticis
2930 2749 3170 2821 probare
3186 2764 3300 2803 non
3315 2750 3567 2818 possunt,
3584 2743 3860 2816 quoniam

487 2844 870 2911 nuncupatur.
916 2839 1131 2909 Regula
1156 2843 1350 2894 autem
1377 2840 1528 2895 dicta
1557 2841 1712 2912 quod
1753 2845 1906 2896 recte
1945 2841 2116 2911 ducit,

489 2950 593 2989 nec
622 2932 928 3004 aliquando
970 2931 1238 2987 aliorsum
1278 2933 1470 2988 trahit.
1517 2933 1628 2988 Alii
1666 2934 1929 2990 dixerunt
1956 2951 2121 3006 regu-

486 3028 603 3084 lam
623 3026 831 3082 dictam
852 3026 939 3081 vel
961 3026 1117 3099 quod
1143 3031 1326 3098 regat,
1343 3027 1434 3082 vel
1455 3028 1606 3100 quod
1620 3045 1881 3083 normam
1897 3028 2122 3083 vivendi

488 3121 758 3193 praebeat,
789 3121 903 3176 sive
929 3120 1080 3191 quod
1110 3120 1411 3175 distortum
1443 3138 1795 3194 pravumque
1833 3123 1969 3194 quid
1995 3138 2120 3176 cor-

488 3214 658 3287 rigat.
688 3214 978 3286 Synodum
1005 3218 1197 3268 autem
1227 3230 1290 3268 ex
1321 3215 1515 3270 Graeco
1551 3216 1916 3288 interpretari
1959 3217 2120 3271 comi-

489 3313 664 3365 tatum
693 3308 780 3364 vel
807 3313 1013 3365 coctum.
1043 3308 1355 3363 Concilium
1376 3325 1508 3364 vero
1537 3326 1754 3366 nomen
1779 3313 2023 3365 tractum
2054 3325 2124 3364 ex

489 3403 781 3459 communi
814 3402 1148 3468 intentione,
1183 3418 1246 3456 eo
1274 3403 1427 3473 quod
1455 3403 1515 3458 in
1542 3420 1720 3459 unum
1761 3421 1958 3459 omnes
1984 3403 2121 3458 diri-

491 3500 632 3569 gant
675 3496 880 3552 mentis
929 3496 1211 3552 obtutum.
1257 3496 1397 3551 Cilia
1442 3497 1597 3552 enim
1632 3498 1932 3553 oculorum
1971 3499 2120 3552 sunt.

2221 2843 2353 2899 licet
2379 2860 2515 2898 vera
2560 2844 2674 2899 sint
2715 2844 3000 2915 quaedam,
3029 2859 3146 2896 non
3186 2846 3379 2896 tamen
3419 2838 3707 2911 judicibus
3734 2852 3858 2891 cre-

2223 2938 2411 2993 denda
2437 2942 2587 3006 sunt,
2619 2938 2730 2992 nisi
2756 2953 2885 3009 quae
2911 2936 3080 2991 certis
3114 2934 3336 2989 indiciis
3373 2932 3860 2996 demonstrantur,

2223 3032 2332 3088 nisi
2362 3049 2489 3104 quae
2531 3031 2832 3086 manifesto
2873 3030 3089 3102 judicio
3129 3028 3560 3092 convincuntur,
3587 3024 3695 3080 nisi
3727 3040 3862 3094 quae

2217 3125 2520 3196 judiciario
2551 3125 2748 3180 ordine
2774 3124 3152 3195 publicantur.
3185 3121 3376 3178 Nullus
3417 3120 3571 3174 enim
3605 3117 3702 3189 qui
3742 3116 3866 3170 suis

2222 3219 2395 3275 rebus
2432 3222 2515 3273 est
2556 3218 2844 3290 spoliatus,
2872 3220 2970 3271 aut
3004 3234 3038 3270 a
3064 3216 3194 3271 sede
3246 3213 3474 3287 propria
3515 3212 3567 3266 vi
3614 3213 3713 3265 aut
3742 3214 3864 3265 ter-

2224 3330 2350 3368 rore
2407 3313 2621 3384 pulsus,
2661 3315 2972 3382 antequam
3025 3309 3218 3365 omnia
3271 3307 3374 3362 sibi
3431 3306 3616 3361 ablata
3670 3301 3722 3358 ei
3773 3304 3863 3358 1e-

2226 3406 2391 3479 gibus
2415 3405 2806 3475 restituantur,
2841 3407 2898 3458 et
2927 3404 3044 3476 ipse
3073 3402 3313 3476 pacifice
3350 3400 3448 3456 diu
3485 3399 3600 3454 suis
3632 3397 3870 3452 fruatur

2225 3500 2562 3570 honoribus,
2609 3499 2842 3572 sedique
2897 3498 3128 3571 proprie
3184 3494 3522 3568 regulariter
3567 3490 3871 3547 restitutus

489 3591 647 3647 Unde
663 3591 831 3663 etqui
851 3590 1078 3646 sibimet
1095 3590 1456 3659 dissentiunt,
1471 3608 1587 3647 non
1601 3593 2119 3664 aguntconcilium,
2147 3630 2202 3705 ρ
2228 3595 2350 3666 ejus
2387 3596 2567 3648 multo
2622 3599 2882 3663 tempore
2928 3592 3102 3645 libere
3141 3591 3388 3661 potiatur
3425 3588 3660 3653 honore,
3695 3585 3873 3655 juxta

501 3685 617 3705 -___:_
650 3701 761 3705 ____
801 3683 1049 3705 --ηιμ-μί.
1079 3700 1255 3705 _____._
1305 3685 1489 3705 σμι---
1521 3701 1646 3705 ..-μᾼ
1693 3691 1990 3705 --μ---μιη-
2027 3690 2102 3705 --1.
2273 3704 2276 3705 ,
2415 3688 2546 3705 -,-,,_
2607 3703 2620 3705 -
2647 3685 2848 3705 --η--..ι
2919 3683 3098 3705 ____-_.:
3169 3680 3404 3705 :-_.‘l:--..:
3463 3683 3556 3705 ..ηι
3607 3677 3867 3705 Alumna”:

493 3685 627 3757 quia
650 3701 768 3739 non
798 3683 1053 3740 sentiunt
1079 3700 1284 3739 unum.
1304 3685 1492 3739 Ccetus
1520 3701 1654 3740 vero
1684 3691 1994 3740 conventus
2021 3690 2124 3752 est,

488 3779 577 3834 vel
619 3778 988 3849 congregatio
1032 3793 1067 3830 a
1107 3777 1387 3846 coeundo,
1423 3777 1484 3831 id
1521 3782 1606 3832 est
1646 3777 2034 3833 conveniendo
2067 3776 2128 3831 in

493 3887 693 3941 unum,
717 3870 870 3925 unde
897 3872 954 3924 et
977 3873 1284 3924 conventus
1310 3875 1395 3924 est
1421 3874 1798 3941 nuncupatus,
1827 3871 1979 3942 quod
2005 3886 2126 3924 om-

492 3980 594 4020 nes
633 3964 710 4018 ibi
741 3963 1102 4030 conveniunt,
1136 3962 1280 4018 sicut
1319 3967 1648 4033 conventus,
1677 3968 1853 4020 coetus
1877 3964 1963 4019 vel
1993 3979 2127 4019 con-

493 4058 692 4114 cilium
715 4076 750 4112 υ.
774 4057 1038 4112 societate
1063 4057 1377 4112 multorum
1407 4057 1468 4111 in
1495 4074 1696 4112 unum.

568 4154 628 4206 In
672 4150 952 4223 principio
989 4166 1122 4205 vero
1164 4151 1473 4205 voluminis
1514 4151 1683 4222 hujus
1721 4151 1961 4222 qualiter
1993 4170 2126 4208 con-

494 4244 687 4301 cilium
761 4244 914 4317 apud
987 4261 1090 4300 nos
1165 4244 1480 4300 celebratur
1543 4245 1857 4316 posuimus,
1911 4249 1972 4302 ut
2032 4247 2131 4320 qui

495 4342 758 4395 nostrum
809 4337 1069 4393 ordinem
1116 4338 1274 4410 sequi
1310 4339 1614 4409 voluerint,
1656 4340 1837 4395 sciant
1889 4341 2133 4412 qualiter

496 4433 604 4488 hoc
645 4448 816 4504 agere
865 4432 1129 4487 debeant.
1172 4431 1277 4496 Qui
1321 4436 1514 4488 autem
1568 4434 1675 4488 hoc
1714 4451 1882 4504 agere
1925 4436 2134 4490 melius

498 4527 793 4600 elegerint,
847 4525 1059 4580 faciant
1112 4526 1267 4597 quod
1315 4525 1468 4597 justo
1523 4527 1903 4600 canonicoque
1961 4533 2133 4602 atque

500 4619 915 4694 sapientissimo
977 4619 1216 4675 consilio
1265 4619 1666 4691 judicaverint.
1708 4623 1964 4694 Denique
2001 4639 2130 4695 pro-

499 4720 628 4787 pter
683 4732 884 4772 eorum
941 4715 1333 4770 auctoritatem
1395 4715 1615 4770 caeteris
1675 4717 1922 4771 conciliis
1985 4734 2130 4788 prae-

501 4809 793 4882 posuimus
833 4825 1079 4864 canones
1126 4809 1223 4880 qui
1265 4809 1531 4864 dicuntur
1568 4811 1974 4881 apostolorum,
2006 4811 2136 4866 licet

505 4919 538 4957 a
554 4901 891 4974 quibusdam
912 4902 1224 4975 apocryphi
1245 4902 1520 4971 dicantur,
1539 4904 1810 4976 quoniam
1831 4905 2020 4975 plures
2039 4921 2137 4960 eos

2227 3688 2558 3742 canonicam
2602 3685 2873 3752 accusari,
2919 3683 3124 3754 vocari,
3162 3680 3409 3754 judicari
3461 3683 3558 3734 aut
3604 3677 3870 3733 damnari

2227 3779 2644 3836 institutionem
2683 3795 2802 3833 non
2844 3781 3047 3849 potest.
3084 3775 3244 3832 Unde
3276 3781 3333 3830 et
3361 3771 3738 3830 ecclesiastica
3764 3772 3866 3826 Hi-

2228 3873 2420 3942 storia,
2469 3873 2540 3927 ab
2590 3871 2831 3927 Eusebio
2875 3869 3205 3926 Caesariensi
3256 3867 3520 3941 episcopo
3579 3866 3869 3936 confecta,

2229 3966 2300 4022 de
2326 3967 2565 4022 muliere
2593 3965 2840 4038 quadam
2875 3980 3002 4037 quae
3031 3980 3133 4036 pro
3162 3962 3419 4019 castitate
3461 3979 3496 4015 a
3524 3959 3734 4015 marito
3765 3975 3870 4014 ac-

2230 4060 2531 4116 cusabatur
2572 4059 2652 4114 ait
2694 4076 2707 4114 :
2750 4078 2779 4112 ((
2825 4060 3199 4130 Praeceptum,
3229 4056 3319 4111 vel
3361 4053 3735 4110 interdictum
3778 4057 3875 4108 est

2231 4155 2302 4210 ab
2348 4153 2691 4225 imperatore
2738 4152 2867 4223 lege
2906 4153 3038 4222 lata,
3086 4155 3148 4206 ut
3195 4149 3381 4221 primo
3433 4147 3875 4220 permitteretur

2233 4247 2285 4303 ei
2340 4263 2466 4303 rem
2525 4245 2862 4301 familiarem
2914 4245 3089 4300 libere
3141 4243 3351 4298 diutius
3406 4240 3690 4308 ordinare,
3736 4242 3873 4294 tum

2231 4342 2438 4398 deinde
2466 4340 2832 4413 responderet
2863 4339 3111 4410 objectis.
3146 4359 3174 4389 ››
3205 4339 3303 4392 Hae
3333 4351 3532 4392 omnes
3559 4334 3714 4404 leges
3741 4336 3872 4389 tam

2231 4435 2621 4492 ecclesiasticae
2671 4450 2844 4505 quam
2892 4436 2949 4488 et
2983 4433 3246 4504 vulgares
3299 4430 3655 4501 publicaeque
3714 4442 3865 4497 pra:—

2233 4529 2470 4603 cipiunt.

2304 4625 2522 4678 Horum
2533 4639 2665 4678 vero
2681 4618 3080 4677 concinnantia
3097 4618 3144 4674 si
3157 4617 3347 4674 omnia
3358 4617 3880 4690 ponerentur,ante

2235 4721 2546 4776 deﬁcerent
2591 4719 2742 4787 dies,
2785 4722 2841 4773 et
2894 4716 3065 4771 nimis
3121 4714 3339 4786 prolixa
3388 4715 3552 4768 ﬁeret
3604 4710 3876 4782 epistola.

2235 4815 2315 4871 Ex
2353 4814 2609 4886 pluribus
2654 4815 2852 4867 tamen
2898 4810 3084 4881 aliqua
3129 4809 3221 4864 hic
3276 4808 3349 4862 ad
3400 4804 3879 4878 provocationem

2236 4908 2477 4964 aliorum
2513 4908 2764 4962 inserere
2796 4903 3192 4976 judicavimus.
3233 4902 3326 4956 Ait
3363 4915 3612 4971 namque
3642 4902 3886 4953 sanctus

504 4995 809 5067 ΓθοίΡίιιΠτν
850 5001 908 5049 et
949 4997 1126 5052 sancti
1154 4998 1349 5051 Patres
1381 5013 1578 5051 eorum
1623 4998 1929 5052 sententias
1963 5015 2133 5069 syno-
2156 5004 2215 5077 Ι)
2238 5003 2346 5058 Leo
2389 5003 2656 5056 Romanae
2691 4998 2954 5054 Ecclesiae
2980 4997 3213 5051 antistes
3255 4997 3315 5050 in
3361 4993 3599 5065 epistola
3637 4991 3878 5048 Chalce-

505 5091 616 5148 dali
657 5091 988 5146 auctoritate
1042 5093 1476 5164 roboraverunt,
1536 5097 1592 5148 et
1642 5093 1791 5148 inter
1835 5095 2136 5150 canonicas

504 5188 820 5258 posuerunt
852 5184 1300 5242 constitutiones.
1346 5187 1558 5242 Deinde
1599 5187 1973 5258 quarumdam
2016 5189 2134 5260 epi-

505 5281 778 5336 stolarum
803 5279 1027 5334 decreta
1049 5279 1300 5334 virorum
1324 5279 1766 5352 apostolicorum
1806 5281 2136 5337 intersemi-

507 5390 656 5442 mus,
691 5373 749 5427 id
788 5375 873 5426 est
914 5372 1240 5443 Clementis,
1280 5375 1552 5446 Anacleti,
1588 5374 1824 5429 Evaristi
1871 5380 1927 5430 et
1969 5382 2134 5431 caete-

508 5484 709 5524 rorum
737 5467 1196 5539 apostolicorum,
1220 5483 1360 5539 quas
1376 5469 1662 5539 potuimus
1684 5469 1956 5525 hactenus
1981 5486 2138 5542 repe-

509 5562 624 5618 rire
677 5561 944 5633 epistolas
991 5577 1167 5632 usque
1217 5561 1289 5614 ad
1336 5561 1666 5618 Silvestrum
1712 5580 1943 5636 papam.
1981 5565 2134 5619 Post-

509 5657 748 5712 modum
761 5671 893 5710 vero
908 5655 1192 5710 Niczenam
1203 5655 1376 5726 synod
1388 5671 1482 5710 um
1499 5658 1894 5714 constituimus
1908 5664 2140 5731 propter

511 5749 906 5807 auctoritatem
945 5749 1202 5820 ejusdem
1245 5748 1438 5820 magni
1477 5750 1714 5807 concilii.
1745 5753 2020 5824 Deinceps
2048 5753 2134 5808 di-

509 5860 799 5902 versorum
858 5843 1227 5900 conciliorum
1275 5844 1599 5902 Graecorum
1657 5851 1714 5901 et
1785 5847 2134 5918 Latinorum,

2236 5091 2476 5147 donensi
2518 5088 2756 5144 concilio
2800 5088 2994 5156 missa,
3046 5087 3203 5157 cujus
3248 5084 3476 5139 initium
3522 5087 3644 5138 est:
3688 5101 3717 5129 ‹‹
3761 5082 3885 5137 Leo

2237 5185 2531 5257 episcopus
2575 5181 2790 5254 synodo
2829 5179 3296 5236 Chalcedonensi.
3339 5178 3683 5249 Optaveram
3740 5176 3882 5246 qui-

2237 5280 2389 5347 dem,
2419 5276 2793 5346 dilectissimi,
2823 5297 2849 5325 »
2886 5278 2943 5331 et
2967 5277 3187 5330 uetera.
3230 5275 3291 5327 ln
3331 5289 3441 5343 qua
3478 5272 3625 5326 inter
3662 5275 3889 5325 caetera

2239 5373 2316 5428 sic
2336 5376 2578 5429 testatur
2598 5371 2792 5426 dicens
2818 5387 2832 5424 :
2868 5390 2896 5418 ‹‹
2924 5369 3068 5434 Quia
3097 5384 3232 5422 vero
3259 5383 3373 5421 non
3402 5366 3737 5436 ignoramus
3767 5380 3889 5434 per

2238 5484 2435 5540 pravas
2461 5465 2856 5522 aemulationes
2885 5463 3194 5519 multarum
3237 5459 3613 5517 Ecclesiarum
3657 5458 3892 5514 statum

2237 5561 2409 5617 fuisse
2433 5561 2750 5629 turbatum,
2771 5559 3162 5632 plurimosque
3180 5557 3383 5611 fratres
3407 5553 3612 5625 injuste
3639 5550 3892 5608 sedibus

2240 5657 2354 5712 suis
2397 5655 2582 5728 pulsos
2626 5657 2681 5710 et
2714 5654 2773 5709 in
2802 5653 2995 5709 exsilia
3025 5653 3354 5723 deportatos
3394 5650 3566 5718 atque
3595 5645 3653 5699 in
3685 5643 3892 5701 locum

2238 5751 2604 5823 superstitum
2653 5750 2789 5804 alios
2838 5746 3202 5813 substitutos;
3235 5743 3323 5797 his
3361 5741 3628 5813 primitus
3668 5739 3888 5794 vulne-

2236 5845 2392 5902 ribus
2446 5844 2782 5902 adhibeatur
2822 5839 3106 5898 medicina
3147 5835 3401 5909 justitiae.
3448 5836 3527 5890 Ne
3565 5831 3888 5905 quisquam
