4068 6308
153 381 184 430 9
1387 378 1853 433 DECRETALIUM
1893 381 2282 436 COLLECTIU.
3459 395 3518 445 IO

149 487 227 540 ita
281 487 470 539 careat
495 483 759 556 pr0priis,
806 486 872 538 ut
923 485 1067 538 alter
1109 488 1303 540 utatur
1347 485 1561 541 alienis.
1607 488 1787 552 Quem
1807 496 1919 570 Aa
1957 505 2031 546 xu
2076 491 2310 546 Kalend.
2358 492 2564 563 Aprilis
2601 509 2781 565 usque
2821 493 2881 548 in
2932 509 3060 549 xvni
3114 495 3346 551 Kalend.
3389 495 3516 551 Maii

152 578 229 632 ita
263 594 522 632 errorem
559 593 760 632 omnes
798 577 1145 650 relinquant,
1190 583 1254 634 ut
1301 579 1516 634 nemini
1554 581 1786 652 quidem

153 672 340 742 perire
377 671 560 726 honor
601 671 824 741 debeat,
871 671 969 726 sed
1015 671 1299 743 prioribus
1343 673 1620 746 episcopis
1658 692 1788 730 cum

152 765 311 820 omni
357 765 660 836 privilegio
708 781 809 819 suo
853 765 949 836 jus
997 765 1293 837 proprium
1337 768 1708 823 reformetur.
1758 789 1784 820 »

153 859 365 914 Eadem
405 862 462 913 et
504 857 723 930 antiqui
763 859 1051 930 apostolici
1101 860 1200 931 qui
1247 860 1481 915 fuerunt
1520 867 1651 916 ante
1693 879 1785 933 sy-

151 952 366 1008 nodum
407 952 691 1008 Nictenam
732 955 1058 1008 sanxerunt.
1106 953 1316 1008 Eadem
1365 955 1612 1026 synodus
1660 972 1788 1027 quae

152 1046 352 1101 habita
396 1051 482 1100 est
523 1047 583 1100 in
623 1045 837 1100 Larissa
873 1046 976 1101 sub
1017 1046 1310 1102 Valeriano
1353 1047 1624 1119 loquitur.
1680 1050 1784 1103 Ea-

152 1141 284 1196 dem
335 1140 597 1211 plurimae
645 1141 921 1195 Romanae
973 1141 1174 1212 synodi
1231 1144 1540 1212 testantur,
1593 1142 1788 1198 eadem

153 1253 300 1307 papa
329 1235 700 1306 Symmachus
727 1239 783 1289 et
806 1234 997 1289 centeri
1027 1235 1206 1290 sancti
1233 1237 1423 1290 Patres
1452 1240 1784 1292 sanxerunt.

152 1332 412 1395 Quorum
453 1333 659 1384 statuta
717 1327 1100 1400 proxilitatem
1137 1329 1377 1384 vitantes
1413 1329 1504 1384 hic
1539 1329 1788 1386 inserere

152 1423 490 1479 distulimus.
549 1421 607 1478 Si
658 1422 781 1494 quis
837 1424 1030 1477 autem
1081 1422 1204 1477 haec
1257 1423 1480 1494 plenius
1537 1424 1680 1479 scire
1732 1429 1789 1479 et

153 1517 350 1589 legere
377 1517 637 1585 voluerit,
667 1516 780 1571 suis
810 1515 868 1570 in
893 1515 1215 1571 auctoribus
1234 1516 1490 1572 invenire
1518 1520 1576 1572 et
1594 1518 1787 1589 legere

155 1611 401 1684 pleniter
442 1610 672 1682 poterit.
712 1610 880 1666 Nobis
918 1626 1052 1664 vero
1095 1609 1199 1665 hac
1241 1609 1304 1665 in
1348 1610 1810 1682 praefatiuncula.

155 1705 259 1760 ista
305 1703 608 1758 sufficiant.
656 1705 724 1758 Et
760 1703 904 1758 sicut
931 1703 1101 1758 militi
1135 1719 1201 1759 ex
1243 1703 1436 1758 multis
1474 1705 1647 1760 armis
1689 1705 1788 1761 illa

155 1797 447 1854 sufﬁciunt
484 1814 613 1869 qua:
648 1798 793 1853 ferre
837 1801 1216 1870 congruenter
1255 1815 1429 1870 super
1469 1816 1528 1855 se
1556 1799 1784 1871 poterit,

159 1894 235 1949 sic
281 1892 448 1948 nobis
493 1891 563 1947 de
610 1891 801 1946 multis
847 1869 1142 1947 sententiis
1180 1869 1466 1962 una,iaut
1509 1869 1657 1962 duae,
1700 1869 1864 1950 velB

157 1991 439 2060 quantum
481 1989 617 2041 tunc
653 2001 880 2041 necesse
921 1985 1112 2056 fuerit,
1164 1986 1475 2057 sufﬁciunt,
1520 1985 1791 2058 quoniam

159 2082 306 2136 sicut
329 2097 464 2135 cum
491 2096 603 2134 uno
639 2080 753 2136 telo
780 2084 878 2134 aut
906 2079 1125 2135 duobus
1154 2079 1450 2134 inimicum
1486 2080 1789 2151 vincimus,

161 2177 240 2230 sic
265 2191 400 2230 cum
420 2191 536 2229 una
560 2177 659 2229 aut
688 2173 906 2228 duabus
926 2172 1221 2228 sententiis
1250 2173 1588 2229 auctoritate
1606 2174 1792 2246 plenis

160 2269 434 2324 aemulum
470 2283 818 2339 superamus.
853 2267 909 2322 Si
945 2267 1098 2322 enim
1129 2267 1198 2321 de
1220 2266 1558 2322 mulieribus
1591 2272 1646 2322 et
1684 2285 1790 2323 sae-

161 2363 449 2418 cularibus
505 2361 834 2416 hominibus
876 2361 996 2416 haec
1043 2360 1351 2415 constituta
1403 2364 1566 2430 sunt,
1614 2361 1792 2417 multo

162 2458 343 2529 magis
370 2455 757 2512 ecclesiasticis
797 2454 928 2509 viris
961 2456 1018 2510 et
1054 2454 1439 2510 sacerdotibus
1486 2459 1618 2510 sunt
1655 2471 1788 2509 con-

161 2568 335 2608 cessa.
377 2552 505 2606 Haec
550 2549 748 2605 eadem
794 2566 928 2605 vero
981 2549 1352 2604 ecclesiastica
1398 2549 1534 2620 jura
1587 2549 1794 2618 jubent

161 2649 219 2702 et
252 2644 442 2700 smeuli
472 2645 628 2716 leges
662 2643 1022 2715 praecipiunt.
1055 2642 1322 2698 Similiter
1350 2647 1697 2698 accusatores
1738 2646 1796 2698 et

159 2739 561 2809 accusationes,
591 2753 729 2809 quas
759 2737 947 2793 saeculi
981 2737 1136 2810 leges
1167 2735 1491 2808 prohibent,
1523 2736 1792 2792 canonica

160 2834 416 2890 funditus
451 2831 675 2904 repellit
711 2831 1039 2887 auctoritas.
1088 2831 1451 2902 Synodorum
1491 2847 1624 2886 vero
1665 2848 1793 2886 con-

163 2928 586 3000 gregandarum
637 2925 936 2981 auctoritas
1010 2925 1328 2996 apostolicae
1394 2924 1512 2980 sedi
1578 2924 1796 2996 privata

161 3021 463 3078 commissa
486 3025 571 3076 est
595 3023 888 3092 potestate,
921 3035 1025 3074 nec
1065 3019 1246 3074 ullam
1291 3019 1570 3090 synodum
1610 3023 1793 3073 ratam

166 3133 283 3172 esse
326 3115 594 3188 legimus,
635 3130 761 3186 qua:
799 3113 920 3184 ejus
963 3129 1077 3168 non
1116 3113 1290 3168 fuerit
1309 3112 1639 3168 auctoritate
1669 3129 1796 3167 con-

1889 584 2122 638 solerter
2148 584 2379 656 inquiri,
2409 589 2466 641 et
2490 586 2535 641 si
2563 586 2652 642 die
2681 587 3056 643 Sabbatorum
3082 589 3362 657 inciderit,
3386 607 3517 645 con-

1889 677 2148 748 sequenti
2172 678 2262 733 die
2301 680 2615 748 Dominico,
2647 681 2706 736 id
2733 685 2816 736 est
2841 682 2977 736 luna
3007 700 3098 753 xv,
3126 683 3337 738 Pascha
3362 686 3513 739 cele-

1886 770 2053 825 brare
2081 771 2428 843 conscripsit,
2457 778 2513 828 et
2542 773 2585 827 si
2623 773 2715 829 die
2743 773 3037 830 Dominico
3071 775 3208 830 luna
3233 793 3331 831 xm
3362 778 3513 848 ejus-

1889 864 2020 920 dem
2064 865 2306 931 mensis,
2349 865 2404 920 id
2453 871 2536 921 est
2577 867 2753 937 primi
2795 870 3036 940 mensis,
3091 870 3344 925 evenerit
3392 871 3516 942 ipsa

1888 957 2243 1012 hebdomada
2264 959 2591 1014 transmissa
2617 961 2674 1015 in
2691 961 2932 1016 alterum
2956 963 3108 1018 diem
3133 963 3512 1032 Dominicum,

1887 1051 2096 1106 Pascha
2135 1051 2256 1107 sine
2283 1051 2455 1106 dubio
2490 1052 2772 1108 celebrare
2809 1055 3158 1127 conscripsit.
3190 1057 3284 1111 His
3315 1061 3370 1112 et
3393 1057 3514 1112 aliis

1888 1143 2324 1216 quamplurimis
2340 1145 2613 1217 exemplis
2633 1150 2786 1217 patet
2805 1149 2964 1218 plura
2984 1166 3103 1205 esse
3119 1166 3291 1222 quam
3316 1150 3517 1222 viginti

1887 1237 2100 1293 Nicaeni
2130 1237 2350 1294 concilii
2389 1239 2654 1310 capitula,
2695 1243 2751 1294 et
2787 1257 2979 1295 veram
3019 1259 3138 1297 esse
3182 1244 3516 1314 praedictam

1885 1330 2013 1386 Julii
2045 1349 2211 1404 papae
2256 1332 2567 1404 epistolam.
2611 1332 2782 1389 Nobis
2819 1339 3009 1390 autem
3047 1337 3279 1406 quidam
3317 1353 3348 1392 e
3387 1353 3515 1393 con-

1889 1425 2060 1480 sortio
2090 1425 2333 1480 fratrum
2374 1431 2700 1481 nostrorum
2743 1427 3056 1483 Orientales
3089 1429 3275 1484 testati
3301 1423 3432 1486 sunt
3455 1449 3516 1486 se

1887 1519 2088 1574 vidisse
2104 1519 2407 1575 concilium
2430 1520 2722 1576 Nicaznum
2740 1520 2953 1575 habens
2974 1522 3253 1592 potiorem
3274 1528 3516 1594 quatuor

1888 1612 2326 1684 Evangeliorum
2364 1613 2847 1685 magnitudinem,
2882 1616 3178 1670 continens
3219 1616 3278 1670 in
3306 1633 3367 1670 se
3395 1633 3511 1672 ses-

1888 1707 2073 1763 siones
2113 1707 2526 1780 episcOporum,
2575 1712 2630 1762 et
2671 1707 3134 1778 introductiones,
3183 1709 3515 1782 judiciaque

1887 1801 2393 1873 querimoniarum,
2415 1807 2586 1872 atque
2605 1801 2962 1857 deﬁnitiones
2988 1806 3046 1856 et
3067 1803 3516 1872 constitutiones,

1891 1911 2112 1950 necnon
2143 1898 2200 1949 et
2226 1895 2668 1966 subscriptiones
2697 1911 2913 1950 eorum.
2948 1895 3032 1951 Ad
3063 1896 3223 1967 cujus
3252 1896 3516 1952 similitu-

1893 1989 2086 2044 dinem
2112 2004 2389 2060 magnum
2416 1988 2874 2044 Chalcedonense
2898 1989 3205 2045 concilium
3241 1991 3521 2063 conscrip-

1891 2087 2015 2137 tum
2045 2098 2164 2138 esse
2191 2081 2687 2150 conﬁrmaverunt,
2718 2086 2774 2136 et
2794 2083 3026 2138 demum
3060 2083 3172 2138 alia
3199 2084 3516 2139 Constanti-

1892 2175 2084 2248 nopoli
2142 2175 2396 2245 condita,
2452 2192 2636 2231 unum
2712 2175 2974 2231 videlicet
3027 2176 3129 2231 sub
3201 2177 3521 2232 Justiniano

1893 2270 2251 2341 imperatore,
2304 2273 2500 2324 contra
2548 2269 2647 2324 Dei
2701 2269 3130 2342 impugnatores
3175 2270 3518 2343 Origenem,

1893 2363 2217 2435 Didymum,
2243 2367 2299 2420 et
2313 2363 2638 2434 Evagrium,
2661 2368 2717 2418 et
2734 2363 2890 2418 aliud
2912 2363 3265 2436 temporibus
3280 2366 3525 2437 Agatho-

1893 2457 1981 2512 nis
2011 2474 2175 2529 papaa
2204 2460 2261 2512 et
2283 2456 2635 2512 Constantini
2676 2457 3036 2531 imperatoris
3077 2462 3273 2513 contra
3310 2460 3523 2514 Macha-

1894 2550 2046 2606 rium
2079 2551 2430 2622 episcopum,
2464 2553 2520 2605 et
2550 2550 2898 2621 Stephanum
2924 2550 3046 2621 ejus
3075 2551 3434 2622 discipulum,
3456 2569 3520 2609 ac

1894 2645 2145 2717 reliquos
2175 2645 2482 2716 episcopos,
2513 2642 2611 2715 qui
2639 2660 2741 2715 pro
2767 2643 3056 2699 frumento
3096 2643 3305 2700 zizania
3332 2646 3522 2700 Eccle-

1894 2739 1988 2794 siis
2039 2739 2500 2807 seminaverunt,
2549 2737 2740 2791 vinum
2809 2737 3164 2793 miscuerunt
3228 2755 3408 2809 aquae,
3468 2742 3524 2793 et

1897 2833 2156 2904 proximo
2182 2836 2381 2904 potum
2419 2831 2698 2887 dederunt
2723 2831 3008 2886 eversione
3039 2831 3282 2897 turbida,
3312 2835 3370 2886 et
3401 2835 3522 2887 tan-

1894 2942 2067 2999 quam
2079 2925 2200 2997 lupi
2223 2924 2355 2996 agni
2383 2924 2728 2979 simulabant
2753 2923 3132 2994 mendacium,
3157 2929 3214 2981 et
3240 2925 3442 2981 veritas
3463 2928 3526 2981 ut

1895 3019 2257 3075 mendacium
2289 3017 2662 3074 refutabatur.

1966 3115 2135 3168 Nosse
2163 3113 2332 3168 etiam
2367 3114 2590 3184 oportet
2627 3111 2772 3182 (licet
2801 3113 2953 3167 certa
2993 3128 3108 3166 non
3139 3111 3523 3182 inﬁrmentur,

168 3213 400 3282 gregata
426 3209 515 3264 vel
543 3207 702 3263 fulta.
745 3208 870 3261 Haec
896 3206 1165 3262 canonica
1201 3207 1440 3262 testatur
1467 3205 1791 3274 auctoritas,
1815 3236 1870 3310 C
1895 3210 2141 3280 quatuor
2166 3222 2282 3262 esse
2305 3204 2640 3277 principalia
2667 3203 2907 3260 concilia
2937 3221 3006 3261 ex
3031 3205 3237 3277 quibus
3263 3206 3525 3278 plenissi-

167 3302 287 3357 haac
312 3301 555 3357 historia
580 3299 953 3357 ecclesiastica
976 3299 1222 3370 roborat,
1253 3299 1376 3356 haec
1406 3300 1585 3355 sancti
1602 3301 1795 3355 Patres

166 3395 526 3451 conﬁrmant.

239 3489 389 3545 Scire
416 3491 613 3543 autem
635 3503 736 3542 vos
761 3487 906 3556 volo,
929 3486 1217 3559 octoginta
1243 3484 1553 3558 episcopos,
1574 3485 1670 3557 qui
1692 3486 1799 3541 hoc

167 3600 309 3655 opus
339 3598 433 3637 me
461 3581 732 3652 incipere,
770 3585 825 3636 et
852 3579 1122 3652 perﬁcere
1157 3579 1441 3651 coegistis,
1481 3581 1538 3634 et
1565 3583 1797 3634 cunctos

168 3676 418 3748 reliquos
468 3673 692 3728 Domini
743 3674 1058 3729 sacerdotes
1108 3677 1367 3744 oportet,
1428 3673 1579 3743 quod
1635 3673 1799 3744 plura

166 3786 336 3842 quam
375 3767 472 3822 illa
505 3767 705 3838 viginti
751 3766 997 3838 capitula
1033 3783 1161 3839 quae
1195 3766 1346 3837 apud
1375 3781 1477 3820 nos
1519 3765 1801 3832 habentur

169 3863 407 3918 Nicaznaa
439 3860 638 3933 synodi
663 3860 996 3932 reperimus,
1030 3865 1086 3916 et
1111 3860 1170 3914 in
1197 3859 1438 3915 decretis
1459 3860 1590 3915 Julii
1635 3877 1799 3932 papas

171 3955 528 4028 septuaginta
549 3953 798 4026 capitula
829 3953 1083 4024 ejusdem
1113 3953 1316 4025 synodi
1343 3969 1462 4008 esse
1491 3953 1694 4009 debere
1714 3953 1795 4008 le-

173 4051 378 4122 gimus.
410 4051 591 4114 Quam
619 4047 915 4119 epistolam
947 4048 1006 4102 in
1045 4064 1147 4102 suo
1191 4046 1392 4102 ordine
1418 4046 1567 4102 inter
1592 4049 1801 4102 caetera

173 4143 398 4200 decreta
432 4141 866 4213 apostolicorum
895 4139 1188 4212 posuimus
1208 4182 1222 4210 ,
1260 4140 1380 4195 haec
1418 4139 1799 4196 scrutantibus

169 4242 222 4292 et
259 4236 476 4292 cunctis
515 4251 675 4290 nosse
723 4234 1038 4290 volentibus
1081 4233 1423 4289 rimandam.
1456 4234 1600 4288 Nam
1645 4233 1800 4305 quod

166 4331 326 4402 plura
354 4345 532 4402 quam
560 4327 766 4400 viginti
791 4327 1034 4400 capitula
1073 4327 1185 4382 sint
1218 4326 1430 4382 Nicaani
1465 4326 1706 4397 concilii,
1738 4326 1799 4381 in

168 4424 359 4479 multis
384 4422 671 4478 invenitur
690 4421 846 4476 locis.
879 4421 1110 4492 Legitur
1139 4420 1295 4475 enim
1325 4421 1384 4475 in
1411 4420 1800 4476 Constantino-

169 4518 416 4589 politano
438 4516 672 4572 concilio
695 4515 776 4571 ita
799 4532 811 4570 :
841 4537 867 4565 α
897 4515 1258 4571 Manifestum
1278 4517 1362 4570 est
1386 4514 1536 4587 quod
1556 4513 1652 4569 illa
1671 4531 1798 4586 quae

1897 3318 2054 3357 mam
2079 3299 2211 3356 ﬁdei
2240 3299 2555 3354 doctrinam
2575 3302 2770 3354 tenent
2798 3298 3079 3368 Ecclesiae,
3101 3301 3219 3354 tam
3240 3299 3309 3356 de
3327 3302 3525 3372 Patris,

1899 3398 1956 3449 et
1982 3393 2125 3462 Filii,
2155 3396 2210 3448 et
2241 3391 2479 3463 Spiritus
2509 3391 2687 3447 sancti
2729 3390 3042 3460 divinitate,
3072 3408 3248 3464 quam
3287 3393 3357 3448 de
3385 3411 3528 3466 prae-

1900 3487 2036 3542 dicti
2080 3485 2201 3540 Filii
2237 3488 2294 3540 et
2338 3485 2635 3539 Salvatoris
2686 3485 2864 3539 nostri
2909 3485 3324 3541 incarnatione.
3369 3488 3528 3543 Prior

1897 3581 2104 3636 harum
2152 3579 2375 3632 Nicazna
2416 3577 2662 3649 synodus
2702 3581 2784 3633 est
2819 3580 3200 3633 trecentorum
3244 3579 3439 3635 decem
3470 3585 3527 3636 et

1899 3676 2024 3729 octo
2055 3673 2452 3744 episcoporum
2477 3670 2580 3726 sub
2604 3670 2975 3726 Constantino
3001 3672 3258 3742 Augusto
3279 3677 3525 3744 peracta,

1897 3768 1958 3823 in
2000 3783 2111 3839 qua
2150 3765 2377 3821 Arianae
2423 3764 2680 3836 perﬁdiae
2725 3763 3082 3836 blasphemia
3126 3765 3521 3835 condemnata,

1899 3879 2014 3935 qua
2061 3859 2506 3932 inaequalitatem
2562 3862 2773 3914 sanctae
2816 3858 3106 3914 Trinitatis
3162 3859 3314 3914 idem
3362 3861 3528 3916 Arius

1901 3954 2205 4022 asserebat,
2239 3953 2778 4010 consubstantialem
2805 3953 2917 4007 Deo
2941 3951 3092 4007 Patri
3117 3953 3298 4010 Deum
3319 3954 3522 4010 Filium

1900 4049 2100 4105 eadem
2129 4051 2321 4102 sancta
2348 4046 2594 4118 synodus
2629 4062 2731 4118 per
2759 4045 3088 4118 Symbolum
3121 4046 3395 4104 deﬁnivit.
3425 4047 3523 4104 Se-

1899 4141 2084 4197 cunda
2114 4140 2360 4214 synodus
2389 4141 2621 4194 centum
2655 4139 3077 4212 quinquaginta
3119 4141 3372 4210 Patrum,
3418 4142 3523 4197 sub

1898 4233 2210 4290 Theodosio
2237 4233 2459 4290 seniore
2486 4233 2978 4305 Constantinopoli
3002 4239 3366 4305 congregata,
3395 4251 3524 4307 qure

1898 4329 2306 4395 Macedonium,
2343 4331 2600 4383 sanctum
2631 4326 2908 4399 Spiritum
2941 4326 3247 4382 Dominum
3276 4343 3396 4384 esse
3421 4345 3523 4384 ne-

1900 4427 2150 4495 gantem,
2179 4422 2576 4488 condemnans,
2609 4420 3149 4476 consubstantialem
3181 4421 3328 4476 Patri
3357 4425 3415 4476 et
3444 4422 3527 4477 Fi-

1897 4515 1976 4570 lio
2006 4515 2272 4571 eumdem
2313 4515 2668 4570 Paracletum
2713 4514 3140 4581 demonstravit,
3181 4514 3318 4569 dans
3359 4514 3526 4570 latius

170 4616 413 4682 suntper
428 4625 898 4681 unamquamque
919 4608 1272 4680 provinciam
1296 4607 1474 4680 ipsius
1495 4607 1799 4679 provinciae
1818 4608 1877 4681 D
1901 4609 2150 4681 Symboli
2192 4609 2455 4674 formam,
2497 4624 2673 4679 quam
2695 4611 2809 4662 tota
2835 4607 3050 4662 Graecia
3088 4611 3145 4662 et
3171 4606 3435 4662 Latinitas
3464 4608 3524 4661 in

169 4703 420 4775 synodus
453 4703 760 4774 dispenset,
806 4701 950 4757 sicut
988 4702 1216 4757 Nicaeno
1249 4703 1466 4756 constat
1505 4701 1799 4756 decretum

171 4814 288 4852 esse
307 4796 565 4852 concilio.
590 4815 618 4848 »
634 4795 865 4867 Legitur
883 4798 940 4850 et
965 4796 1024 4850 in
1043 4794 1283 4867 epistola
1307 4794 1618 4850 Innocentii
1634 4811 1799 4866 papae

170 4890 430 4945 Victricio
463 4889 910 4960 Rothomagensi
951 4889 1216 4960 episc0po
1253 4887 1489 4955 directa,
1520 4887 1600 4942 ita
1630 4903 1642 4941 :
1681 4908 1708 4935 ‹‹
1741 4885 1799 4942 Si

172 5001 295 5055 quae
325 5000 509 5039 causa:
543 4983 631 5038 vel
661 4982 1058 5038 contentiones
1085 4981 1234 5037 inter
1262 4981 1490 5036 clericos
1522 4985 1578 5036 et
1605 4979 1797 5050 laicos,

177 5078 258 5131 vel
283 5077 436 5132 inter
474 5076 865 5132 clericostam
897 5074 1126 5146 majoris
1163 5073 1377 5130 ordinis
1414 5090 1589 5146 quam
1627 5073 1800 5129 etiam

180 5169 450 5226 inferioris
523 5168 743 5224 fuerint
805 5173 1053 5237 exortae,
1111 5169 1328 5240 placuit
1375 5172 1437 5222 ut
1491 5167 1800 5222 secundum

180 5264 445 5335 synodum
501 5262 786 5318 Nicaenam
832 5262 1188 5335 congregatis
1237 5260 1498 5317 omnibus
1545 5260 1800 5332 ejusdem

181 5357 474 5427 provinciae
501 5355 783 5428 episcopis
802 5355 1086 5427 judicium
1119 5354 1482 5422 terminetur,
1516 5376 1544 5404 »
1579 5357 1635 5409 et
1664 5353 1797 5410 reli-

181 5466 297 5521 qua.
329 5450 547 5506 Sanctae
576 5449 748 5505 etiarn
781 5449 1071 5504 memoriae
1096 5447 1446 5520 The0philus
1470 5447 1801 5504 Alexandri-

182 5559 276 5598 nus
303 5544 602 5616 episcopus
646 5543 763 5598 suis
800 5542 860 5598 in
900 5542 1149 5616 epistolis
1177 5541 1441 5598 meminit
1470 5541 1529 5596 in
1565 5540 1800 5596 concilio

184 5636 391 5693 Niceno
418 5640 697 5693 statutum
726 5653 847 5692 esse
873 5639 938 5690 ut
963 5636 1034 5691 ab
1060 5653 1157 5692 vni
1175 5635 1306 5692 ldus
1331 5634 1517 5690 Martii
1545 5650 1725 5707 usque
1744 5635 1803 5690 in

187 5728 317 5786 idem
343 5731 528 5786 Nonas
558 5729 786 5802 Aprilis,
820 5728 1017 5785 diebus
1044 5729 1256 5785 scilicet
1272 5731 1363 5799 28,
1391 5727 1802 5800 qualiscunque

185 5823 302 5878 luna
340 5827 479 5880 nata
503 5823 682 5880 fuerit
723 5823 782 5877 in
811 5823 1063 5895 quolibet
1089 5823 1276 5880 medio
1311 5821 1510 5894 spatio,
1542 5821 1806 5894 perbibet

187 5916 352 5974 facere
367 5918 597 5975 initium
619 5916 791 5990 primi
809 5917 1042 5989 mensis,
1062 5920 1326 5990 quartam
1356 5915 1640 5973 decimam
1666 5931 1802 5971 vero

1901 4701 2159 4758 Ecclesiis
2215 4701 2544 4782 praedicant.
2598 4699 2784 4754 Tertia
2823 4699 3072 4770 synodus
3118 4703 3199 4753 est
3245 4699 3525 4770 Ephesina

1900 4791 2088 4864 prima
2118 4790 2492 4844 ducentorum
2522 4787 2940 4860 episcoporum,
2964 4787 3067 4842 sub
3095 4787 3314 4843 minore
3343 4788 3523 4843 Theo-

1902 4884 2062 4940 dosio
2098 4887 2350 4955 Augusto
2385 4882 2551 4952 edita,
2583 4898 2710 4953 quae
2736 4881 3055 4936 Nestorium
3090 4881 3228 4936 duas
3257 4897 3528 4953 personas

1901 4979 1962 5033 in
2012 4976 2233 5033 Christo
2277 4979 2623 5032 asserentem
2661 4974 2815 5046 justo
2861 4974 3219 5031 anathemate
3252 4975 3526 5031 condem-

1901 5071 2076 5141 navit,
2121 5070 2423 5126 ostendens
2466 5084 2700 5124 manere
2734 5068 2794 5122 in
2838 5067 3056 5124 duabus
3100 5069 3314 5125 naturis
3356 5086 3529 5124 unam

1901 5164 2129 5220 Domini
2174 5164 2350 5219 nostri
2398 5164 2532 5218 Jesu
2577 5161 2781 5218 Christi
2819 5178 3142 5233 personam.
3188 5163 3398 5227 Quarta
3447 5169 3534 5219 est

1901 5258 2152 5330 synodus
2170 5256 2639 5314 Chalcedonensis
2665 5261 3060 5312 sexcentarum
3084 5255 3325 5328 triginta
3341 5273 3527 5314 sacer-

1901 5353 2120 5420 dotum,
2152 5351 2256 5407 sub
2284 5351 2560 5406 Martiano
2599 5349 2857 5422 principe
2886 5350 3100 5419 habita,
3130 5350 3191 5404 in
3218 5367 3334 5423 qua
3352 5352 3525 5424 Euty-

1902 5447 2068 5502 chem
2112 5441 2801 5514 Constantinopolitanum
2841 5443 3103 5499 abbatem
3139 5444 3308 5499 Verbi
3345 5445 3442 5500 Dei
3477 5450 3533 5500 et

1900 5539 2084 5596 carnis
2109 5554 2285 5593 unam
2304 5539 2576 5592 naturam
2593 5536 3088 5608 pronuntiantem,
3112 5541 3168 5594 et
3190 5537 3239 5610 ej
3251 5555 3313 5593 us
3335 5538 3534 5594 defen-

1902 5648 2091 5690 sorem
2132 5631 2461 5686 Dioscorum
2505 5630 2794 5703 quondam
2829 5630 3275 5686 Alexandrinum
3307 5631 3527 5702 episco-

1901 5743 2060 5800 pum,
2095 5729 2152 5781 et
2178 5724 2368 5796 ipsum
2394 5740 2623 5780 rursum
2646 5722 2969 5779 Nestorium
2997 5740 3126 5778 cum
3154 5722 3381 5794 reliquis
3408 5723 3528 5778 hae-

1903 5819 2091 5876 reticis
2107 5835 2225 5874 una
2234 5819 2466 5874 Patrum
2485 5817 2765 5874 sententia
2779 5816 3205 5889 praedamnavit,
3221 5814 3533 5887 praedicans

1905 5913 2108 5972 eadem
2149 5912 2396 5986 synodus
2437 5912 2723 5970 Christum
2769 5911 3076 5967 Dominum
3113 5909 3191 5965 sic
3235 5912 3431 5965 natum
3462 5909 3530 5964 de
