4068 6294
551 355 603 406 11
1436 345 1712 400 ΑΡΡΕΝΙ).
1755 343 1840 396 AD
1879 341 2037 395 SxEG.
2082 339 2148 394 IX

2306 335 2555 392 lSlDORl
2595 334 3016 390 MERCATORIS
3827 329 3886 378 I2

547 457 799 528 Virgine,
849 459 915 511 ut
959 455 1018 510 in
1059 470 1176 510 una
1219 452 1530 508 substantia
1581 449 1772 505 divina
1816 451 1874 503 et
1919 448 2250 532 humana’A
2271 445 2485 517 vigore.
2519 444 2706 498 Primo
2750 441 2988 513 quidem
3031 438 3190 504 ordo,
3226 441 3292 491 ut
3317 434 3656 506 praadictum
3690 435 3789 532 est,
3821 431 3889 486 de

547 525 947 606 contineantur
971 552 1211 603 naturas.
1237 548 1333 601 Hae
1361 549 1509 612 sunt,
1535 548 1595 598 ut
1613 541 2006 615 praediximus,
2028 557 2168 611 qua-
2192 525 2250 532 η
2273 538 2609 594 celebrando
2635 535 2875 591 concilio
2903 534 3149 588 insertus
3174 529 3434 596 habetur,
3463 531 3519 581 et
3537 525 3889 597 postmodum

547 648 678 698 tuor
701 642 1042 715 principales
1070 644 1128 695 et
1151 637 1499 696 venerabiles
1526 635 1751 708 synodi,
1780 634 1950 689 ﬁdem
1975 633 2167 688 catho—
2271 647 2555 686 canonum
2579 628 2978 700 apostolorum,
3010 641 3073 678 ac
3097 623 3418 695 primorum
3439 618 3886 690 apostolicorum,

545 709 721 791 licam
755 709 1209 807 complectentes.
1252 732 1362 788 Sed
1403 731 1450 784 si
1479 746 1593 802 qua
1636 729 1749 782 sint
1779 727 2014 782 concilia
2043 743 2172 798 quae
2271 725 2329 780 id
2357 729 2442 779 est
2474 740 2507 777 a
2544 727 2735 776 sancto
2761 721 3054 775 Clemente
3082 733 3264 788 usque
3301 714 3373 769 ad
3413 715 3673 768 sanctum
3716 709 3884 765 Silve-

547 829 724 884 sancti
758 832 949 885 Patres
971 828 1185 901 Spiritu
1206 825 1305 880 Dei
1326 823 1483 896 pleni
1512 827 1848 891 sanxerunt,
1872 825 1997 892 post
2015 821 2169 892 ipso-
2272 824 2451 874 strum
2483 832 2727 888 sequens
2746 813 3002 869 ordinem
3030 827 3218 867 suum.

546 941 675 979 rum
737 928 977 994 quatuor
1026 919 1418 976 auctoritatem
1450 917 1608 972 omni
1640 920 1879 972 manent
1931 913 2173 970 stabilita

802 1220 2252 1397 INCIPIUNT
2436 1209 3644 1388 CANONES

2113 1465 2177 1520 ID
2226 1466 2346 1521 EST

1354 1607 1934 1718 REGULXE
2044 1600 3106 1714 ECCLESIASTIC/E

713 1807 765 1870 A
822 1806 1062 1870 sanctis
1117 1803 1424 1870 Patribus
1476 1804 1872 1879 constitutae,
1932 1810 1993 1864 et
2045 1801 2128 1864 ab
2181 1800 2431 1864 Ismoao
2491 1801 2557 1862 in
2619 1799 2814 1862 unius
2868 1796 3103 1861 codicis
3165 1813 3398 1878 corpus
3457 1794 3749 1858 collectae.

547 1052 3890 1084 ________________________________________________.___

1191 2105 1238 2177 1
1343 2101 1622 2181 ORDO
1706 2100 1839 2178 DE
1921 2097 2644 2180 CELEBRANDO
2729 2099 2780 2177 C

1706 2100 1839 2178 DE
1921 2097 2644 2180 CELEBRANDO
2729 2096 3259 2177 CONCHJO.

623 2389 772 2442 Hora
824 2385 934 2441 diei
987 2385 1191 2456 prima,
1245 2387 1375 2438 ante
1440 2382 1569 2437 solis
1613 2387 1822 2452 ortum,
1886 2382 2180 2454 ejiciantur
2199 2396 2256 2468 B
2278 2387 2344 2438 ut
2366 2382 2425 2437 in
2446 2381 2744 2438 sinistrum
2765 2397 2868 2436 nos
2885 2397 3002 2436 non
3030 2381 3356 2453 ignorantia
3384 2381 3593 2447 trahat,
3620 2397 3735 2436 non
3752 2382 3913 2436 favor

553 2495 750 2535 omnes
798 2479 867 2534 ab
933 2477 1188 2545 ecclesia,
1251 2476 1633 2548 obseratisque
1695 2475 1908 2530 foribus
1960 2476 2177 2531 cunctis
2280 2476 2548 2544 inﬂectat,
2576 2492 2696 2531 non
2721 2474 2972 2546 acceptio
2999 2474 3252 2530 muneris
3277 2475 3363 2531 vel
3381 2491 3638 2547 personae
3659 2491 3913 2531 corrum-

547 2573 1052 2643 adunamjanuam
1068 2587 1356 2643 perquam
1372 2569 1923 2640 sacerdotesingredi
1935 2574 2178 2642 oportet,
2279 2575 2394 2642 pat,
2422 2570 2520 2626 sed
2543 2570 2728 2640 junge
2752 2585 2855 2623 nos
2886 2568 2988 2623 tibi
3019 2568 3318 2624 efficaciter
3352 2569 3527 2624 solius
3564 2573 3678 2624 tua:
3712 2570 3910 2640 gratia:

553 2665 767 2721 ostiarii
807 2664 1058 2719 stabunt.
1114 2665 1182 2718 Et
1233 2663 1634 2719 convenientes
1679 2679 1876 2717 omnes
1928 2662 2180 2734 episcopi
2281 2664 2451 2733 dono,
2484 2667 2549 2717 ut
2571 2662 2747 2716 simus
2777 2661 2838 2716 in
2877 2665 2932 2717 te
2966 2678 3166 2730 unum,
3205 2667 3262 2718 et
3287 2663 3347 2718 in
3381 2664 3536 2718 nullo
3565 2663 3852 2719 deviemus
3877 2681 3913 2718 a

553 2759 765 2830 pariter
813 2757 1151 2827 introibant,
1204 2761 1262 2812 et
1291 2756 1608 2812 secundum
1652 2754 2027 2810 ordinationis
2065 2771 2182 2810 suae
2280 2773 2433 2826 vero,
2461 2755 2703 2828 qualiter
2730 2755 2788 2809 in
2825 2755 3058 2810 nomine
3092 2760 3190 2810 tuo
3221 2756 3458 2826 collecti,
3490 2757 3568 2812 sic
3607 2757 3665 2812 in
3694 2759 3916 2815 cunctis

552 2857 781 2923 tempus
835 2849 1181 2907 residebunt.
1227 2852 1359 2905 Post
1415 2849 1736 2920 ingressum
1786 2849 2182 2920 episcoporum
2283 2853 2578 2905 teneamus
2607 2865 2738 2904 cum
2768 2849 3156 2904 moderamine
3181 2849 3404 2921 pietatis
3426 2851 3732 2922 justitiam,
3762 2857 3828 2906 ut
3857 2859 3917 2908 et

554 2946 811 3001 omnium
866 2947 1036 3015 atque
1083 2959 1445 3012 consessum,
1491 2947 1765 2998 vocentur
1803 2942 2008 2998 deinde
2051 2959 2178 3014 pre-
2282 2943 2374 2998 hic
2409 2959 2442 2996 a
2475 2941 2613 2996 tein
2661 2941 2814 2996 nullo
2857 2942 3153 2997 dissentiat
3201 2945 3479 3000 sententia
3527 2948 3739 3015 nostra,
3769 2951 3826 3001 et
3854 2947 3914 3002 in

554 3039 787 3112 sbyteri,
830 3054 974 3110 quos
1019 3053 1184 3092 causa
1219 3035 1545 3109 probaverit
1585 3036 1842 3104 introire,
1879 3035 2184 3108 nullusque
2282 3037 2474 3092 futuro
2498 3052 2602 3108 pro
2625 3035 2770 3092 bene
2799 3036 2968 3108 gestis
2997 3052 3414 3109 consequamur
3438 3037 3676 3111 praemia
3700 3040 3914 3112 sempi-

554 3150 612 3189 se
650 3133 802 3187 inter
843 3147 942 3186 eos
985 3131 1210 3202 ingerat
1247 3131 1635 3186 diaconorum.
1679 3131 1808 3184 Post
1845 3130 1950 3184 hos
1988 3130 2180 3200 ingre-
2281 3134 2461 3186 terna.

557 3226 786 3280 diantur
818 3225 1075 3280 diaconos
1109 3223 1446 3295 probabiles,
1491 3241 1636 3295 quos
1681 3223 1820 3278 ordo
1863 3223 2185 3295 poposcerit
2355 3226 2419 3278 In
2471 3240 2583 3295 qua
2623 3224 2878 3278 oratione
2921 3225 3083 3280 Pater
3124 3231 3306 3282 noster
3342 3243 3456 3282 non
3499 3228 3753 3299 dicatur,
3813 3247 3923 3287 nec

555 3320 850 3373 interesse.
879 3319 943 3372 Et
981 3333 1186 3372 corona
1211 3317 1358 3372 facta
1395 3317 1465 3372 de
1496 3317 1722 3372 sedibus
1763 3316 2181 3388 episcoporum,
2287 3317 2608 3380 benedictio,
2649 3317 2747 3372 sed
2777 3316 2899 3388 ipsa
2929 3319 3286 3374 solummodo
3315 3321 3491 3375 oratio
3521 3322 3922 3380 conﬁrmetur.

554 3411 869 3483 presbyteri
919 3427 952 3464 a
1000 3415 1157 3480 tergo
1197 3427 1397 3465 eorum
1441 3410 1754 3478 resideant,
1808 3426 1948 3482 quos
1989 3413 2184 3465 tamen
2287 3410 2469 3464 Finita
2513 3412 2706 3465 autem
2756 3411 3033 3481 oratione,
3092 3417 3149 3467 et
3204 3429 3474 3484 responso
3535 3415 3606 3470 ab
3651 3417 3926 3473 omnibus

557 3521 805 3560 sessuros
831 3520 1023 3560 secum
1052 3504 1518 3575 metropolitanus
1557 3503 1814 3574 elegerit,
1853 3503 1953 3575 qui
1992 3503 2186 3574 utique
2287 3505 2478 3567 Amen,
2531 3520 2727 3558 rursus
2779 3503 2930 3559 dicat
2982 3505 3412 3561 archidiaconus
3467 3525 3481 3560 :
3545 3511 3750 3577 Erigite
3799 3527 3922 3566 vos.

559 3602 617 3654 et
663 3615 795 3653 cum
837 3614 904 3653 eo
945 3597 1199 3669 judicare
1246 3597 1490 3668 aliquid,
1535 3602 1592 3652 et
1637 3597 1874 3653 deﬁnire
1925 3603 2182 3669 possunt.
2289 3597 2597 3653 Confestim
2632 3613 2827 3651 omnes
2855 3603 3093 3668 surgant
3130 3602 3188 3652 et
3226 3615 3356 3652 cum
3391 3601 3549 3654 omni
3586 3602 3788 3659 timore
3819 3606 3932 3660 Dei

561 3692 787 3746 Diaconi
836 3692 893 3746 in
952 3695 1258 3762 conspectu
1307 3689 1703 3761 episcoporum
1753 3694 1929 3757 stent,
1982 3691 2188 3746 deinde
2228 3762 2259 3766 ᾲ
2289 3693 2346 3744 et
2371 3689 2663 3759 disciplina
2691 3694 2808 3744 tam
2836 3690 3085 3762 episcopi
3108 3707 3282 3762 quam
3308 3691 3628 3763 presbyteri
3649 3697 3926 3766 sedeant;

559 3784 955 3856 ingrediantur
999 3783 1145 3850 laici,
1194 3782 1292 3853 qui
1342 3782 1612 3836 electione
1659 3782 1878 3836 concilii
1919 3762 2264 3837 interesseC
2292 3781 2481 3852 sicque
2509 3781 2772 3835 omnibus
2805 3781 2866 3835 in
2904 3781 3019 3837 suis
3059 3783 3211 3851 locis,
3248 3762 3324 3838 in,
3351 3762 3574 3840 silentio
3617 3762 3935 3846 conseden;

563 3882 913 3934 meruerunt.
960 3875 1361 3948 Ingrediantur
1405 3890 1631 3947 quoque
1673 3875 1900 3941 notarii,
1943 3891 2084 3945 quos
2119 3876 2190 3930 ad
2289 3875 2459 3942 tibus,
2488 3874 2762 3928 diaconus
2801 3874 2929 3929 alba
2972 3876 3224 3947 indutus,
3253 3878 3503 3933 codicem
3533 3897 3819 3936 canonum
3871 3887 3933 3939 in

561 3971 917 4028 recitandum
955 3970 1040 4026 vel
1072 3968 1465 4040 excipiendum
1496 3967 1636 4023 ordo
1667 3966 1924 4038 requirit.
1953 3967 2188 4023 Obsera—
2291 3967 2480 4022 medio
2521 3968 2834 4039 proferens,
2863 3969 3109 4040 capitula
3133 3971 3203 4025 de
3237 3972 3489 4026 conciliis
3519 3975 3755 4045 agendis
3784 3993 3935 4047 pro-

561 4066 744 4138 tisque
790 4064 1004 4135 januis,
1050 4067 1108 4119 et
1157 4062 1486 4118 sedentibus
1533 4061 1591 4115 in
1641 4060 1910 4114 diuturno
1969 4060 2192 4115 silentio
2292 4060 2541 4130 nuntiet,
2588 4061 2647 4116 id
2691 4065 2802 4130 est,
2849 4062 2918 4117 de
2963 4063 3197 4118 concilio
3245 4065 3511 4121 Toletano
3557 4068 3749 4137 tertio,
3809 4087 3942 4126 aera

563 4158 967 4228 sacerdotibus,
1017 4161 1188 4228 atque
1235 4171 1334 4210 cor
1372 4158 1559 4210 totum
1597 4153 1938 4208 habentibus
1982 4153 2052 4208 ad
2094 4155 2195 4208 Do-
2294 4170 2448 4210 xvm.
2490 4155 2651 4222 Item,
2694 4171 2763 4209 ex
2811 4155 3048 4210 concilio
3083 4156 3354 4213 Toletano
3401 4165 3631 4230 quarto,
3681 4178 3797 4216 aera
3845 4181 3940 4220 ιιι.

563 4253 805 4322 minum,
853 4253 1104 4306 dicturus
1131 4253 1216 4304 est
1260 4247 1709 4314 archidiaconus,
1749 4247 1929 4310 Orate,
1979 4246 2195 4302 statim-
2294 4249 2456 4316 Item,
2493 4264 2564 4302 ex
2591 4247 2852 4319 capitulis
2877 4249 3249 4305 Orientalium
3280 4253 3548 4322 partium,
3575 4270 3702 4325 quas
3731 4256 3940 4311 Marti-

567 4363 680 4419 que
705 4347 765 4401 in
802 4349 1017 4400 terram
1053 4358 1253 4397 omnes
1288 4344 1741 4412 prosternentur,
1790 4342 1906 4393 tam
1947 4339 2195 4411 episcopi
2294 4357 2402 4396 nus
2447 4340 2744 4412 episcopus
2797 4341 2866 4396 de
2926 4342 3115 4397 Graeco
3161 4344 3220 4398 in
3265 4345 3532 4400 Latinum
3572 4347 3757 4416 vertit,
3811 4365 3944 4404 mra

564 4457 738 4513 quam
789 4435 1126 4511 presbyteri,
1178 4437 1236 4489 et
1281 4437 1506 4488 orantes
1558 4433 1791 4503 diutius,
1845 4433 2012 4489 tacite
2063 4450 2194 4489 cum
2293 4450 2446 4500 xvm,
2479 4434 2548 4488 de
2587 4434 2809 4506 Synodo
2854 4435 3129 4491 facienda.
3170 4439 3334 4508 Item,
3383 4455 3449 4492 ex
3483 4440 3717 4494 concilio
3746 4442 3946 4498 Chal-

564 4533 789 4590 ﬂetibus
813 4535 980 4602 atque
1009 4526 1330 4600 gemitibus,
1369 4543 1518 4581 unus
1555 4542 1623 4581 ex
1665 4526 1942 4599 episcopis
1966 4527 2197 4583 seniori-
2297 4527 2619 4596 cedonensi,
2647 4544 2759 4582 tera
2792 4545 2944 4584 xvm.
2993 4532 3152 4598 Item,
3199 4548 3268 4586 ex
3309 4532 3548 4587 concilio
3591 4536 3947 4605 Agathensi,

564 4629 670 4682 bus
700 4640 959 4696 surgens,
985 4621 1300 4676 orationem
1325 4620 1508 4691 palam
1534 4620 1737 4675 fundat
1760 4621 1830 4674 ad
1867 4622 2192 4690 Dominum,
2297 4638 2410 4676 aera
2452 4637 2583 4690 xxv,
2629 4621 2715 4676 vel
2754 4639 2900 4692 xxvr,
2948 4625 3038 4678 vel
3081 4624 3231 4679 aliud
3273 4626 3342 4681 de
3389 4627 3720 4695 canonibus,
3774 4634 3952 4700 quod

565 4718 782 4773 cunctis
815 4717 1000 4772 adhuc
1029 4715 1089 4770 in
1122 4721 1270 4771 terra
1300 4714 1639 4785 jacentibus,
1679 4715 1872 4770 dicens
1904 4717 2045 4770 hanc
2078 4731 2196 4770 ora-
2297 4715 2729 4786 metropolitano
2749 4716 2936 4788 aptius
2949 4716 3129 4771 visum
3149 4719 3336 4788 fuerit,
3353 4724 3426 4773 ut
3442 4720 3682 4791 legatur.
3706 4722 3958 4778 Finitis-

565 4812 829 4867 tionem:
1283 4882 1314 4892 Α
1396 4882 1434 4892 __
2300 4825 2408 4880 que
2467 4809 2664 4878 titulis,
2717 4811 3186 4881 metropolitanus
3240 4812 3564 4884 episcopus,
3623 4816 3954 4875 concilium

1275 4882 1479 4936 Οναείοο
2296 4903 2616 4975 alloquatur
2655 4903 3072 4974 exhortatione,
3106 4905 3184 4960 ita
3215 4882 3409 4960 dicens
3429 4882 3458 4960 *ε
3489 4908 3650 4977 Ecce,
3697 4913 3964 4968 sanctis-

636 4997 940 5066 Adsumus,
971 4996 1200 5051 domine
1239 5001 1426 5051 sancte
1464 4996 1725 5067 Spiritus,
1759 4996 2026 5050 adsumus
2066 5011 2193 5067 pec-
2297 4997 2422 5051 simi
2461 4997 2796 5066 sacerdotes,
2828 4998 3134 5068 praemissis
3180 5000 3296 5054 Deo
3337 4999 3621 5070 precibus,
3669 5003 3966 5060 fraterni-

565 5091 675 5146 cati
699 5089 934 5162 quidem
961 5089 1317 5144 immanitate
1349 5088 1586 5159 detenti,
1621 5089 1719 5144 sed
1744 5088 1806 5143 in
1842 5089 2074 5143 nomine
2102 5093 2469 5202 tuoDtatem
2511 5094 2752 5144 vestram
2792 5107 2922 5144 cum
2958 5091 3051 5162 pia
3091 5093 3487 5148 exhortatione
3535 5096 3834 5163 convenio,
3890 5107 3970 5155 et.

565 5183 881 5256 specialiter
906 5183 1236 5256 aggregati;
1257 5183 1390 5238 veni
1417 5184 1488 5238 ad
1516 5199 1636 5246 nos,
1662 5185 1720 5237 et
1738 5185 1857 5237 esto
1879 5181 2194 5252 nobiscum,
2215 5181 2274 5202 υ
2298 5200 2402 5255 per
2425 5184 2683 5239 divinum
2719 5200 2931 5238 nomen
2956 5185 3206 5240 obtestor
3230 5192 3294 5241 ut
3334 5204 3420 5255 ea,
3449 5204 3578 5260 quae
3605 5205 3638 5242 a
3666 5189 3840 5244 nobis
3873 5193 3969 5250 de

567 5278 805 5349 dignare
831 5277 985 5332 illabi
1023 5277 1285 5331 cordibus
1326 5277 1552 5347 nostris,
1582 5276 1722 5331 doce
1746 5291 1848 5330 nos
1889 5275 2026 5347 quid
2069 5293 2199 5348 aga-
2296 5278 2433 5345 Deo,
2487 5283 2544 5332 et
2586 5278 2656 5332 de
2709 5277 2877 5331 sacris
2927 5277 3244 5352 ordinibus,
3294 5283 3379 5335 vel
3433 5281 3634 5336 sanctis
3671 5283 3972 5342 moribus

566 5388 714 5440 mus,
746 5387 858 5443 quo
883 5369 1230 5443 gradiamur,
1256 5373 1312 5424 et
1332 5371 1562 5426 ostende
1587 5369 1724 5441 quid
1747 5369 1973 5424 efficere
2000 5370 2196 5425 debea-
2295 5371 2450 5426 vobis
2468 5370 2682 5425 fuerint
2708 5371 2876 5440 dicta,
2914 5387 3043 5426 cum
3073 5373 3230 5426 omni
3272 5374 3479 5444 pietate
3519 5375 3846 5446 suscipiatis
3891 5385 3976 5434 et;

568 5480 712 5532 mus,
740 5468 824 5531 ut,
842 5469 897 5520 te
919 5463 1246 5532 auxiliante,
1267 5462 1369 5516 tibi
1395 5463 1453 5517 in
1487 5462 1754 5517 omnibus
1778 5461 1998 5534 placere
2020 5465 2198 5519 valea-
2295 5481 2424 5520 cum
2466 5480 2690 5518 summa
2735 5465 3048 5519 reverentia
3096 5466 3368 5536 perﬁcere
3403 5467 3728 5522 intendatis.
3770 5470 3965 5533 Quod

566 5573 715 5612 mus.
744 5559 874 5612 Esto
895 5557 1063 5624 salus,
1085 5561 1144 5611 et
1170 5560 1484 5627 suggestor,
1519 5560 1576 5610 et
1605 5555 1832 5610 effector
1849 5557 2196 5628 judiciorum
2296 5558 2342 5612 si
2369 5558 2606 5612 forsitan
2631 5556 2834 5628 aliquis
2863 5563 3111 5613 vestrum
3140 5559 3304 5614 aliter
3336 5576 3507 5631 quam
3544 5561 3690 5616 dicta
3715 5561 3980 5624 fuerint

569 5654 915 5718 nostrorum,
947 5650 1046 5721 qui
1086 5649 1236 5703 solus
1275 5665 1406 5703 cum
1450 5649 1565 5704 Deo
1604 5651 1782 5720 Patre,
1813 5653 1870 5706 et
1908 5652 2031 5723 ejus
2057 5651 2196 5706 Filio
2295 5649 2555 5716 senserit,
2611 5649 2732 5704 sine
2774 5651 2964 5724 aliquo
3012 5653 3273 5724 scrupulo
3318 5653 3695 5709 contentionis
3731 5655 3799 5709 in
3843 5673 3982 5714 no-

567 5761 777 5800 nomen
796 5743 1046 5816 possides
1068 5743 1396 5813 gloriosum.
1434 5743 1552 5797 Non
1588 5760 1692 5798 nos
1720 5744 1950 5815 patiaris
1976 5749 2196 5815 pertur-
2294 5746 2540 5796 strorum
2578 5745 2835 5799 omnium
2888 5746 3262 5817 copulatione,
3311 5765 3374 5802 ea
3423 5749 3562 5820 ipsa,
3609 5750 3678 5804 de
3719 5750 3978 5821 quibus

561 5837 788 5892 batores
811 5854 929 5892 esse
941 5834 1194 5907 justitiaz,
1217 5834 1315 5908 qui
1333 5851 1617 5892 summam
1633 5836 1821 5907 diligis
1841 5836 2192 5908 aequitatem,
2296 5835 2651 5909 dubitaverit,
2675 5839 3010 5896 conferenda
3038 5840 3286 5910 reducat,
3321 5842 3584 5914 qualiter,
3615 5843 3731 5899 Deo
3760 5846 3966 5901 auxi—
