4068 6312
219 329 276 381 13
1463 325 1932 381 DECRETALIUM
1972 327 2359 382 COLLECTIO.
3515 331 3526 381 l
3545 332 3573 384 4

212 434 414 504 liante,
449 438 548 488 aut
585 434 772 489 doceri
815 433 1014 504 possit,
1045 435 1144 487 aut
1182 432 1396 488 doceat.
1430 433 1644 489 Deinde
1676 433 1845 518 simili
1866 447 1925 520 Α
1947 435 2161 490 fuerint
2176 438 2380 490 cuncta
2396 435 2790 503 determinata,
2811 436 2888 490 ita
2909 438 2970 489 ut
2990 450 3345 506 quaecunque
3363 434 3574 490 delibe-

210 545 307 582 vos
357 528 734 583 obtestatione
781 526 1079 596 convenio,
1127 531 1182 582 et
1239 527 1492 597 obsecro,
1549 530 1610 581 ut
1656 529 1844 582 nullus

213 626 466 676 vestrum
506 621 566 676 in
597 621 926 693 judicando,
971 624 1070 674 aut
1114 637 1416 692 personam
1453 621 1712 692 accipiat,
1748 624 1846 676 aut

211 716 468 788 quolibet
503 716 712 785 favore,
743 719 842 770 aut
876 731 1114 770 munere
1145 715 1419 785 pulsatus,
1451 732 1484 769 a
1505 715 1658 786 justo
1682 715 1842 786 judi-

211 810 300 864 cio
338 810 584 865 scienter
617 812 926 877 avertatur,
960 810 1059 863 aut
1098 808 1379 877 discedat;
1409 808 1508 863 sed
1556 825 1686 863 cum
1725 813 1847 864 tota

212 903 441 975 pietate,
471 902 748 974 quidquid
779 902 946 956 coetui
977 907 1170 956 nostro
1200 919 1260 956 se
1280 901 1660 972 judicandum
1689 901 1842 956 intu-

212 997 342 1052 lerit
369 999 694 1066 retractata,
725 1000 787 1051 ut
813 1012 918 1051 nec
947 995 1276 1051 discordans
1306 995 1595 1050 contentio
1621 995 1693 1050 ad
1720 996 1847 1050 sub-

212 1089 528 1145 versionem
563 1089 799 1161 justitia:
847 1089 998 1144 inter
1039 1105 1142 1143 nos
1193 1091 1380 1143 locum
1430 1088 1700 1157 inveniat,
1740 1105 1847 1143 nec

209 1185 353 1238 item
387 1185 449 1238 in
487 1183 870 1255 perquirenda
905 1182 1174 1256 {equitate
1211 1183 1372 1252 vigor
1411 1182 1589 1236 nostri
1631 1182 1848 1237 ordinis

210 1278 296 1332 vel
324 1277 644 1332 sollicitudo
670 1280 942 1348 tepescat.

281 1372 417 1426 Post
438 1371 587 1426 hanc
619 1371 1076 1425 exhortationem
1120 1368 1441 1425 introibunt
1468 1385 1687 1438 omnes,
1718 1368 1846 1439 qui-

211 1481 438 1536 cunque
480 1463 693 1520 fuerint
739 1463 1078 1535 presbyteri,
1131 1462 1414 1532 diacones,
1464 1463 1550 1519 vel
1599 1461 1847 1533 religiosi

212 1558 464 1615 universi
485 1558 558 1613 ad
589 1557 939 1612 audiendum
968 1557 1308 1612 doctrinam.
1333 1557 1540 1628 Sicque
1564 1555 1846 1611 archidia-

211 1670 390 1708 conus
416 1654 664 1708 lecturus
697 1654 781 1706 est
820 1667 1097 1706 canonem
1126 1651 1376 1706 Toletani
1416 1649 1637 1705 concilii
1668 1650 1844 1704 unde-

211 1747 366 1813 cimi,
389 1763 504 1802 tera
522 1746 729 1818 prima,
753 1761 823 1800 ne
847 1746 1096 1799 tumultu
1117 1744 1419 1799 concilium
1439 1743 1708 1815 agitetur.
1727 1747 1847 1812 Quo

210 1857 436 1897 canone
480 1841 750 1912 perlecto,
797 1839 1099 1895 concilium
1149 1837 1498 1909 Ephesinum
1539 1853 1606 1894 ex
1650 1817 1925 1893 ordineB

212 1936 564 2007 perlegatur.
595 1933 808 1988 Deinde
843 1933 1064 1988 collatio
1097 1931 1308 2004 pariter
1345 1933 1402 1987 et
1441 1931 1740 1987 instructio
1776 1931 1847 1986 de

211 2027 488 2100 mysterio
529 2029 739 2082 sancta:
781 2025 1071 2081 Trinitatis
1110 2025 1409 2095 habeatur,
1456 2024 1742 2096 simulque
1791 2027 1850 2078 et

212 2123 284 2177 de
311 2121 635 2177 ofﬁciorum
663 2120 978 2188 ordinibus,
999 2119 1048 2174 si
1073 2120 1134 2174 in
1164 2118 1424 2174 omnium
1446 2118 1674 2174 sedibus
1694 2118 1844 2190 ejus-

211 2216 342 2271 dem
388 2214 726 2270 celebritatis
770 2214 958 2269 unitas
1005 2215 1289 2268 teneatur.
1339 2215 1446 2268 Pro
1489 2212 1578 2267 his
1617 2228 1848 2284 quoque

210 2313 383 2382 prout
426 2309 676 2381 spatium
722 2307 836 2362 diei
875 2307 1218 2379 permiserit,
1269 2311 1327 2362 et
1373 2306 1631 2379 epistola:
1683 2322 1849 2377 papa;

209 2402 416 2458 Leonis
493 2403 564 2456 ad
640 2401 968 2456 Flavianum
1031 2399 1365 2472 episcopum
1428 2400 1497 2455 de
1560 2399 1849 2454 erroribus

209 2495 566 2568 Eutychetis,
609 2499 668 2550 et
709 2494 982 2566 mysterio
1027 2493 1332 2561 Trinitatis,
1379 2493 1641 2565 legenda:
1694 2497 1846 2548 sunt.

211 2591 477 2645 Canones
503 2605 730 2661 quoque
762 2588 831 2643 de
861 2588 1080 2643 unitate
1106 2587 1442 2655 officiorum,
1473 2603 1576 2643 nec
1595 2587 1667 2642 ad
1693 2586 1849 2642 aliud

212 2684 435 2756 aliquid
472 2686 643 2738 antea
689 2685 1032 2749 transeatur,
1075 2697 1249 2753 quam
1291 2681 1399 2736 ista
1440 2681 1634 2736 omnia
1673 2681 1846 2753 expli-

211 2784 436 2846 centur,
479 2778 561 2832 ita
595 2781 788 2832 tamen
829 2779 893 2831 ut
927 2775 988 2829 in
1023 2778 1173 2830 totos
1208 2778 1322 2831 tres
1365 2775 1486 2830 dies
1520 2773 1851 2829 litaniarum

214 2873 355 2928 nihil
385 2871 546 2928 aliud
572 2873 776 2941 agatur
805 2885 912 2924 nec
941 2872 1237 2937 tractetur,
1258 2867 1368 2923 nisi
1391 2869 1506 2923 sola
1535 2867 1759 2923 collatio
1781 2867 1852 2922 de

211 2966 484 3039 mysterio
536 2966 747 3019 sancta:
800 2962 1119 3027 Trinitatis,
1177 2965 1236 3016 et
1285 2962 1356 3018 de
1415 2961 1708 3016 ordinibus
1759 2961 1853 3016 vel

211 3061 403 3126 sacris,
433 3059 529 3114 vel
560 3057 876 3112 officiorum
909 3055 1200 3122 institutis,
1226 3055 1306 3110 ita
1333 3059 1398 3110 ut
1423 3055 1545 3110 haec
1570 3057 1692 3110 tota
1718 3070 1849 3126 par-

214 3157 430 3210 tiantur
453 3169 563 3224 per
591 3154 741 3207 totos
769 3149 893 3205 illos
923 3155 1040 3204 tres
1070 3149 1209 3217 dies,
1241 3153 1306 3204 ut
1339 3148 1482 3203 nihil
1512 3148 1668 3203 aliud
1693 3148 1854 3219 (sicut

213 3249 431 3304 dictum
446 3246 574 3315 est),
591 3244 697 3299 nisi
710 3245 831 3300 sola
843 3242 1082 3314 quaestio
1096 3242 1164 3297 de
1179 3241 1268 3296 his
1279 3257 1408 3314 quas
1419 3241 1688 3313 praedicta
1699 3246 1848 3308 sunt,

213 3341 510 3406 habeatur,
541 3339 623 3393 ita
653 3341 714 3393 ut
736 3337 906 3392 lectio
933 3353 1163 3408 semper
1193 3351 1520 3406 congruens
1551 3335 1758 3404 ordini,
1796 3339 1853 3389 et

211 3450 400 3490 causae
440 3449 570 3504 qua:
610 3430 921 3503 quaerenda
966 3433 1069 3497 est,
1103 3429 1415 3485 antecedat.
1451 3431 1578 3484 Post
1617 3429 1759 3498 haec,
1790 3428 1850 3482 in

215 3533 418 3600 quarto
432 3526 524 3581 die
542 3524 773 3597 reliquas
791 3539 892 3595 per
910 3523 1176 3578 ordinem
1195 3521 1564 3577 admittenda:
1583 3525 1736 3588 sunt,
1751 3520 1852 3575 sic-

216 3640 326 3694 que
359 3635 566 3675 omnes
596 3619 692 3690 qui
720 3618 788 3672 de
818 3616 1098 3688 religiosis
1128 3615 1188 3670 in
1209 3615 1504 3670 retroactis
1525 3614 1725 3669 diebus
1745 3631 1849 3686 pro

218 3712 498 3786 spirituali
521 3710 890 3766 instructione
916 3709 1298 3764 interfuerant
1335 3707 1394 3762 in
1423 3707 1685 3774 concilio,
1711 3707 1850 3762 foris

216 3807 610 3879 egrediantur,
649 3802 1028 3859 residentibus
1069 3801 1354 3872 aliquibus
1400 3800 1744 3872 presbyteris
1791 3800 1851 3855 in

213 3901 476 3967 concilio,
505 3915 648 3970 quos
693 3896 1163 3968 metropolitanus
1198 3895 1524 3966 probaverit
1554 3895 1848 3950 honoran-

215 3997 337 4050 dos.
370 3995 478 4049 Per
512 3991 765 4063 singulos
807 3993 1000 4045 tamen
1036 3989 1166 4043 illos
1193 3994 1308 4043 tres
1338 3989 1456 4044 dies
1482 3987 1849 4059 rogationum

216 4087 566 4153 litaniarum,
595 4083 846 4156 episcopi
870 4084 958 4138 vel
985 4082 1304 4154 presbyteri
1328 4097 1460 4136 cum
1487 4081 1851 4136 admonitore

217 4182 471 4254 primum
500 4177 851 4234 orationibus
880 4193 938 4232 se
965 4177 1346 4247 prosternant.
1377 4174 1584 4246 Sicque
1615 4174 1852 4230 collecta

217 4295 252 4331 a
279 4273 729 4345 metropolitano
769 4271 1026 4326 oratione
1065 4271 1417 4340 consurgant
1461 4271 1519 4322 et
1547 4268 1616 4324 de
1647 4268 1851 4322 divinis

218 4372 444 4424 tantum
473 4368 558 4436 (ut
592 4366 812 4422 dictum
849 4365 952 4435 est)
979 4363 1150 4418 rebus
1187 4362 1546 4418 collationem
1582 4361 1847 4428 habeant,

221 4464 279 4516 in
317 4461 552 4534 reliquis
588 4464 782 4514 autem
817 4457 1034 4525 diebus,
1071 4455 1288 4511 cunctis
1321 4455 1636 4510 astantibus
1666 4454 1848 4510 oratio

1945 529 2163 584 ratione
2192 530 2483 584 communi
2501 530 2781 584 ﬁniuntur
2801 529 3194 601 episcoporum
3218 529 3574 600 singulorum

1946 623 2213 678 manibus
2240 624 2689 692 subscribantur,
2719 625 2799 678 ita
2832 627 3029 678 tamen
3067 625 3133 677 ut
3161 633 3290 677 ante
3319 623 3460 678 duos
3485 624 3571 677 vel

1947 719 2060 772 tres
2085 716 2205 772 dies
2233 734 2404 788 quam
2431 719 2654 774 solvant
2678 717 2974 772 concilium
2998 733 3199 772 omnes
3226 716 3576 772 constitutio-

1946 827 2048 865 nes
2074 828 2108 865 a
2129 827 2186 865 se
2208 810 2388 864 editas
2409 811 2668 881 diligenti
2688 811 3134 866 consideratione
3154 813 3477 878 retractent,
3499 827 3573 864 ne

1947 904 2006 959 in
2046 904 2235 976 aliquo
2266 903 2649 959 offendissent.
2694 907 2852 973 Item,
2885 904 2944 959 in
2985 904 3074 960 die
3112 921 3224 976 quo
3269 903 3572 959 concilium

1946 997 2351 1053 absolvendum
2378 1001 2481 1065 est,
2510 1014 2749 1052 canones
2775 999 2872 1070 qui
2900 999 2960 1054 in
2987 1004 3182 1055 sancta
3204 999 3422 1071 synodo
3445 1001 3578 1068 con§

1948 1092 2128 1146 stituti
2173 1096 2324 1158 sunt,
2355 1107 2549 1146 coram
2592 1092 2826 1146 ecclesia
2861 1093 2918 1146 in
2959 1093 3188 1164 publico
3221 1094 3570 1163 relegantur.

1947 1185 2161 1250 Quibus
2203 1184 2498 1256 explicitis,
2541 1186 2954 1256 respondeatur
2998 1187 3052 1240 in
3100 1187 3276 1240 choro
3319 1202 3332 1240 :
3374 1187 3571 1240 Amen.

1948 1279 2161 1334 Deinde
2193 1279 2266 1333 ad
2298 1280 2488 1333 locum
2524 1279 2847 1348 redeuntes,
2875 1278 2974 1332 ubi
3001 1279 3060 1332 in
3088 1279 3319 1334 concilio
3345 1279 3572 1334 resede-

1949 1378 2102 1442 runt,
2126 1390 2376 1428 canones
2403 1373 2551 1444 ipsos
2577 1372 2951 1428 subscribant.
2973 1372 3328 1427 Admonendi
3352 1388 3576 1443 quoque

1951 1486 1984 1523 a
2009 1467 2454 1538 metropolitano
2486 1470 2620 1520 sunt
2647 1466 2717 1520 de
2747 1467 2960 1520 Pascha
2981 1470 3241 1534 venturo,
3264 1482 3374 1536 quo
3391 1465 3578 1520 veniat

1949 1561 2060 1616 die.
2090 1560 2453 1616 Admonendi
2480 1559 2652 1614 etiam
2693 1563 2826 1614 sunt
2861 1576 2974 1630 quo
3009 1563 3269 1630 tempore
3310 1575 3576 1630 superve-

1949 1654 2130 1709 nienti
2166 1671 2319 1708 anno
2357 1653 2431 1708 ad
2470 1653 2799 1708 faciendum
2847 1652 3149 1708 concilium
3189 1651 3437 1706 veniant.
3466 1652 3576 1706 Eli-

1951 1748 2126 1820 gendi
2156 1747 2329 1802 etiam
2366 1751 2499 1802 sunt
2537 1747 2607 1803 de
2633 1746 2930 1818 episcopis,
2965 1745 3062 1818 qui
3088 1761 3219 1800 cum
3246 1744 3577 1817 metropoli-

1952 1845 2087 1896 tano
2125 1841 2245 1896 dies
2286 1841 2459 1896 festos
2498 1840 2709 1896 Natalis
2739 1839 2965 1896 Domini
3005 1845 3062 1894 et
3084 1843 3342 1894 sanctum
3369 1839 3580 1894 Pascha

1951 1935 2197 1990 debeant
2219 1935 2529 1990 celebrare.
2560 1936 2692 1989 Post
2716 1935 2859 2003 haec,
2887 1933 3114 1988 dicente
3142 1931 3540 1988 archidiacono
3565 1949 3576 1986 :

1950 2030 2130 2093 Orate,
2161 2044 2358 2083 omnes
2383 2028 2556 2082 simul
2596 2029 2654 2082 in
2686 2031 2836 2084 terra
2866 2027 3079 2099 pariter
3107 2044 3166 2082 se
3197 2030 3578 2098 prosternant,

1949 2122 2050 2178 ubi
2103 2121 2418 2177 diutissime
2468 2125 2719 2190 orantes,
2763 2122 2912 2176 hanc
2957 2138 3106 2178 unus
3150 2137 3218 2177 ex
3268 2119 3581 2192 majoribus

1951 2216 2272 2272 orationem
2299 2216 2474 2272 dicat:

2662 2288 2864 2344 Oratio.

2023 2405 2184 2461 Nulla
2226 2408 2328 2472 est,
2383 2403 2644 2471 Domiue,
2688 2404 2954 2459 humanae
2997 2405 3362 2460 conscientiae
3409 2405 3584 2461 virtus

1953 2517 2081 2573 quae
2103 2498 2381 2555 inoffense
2402 2497 2581 2570 possit
2601 2501 2714 2552 tuae
2731 2497 3039 2553 voluntatis
3051 2499 3271 2570 judicia
3287 2501 3580 2570 expedire,

1953 2604 2010 2654 et
2027 2598 2154 2654 ideo
2173 2596 2307 2669 quia
2327 2596 2730 2668 imperfectum
2749 2598 3006 2650 nostrum
3021 2596 3289 2652 viderunt
3309 2597 3456 2652 oculi
3478 2598 3580 2666 tui,

1951 2690 2292 2764 perfectioni
2317 2689 2546 2761 deputa,
2579 2705 2930 2761 quaesumus,
2961 2705 3089 2761 quae
3118 2689 3371 2761 perfecto
3400 2691 3580 2761 aequi-

1954 2785 2082 2841 tatis
2101 2785 2216 2839 fine
2245 2782 2589 2838 concludere
2619 2787 3008 2854 peroptamus.
3033 2784 3107 2837 Te
3129 2783 3187 2838 in
3206 2781 3413 2838 nostris
3433 2783 3585 2855 prin-

1953 2879 2114 2951 cipiis
2141 2893 2499 2934 occursorem
2517 2876 2896 2948 poposcimus.
2921 2880 2977 2931 te
3006 2893 3232 2949 quoque
3255 2877 3314 2931 in
3337 2878 3448 2932 hoc
3469 2877 3583 2932 fine

1947 2973 2294 3044 judiciorum
2324 2974 2652 3026 nostrorum
2685 2970 3006 3025 excessibus
3033 2971 3226 3026 adesse
3255 2988 3582 3042 precamur,

1955 3067 2184 3134 scilicet,
2203 3069 2268 3120 ut
2298 3063 2636 3136 ignorantiae
2656 3081 2870 3135 parcas,
2890 3067 2952 3118 ut
2972 3064 3152 3120 errori
3177 3065 3494 3137 indulgeas,
3527 3070 3587 3121 ut

1953 3159 2218 3233 perfectis
2236 3159 2378 3213 votis
2406 3157 2720 3230 perfectam
2749 3157 2937 3229 operis
2963 3159 3271 3214 efficaciam
3301 3159 3580 3231 largiaris.

1957 3257 2020 3310 Et
2045 3255 2177 3326 quia
2204 3252 2549 3308 conscientia
2591 3251 2958 3306 remordente
2993 3252 3358 3319 tabescimus,
3390 3270 3462 3308 ne
3486 3258 3585 3308 aut

1953 3347 2281 3420 ignorantia
2307 3362 2412 3401 nos
2438 3345 2673 3400 traxerit
2691 3345 2750 3399 in
2779 3362 3054 3413 errorem,
3079 3351 3178 3402 aut
3203 3363 3456 3418 praeceps
3474 3347 3586 3402 for-

1955 3441 2102 3496 sitan
2126 3442 2390 3496 voluntas
2420 3438 2718 3510 impulerit
2733 3438 3016 3508 justitiam
3043 3439 3352 3508 declinare,
3385 3441 3456 3495 ob
3474 3441 3584 3496 hoc

1952 3539 2010 3589 te
2047 3535 2358 3606 poscimus,
2397 3537 2451 3587 te
2492 3547 2781 3602 rogamus,
2825 3536 2886 3586 ut
2919 3532 2964 3586 si
3003 3532 3139 3602 quid
3170 3533 3496 3588 offensionis
3523 3534 3581 3588 in

1954 3630 2061 3684 hac
2092 3626 2313 3683 concilii
2346 3625 2626 3680 celebrate
2653 3625 3006 3692 attraximus,
3037 3625 3361 3680 condonare
3389 3643 3455 3680 ac
3485 3643 3578 3681 re-

1955 3721 2224 3777 missibile
2273 3721 2455 3775 facere
2503 3718 2778 3790 digneris,
2823 3721 2884 3772 ut
2930 3718 2987 3773 in
3038 3735 3103 3774 eo
3151 3719 3303 3791 quod
3342 3720 3579 3776 soluturi

1954 3833 2149 3872 sumus
2190 3815 2571 3886 aggregatum
2623 3811 2944 3880 concilium,
2991 3829 3026 3866 a
3068 3811 3284 3867 cunctis
3331 3813 3580 3884 primum

1954 3910 2312 3966 absolvamur
2343 3911 2665 3962 nostrorum
2690 3905 2927 3962 nexibus
2953 3905 3310 3974 delictorum,
3338 3906 3582 3979 qualiter

1953 4009 2010 4058 et
2059 4007 2504 4074 transgressores
2548 3999 2733 4065 venia,
2774 4002 2830 4054 et
2868 4000 3204 4055 conﬁtentes
3241 4000 3345 4055 tibi
3385 4001 3578 4056 subse-

1953 4102 2159 4169 quatur
2184 4093 2566 4153 remuneratio
2597 4093 2963 4164 sempiterna.

2024 4190 2160 4245 Huic
2204 4188 2450 4244 orationi
2497 4188 2677 4243 oratio
2717 4190 2880 4243 Pater
2913 4191 3092 4243 noster
3123 4185 3489 4258 adiungatur,
3525 4190 3581 4242 et

1953 4284 2168 4340 cunctis
2188 4283 2373 4339 adhuc
2389 4281 2732 4355 jacentibus,
2756 4281 2875 4336 haac
2901 4279 3224 4336 benedictio
3243 4280 3576 4353 explicetur.

2603 4420 2923 4476 Benedictio.

213 4555 536 4628 colligenda
562 4556 668 4620 est,
694 4557 752 4607 et
777 4551 854 4605 sic
881 4549 1244 4606 considentes
1273 4565 1572 4604 causarum
1596 4549 1847 4620 negotia,
1869 4551 1929 4626 D
2024 4544 2276 4601 Christus
2306 4544 2407 4598 Dei
2441 4542 2628 4610 Filius,
2657 4541 2756 4614 qui
2789 4544 2874 4596 est
2899 4539 3126 4596 initium
3156 4545 3213 4595 et
3238 4539 3386 4608 finis,
3417 4558 3576 4597 com-

204 4651 356 4721 juste
389 4652 446 4704 et
469 4647 737 4718 religiose
765 4644 1058 4716 colligant.
1087 4643 1282 4698 Nullus
1324 4645 1517 4697 tamen
1553 4643 1845 4709 tumultus,

212 4749 313 4799 aut
347 4743 496 4797 inter
539 4739 910 4805 conﬁdentes,
939 4741 1039 4792 aut
1078 4737 1230 4791 inter
1270 4739 1521 4791 astantes
1547 4736 1845 4790 habeatur.

213 4837 427 4892 Eodem
475 4839 672 4889 tamen
717 4832 912 4898 modo,
943 4831 1262 4902 eodemque
1305 4829 1508 4884 ordine
1549 4830 1622 4884 ad
1661 4829 1846 4884 conci-

211 4930 352 4984 lium
402 4944 601 4983 omnes
650 4943 757 4998 per
808 4924 1062 4995 singulos
1110 4924 1231 4979 dies
1274 4922 1692 4994 ingrediantur,
1735 4939 1848 4994 quo

213 5021 470 5094 superius
484 5022 608 5092 jam
630 5019 989 5090 praamissum
1009 5019 1111 5073 est.
1135 5017 1280 5072 Nam
1306 5016 1412 5072 etsi
1431 5015 1751 5087 presbyteri
1767 5031 1851 5068 re-

217 5115 350 5186 liqui
377 5118 477 5169 aut
495 5112 744 5179 diaconi,
768 5110 956 5166 clerici
977 5111 1093 5164 sive
1117 5111 1246 5165 laici
1267 5111 1337 5165 de
1359 5109 1450 5164 his
1466 5108 1565 5180 qui
1584 5108 1722 5163 foris
1744 5112 1852 5164 ste-

216 5213 423 5275 terunt,
453 5206 760 5262 concilium
787 5221 893 5277 pro
924 5203 1178 5275 qualibet
1199 5220 1259 5258 re
1280 5201 1626 5258 crediderint
1650 5202 1848 5274 appel-

216 5303 467 5369 landum,
500 5299 765 5355 Ecclesiae
791 5297 1248 5369 metropolitanae
1289 5295 1689 5351 archidiacono
1717 5311 1846 5350 cau-

217 5413 336 5451 sam
363 5411 534 5452 suam
560 5393 850 5460 intiment,
884 5395 942 5447 et
967 5392 1060 5446 ille
1093 5390 1332 5446 concilio
1359 5389 1678 5445 denuntiet.
1697 5389 1852 5444 Tunc

218 5489 318 5543 illis
346 5494 403 5544 et
428 5486 760 5543 introeundi
788 5484 1123 5555 singulatim
1149 5488 1205 5540 et
1233 5483 1599 5555 proponendi
1624 5481 1855 5538 licentia

216 5582 572 5638 concedatur.
603 5580 801 5635 Nullus
829 5583 1024 5634 autem
1049 5594 1448 5650 episcoporum
1471 5594 1505 5631 a
1523 5579 1670 5632 ccetu
1699 5593 1852 5632 com-

219 5675 372 5731 muni
401 5675 649 5746 secedat,
678 5676 989 5746 antequam
1034 5673 1176 5728 hora
1205 5671 1492 5744 generalis
1523 5670 1854 5727 secessionis

219 5769 504 5825 adveniat.

284 5863 605 5919 Concilium
661 5875 890 5934 quoque
946 5861 1134 5916 nullus
1183 5859 1403 5916 solvere
1453 5857 1686 5930 audeat,
1746 5857 1853 5915 nisi

1949 4640 2309 4711 plementum
2349 4635 2504 4691 vobis
2541 4636 2750 4690 tribuat
2794 4633 3106 4689 charitatis.
3133 4636 3337 4689 Amen.
3371 4635 3438 4688 Et
3482 4636 3577 4706 qui

1951 4750 2050 4788 vos
2091 4732 2161 4786 ad
2205 4729 2578 4801 expletionem
2621 4729 2791 4799 hujus
2842 4727 2974 4782 fecit
3013 4726 3309 4798 pervenire
3351 4728 3578 4784 concilii

1951 4827 2240 4882 absolutos
2281 4840 2381 4878 vos
2427 4821 2639 4877 efﬁciat
2682 4821 2753 4876 ab
2793 4819 2947 4875 omni
2987 4819 3329 4890 contagione
3370 4821 3574 4878 delicti.

1953 4924 2152 4976 Amen.
2185 4919 2254 4972 Et
2282 4916 2352 4972 ab
2386 4917 2547 4971 omni
2583 4919 2744 4970 reatu
2779 4913 3071 4970 liberiores
3099 4913 3305 4983 effecti,
3335 4915 3580 4972 absoluti

1953 5013 2128 5069 etiam
2156 5028 2260 5084 per
2287 5011 2504 5066 donum
2546 5009 2786 5082 Spiritus
2827 5008 3025 5075 sancti,
3055 5007 3207 5063 felici
3240 5008 3433 5064 reditu
3463 5027 3581 5064 ves-

1953 5111 2172 5163 trarum
2197 5105 2420 5160 sedium
2446 5103 2659 5159 cubilia
2685 5100 2948 5173 repetatis
2980 5100 3166 5156 illaesi.
3192 5103 3398 5159 Amen.
3421 5105 3580 5170 Quod

1950 5199 2070 5272 ipse
2100 5202 2373 5271 praestare
2399 5197 2683 5268 dignetur,
2715 5194 2875 5265 cujus
2911 5211 3157 5266 regnum
3184 5198 3241 5251 et
3267 5195 3575 5270 imperium

1953 5297 2252 5364 permanet
2275 5291 2335 5346 in
2369 5292 2574 5347 saecula
2598 5288 2955 5344 saeculorum.
2987 5289 3192 5344 Amen.

2025 5386 2239 5451 Quibus
2279 5385 2534 5456 expletis,
2568 5399 2699 5438 cum
2731 5382 2947 5438 dictum
2981 5381 3158 5438 fuerit
3192 5383 3263 5439 ab
3295 5385 3578 5440 archidia-

1953 5497 2097 5536 cono
2126 5496 2138 5534 :
2170 5481 2244 5534 In
2277 5481 2491 5534 nomine
2529 5478 2743 5534 Domini
2780 5478 2956 5533 nostri
2987 5479 3114 5532 Jesu
3149 5477 3369 5543 Christi,
3401 5495 3582 5535 eamus

1953 5591 2072 5630 cum
2088 5588 2245 5643 pace,
2265 5587 2463 5627 omnes
2488 5571 2640 5626 illico
2655 5570 2869 5642 pariter
2886 5573 3272 5644 exsurgentes,
3292 5572 3580 5627 residente

1953 5665 2386 5738 metropolitano
2423 5663 2493 5720 ab
2531 5664 2653 5736 ipso
2688 5663 2941 5736 primum
2965 5664 3294 5736 incipiente,
3324 5666 3580 5719 osculum

1954 5762 2058 5817 sibi
2093 5760 2332 5815 invicem
2360 5775 2558 5815 omnes
2582 5757 2798 5830 pariter
2822 5759 3056 5815 dabunt.
3081 5759 3284 5829 Sicque
3311 5758 3444 5814 data
3473 5758 3580 5815 sibi

1956 5855 2197 5913 invicem
2228 5870 2387 5927 pace,
2415 5857 2725 5911 conventus
2753 5851 2977 5908 concilii
3003 5852 3342 5907 absolvatur.
