4068 6310
507 354 568 405 15
1385 343 1667 399 ΑΡΡΕΜ).
1707 341 1795 396 AD
1832 340 1994 396 SA‘LC.
2038 339 2113 394 IX.

2264 337 2508 394 lSlDORl
2548 335 2975 394 MERCATORIS
3800 341 3865 393 16

1003 454 1190 510 Oratio
1220 452 1332 508 diei
1367 451 1626 507 secundm.
2153 459 2210 532 Α
2765 445 2951 501 Oratio
2985 443 3096 500 diei
3131 446 3319 500 tertia.

573 551 907 604 Nostrorum
953 546 1074 617 tibi,
1126 546 1388 615 Domine,
1426 546 1722 598 curvantes
1766 557 1955 613 genua
2009 557 2126 595 cor-
2303 541 2383 596 Ad
2423 543 2501 606 te,
2529 539 2787 609 Domine,
2816 538 3028 593 interni
3066 537 3327 593 clamoris
3370 537 3597 593 vocibus
3640 539 3863 610 procla-

501 644 682 713 dium,
711 657 1066 714 qumsumus,
1098 645 1162 696 ut
1184 640 1396 694 bonum
1425 637 1577 709 quod
1606 635 1772 691 nobis
1802 653 1835 690 a
1864 638 1918 690 te
1945 635 2132 706 requi—
2232 638 2471 702 mentes,
2498 632 2849 688 unanimiter
2877 633 3256 703 postulamus,
3285 634 3348 686 ut
3373 634 3634 704 respectu
3662 633 3865 703 gratim

501 738 647 792 ritur
674 751 1071 807 exsequamur,
1102 737 1167 788 ut
1193 734 1458 804 prompta
1492 747 1721 801 semper
1749 727 2129 784 sollicitudine
2229 732 2340 782 tuae
2371 727 2615 795 solidati,
2639 743 2930 798 praecones
2956 726 3177 780 virtutis
3205 729 3321 780 tuaa
3347 725 3668 781 efﬁciamur
3692 725 3864 782 intre-

502 830 847 902 gradientes,
879 827 1234 883 discretionis
1270 825 1463 880 ardua
1503 823 1707 878 subtile
1729 822 2014 894 judicium
2045 822 2128 876 fa-
2229 820 2371 892 pidi,
2402 825 2685 894 tuumque
2716 820 3003 876 valeamus
3032 819 3272 876 verbum
3306 836 3437 875 cum
3472 819 3628 876 omni
3655 819 3862 875 ﬁducia

501 924 743 991 ciamus,
773 939 838 977 ac
865 919 1314 976 misericordiam
1344 917 1646 990 diligentes
1676 916 1991 972 clareamus
2019 917 2132 970 stu-
2230 914 2406 986 loqui.

503 1017 610 1072 diis
642 1016 742 1072 tibi
770 1015 990 1088 placitae
1023 1013 1278 1069 actionis.

1155 1317 1253 1390 '2
1327 1321 1819 1403 INCIPIUNT
1901 1318 2337 1402 CANONES
2417 1317 3167 1415 APOSTOLORUM,

1621 1488 1732 1531 PER
1776 1485 2147 1531 CLEMENTEM
2193 1482 2399 1528 PAPAM
2442 1482 2726 1530 PROLATI.

1961 1628 2388 1641 ———————...

566 1751 691 1804 CAP.
725 1751 762 1802 Ι.
808 1747 1113 1820 Episcopus
1146 1765 1178 1802 a
1225 1747 1444 1802 duobus
1484 1752 1581 1801 aut
1623 1746 1802 1800 tribus
1845 1745 2198 1828 episcopisB
2223 1759 2548 1816 suspensus,
2596 1761 2693 1798 seu
2748 1743 3206 1809 communicans,
3248 1743 3320 1798 ad
3365 1743 3533 1798 aliam
3583 1747 3858 1814 properet

497 1841 811 1897 ordinetur.
2224 1839 2531 1905 civitatem,
2583 1842 2641 1892 et
2689 1837 3026 1909 suspiciatur
3068 1840 3304 1908 propter
3353 1835 3856 1892 commendatitias

563 1935 624 1988 Il.
657 1934 959 2007 Presbyter
996 1934 1067 1989 ab
1115 1950 1228 1990 uno
1266 1934 1532 2006 episcopo
1568 1932 1886 1999 ordinetur,
1919 1935 1975 1987 et
2007 1931 2123 1986 dia-
2222 1932 2458 2000 litteras,
2493 1935 2550 1986 et
2592 1932 2692 2004 qui
2736 1933 3128 2002 susceperunt,
3167 1935 3225 1985 et
3268 1930 3366 2001 qui
3417 1931 3710 2001 susceptus
3747 1934 3852 1996 est,

493 2043 672 2082 conus
696 2032 753 2083 et
780 2027 983 2100 reliqui
1010 2027 1219 2083 clerici.
2223 2025 2620 2081 communione
2665 2025 2980 2097 priventur.
3015 2022 3516 2078 Excommunicato
3548 2039 3681 2078 vero
3720 2039 3855 2094 pro-

560 2122 642 2175 ΠΙ.
681 2121 737 2176 Si
766 2121 892 2193 quis
923 2121 1222 2192 episcopus
1262 2125 1362 2175 aut
1393 2120 1693 2192 presbyter
1722 2123 1931 2190 praeter
1965 2118 2117 2173 ordi-
2223 2119 2424 2174 teletur
2456 2120 2575 2192 ipsa
2613 2119 2914 2190 correptio,
2943 2122 3211 2190 tanquam
3253 2116 3349 2188 qui
3381 2116 3651 2172 mentitus
3678 2116 3770 2184 sit,
3799 2122 3857 2172 et

493 2215 790 2270 nationem
817 2214 1058 2282 Domini,
1091 2213 1200 2269 alia
1231 2213 1496 2286 quaedam
1523 2213 1583 2268 in
1614 2212 1888 2268 sacrificio
1919 2210 2123 2266 offerat
2221 2212 2528 2267 Ecclesiam
2559 2212 2656 2268 Dei
2688 2211 2926 2268 seduxit.

493 2323 664 2379 super
699 2309 896 2378 altare,
933 2307 990 2363 id
1029 2310 1133 2376 est,
1165 2309 1264 2361 aut
1300 2307 1433 2375 mel,
1465 2309 1562 2361 aut
1596 2306 1706 2374 lac,
1738 2311 1836 2361 aut
1863 2322 1965 2377 pro
1991 2304 2120 2359 vino
2288 2308 2420 2362 XIV.
2444 2306 2716 2378 Episcopo
2741 2322 2858 2360 non
2887 2306 3021 2360 licet
3044 2305 3213 2360 aliam
3242 2305 3594 2376 parochiam,
3623 2305 3856 2376 propria

493 2401 751 2470 siceram,
781 2407 836 2457 et
862 2401 1124 2456 confecta
1147 2400 1434 2472 quaedam,
1463 2401 1560 2456 aut
1586 2399 1855 2468 volatilia,
1877 2402 1976 2454 aut
2003 2397 2120 2452 ani-
2219 2400 2438 2468 relicta,
2461 2399 2797 2471 pervadere,
2820 2398 2954 2454 licet
2973 2404 3207 2470 cogatur
3224 2415 3258 2452 a
3275 2397 3556 2470 plurimis,
3577 2397 3686 2453 nisi
3705 2399 3854 2454 forte
3879 2448 3888 2452 -

489 2495 663 2552 malia
704 2495 990 2567 quaedam,
1033 2497 1134 2549 aut
1175 2493 1489 2565 legumina,
1526 2496 1728 2549 contra
1765 2491 2118 2548 constitutio-
2219 2492 2346 2564 quis
2373 2508 2509 2547 eum
2540 2491 2865 2547 rationabili
2897 2509 3065 2547 causa
3095 2490 3419 2563 compellat,
3449 2495 3726 2562 tanquam
3754 2492 3856 2563 qui

490 2605 627 2645 nem
654 2587 886 2644 Domini
926 2587 1158 2654 faciens,
1198 2603 1452 2658 congruo
1488 2590 1738 2658 tempore
1775 2586 2114 2658 deponatur.
2219 2585 2397 2656 possit
2430 2586 2646 2640 ibidem
2685 2585 3004 2641 constitutis
3050 2585 3179 2657 plus
3220 2585 3364 2640 lucri
3390 2584 3674 2652 conferre,
3709 2583 3856 2639 etin

557 2684 641 2737 IV.
674 2681 872 2737 Offerri
903 2697 1022 2736 non
1049 2680 1215 2736 liceat
1239 2679 1456 2751 aliquid
1477 2681 1551 2734 ad
1573 2682 1750 2735 altare
1771 2684 1982 2751 praeter
2006 2695 2115 2734 no-
2219 2694 2386 2733 causa
2416 2678 2713 2750 religionis
2740 2678 2958 2752 aliquid
2985 2678 3271 2749 profectus
3291 2676 3632 2748 prospicere.
3656 2678 3724 2732 Et
3745 2677 3856 2732 hoc

487 2792 584 2830 vas
614 2773 816 2846 spicas,
847 2777 907 2828 et
931 2789 1070 2828 uvas
1100 2776 1159 2827 et
1182 2775 1373 2828 oleum
1393 2772 1468 2827 ad
1494 2772 1887 2842 luminarium,
1910 2777 1966 2828 et
1985 2774 2114 2844 thy-
2219 2787 2335 2826 non
2367 2789 2401 2826 a
2427 2773 2731 2844 semetipso
2757 2774 3062 2844 pertentet,
3091 2772 3190 2826 sed
3222 2772 3530 2826 multorum
3560 2772 3856 2844 episcopo-

489 2868 721 2935 miama,
759 2866 817 2922 id
842 2870 927 2922 est
963 2867 1278 2936 incensum,
1308 2869 1568 2937 tempore
1609 2883 1721 2938 quo
1760 2882 1922 2921 sacra
1967 2867 2114 2922 cele-
2216 2881 2347 2920 rum
2367 2864 2587 2935 judicio
2618 2869 2675 2922 et
2704 2865 2955 2920 maxima
2986 2864 3398 2936 supplicatione
3425 2865 3702 2936 perﬁciat.

487 2961 688 3016 bratur
713 2959 946 3015 oblatio.
2288 2959 2395 3014 XV.
2429 2958 2490 3014 Si
2519 2960 2645 3030 quis
2685 2959 2984 3030 presbyter
3025 2961 3124 3013 aut
3159 2958 3451 3026 diaconus,
3483 2962 3583 3013 aut
3611 2958 3859 3031 quilibet

556 3056 620 3110 V.
653 3054 889 3126 Reliqua
912 3069 1083 3124 poma
1103 3054 1296 3108 omnia
1324 3054 1397 3107 ad
1426 3052 1662 3108 domum
1696 3052 1963 3124 primitiae
1992 3053 2131 3125 epi-_
2155 3121 2189 3126 ι
2217 3051 2288 3106 de
2329 3068 2575 3108 numero
2618 3051 2957 3108 clericorum
3000 3051 3330 3123 relinquens
3357 3051 3651 3123 propriam
3675 3068 3855 3123 paro-

486 3163 657 3218 scopo
699 3151 756 3202 et
792 3121 1141 3218 presbyteris
1183 3147 1523 3218 dirigantur,
1563 3161 1669 3202 nec
1697 3121 2116 3202 offerantur-in
2138 3121 2192 3196 (ἶ
2219 3145 2406 3200 chiam
2434 3150 2639 3218 pergat
2667 3146 2740 3201 ad
2766 3145 3014 3201 alienam
3046 3148 3104 3199 et
3122 3121 3693 3217 omnino—demigrat,
3709 3161 3858 3216 prae-

485 3239 674 3295 altari.
697 3241 928 3296 Certum
961 3244 1047 3294 est
1070 3242 1262 3294 autem
1299 3240 1454 3311 quod
1484 3239 1778 3312 episcopus
1810 3243 1868 3296 et
1892 3240 2120 3313 presby—
2217 3242 2307 3295 ter
2332 3239 2583 3311 episcopi
2609 3239 2695 3294 sui
2725 3238 3135 3294 conscientiam
3174 3241 3238 3293 ut
3276 3239 3334 3293 in
3365 3238 3553 3293 aliena
3581 3239 3858 3310 parochia

485 3333 594 3389 teri
636 3333 894 3388 dividant
930 3332 1182 3388 diaconis
1223 3337 1282 3388 et
1321 3333 1557 3406 reliquis
1595 3333 1832 3388 clericis.
2218 3335 2622 3401 commoretur,
2647 3333 2801 3388 hunc
2834 3332 3069 3388 ulterius
3089 3331 3414 3386 ministrare
3435 3347 3549 3384 non
3569 3329 3854 3401 patimur,

556 3427 639 3480 VI.
675 3426 978 3498 Episcopus
1023 3429 1122 3480 aut
1179 3425 1477 3498 presbyter
1530 3442 1764 3481 uxorem
1820 3426 2116 3498 propriam
2218 3425 2506 3499 praecipue
2537 3425 2583 3481 si
2615 3429 2842 3481 vocatus
2873 3425 2944 3481 ab
2971 3425 3236 3497 episcopo
3266 3424 3455 3480 redire
3485 3427 3852 3494 contempse-

484 3534 846 3592 nequaquam
875 3519 979 3573 sub
1013 3519 1250 3575 obtentu
1281 3519 1576 3592 religionis
1606 3502 1854 3591 abjiciat.
1890 3520 1950 3575 Si
1979 3537 2114 3576 vero
2218 3519 2309 3588 rit,
2339 3520 2399 3574 in
2445 3537 2547 3575 sua
2591 3519 2984 3592 inquietudine
3020 3533 3408 3589 perseverans,
3445 3520 3851 3574 verumtamen

481 3613 766 3684 rejecerit,
793 3613 1344 3682 excommunicetur,
1364 3613 1463 3669 sed
1485 3616 1541 3669 et
1565 3614 1613 3669 si
1638 3615 2111 3686 perseveraverit,
2217 3616 2491 3684 tanquam
2519 3613 2694 3669 laicus
2721 3613 2800 3668 ibi
2821 3611 3218 3666 communicet.

484 3705 802 3776 dejiciatur.
2284 3707 2414 3760 XVI.
2465 3705 2770 3776 Episcopus
2815 3721 2948 3759 vero
2997 3702 3149 3774 apud
3190 3718 3363 3774 quem
3420 3707 3666 3759 moratos
3721 3723 3853 3762 esse

553 3799 658 3851 VII.
691 3796 1017 3868 EpiscOpus,
1065 3802 1164 3852 aut
1204 3796 1522 3868 presbyter,
1563 3803 1662 3854 aut
1699 3798 1972 3855 diaconus
2012 3816 2110 3857 ne-
2213 3797 2547 3867 constiterit,
2577 3798 2622 3853 si
2648 3802 2841 3853 contra
2881 3813 2976 3851 eos
3015 3796 3299 3852 decretam
3337 3797 3709 3854 cessationem
3739 3817 3852 3871 pro

483 3905 770 3961 quaquam
795 3891 1096 3947 saeculares
1119 3906 1285 3947 curas
1311 3894 1588 3958 assumat;
1621 3892 1708 3947 sin
1734 3896 1943 3963 autem,
1974 3894 2113 3966 deji-
2213 3891 2395 3947 nihilo
2422 3895 2715 3963 reputans,
2749 3894 3027 3962 tanquam
3053 3888 3283 3945 clericos
3318 3891 3467 3947 forte
3507 3893 3848 3964 susceperit,

484 3983 690 4038 ciatur.
2213 3986 2365 4041 velut
2389 3983 2664 4055 magister
2688 3983 3102 4055 inquietudinis
3130 3985 3537 4041 communione
3565 3985 3845 4058 privetur.

551 4076 687 4132 VIII.
720 4075 778 4132 Si
804 4075 931 4148 quis
963 4076 1280 4150 episcopus,
1309 4081 1410 4134 aut
1448 4079 1761 4152 presbyter,
1795 4083 1894 4134 aut
1922 4079 2107 4134 diaco-
2283 4079 2433 4134 XVH.
2467 4077 2524 4132 Si
2569 4076 2696 4148 quis
2742 4079 2868 4148 post
2905 4076 3188 4147 baptisma
3223 4078 3484 4134 secundis
3527 4077 3702 4133 fuerit
3726 4095 3841 4134 nu-

478 4185 589 4225 nus
630 4171 889 4226 sanctum
929 4171 1159 4227 Paschae
1189 4171 1342 4227 diem
1380 4175 1514 4228 ante
1546 4175 1775 4230 vernale
1821 4172 2106 4245 aaquinoc-
2212 4172 2342 4244 ptiis
2370 4171 2685 4243 copulatus,
2719 4172 2818 4224 aut
2851 4170 3229 4226 concubinam
3264 4171 3552 4239 habuerit,
3586 4188 3699 4226 non
3737 4189 3846 4243 po-

478 4262 626 4320 tium
650 4279 782 4319 cum
806 4263 1016 4320 Iudaeis
1041 4264 1434 4336 celebraverit,
1465 4266 1787 4338 abjiciatur.
2208 4269 2319 4320 test
2346 4280 2468 4320 esse
2502 4263 2816 4335 episcopus,
2845 4279 2948 4318 nec
2973 4264 3289 4336 presbyter,
3313 4269 3411 4320 aut
3430 4264 3720 4334 diaconus,
3743 4270 3851 4320 aut

548 4357 634 4413 IX.
660 4356 718 4413 Si
739 4357 866 4429 quis
890 4357 1207 4432 episcopus,
1236 4363 1334 4415 aut
1359 4359 1670 4431 presbyter,
1694 4363 1793 4414 aut
1818 4358 2106 4427 diaconus,
2209 4374 2440 4430 prorsus
2466 4373 2531 4414 ex
2563 4373 2803 4414 numero
2828 4358 3056 4414 illorum
3088 4357 3186 4429 qui
3209 4356 3530 4413 ministerio
3556 4374 3714 4413 sacro
3747 4358 3846 4415 de-

479 4451 565 4506 vel
593 4450 833 4524 quilibet
858 4467 929 4507 ex
955 4452 1294 4508 sacerdotali
1330 4452 1584 4523 catalogo
1618 4451 1771 4507 facta
1799 4451 2104 4520 oblatione,
2127 4487 2187 4562 D
2210 4451 2483 4507 serviunt.

475 4561 593 4601 non
626 4545 1153 4614 communicaverit,
1190 4548 1288 4600 aut
1323 4561 1551 4600 causam
1583 4544 1733 4600 dicat
1767 4544 1830 4612 (si
1857 4544 2183 4600 rationa-"
2279 4546 2450 4602 XVIII.
2481 4545 2537 4601 Si
2585 4545 2710 4618 quis
2751 4545 2978 4602 viduam
3022 4548 3080 4600 et
3120 4546 3363 4616 cjectam
3405 4546 3701 4617 acceperit,
3742 4553 3850 4604 aut

474 4637 604 4694 bilis
631 4640 822 4708 fuerit,
853 4639 1078 4694 veniam
1107 4637 1506 4710 consequatur)
1531 4641 1632 4692 aut
1660 4639 1707 4692 si
1740 4654 1858 4694 non
1883 4637 2107 4706 dixerit,
2211 4639 2596 4710 meretricem,
2628 4643 2726 4695 aut
2761 4640 3048 4707 ancillam,
3080 4640 3166 4695 vel
3193 4639 3443 4711 aliquam
3483 4639 3552 4692 de
3583 4640 3671 4694 his
3713 4657 3847 4712 quae

475 4733 880 4788 communione
922 4733 1195 4804 privetur,
1231 4735 1509 4803 tanquam
1552 4731 1648 4803 qui
1684 4732 1898 4802 populo
1939 4748 2109 4786 causa
2210 4732 2453 4805 publicis
2493 4734 2825 4806 spectaculis
2872 4733 3290 4804 mancipantur,
3333 4748 3447 4786 non
3485 4736 3676 4804 potest
3717 4751 3846 4792 esse

473 4822 718 4879 lassionis
746 4826 1045 4894 exstiterit,
1077 4826 1221 4880 dans
1243 4824 1623 4895 suspicionem
1644 4825 1714 4880 de
1738 4841 1804 4879 eo
1830 4824 1926 4897 qui
1945 4825 2110 4880 sacri-
2213 4826 2528 4899 episcopus,
2566 4832 2663 4882 aut
2703 4826 3019 4899 presbyter,
3064 4829 3163 4879 aut
3201 4825 3493 4893 diaconus,
3526 4829 3627 4882 aut
3666 4843 3734 4881 ex
3767 4844 3841 4884 eo

472 4917 683 4985 Ilcavit,
715 4919 871 4989 quod
899 4925 1047 4975 recte
1077 4935 1190 4973 non
1219 4917 1504 4972 obtulerit.
2208 4935 2449 4976 numero
2476 4921 2573 4993 qui
2603 4918 2921 4975 ministerio
2947 4934 3101 4972 sacro
3129 4918 3477 4974 deserviunt.

543 5013 606 5066 X.
638 5009 849 5065 Omnes
891 5011 1086 5067 ﬁdeles
1135 5011 1235 5085 qui
1282 5009 1687 5081 ingrediuntur
1725 5010 2019 5066 ecclesiam
2051 5018 2108 5068 et
2276 5015 2406 5072 XIX.
2427 5013 2536 5078 Qui
2561 5014 2697 5069 duas
2723 5013 2781 5066 in
2808 5010 3143 5081 conjugium
3172 5027 3398 5067 sorores
3419 5013 3721 5084 acceperit,
3747 5016 3839 5070 vel

473 5103 793 5175 Scripturas
819 5104 1078 5173 audiunt,
1106 5123 1225 5162 non
1267 5108 1460 5161 autem
1489 5108 1854 5176 perseverant
1881 5105 1939 5160 in
1973 5123 2100 5163 ora-
2204 5107 2382 5162 ﬁliam
2421 5107 2635 5174 fratris,
2667 5104 2906 5160 clericus
2934 5120 3053 5159 esse
3079 5121 3194 5160 non
3222 5105 3452 5177 poterit.

472 5197 646 5266 tione,
678 5213 788 5251 nec
811 5201 1066 5252 sanctam
1097 5197 1564 5253 communionem
1589 5196 1931 5269 percipiunt,
1955 5201 2101 5256 velut
2274 5202 2380 5257 XX.
2418 5199 2666 5256 Clericus
2715 5179 3172 5270 ﬁdejussionibus
3221 5198 3554 5268 inserviens,
3597 5200 3834 5271 abjicia-

471 5289 901 5362 inquietudines
922 5291 1181 5347 Ecclesiae
1203 5293 1648 5359 commoventes,
1669 5293 1934 5349 convenit
1954 5311 2103 5350 com-
2206 5298 2320 5349 tur.

470 5381 750 5437 munione
783 5383 1014 5454 privari.
2274 5388 2404 5443 XXI.
2452 5383 2758 5442 Eunuchus
2807 5385 2851 5440 si
2896 5401 2999 5457 per
3035 5385 3270 5441 insidias
3310 5385 3611 5441 hominum
3651 5387 3838 5444 factus

538 5477 623 5531 XI.
658 5475 713 5532 Si
744 5477 869 5549 quis
895 5493 1025 5532 cum
1057 5476 1558 5531 excommunicato
1588 5479 1790 5535 saltem
1826 5481 1886 5535 in
1928 5482 2098 5536 domo
2199 5483 2302 5548 est,
2324 5480 2412 5535 vel
2431 5479 2478 5534 si
2503 5479 2562 5534 in
2589 5478 2982 5550 persecutione
3009 5479 3129 5551 ejus
3159 5484 3292 5534 sunt
3311 5482 3604 5551 amputata
3625 5481 3832 5550 virilia,

465 5567 636 5624 simul
665 5570 930 5639 oraverit,
962 5571 1066 5627 iste
1091 5569 1496 5626 communione
1522 5572 1794 5644 privetur.
2198 5575 2285 5628 vel
2323 5571 2369 5627 si
2410 5571 2490 5627 ita
2525 5577 2691 5628 natus
2729 5575 2813 5629 est
2851 5578 2908 5630 et
2937 5575 3020 5630 est
3046 5573 3274 5646 dignus,
3303 5572 3585 5629 efﬁciatur
3609 5573 3830 5645 cpisco-

539 5663 648 5719 ΧΠ.
683 5663 738 5718 Si
764 5663 889 5736 quis
917 5681 1046 5720 cum
1087 5665 1364 5720 damnato
1392 5665 1598 5722 clerico
1625 5666 1798 5722 veluti
1823 5683 1954 5721 cum
1983 5668 2092 5722 cle-
2198 5683 2321 5737 pus.

461 5753 578 5809 rico
605 5756 771 5812 simul
802 5759 1063 5826 oraverit,
1096 5759 1200 5814 iste
1232 5757 1564 5814 damnetur.
2265 5761 2413 5814 XXII.
2444 5759 2500 5816 Si
2529 5761 2657 5834 quis
2684 5761 2925 5817 abscidit
2950 5760 3346 5831 semetipsum,
3378 5761 3433 5815 id
3466 5765 3569 5827 est,
3612 5761 3656 5815 si
3697 5762 3829 5834 quis

527 5849 654 5904 XIII.
684 5851 740 5906 Si
784 5851 910 5924 quis
952 5852 1208 5921 clericus,
1250 5856 1349 5908 aut
1393 5853 1582 5918 laicus,
1617 5869 1646 5906 a
1690 5849 2092 5907 communione
2193 5854 2509 5926 amputavit
2554 5855 2660 5912 sibi
2709 5855 2908 5919 virilia,
2957 5870 3073 5910 non
3117 5853 3216 5910 ﬁat
3264 5854 3519 5925 clericus,
3558 5854 3693 5926 quia
3737 5858 3827 5914 sui
