4068 6308
240 390 295 441 17
1467 386 1939 445 DECRETALIUM
1977 387 2364 446 COLLECTIO.
3523 396 3585 448 l8

231 494 406 567 ipsius
483 494 769 550 homicida
833 501 936 566 est,
1003 497 1103 554 Dei
1168 496 1504 553 conditionis
1571 498 1849 554 inimicus.
1873 499 2056 578 Aput
2096 497 2452 567 existiment,
2492 502 2549 554 et
2588 499 2732 555 nihil
2765 501 3008 572 amplius
3049 505 3256 572 praeter
3299 500 3420 572 ejus
3453 517 3585 556 cou-

297 589 474 645 XXIII.
513 589 566 645 Si
593 590 741 661 quis,
770 606 902 645 cum
945 591 1180 646 clericus
1215 591 1410 658 fuerit,
1443 592 1743 647 absciderit
1769 609 1852 647 se-

228 682 557 754 metipsum,
595 683 833 738 omnino
878 684 1202 751 damnetur,
1234 683 1368 756 quia
1408 700 1543 740 suus
1572 685 1856 741 homicida

226 782 329 832 est.

295 871 471 927 XXIV.
500 871 696 926 Laicus
721 871 1086 944 semetipsum
1108 870 1461 940 abscindens,
1484 872 1645 928 annis
1673 873 1854 929 tribus

223 964 625 1021 communione
651 965 924 1036 privetur,
957 965 1092 1037 quia
1117 981 1235 1020 suae
1265 965 1393 1021 vitae
1423 965 1722 1023 insidiator
1751 983 1851 1024 ex-

222 1057 383 1113 stitit.

291 1152 445 1208 XXV.
483 1151 806 1224 Episcopus,
832 1157 932 1208 aut
954 1152 1269 1224 presbyter,
1301 1155 1402 1208 aut
1432 1153 1723 1224 diaconus,
1754 1154 1853 1226 qui

221 1244 277 1298 in
308 1244 702 1315 fornicatione,
749 1250 846 1301 aut
888 1245 1159 1318 perjurio,
1197 1249 1295 1301 aut
1329 1246 1481 1302 furto
1523 1251 1721 1318 captus
1746 1253 1848 1315 est,

219 1339 562 1409 deponatur,
592 1356 713 1394 non
740 1345 934 1394 tamen
969 1340 1374 1395 communione
1411 1340 1686 1412 privetur,
1713 1341 1851 1398 dicit

219 1431 376 1487 enim
417 1432 745 1504 Scriptura:
787 1434 907 1488 Non
943 1433 1219 1504 judicabit
1257 1435 1529 1490 Dominus
1565 1434 1649 1491 bis
1673 1436 1732 1491 in
1762 1435 1844 1491 id-

216 1526 432 1597 ipsum.

283 1620 456 1675 XXVI.
486 1619 757 1677 Similiter
795 1628 852 1678 et
893 1621 1097 1694 reliqui
1141 1625 1327 1680 clerici
1364 1624 1498 1680 huic
1535 1624 1846 1680 conditioni

215 1712 340 1784 subj
348 1718 565 1768 aceant.

286 1807 483 1862 XXVII.
516 1809 579 1864 In
620 1808 833 1880 nuptiis
875 1813 1063 1865 autem
1095 1811 1189 1882 qui
1239 1813 1307 1866 ad
1345 1813 1562 1866 clerum
1599 1811 1846 1882 provecti

213 1904 366 1970 sunt,
397 1901 780 1974 praecipimus,
809 1906 874 1958 ut
899 1903 943 1957 si
977 1904 1280 1972 voluerint,
1309 1921 1515 1960 uxores
1540 1905 1842 1976 accipiant,
1866 1869 1922 1942 B

213 1993 316 2049 sed
342 1993 581 2050 lectores
601 1998 969 2069 cantoresque
997 1999 1416 2053 tantummodo.

283 2088 508 2143 XXVIII.
545 2089 886 2161 Episcopum
929 2094 1028 2146 aut
1063 2091 1481 2163 presbyterum,
1525 2097 1623 2148 aut
1652 2091 1840 2146 diaco-

211 2196 354 2236 num
379 2182 794 2253 percutientem
826 2184 1020 2239 ﬁdeles
1045 2184 1456 2256 delinquentes,
1476 2189 1574 2240 aut
1587 2185 1845 2241 inﬁdeles

209 2273 408 2344 inique
443 2279 700 2346 agentes,
734 2280 790 2331 et
818 2293 922 2347 per
954 2278 1286 2348 hujusmodi
1311 2280 1599 2334 volentem
1624 2279 1841 2348 timeri,

211 2366 382 2438 dejici
407 2367 477 2422 ab
503 2367 691 2424 ofﬁcio
721 2385 820 2424 suo
851 2353 1236 2442 priecipimus,
1265 2371 1401 2443 quia
1430 2387 1714 2443 nusquam
1741 2389 1843 2427 nos

207 2460 319 2515 hoc
354 2462 498 2516 Deus
536 2461 746 2518 docuit.
780 2465 820 2518 E
846 2463 1125 2519 contrario
1150 2481 1304 2534 vero,
1335 2466 1456 2536 ipse
1483 2482 1613 2520 cum
1639 2482 1840 2537 percu-

205 2557 446 2623 teretur,
474 2571 588 2610 non
615 2556 1070 2627 repercutiebat;
1093 2574 1225 2612 cum
1251 2558 1706 2626 malediceretur,
1726 2575 1842 2614 non

206 2647 619 2715 maledicebat;
643 2665 775 2703 cum
805 2653 1123 2721 pateretur,
1150 2667 1264 2706 non
1292 2651 1767 2706 comminabatur.

278 2742 454 2796 XXIX.
488 2741 547 2796 Si
576 2742 706 2813 quis
738 2743 1054 2814 episcopus,
1101 2748 1199 2799 aut
1231 2744 1546 2815 presbyter,
1589 2750 1688 2800 aut
1729 2745 1842 2800 dia-

206 2850 389 2890 conus
418 2834 711 2906 depositus
730 2836 884 2906 juste
912 2852 1082 2908 super
1107 2821 1274 2892 certis
1300 2837 1652 2907 criminibus,
1674 2855 1842 2893 ausus

203 2927 382 2984 fuerit
398 2932 696 2984 attrectare
711 2929 1089 2985 ministerium
1103 2931 1320 2986 dudum
1332 2930 1439 2986 sibi
1453 2931 1836 3002 commissum,

206 3021 296 3077 hic
317 3020 390 3076 ab
417 3021 661 3078 Ecclesia
685 3023 912 3094 penitus
935 3023 1314 3079 abscindatur.

272 3115 426 3171 XXX.
457 3115 513 3172 Si
551 3115 678 3187 quis
717 3115 1034 3188 episcopus,
1065 3122 1164 3172 aut
1189 3117 1504 3188 presbyter,
1534 3121 1632 3173 aut
1660 3117 1842 3173 diaco-

1954 589 2249 644 scientiam
2300 596 2518 662 gerant,
2565 609 2737 664 quam
2778 594 2875 648 illa
2913 594 3032 649 sola
3065 595 3387 666 singulique
3425 610 3586 667 paro—

1953 683 2095 738 chias
2124 685 2370 756 propria
2397 691 2454 742 et
2489 686 2632 741 villis
2671 703 2797 759 quae
2824 687 2927 742 sub
2954 704 3017 743 ea
3045 691 3197 758 sunt,
3228 691 3577 758 competunt.

1954 776 2061 832 Sed
2085 793 2188 832 nec
2210 777 2304 831 ille
2331 782 2542 849 praeter
2567 781 2824 835 omnium
2851 781 3259 837 conscientiam
3289 782 3455 837 faciat
3481 781 3583 837 ali-

1955 869 2094 940 quid
2124 870 2184 924 in
2213 888 2412 926 eorum
2449 874 2747 944 parochiis,
2778 874 2855 930 sic
2886 876 3045 930 enim
3078 875 3422 931 unanimitas
3449 875 3578 944 erit,

1953 967 2010 1018 et
2039 963 2449 1034 gloriﬁcabitur
2499 967 2641 1022 Deus
2682 984 2785 1039 per
2816 969 3101 1024 Christum
3133 969 3192 1024 in
3221 968 3430 1042 Spiritu
3456 985 3584 1024 san-

1953 1061 2062 1112 cto.
3548 1116 3571 1133 κ

2020 1154 2237 1210 XXXVI.
2287 1153 2624 1226 Episc0pum
2671 1170 2786 1209 non
2845 1157 3054 1213 audere
3099 1161 3256 1212 extra
3299 1158 3576 1212 terminos

1950 1247 2207 1318 proprios
2251 1247 2610 1302 ordinatores
2650 1247 2834 1303 facere
2877 1249 2933 1302 in
2980 1249 3294 1305 civitatibus
3337 1254 3394 1305 et
3431 1249 3579 1304 villis

1951 1357 2080 1412 quae
2111 1339 2193 1395 illi
2219 1340 2373 1395 nullo
2403 1341 2536 1412 jure
2574 1341 2843 1412 subjectae
2873 1346 3024 1396 sunt.
3053 1342 3106 1398 Si
3131 1359 3262 1397 vero
3291 1344 3578 1398 convictus

1947 1433 2119 1488 fuerit
2157 1434 2267 1488 hoc
2313 1433 2506 1489 fecisse
2547 1437 2758 1506 praeter
2788 1450 2991 1489 eorum
3037 1435 3436 1490 conscientiam
3475 1436 3576 1507 qui

1947 1526 2195 1582 civitates
2219 1527 2367 1598 ipsas
2400 1532 2457 1582 et
2492 1527 2647 1581 villas
2692 1527 2968 1597 detinent,
3003 1532 3058 1583 et
3097 1527 3215 1599 ipse
3261 1528 3576 1599 deponatur

1947 1623 2004 1674 et
2033 1619 2130 1691 qui
2161 1620 2230 1675 ab
2252 1620 2347 1674 illo
2385 1623 2518 1675 sunt
2540 1620 2802 1676 ordinati.

2017 1714 2261 1770 XXXVII.
2308 1713 2366 1768 Si
2411 1713 2539 1785 quis
2592 1715 2886 1786 episcopus
2923 1731 3037 1770 non
3097 1715 3403 1786 susceperit
3447 1714 3572 1770 ofﬁ-

1945 1806 2097 1861 cium
2123 1811 2180 1862 et
2213 1823 2410 1861 curam
2441 1807 2640 1879 populi
2673 1807 2757 1862 sui
2785 1808 3166 1875 commissam,
3194 1807 3286 1863 hic
3314 1824 3573 1863 commu-

1944 1899 2115 1954 nione
2148 1899 2420 1971 privetur,
2454 1901 2822 1972 quoadusque
2850 1903 3171 1958 consentiat
3194 1901 3574 1956 obedientiam

1946 1993 2332 2049 commodans.
2370 1994 2638 2050 Similiter
2669 1999 2725 2051 et
2765 1996 3063 2068 presbyter
3099 2000 3155 2051 et
3194 1996 3498 2064 diaconus;
3529 1995 3576 2049 si

1944 2104 2077 2143 vero
2120 2088 2453 2159 perrexerit,
2496 2105 2601 2144 nec
2641 2094 2905 2162 receptus
2941 2089 3132 2160 fuerit,
3171 2107 3286 2145 non
3323 2105 3428 2160 pro
3473 2105 3574 2143 sua

1944 2181 2241 2252 sententia,
2272 2183 2368 2237 sed
2399 2199 2505 2254 pro
2549 2183 2762 2238 malitia
2802 2185 3017 2255 populi,
3047 2184 3167 2256 ipse
3202 2182 3434 2255 quidem
3458 2199 3572 2237 ma-

1947 2280 2078 2330 neat
2103 2275 2398 2347 episcopus
2429 2293 2444 2330 :
2491 2276 2676 2332 clerici
2725 2293 2859 2331 vero
2901 2277 3138 2332 civitatis
3175 2276 3574 2332 communione

1944 2368 2256 2440 priventur,
2299 2385 2366 2424 eo
2410 2370 2560 2440 quod
2599 2370 2912 2426 eruditores
2959 2370 3335 2426 inobedientis
3379 2369 3572 2442 populi

1943 2479 2056 2518 non
2087 2463 2340 2518 fuerunt.

2014 2557 2278 2612 XXXVIII.
2319 2556 2409 2611 Bis
2451 2556 2512 2610 in
2551 2573 2702 2611 anno
2741 2557 2973 2612 concilia
3007 2557 3398 2628 episcoporum
3435 2557 3573 2612 cele-

1941 2651 2198 2720 brentur,
2232 2654 2295 2705 ut
2319 2649 2470 2705 inter
2489 2665 2548 2706 se
2573 2650 2818 2705 invicem
2845 2651 3108 2723 dogmata
3130 2650 3356 2722 pietatis
3383 2650 3573 2722 explo-

1942 2749 2088 2810 rent,
2119 2748 2174 2799 et
2201 2748 2570 2814 exsurgentes
2598 2744 2991 2799 ecclesiasticas
3012 2743 3400 2799 contentiones
3420 2760 3574 2798 amo-

1941 2841 2129 2907 vcant,
2159 2836 2332 2892 semel
2357 2837 2592 2909 quidem
2621 2840 2829 2908 quarta
2851 2837 3172 2908 septimana
3190 2838 3570 2903 Pentecostes,

1938 2930 2185 2986 secundo
2210 2947 2342 2986 vero
2377 2930 2715 2986 duodecimo
2752 2930 2844 2985 die
2879 2930 3092 2985 mensis
3128 2929 3484 3002 Iperbcreta,
3517 2929 3572 2983 id

1940 3027 2044 3091 est,
2068 3025 2223 3095 juste.
2246 3025 2551 3090 Romanos,
2578 3041 2634 3078 ιν
2664 3024 2794 3079 Idus
2819 3023 3091 3080 Octobris.

2011 3119 2233 3173 XXXIX.
2263 3117 2531 3171 Omnium
2561 3117 2924 3189 negotiorum
2949 3115 3454 3172 ecclesiasticorum
3480 3132 3572 3170 cu-

203 3225 310 3263 nus
350 3225 456 3280 per
482 3208 747 3280 pecunias
774 3209 922 3264 hanc
947 3209 1259 3266 obtinuerit
1291 3211 1657 3281 dignitatem,
1692 3211 1836 3282 deji-
1859 3231 1914 3307 C
1942 3227 2065 3266 ram
2108 3210 2406 3281 episcopus
2449 3210 2678 3279 habeat,
2728 3215 2784 3266 et
2830 3226 2914 3279 ea,
2961 3211 3118 3265 velut
3163 3211 3272 3264 Deo
3319 3213 3572 3264 contem-

202 3303 404 3371 ciatur,
437 3307 494 3358 et
537 3302 830 3358 ordinator
860 3303 1002 3374 ejus,
1045 3306 1102 3357 et
1143 3321 1178 3358 a
1213 3304 1616 3358 communione
1654 3305 1840 3359 modis

201 3395 473 3450 omnibus
511 3395 893 3463 abscindatur,
937 3397 1082 3452 sicut
1123 3396 1320 3452 Simon
1363 3399 1557 3469 Magus
1593 3415 1626 3452 a
1650 3399 1834 3453 Petro.

269 3489 441 3544 XXXI.
485 3489 539 3544 Si
579 3489 706 3560 quis
743 3490 1037 3561 episcopus
1077 3490 1437 3545 saecularibus
1470 3490 1839 3561 potestatibus

205 3598 355 3650 usus,
401 3581 700 3637 ecclesiam
731 3567 846 3654 per
890 3583 1038 3654 ipsas
1085 3583 1370 3652 obtineat,
1417 3584 1755 3655 deponatur,
1783 3588 1839 3639 et

202 3679 582 3745 segregentur
598 3691 795 3730 omnes
820 3675 1143 3748 quicunque
1171 3675 1252 3730 illi
1277 3676 1726 3732 communicant.

269 3769 469 3824 XXXII.
506 3767 560 3823 Si
605 3769 735 3839 quis
767 3769 1064 3841 presbyter
1093 3772 1466 3824 contemnens
1506 3769 1836 3841 episcopum

203 3877 390 3929 suum,
419 3875 676 3916 seorsum
726 3861 999 3932 populum
1043 3861 1355 3933 collegerit,
1394 3866 1450 3917 et
1482 3862 1653 3919 altare
1681 3863 1836 3918 aliud

201 3953 463 4023 erexerit,
506 3954 650 4008 nihil
681 3954 894 4009 habens
931 3971 1044 4026 quo
1084 3954 1466 4028 reprehendat
1507 3956 1834 4027 episcopum

202 4046 260 4101 in
286 4064 454 4102 causa
478 4047 704 4118 pietatis
730 4052 786 4103 et
814 4047 1070 4118 justitiaa,
1111 4049 1449 4119 deponatur,
1485 4050 1643 4120 quasi
1673 4049 1832 4120 prin-

199 4140 415 4212 cipatus
443 4143 664 4196 amator
689 4140 954 4196 existens.
996 4143 1092 4196 Est
1122 4142 1278 4198 enim
1311 4144 1602 4213 tyrannus,
1639 4146 1696 4197 et
1724 4160 1829 4197 cae-

201 4234 308 4288 teri
336 4233 524 4289 clerici
546 4234 872 4307 quicunque
899 4235 1000 4290 tali
1026 4235 1405 4304 consentiunt,
1437 4235 1826 4306 deponantur:

196 4326 323 4381 laici
347 4343 482 4381 vero
508 4333 903 4399 segregentur.
931 4329 1062 4382 Haec
1086 4331 1278 4383 tamen
1302 4332 1431 4399 post
1463 4345 1638 4383 unam
1671 4335 1728 4385 et
1751 4347 1833 4385 sc-

196 4420 440 4474 cundam
475 4425 532 4475 et
555 4420 782 4476 tertiam
815 4421 1063 4494 episcopi
1089 4421 1536 4477 obsecrationem
1556 4421 1678 4478 ﬁeri
1704 4439 1832 4478 con-

195 4512 442 4568 veniant.

1937 3304 2156 3376 plante,
2186 3303 2495 3374 dispenset,
2530 3319 2633 3357 nec
2669 3304 2721 3359 ei
2746 3304 2910 3359 liceat
2949 3320 3019 3358 ex
3046 3303 3135 3358 his
3170 3302 3433 3357 omnibus
3473 3302 3568 3356 ali-

1938 3397 2076 3469 quid
2129 3397 2364 3452 omnino
2409 3396 2760 3468 contingere,
2810 3401 2907 3452 aut
2950 3396 3278 3468 parentibus
3326 3395 3569 3467 propriis

1939 3506 2067 3561 quae
2113 3490 2211 3546 Dei
2249 3493 2384 3544 sunt
2425 3490 2762 3545 condonare.
2812 3490 2971 3554 Quod
3017 3491 3063 3543 si
3107 3505 3384 3561 pauperes
3413 3492 3564 3557 sunt,

1936 3587 2208 3653 tanquam
2230 3581 2572 3653 pauperibus
2602 3581 3082 3650 subministretur,
3110 3597 3217 3635 nec
3243 3597 3443 3636 eorum
3469 3597 3563 3634 oc-

1936 3675 2158 3730 casione
2184 3674 2442 3730 Ecclesiae
2464 3674 2694 3746 negotia
2719 3674 3140 3746 depraadentur.

2007 3769 2107 3824 XL.
2141 3769 2463 3840 Presbyteri
2490 3772 2546 3823 et
2571 3767 2790 3823 diaconi
2821 3771 3032 3839 praeter
3059 3768 3394 3840 episcopum
3422 3768 3564 3823 nihil

1935 3877 2103 3934 agere
2118 3866 2464 3933 pertentent.
2493 3863 2633 3916 Nam
2660 3860 2886 3916 Domini
2907 3862 3148 3932 populus
3173 3861 3283 3933 ipsi
3308 3861 3567 3915 commis-

1935 3972 2030 4010 sus
2051 3959 2154 4026 est,
2185 3960 2242 4011 et
2281 3971 2386 4027 pro
2418 3955 2716 4010 animabus
2747 3971 2945 4010 eorum
2983 3956 3076 4010 hic
3121 3955 3444 4011 redditurus
3485 3960 3566 4010 est

1934 4049 2234 4119 rationem,
2268 4049 2354 4104 sin
2379 4054 2572 4104 autem
2603 4048 2899 4104 manifeste
2927 4066 3017 4103 res
3045 4048 3291 4120 propriae
3319 4049 3565 4120 episcopi

1935 4142 2002 4213 (si
2029 4146 2222 4197 tamen
2247 4143 2420 4197 habet
2448 4141 2728 4213 proprias)
2756 4147 2812 4197 et
2838 4142 3134 4198 manifeste
3166 4141 3472 4197 deinicee
3502 4145 3568 4195 ut

1933 4238 2273 4306 potestatem
2309 4235 2516 4291 habeat
2559 4235 2629 4290 de
2671 4235 2919 4307 propriis
2954 4237 3203 4291 moriens
3234 4236 3561 4308 episcopus,

1932 4328 2076 4384 sicut
2103 4328 2364 4398 voluerit,
2398 4331 2455 4384 et
2473 4329 2678 4400 quibus
2699 4330 2957 4397 voluerit,
2983 4329 3324 4402 relinquere,
3357 4346 3429 4383 ne
3461 4329 3562 4382 sub

1931 4422 2222 4477 occasione
2250 4422 2753 4479 ecclesiasticarum
2783 4439 2976 4478 rerum
3005 4441 3137 4495 quae
3170 4422 3413 4494 episcopi
3445 4439 3565 4478 esse

1932 4514 2263 4584 probantur,
2299 4515 2656 4572 intercidant.
2692 4517 2966 4572 Fortassis
3001 4517 3154 4572 enim
3187 4521 3284 4572 aut
3328 4532 3562 4571 uxorem

264 4606 485 4662 XXXIII.
533 4606 588 4662 Si
628 4606 757 4678 quis
810 4606 1106 4676 presbyter
1142 4612 1240 4662 aut
1280 4606 1546 4663 diaconus
1591 4609 1660 4663 ab
1706 4610 1908 4697 epi-D
1931 4607 2121 4677 habet,
2159 4613 2258 4663 aut
2283 4609 2450 4678 ﬁlios,
2479 4615 2577 4665 aut
2615 4610 2982 4681 propinquos,
3018 4615 3116 4665 aut
3148 4626 3358 4676 servos,
3389 4614 3445 4663 et
3463 4609 3560 4680 ju-

194 4715 360 4770 sc0po
379 4716 484 4754 suo
511 4703 865 4771 segregatus,
888 4698 1042 4752 hunc
1074 4716 1188 4755 non
1214 4700 1382 4756 licere
1403 4702 1471 4756 ab
1501 4701 1610 4755 alio
1633 4702 1827 4774 recipi,

196 4792 293 4846 sed
343 4793 415 4847 ab
454 4793 579 4864 ipso
621 4792 721 4865 qui
766 4809 900 4847 eum
935 4797 1400 4863 sequestraverat,
1441 4794 1546 4848 nisi
1590 4795 1828 4851 forsitan

194 4885 394 4940 obierit
425 4886 723 4958 episcopus
765 4885 885 4957 ipse
930 4885 1028 4956 qui
1078 4902 1210 4942 eum
1251 4903 1576 4958 segregasse
1622 4905 1831 4960 cogno-

197 4978 388 5033 scitur.

263 5072 474 5128 XXXIV.
521 5072 717 5127 Nullus
761 5072 1160 5142 episcoporum
1214 5072 1685 5144 peregrinorum,
1730 5080 1829 5130 aut

197 5166 680 5237 presbyterorum,
722 5169 820 5221 aut
862 5165 1264 5233 diaconorum,
1305 5165 1424 5221 sine
1470 5169 1828 5223 commenda-

197 5257 322 5313 titiis
352 5258 693 5330 suscipiatur
716 5258 980 5329 epistolis.
1011 5259 1078 5313 Et
1102 5275 1231 5314 cum
1260 5258 1465 5330 scripta
1495 5260 1822 5329 detulerint,

194 5350 566 5408 discutiantur
595 5351 864 5406 attentius
903 5354 960 5406 et
993 5351 1076 5405 ita
1099 5351 1498 5423 suscipiantur,
1531 5352 1576 5407 si
1611 5353 1822 5424 prendi-

191 5449 395 5501 catores
415 5444 644 5517 pietatis
672 5445 1013 5500 exstiterint.
1045 5444 1141 5501 Sin
1172 5444 1382 5513 minus,
1417 5461 1521 5500 nec
1541 5462 1669 5516 quas
1693 5453 1825 5502 sunt

189 5539 501 5593 necessaria
542 5537 980 5594 subministrant
1006 5537 1107 5605 eis,
1148 5541 1205 5594 et
1238 5537 1310 5592 ad
1353 5539 1821 5595 communionem

189 5630 512 5687 nullatenus
559 5631 936 5687 admittantur
959 5675 971 5698 ,
1037 5630 1170 5703 quia
1243 5647 1346 5702 per
1396 5631 1820 5704 subreptionem

191 5725 361 5780 multa
387 5725 761 5796 proveniunt.

254 5819 446 5874 XXXV.
477 5818 782 5891 Episcopos
813 5820 1071 5890 gentium
1108 5819 1460 5890 singularum
1506 5818 1647 5874 scire
1683 5837 1815 5875 con-

189 5912 356 5982 venit,
384 5912 514 5986 quis
533 5912 687 5969 inter
701 5929 795 5969 eos
815 5913 1034 5985 primus
1055 5911 1350 5981 habeatur,
1368 5926 1540 5984 quem
1559 5913 1714 5970 velut
1735 5930 1818 5970 ca-

1931 4706 2081 4755 stum
2109 4705 2191 4756 est
2218 4701 2322 4756 hoc
2363 4703 2514 4771 apud
2545 4703 2727 4756 Deum
2755 4707 2812 4756 et
2838 4702 3116 4770 homines,
3147 4708 3212 4756 ut
3239 4718 3344 4756 nec
3379 4702 3562 4756 Eccle-

1933 4794 2011 4848 sia
2036 4794 2284 4865 patiatur
2303 4794 2710 4849 detrimentum
2737 4794 3095 4865 ignoratione
3117 4811 3313 4848 rerum
3339 4795 3562 4866 pontifi-

1930 4887 2026 4953 cis,
2049 4903 2153 4942 nec
2198 4887 2513 4958 episcopus,
2560 4904 2662 4944 nec
2703 4887 2825 4958 ejus
2855 4887 3161 4960 propinqui
3189 4887 3291 4941 sub
3327 4888 3561 4943 obtentu

1928 4981 2176 5036 ecclesiae
2205 4980 2647 5052 proscribantur,
2693 4985 2750 5036 et
2795 4981 2854 5035 in
2901 4997 3095 5034 causas
3139 4980 3388 5036 incidant
3432 4999 3562 5054 qua:

1927 5075 1996 5128 ad
2023 5091 2156 5129 eum
2182 5075 2473 5146 pertinent
2495 5091 2760 5147 morsque
2789 5075 2911 5145 ejus
2938 5073 3163 5145 injuriis
3193 5075 3358 5130 malae
3394 5076 3560 5131 famae

1928 5167 2049 5236 subj
2058 5173 2232 5222 aceat.

1996 5261 2124 5316 XLI.
2176 5261 2541 5332 Praccipimus
2591 5265 2655 5315 ut
2691 5261 2750 5315 in
2791 5266 3073 5333 potestate
3114 5279 3213 5317 sua
3264 5263 3559 5336 cpisc0pus

1925 5369 2014 5409 res
2042 5353 2290 5408 ecclesiae
2320 5355 2524 5408 habeat
2552 5371 2565 5408 :
2598 5354 2642 5409 si
2669 5353 2825 5410 enim
2855 5355 3063 5410 animae
3094 5355 3392 5411 hominum
3425 5373 3559 5429 pre-

1922 5447 2079 5501 tiosae
2113 5446 2197 5500 illi
2239 5452 2371 5503 sunt
2415 5447 2666 5518 creditae,
2714 5451 2898 5505 multo
2948 5450 3132 5521 magis
3170 5453 3392 5522 oportet
3426 5468 3557 5506 eum

1923 5556 2118 5595 curam
2144 5539 2519 5611 pecuniarum
2545 5557 2768 5613 gerere,
2803 5543 2880 5599 ita
2903 5546 2970 5596 ut
2988 5548 3266 5614 potestate
3294 5544 3341 5614 ej
3353 5561 3434 5613 us,
3475 5545 3556 5598 in-

1922 5633 2242 5706 digentibus
2289 5636 2486 5690 omnia
2525 5637 2925 5710 dispensentur
2967 5655 3071 5711 per
3113 5638 3472 5710 presbyteros
3501 5643 3557 5694 et

1921 5727 2207 5798 diaconos,
2239 5734 2296 5784 et
2335 5746 2466 5785 cum
2507 5731 2713 5786 timore
2751 5731 3020 5804 omnique
3047 5731 3418 5787 sollicitudine
3445 5732 3553 5786 mi-

1920 5820 2247 5876 nistrentur.
2281 5823 2358 5878 Ex
2399 5824 2490 5878 his
2534 5829 2723 5879 autem
2756 5825 2852 5896 qui
2893 5825 3114 5896 indiget
3151 5824 3212 5893 (si
3247 5827 3434 5879 tamen
3465 5825 3554 5879 in-

1920 5915 2096 5988 diget)
2122 5916 2192 5972 ad
2220 5933 2348 5972 suas
2391 5917 2751 5974 necessitates
2777 5922 2833 5974 et
2872 5918 2940 5972 ad
2979 5916 3409 5988 peregrinorum
3437 5919 3553 5974 fra-
