4068 6308
516 359 579 415 19
1410 357 1689 413 ΑΡΡΕΝΙ).
1731 354 1816 409 ΑΒ
1854 353 2013 408 SdiC.
2057 353 2122 408 IX

2242 383 2243 390 ι
2282 348 2525 405 ISIDORI
2562 349 2985 404 MERCATURIS
3786 349 3848 402 ‘20

512 470 668 522 trum
687 482 822 523 usus
841 471 899 522 et
914 466 1035 538 ipse
1061 465 1358 538 percipiat,
1377 464 1593 522 utnihil
1615 462 1695 518 eis
1710 461 1888 534 possit
1903 460 2136 517 omnino
2158 471 2218 546 Α
2306 458 2499 514 XLVII.
2548 457 2854 529 EpiscOpus
2899 461 2997 513 aut
3042 456 3356 529 presbyter,
3402 456 3451 511 si
3479 471 3612 511 eum
3651 455 3743 528 qui
3765 471 3845 539 se-

515 558 734 615 deesse.
763 559 878 615 Lex
915 558 1068 614 enim
1104 557 1205 614 Dei
1237 558 1495 631 praecipit
1530 560 1592 611 ut
1618 555 1719 628 qui
1748 554 1911 610 altari
1941 554 2135 610 deser—
2236 552 2486 607 cundum
2516 551 2812 607 veritatem
2850 550 3118 607 habuerit
3135 549 3440 621 baptisma,
3474 549 3661 604 denuo
3684 548 3847 621 bapti-

510 653 691 722 viunt,
724 652 795 709 de
820 652 990 708 altari
1018 654 1340 724 pascantur,
1361 650 1493 723 quia
1512 664 1617 705 nec
1647 648 1816 704 miles
1844 647 2137 721 stipendiis
2237 646 2466 714 zaverit,
2499 649 2599 700 aut
2635 644 2682 699 si
2710 644 2993 716 pollutum
3020 644 3091 699 ab
3120 642 3310 715 impiis
3334 659 3454 698 non
3477 641 3847 714 baptizaverit,

509 745 753 817 propriis
789 748 990 801 contra
1007 746 1197 802 hostes
1230 759 1391 799 arma
1416 743 1641 799 sustulit
1667 743 1716 815 (Ι
1743 743 1865 799 Cor.
1896 742 1991 815 1x).
2237 740 2591 811 deponatur,
2642 743 2914 810 tanquam
2953 738 3215 793 deridens
3258 753 3487 792 crucem
3526 741 3584 792 et
3619 738 3849 791 mortem

580 839 734 897 XLII.
755 838 1081 912 Episcopus,
1112 842 1210 893 aut
1232 838 1555 909 presbyter,
1582 839 1682 892 aut
1700 837 1970 892 diaconus
1996 836 2138 891 aleae
2236 832 2482 899 Domini,
2514 848 2620 887 nec
2662 848 2827 888 veros
2869 832 3188 888 sacerdotes
3229 847 3265 885 a
3300 829 3454 887 falsis
3483 828 3852 886 sacerdotibus

509 934 611 989 aut
635 931 892 990 ebrietati
916 931 1254 1001 deserviens,
1281 934 1380 987 aut
1417 930 1658 998 desinat,
1685 933 1785 985 aut
1808 934 1960 986 certe
1983 928 2140 984 dam-
2230 925 2361 997 jure
2388 924 2736 982 discernens.

510 1029 699 1081 netur.
1900 1024 1909 1027 ’
2309 1019 2530 1075 XLVIII.
2571 1018 2627 1075 Si
2663 1018 2789 1092 quis
2816 1018 2990 1074 laicus
3034 1034 3270 1074 uxorem
3298 1017 3589 1090 propriam
3625 1016 3847 1088 pellens,

579 1119 752 1177 XLIII.
780 1118 1188 1188 Subdiaconus,
1227 1121 1326 1174 aut
1351 1117 1546 1186 lector,
1579 1120 1676 1171 aut
1716 1119 1910 1172 cantor
1934 1116 2141 1173 similia
2237 1114 2494 1183 alteram,
2525 1113 2612 1169 vel
2641 1112 2711 1169 ab
2742 1113 2853 1169 alio
2878 1112 3168 1170 dimissam
3192 1111 3436 1183 duxerit,
3465 1109 3851 1167 communione

505 1211 735 1279 faciens,
792 1216 893 1267 aut
944 1211 1188 1281 desinat,
1235 1215 1335 1267 aut
1380 1209 1787 1266 communione
1841 1210 2133 1282 privetur:
2236 1205 2510 1278 privetur.
3605 1203 3614 1211 '

508 1304 771 1363 similiter
800 1305 972 1360 etiam
996 1305 1190 1360 laicus.
2307 1300 2483 1356 XLIX.
2507 1300 2568 1355 Si
2582 1299 2720 1371 quis
2741 1299 3039 1371 episcopus
3067 1301 3168 1355 aut
3190 1299 3504 1371 presbyter,
3530 1297 3695 1369 juxta
3718 1313 3853 1369 pra:-

580 1399 760 1455 XLIV.
788 1398 1117 1471 Episcopus,
1145 1402 1244 1454 aut
1268 1397 1582 1471 presbyter,
1604 1403 1703 1453 aut
1720 1380 1989 1457 diaconus
2008 1414 2139 1453 usu-
2237 1396 2466 1465 ceptum
2503 1393 2729 1448 Domini
2767 1409 2883 1448 non
2911 1392 3279 1465 baptizaverit
3320 1393 3382 1447 in
3428 1390 3660 1447 nomine
3687 1390 3856 1446 Patris

505 1507 597 1547 res
638 1508 674 1547 a
708 1491 1057 1549 debitoribus
1099 1492 1364 1565 exigens,
1414 1495 1514 1547 aut
1547 1490 1790 1562 desinat,
1842 1496 1942 1548 aut
1984 1496 2137 1548 certe
2237 1490 2294 1541 et
2322 1485 2443 1540 Filii
2484 1490 2542 1541 et
2573 1485 2810 1558 Spiritus
2854 1484 3050 1553 sancti,
3099 1487 3193 1542 sed
3235 1486 3297 1541 in
3331 1484 3512 1540 tribus
3556 1484 3677 1539 sine
3701 1482 3854 1538 initio

509 1584 832 1640 damnetur.
2234 1578 2549 1651 principiis,
2597 1584 2697 1635 aut
2730 1580 2791 1635 in
2828 1579 3012 1635 tribus
3046 1579 3218 1651 Filiis,
3259 1581 3359 1635 aut
3384 1578 3444 1634 in
3478 1577 3660 1634 tribus
3694 1579 3852 1632 Para-

581 1678 735 1735 XLV.
763 1677 1088 1751 Episcopus,
1118 1678 1415 1752 presbyter
1435 1683 1534 1734 aut
1565 1678 1853 1748 diaconus,
1883 1678 2136 1751 quicum
2236 1672 2414 1744 cletis,
2443 1672 2758 1744 abjiciatur.

510 1770 792 1826 haereticis
819 1771 1080 1841 oraverit,
1114 1771 1507 1827 tantummodo
1535 1769 1936 1826 communione
1955 1771 2139 1843 prive-
2311 1767 2372 1822 L.
2402 1766 2461 1824 Si
2490 1767 2618 1839 quis
2669 1766 2961 1839 episcopus
3002 1769 3100 1821 aut
3142 1764 3459 1838 presbyter,
3488 1780 3609 1820 non
3633 1763 3693 1819 in
3715 1763 3860 1818 trina

509 1868 624 1918 tur.
662 1863 719 1919 Si
760 1878 889 1919 vero
927 1867 1202 1935 tanquam
1251 1863 1486 1920 clericos
1536 1864 1796 1920 hortatus
1828 1880 1922 1921 eos
1963 1857 2210 1931 fueritB
2232 1859 2516 1917 mersione
2538 1859 2709 1917 unius
2742 1859 3000 1933 mysterii
3034 1854 3318 1931 baptisma
3347 1858 3610 1929 celebret,
3648 1857 3744 1912 sed
3768 1872 3854 1913 se-

511 1972 681 2028 agere
708 1958 796 2013 vel
815 1973 995 2025 orare,
1022 1957 1348 2013 damnetur.
2232 1958 2349 2013 mel
2395 1962 2621 2030 mergat
2660 1958 2722 2013 in
2757 1958 3119 2029 baptismate,
3160 1957 3316 2029 quod
3355 1956 3481 2011 dari
3525 1955 3746 2013 videtur
3799 1955 3856 2011 in

581 2048 643 2122 3
677 2051 848 2107 XLVI.
891 2050 1229 2123 Episcopum
1266 2055 1366 2106 aut
1406 2050 1801 2123 presbyterum
1836 2050 2130 2107 110116ῐὶ00-
2233 2052 2464 2107 Domini
2489 2052 3050 2124 morte,.deponatur.
3074 2052 3197 2106 Non
3223 2051 3379 2106 enim
3404 2049 3552 2106 dixit
3581 2049 3741 2106 nobis
3762 2050 3863 2106 Do-

424 2198 429 2201 .
509 2157 640 2198 rum
677 2142 1080 2215 suscipientem
1130 2144 1415 2216 baptisma
1453 2144 1712 2200 damnari
1749 2144 2130 2216 praecipimus.
2232 2146 2423 2201 minus
2454 2162 2469 2202 :
2502 2148 2566 2202 In
2594 2148 2778 2201 morte
2806 2162 2934 2201 mea
2969 2144 3266 2217 baptizata,
3304 2144 3422 2214 sed,
3454 2164 3483 2195 «
3523 2144 3729 2200 Euntes
3756 2144 3859 2199 do-

514 2254 542 2287 α
585 2237 722 2299 Quae
750 2236 904 2292 enim
937 2237 1235 2293 conventio
1273 2237 1481 2294 Christi
1513 2237 1586 2293 ad
1624 2236 1834 2294 Belial?
1875 2242 1974 2294 aut
2006 2254 2134 2310 qua;
2234 2242 2354 2294 cete
2375 2256 2572 2295 omnes
2591 2244 2811 2310 gentes,
2841 2238 3184 2310 baptizantes
3213 2253 3310 2293 eos
3333 2237 3393 2292 in
3417 2237 3648 2294 nomine
3667 2237 3859 2306 Patris,

511 2344 642 2399 pars
665 2329 819 2384 ﬁdeli
842 2346 973 2386 eum
998 2331 1217 2386 inﬁdeli
1241 2332 1315 2401 (II
1330 2331 1450 2387 Cor.
1485 2347 1581 2401 vn,
1615 2334 1696 2402 l5)
1718 2332 1745 2386 ?
1773 2352 1800 2380 υ
2235 2337 2293 2387 et
2317 2332 2461 2400 Filii,
2493 2336 2551 2388 et
2575 2332 2814 2404 Spiritus
2839 2331 3017 2387 sancti
3049 2332 3262 2402 (Matth.
3295 2330 3503 2402 xxvm).
3532 2353 3559 2379 η

866 2596 1216 2678 INCIPIT
1301 2595 1755 2677 EPISTOLA
1837 2595 2147 2676 PRIMA
2238 2593 2778 2677 CLEMENTIS
2859 2594 2991 2675 AD
3070 2592 3514 2674 JACOBUM

1865 2734 2188 2791 FRATREM
2252 2733 2511 2791 DOMINI.

575 2949 844 3019 CLEMENS,
888 2953 1096 3009 JAcono
1129 2952 1365 3009 domino
1412 2953 1675 3025 episcopo
1715 2952 2131 3025 episcoporum,
2234 2952 2389 3009 misit
2414 2969 2506 3010 me
2536 2952 2772 3009 Domino
2790 2956 2846 3009 et
2864 2952 3137 3025 magistro
3157 2966 3283 3008 meo
3311 2952 3441 3008 Iesu
3477 2951 3716 3019 Christo,
3749 2950 3871 3006 dies

506 3044 1110 3115 regentiHebraeorum
1130 3046 1696 3102 sanctamEcclesiam
1713 3046 2133 3119 Hierosolymis,
2237 3047 2437 3102 mortis
2462 3063 2609 3101 mete
2645 3048 2835 3114 instat,
2864 3046 3213 3102 Clementem
3239 3046 3392 3100 hunc
3422 3045 3750 3117 episcopum
3782 3062 3874 3100 vo-

508 3137 605 3192 sed
633 3140 691 3192 et
715 3154 917 3194 omnes
942 3139 1233 3209 Ecclesiae,
1264 3157 1391 3213 quae
1420 3140 1630 3212 ubique
1655 3140 1753 3196 Dei
1782 3139 2137 3212 providentia
2160 3193 2210 3213 η
2235 3140 2321 3195 bis
2346 3139 2570 3210 ordino,
2599 3140 2688 3194 cui
2725 3140 2831 3195 soli
2874 3156 3016 3195 meas
3049 3137 3466 3210 praedicationis
3499 3142 3557 3194 et
3593 3138 3872 3194 doctrinae

506 3228 760 3286 fundata:
788 3236 937 3302 sunt,
965 3249 1097 3288 cum
1134 3193 1411 3303 Patribus,
1440 3238 1495 3289 et
1523 3193 1854 3289 diaconibils
1884 3236 1941 3288 et
1962 3193 2132 3288 01616-
2157 3193 2212 3268 C
2236 3193 2570 3289 cathedram
2591 3193 2775 3302 trado,
2805 3232 2902 3304 qui
3103 3193 3364 3287 abinitio
3394 3247 3571 3303 usque
3595 3193 3665 3286 ad
3692 3230 3874 3287 ﬁnem

506 3322 586 3378 ris
613 3324 876 3381 omnibus
904 3327 1178 3397 Patribus,
1211 3344 1319 3399 pax
1346 3327 1451 3382 tibi
1479 3327 1552 3382 sit
1569 3343 1816 3399 semper.
2235 3343 2422 3381 comes
2446 3326 2506 3380 in
2537 3325 2803 3381 omnibus
2829 3324 2957 3395 fuit,
2990 3330 3048 3381 et
3083 3341 3187 3397 per
3226 3325 3338 3380 hoc
3366 3324 3664 3379 veritatem
3692 3324 3876 3380 totius

576 3418 781 3474 Notum
830 3419 934 3475 tibi
974 3420 1137 3489 facio,
1190 3421 1441 3489 domine,
1488 3420 1623 3492 quia
1670 3420 1869 3476 Simon
1911 3420 2132 3487 Petrus,
2234 3436 2380 3474 mea:
2398 3418 2811 3491 praedicationis
2840 3418 3088 3491 agnovit.
3114 3417 3222 3483 Qui
3242 3419 3303 3473 in
3333 3417 3598 3474 omnibus
3626 3416 3770 3473 meis
3787 3435 3877 3472 so-

507 3511 605 3582 qui
630 3528 775 3566 verm
816 3512 949 3568 ﬁdei
983 3513 1191 3569 merito
1223 3519 1281 3569 et
1314 3514 1554 3587 integra:
1590 3512 2009 3586 praedicationis
2042 3512 2138 3567 ob—
2234 3513 2354 3569 cius
2379 3514 2593 3569 exstitit
2629 3512 2871 3569 ﬁdeliter
2901 3528 3287 3584 perseverans.
3326 3512 3505 3575 Quem
3541 3527 3660 3583 prae
3697 3516 3874 3567 caste-

503 3607 665 3660 tentu
691 3605 1129 3664 fundamentum
1159 3624 1279 3664 esse
1311 3607 1572 3664 Ecclesia:
1597 3607 1861 3663 deﬁnitus
1889 3610 1990 3676 est,
2021 3623 2136 3677 qua
2233 3607 2310 3662 ris
2331 3609 2599 3678 expertus
2628 3623 2756 3661 sum
2786 3605 3095 3660 Dominum
3126 3604 3427 3671 colentem,
3459 3603 3722 3657 homines
3749 3603 3879 3659 dili-

504 3698 573 3754 de
598 3716 767 3755 causa
778 3701 954 3757 etiam
982 3702 1216 3757 Domini
1235 3718 1333 3756 ore
1349 3701 1787 3772 cognominatus
1809 3704 1896 3754 est
1913 3698 2131 3767 Petrus,
2236 3703 2488 3771 gentem,
2517 3704 2756 3768 castum,
2788 3697 3042 3753 discendi
3063 3696 3260 3753 studiis
3288 3695 3564 3765 deditum,
3593 3696 3878 3766 sobrium,

504 3792 603 3865 qui
624 3793 730 3848 fuit
748 3794 1016 3866 primitiae
1044 3794 1335 3852 electionis
1365 3793 1588 3848 Domini
1613 3793 1999 3865 apostolorum
2023 3791 2136 3862 pri-
2231 3789 3452 3863 benignum,justum,patientem,scientem
3466 3789 3615 3846 ferre
3628 3792 3883 3847 nonnul-

504 3902 660 3955 mus,
708 3888 799 3944 cui
842 3893 900 3944 et
944 3889 1133 3961 primo
1177 3889 1328 3942 Deus
1386 3888 1554 3941 Pater
1608 3885 1810 3940 Filium
1870 3883 2137 3939 revelavit
2232 3885 2446 3955 lorum,
2479 3884 2654 3940 etiam
2679 3901 2745 3940 ex
2780 3883 2870 3939 his
2898 3883 2999 3955 qui
3025 3884 3083 3938 in
3114 3882 3283 3938 verbo
3317 3881 3542 3938 Domini
3568 3882 3885 3940 instituun-

506 3983 716 4048 (Matth.
761 3999 874 4050 xvr,
909 3984 1016 4054 l7),
1047 3982 1139 4037 cui
1174 3986 1231 4036 et
1273 3979 1529 4036 Christus
1566 3979 1954 4050 competenter
1995 3976 2131 4032 bea-
2233 3983 2347 4048 tur,
2378 3978 2638 4050 injurias.
2660 3979 2896 4049 Propter
2923 3976 3077 4048 quod
3096 3976 3206 4048 ipsi
3231 3976 3391 4031 trado
3413 3976 3703 4032 aDomino
3723 3976 3884 4033 mihi

499 4075 805 4132 titudinem
834 4075 1093 4145 contulit,
1133 4073 1268 4145 quia
1305 4077 1362 4128 et
1402 4077 1630 4127 vocatus
1669 4073 1774 4139 est,
1814 4073 1872 4125 et
1901 4070 2131 4142 electus,
2232 4072 2501 4129 traditam
2530 4073 2866 4144 potestatem
2901 4069 3116 4142 ligandi
3153 4073 3211 4125 et
3245 4069 3514 4138 solvendi,
3552 4072 3615 4124 ut
3637 4071 3710 4125 de
3742 4087 3881 4126 om-

501 4171 559 4225 et
585 4169 821 4225 conviva
847 4167 1096 4239 Domini,
1127 4172 1185 4222 et
1227 4182 1424 4221 comes
1450 4164 1702 4235 effectus,
1737 4170 2009 4237 tanquam
2036 4164 2135 4219 bo-
2232 4165 2400 4220 nibus
2424 4164 2875 4237 quibuscumque
2904 4162 3216 4218 decreverit
3243 4162 3498 4218 in'terris
3529 4162 3637 4218 hoc
3667 4162 3880 4219 decre-

499 4279 608 4319 nus
644 4267 702 4319 et
747 4260 1175 4334 probatissimus
1233 4259 1559 4330 discipulus,
1608 4258 1707 4329 qui
1753 4258 2134 4313 obscuriorem
2231 4265 2355 4315 tum
2386 4258 2457 4313 sit
2480 4263 2537 4313 et
2568 4258 2629 4312 in
2667 4256 2840 4312 ccelis.
2882 4256 3101 4328 Ligabit
3143 4256 3298 4312 enim
3340 4255 3494 4328 quod
3531 4260 3757 4327 oportet
3799 4258 3877 4312 li-

501 4356 705 4411 mundi
730 4356 958 4427 plagam
975 4353 1281 4408 occidentis
1300 4353 1454 4408 velut
1478 4351 1735 4407 omnium
1765 4351 2049 4424 potentior
2064 4353 2131 4407 il-
2235 4351 2375 4423 gari,
2410 4355 2468 4406 et
2508 4351 2683 4406 solvet
2709 4350 2863 4421 quod
2894 4350 3122 4422 expedit
3164 4348 3323 4418 solvi,
3360 4354 3636 4420 tanquam
3672 4350 3776 4422 qui
3802 4351 3883 4406 ad

501 4449 787 4504 luminare
820 4450 1139 4519 praeceptus
1185 4450 1288 4515 est,
1333 4446 1544 4519 quique
1585 4449 1645 4501 et
1681 4447 1906 4517 integre
1949 4446 2137 4518 potuit
2232 4444 2516 4516 liquidum
2545 4443 2805 4499 Ecclesiae
2828 4442 3088 4515 regulam
3112 4443 3350 4499 noverit.
3384 4445 3577 4515 Ipsum
3599 4459 3738 4514 ergo
3764 4460 3879 4499 au-

500 4542 743 4614 implere
766 4530 1135 4612 praeceptum.
1169 4539 1279 4595 Sed
1306 4556 1600 4612 quousque
1637 4555 1963 4595 sermonem
1999 4556 2131 4611 pro-
2151 4557 2211 4630 D
2233 4538 2369 4607 dite,
2403 4537 2659 4605 scientes,
2697 4538 2831 4609 quia
2858 4537 3186 4608 quicunque
3224 4535 3640 4592 contristaverit
3667 4536 3882 4593 docto-

501 4636 729 4692 traham
758 4632 1053 4705 refugiens
1078 4632 1329 4688 indicare
1360 4634 1511 4706 quod
1543 4633 1700 4690 triste
1720 4637 1825 4704 est,
1846 4633 1996 4706 quod
2015 4633 2135 4704 qui-
2168 4629 2173 4630 ί
2234 4648 2357 4687 rem
2379 4630 2625 4687 veritatis
2651 4635 2845 4704 peccat
2866 4630 2922 4685 in
2944 4629 3252 4699 Christum,
3280 4634 3337 4684 et
3359 4634 3579 4702 patrem
3606 4630 3887 4687 omnium

504 4730 636 4784 dem
676 4742 902 4782 necesse
936 4730 1039 4798 est,
1068 4727 1199 4782 licet
1226 4726 1402 4795 tarde,
1432 4728 1706 4799 proferre.
1753 4727 1853 4782 Hic
1890 4726 2135 4798 denique
2236 4724 2603 4780 exacerbabit
2624 4726 2821 4790 Deum,
2851 4729 3086 4797 propter
3107 4723 3257 4795 quod
3278 4727 3334 4779 et
3362 4724 3476 4778 vita
3514 4723 3747 4779 carebit.
3783 4727 3886 4796 Ip-

501 4822 624 4893 ipse
648 4822 850 4876 Petrus
875 4820 973 4892 qui
1011 4838 1115 4892 pro
1157 4820 1441 4876 immensa
1475 4821 1771 4890 charitate,
1799 4836 1973 4893 quam
1997 4835 2137 4891 erga
2233 4834 2361 4873 sum
2389 4821 2581 4873 autem
2613 4819 2710 4891 qui
2736 4822 2945 4889 praeest
2968 4816 3189 4872 ceteris
3208 4820 3428 4888 oportet
3452 4815 3657 4871 medici
3681 4817 3887 4873 vicem

503 4931 705 4970 omnes
718 4914 982 4970 homines
999 4913 1619 4987 gerebat,palam,cum
1633 4913 1790 4970 omni
1803 4911 2137 4981 fiducia,ad-
2233 4927 2427 4982 agere,
2460 4916 2517 4967 et
2542 4929 2658 4966 non
2684 4911 2823 4966 ferae
2847 4909 3043 4965 bestiae.
3071 4910 3262 4964 furore
3292 4908 3657 4964 commoveri.
3682 4927 3712 4959 »
3742 4911 3894 4966 Haec

501 5013 761 5062 versante
781 5008 958 5062 etiam
981 5012 1247 5080 tyranno,
1266 5008 1440 5064 totius
1458 5007 1662 5064 mundi
1685 5007 1905 5061 bonum
1921 5004 2131 5075 praedi-
2234 5021 2301 5060 eo
2329 5005 2570 5074 dicente,
2615 5021 2723 5077 ego
2763 5003 3063 5076 procidens
3102 5003 3175 5057 ad
3210 5002 3382 5074 pedes
3412 5002 3553 5072 ejus,
3586 5002 3892 5073 rogabam

501 5117 631 5156 care
650 5116 767 5155 non
794 5101 1030 5169 destitit,
1063 5106 1121 5156 et
1144 5118 1343 5173 regem
1380 5102 1641 5157 omnium
1667 5099 2003 5153 saeculorum
2029 5115 2135 5169 per
2233 5115 2509 5154 excusans
2522 5114 2614 5153 me
2638 5101 2697 5153 et
2725 5097 3016 5152 declinans
3036 5096 3321 5150 honorem
3348 5095 3632 5150 cathedrae
3651 5096 3749 5150 vel
3771 5113 3890 5168 po-

504 5193 703 5250 orbem
722 5198 890 5249 terra:
913 5210 1095 5267 usque
1116 5195 1187 5250 ad
1203 5195 1378 5267 ipsius
1397 5190 2013 5262 Romanaeurbishujus
2028 5208 2131 5247 no-
2229 5196 2510 5249 testatem.
2558 5195 2629 5246 At
2670 5191 2762 5246 ille
2802 5188 3189 5261 respondens:
3234 5205 3340 5259 pro
3370 5188 3497 5256 hoc,
3544 5187 3754 5259 inquit,
3804 5206 3893 5245 ne

502 5286 709 5354 titiam,
734 5286 902 5342 etiam
925 5293 986 5343 ut
1004 5289 1127 5361 ipsa
1151 5289 1459 5345 salvaretur
1478 5285 1711 5341 invexit.
1750 5283 1868 5352 Hic,
1896 5284 2133 5356 inquam
2231 5303 2324 5342 me
2353 5285 2660 5358 rogaveris,
2699 5284 2807 5338 hoc
2842 5283 2997 5338 enim
3022 5281 3156 5337 fieri
3197 5285 3473 5336 statutum
3510 5286 3594 5336 est
3622 5280 3801 5349 mihi,
3828 5288 3899 5339 et

498 5396 605 5453 pro
629 5379 839 5451 pietate
875 5382 991 5453 pati
1018 5382 1232 5451 volens,
1265 5384 1608 5453 praesentem
1636 5378 1806 5434 vitam
1835 5377 2038 5433 ﬁnivit.
2070 5380 2133 5434 In
2232 5397 2298 5435 eo
2343 5379 2524 5451 magis
2551 5394 2664 5451 quo
2693 5382 2749 5434 te
2789 5393 3043 5446 excusas,
3088 5374 3220 5448 quia
3252 5374 3376 5429 haec
3406 5373 3676 5429 cathedra
3707 5390 3894 5445 eum,

500 5473 638 5545 ipsis
661 5477 855 5529 autem
886 5474 1088 5532 diebus
1113 5475 1319 5547 quibus
1337 5473 1512 5527 ﬁnem
1540 5472 1644 5528 sibi
1657 5471 1960 5528 imminere
1980 5489 2129 5544 prae-
2232 5473 2333 5546 qui
2356 5473 2513 5544 cupit
2535 5488 2662 5528 eam
2688 5474 2745 5527 et
2770 5470 3042 5526 audacter
3067 5468 3302 5540 expetit,
3332 5484 3449 5522 non
3478 5466 3744 5539 requirit,
3778 5469 3902 5524 sed

502 5565 705 5635 sensit,
758 5566 817 5622 in
869 5574 1148 5625 conventu
1198 5569 1440 5624 fratrum
1489 5567 1723 5637 positus,
1779 5567 2134 5638 apprehensa
2232 5572 2501 5622 ornatum
2519 5564 2771 5620 moribus
2801 5567 2857 5619 et
2881 5563 2943 5618 in
2971 5560 3151 5618 verbis
3178 5561 3486 5617 eruditum.
3518 5559 3682 5625 Quod
3715 5560 3770 5614 si
3804 5578 3907 5617 es-

500 5676 676 5716 manu
694 5677 839 5732 mea,
862 5668 1101 5736 repente
1127 5676 1473 5733 consurgens
1502 5660 1560 5714 in
1591 5660 1822 5715 auribus
1848 5660 2020 5716 totius
2035 5662 2131 5716 Ec-
2231 5664 2319 5716 set
2340 5659 2484 5715 alius
2512 5658 2737 5729 melior,
2774 5657 2821 5727 s_i
2852 5656 2979 5729 quis
3020 5655 3168 5711 mihi
3203 5654 3346 5710 alius
3369 5653 3598 5724 adjutor
3624 5657 3756 5709 tam
3794 5670 3902 5711 se-

502 5754 707 5824 clesiae,
735 5756 859 5812 haec
885 5756 1122 5828 protulit
1149 5754 1340 5810 verba.
1375 5776 1402 5804 α
1439 5753 1643 5809 Audite
1675 5770 1788 5823 me,
1822 5755 2045 5823 fratres,
2075 5760 2133 5810 et
2233 5753 2398 5809 dulus
2441 5752 2729 5821 astitisset,
2775 5751 2823 5805 si
2851 5749 2979 5823 quis
3020 5751 3137 5805 tam
3181 5748 3365 5820 plenae
3407 5747 3686 5803 doctrinas
3724 5763 3907 5804 mea:

504 5849 757 5903 (.‘UIISBI‘VI
804 5851 935 5919 mei,
975 5848 1244 5922 quoniam
1279 5853 1338 5903 ut
1378 5849 1607 5905 edoctus
1645 5864 1769 5903 sum
1814 5848 1883 5903 ab
1922 5865 1987 5902 eo
2033 5848 2129 5919 qui
2232 5847 2512 5904 rationem
2550 5845 2826 5919 coepisset,
2866 5842 2966 5902 sed
3003 5846 3062 5899 et
3097 5841 3502 5900 ecclesiasticas
3541 5840 3904 5914 dispositio-
