4068 6314
251 345 310 397 21
1503 342 1978 400 DECRETALIUM
2015 343 2398 400 COLLECTIO.
3549 348 3612 400 2'2

247 466 346 508 nes
375 469 409 508 a
440 467 533 507 me
559 453 675 506 tam
703 451 872 523 plane
899 450 1200 519 didicisset,
1228 449 1442 505 habens
1483 450 1660 506 alium
1684 451 1878 518 talem,
1902 463 1961 536 Α
1980 451 2081 523 est)
2126 451 2453 522 dispensare
2502 451 2764 522 sufﬁcias,
2809 457 2867 508 et
2912 453 3164 510 veritatis
3209 453 3382 508 verbo
3428 452 3607 508 abun-

244 561 362 600 non
390 551 447 601 te
474 561 678 616 cogere
706 560 848 616 Opus
875 544 1090 598 bonum
1122 543 1408 616 suscipere
1433 544 1748 598 nolentem.
1773 544 1876 599 Su-

245 641 534 710 perfluum
554 643 638 694 est
663 655 802 710 ergo
829 638 1003 693 alium
1028 653 1301 710 quarere,
1332 653 1464 692 cum
1489 637 1768 708 primitias
1793 654 1882 693 eo-

244 749 380 788 rum
407 732 503 804 qui
532 749 599 786 ex
631 731 938 804 gentilibus
977 746 1081 802 per
1111 747 1205 785 me
1249 730 1551 797 salvantur,
1585 735 1642 786 et
1682 731 1878 802 praci-

243 843 357 896 pue
390 827 558 896 hujus
599 825 752 880 urbis
784 827 839 880 te
879 824 1130 896 primum
1171 824 1480 879 obtulerim
1523 825 1654 878 Deo.
1690 824 1798 879 Sed
1828 828 1883 878 et

241 919 384 973 illud
439 919 662 974 intuere
692 960 706 986 ,
748 918 912 989 quia,
955 918 1001 971 si
1037 917 1355 988 periculum
1394 916 1604 988 peccati
1642 917 1879 985 timens,

244 1011 533 1085 suscipere
572 1012 790 1083 refugis
820 1010 1078 1067 Ecclesia
1116 1010 1516 1082 gubernacula,
1546 1015 1731 1065 certus
1764 1013 1882 1064 esto

241 1106 384 1179 quia
426 1105 671 1178 amplius
712 1121 932 1177 peccas,
963 1103 1062 1177 qui
1103 1104 1150 1158 si
1192 1105 1471 1177 populum
1513 1103 1614 1158 Dei
1642 1104 1794 1160 velut
1822 1102 1882 1158 in

241 1199 512 1254 ﬂuctibus
528 1199 779 1271 positum
797 1201 853 1253 et
868 1198 1277 1270 periclitantem
1291 1197 1442 1268 (cum
1461 1197 1663 1268 juvare
1679 1196 1877 1268 possis)

241 1292 700 1364 subterfugis,tui
716 1291 1110 1348 tantummodo
1124 1291 1340 1346 habens
1355 1290 1878 1357 considerationem,

241 1391 304 1441 et
322 1403 435 1441 non
457 1385 611 1457 quod
628 1385 688 1440 in
709 1401 1012 1440 commune
1031 1385 1296 1440 omnibus
1312 1384 1543 1456 expedit
1558 1383 1876 1455 providens.

241 1479 356 1535 Sed
383 1484 572 1534 certus
599 1483 718 1534 esto
742 1479 896 1551 quod
922 1494 1146 1535 necesse
1173 1481 1258 1534 est
1296 1482 1351 1534 te
1390 1478 1674 1548 suscipere
1711 1492 1881 1532 omne

241 1572 581 1644 periculum,
613 1573 746 1647 quia
769 1589 874 1628 nec
905 1589 1012 1644 ego
1052 1589 1155 1644 pro
1195 1572 1377 1627 salute
1417 1571 1677 1626 omnium
1713 1570 1877 1625 obse-

239 1667 454 1721 crando
480 1667 732 1722 cessabo.
757 1667 980 1731 Quanto
1007 1681 1144 1736 ergo
1168 1665 1308 1720 mihi
1329 1665 1492 1720 citius
1511 1663 1877 1735 acquieveris,

240 1765 402 1815 tanto
467 1776 559 1814 me
615 1759 778 1814 citius
846 1759 1055 1814 laboris
1114 1763 1172 1813 et
1229 1759 1469 1813 tristitia
1533 1774 1679 1812 mea
1734 1773 1876 1812 moe-

1987 544 2210 599 dantius
2232 547 2288 598 et
2304 544 2610 600 studiosius
2637 545 2938 602 deservire.
2963 547 3020 603 Si
3047 548 3202 602 enim
3229 545 3613 601 mundialibus

1981 637 2131 692 curis
2169 637 2344 692 fueris
2383 642 2703 710 occupatus,
2746 643 2802 695 et
2844 641 3092 712 teipsum
3141 640 3406 711 decipies,
3437 643 3495 694 et
3521 655 3613 695 eos

1982 730 2080 802 qui
2120 733 2174 786 te
2218 730 2474 798 audiunt,
2508 749 2626 787 non
2669 733 2822 788 enim
2859 734 3073 806 poteris
3111 750 3238 806 qua
3267 734 3337 788 ad
3371 733 3613 788 salutem

1980 823 2276 894 pertinent
2303 824 2524 895 plenius
2543 826 2784 898 singulis
2810 827 3130 900 quibusque
3161 827 3535 898 distinguere,
3557 829 3616 881 et

1982 933 2047 971 ex
2070 933 2135 972 eo
2164 917 2260 972 ﬂet
2286 920 2348 971 ut
2373 923 2428 972 et
2447 921 2505 972 tu
2529 921 2804 992 tanquam
2833 920 2930 992 qui
2957 937 3074 976 non
3102 921 3360 977 docueris
3387 937 3516 991 qua
3539 919 3613 974 ad

1981 1011 2222 1065 salutem
2251 1009 2555 1066 hominum
2601 1012 2887 1083 pertinent
2915 1015 3238 1086 deponaris,
3268 1017 3326 1070 et
3353 1011 3616 1085 discipuli

1981 1119 2084 1174 per
2112 1104 2492 1175 ignorantiam
2519 1110 2785 1176 pereant;
2814 1107 3023 1162 idcirco
3056 1112 3117 1162 tu
3149 1107 3380 1180 quidem
3404 1107 3478 1162 ad
3503 1106 3614 1162 hoc

1981 1197 2167 1252 solum
2215 1202 2433 1265 vacato,
2473 1201 2536 1252 ut
2577 1203 2893 1270 opportune
2937 1205 2994 1254 et
3031 1201 3151 1256 sine
3193 1200 3613 1256 intermissione

1982 1291 2180 1346 doceas
2205 1291 2444 1345 verbum
2473 1291 2595 1360 Dei,
2625 1307 2726 1362 per
2749 1293 2902 1364 quod
2929 1294 3167 1353 salutem
3194 1292 3463 1365 consequi
3489 1309 3613 1365 pos-

1981 1383 2112 1450 sint,
2146 1383 2227 1438 illi
2254 1399 2383 1438 vero
2407 1400 2539 1439 cum
2585 1387 2740 1440 tanta
2778 1387 3096 1441 reverentia
3136 1390 3235 1441 tua
3275 1386 3446 1442 verba
3489 1403 3608 1440 sus-

1980 1475 2210 1547 cipiant,
2236 1479 2507 1548 tanquam
2545 1477 2646 1549 qui
2687 1478 2866 1534 sciant
2902 1479 3156 1550 legatum
3199 1484 3256 1534 te
3299 1483 3354 1534 et
3393 1495 3609 1549 praco-

1980 1585 2114 1624 nem
2157 1585 2278 1624 esse
2317 1570 2593 1638 veritatis,
2622 1576 2680 1626 et
2713 1572 3092 1644 quodcunque
3138 1572 3404 1643 ligaveris
3442 1587 3614 1642 super

1981 1665 2214 1729 terram,
2247 1679 2367 1718 esse
2408 1663 2652 1734 ligatum
2706 1669 2763 1720 et
2813 1663 2872 1718 in
2911 1666 3073 1733 calo,
3117 1668 3175 1720 et
3212 1664 3613 1736 quodcumque

1982 1756 2231 1823 solveris,
2265 1757 2438 1812 etiam
2481 1757 2560 1812 ibi
2604 1773 2722 1813 esse
2766 1758 3123 1814 solvendum.
3158 1758 3444 1822 Quoniam
3492 1757 3615 1828 qui-

243 1869 374 1908 rore
419 1852 710 1908 relevabis.
757 1851 890 1907 Novi
940 1852 1117 1908 etiam
1164 1852 1294 1919 hoc,
1338 1868 1370 1906 o
1415 1852 1694 1918 Clemens,
1723 1849 1879 1922 quod
1899 1833 1955 1906 Β
1979 1849 2109 1904 dem
2136 1852 2192 1904 et
2217 1852 2278 1904 tu
2306 1851 2389 1920 (ut
2418 1850 2554 1923 dixi)
2581 1867 2706 1923 qua
2739 1855 2968 1924 oportet
3002 1851 3229 1924 ligabis,
3259 1853 3318 1906 et
3345 1867 3474 1923 qua
3514 1867 3610 1905 ex-

243 1945 345 2001 tibi
373 1945 547 2000 tadia
576 1950 634 2000 et
671 1945 971 2014 molestias,
999 1944 1250 2017 pericula
1278 1944 1452 2000 etiam
1493 1948 1552 1998 et
1577 1943 1880 2016 opprobria

243 2038 519 2094 ineruditi
565 2039 720 2110 vulgi
771 2038 1141 2111 indocilisque
1187 2037 1504 2108 conciliem,
1550 2053 1748 2109 quare,
1793 2040 1875 2106 tu,

246 2137 463 2200 tamen,
493 2131 608 2187 scio
645 2149 819 2204 quam
850 2136 1181 2188 constanter
1227 2137 1285 2187 et
1327 2131 1550 2186 fortiter
1589 2131 1758 2200 feras,
1786 2146 1875 2184 re-

243 2225 488 2297 spiciens
515 2226 584 2282 ad
606 2225 780 2281 aliam
802 2243 986 2298 spem,
1007 2243 1135 2298 qua
1155 2226 1260 2281 tibi
1283 2225 1436 2296 apud
1456 2225 1641 2279 Deum
1662 2224 1881 2296 patien-

248 2319 338 2374 tia
364 2324 650 2391 praparat
674 2336 966 2375 coronam.
993 2320 1107 2376 Sed
1132 2322 1189 2374 et
1208 2318 1353 2373 illud
1376 2317 1544 2390 cupio
1568 2322 1622 2373 te
1651 2333 1880 2372 mecum

237 2413 400 2484 juxta
440 2414 726 2468 rationem
768 2413 1104 2485 perspicere,
1134 2413 1362 2485 quando
1413 2412 1660 2468 maxima
1701 2427 1878 2482 opera

248 2510 345 2561 tua
379 2507 599 2578 indiget
640 2507 894 2562 Christus
936 2523 1108 2576 nunc,
1145 2523 1278 2560 cum
1307 2505 1569 2574 inimicjis
1608 2504 1878 2559 adversus

245 2616 512 2672 sponsam
545 2600 668 2670 ejus
699 2604 1016 2655 commovet
1040 2599 1278 2668 bellum,
1310 2615 1384 2653 an
1426 2598 1485 2652 in
1513 2598 1705 2653 futuro
1736 2601 1878 2652 tem-

246 2709 386 2766 pore
411 2695 636 2765 quando
659 2695 786 2765 jam
805 2693 1061 2748 Christus
1087 2696 1216 2764 post
1243 2692 1540 2748 victoriam
1567 2691 1881 2762 triumpha-

247 2788 350 2854 bit,
374 2804 479 2842 nec
506 2787 655 2842 ultra
675 2787 852 2842 ullius
879 2803 1050 2858 opera
1068 2786 1381 2858 indigebit?
1408 2785 1544 2850 Quis
1567 2801 1686 2840 non
1703 2783 1878 2839 etiam

247 2880 402 2952 parvi
427 2897 625 2936 sensus
650 2880 936 2952 intelligat
960 2880 1114 2952 quod
1141 2880 1290 2934 istud
1322 2883 1408 2935 est
1433 2883 1658 2950 tempus
1681 2878 1741 2932 in
1767 2893 1879 2949 quo

245 2991 478 3046 operam
506 2978 666 3029 tuam
704 2974 952 3029 Christus
976 2973 1260 3044 requirit?
1290 2974 1431 3028 Tota
1470 2973 1646 3043 igitur
1688 2976 1878 3026 mente

246 3068 304 3122 in
365 3067 633 3139 praesenti
687 3067 1022 3122 necessitate
1066 3067 1260 3139 prabe
1310 3082 1542 3139 operam
1597 3069 1776 3134 tuam,
1824 3068 1880 3119 et

247 3160 528 3216 auxilium
559 3160 617 3215 in
646 3160 854 3232 praliis
882 3159 1088 3215 exhibe
1122 3159 1261 3231 Regi
1295 3160 1514 3231 optimo
1545 3173 1874 3213 remunera-
1899 3199 1954 3274 Ο

248 3256 283 3274 ιτ
302 3273 315 3274 κ
349 3273 357 3274 κ
382 3272 393 3274 Α
414 3273 425 3274 κ
456 3271 505 3274 MA
526 3272 540 3274 _
563 3254 752 3274 ___43[!__
774 3273 785 3274 κ
820 3271 843 3274 __
863 3258 934 3274 _A1
956 3254 1240 3274 -_!-L___2-_-
1276 3253 1563 3274 _.__IJ!L-__._
1613 3253 1629 3274 I’
1656 3251 1879 3274 2L-_L-_

247 3256 431 3310 tiones
455 3254 790 3326 magniﬁcas
817 3258 939 3324 post
955 3254 1248 3308 victoriam
1275 3253 1590 3308 reddituro.
1613 3251 1880 3306 Libenter

247 3365 382 3420 ergo
424 3347 644 3418 suscipe
689 3347 1040 3418 episcopatus
1087 3346 1360 3413 ofﬁcium,
1391 3362 1457 3400 eo
1495 3345 1739 3400 maxime
1763 3361 1876 3414 quo

246 3441 646 3498 ecclesiasticas
693 3439 1086 3512 dispositiones
1130 3457 1164 3494 a
1205 3455 1298 3494 me
1338 3439 1710 3510 probabiliter
1737 3437 1877 3492 didi-

248 3535 391 3601 cisti,
418 3539 485 3590 ut
512 3533 662 3589 salus
691 3550 894 3588 eorum
918 3533 1012 3605 qui
1043 3549 1147 3604 per
1167 3549 1267 3587 nos
1293 3533 1668 3603 confugerunt
1686 3530 1758 3585 ad
1777 3532 1879 3586 Do-

249 3629 472 3682 minam
489 3642 855 3698 nequaquam
877 3626 1117 3693 vacillet,
1139 3631 1534 3681 verumtamen
1557 3627 1614 3678 et
1632 3622 1880 3678 breviter

249 3725 300 3776 te
329 3721 401 3776 de
438 3721 615 3791 ipsius
657 3719 1087 3791 dispensationis
1132 3719 1331 3774 ordine
1377 3734 1573 3773 coram
1612 3716 1879 3771 omnibus

247 3829 612 3868 commonere
666 3813 1043 3868 necessarium
1095 3812 1252 3868 duxi.
1301 3813 1375 3866 Te
1431 3811 1665 3882 quidem
1719 3825 1880 3881 opor-

247 3910 328 3961 tet
353 3906 929 3978 irreprehensibiliter
961 3907 1166 3974 vivere,
1195 3911 1252 3961 et
1280 3921 1512 3960 summo
1540 3903 1723 3958 studio
1751 3903 1876 3969 niti,

247 4005 312 4055 ut
339 4016 539 4055 omnes
568 4000 699 4054 vita
727 4000 897 4071 hujus
929 4000 1329 4071 occupationes
1365 3997 1616 4068 abjicias,
1638 4014 1712 4052 ne
1739 3997 1875 4051 fide-

243 4094 433 4163 jussor
473 4093 697 4162 existas,
723 4110 798 4147 ne
841 4093 1150 4148 advocatus
1196 4092 1382 4148 litium
1409 4092 1534 4159 ﬁas,
1568 4107 1639 4145 ne
1666 4091 1724 4144 in
1763 4091 1881 4145 ulla

249 4187 436 4258 aliqua
496 4187 866 4258 occupatione
931 4203 1163 4258 prorsus
1214 4185 1520 4240 inveniaris
1578 4182 1880 4238 mundialis

251 4280 465 4351 negotii
505 4279 803 4335 occasione
830 4281 1147 4352 perplexus.
1182 4280 1375 4350 Neque
1417 4278 1572 4333 enim
1601 4277 1877 4348 judicem,

251 4377 350 4428 aut
385 4373 743 4444 cognitorem
779 4373 1132 4428 saecularium
1180 4373 1568 4444 negotiorum,
1612 4370 1786 4425 hodie
1825 4373 1881 4426 te

255 4467 516 4522 ordinare
556 4467 680 4521 vult
714 4468 983 4536 Christus,
1010 4483 1082 4522 ne
1126 4467 1468 4538 prafocatus
1510 4464 1883 4536 prasentibus

1978 1943 2136 2014 pedit
2159 1943 2357 2011 solves,
2385 1949 2440 1999 et
2464 1943 2536 1999 ad
2571 1947 2626 1998 te
2663 1945 2759 2016 qui
2800 1961 2981 2018 praes
3009 1946 3115 2001 ista
3139 1945 3254 2002 sint
3282 1944 3524 2012 monita,
3559 1950 3616 2000 et

1978 2036 2066 2090 his
2102 2035 2327 2092 similia.

2047 2129 2136 2184 Ad
2186 2129 2547 2201 presbyteros
2597 2146 2729 2186 vero
2781 2132 2894 2187 sint
2939 2133 3068 2187 ista.
3108 2134 3255 2188 Ante
3307 2133 3502 2188 omnia
3549 2139 3615 2189 ut

1979 2221 2266 2293 pudicitia
2282 2222 2574 2278 studentes
2589 2224 2981 2281 adolescentes
2994 2225 3208 2296 nuptiis
3220 2225 3488 2297 jungant,
3503 2243 3614 2298 quo

1979 2314 2223 2370 calorem
2248 2315 2512 2371 ferventis
2547 2317 2730 2373 atatis
2759 2319 3046 2391 conjugali
3081 2319 3209 2391 lege
3243 2319 3612 2392 praveniant,

1979 2408 2076 2463 sed
2103 2424 2175 2462 ne
2204 2408 2262 2462 in
2283 2410 2729 2480 provectioribu‘s
2755 2412 2992 2484 quidem
3033 2429 3231 2468 curam
3266 2413 3476 2468 habere
3504 2413 3609 2468 hu-

1971 2500 2230 2572 jusmodi
2276 2503 2592 2574 negligant,
2625 2504 2757 2575 quia
2797 2505 2856 2559 in
2901 2506 3116 2573 multis,
3150 2507 3323 2562 etiam
3361 2523 3494 2561 cum
3523 2523 3609 2561 se-

1982 2594 2168 2650 nuerit
2213 2611 2419 2667 corpus
2463 2597 2922 2668 concupiscentia
2965 2599 3137 2671 viget,
3173 2616 3246 2654 ne
3284 2601 3432 2656 forte
3472 2615 3611 2670 ergo

1979 2687 2368 2742 fornicationis
2438 2689 2595 2744 labes
2652 2691 2965 2759 (occasione
3034 2694 3284 2764 accepta)
3337 2698 3611 2765 tanquam

1977 2796 2262 2836 venenum
2289 2782 2605 2853 pessimum
2634 2787 2823 2855 serpat
2847 2785 2906 2839 in
2937 2785 3122 2853 nobis,
3151 2802 3346 2842 cavere
3374 2791 3430 2841 et
3459 2790 3610 2841 ante-

1977 2874 2170 2928 venire
2217 2875 2597 2930 necessarium
2641 2881 2744 2944 est,
2775 2893 2848 2932 ne
2887 2879 3038 2950 quod
3064 2879 3124 2934 in
3159 2879 3320 2934 nobis
3349 2878 3613 2934 adulterii

1978 2967 2260 3022 occultum
2310 2968 2556 3024 calescat
2598 2969 2951 3026 incendium.
2980 2973 3051 3026 Et
3087 2973 3226 3044 quid
3255 2973 3314 3028 in
3347 2972 3612 3028 omnibus

1979 3060 2220 3131 peccatis
2258 3061 2534 3116 adulterio
2581 3063 2847 3133 gravius?
2891 3065 3218 3120 Secundum
3261 3082 3511 3138 namque
3548 3066 3606 3120 in

1979 3154 2160 3226 poenis
2185 3154 2402 3210 obtinet
2430 3155 2638 3225 locum,
2668 3157 2944 3228 quoniam
2975 3159 3210 3230 quidem
3248 3160 3504 3231 primum
3530 3159 3608 3215 illi

1980 3248 2200 3303 habent
2221 3249 2319 3321 qui
2344 3248 2610 3304 aberrant
2635 3267 2670 3306 a
2688 3253 2820 3320 Deo,
2848 3251 3020 3308 etiam
3046 3253 3093 3307 si
3135 3253 3322 3309 sobrie
3349 3253 3605 3309 vixerint.

1978 3343 2219 3413 Propter
2247 3343 2398 3414 quod
2435 3360 2532 3398 vos
2571 3345 2886 3417 presbyteri
2928 3347 3233 3402 Ecclesiam
3273 3348 3510 3404 excolite
3557 3354 3613 3402 et.
3677 3399 3695 3414 ,

1978 3435 2253 3490 adornate
2295 3452 2561 3507 sponsam
2604 3438 2810 3493 Christi
2849 3441 2921 3494 ad
2959 3441 3309 3512 pudicitiam,
3341 3457 3611 3513 sponsam

1977 3532 2170 3582 autem
2201 3527 2348 3598 dico,
2371 3545 2602 3585 omnem
2631 3531 2894 3586 Ecclesia
2925 3534 3456 3606 congregationem,
3480 3552 3612 3606 qua

1978 3621 2025 3675 si
2054 3620 2258 3692 pudica
2284 3621 2453 3676 fuerit
2480 3621 2716 3677 inventa
2739 3641 2773 3676 a
2798 3641 3005 3695 sponso
3037 3643 3160 3695 suo,
3189 3627 3518 3698 ingentibus
3541 3628 3610 3681 ab

1980 3731 2049 3769 eo
2081 3713 2242 3768 donis
2269 3718 2327 3769 et
2354 3715 2692 3770 muneribus
2719 3716 3111 3787 honorabitur,
3130 3723 3188 3774 et
3202 3737 3298 3774 vos
3324 3721 3478 3776 velut
3501 3720 3608 3775 mi-

1981 3807 2144 3863 nistri
2167 3823 2409 3878 sponsa,
2442 3812 2501 3863 et
2522 3808 2689 3864 amici
2718 3812 2908 3883 sponsi
2933 3812 3159 3885 ingenti
3188 3813 3402 3885 gaudio
3428 3818 3485 3869 et
3513 3815 3608 3868 la-

1979 3901 2101 3956 titia
2125 3902 2516 3972 perfruemini.
2547 3904 2604 3959 Si
2627 3921 2763 3960 vero
2794 3922 3002 3977 sponsa
3035 3908 3158 3962 hac
3185 3913 3411 3979 reperta
3439 3909 3615 3965 fuerit

1980 3995 2385 4050 commaculata
2406 3997 2669 4066 peccatis,
2687 3997 2812 4070 ipsa
2832 3999 3066 4071 quidem
3083 4003 3358 4074 tanquam
3374 4002 3613 4075 indigna

1982 4103 2098 4141 non
2125 4087 2382 4142 tradetur
2408 4090 2696 4160 regalibus
2723 4091 2922 4160 thoris,
2944 4109 3042 4148 vos
3080 4099 3272 4150 autem
3302 4113 3496 4166 poenas
3521 4097 3614 4152 da-

1980 4180 2196 4249 bitis,’si
2221 4181 2369 4236 forte
2389 4199 2493 4252 per
2511 4186 2759 4240 vestram
2778 4187 3190 4258 negligentiam
3209 4190 3296 4244 vel
3315 4190 3612 4258 desidiam,

1983 4273 2296 4345 obrepserit
2338 4276 2604 4348 contagio
2648 4295 2795 4333 sava
2832 4283 3067 4351 peccati.
3097 4282 3304 4337 Idcirco
3337 4287 3470 4338 ante
3497 4301 3614 4339 om-

1981 4367 2076 4421 nia
2122 4367 2442 4423 sobrietatis
2485 4373 2542 4444 et
2584 4372 2874 4441 pudicitia
2920 4375 3364 4432 sollicitudinem
3411 4379 3611 4450 gerite.

1981 4460 2150 4514 Valde
2175 4460 2329 4516 enim
2360 4463 2510 4533 apud
2536 4465 2718 4519 Deum
2765 4483 2934 4537 grave
2979 4467 3194 4524 crimen
3234 4469 3462 4526 ducitur
3498 4473 3611 4527 for-

257 4561 554 4616 hominum
605 4561 773 4628 curis,
823 4578 934 4616 non
983 4561 1159 4632 possis
1195 4559 1368 4616 verbo
1415 4559 1508 4614 Dei
1558 4575 1776 4624 vacare,
1827 4562 1961 4638 etD
1985 4553 2208 4620 nicatio,
2245 4555 2407 4625 cujus
2433 4557 2646 4626 species
2673 4564 2804 4614 sunt
2828 4561 3060 4630 quidem
3104 4560 3312 4634 plures,
3345 4563 3489 4618 sicut
3516 4582 3610 4620 vo-

256 4655 564 4709 secundum
596 4655 847 4709 veritatis
873 4654 1134 4726 regulam
1169 4669 1464 4709 secernere
1494 4653 1670 4707 bonos
1700 4669 1733 4706 a
1764 4668 1882 4706 ma-

253 4749 338 4802 lis.
368 4750 479 4803 lsta
511 4765 756 4819 namque
787 4764 982 4820 opera,
1021 4764 1150 4819 qua
1192 4747 1294 4801 tibi
1338 4748 1528 4801 minus
1569 4761 1887 4817 congruere

253 4843 512 4912 superius
535 4841 921 4912 exposuimus,
943 4840 1251 4896 exhibeant
1274 4841 1379 4894 sibi
1402 4839 1643 4894 invicem
1667 4838 1882 4894 discen-

251 4939 354 5001 tes,
387 4935 442 4989 id
479 4939 565 4989 est
594 4934 746 5002 laici,
785 4938 842 4989 et
893 4939 946 4989 te
992 4950 1164 4989 nemo
1215 4937 1449 5004 occupet
1473 4933 1543 4988 ab
1574 4932 1662 4986 his
1689 4931 1888 4986 studiis

253 5044 350 5097 per
393 5044 525 5099 qua
576 5027 728 5082 salus
774 5027 1038 5082 omnibus
1080 5028 1266 5094 datur,
1299 5027 1441 5082 sicut
1467 5026 1624 5081 enim
1653 5025 1754 5080 tibi
1779 5025 1885 5078 im-

255 5121 471 5190 pietatis
496 5122 716 5175 crimen
745 5123 848 5190 est,
882 5120 1154 5192 neglectis
1182 5121 1340 5175 verbi
1381 5120 1482 5175 Dei
1525 5119 1743 5185 studiis,
1775 5119 1886 5173 sol-

253 5214 572 5269 licitudines
635 5214 919 5285 suscipere
981 5214 1295 5279 saculares,
1329 5214 1408 5269 ita
1469 5217 1526 5268 et
1585 5212 1886 5283 unicuique

251 5305 524 5361 laicorum
566 5310 865 5378 peccatum
911 5310 1015 5374 est,
1049 5306 1154 5361 nisi
1192 5306 1438 5361 invicem
1475 5305 1601 5373 sibi,
1632 5304 1802 5359 etiam
1829 5304 1888 5358 in

254 5399 334 5454 his
361 5415 491 5470 qua
518 5400 591 5454 ad
617 5399 939 5453 communis
962 5399 1090 5454 vita
1115 5415 1284 5454 usum
1313 5399 1622 5470 pertinent,
1653 5414 1886 5468 operam

249 5492 490 5548 ﬁdeliter
520 5493 802 5548 dederint.
848 5493 924 5547 Te
965 5509 1096 5548 vero
1142 5509 1402 5548 securum
1449 5492 1656 5558 facere,
1701 5494 1758 5544 et
1802 5491 1888 5545 his

249 5586 450 5656 quibus
470 5587 648 5642 debes
664 5591 1184 5655 vacantem,omnes
1199 5585 1588 5641 communiter
1607 5584 1883 5639 laborent.

247 5680 400 5746 Quod
430 5679 476 5734 si
502 5679 650 5734 forte
689 5696 724 5734 a
760 5680 1077 5752 semetipsis
1105 5679 1215 5735 hoc
1245 5679 1370 5734 laici
1399 5695 1512 5733 non
1540 5676 1884 5747 intelligunt,

248 5789 344 5841 per
368 5773 646 5828 diaconos
675 5773 950 5828 edocendi
989 5777 1140 5838 sunt,
1178 5777 1244 5827 ut
1293 5772 1394 5827 tibi
1436 5772 1606 5826 solius
1637 5771 1887 5824 ecclesia

247 5865 657 5921 sollicitudines
684 5865 1100 5939 derelinquant,
1137 5866 1290 5938 quod
1321 5867 1500 5937 ipsam
1530 5866 1543 5934 (
1551 5867 1613 5918 ut
1644 5864 1884 5934 dignum

1987 4647 2072 4701 bis
2095 4651 2153 4702 et
2176 4647 2297 4719 ipse
2318 4649 2582 4704 Clemens
2597 4651 2902 4722 diligenter
2916 4659 3159 4724 exponet
3187 4674 3198 4710 :
3222 4659 3611 4713 verumtamen

1987 4741 2174 4811 prima
2199 4741 2408 4812 species
2437 4742 2698 4797 adulterii
2723 4747 2807 4798 est
2835 4746 3022 4801 virum
3054 4747 3286 4819 propria
3319 4765 3498 4806 uxore
3527 4768 3614 4806 so-

1986 4833 2280 4889 lummodo
2300 4849 2414 4889 non
2434 4850 2554 4890 esse
2573 4839 2926 4905 contentum,
2947 4843 3005 4894 et
3029 4840 3332 4897 mulierem
3359 4860 3472 4900 non
3493 4862 3617 4917 pro-

1987 4927 2110 5000 prio
2157 4932 2383 4983 tantum
2431 4945 2656 4984 servare
2701 4947 2760 4985 sc
2787 4933 2927 4988 viro.
2957 4933 3016 4988 Si
3060 4951 3198 5006 ergo
3231 4943 3414 4993 castus
3446 4940 3620 4995 fuerit

1987 5021 2133 5093 quis,
2156 5026 2346 5094 potest
2365 5028 2421 5078 et
2441 5023 2728 5079 humanus
2753 5029 2810 5080 et
2828 5026 3150 5083 misericors
3174 5028 3318 5099 ﬁeri,
3340 5049 3443 5103 per
3467 5035 3616 5105 quod

1989 5119 2048 5169 et
2071 5115 2193 5186 ipse
2224 5119 2499 5170 aternam
2527 5135 2561 5172 a
2589 5118 2702 5172 Deo
2742 5118 3190 5178 misericordiam
3217 5131 3614 5198 consequatur,

1988 5223 2124 5264 sane
2145 5208 2288 5264 sicut
2313 5209 2577 5265 adulterii
2599 5227 2886 5268 venenum
2905 5217 3122 5271 cunctis
3149 5218 3316 5272 malis
3343 5221 3620 5290 pernicio-

1987 5302 2102 5356 sius
2146 5307 2248 5368 est,
2278 5301 2355 5356 ita
2387 5319 2550 5358 amor
2573 5304 2858 5361 fraternus
2902 5312 2960 5363 et
3005 5309 3248 5364 charitas
3281 5313 3455 5368 totius
3480 5313 3617 5370 boni

1988 5394 2280 5466 fastigium
2309 5399 2485 5450 tenet.
2517 5397 2582 5452 Et
2619 5397 2747 5453 ideo
2773 5399 2992 5472 diligite
3039 5420 3238 5459 omnes
3281 5405 3484 5462 fratres
3529 5425 3619 5463 vc-

1989 5491 2154 5555 stros,
2186 5491 2242 5543 et
2275 5503 2404 5542 cum
2435 5488 2713 5561 religione
2736 5510 2801 5547 ac
2835 5494 3224 5553 misericordia
3259 5500 3520 5572 respicite
3546 5503 3616 5555 ad

1990 5596 2206 5646 omnes,
2255 5581 2524 5652 orphanis
2580 5585 2849 5642 exhibete
2902 5591 3274 5662 vosmetipsos
3331 5597 3615 5664 parentes,

1990 5673 2172 5728 viduis
2196 5673 2451 5730 virorum
2493 5693 2691 5735 curam
2737 5680 3072 5753 impendite,
3104 5701 3234 5740 cum
3267 5685 3423 5740 omni
3454 5688 3618 5743 casti-

1987 5772 2101 5822 tate
2127 5783 2253 5838 qua
2277 5771 2597 5825 necessaria
2616 5776 2748 5829 sunt
2771 5775 3113 5845 prabentes,
3135 5777 3397 5848 juniores
3424 5783 3617 5836 tamen

1988 5860 2183 5916 viduas
2225 5861 2436 5933 nuptiis
2481 5867 2762 5935 copulate.
2796 5869 2889 5922 His
2919 5871 3014 5940 qui
3059 5871 3326 5941 ignorant
3355 5874 3612 5938 artiﬁcia,
