  <div class='ocr_page' id='page_1' title='image "/cluster/home/n/w/nwhite01/storage/ocr_20150623/130/umn.319510024774230/043.png"; bbox 0 0 4068 6314; ppageno 0'>
   <div class='ocr_carea' id='block_1_1' title="bbox 427 340 3794 400">
    <p class='ocr_par' dir='ltr' id='par_1_1' title="bbox 427 340 3794 400">
     <span class='ocr_line' id='line_1_1' title="bbox 427 340 3794 400; baseline -0.002 0"><span class='ocrx_word' id='word_1_1' title='bbox 427 348 493 400; x_wconf 74' lang='grc'><strong>23</strong></span> <span class='ocrx_word' id='word_1_2' title='bbox 1310 345 1588 398; x_wconf 80' lang='lat' dir='ltr'><strong>APPEND.</strong></span> <span class='ocrx_word' id='word_1_3' title='bbox 1632 343 1718 398; x_wconf 78' lang='lat' dir='ltr'><strong>AD</strong></span> <span class='ocrx_word' id='word_1_4' title='bbox 1757 342 1917 396; x_wconf 53' lang='lat' dir='ltr'><strong>SJ‘jC.</strong></span> <span class='ocrx_word' id='word_1_5' title='bbox 1963 343 2046 395; x_wconf 75' lang='lat' dir='ltr'><strong>IX.</strong></span> <span class='ocrx_word' id='word_1_6' title='bbox 2079 370 2148 381; x_wconf 85' lang='lat'><strong>-—-</strong></span> <span class='ocrx_word' id='word_1_7' title='bbox 2188 342 2436 397; x_wconf 78' lang='lat' dir='ltr'><strong>lSlDOltl</strong></span> <span class='ocrx_word' id='word_1_8' title='bbox 2478 342 2906 398; x_wconf 74' lang='lat' dir='ltr'><strong>MERCATORIS</strong></span> <span class='ocrx_word' id='word_1_9' title='bbox 3728 340 3794 392; x_wconf 64' lang='grc'><strong>24</strong></span> 
     </span>
    </p>
   </div>
   <div class='ocr_carea' id='block_1_2' title="bbox 422 445 3792 533">
    <p class='ocr_par' dir='ltr' id='par_1_2' title="bbox 422 445 3792 533">
     <span class='ocr_line' id='line_1_2' title="bbox 422 445 3792 533; baseline -0.002 -25"><span class='ocrx_word' id='word_1_10' title='bbox 422 452 702 525; x_wconf 76' lang='lat' dir='ltr'><strong>exquirite</strong></span> <span class='ocrx_word' id='word_1_11' title='bbox 731 453 998 508; x_wconf 81' lang='lat' dir='ltr'><strong>honestas</strong></span> <span class='ocrx_word' id='word_1_12' title='bbox 1025 452 1246 524; x_wconf 88' lang='lat' dir='ltr'><strong>aliquas</strong></span> <span class='ocrx_word' id='word_1_13' title='bbox 1271 451 1588 507; x_wconf 84' lang='lat' dir='ltr'><strong>occasiones</strong></span> <span class='ocrx_word' id='word_1_14' title='bbox 1616 449 1820 521; x_wconf 86' lang='lat' dir='ltr'><strong>quibus</strong></span> <span class='ocrx_word' id='word_1_15' title='bbox 1845 449 2055 504; x_wconf 91' lang='lat' dir='ltr'><strong>victum</strong></span> <span class='ocrx_word' id='word_1_16' title='bbox 2078 460 2136 533; x_wconf 77' lang='grc' dir='ltr'><strong>Α</strong></span> <span class='ocrx_word' id='word_1_17' title='bbox 2157 449 2511 506; x_wconf 91' lang='lat' dir='ltr'><strong>commoneri</strong></span> <span class='ocrx_word' id='word_1_18' title='bbox 2552 450 2623 504; x_wconf 92' lang='lat' dir='ltr'><strong>ab</strong></span> <span class='ocrx_word' id='word_1_19' title='bbox 2663 465 2728 504; x_wconf 92' lang='lat' dir='ltr'><strong>eo</strong></span> <span class='ocrx_word' id='word_1_20' title='bbox 2753 448 2932 520; x_wconf 78' lang='lat' dir='ltr'><strong>possit</strong></span> <span class='ocrx_word' id='word_1_21' title='bbox 2962 449 3047 502; x_wconf 89' lang='lat' dir='ltr'><strong>his</strong></span> <span class='ocrx_word' id='word_1_22' title='bbox 3078 448 3175 520; x_wconf 87' lang='lat' dir='ltr'><strong>qui</strong></span> <span class='ocrx_word' id='word_1_23' title='bbox 3206 447 3263 502; x_wconf 89' lang='lat' dir='ltr'><strong>in</strong></span> <span class='ocrx_word' id='word_1_24' title='bbox 3290 445 3672 520; x_wconf 75' lang='lat' dir='ltr'><strong>przecipitium</strong></span> <span class='ocrx_word' id='word_1_25' title='bbox 3702 447 3792 500; x_wconf 91' lang='lat' dir='ltr'><strong>la-</strong></span> 
     </span>
    </p>
   </div>
   <div class='ocr_carea' id='block_1_3' title="bbox 421 546 2056 618">
    <p class='ocr_par' dir='ltr' id='par_1_3' title="bbox 421 546 2056 618">
     <span class='ocr_line' id='line_1_3' title="bbox 421 546 2056 618; baseline -0.003 -16"><span class='ocrx_word' id='word_1_26' title='bbox 421 547 802 603; x_wconf 89' lang='lat' dir='ltr'><strong>necessarium</strong></span> <span class='ocrx_word' id='word_1_27' title='bbox 832 551 1107 618; x_wconf 68' lang='lat' dir='ltr'><strong>quierant.</strong></span> <span class='ocrx_word' id='word_1_28' title='bbox 1139 546 1455 601; x_wconf 83' lang='lat' dir='ltr'><strong>Artificibus</strong></span> <span class='ocrx_word' id='word_1_29' title='bbox 1483 561 1617 599; x_wconf 91' lang='lat' dir='ltr'><strong>vero</strong></span> <span class='ocrx_word' id='word_1_30' title='bbox 1650 561 1885 616; x_wconf 82' lang='lat' dir='ltr'><strong>operam</strong></span> <span class='ocrx_word' id='word_1_31' title='bbox 1922 560 2056 616; x_wconf 91' lang='lat' dir='ltr'><strong>pro-</strong></span> 
     </span>
    </p>
   </div>
   <div class='ocr_carea' id='block_1_4' title="bbox 421 637 2058 707">
    <p class='ocr_par' dir='ltr' id='par_1_4' title="bbox 421 637 2058 707">
     <span class='ocr_line' id='line_1_4' title="bbox 421 637 2058 707; baseline 0.001 -16"><span class='ocrx_word' id='word_1_32' title='bbox 421 640 628 707; x_wconf 88' lang='lat' dir='ltr'><strong>videte,</strong></span> <span class='ocrx_word' id='word_1_33' title='bbox 662 640 939 695; x_wconf 88' lang='lat' dir='ltr'><strong>debilibus</strong></span> <span class='ocrx_word' id='word_1_34' title='bbox 988 639 1432 694; x_wconf 89' lang='lat' dir='ltr'><strong>misericordiam</strong></span> <span class='ocrx_word' id='word_1_35' title='bbox 1475 637 1660 693; x_wconf 88' lang='lat' dir='ltr'><strong>facite.</strong></span> <span class='ocrx_word' id='word_1_36' title='bbox 1693 637 1816 693; x_wconf 92' lang='lat' dir='ltr'><strong>Scio</strong></span> <span class='ocrx_word' id='word_1_37' title='bbox 1866 640 2058 692; x_wconf 88' lang='lat' dir='ltr'><strong>autem</strong></span> 
     </span>
    </p>
   </div>
   <div class='ocr_carea' id='block_1_5' title="bbox 424 731 2055 802">
    <p class='ocr_par' dir='ltr' id='par_1_5' title="bbox 424 731 2055 802">
     <span class='ocr_line' id='line_1_5' title="bbox 424 731 2055 802; baseline -0.002 -14"><span class='ocrx_word' id='word_1_38' title='bbox 424 735 548 788; x_wconf 69' lang='lat' dir='ltr'><strong>haec</strong></span> <span class='ocrx_word' id='word_1_39' title='bbox 577 734 770 788; x_wconf 85' lang='lat' dir='ltr'><strong>omnia</strong></span> <span class='ocrx_word' id='word_1_40' title='bbox 799 735 1046 789; x_wconf 87' lang='lat' dir='ltr'><strong>facturos</strong></span> <span class='ocrx_word' id='word_1_41' title='bbox 1073 750 1190 799; x_wconf 93' lang='lat' dir='ltr'><strong>vos,</strong></span> <span class='ocrx_word' id='word_1_42' title='bbox 1221 732 1268 786; x_wconf 88' lang='lat' dir='ltr'><strong>si</strong></span> <span class='ocrx_word' id='word_1_43' title='bbox 1296 731 1638 787; x_wconf 89' lang='lat' dir='ltr'><strong>charitatem</strong></span> <span class='ocrx_word' id='word_1_44' title='bbox 1670 748 1786 802; x_wconf 68' lang='lat' dir='ltr'><strong>pm</strong></span> <span class='ocrx_word' id='word_1_45' title='bbox 1816 731 2055 799; x_wconf 80' lang='lat' dir='ltr'><strong>caeteris,</strong></span> 
     </span>
    </p>
   </div>
   <div class='ocr_carea' id='block_1_6' title="bbox 424 825 2062 896">
    <p class='ocr_par' dir='ltr' id='par_1_6' title="bbox 424 825 2062 896">
     <span class='ocr_line' id='line_1_6' title="bbox 424 825 2062 896; baseline -0.002 -14"><span class='ocrx_word' id='word_1_46' title='bbox 424 831 480 882; x_wconf 93' lang='lat' dir='ltr'><strong>et</strong></span> <span class='ocrx_word' id='word_1_47' title='bbox 509 833 641 883; x_wconf 85' lang='lat' dir='ltr'><strong>ante</strong></span> <span class='ocrx_word' id='word_1_48' title='bbox 672 827 865 882; x_wconf 84' lang='lat' dir='ltr'><strong>omnia</strong></span> <span class='ocrx_word' id='word_1_49' title='bbox 894 826 952 882; x_wconf 92' lang='lat' dir='ltr'><strong>in</strong></span> <span class='ocrx_word' id='word_1_50' title='bbox 972 832 1154 882; x_wconf 88' lang='lat' dir='ltr'><strong>vestro</strong></span> <span class='ocrx_word' id='word_1_51' title='bbox 1183 825 1356 879; x_wconf 91' lang='lat' dir='ltr'><strong>corde</strong></span> <span class='ocrx_word' id='word_1_52' title='bbox 1383 825 1595 896; x_wconf 82' lang='lat' dir='ltr'><strong>figatis.</strong></span> <span class='ocrx_word' id='word_1_53' title='bbox 1625 826 1796 895; x_wconf 86' lang='lat' dir='ltr'>Cujus</span> <span class='ocrx_word' id='word_1_54' title='bbox 1821 825 2062 879; x_wconf 89' lang='lat' dir='ltr'><strong>charita-</strong></span> 
     </span>
    </p>
   </div>
   <div class='ocr_carea' id='block_1_7' title="bbox 427 917 2058 991">
    <p class='ocr_par' dir='ltr' id='par_1_7' title="bbox 427 917 2058 991">
     <span class='ocr_line' id='line_1_7' title="bbox 427 917 2058 991; baseline -0.001 -18"><span class='ocrx_word' id='word_1_55' title='bbox 427 919 499 973; x_wconf 90' lang='lat' dir='ltr'><strong>tis</strong></span> <span class='ocrx_word' id='word_1_56' title='bbox 521 923 579 975; x_wconf 93' lang='lat' dir='ltr'><strong>et</strong></span> <span class='ocrx_word' id='word_1_57' title='bbox 607 920 951 991; x_wconf 81' lang='lat' dir='ltr'><strong>recipiendae</strong></span> <span class='ocrx_word' id='word_1_58' title='bbox 977 924 1032 975; x_wconf 91' lang='lat' dir='ltr'><strong>et</strong></span> <span class='ocrx_word' id='word_1_59' title='bbox 1059 917 1337 973; x_wconf 60' lang='lat' dir='ltr'><strong>habenda</strong></span> <span class='ocrx_word' id='word_1_60' title='bbox 1366 917 1682 973; x_wconf 84' lang='lat' dir='ltr'><strong>maximum</strong></span> <span class='ocrx_word' id='word_1_61' title='bbox 1709 917 1819 972; x_wconf 90' lang='lat' dir='ltr'><strong>erit</strong></span> <span class='ocrx_word' id='word_1_62' title='bbox 1839 918 2058 972; x_wconf 88' lang='lat' dir='ltr'><strong>fomen-</strong></span> 
     </span>
    </p>
   </div>
   <div class='ocr_carea' id='block_1_8' title="bbox 424 1010 2062 1085">
    <p class='ocr_par' dir='ltr' id='par_1_8' title="bbox 424 1010 2062 1085">
     <span class='ocr_line' id='line_1_8' title="bbox 424 1010 2062 1085; baseline -0.002 -17"><span class='ocrx_word' id='word_1_63' title='bbox 424 1017 568 1081; x_wconf 89' lang='lat' dir='ltr'><strong>tum,</strong></span> <span class='ocrx_word' id='word_1_64' title='bbox 601 1015 648 1069; x_wconf 87' lang='lat' dir='ltr'><strong>si</strong></span> <span class='ocrx_word' id='word_1_65' title='bbox 671 1014 1004 1085; x_wconf 90' lang='lat' dir='ltr'><strong>frequenter</strong></span> <span class='ocrx_word' id='word_1_66' title='bbox 1027 1013 1178 1067; x_wconf 90' lang='lat' dir='ltr'><strong>inter</strong></span> <span class='ocrx_word' id='word_1_67' title='bbox 1202 1012 1578 1083; x_wconf 83' lang='lat' dir='ltr'><strong>vosmetipsos</strong></span> <span class='ocrx_word' id='word_1_68' title='bbox 1604 1027 1969 1067; x_wconf 89' lang='lat' dir='ltr'><strong>communem</strong></span> <span class='ocrx_word' id='word_1_69' title='bbox 1991 1010 2062 1065; x_wconf 86' lang='lat' dir='ltr'><strong>ci-</strong></span> 
     </span>
    </p>
   </div>
   <div class='ocr_carea' id='block_1_9' title="bbox 426 1104 2061 1177">
    <p class='ocr_par' dir='ltr' id='par_1_9' title="bbox 426 1104 2061 1177">
     <span class='ocr_line' id='line_1_9' title="bbox 426 1104 2061 1177; baseline -0.001 -18"><span class='ocrx_word' id='word_1_70' title='bbox 426 1105 566 1162; x_wconf 88' lang='lat' dir='ltr'><strong>bum</strong></span> <span class='ocrx_word' id='word_1_71' title='bbox 627 1111 893 1171; x_wconf 89' lang='lat' dir='ltr'><strong>vestrum,</strong></span> <span class='ocrx_word' id='word_1_72' title='bbox 945 1121 1319 1177; x_wconf 86' lang='lat' dir='ltr'><strong>mensamque</strong></span> <span class='ocrx_word' id='word_1_73' title='bbox 1383 1104 1618 1173; x_wconf 84' lang='lat' dir='ltr'><strong>faciatis,</strong></span> <span class='ocrx_word' id='word_1_74' title='bbox 1671 1109 1728 1160; x_wconf 93' lang='lat' dir='ltr'><strong>et</strong></span> <span class='ocrx_word' id='word_1_75' title='bbox 1785 1108 2061 1176; x_wconf 89' lang='lat' dir='ltr'><strong>quantum</strong></span> 
     </span>
    </p>
   </div>
   <div class='ocr_carea' id='block_1_10' title="bbox 431 1198 2064 1273">
    <p class='ocr_par' dir='ltr' id='par_1_10' title="bbox 431 1198 2064 1273">
     <span class='ocr_line' id='line_1_10' title="bbox 431 1198 2064 1273; baseline -0.004 -16"><span class='ocrx_word' id='word_1_76' title='bbox 431 1201 815 1273; x_wconf 88' lang='lat' dir='ltr'><strong>unusquisque</strong></span> <span class='ocrx_word' id='word_1_77' title='bbox 841 1200 1129 1270; x_wconf 70' lang='lat' dir='ltr'><strong>prmvalet,</strong></span> <span class='ocrx_word' id='word_1_78' title='bbox 1162 1198 1416 1253; x_wconf 84' lang='lat' dir='ltr'><strong>crebrius</strong></span> <span class='ocrx_word' id='word_1_79' title='bbox 1446 1215 1619 1270; x_wconf 90' lang='lat' dir='ltr'><strong>panes</strong></span> <span class='ocrx_word' id='word_1_80' title='bbox 1661 1215 1724 1252; x_wconf 92' lang='lat' dir='ltr'><strong>ac</strong></span> <span class='ocrx_word' id='word_1_81' title='bbox 1767 1199 1912 1252; x_wconf 91' lang='lat' dir='ltr'><strong>sales</strong></span> <span class='ocrx_word' id='word_1_82' title='bbox 1934 1215 2064 1252; x_wconf 91' lang='lat' dir='ltr'><strong>suos</strong></span> 
     </span>
    </p>
   </div>
   <div class='ocr_carea' id='block_1_11' title="bbox 428 1291 2064 1363">
    <p class='ocr_par' dir='ltr' id='par_1_11' title="bbox 428 1291 2064 1363">
     <span class='ocr_line' id='line_1_11' title="bbox 428 1291 2064 1363; baseline -0.002 -13"><span class='ocrx_word' id='word_1_83' title='bbox 428 1313 557 1350; x_wconf 89' lang='lat' dir='ltr'><strong>cum</strong></span> <span class='ocrx_word' id='word_1_84' title='bbox 600 1292 872 1349; x_wconf 82' lang='lat' dir='ltr'><strong>fratribus</strong></span> <span class='ocrx_word' id='word_1_85' title='bbox 902 1292 1018 1345; x_wconf 89' lang='lat' dir='ltr'><strong>suis</strong></span> <span class='ocrx_word' id='word_1_86' title='bbox 1043 1296 1248 1359; x_wconf 87' lang='lat' dir='ltr'><strong>sumat,</strong></span> <span class='ocrx_word' id='word_1_87' title='bbox 1281 1307 1383 1363; x_wconf 91' lang='lat' dir='ltr'><strong>per</strong></span> <span class='ocrx_word' id='word_1_88' title='bbox 1408 1291 1532 1346; x_wconf 77' lang='lat' dir='ltr'><strong>haec</strong></span> <span class='ocrx_word' id='word_1_89' title='bbox 1580 1291 1736 1347; x_wconf 91' lang='lat' dir='ltr'><strong>enim</strong></span> <span class='ocrx_word' id='word_1_90' title='bbox 1777 1291 2064 1363; x_wconf 66' lang='lat' dir='ltr'><strong>praecipue</strong></span> 
     </span>
    </p>
   </div>
   <div class='ocr_carea' id='block_1_12' title="bbox 426 1384 2061 1456">
    <p class='ocr_par' dir='ltr' id='par_1_12' title="bbox 426 1384 2061 1456">
     <span class='ocr_line' id='line_1_12' title="bbox 426 1384 2061 1456; baseline -0.004 -13"><span class='ocrx_word' id='word_1_91' title='bbox 426 1387 669 1443; x_wconf 90' lang='lat' dir='ltr'><strong>charitas</strong></span> <span class='ocrx_word' id='word_1_92' title='bbox 700 1387 1085 1456; x_wconf 85' lang='lat' dir='ltr'><strong>comparatur,</strong></span> <span class='ocrx_word' id='word_1_93' title='bbox 1117 1387 1173 1438; x_wconf 93' lang='lat' dir='ltr'><strong>et</strong></span> <span class='ocrx_word' id='word_1_94' title='bbox 1201 1402 1369 1440; x_wconf 89' lang='lat' dir='ltr'><strong>causa</strong></span> <span class='ocrx_word' id='word_1_95' title='bbox 1398 1385 1571 1440; x_wconf 89' lang='lat' dir='ltr'><strong>totius</strong></span> <span class='ocrx_word' id='word_1_96' title='bbox 1597 1384 1732 1440; x_wconf 92' lang='lat' dir='ltr'><strong>boni</strong></span> <span class='ocrx_word' id='word_1_97' title='bbox 1778 1385 1834 1438; x_wconf 90' lang='lat' dir='ltr'><strong>in</strong></span> <span class='ocrx_word' id='word_1_98' title='bbox 1868 1384 2061 1455; x_wconf 88' lang='lat' dir='ltr'><strong>hujus-</strong></span> 
     </span>
    </p>
   </div>
   <div class='ocr_carea' id='block_1_13' title="bbox 427 1477 2067 1548">
    <p class='ocr_par' dir='ltr' id='par_1_13' title="bbox 427 1477 2067 1548">
     <span class='ocr_line' id='line_1_13' title="bbox 427 1477 2067 1548; baseline -0.003 -12"><span class='ocrx_word' id='word_1_99' title='bbox 427 1481 587 1536; x_wconf 90' lang='lat' dir='ltr'><strong>modi</strong></span> <span class='ocrx_word' id='word_1_100' title='bbox 649 1477 1058 1534; x_wconf 89' lang='lat' dir='ltr'><strong>communione</strong></span> <span class='ocrx_word' id='word_1_101' title='bbox 1119 1478 1409 1547; x_wconf 86' lang='lat' dir='ltr'><strong>consistit;</strong></span> <span class='ocrx_word' id='word_1_102' title='bbox 1457 1477 1552 1532; x_wconf 91' lang='lat' dir='ltr'><strong>ubi</strong></span> <span class='ocrx_word' id='word_1_103' title='bbox 1600 1481 1792 1532; x_wconf 88' lang='lat' dir='ltr'><strong>autem</strong></span> <span class='ocrx_word' id='word_1_104' title='bbox 1839 1494 1970 1548; x_wconf 90' lang='lat' dir='ltr'><strong>pax,</strong></span> <span class='ocrx_word' id='word_1_105' title='bbox 2011 1483 2067 1532; x_wconf 92' lang='lat' dir='ltr'><strong>et</strong></span> 
     </span>
    </p>
   </div>
   <div class='ocr_carea' id='block_1_14' title="bbox 428 1570 2065 1645">
    <p class='ocr_par' dir='ltr' id='par_1_14' title="bbox 428 1570 2065 1645">
     <span class='ocr_line' id='line_1_14' title="bbox 428 1570 2065 1645; baseline -0.001 -19"><span class='ocrx_word' id='word_1_106' title='bbox 428 1573 488 1645; x_wconf 82' lang='grc'>4</span> <span class='ocrx_word' id='word_1_107' title='bbox 521 1572 762 1640; x_wconf 85' lang='lat' dir='ltr'><strong>bonitas,</strong></span> <span class='ocrx_word' id='word_1_108' title='bbox 791 1570 872 1626; x_wconf 92' lang='lat' dir='ltr'><strong>ibi</strong></span> <span class='ocrx_word' id='word_1_109' title='bbox 913 1575 998 1626; x_wconf 91' lang='lat' dir='ltr'><strong>est</strong></span> <span class='ocrx_word' id='word_1_110' title='bbox 1030 1571 1212 1640; x_wconf 85' lang='lat' dir='ltr'><strong>salus;</strong></span> <span class='ocrx_word' id='word_1_111' title='bbox 1260 1574 1496 1642; x_wconf 85' lang='lat' dir='ltr'><strong>propter</strong></span> <span class='ocrx_word' id='word_1_112' title='bbox 1537 1571 1688 1642; x_wconf 88' lang='lat' dir='ltr'><strong>quod</strong></span> <span class='ocrx_word' id='word_1_113' title='bbox 1731 1585 2065 1624; x_wconf 90' lang='lat' dir='ltr'><strong>communes</strong></span> 
     </span>
    </p>
   </div>
   <div class='ocr_carea' id='block_1_15' title="bbox 426 1662 2064 1734">
    <p class='ocr_par' dir='ltr' id='par_1_15' title="bbox 426 1662 2064 1734">
     <span class='ocr_line' id='line_1_15' title="bbox 426 1662 2064 1734; baseline -0.002 -14"><span class='ocrx_word' id='word_1_114' title='bbox 426 1665 595 1721; x_wconf 86' lang='lat' dir='ltr'><strong>facite</strong></span> <span class='ocrx_word' id='word_1_115' title='bbox 639 1664 792 1719; x_wconf 91' lang='lat' dir='ltr'><strong>cibos</strong></span> <span class='ocrx_word' id='word_1_116' title='bbox 833 1669 1051 1719; x_wconf 91' lang='lat' dir='ltr'><strong>vestros</strong></span> <span class='ocrx_word' id='word_1_117' title='bbox 1079 1681 1210 1718; x_wconf 91' lang='lat' dir='ltr'><strong>cum</strong></span> <span class='ocrx_word' id='word_1_118' title='bbox 1238 1664 1328 1718; x_wconf 90' lang='lat' dir='ltr'><strong>his</strong></span> <span class='ocrx_word' id='word_1_119' title='bbox 1367 1664 1465 1734; x_wconf 91' lang='lat' dir='ltr'><strong>qui</strong></span> <span class='ocrx_word' id='word_1_120' title='bbox 1509 1662 1822 1718; x_wconf 91' lang='lat' dir='ltr'><strong>secundum</strong></span> <span class='ocrx_word' id='word_1_121' title='bbox 1875 1663 2064 1716; x_wconf 85' lang='lat' dir='ltr'><strong>Domi-</strong></span> 
     </span>
    </p>
   </div>
   <div class='ocr_carea' id='block_1_16' title="bbox 431 1755 2061 1828">
    <p class='ocr_par' dir='ltr' id='par_1_16' title="bbox 431 1755 2061 1828">
     <span class='ocr_line' id='line_1_16' title="bbox 431 1755 2061 1828; baseline -0.001 -16"><span class='ocrx_word' id='word_1_122' title='bbox 431 1775 570 1814; x_wconf 90' lang='lat' dir='ltr'><strong>num</strong></span> <span class='ocrx_word' id='word_1_123' title='bbox 617 1759 820 1812; x_wconf 87' lang='lat' dir='ltr'><strong>fratres</strong></span> <span class='ocrx_word' id='word_1_124' title='bbox 864 1761 1013 1827; x_wconf 90' lang='lat' dir='ltr'><strong>sunt,</strong></span> <span class='ocrx_word' id='word_1_125' title='bbox 1043 1757 1176 1827; x_wconf 86' lang='lat' dir='ltr'><strong>quia</strong></span> <span class='ocrx_word' id='word_1_126' title='bbox 1201 1773 1304 1828; x_wconf 91' lang='lat' dir='ltr'><strong>per</strong></span> <span class='ocrx_word' id='word_1_127' title='bbox 1328 1757 1450 1811; x_wconf 58' lang='lat' dir='ltr'><strong>haec</strong></span> <span class='ocrx_word' id='word_1_128' title='bbox 1486 1755 1818 1827; x_wconf 87' lang='lat' dir='ltr'><strong>temporalia</strong></span> <span class='ocrx_word' id='word_1_129' title='bbox 1861 1755 2061 1824; x_wconf 81' lang='lat' dir='ltr'><strong>officia,</strong></span> 
     </span>
    </p>
   </div>
   <div class='ocr_carea' id='block_1_17' title="bbox 2158 541 3791 616">
    <p class='ocr_par' dir='ltr' id='par_1_17' title="bbox 2158 541 3791 616">
     <span class='ocr_line' id='line_1_17' title="bbox 2158 541 3791 616; baseline -0.003 -17"><span class='ocrx_word' id='word_1_130' title='bbox 2158 561 2364 616; x_wconf 90' lang='lat' dir='ltr'><strong>psurus</strong></span> <span class='ocrx_word' id='word_1_131' title='bbox 2384 548 2488 613; x_wconf 89' lang='lat' dir='ltr'><strong>est,</strong></span> <span class='ocrx_word' id='word_1_132' title='bbox 2508 544 2591 598; x_wconf 90' lang='lat' dir='ltr'><strong>uti</strong></span> <span class='ocrx_word' id='word_1_133' title='bbox 2612 547 2908 598; x_wconf 85' lang='lat' dir='ltr'><strong>revocetur</strong></span> <span class='ocrx_word' id='word_1_134' title='bbox 2931 545 2988 597; x_wconf 91' lang='lat' dir='ltr'><strong>et</strong></span> <span class='ocrx_word' id='word_1_135' title='bbox 3009 559 3125 597; x_wconf 93' lang='lat' dir='ltr'><strong>non</strong></span> <span class='ocrx_word' id='word_1_136' title='bbox 3146 545 3370 596; x_wconf 87' lang='lat' dir='ltr'><strong>corruat</strong></span> <span class='ocrx_word' id='word_1_137' title='bbox 3390 541 3445 595; x_wconf 92' lang='lat' dir='ltr'><strong>in</strong></span> <span class='ocrx_word' id='word_1_138' title='bbox 3473 543 3791 612; x_wconf 89' lang='lat' dir='ltr'><strong>peccatum.</strong></span> 
     </span>
    </p>
   </div>
   <div class='ocr_carea' id='block_1_18' title="bbox 2160 634 3790 709">
    <p class='ocr_par' dir='ltr' id='par_1_18' title="bbox 2160 634 3790 709">
     <span class='ocr_line' id='line_1_18' title="bbox 2160 634 3790 709; baseline -0.003 -17"><span class='ocrx_word' id='word_1_139' title='bbox 2160 638 2611 709; x_wconf 75' lang='lat' dir='ltr'><strong>Negligentiores</strong></span> <span class='ocrx_word' id='word_1_140' title='bbox 2624 653 2848 709; x_wconf 90' lang='lat' dir='ltr'><strong>quoque</strong></span> <span class='ocrx_word' id='word_1_141' title='bbox 2860 639 2918 691; x_wconf 92' lang='lat' dir='ltr'><strong>et</strong></span> <span class='ocrx_word' id='word_1_142' title='bbox 2937 653 3031 689; x_wconf 92' lang='lat' dir='ltr'><strong>eos</strong></span> <span class='ocrx_word' id='word_1_143' title='bbox 3049 635 3149 706; x_wconf 91' lang='lat' dir='ltr'><strong>qui</strong></span> <span class='ocrx_word' id='word_1_144' title='bbox 3162 635 3348 690; x_wconf 90' lang='lat' dir='ltr'><strong>rarius</strong></span> <span class='ocrx_word' id='word_1_145' title='bbox 3361 635 3432 690; x_wconf 90' lang='lat' dir='ltr'><strong>ad</strong></span> <span class='ocrx_word' id='word_1_146' title='bbox 3444 634 3790 689; x_wconf 89' lang='lat' dir='ltr'><strong>audiendum</strong></span> 
     </span>
    </p>
   </div>
   <div class='ocr_carea' id='block_1_19' title="bbox 2159 727 3792 800">
    <p class='ocr_par' dir='ltr' id='par_1_19' title="bbox 2159 727 3792 800">
     <span class='ocr_line' id='line_1_19' title="bbox 2159 727 3792 800; baseline -0.002 -16"><span class='ocrx_word' id='word_1_147' title='bbox 2159 731 2397 787; x_wconf 86' lang='lat' dir='ltr'><strong>verbum</strong></span> <span class='ocrx_word' id='word_1_148' title='bbox 2436 731 2534 786; x_wconf 92' lang='lat' dir='ltr'><strong>Dei</strong></span> <span class='ocrx_word' id='word_1_149' title='bbox 2573 731 2864 797; x_wconf 90' lang='lat' dir='ltr'><strong>accedunt,</strong></span> <span class='ocrx_word' id='word_1_150' title='bbox 2896 746 3000 784; x_wconf 90' lang='lat' dir='ltr'><strong>nec</strong></span> <span class='ocrx_word' id='word_1_151' title='bbox 3041 728 3274 784; x_wconf 88' lang='lat' dir='ltr'><strong>sollicite</strong></span> <span class='ocrx_word' id='word_1_152' title='bbox 3307 729 3377 783; x_wconf 91' lang='lat' dir='ltr'><strong>ad</strong></span> <span class='ocrx_word' id='word_1_153' title='bbox 3403 727 3653 800; x_wconf 89' lang='lat' dir='ltr'><strong>episcopi</strong></span> <span class='ocrx_word' id='word_1_154' title='bbox 3678 731 3792 782; x_wconf 88' lang='lat' dir='ltr'><strong>tra-</strong></span> 
     </span>
    </p>
   </div>
   <div class='ocr_carea' id='block_1_20' title="bbox 2161 822 3790 894">
    <p class='ocr_par' dir='ltr' id='par_1_20' title="bbox 2161 822 3790 894">
     <span class='ocr_line' id='line_1_20' title="bbox 2161 822 3790 894; baseline -0.003 -15"><span class='ocrx_word' id='word_1_155' title='bbox 2161 828 2374 879; x_wconf 89' lang='lat' dir='ltr'><strong>ctatum</strong></span> <span class='ocrx_word' id='word_1_156' title='bbox 2412 824 2756 878; x_wconf 87' lang='lat' dir='ltr'><strong>conveniunt</strong></span> <span class='ocrx_word' id='word_1_157' title='bbox 2799 822 2904 894; x_wconf 88' lang='lat' dir='ltr'><strong>ipsi</strong></span> <span class='ocrx_word' id='word_1_158' title='bbox 2953 826 3356 877; x_wconf 90' lang='lat' dir='ltr'><strong>commoneant</strong></span> <span class='ocrx_word' id='word_1_159' title='bbox 3391 825 3450 875; x_wconf 83' lang='lat' dir='ltr'><strong>et</strong></span> <span class='ocrx_word' id='word_1_160' title='bbox 3473 822 3790 874; x_wconf 88' lang='lat' dir='ltr'><strong>hortentur.</strong></span> 
     </span>
    </p>
   </div>
   <div class='ocr_carea' id='block_1_21' title="bbox 2164 914 3793 982">
    <p class='ocr_par' dir='ltr' id='par_1_21' title="bbox 2164 914 3793 982">
     <span class='ocr_line' id='line_1_21' title="bbox 2164 914 3793 982; baseline -0.004 -10"><span class='ocrx_word' id='word_1_161' title='bbox 2164 917 2218 973; x_wconf 90' lang='lat' dir='ltr'><strong>Si</strong></span> <span class='ocrx_word' id='word_1_162' title='bbox 2265 917 2417 972; x_wconf 92' lang='lat' dir='ltr'><strong>enim</strong></span> <span class='ocrx_word' id='word_1_163' title='bbox 2468 916 2676 972; x_wconf 87' lang='lat' dir='ltr'><strong>assidui</strong></span> <span class='ocrx_word' id='word_1_164' title='bbox 2720 920 2852 970; x_wconf 92' lang='lat' dir='ltr'><strong>sunt</strong></span> <span class='ocrx_word' id='word_1_165' title='bbox 2897 916 2969 970; x_wconf 91' lang='lat' dir='ltr'><strong>ad</strong></span> <span class='ocrx_word' id='word_1_166' title='bbox 3017 915 3392 982; x_wconf 91' lang='lat' dir='ltr'><strong>audiendum,</strong></span> <span class='ocrx_word' id='word_1_167' title='bbox 3442 931 3558 970; x_wconf 94' lang='lat' dir='ltr'><strong>non</strong></span> <span class='ocrx_word' id='word_1_168' title='bbox 3608 914 3793 968; x_wconf 88' lang='lat' dir='ltr'><strong>solum</strong></span> 
     </span>
    </p>
   </div>
   <div class='ocr_carea' id='block_1_22' title="bbox 2163 1007 3792 1080">
    <p class='ocr_par' dir='ltr' id='par_1_22' title="bbox 2163 1007 3792 1080">
     <span class='ocr_line' id='line_1_22' title="bbox 2163 1007 3792 1080; baseline -0.002 -16"><span class='ocrx_word' id='word_1_169' title='bbox 2163 1011 2290 1066; x_wconf 46' lang='lat' dir='ltr'><strong>vita).</strong></span> <span class='ocrx_word' id='word_1_170' title='bbox 2312 1015 2537 1065; x_wconf 52' lang='lat' dir='ltr'><strong>aeterna!</strong></span> <span class='ocrx_word' id='word_1_171' title='bbox 2560 1027 2629 1064; x_wconf 89' lang='lat' dir='ltr'><strong>ex</strong></span> <span class='ocrx_word' id='word_1_172' title='bbox 2651 1009 2858 1064; x_wconf 88' lang='lat' dir='ltr'><strong>salubri</strong></span> <span class='ocrx_word' id='word_1_173' title='bbox 2887 1009 3335 1064; x_wconf 91' lang='lat' dir='ltr'><strong>commonitione</strong></span> <span class='ocrx_word' id='word_1_174' title='bbox 3364 1007 3596 1080; x_wconf 88' lang='lat' dir='ltr'><strong>capiunt</strong></span> <span class='ocrx_word' id='word_1_175' title='bbox 3613 1007 3792 1072; x_wconf 90' lang='lat' dir='ltr'><strong>lucra,</strong></span> 
     </span>
    </p>
   </div>
   <div class='ocr_carea' id='block_1_23' title="bbox 2162 1101 3794 1176">
    <p class='ocr_par' dir='ltr' id='par_1_23' title="bbox 2162 1101 3794 1176">
     <span class='ocr_line' id='line_1_23' title="bbox 2162 1101 3794 1176; baseline -0.003 -18"><span class='ocrx_word' id='word_1_176' title='bbox 2162 1121 2361 1160; x_wconf 89' lang='lat' dir='ltr'><strong>verum</strong></span> <span class='ocrx_word' id='word_1_177' title='bbox 2400 1109 2457 1160; x_wconf 93' lang='lat' dir='ltr'><strong>et</strong></span> <span class='ocrx_word' id='word_1_178' title='bbox 2491 1120 2847 1176; x_wconf 89' lang='lat' dir='ltr'><strong>quaecunque</strong></span> <span class='ocrx_word' id='word_1_179' title='bbox 2876 1103 2990 1157; x_wconf 74' lang='lat' dir='ltr'><strong>illae</strong></span> <span class='ocrx_word' id='word_1_180' title='bbox 3022 1106 3152 1157; x_wconf 90' lang='lat' dir='ltr'><strong>sunt</strong></span> <span class='ocrx_word' id='word_1_181' title='bbox 3178 1101 3442 1168; x_wconf 66' lang='lat' dir='ltr'><strong>tristitiae,</strong></span> <span class='ocrx_word' id='word_1_182' title='bbox 3471 1102 3555 1156; x_wconf 90' lang='lat' dir='ltr'><strong>vel</strong></span> <span class='ocrx_word' id='word_1_183' title='bbox 3586 1116 3794 1155; x_wconf 88' lang='lat' dir='ltr'><strong>moero-</strong></span> 
     </span>
    </p>
   </div>
   <div class='ocr_carea' id='block_1_24' title="bbox 2163 1194 3798 1270">
    <p class='ocr_par' dir='ltr' id='par_1_24' title="bbox 2163 1194 3798 1270">
     <span class='ocr_line' id='line_1_24' title="bbox 2163 1194 3798 1270; baseline -0.004 -17"><span class='ocrx_word' id='word_1_184' title='bbox 2163 1215 2252 1254; x_wconf 93' lang='lat' dir='ltr'><strong>res</strong></span> <span class='ocrx_word' id='word_1_185' title='bbox 2271 1215 2398 1270; x_wconf 60' lang='lat' dir='ltr'><strong>qua!</strong></span> <span class='ocrx_word' id='word_1_186' title='bbox 2427 1215 2494 1252; x_wconf 89' lang='lat' dir='ltr'><strong>ex</strong></span> <span class='ocrx_word' id='word_1_187' title='bbox 2523 1197 2818 1268; x_wconf 84' lang='lat' dir='ltr'><strong>praesentis</strong></span> <span class='ocrx_word' id='word_1_188' title='bbox 2839 1196 2968 1251; x_wconf 85' lang='lat' dir='ltr'><strong>vitae</strong></span> <span class='ocrx_word' id='word_1_189' title='bbox 2997 1195 3444 1260; x_wconf 88' lang='lat' dir='ltr'><strong>necessitatibus,</strong></span> <span class='ocrx_word' id='word_1_190' title='bbox 3469 1197 3526 1248; x_wconf 89' lang='lat' dir='ltr'><strong>et</strong></span> <span class='ocrx_word' id='word_1_191' title='bbox 3546 1194 3798 1248; x_wconf 87' lang='lat' dir='ltr'><strong>cladibus</strong></span> 
     </span>
    </p>
   </div>
   <div class='ocr_carea' id='block_1_25' title="bbox 2165 1287 3798 1363">
    <p class='ocr_par' dir='ltr' id='par_1_25' title="bbox 2165 1287 3798 1363">
     <span class='ocr_line' id='line_1_25' title="bbox 2165 1287 3798 1363; baseline -0.004 -16"><span class='ocrx_word' id='word_1_192' title='bbox 2165 1297 2491 1363; x_wconf 88' lang='lat' dir='ltr'><strong>temporum</strong></span> <span class='ocrx_word' id='word_1_193' title='bbox 2520 1291 2773 1358; x_wconf 89' lang='lat' dir='ltr'><strong>veniunt,</strong></span> <span class='ocrx_word' id='word_1_194' title='bbox 2804 1306 3158 1361; x_wconf 59' lang='lat' dir='ltr'><strong>quacunque</strong></span> <span class='ocrx_word' id='word_1_195' title='bbox 3198 1288 3552 1344; x_wconf 89' lang='lat' dir='ltr'><strong>sermonibus</strong></span> <span class='ocrx_word' id='word_1_196' title='bbox 3589 1287 3703 1341; x_wconf 92' lang='lat' dir='ltr'><strong>suis</strong></span> <span class='ocrx_word' id='word_1_197' title='bbox 3738 1287 3798 1341; x_wconf 91' lang='lat' dir='ltr'><strong>in</strong></span> 
     </span>
    </p>
   </div>
   <div class='ocr_carea' id='block_1_26' title="bbox 2165 1381 3800 1456">
    <p class='ocr_par' dir='ltr' id='par_1_26' title="bbox 2165 1381 3800 1456">
     <span class='ocr_line' id='line_1_26' title="bbox 2165 1381 3800 1456; baseline -0.004 -17"><span class='ocrx_word' id='word_1_198' title='bbox 2165 1386 2355 1452; x_wconf 91' lang='lat' dir='ltr'><strong>corde,</strong></span> <span class='ocrx_word' id='word_1_199' title='bbox 2385 1385 2540 1438; x_wconf 91' lang='lat' dir='ltr'><strong>velut</strong></span> <span class='ocrx_word' id='word_1_200' title='bbox 2561 1385 2752 1456; x_wconf 91' lang='lat' dir='ltr'><strong>jacula</strong></span> <span class='ocrx_word' id='word_1_201' title='bbox 2779 1383 2963 1439; x_wconf 86' lang='lat' dir='ltr'><strong>deﬁxa</strong></span> <span class='ocrx_word' id='word_1_202' title='bbox 2999 1383 3423 1449; x_wconf 90' lang='lat' dir='ltr'><strong>circumferunt,</strong></span> <span class='ocrx_word' id='word_1_203' title='bbox 3453 1381 3800 1451; x_wconf 86' lang='lat' dir='ltr'><strong>abjiciuntur</strong></span> 
     </span>
    </p>
   </div>
   <div class='ocr_carea' id='block_1_27' title="bbox 2165 1473 3798 1549">
    <p class='ocr_par' dir='ltr' id='par_1_27' title="bbox 2165 1473 3798 1549">
     <span class='ocr_line' id='line_1_27' title="bbox 2165 1473 3798 1549; baseline -0.004 -15"><span class='ocrx_word' id='word_1_204' title='bbox 2165 1478 2360 1534; x_wconf 91' lang='lat' dir='ltr'><strong>omnia</strong></span> <span class='ocrx_word' id='word_1_205' title='bbox 2399 1477 2806 1549; x_wconf 62' lang='lat' dir='ltr'><strong>praedicatione</strong></span> <span class='ocrx_word' id='word_1_206' title='bbox 2850 1476 3118 1541; x_wconf 87' lang='lat' dir='ltr'><strong>veritatis,</strong></span> <span class='ocrx_word' id='word_1_207' title='bbox 3159 1479 3216 1530; x_wconf 90' lang='lat' dir='ltr'><strong>et</strong></span> <span class='ocrx_word' id='word_1_208' title='bbox 3248 1475 3375 1530; x_wconf 80' lang='lat' dir='ltr'><strong>vitae</strong></span> <span class='ocrx_word' id='word_1_209' title='bbox 3418 1479 3642 1529; x_wconf 83' lang='lat' dir='ltr'><strong>aeternae</strong></span> <span class='ocrx_word' id='word_1_210' title='bbox 3697 1473 3798 1528; x_wconf 92' lang='lat' dir='ltr'><strong>do-</strong></span> 
     </span>
    </p>
   </div>
   <div class='ocr_carea' id='block_1_28' title="bbox 2165 1568 3800 1642">
    <p class='ocr_par' dir='ltr' id='par_1_28' title="bbox 2165 1568 3800 1642">
     <span class='ocr_line' id='line_1_28' title="bbox 2165 1568 3800 1642; baseline -0.003 -16"><span class='ocrx_word' id='word_1_211' title='bbox 2165 1571 2344 1626; x_wconf 88' lang='lat' dir='ltr'><strong>ctrina</strong></span> <span class='ocrx_word' id='word_1_212' title='bbox 2365 1575 2420 1626; x_wconf 91' lang='lat' dir='ltr'><strong>et</strong></span> <span class='ocrx_word' id='word_1_213' title='bbox 2445 1570 2765 1627; x_wconf 89' lang='lat' dir='ltr'><strong>eruditione</strong></span> <span class='ocrx_word' id='word_1_214' title='bbox 2785 1573 3051 1642; x_wconf 89' lang='lat' dir='ltr'><strong>purgata.</strong></span> <span class='ocrx_word' id='word_1_215' title='bbox 3080 1568 3366 1640; x_wconf 74' lang='lat' dir='ltr'><strong>Alioquin,</strong></span> <span class='ocrx_word' id='word_1_216' title='bbox 3390 1568 3436 1622; x_wconf 93' lang='lat' dir='ltr'><strong>si</strong></span> <span class='ocrx_word' id='word_1_217' title='bbox 3455 1569 3636 1622; x_wconf 92' lang='lat' dir='ltr'><strong>multo</strong></span> <span class='ocrx_word' id='word_1_218' title='bbox 3657 1571 3800 1622; x_wconf 91' lang='lat' dir='ltr'><strong>tem-</strong></span> 
     </span>
    </p>
   </div>
   <div class='ocr_carea' id='block_1_29' title="bbox 2164 1659 3804 1736">
    <p class='ocr_par' dir='ltr' id='par_1_29' title="bbox 2164 1659 3804 1736">
     <span class='ocr_line' id='line_1_29' title="bbox 2164 1659 3804 1736; baseline -0.002 -16"><span class='ocrx_word' id='word_1_219' title='bbox 2164 1681 2304 1736; x_wconf 89' lang='lat' dir='ltr'><strong>pore</strong></span> <span class='ocrx_word' id='word_1_220' title='bbox 2331 1659 2589 1720; x_wconf 75' lang='lat' dir='ltr'><strong>auditum</strong></span> <span class='ocrx_word' id='word_1_221' title='bbox 2611 1665 2953 1720; x_wconf 90' lang='lat' dir='ltr'><strong>subtrahant</strong></span> <span class='ocrx_word' id='word_1_222' title='bbox 2980 1681 3014 1718; x_wconf 93' lang='lat' dir='ltr'><strong>a</strong></span> <span class='ocrx_word' id='word_1_223' title='bbox 3042 1663 3214 1718; x_wconf 92' lang='lat' dir='ltr'><strong>verbo</strong></span> <span class='ocrx_word' id='word_1_224' title='bbox 3245 1661 3363 1729; x_wconf 86' lang='lat' dir='ltr'><strong>Dei,</strong></span> <span class='ocrx_word' id='word_1_225' title='bbox 3388 1665 3445 1718; x_wconf 92' lang='lat' dir='ltr'><strong>et</strong></span> <span class='ocrx_word' id='word_1_226' title='bbox 3464 1665 3804 1716; x_wconf 88' lang='lat' dir='ltr'><strong>remaneant</strong></span> 
     </span>
    </p>
   </div>
   <div class='ocr_carea' id='block_1_30' title="bbox 2166 1754 3802 1828">
    <p class='ocr_par' dir='ltr' id='par_1_30' title="bbox 2166 1754 3802 1828">
     <span class='ocr_line' id='line_1_30' title="bbox 2166 1754 3802 1828; baseline -0.003 -16"><span class='ocrx_word' id='word_1_227' title='bbox 2166 1758 2224 1812; x_wconf 93' lang='lat' dir='ltr'><strong>in</strong></span> <span class='ocrx_word' id='word_1_228' title='bbox 2246 1760 2401 1813; x_wconf 91' lang='lat' dir='ltr'><strong>cultu</strong></span> <span class='ocrx_word' id='word_1_229' title='bbox 2419 1758 2705 1826; x_wconf 87' lang='lat' dir='ltr'><strong>vitiorum,</strong></span> <span class='ocrx_word' id='word_1_230' title='bbox 2729 1757 2849 1812; x_wconf 91' lang='lat' dir='ltr'><strong>sine</strong></span> <span class='ocrx_word' id='word_1_231' title='bbox 2877 1756 3047 1812; x_wconf 92' lang='lat' dir='ltr'><strong>dubio</strong></span> <span class='ocrx_word' id='word_1_232' title='bbox 3069 1756 3245 1828; x_wconf 90' lang='lat' dir='ltr'><strong>spinis</strong></span> <span class='ocrx_word' id='word_1_233' title='bbox 3271 1758 3440 1811; x_wconf 90' lang='lat' dir='ltr'><strong>erunt</strong></span> <span class='ocrx_word' id='word_1_234' title='bbox 3459 1771 3522 1810; x_wconf 90' lang='lat' dir='ltr'><strong>ac</strong></span> <span class='ocrx_word' id='word_1_235' title='bbox 3548 1754 3802 1809; x_wconf 87' lang='lat' dir='ltr'><strong>sentibus</strong></span> 
     </span>
    </p>
   </div>
   <div class='ocr_carea' id='block_1_31' title="bbox 432 1826 3804 1923">
    <p class='ocr_par' dir='ltr' id='par_1_31' title="bbox 432 1826 3804 1923">
     <span class='ocr_line' id='line_1_31' title="bbox 432 1826 3804 1923; baseline -0.001 -17"><span class='ocrx_word' id='word_1_236' title='bbox 432 1851 584 1923; x_wconf 89' lang='lat' dir='ltr'><strong>pacis</strong></span> <span class='ocrx_word' id='word_1_237' title='bbox 623 1854 682 1905; x_wconf 94' lang='lat' dir='ltr'><strong>et</strong></span> <span class='ocrx_word' id='word_1_238' title='bbox 714 1849 1004 1905; x_wconf 76' lang='lat' dir='ltr'><strong>charitatis</strong></span> <span class='ocrx_word' id='word_1_239' title='bbox 1030 1826 1306 1905; x_wconf 83' lang='lat' dir='ltr'><strong>fructibus</strong></span> <span class='ocrx_word' id='word_1_240' title='bbox 1336 1849 1544 1921; x_wconf 88' lang='lat' dir='ltr'><strong>gaudia</strong></span> <span class='ocrx_word' id='word_1_241' title='bbox 1575 1826 1791 1904; x_wconf 60' lang='lat' dir='ltr'><strong>aeterna</strong></span> <span class='ocrx_word' id='word_1_242' title='bbox 1817 1849 2060 1904; x_wconf 86' lang='lat' dir='ltr'><strong>merebi-</strong></span> <span class='ocrx_word' id='word_1_243' title='bbox 2084 1826 2142 1898; x_wconf 84' lang='lat' dir='ltr'><strong>B</strong></span> <span class='ocrx_word' id='word_1_244' title='bbox 2165 1852 2442 1923; x_wconf 88' lang='lat' dir='ltr'><strong>occupati.</strong></span> <span class='ocrx_word' id='word_1_245' title='bbox 2483 1854 2548 1907; x_wconf 89' lang='lat' dir='ltr'><strong>Et</strong></span> <span class='ocrx_word' id='word_1_246' title='bbox 2596 1851 2736 1922; x_wconf 92' lang='lat' dir='ltr'><strong>quid</strong></span> <span class='ocrx_word' id='word_1_247' title='bbox 2790 1850 2945 1905; x_wconf 88' lang='lat' dir='ltr'><strong>aliud</strong></span> <span class='ocrx_word' id='word_1_248' title='bbox 2984 1826 3203 1904; x_wconf 13' lang='lat' dir='ltr'><strong>nisiﬁad</strong></span> <span class='ocrx_word' id='word_1_249' title='bbox 3242 1849 3456 1920; x_wconf 83' lang='lat' dir='ltr'><strong>ignem,</strong></span> <span class='ocrx_word' id='word_1_250' title='bbox 3501 1848 3627 1902; x_wconf 88' lang='lat' dir='ltr'><strong>talis</strong></span> <span class='ocrx_word' id='word_1_251' title='bbox 3677 1848 3804 1901; x_wconf 69' lang='lat' dir='ltr'><strong>haec</strong></span> 
     </span>
    </p>
   </div>
   <div class='ocr_carea' id='block_1_32' title="bbox 432 1941 2066 2010">
    <p class='ocr_par' dir='ltr' id='par_1_32' title="bbox 432 1941 2066 2010">
     <span class='ocr_line' id='line_1_32' title="bbox 432 1941 2066 2010; baseline -0.001 -12"><span class='ocrx_word' id='word_1_252' title='bbox 432 1944 595 1998; x_wconf 90' lang='lat' dir='ltr'><strong>mini.</strong></span> <span class='ocrx_word' id='word_1_253' title='bbox 624 1944 796 1998; x_wconf 86' lang='lat' dir='ltr'><strong>Multo</strong></span> <span class='ocrx_word' id='word_1_254' title='bbox 824 1945 1018 1998; x_wconf 87' lang='lat' dir='ltr'><strong>autem</strong></span> <span class='ocrx_word' id='word_1_255' title='bbox 1046 1943 1339 1998; x_wconf 89' lang='lat' dir='ltr'><strong>sollicitius</strong></span> <span class='ocrx_word' id='word_1_256' title='bbox 1381 1942 1698 1997; x_wconf 88' lang='lat' dir='ltr'><strong>esurientes</strong></span> <span class='ocrx_word' id='word_1_257' title='bbox 1741 1941 1976 2010; x_wconf 87' lang='lat' dir='ltr'><strong>reﬁcite,</strong></span> <span class='ocrx_word' id='word_1_258' title='bbox 2007 1946 2066 1997; x_wconf 90' lang='lat' dir='ltr'><strong>et</strong></span> 
     </span>
    </p>
   </div>
   <div class='ocr_carea' id='block_1_33' title="bbox 431 2037 2065 2108">
    <p class='ocr_par' dir='ltr' id='par_1_33' title="bbox 431 2037 2065 2108">
     <span class='ocr_line' id='line_1_33' title="bbox 431 2037 2065 2108; baseline -0.002 -16"><span class='ocrx_word' id='word_1_259' title='bbox 431 2037 752 2092; x_wconf 89' lang='lat' dir='ltr'><strong>sitientibus</strong></span> <span class='ocrx_word' id='word_1_260' title='bbox 792 2041 992 2108; x_wconf 91' lang='lat' dir='ltr'><strong>potum</strong></span> <span class='ocrx_word' id='word_1_261' title='bbox 1039 2037 1188 2104; x_wconf 88' lang='lat' dir='ltr'><strong>date,</strong></span> <span class='ocrx_word' id='word_1_262' title='bbox 1220 2037 1388 2092; x_wconf 92' lang='lat' dir='ltr'><strong>nudis</strong></span> <span class='ocrx_word' id='word_1_263' title='bbox 1431 2037 1850 2102; x_wconf 77' lang='lat' dir='ltr'><strong>vestimentum,</strong></span> <span class='ocrx_word' id='word_1_264' title='bbox 1881 2052 2065 2106; x_wconf 75' lang='lat' dir='ltr'><strong>aegros</strong></span> 
     </span>
    </p>
   </div>
   <div class='ocr_carea' id='block_1_34' title="bbox 429 2128 2065 2200">
    <p class='ocr_par' dir='ltr' id='par_1_34' title="bbox 429 2128 2065 2200">
     <span class='ocr_line' id='line_1_34' title="bbox 429 2128 2065 2200; baseline 0 -17"><span class='ocrx_word' id='word_1_265' title='bbox 429 2129 666 2195; x_wconf 81' lang='lat' dir='ltr'><strong>visitate,</strong></span> <span class='ocrx_word' id='word_1_266' title='bbox 695 2134 751 2184; x_wconf 92' lang='lat' dir='ltr'><strong>et</strong></span> <span class='ocrx_word' id='word_1_267' title='bbox 779 2145 872 2184; x_wconf 88' lang='lat' dir='ltr'><strong>eos</strong></span> <span class='ocrx_word' id='word_1_268' title='bbox 915 2130 1016 2200; x_wconf 93' lang='lat' dir='ltr'><strong>qui</strong></span> <span class='ocrx_word' id='word_1_269' title='bbox 1059 2130 1117 2184; x_wconf 94' lang='lat' dir='ltr'><strong>in</strong></span> <span class='ocrx_word' id='word_1_270' title='bbox 1159 2147 1380 2184; x_wconf 90' lang='lat' dir='ltr'><strong>carcere</strong></span> <span class='ocrx_word' id='word_1_271' title='bbox 1418 2132 1568 2196; x_wconf 91' lang='lat' dir='ltr'><strong>sunt,</strong></span> <span class='ocrx_word' id='word_1_272' title='bbox 1602 2133 1773 2200; x_wconf 89' lang='lat' dir='ltr'><strong>prout</strong></span> <span class='ocrx_word' id='word_1_273' title='bbox 1801 2128 2065 2200; x_wconf 89' lang='lat' dir='ltr'><strong>possibile</strong></span> 
     </span>
    </p>
   </div>
   <div class='ocr_carea' id='block_1_35' title="bbox 432 2222 2066 2294">
    <p class='ocr_par' dir='ltr' id='par_1_35' title="bbox 432 2222 2066 2294">
     <span class='ocr_line' id='line_1_35' title="bbox 432 2222 2066 2294; baseline 0 -18"><span class='ocrx_word' id='word_1_274' title='bbox 432 2226 536 2290; x_wconf 89' lang='lat' dir='ltr'><strong>est,</strong></span> <span class='ocrx_word' id='word_1_275' title='bbox 572 2223 788 2294; x_wconf 91' lang='lat' dir='ltr'><strong>juvate,</strong></span> <span class='ocrx_word' id='word_1_276' title='bbox 841 2223 1174 2294; x_wconf 90' lang='lat' dir='ltr'><strong>peregrinos</strong></span> <span class='ocrx_word' id='word_1_277' title='bbox 1219 2223 1350 2277; x_wconf 90' lang='lat' dir='ltr'><strong>satis</strong></span> <span class='ocrx_word' id='word_1_278' title='bbox 1391 2226 1654 2294; x_wconf 90' lang='lat' dir='ltr'><strong>prompte</strong></span> <span class='ocrx_word' id='word_1_279' title='bbox 1700 2222 2066 2277; x_wconf 80' lang='lat' dir='ltr'><strong>in&#39;domibus</strong></span> 
     </span>
    </p>
   </div>
   <div class='ocr_carea' id='block_1_36' title="bbox 432 2315 2062 2387">
    <p class='ocr_par' dir='ltr' id='par_1_36' title="bbox 432 2315 2062 2387">
     <span class='ocr_line' id='line_1_36' title="bbox 432 2315 2062 2387; baseline 0.001 -19"><span class='ocrx_word' id='word_1_280' title='bbox 432 2316 630 2370; x_wconf 87' lang='lat' dir='ltr'><strong>vestris</strong></span> <span class='ocrx_word' id='word_1_281' title='bbox 650 2315 932 2386; x_wconf 91' lang='lat' dir='ltr'><strong>suscipite,</strong></span> <span class='ocrx_word' id='word_1_282' title='bbox 957 2319 1104 2370; x_wconf 89' lang='lat' dir='ltr'><strong>etne</strong></span> <span class='ocrx_word' id='word_1_283' title='bbox 1127 2316 1320 2371; x_wconf 89' lang='lat' dir='ltr'><strong>omnia</strong></span> <span class='ocrx_word' id='word_1_284' title='bbox 1336 2333 1490 2370; x_wconf 92' lang='lat' dir='ltr'><strong>nunc</strong></span> <span class='ocrx_word' id='word_1_285' title='bbox 1508 2315 1836 2387; x_wconf 81' lang='lat' dir='ltr'><strong>singulatim</strong></span> <span class='ocrx_word' id='word_1_286' title='bbox 1856 2316 2062 2383; x_wconf 90' lang='lat' dir='ltr'><strong>dicam,</strong></span> 
     </span>
    </p>
   </div>
   <div class='ocr_carea' id='block_1_37' title="bbox 431 2408 2063 2481">
    <p class='ocr_par' dir='ltr' id='par_1_37' title="bbox 431 2408 2063 2481">
     <span class='ocr_line' id='line_1_37' title="bbox 431 2408 2063 2481; baseline 0.001 -19"><span class='ocrx_word' id='word_1_287' title='bbox 431 2424 597 2464; x_wconf 90' lang='lat' dir='ltr'><strong>omne</strong></span> <span class='ocrx_word' id='word_1_288' title='bbox 623 2409 842 2464; x_wconf 92' lang='lat' dir='ltr'><strong>bonum</strong></span> <span class='ocrx_word' id='word_1_289' title='bbox 873 2409 996 2481; x_wconf 88' lang='lat' dir='ltr'><strong>ipsa</strong></span> <span class='ocrx_word' id='word_1_290' title='bbox 1023 2425 1125 2480; x_wconf 90' lang='lat' dir='ltr'><strong>per</strong></span> <span class='ocrx_word' id='word_1_291' title='bbox 1150 2426 1226 2474; x_wconf 89' lang='lat' dir='ltr'><strong>se,</strong></span> <span class='ocrx_word' id='word_1_292' title='bbox 1260 2409 1306 2463; x_wconf 92' lang='lat' dir='ltr'><strong>si</strong></span> <span class='ocrx_word' id='word_1_293' title='bbox 1335 2409 1395 2464; x_wconf 91' lang='lat' dir='ltr'><strong>in</strong></span> <span class='ocrx_word' id='word_1_294' title='bbox 1417 2408 1574 2464; x_wconf 87' lang='lat' dir='ltr'><strong>vobis</strong></span> <span class='ocrx_word' id='word_1_295' title='bbox 1600 2408 1770 2464; x_wconf 89' lang='lat' dir='ltr'><strong>fuerit</strong></span> <span class='ocrx_word' id='word_1_296' title='bbox 1798 2409 2063 2476; x_wconf 89' lang='lat' dir='ltr'><strong>charitas,</strong></span> 
     </span>
    </p>
   </div>
   <div class='ocr_carea' id='block_1_38' title="bbox 432 2501 2060 2574">
    <p class='ocr_par' dir='ltr' id='par_1_38' title="bbox 432 2501 2060 2574">
     <span class='ocr_line' id='line_1_38' title="bbox 432 2501 2060 2574; baseline 0 -18"><span class='ocrx_word' id='word_1_297' title='bbox 432 2504 618 2556; x_wconf 90' lang='lat' dir='ltr'><strong>facere</strong></span> <span class='ocrx_word' id='word_1_298' title='bbox 644 2519 743 2556; x_wconf 90' lang='lat' dir='ltr'><strong>vos</strong></span> <span class='ocrx_word' id='word_1_299' title='bbox 765 2501 1008 2564; x_wconf 90' lang='lat' dir='ltr'><strong>docebit,</strong></span> <span class='ocrx_word' id='word_1_300' title='bbox 1031 2503 1175 2556; x_wconf 89' lang='lat' dir='ltr'><strong>sicut</strong></span> <span class='ocrx_word' id='word_1_301' title='bbox 1201 2507 1257 2557; x_wconf 91' lang='lat' dir='ltr'><strong>et</strong></span> <span class='ocrx_word' id='word_1_302' title='bbox 1294 2520 1324 2556; x_wconf 91' lang='lat' dir='ltr'><strong>e</strong></span> <span class='ocrx_word' id='word_1_303' title='bbox 1364 2501 1665 2568; x_wconf 86' lang='lat' dir='ltr'><strong>contrario,</strong></span> <span class='ocrx_word' id='word_1_304' title='bbox 1695 2519 1791 2556; x_wconf 90' lang='lat' dir='ltr'><strong>eos</strong></span> <span class='ocrx_word' id='word_1_305' title='bbox 1810 2502 1959 2574; x_wconf 88' lang='lat' dir='ltr'><strong>quia</strong></span> <span class='ocrx_word' id='word_1_306' title='bbox 1978 2519 2060 2556; x_wconf 90' lang='lat' dir='ltr'><strong>sa-</strong></span> 
     </span>
    </p>
   </div>
   <div class='ocr_carea' id='block_1_39' title="bbox 431 2595 2063 2652">
    <p class='ocr_par' dir='ltr' id='par_1_39' title="bbox 431 2595 2063 2652">
     <span class='ocr_line' id='line_1_39' title="bbox 431 2595 2063 2652; baseline 0.001 -1"><span class='ocrx_word' id='word_1_307' title='bbox 431 2597 548 2651; x_wconf 91' lang='lat' dir='ltr'><strong>lute</strong></span> <span class='ocrx_word' id='word_1_308' title='bbox 588 2595 756 2650; x_wconf 87' lang='lat' dir='ltr'><strong>alieni</strong></span> <span class='ocrx_word' id='word_1_309' title='bbox 797 2598 930 2650; x_wconf 66' lang='lat' dir='ltr'><strong>srmt</strong></span> <span class='ocrx_word' id='word_1_310' title='bbox 970 2611 1142 2650; x_wconf 90' lang='lat' dir='ltr'><strong>omne</strong></span> <span class='ocrx_word' id='word_1_311' title='bbox 1189 2597 1411 2650; x_wconf 86' lang='lat' dir='ltr'><strong>malum</strong></span> <span class='ocrx_word' id='word_1_312' title='bbox 1442 2597 1627 2650; x_wconf 87' lang='lat' dir='ltr'><strong>facere</strong></span> <span class='ocrx_word' id='word_1_313' title='bbox 1655 2595 1850 2650; x_wconf 91' lang='lat' dir='ltr'><strong>odium</strong></span> <span class='ocrx_word' id='word_1_314' title='bbox 1879 2596 2063 2652; x_wconf 87' lang='lat' dir='ltr'><strong>docet.</strong></span> 
     </span>
    </p>
   </div>
   <div class='ocr_carea' id='block_1_40' title="bbox 432 2688 2068 2760">
    <p class='ocr_par' dir='ltr' id='par_1_40' title="bbox 432 2688 2068 2760">
     <span class='ocr_line' id='line_1_40' title="bbox 432 2688 2068 2760; baseline -0.001 -16"><span class='ocrx_word' id='word_1_315' title='bbox 432 2688 488 2744; x_wconf 89' lang='lat' dir='ltr'><strong>Si</strong></span> <span class='ocrx_word' id='word_1_316' title='bbox 511 2689 610 2760; x_wconf 90' lang='lat' dir='ltr'><strong>qui</strong></span> <span class='ocrx_word' id='word_1_317' title='bbox 635 2705 701 2742; x_wconf 90' lang='lat' dir='ltr'><strong>ex</strong></span> <span class='ocrx_word' id='word_1_318' title='bbox 724 2689 995 2743; x_wconf 89' lang='lat' dir='ltr'><strong>fratribus</strong></span> <span class='ocrx_word' id='word_1_319' title='bbox 1024 2689 1256 2760; x_wconf 89' lang='lat' dir='ltr'><strong>negotia</strong></span> <span class='ocrx_word' id='word_1_320' title='bbox 1283 2689 1495 2744; x_wconf 88' lang='lat' dir='ltr'><strong>habent</strong></span> <span class='ocrx_word' id='word_1_321' title='bbox 1521 2688 1668 2744; x_wconf 89' lang='lat' dir='ltr'><strong>inter</strong></span> <span class='ocrx_word' id='word_1_322' title='bbox 1695 2705 1774 2754; x_wconf 90' lang='lat' dir='ltr'><strong>se,</strong></span> <span class='ocrx_word' id='word_1_323' title='bbox 1805 2689 1955 2758; x_wconf 90' lang='lat' dir='ltr'><strong>apud</strong></span> <span class='ocrx_word' id='word_1_324' title='bbox 1982 2705 2068 2742; x_wconf 91' lang='lat' dir='ltr'><strong>co-</strong></span> 
     </span>
    </p>
   </div>
   <div class='ocr_carea' id='block_1_41' title="bbox 436 2779 2067 2851">
    <p class='ocr_par' dir='ltr' id='par_1_41' title="bbox 436 2779 2067 2851">
     <span class='ocr_line' id='line_1_41' title="bbox 436 2779 2067 2851; baseline 0.001 -17"><span class='ocrx_word' id='word_1_325' title='bbox 436 2781 690 2851; x_wconf 86' lang='lat' dir='ltr'><strong>gnitores</strong></span> <span class='ocrx_word' id='word_1_326' title='bbox 717 2781 906 2835; x_wconf 66' lang='lat' dir='ltr'><strong>saeculi</strong></span> <span class='ocrx_word' id='word_1_327' title='bbox 939 2797 1052 2834; x_wconf 93' lang='lat' dir='ltr'><strong>non</strong></span> <span class='ocrx_word' id='word_1_328' title='bbox 1080 2781 1450 2850; x_wconf 87' lang='lat' dir='ltr'><strong>judicentur:</strong></span> <span class='ocrx_word' id='word_1_329' title='bbox 1481 2780 1580 2835; x_wconf 89' lang='lat' dir='ltr'><strong>sed</strong></span> <span class='ocrx_word' id='word_1_330' title='bbox 1601 2781 1751 2851; x_wconf 91' lang='lat' dir='ltr'><strong>apud</strong></span> <span class='ocrx_word' id='word_1_331' title='bbox 1784 2779 2067 2851; x_wconf 84' lang='lat' dir='ltr'><strong>presbyte-</strong></span> 
     </span>
    </p>
   </div>
   <div class='ocr_carea' id='block_1_42' title="bbox 434 2871 2066 2943">
    <p class='ocr_par' dir='ltr' id='par_1_42' title="bbox 434 2871 2066 2943">
     <span class='ocr_line' id='line_1_42' title="bbox 434 2871 2066 2943; baseline 0 -17"><span class='ocrx_word' id='word_1_332' title='bbox 434 2890 525 2927; x_wconf 89' lang='lat' dir='ltr'><strong>ros</strong></span> <span class='ocrx_word' id='word_1_333' title='bbox 550 2873 812 2926; x_wconf 85' lang='lat' dir='ltr'><strong>Ecclesiae</strong></span> <span class='ocrx_word' id='word_1_334' title='bbox 852 2872 1131 2943; x_wconf 90' lang='lat' dir='ltr'><strong>quidquid</strong></span> <span class='ocrx_word' id='word_1_335' title='bbox 1168 2874 1307 2927; x_wconf 90' lang='lat' dir='ltr'><strong>illud</strong></span> <span class='ocrx_word' id='word_1_336' title='bbox 1339 2876 1444 2941; x_wconf 91' lang='lat' dir='ltr'><strong>est,</strong></span> <span class='ocrx_word' id='word_1_337' title='bbox 1475 2871 1794 2940; x_wconf 88' lang='lat' dir='ltr'><strong>dirimatur,</strong></span> <span class='ocrx_word' id='word_1_338' title='bbox 1821 2878 1880 2928; x_wconf 92' lang='lat' dir='ltr'><strong>et</strong></span> <span class='ocrx_word' id='word_1_339' title='bbox 1911 2873 2066 2927; x_wconf 91' lang='lat' dir='ltr'><strong>omni</strong></span> 
     </span>
    </p>
   </div>
   <div class='ocr_carea' id='block_1_43' title="bbox 434 2965 1400 3020">
    <p class='ocr_par' dir='ltr' id='par_1_43' title="bbox 434 2965 1400 3020">
     <span class='ocr_line' id='line_1_43' title="bbox 434 2965 1400 3020; baseline -0.002 1"><span class='ocrx_word' id='word_1_340' title='bbox 434 2966 605 3020; x_wconf 90' lang='lat' dir='ltr'><strong>modo</strong></span> <span class='ocrx_word' id='word_1_341' title='bbox 631 2965 898 3020; x_wconf 90' lang='lat' dir='ltr'><strong>obediant</strong></span> <span class='ocrx_word' id='word_1_342' title='bbox 925 2966 1148 3020; x_wconf 88' lang='lat' dir='ltr'><strong>statutis</strong></span> <span class='ocrx_word' id='word_1_343' title='bbox 1178 2981 1400 3020; x_wconf 91' lang='lat' dir='ltr'><strong>eorum.</strong></span> 
     </span>
    </p>
   </div>
   <div class='ocr_carea' id='block_1_44' title="bbox 506 3057 2063 3129">
    <p class='ocr_par' dir='ltr' id='par_1_44' title="bbox 506 3057 2063 3129">
     <span class='ocr_line' id='line_1_44' title="bbox 506 3057 2063 3129; baseline 0 -17"><span class='ocrx_word' id='word_1_344' title='bbox 506 3059 691 3129; x_wconf 90' lang='lat' dir='ltr'><strong>Super</strong></span> <span class='ocrx_word' id='word_1_345' title='bbox 715 3057 910 3113; x_wconf 91' lang='lat' dir='ltr'><strong>omnia</strong></span> <span class='ocrx_word' id='word_1_346' title='bbox 948 3061 1140 3112; x_wconf 91' lang='lat' dir='ltr'><strong>autem</strong></span> <span class='ocrx_word' id='word_1_347' title='bbox 1180 3057 1476 3112; x_wconf 88' lang='lat' dir='ltr'><strong>avaritiam</strong></span> <span class='ocrx_word' id='word_1_348' title='bbox 1525 3059 1740 3129; x_wconf 87' lang='lat' dir='ltr'><strong>fugite,</strong></span> <span class='ocrx_word' id='word_1_349' title='bbox 1788 3074 1916 3129; x_wconf 69' lang='lat' dir='ltr'><strong>qua:</strong></span> <span class='ocrx_word' id='word_1_350' title='bbox 1961 3057 2063 3112; x_wconf 85' lang='lat' dir='ltr'><strong>ho-</strong></span> 
     </span>
    </p>
   </div>
   <div class='ocr_carea' id='block_1_45' title="bbox 2163 1939 3804 2015">
    <p class='ocr_par' dir='ltr' id='par_1_45' title="bbox 2163 1939 3804 2015">
     <span class='ocr_line' id='line_1_45' title="bbox 2163 1939 3804 2015; baseline -0.003 -17"><span class='ocrx_word' id='word_1_351' title='bbox 2163 1949 2317 1999; x_wconf 90' lang='lat' dir='ltr'><strong>terra</strong></span> <span class='ocrx_word' id='word_1_352' title='bbox 2349 1943 2746 2015; x_wconf 68' lang='lat' dir='ltr'><strong>prmparatur?</strong></span> <span class='ocrx_word' id='word_1_353' title='bbox 2769 1944 2847 1998; x_wconf 91' lang='lat' dir='ltr'><strong>De</strong></span> <span class='ocrx_word' id='word_1_354' title='bbox 2876 1943 2965 1997; x_wconf 92' lang='lat' dir='ltr'><strong>his</strong></span> <span class='ocrx_word' id='word_1_355' title='bbox 2996 1959 3155 2013; x_wconf 88' lang='lat' dir='ltr'><strong>ergo,</strong></span> <span class='ocrx_word' id='word_1_356' title='bbox 3179 1945 3244 1996; x_wconf 91' lang='lat' dir='ltr'><strong>ut</strong></span> <span class='ocrx_word' id='word_1_357' title='bbox 3270 1941 3532 2007; x_wconf 84' lang='lat' dir='ltr'><strong>diximus,</strong></span> <span class='ocrx_word' id='word_1_358' title='bbox 3551 1939 3804 1995; x_wconf 90' lang='lat' dir='ltr'><strong>diaconis</strong></span> 
     </span>
    </p>
   </div>
   <div class='ocr_carea' id='block_1_46' title="bbox 2167 2035 3801 2108">
    <p class='ocr_par' dir='ltr' id='par_1_46' title="bbox 2167 2035 3801 2108">
     <span class='ocr_line' id='line_1_46' title="bbox 2167 2035 3801 2108; baseline -0.002 -18"><span class='ocrx_word' id='word_1_359' title='bbox 2167 2055 2301 2092; x_wconf 87' lang='lat' dir='ltr'><strong>cura</strong></span> <span class='ocrx_word' id='word_1_360' title='bbox 2329 2037 2419 2092; x_wconf 90' lang='lat' dir='ltr'><strong>sit.</strong></span> <span class='ocrx_word' id='word_1_361' title='bbox 2454 2039 2562 2093; x_wconf 93' lang='lat' dir='ltr'><strong>Sed</strong></span> <span class='ocrx_word' id='word_1_362' title='bbox 2603 2053 2718 2106; x_wconf 91' lang='lat' dir='ltr'><strong>eos,</strong></span> <span class='ocrx_word' id='word_1_363' title='bbox 2747 2036 2844 2108; x_wconf 87' lang='lat' dir='ltr'><strong>qui</strong></span> <span class='ocrx_word' id='word_1_364' title='bbox 2874 2037 3187 2090; x_wconf 91' lang='lat' dir='ltr'><strong>secundum</strong></span> <span class='ocrx_word' id='word_1_365' title='bbox 3229 2051 3461 2090; x_wconf 89' lang='lat' dir='ltr'><strong>carnem</strong></span> <span class='ocrx_word' id='word_1_366' title='bbox 3501 2035 3801 2104; x_wconf 69' lang='lat' dir='ltr'><strong>iegrolant,</strong></span> 
     </span>
    </p>
   </div>
   <div class='ocr_carea' id='block_1_47' title="bbox 2166 2127 3801 2202">
    <p class='ocr_par' dir='ltr' id='par_1_47' title="bbox 2166 2127 3801 2202">
     <span class='ocr_line' id='line_1_47' title="bbox 2166 2127 3801 2202; baseline -0.002 -19"><span class='ocrx_word' id='word_1_367' title='bbox 2166 2130 2403 2186; x_wconf 85' lang='lat' dir='ltr'><strong>sollicite</strong></span> <span class='ocrx_word' id='word_1_368' title='bbox 2432 2129 2785 2202; x_wconf 89' lang='lat' dir='ltr'><strong>perquirant,</strong></span> <span class='ocrx_word' id='word_1_369' title='bbox 2816 2132 2871 2183; x_wconf 88' lang='lat' dir='ltr'><strong>et</strong></span> <span class='ocrx_word' id='word_1_370' title='bbox 2902 2129 3071 2200; x_wconf 89' lang='lat' dir='ltr'><strong>plebi,</strong></span> <span class='ocrx_word' id='word_1_371' title='bbox 3101 2129 3146 2182; x_wconf 91' lang='lat' dir='ltr'><strong>si</strong></span> <span class='ocrx_word' id='word_1_372' title='bbox 3178 2130 3326 2183; x_wconf 90' lang='lat' dir='ltr'><strong>forte</strong></span> <span class='ocrx_word' id='word_1_373' title='bbox 3367 2127 3522 2199; x_wconf 86' lang='lat' dir='ltr'><strong>plebs</strong></span> <span class='ocrx_word' id='word_1_374' title='bbox 3550 2127 3801 2198; x_wconf 82' lang='lat' dir='ltr'><strong>ignorat,</strong></span> 
     </span>
    </p>
   </div>
   <div class='ocr_carea' id='block_1_48' title="bbox 2164 2222 3807 2294">
    <p class='ocr_par' dir='ltr' id='par_1_48' title="bbox 2164 2222 3807 2294">
     <span class='ocr_line' id='line_1_48' title="bbox 2164 2222 3807 2294; baseline -0.003 -16"><span class='ocrx_word' id='word_1_375' title='bbox 2164 2224 2420 2280; x_wconf 90' lang='lat' dir='ltr'><strong>indicent</strong></span> <span class='ocrx_word' id='word_1_376' title='bbox 2445 2225 2513 2280; x_wconf 91' lang='lat' dir='ltr'><strong>de</strong></span> <span class='ocrx_word' id='word_1_377' title='bbox 2544 2224 2631 2278; x_wconf 90' lang='lat' dir='ltr'><strong>his</strong></span> <span class='ocrx_word' id='word_1_378' title='bbox 2656 2226 2722 2278; x_wconf 91' lang='lat' dir='ltr'><strong>ut</strong></span> <span class='ocrx_word' id='word_1_379' title='bbox 2746 2225 2801 2277; x_wconf 87' lang='lat' dir='ltr'><strong>et</strong></span> <span class='ocrx_word' id='word_1_380' title='bbox 2829 2222 2936 2294; x_wconf 91' lang='lat' dir='ltr'><strong>ipsi</strong></span> <span class='ocrx_word' id='word_1_381' title='bbox 2963 2222 3194 2276; x_wconf 86' lang='lat' dir='ltr'><strong>visitent</strong></span> <span class='ocrx_word' id='word_1_382' title='bbox 3223 2239 3340 2289; x_wconf 89' lang='lat' dir='ltr'><strong>eos,</strong></span> <span class='ocrx_word' id='word_1_383' title='bbox 3375 2225 3432 2276; x_wconf 92' lang='lat' dir='ltr'><strong>et</strong></span> <span class='ocrx_word' id='word_1_384' title='bbox 3459 2237 3585 2292; x_wconf 72' lang='lat' dir='ltr'><strong>quae</strong></span> <span class='ocrx_word' id='word_1_385' title='bbox 3616 2237 3807 2274; x_wconf 80' lang='lat' dir='ltr'><strong>neces-</strong></span> 
     </span>
    </p>
   </div>
   <div class='ocr_carea' id='block_1_49' title="bbox 2167 2314 3808 2389">
    <p class='ocr_par' dir='ltr' id='par_1_49' title="bbox 2167 2314 3808 2389">
     <span class='ocr_line' id='line_1_49' title="bbox 2167 2314 3808 2389; baseline -0.003 -16"><span class='ocrx_word' id='word_1_386' title='bbox 2167 2319 2312 2373; x_wconf 87' lang='lat' dir='ltr'><strong>saria</strong></span> <span class='ocrx_word' id='word_1_387' title='bbox 2329 2323 2462 2373; x_wconf 88' lang='lat' dir='ltr'><strong>sunt</strong></span> <span class='ocrx_word' id='word_1_388' title='bbox 2477 2317 2771 2389; x_wconf 66' lang='lat' dir='ltr'><strong>praebeant</strong></span> <span class='ocrx_word' id='word_1_389' title='bbox 2798 2316 2878 2370; x_wconf 92' lang='lat' dir='ltr'><strong>eis</strong></span> <span class='ocrx_word' id='word_1_390' title='bbox 2899 2332 3029 2370; x_wconf 92' lang='lat' dir='ltr'><strong>cum</strong></span> <span class='ocrx_word' id='word_1_391' title='bbox 3045 2315 3388 2370; x_wconf 89' lang='lat' dir='ltr'><strong>conscientia</strong></span> <span class='ocrx_word' id='word_1_392' title='bbox 3402 2315 3523 2384; x_wconf 90' lang='lat' dir='ltr'><strong>ejus</strong></span> <span class='ocrx_word' id='word_1_393' title='bbox 3543 2314 3642 2385; x_wconf 92' lang='lat' dir='ltr'><strong>qui</strong></span> <span class='ocrx_word' id='word_1_394' title='bbox 3660 2331 3808 2385; x_wconf 86' lang='lat' dir='ltr'><strong>prae-</strong></span> 
     </span>
    </p>
   </div>
   <div class='ocr_carea' id='block_1_50' title="bbox 2165 2409 3803 2478">
    <p class='ocr_par' dir='ltr' id='par_1_50' title="bbox 2165 2409 3803 2478">
     <span class='ocr_line' id='line_1_50' title="bbox 2165 2409 3803 2478; baseline -0.004 -12"><span class='ocrx_word' id='word_1_395' title='bbox 2165 2415 2268 2467; x_wconf 90' lang='lat' dir='ltr'><strong>est.</strong></span> <span class='ocrx_word' id='word_1_396' title='bbox 2302 2412 2460 2476; x_wconf 84' lang='lat' dir='ltr'><strong>Quod</strong></span> <span class='ocrx_word' id='word_1_397' title='bbox 2491 2415 2685 2465; x_wconf 88' lang='lat' dir='ltr'><strong>tamen</strong></span> <span class='ocrx_word' id='word_1_398' title='bbox 2709 2410 2752 2464; x_wconf 94' lang='lat' dir='ltr'><strong>si</strong></span> <span class='ocrx_word' id='word_1_399' title='bbox 2780 2410 2952 2465; x_wconf 88' lang='lat' dir='ltr'><strong>etiam</strong></span> <span class='ocrx_word' id='word_1_400' title='bbox 2989 2410 3138 2464; x_wconf 88' lang='lat' dir='ltr'><strong>clam</strong></span> <span class='ocrx_word' id='word_1_401' title='bbox 3176 2409 3433 2474; x_wconf 88' lang='lat' dir='ltr'><strong>fecerint,</strong></span> <span class='ocrx_word' id='word_1_402' title='bbox 3461 2424 3575 2462; x_wconf 90' lang='lat' dir='ltr'><strong>non</strong></span> <span class='ocrx_word' id='word_1_403' title='bbox 3603 2423 3803 2478; x_wconf 90' lang='lat' dir='ltr'><strong>pecca-</strong></span> 
     </span>
    </p>
   </div>
   <div class='ocr_carea' id='block_1_51' title="bbox 2167 2505 2331 2559">
    <p class='ocr_par' dir='ltr' id='par_1_51' title="bbox 2167 2505 2331 2559">
     <span class='ocr_line' id='line_1_51' title="bbox 2167 2505 2331 2559; baseline -0.006 0"><span class='ocrx_word' id='word_1_404' title='bbox 2167 2505 2331 2559; x_wconf 89' lang='lat' dir='ltr'><strong>bunt.</strong></span> 
     </span>
    </p>
   </div>
   <div class='ocr_carea' id='block_1_52' title="bbox 2240 2595 3810 2668">
    <p class='ocr_par' dir='ltr' id='par_1_52' title="bbox 2240 2595 3810 2668">
     <span class='ocr_line' id='line_1_52' title="bbox 2240 2595 3810 2668; baseline -0.003 -15"><span class='ocrx_word' id='word_1_405' title='bbox 2240 2597 2349 2653; x_wconf 91' lang='lat' dir='ltr'><strong>Sed</strong></span> <span class='ocrx_word' id='word_1_406' title='bbox 2372 2597 2521 2652; x_wconf 84' lang='lat' dir='ltr'><strong>etde</strong></span> <span class='ocrx_word' id='word_1_407' title='bbox 2551 2595 2866 2668; x_wconf 82' lang='lat' dir='ltr'><strong>peregrinis</strong></span> <span class='ocrx_word' id='word_1_408' title='bbox 2902 2596 3162 2650; x_wconf 89' lang='lat' dir='ltr'><strong>similiter</strong></span> <span class='ocrx_word' id='word_1_409' title='bbox 3193 2597 3458 2666; x_wconf 86' lang='lat' dir='ltr'><strong>episcopo</strong></span> <span class='ocrx_word' id='word_1_410' title='bbox 3493 2597 3810 2666; x_wconf 81' lang='lat' dir='ltr'><strong>suggerant</strong></span> 
     </span>
    </p>
   </div>
   <div class='ocr_carea' id='block_1_53' title="bbox 2171 2688 3808 2760">
    <p class='ocr_par' dir='ltr' id='par_1_53' title="bbox 2171 2688 3808 2760">
     <span class='ocr_line' id='line_1_53' title="bbox 2171 2688 3808 2760; baseline -0.002 -15"><span class='ocrx_word' id='word_1_411' title='bbox 2171 2690 2504 2757; x_wconf 81' lang='lat' dir='ltr'><strong>refovendis,</strong></span> <span class='ocrx_word' id='word_1_412' title='bbox 2546 2695 2603 2745; x_wconf 89' lang='lat' dir='ltr'><strong>et</strong></span> <span class='ocrx_word' id='word_1_413' title='bbox 2656 2693 2859 2744; x_wconf 70' lang='lat' dir='ltr'><strong>caetera</strong></span> <span class='ocrx_word' id='word_1_414' title='bbox 2905 2689 2991 2744; x_wconf 89' lang='lat' dir='ltr'><strong>his</strong></span> <span class='ocrx_word' id='word_1_415' title='bbox 3049 2689 3254 2744; x_wconf 88' lang='lat' dir='ltr'><strong>similia</strong></span> <span class='ocrx_word' id='word_1_416' title='bbox 3305 2705 3432 2760; x_wconf 62' lang='lat' dir='ltr'><strong>quae</strong></span> <span class='ocrx_word' id='word_1_417' title='bbox 3480 2689 3550 2743; x_wconf 89' lang='lat' dir='ltr'><strong>ad</strong></span> <span class='ocrx_word' id='word_1_418' title='bbox 3588 2688 3808 2743; x_wconf 92' lang='lat' dir='ltr'><strong>cultum</strong></span> 
     </span>
    </p>
   </div>
   <div class='ocr_carea' id='block_1_54' title="bbox 2170 2781 3808 2854">
    <p class='ocr_par' dir='ltr' id='par_1_54' title="bbox 2170 2781 3808 2854">
     <span class='ocr_line' id='line_1_54' title="bbox 2170 2781 3808 2854; baseline -0.002 -15"><span class='ocrx_word' id='word_1_419' title='bbox 2170 2785 2426 2839; x_wconf 63' lang='lat' dir='ltr'><strong>Ecclesiae</strong></span> <span class='ocrx_word' id='word_1_420' title='bbox 2453 2787 2510 2838; x_wconf 90' lang='lat' dir='ltr'><strong>et</strong></span> <span class='ocrx_word' id='word_1_421' title='bbox 2535 2783 2890 2854; x_wconf 90' lang='lat' dir='ltr'><strong>disciplinam</strong></span> <span class='ocrx_word' id='word_1_422' title='bbox 2919 2783 3041 2854; x_wconf 85' lang='lat' dir='ltr'><strong>ejus</strong></span> <span class='ocrx_word' id='word_1_423' title='bbox 3066 2782 3358 2854; x_wconf 88' lang='lat' dir='ltr'><strong>pertinent</strong></span> <span class='ocrx_word' id='word_1_424' title='bbox 3385 2781 3631 2837; x_wconf 90' lang='lat' dir='ltr'><strong>diaconis</strong></span> <span class='ocrx_word' id='word_1_425' title='bbox 3651 2798 3808 2836; x_wconf 89' lang='lat' dir='ltr'><strong>curae</strong></span> 
     </span>
    </p>
   </div>
   <div class='ocr_carea' id='block_1_55' title="bbox 2169 2875 3811 2948">
    <p class='ocr_par' dir='ltr' id='par_1_55' title="bbox 2169 2875 3811 2948">
     <span class='ocr_line' id='line_1_55' title="bbox 2169 2875 3811 2948; baseline -0.001 -16"><span class='ocrx_word' id='word_1_426' title='bbox 2169 2878 2301 2932; x_wconf 87' lang='lat' dir='ltr'><strong>sint.</strong></span> <span class='ocrx_word' id='word_1_427' title='bbox 2343 2877 2448 2941; x_wconf 86' lang='lat' dir='ltr'><strong>Qui</strong></span> <span class='ocrx_word' id='word_1_428' title='bbox 2493 2876 2876 2946; x_wconf 88' lang='lat' dir='ltr'><strong>catcchizant,</strong></span> <span class='ocrx_word' id='word_1_429' title='bbox 2914 2876 2971 2931; x_wconf 93' lang='lat' dir='ltr'><strong>id</strong></span> <span class='ocrx_word' id='word_1_430' title='bbox 3015 2880 3118 2943; x_wconf 89' lang='lat' dir='ltr'><strong>est,</strong></span> <span class='ocrx_word' id='word_1_431' title='bbox 3161 2875 3260 2948; x_wconf 91' lang='lat' dir='ltr'><strong>qui</strong></span> <span class='ocrx_word' id='word_1_432' title='bbox 3301 2876 3476 2931; x_wconf 88' lang='lat' dir='ltr'><strong>verbo</strong></span> <span class='ocrx_word' id='word_1_433' title='bbox 3517 2875 3811 2930; x_wconf 88' lang='lat' dir='ltr'><strong>instruunt</strong></span> 
     </span>
    </p>
   </div>
   <div class='ocr_carea' id='block_1_56' title="bbox 2169 2967 3807 3041">
    <p class='ocr_par' dir='ltr' id='par_1_56' title="bbox 2169 2967 3807 3041">
     <span class='ocr_line' id='line_1_56' title="bbox 2169 2967 3807 3041; baseline -0.002 -17"><span class='ocrx_word' id='word_1_434' title='bbox 2169 2971 2520 3041; x_wconf 87' lang='lat' dir='ltr'><strong>incipientes,</strong></span> <span class='ocrx_word' id='word_1_435' title='bbox 2553 2970 2739 3041; x_wconf 92' lang='lat' dir='ltr'><strong>primo</strong></span> <span class='ocrx_word' id='word_1_436' title='bbox 2773 2974 3000 3040; x_wconf 90' lang='lat' dir='ltr'><strong>oportet</strong></span> <span class='ocrx_word' id='word_1_437' title='bbox 3037 2969 3194 3040; x_wconf 91' lang='lat' dir='ltr'><strong>quod</strong></span> <span class='ocrx_word' id='word_1_438' title='bbox 3231 2970 3342 3041; x_wconf 90' lang='lat' dir='ltr'><strong>ipsi</strong></span> <span class='ocrx_word' id='word_1_439' title='bbox 3383 2967 3641 3024; x_wconf 88' lang='lat' dir='ltr'><strong>instructi</strong></span> <span class='ocrx_word' id='word_1_440' title='bbox 3669 2968 3807 3034; x_wconf 89' lang='lat' dir='ltr'><strong>sint,</strong></span> 
     </span>
    </p>
   </div>
   <div class='ocr_carea' id='block_1_57' title="bbox 2169 3061 3811 3134">
    <p class='ocr_par' dir='ltr' id='par_1_57' title="bbox 2169 3061 3811 3134">
     <span class='ocr_line' id='line_1_57' title="bbox 2169 3061 3811 3134; baseline -0.002 -15"><span class='ocrx_word' id='word_1_441' title='bbox 2169 3064 2237 3119; x_wconf 92' lang='lat' dir='ltr'><strong>de</strong></span> <span class='ocrx_word' id='word_1_442' title='bbox 2277 3063 2466 3118; x_wconf 87' lang='lat' dir='ltr'><strong>anima</strong></span> <span class='ocrx_word' id='word_1_443' title='bbox 2509 3063 2663 3118; x_wconf 90' lang='lat' dir='ltr'><strong>enim</strong></span> <span class='ocrx_word' id='word_1_444' title='bbox 2705 3063 2895 3134; x_wconf 89' lang='lat' dir='ltr'><strong>agitur</strong></span> <span class='ocrx_word' id='word_1_445' title='bbox 2945 3061 3267 3129; x_wconf 88' lang='lat' dir='ltr'><strong>hominum,</strong></span> <span class='ocrx_word' id='word_1_446' title='bbox 3308 3067 3366 3116; x_wconf 91' lang='lat' dir='ltr'><strong>et</strong></span> <span class='ocrx_word' id='word_1_447' title='bbox 3408 3065 3628 3133; x_wconf 86' lang='lat' dir='ltr'><strong>oportet</strong></span> <span class='ocrx_word' id='word_1_448' title='bbox 3672 3077 3811 3116; x_wconf 89' lang='lat' dir='ltr'><strong>eum</strong></span> 
     </span>
    </p>
   </div>
   <div class='ocr_carea' id='block_1_58' title="bbox 434 3151 3815 3264">
    <p class='ocr_par' dir='ltr' id='par_1_58' title="bbox 434 3151 3815 3264">
     <span class='ocr_line' id='line_1_58' title="bbox 434 3151 3815 3264; baseline 0.001 -58"><span class='ocrx_word' id='word_1_449' title='bbox 434 3151 617 3207; x_wconf 90' lang='lat' dir='ltr'><strong>mines</strong></span> <span class='ocrx_word' id='word_1_450' title='bbox 646 3151 937 3206; x_wconf 88' lang='lat' dir='ltr'><strong>occasione</strong></span> <span class='ocrx_word' id='word_1_451' title='bbox 973 3152 1271 3223; x_wconf 68' lang='lat' dir='ltr'><strong>praesentis</strong></span> <span class='ocrx_word' id='word_1_452' title='bbox 1309 3152 1451 3206; x_wconf 90' lang='lat' dir='ltr'><strong>lucri</strong></span> <span class='ocrx_word' id='word_1_453' title='bbox 1490 3151 1560 3206; x_wconf 91' lang='lat' dir='ltr'><strong>ab</strong></span> <span class='ocrx_word' id='word_1_454' title='bbox 1591 3151 1818 3206; x_wconf 87' lang='lat' dir='ltr'><strong>aeternis</strong></span> <span class='ocrx_word' id='word_1_455' title='bbox 1845 3157 2071 3222; x_wconf 87' lang='lat' dir='ltr'><strong>separat</strong></span> <span class='ocrx_word' id='word_1_456' title='bbox 2090 3190 2144 3264; x_wconf 67' lang='grc' dir='ltr'>Ο</span> <span class='ocrx_word' id='word_1_457' title='bbox 2169 3157 2266 3229; x_wconf 87' lang='lat' dir='ltr'><strong>qui</strong></span> <span class='ocrx_word' id='word_1_458' title='bbox 2310 3157 2472 3212; x_wconf 89' lang='lat' dir='ltr'><strong>docet</strong></span> <span class='ocrx_word' id='word_1_459' title='bbox 2518 3161 2575 3211; x_wconf 91' lang='lat' dir='ltr'><strong>et</strong></span> <span class='ocrx_word' id='word_1_460' title='bbox 2613 3155 2842 3211; x_wconf 89' lang='lat' dir='ltr'><strong>instruit</strong></span> <span class='ocrx_word' id='word_1_461' title='bbox 2885 3156 3102 3211; x_wconf 88' lang='lat' dir='ltr'><strong>animas</strong></span> <span class='ocrx_word' id='word_1_462' title='bbox 3153 3156 3320 3210; x_wconf 87' lang='lat' dir='ltr'><strong>rudes</strong></span> <span class='ocrx_word' id='word_1_463' title='bbox 3364 3172 3487 3210; x_wconf 90' lang='lat' dir='ltr'><strong>esse</strong></span> <span class='ocrx_word' id='word_1_464' title='bbox 3527 3155 3697 3210; x_wconf 88' lang='lat' dir='ltr'><strong>talem</strong></span> <span class='ocrx_word' id='word_1_465' title='bbox 3747 3159 3815 3209; x_wconf 91' lang='lat' dir='ltr'><strong>ut</strong></span> 
     </span>
     <span class='ocr_line' id='line_1_59' title="bbox 434 3244 3767 3264; baseline 0.001 -2"><span class='ocrx_word' id='word_1_466' title='bbox 434 3246 449 3264; x_wconf 79' lang='grc' dir='ltr'><strong>ι</strong></span> <span class='ocrx_word' id='word_1_467' title='bbox 483 3245 595 3264; x_wconf 69' lang='lat'><strong>__._</strong></span> <span class='ocrx_word' id='word_1_468' title='bbox 643 3244 890 3264; x_wconf 54' lang='lat' dir='ltr'><strong>n__J____</strong></span> <span class='ocrx_word' id='word_1_469' title='bbox 952 3261 1239 3264; x_wconf 32' lang='lat' dir='ltr'><strong>“unum</strong></span> <span class='ocrx_word' id='word_1_470' title='bbox 1852 3244 2043 3264; x_wconf 27' lang='grc' dir='ltr'><strong>,ῃειημ</strong></span> <span class='ocrx_word' id='word_1_471' title='bbox 2302 3251 2312 3260; x_wconf 90' lang='grc'><strong>.</strong></span> <span class='ocrx_word' id='word_1_472' title='bbox 2478 3251 2488 3260; x_wconf 90' lang='grc'>.</span> <span class='ocrx_word' id='word_1_473' title='bbox 2587 3250 2625 3264; x_wconf 69' lang='grc' dir='ltr'>ι.</span> <span class='ocrx_word' id='word_1_474' title='bbox 2771 3250 2805 3264; x_wconf 89' lang='lat'><strong>..</strong></span> <span class='ocrx_word' id='word_1_475' title='bbox 3121 3247 3153 3264; x_wconf 79' lang='grc'><strong>..</strong></span> <span class='ocrx_word' id='word_1_476' title='bbox 3506 3248 3538 3264; x_wconf 80' lang='grc'><strong>..</strong></span> <span class='ocrx_word' id='word_1_477' title='bbox 3661 3251 3670 3264; x_wconf 96' lang='grc'><em>.</em></span> <span class='ocrx_word' id='word_1_478' title='bbox 3764 3263 3767 3264; x_wconf 65' lang='lat'><strong>,</strong></span> 
     </span>
    </p>
   </div>
   <div class='ocr_carea' id='block_1_59' title="bbox 433 3244 2070 3318">
    <p class='ocr_par' dir='ltr' id='par_1_59' title="bbox 433 3244 2070 3318">
     <span class='ocr_line' id='line_1_60' title="bbox 433 3244 2070 3318; baseline -0.001 -19"><span class='ocrx_word' id='word_1_479' title='bbox 433 3245 617 3299; x_wconf 91' lang='lat' dir='ltr'><strong>bonis.</strong></span> <span class='ocrx_word' id='word_1_480' title='bbox 641 3244 922 3318; x_wconf 87' lang='lat' dir='ltr'><strong>Pondera,</strong></span> <span class='ocrx_word' id='word_1_481' title='bbox 949 3261 1261 3311; x_wconf 90' lang='lat' dir='ltr'><strong>mensuras,</strong></span> <span class='ocrx_word' id='word_1_482' title='bbox 1282 3247 1513 3299; x_wconf 74' lang='lat' dir='ltr'><strong>steteras</strong></span> <span class='ocrx_word' id='word_1_483' title='bbox 1547 3261 1652 3315; x_wconf 92' lang='lat' dir='ltr'><strong>pro</strong></span> <span class='ocrx_word' id='word_1_484' title='bbox 1680 3245 1818 3299; x_wconf 90' lang='lat' dir='ltr'><strong>locis</strong></span> <span class='ocrx_word' id='word_1_485' title='bbox 1845 3244 2070 3315; x_wconf 90' lang='lat' dir='ltr'><strong>quibus-</strong></span> 
     </span>
    </p>
   </div>
   <div class='ocr_carea' id='block_1_60' title="bbox 433 3336 2065 3410">
    <p class='ocr_par' dir='ltr' id='par_1_60' title="bbox 433 3336 2065 3410">
     <span class='ocr_line' id='line_1_61' title="bbox 433 3336 2065 3410; baseline 0 -18"><span class='ocrx_word' id='word_1_486' title='bbox 433 3354 544 3410; x_wconf 91' lang='lat' dir='ltr'><strong>que</strong></span> <span class='ocrx_word' id='word_1_487' title='bbox 564 3337 885 3409; x_wconf 84' lang='lat' dir='ltr'><strong>aequissima</strong></span> <span class='ocrx_word' id='word_1_488' title='bbox 899 3336 1176 3392; x_wconf 90' lang='lat' dir='ltr'><strong>custodite</strong></span> <span class='ocrx_word' id='word_1_489' title='bbox 1197 3356 1213 3407; x_wconf 90' lang='lat'><strong>;</strong></span> <span class='ocrx_word' id='word_1_490' title='bbox 1233 3337 1493 3409; x_wconf 89' lang='lat' dir='ltr'><strong>deposita</strong></span> <span class='ocrx_word' id='word_1_491' title='bbox 1511 3337 1754 3393; x_wconf 84' lang='lat' dir='ltr'><strong>ﬁdeliter</strong></span> <span class='ocrx_word' id='word_1_492' title='bbox 1769 3337 2065 3392; x_wconf 89' lang='lat' dir='ltr'><strong>restituite.</strong></span> 
     </span>
    </p>
   </div>
   <div class='ocr_carea' id='block_1_61' title="bbox 436 3430 2067 3502">
    <p class='ocr_par' dir='ltr' id='par_1_61' title="bbox 436 3430 2067 3502">
     <span class='ocr_line' id='line_1_62' title="bbox 436 3430 2067 3502; baseline -0.001 -17"><span class='ocrx_word' id='word_1_493' title='bbox 436 3432 576 3496; x_wconf 67' lang='lat' dir='ltr'><strong>Quae</strong></span> <span class='ocrx_word' id='word_1_494' title='bbox 602 3431 815 3498; x_wconf 90' lang='lat' dir='ltr'><strong>omnia,</strong></span> <span class='ocrx_word' id='word_1_495' title='bbox 851 3435 905 3486; x_wconf 92' lang='lat' dir='ltr'><strong>et</strong></span> <span class='ocrx_word' id='word_1_496' title='bbox 948 3431 994 3485; x_wconf 89' lang='lat' dir='ltr'><strong>si</strong></span> <span class='ocrx_word' id='word_1_497' title='bbox 1031 3447 1146 3502; x_wconf 92' lang='lat' dir='ltr'><strong>qua</strong></span> <span class='ocrx_word' id='word_1_498' title='bbox 1186 3436 1317 3485; x_wconf 91' lang='lat' dir='ltr'><strong>sunt</strong></span> <span class='ocrx_word' id='word_1_499' title='bbox 1349 3431 1559 3485; x_wconf 89' lang='lat' dir='ltr'><strong>similia</strong></span> <span class='ocrx_word' id='word_1_500' title='bbox 1589 3430 1695 3498; x_wconf 91' lang='lat' dir='ltr'><strong>his,</strong></span> <span class='ocrx_word' id='word_1_501' title='bbox 1723 3431 1800 3486; x_wconf 83' lang='lat' dir='ltr'><strong>ita</strong></span> <span class='ocrx_word' id='word_1_502' title='bbox 1837 3431 2067 3486; x_wconf 86' lang='lat' dir='ltr'><strong>demum</strong></span> 
     </span>
    </p>
   </div>
   <div class='ocr_carea' id='block_1_62' title="bbox 434 3523 2066 3596">
    <p class='ocr_par' dir='ltr' id='par_1_62' title="bbox 434 3523 2066 3596">
     <span class='ocr_line' id='line_1_63' title="bbox 434 3523 2066 3596; baseline 0 -17"><span class='ocrx_word' id='word_1_503' title='bbox 434 3525 670 3581; x_wconf 87' lang='lat' dir='ltr'><strong>sollicite</strong></span> <span class='ocrx_word' id='word_1_504' title='bbox 689 3527 746 3580; x_wconf 92' lang='lat' dir='ltr'><strong>et</strong></span> <span class='ocrx_word' id='word_1_505' title='bbox 765 3525 1072 3596; x_wconf 87' lang='lat' dir='ltr'><strong>diligenter</strong></span> <span class='ocrx_word' id='word_1_506' title='bbox 1092 3525 1165 3578; x_wconf 89' lang='lat' dir='ltr'><strong>im</strong></span> <span class='ocrx_word' id='word_1_507' title='bbox 1174 3523 1416 3596; x_wconf 88' lang='lat' dir='ltr'><strong>plebitis,</strong></span> <span class='ocrx_word' id='word_1_508' title='bbox 1441 3524 1488 3578; x_wconf 92' lang='lat' dir='ltr'><strong>si</strong></span> <span class='ocrx_word' id='word_1_509' title='bbox 1511 3525 1767 3579; x_wconf 89' lang='lat' dir='ltr'><strong>futurum</strong></span> <span class='ocrx_word' id='word_1_510' title='bbox 1785 3524 2066 3595; x_wconf 92' lang='lat' dir='ltr'><strong>judicium</strong></span> 
     </span>
    </p>
   </div>
   <div class='ocr_carea' id='block_1_63' title="bbox 434 3617 2068 3682">
    <p class='ocr_par' dir='ltr' id='par_1_63' title="bbox 434 3617 2068 3682">
     <span class='ocr_line' id='line_1_64' title="bbox 434 3617 2068 3682; baseline -0.001 -8"><span class='ocrx_word' id='word_1_511' title='bbox 434 3617 534 3674; x_wconf 90' lang='lat' dir='ltr'><strong>Dei</strong></span> <span class='ocrx_word' id='word_1_512' title='bbox 560 3617 678 3674; x_wconf 91' lang='lat' dir='ltr'><strong>sine</strong></span> <span class='ocrx_word' id='word_1_513' title='bbox 714 3617 1132 3674; x_wconf 87' lang='lat' dir='ltr'><strong>intermissione</strong></span> <span class='ocrx_word' id='word_1_514' title='bbox 1163 3617 1223 3673; x_wconf 93' lang='lat' dir='ltr'><strong>in</strong></span> <span class='ocrx_word' id='word_1_515' title='bbox 1247 3623 1433 3673; x_wconf 89' lang='lat' dir='ltr'><strong>vestro</strong></span> <span class='ocrx_word' id='word_1_516' title='bbox 1461 3617 1629 3674; x_wconf 91' lang='lat' dir='ltr'><strong>corde</strong></span> <span class='ocrx_word' id='word_1_517' title='bbox 1657 3618 1906 3672; x_wconf 82' lang='lat' dir='ltr'><strong>volvatis.</strong></span> <span class='ocrx_word' id='word_1_518' title='bbox 1936 3619 2068 3682; x_wconf 89' lang='lat' dir='ltr'><strong>Quis</strong></span> 
     </span>
    </p>
   </div>
   <div class='ocr_carea' id='block_1_64' title="bbox 432 3709 2070 3782">
    <p class='ocr_par' dir='ltr' id='par_1_64' title="bbox 432 3709 2070 3782">
     <span class='ocr_line' id='line_1_65' title="bbox 432 3709 2070 3782; baseline -0.001 -15"><span class='ocrx_word' id='word_1_519' title='bbox 432 3712 587 3768; x_wconf 91' lang='lat' dir='ltr'><strong>enim</strong></span> <span class='ocrx_word' id='word_1_520' title='bbox 634 3727 866 3782; x_wconf 88' lang='lat' dir='ltr'><strong>peccare</strong></span> <span class='ocrx_word' id='word_1_521' title='bbox 912 3709 1143 3782; x_wconf 87' lang='lat' dir='ltr'><strong>poterit,</strong></span> <span class='ocrx_word' id='word_1_522' title='bbox 1186 3711 1230 3763; x_wconf 92' lang='lat' dir='ltr'><strong>si</strong></span> <span class='ocrx_word' id='word_1_523' title='bbox 1274 3727 1501 3780; x_wconf 90' lang='lat' dir='ltr'><strong>semper</strong></span> <span class='ocrx_word' id='word_1_524' title='bbox 1544 3714 1675 3764; x_wconf 89' lang='lat' dir='ltr'><strong>ante</strong></span> <span class='ocrx_word' id='word_1_525' title='bbox 1713 3710 1900 3764; x_wconf 92' lang='lat' dir='ltr'><strong>oculos</strong></span> <span class='ocrx_word' id='word_1_526' title='bbox 1944 3728 2070 3765; x_wconf 92' lang='lat' dir='ltr'><strong>suos</strong></span> 
     </span>
    </p>
   </div>
   <div class='ocr_carea' id='block_1_65' title="bbox 432 3802 2066 3874">
    <p class='ocr_par' dir='ltr' id='par_1_65' title="bbox 432 3802 2066 3874">
     <span class='ocr_line' id='line_1_66' title="bbox 432 3802 2066 3874; baseline -0.001 -16"><span class='ocrx_word' id='word_1_527' title='bbox 432 3804 531 3858; x_wconf 91' lang='lat' dir='ltr'><strong>Dei</strong></span> <span class='ocrx_word' id='word_1_528' title='bbox 564 3803 844 3874; x_wconf 89' lang='lat' dir='ltr'><strong>judicium</strong></span> <span class='ocrx_word' id='word_1_529' title='bbox 877 3802 1098 3873; x_wconf 85' lang='lat' dir='ltr'><strong>ponat?</strong></span> <span class='ocrx_word' id='word_1_530' title='bbox 1144 3802 1280 3872; x_wconf 91' lang='lat' dir='ltr'><strong>quid</strong></span> <span class='ocrx_word' id='word_1_531' title='bbox 1327 3803 1383 3856; x_wconf 93' lang='lat' dir='ltr'><strong>in</strong></span> <span class='ocrx_word' id='word_1_532' title='bbox 1436 3802 1550 3857; x_wconf 86' lang='lat' dir='ltr'><strong>ﬁne</strong></span> <span class='ocrx_word' id='word_1_533' title='bbox 1595 3803 1798 3856; x_wconf 91' lang='lat' dir='ltr'><strong>mundi</strong></span> <span class='ocrx_word' id='word_1_534' title='bbox 1845 3807 2066 3857; x_wconf 88' lang='lat' dir='ltr'><strong>certum</strong></span> 
     </span>
    </p>
   </div>
   <div class='ocr_carea' id='block_1_66' title="bbox 435 3895 2071 3966">
    <p class='ocr_par' dir='ltr' id='par_1_66' title="bbox 435 3895 2071 3966">
     <span class='ocr_line' id='line_1_67' title="bbox 435 3895 2071 3966; baseline -0.001 -14"><span class='ocrx_word' id='word_1_535' title='bbox 435 3902 521 3952; x_wconf 91' lang='lat' dir='ltr'><strong>est</strong></span> <span class='ocrx_word' id='word_1_536' title='bbox 574 3895 932 3966; x_wconf 89' lang='lat' dir='ltr'><strong>agitandum,</strong></span> <span class='ocrx_word' id='word_1_537' title='bbox 974 3899 1038 3949; x_wconf 91' lang='lat' dir='ltr'><strong>ut</strong></span> <span class='ocrx_word' id='word_1_538' title='bbox 1094 3895 1328 3949; x_wconf 83' lang='lat' dir='ltr'><strong>tandem</strong></span> <span class='ocrx_word' id='word_1_539' title='bbox 1381 3895 1481 3966; x_wconf 87' lang='lat' dir='ltr'><strong>qui</strong></span> <span class='ocrx_word' id='word_1_540' title='bbox 1529 3895 1678 3950; x_wconf 88' lang='lat' dir='ltr'><strong>bene</strong></span> <span class='ocrx_word' id='word_1_541' title='bbox 1717 3895 1774 3949; x_wconf 93' lang='lat' dir='ltr'><strong>in</strong></span> <span class='ocrx_word' id='word_1_542' title='bbox 1812 3896 1918 3950; x_wconf 87' lang='lat' dir='ltr'><strong>hac</strong></span> <span class='ocrx_word' id='word_1_543' title='bbox 1957 3896 2071 3951; x_wconf 90' lang='lat' dir='ltr'><strong>vita</strong></span> 
     </span>
    </p>
   </div>
   <div class='ocr_carea' id='block_1_67' title="bbox 433 3988 2069 4061">
    <p class='ocr_par' dir='ltr' id='par_1_67' title="bbox 433 3988 2069 4061">
     <span class='ocr_line' id='line_1_68' title="bbox 433 3988 2069 4061; baseline -0.001 -16"><span class='ocrx_word' id='word_1_544' title='bbox 433 3991 678 4061; x_wconf 86' lang='lat' dir='ltr'><strong>egerunt</strong></span> <span class='ocrx_word' id='word_1_545' title='bbox 704 3993 1129 4060; x_wconf 89' lang='lat' dir='ltr'><strong>consequantur</strong></span> <span class='ocrx_word' id='word_1_546' title='bbox 1153 3989 1307 4043; x_wconf 89' lang='lat' dir='ltr'><strong>bona</strong></span> <span class='ocrx_word' id='word_1_547' title='bbox 1334 3988 1600 4058; x_wconf 89' lang='lat' dir='ltr'><strong>reposita,</strong></span> <span class='ocrx_word' id='word_1_548' title='bbox 1633 3992 1947 4059; x_wconf 89' lang='lat' dir='ltr'><strong>peccatores</strong></span> <span class='ocrx_word' id='word_1_549' title='bbox 1975 4006 2069 4044; x_wconf 90' lang='lat' dir='ltr'><strong>au-</strong></span> 
     </span>
    </p>
   </div>
   <div class='ocr_carea' id='block_1_68' title="bbox 431 4081 2069 4154">
    <p class='ocr_par' dir='ltr' id='par_1_68' title="bbox 431 4081 2069 4154">
     <span class='ocr_line' id='line_1_69' title="bbox 431 4081 2069 4154; baseline 0.001 -18"><span class='ocrx_word' id='word_1_550' title='bbox 431 4087 570 4150; x_wconf 89' lang='lat' dir='ltr'><strong>tem,</strong></span> <span class='ocrx_word' id='word_1_551' title='bbox 599 4087 660 4137; x_wconf 92' lang='lat' dir='ltr'><strong>ut</strong></span> <span class='ocrx_word' id='word_1_552' title='bbox 689 4085 1112 4153; x_wconf 89' lang='lat' dir='ltr'><strong>consequantur</strong></span> <span class='ocrx_word' id='word_1_553' title='bbox 1147 4084 1493 4153; x_wconf 77' lang='lat' dir='ltr'><strong>praeparatas</strong></span> <span class='ocrx_word' id='word_1_554' title='bbox 1521 4099 1733 4152; x_wconf 87' lang='lat' dir='ltr'><strong>poenas,</strong></span> <span class='ocrx_word' id='word_1_555' title='bbox 1763 4081 1832 4136; x_wconf 91' lang='lat' dir='ltr'><strong>de</strong></span> <span class='ocrx_word' id='word_1_556' title='bbox 1864 4083 2069 4154; x_wconf 89' lang='lat' dir='ltr'><strong>quibus</strong></span> 
     </span>
    </p>
   </div>
   <div class='ocr_carea' id='block_1_69' title="bbox 431 4175 2067 4247">
    <p class='ocr_par' dir='ltr' id='par_1_69' title="bbox 431 4175 2067 4247">
     <span class='ocr_line' id='line_1_70' title="bbox 431 4175 2067 4247; baseline -0.001 -16"><span class='ocrx_word' id='word_1_557' title='bbox 431 4177 511 4232; x_wconf 90' lang='lat' dir='ltr'><strong>ita</strong></span> <span class='ocrx_word' id='word_1_558' title='bbox 547 4175 805 4231; x_wconf 88' lang='lat' dir='ltr'><strong>futurum</strong></span> <span class='ocrx_word' id='word_1_559' title='bbox 858 4175 1118 4230; x_wconf 89' lang='lat' dir='ltr'><strong>dubitare</strong></span> <span class='ocrx_word' id='word_1_560' title='bbox 1172 4175 1406 4230; x_wconf 92' lang='lat' dir='ltr'><strong>omnino</strong></span> <span class='ocrx_word' id='word_1_561' title='bbox 1457 4191 1576 4230; x_wconf 91' lang='lat' dir='ltr'><strong>non</strong></span> <span class='ocrx_word' id='word_1_562' title='bbox 1633 4177 1976 4247; x_wconf 82' lang='lat' dir='ltr'><strong>possumus?</strong></span> <span class='ocrx_word' id='word_1_563' title='bbox 2014 4177 2067 4232; x_wconf 90' lang='lat' dir='ltr'><strong>Si</strong></span> 
     </span>
    </p>
   </div>
   <div class='ocr_carea' id='block_1_70' title="bbox 430 4268 2068 4340">
    <p class='ocr_par' dir='ltr' id='par_1_70' title="bbox 430 4268 2068 4340">
     <span class='ocr_line' id='line_1_71' title="bbox 430 4268 2068 4340; baseline 0.001 -18"><span class='ocrx_word' id='word_1_564' title='bbox 430 4268 662 4340; x_wconf 89' lang='lat' dir='ltr'><strong>quidem</strong></span> <span class='ocrx_word' id='word_1_565' title='bbox 715 4269 838 4323; x_wconf 74' lang='lat' dir='ltr'><strong>haec</strong></span> <span class='ocrx_word' id='word_1_566' title='bbox 881 4268 1072 4322; x_wconf 91' lang='lat' dir='ltr'><strong>omnia</strong></span> <span class='ocrx_word' id='word_1_567' title='bbox 1114 4268 1196 4322; x_wconf 87' lang='lat' dir='ltr'><strong>ita</strong></span> <span class='ocrx_word' id='word_1_568' title='bbox 1241 4285 1361 4323; x_wconf 90' lang='lat' dir='ltr'><strong>esse</strong></span> <span class='ocrx_word' id='word_1_569' title='bbox 1406 4271 1644 4323; x_wconf 91' lang='lat' dir='ltr'><strong>ventura</strong></span> <span class='ocrx_word' id='word_1_570' title='bbox 1687 4285 1849 4324; x_wconf 90' lang='lat' dir='ltr'><strong>verus</strong></span> <span class='ocrx_word' id='word_1_571' title='bbox 1907 4270 2068 4324; x_wconf 92' lang='lat' dir='ltr'><strong>nobis</strong></span> 
     </span>
    </p>
   </div>
   <div class='ocr_carea' id='block_1_71' title="bbox 429 4361 2064 4434">
    <p class='ocr_par' dir='ltr' id='par_1_71' title="bbox 429 4361 2064 4434">
     <span class='ocr_line' id='line_1_72' title="bbox 429 4361 2064 4434; baseline 0.001 -18"><span class='ocrx_word' id='word_1_572' title='bbox 429 4362 711 4434; x_wconf 88' lang='lat' dir='ltr'><strong>propheta</strong></span> <span class='ocrx_word' id='word_1_573' title='bbox 746 4361 1028 4432; x_wconf 86' lang='lat' dir='ltr'><strong>praedixit.</strong></span> <span class='ocrx_word' id='word_1_574' title='bbox 1059 4362 1218 4417; x_wconf 90' lang='lat' dir='ltr'><strong>Unde</strong></span> <span class='ocrx_word' id='word_1_575' title='bbox 1245 4365 1304 4416; x_wconf 90' lang='lat' dir='ltr'><strong>et</strong></span> <span class='ocrx_word' id='word_1_576' title='bbox 1329 4379 1443 4431; x_wconf 85' lang='lat' dir='ltr'><strong>vos,</strong></span> <span class='ocrx_word' id='word_1_577' title='bbox 1479 4363 1578 4433; x_wconf 82' lang='lat' dir='ltr'><strong>qui</strong></span> <span class='ocrx_word' id='word_1_578' title='bbox 1616 4362 1747 4417; x_wconf 91' lang='lat' dir='ltr'><strong>estis</strong></span> <span class='ocrx_word' id='word_1_579' title='bbox 1771 4363 1891 4417; x_wconf 89' lang='lat' dir='ltr'><strong>veri</strong></span> <span class='ocrx_word' id='word_1_580' title='bbox 1937 4380 2064 4434; x_wconf 86' lang='lat' dir='ltr'><strong>pro-</strong></span> 
     </span>
    </p>
   </div>
   <div class='ocr_carea' id='block_1_72' title="bbox 429 4453 2069 4527">
    <p class='ocr_par' dir='ltr' id='par_1_72' title="bbox 429 4453 2069 4527">
     <span class='ocr_line' id='line_1_73' title="bbox 429 4453 2069 4527; baseline 0.002 -17"><span class='ocrx_word' id='word_1_581' title='bbox 429 4455 620 4527; x_wconf 70' lang='lat' dir='ltr'><strong>pheta:</strong></span> <span class='ocrx_word' id='word_1_582' title='bbox 639 4454 915 4526; x_wconf 87' lang='lat' dir='ltr'><strong>discipuli,</strong></span> <span class='ocrx_word' id='word_1_583' title='bbox 935 4453 1159 4526; x_wconf 87' lang='lat' dir='ltr'><strong>abjicite</strong></span> <span class='ocrx_word' id='word_1_584' title='bbox 1181 4472 1215 4510; x_wconf 93' lang='lat' dir='ltr'><strong>a</strong></span> <span class='ocrx_word' id='word_1_585' title='bbox 1229 4455 1491 4510; x_wconf 90' lang='lat' dir='ltr'><strong>cordibus</strong></span> <span class='ocrx_word' id='word_1_586' title='bbox 1511 4456 1707 4511; x_wconf 90' lang='lat' dir='ltr'><strong>vestris</strong></span> <span class='ocrx_word' id='word_1_587' title='bbox 1726 4461 1855 4513; x_wconf 88' lang='lat' dir='ltr'><strong>ante</strong></span> <span class='ocrx_word' id='word_1_588' title='bbox 1876 4459 2069 4514; x_wconf 89' lang='lat' dir='ltr'><strong>omnia</strong></span> 
     </span>
    </p>
   </div>
   <div class='ocr_carea' id='block_1_73' title="bbox 2170 3247 3808 3322">
    <p class='ocr_par' dir='ltr' id='par_1_73' title="bbox 2170 3247 3808 3322">
     <span class='ocr_line' id='line_1_74' title="bbox 2170 3247 3808 3322; baseline -0.001 -18"><span class='ocrx_word' id='word_1_589' title='bbox 2170 3267 2272 3321; x_wconf 90' lang='lat' dir='ltr'><strong>pro</strong></span> <span class='ocrx_word' id='word_1_590' title='bbox 2298 3251 2528 3322; x_wconf 90' lang='lat' dir='ltr'><strong>ingenio</strong></span> <span class='ocrx_word' id='word_1_591' title='bbox 2571 3250 2932 3318; x_wconf 90' lang='lat' dir='ltr'><strong>discentium,</strong></span> <span class='ocrx_word' id='word_1_592' title='bbox 2961 3247 3328 3319; x_wconf 89' lang='lat' dir='ltr'><strong>semetipsum</strong></span> <span class='ocrx_word' id='word_1_593' title='bbox 3371 3248 3547 3319; x_wconf 91' lang='lat' dir='ltr'><strong>possit</strong></span> <span class='ocrx_word' id='word_1_594' title='bbox 3582 3251 3808 3318; x_wconf 89' lang='lat' dir='ltr'><strong>aptare,</strong></span> 
     </span>
    </p>
   </div>
   <div class='ocr_carea' id='block_1_74' title="bbox 2171 3340 3809 3414">
    <p class='ocr_par' dir='ltr' id='par_1_74' title="bbox 2171 3340 3809 3414">
     <span class='ocr_line' id='line_1_75' title="bbox 2171 3340 3809 3414; baseline -0.001 -17"><span class='ocrx_word' id='word_1_595' title='bbox 2171 3347 2229 3397; x_wconf 89' lang='lat' dir='ltr'><strong>et</strong></span> <span class='ocrx_word' id='word_1_596' title='bbox 2255 3343 2413 3398; x_wconf 89' lang='lat' dir='ltr'><strong>verbi</strong></span> <span class='ocrx_word' id='word_1_597' title='bbox 2440 3343 2701 3398; x_wconf 90' lang='lat' dir='ltr'><strong>ordinem</strong></span> <span class='ocrx_word' id='word_1_598' title='bbox 2727 3360 2830 3414; x_wconf 90' lang='lat' dir='ltr'><strong>pro</strong></span> <span class='ocrx_word' id='word_1_599' title='bbox 2858 3343 3143 3397; x_wconf 88' lang='lat' dir='ltr'><strong>audientis</strong></span> <span class='ocrx_word' id='word_1_600' title='bbox 3179 3342 3490 3414; x_wconf 89' lang='lat' dir='ltr'><strong>capacitate</strong></span> <span class='ocrx_word' id='word_1_601' title='bbox 3531 3340 3809 3411; x_wconf 90' lang='lat' dir='ltr'><strong>dirigere.</strong></span> 
     </span>
    </p>
   </div>
   <div class='ocr_carea' id='block_1_75' title="bbox 2169 3433 3808 3508">
    <p class='ocr_par' dir='ltr' id='par_1_75' title="bbox 2169 3433 3808 3508">
     <span class='ocr_line' id='line_1_76' title="bbox 2169 3433 3808 3508; baseline -0.004 -16"><span class='ocrx_word' id='word_1_602' title='bbox 2169 3437 2346 3492; x_wconf 89' lang='lat' dir='ltr'><strong>Debet</strong></span> <span class='ocrx_word' id='word_1_603' title='bbox 2387 3453 2522 3507; x_wconf 91' lang='lat' dir='ltr'><strong>ergo</strong></span> <span class='ocrx_word' id='word_1_604' title='bbox 2568 3436 2685 3507; x_wconf 91' lang='lat' dir='ltr'><strong>ipse</strong></span> <span class='ocrx_word' id='word_1_605' title='bbox 2726 3436 3012 3508; x_wconf 63' lang='lat' dir='ltr'><strong>praecipue</strong></span> <span class='ocrx_word' id='word_1_606' title='bbox 3053 3436 3314 3508; x_wconf 91' lang='lat' dir='ltr'><strong>apprime</strong></span> <span class='ocrx_word' id='word_1_607' title='bbox 3361 3451 3480 3490; x_wconf 90' lang='lat' dir='ltr'><strong>esse</strong></span> <span class='ocrx_word' id='word_1_608' title='bbox 3523 3433 3808 3503; x_wconf 90' lang='lat' dir='ltr'><strong>eruditus,</strong></span> 
     </span>
    </p>
   </div>
   <div class='ocr_carea' id='block_1_76' title="bbox 2169 3526 3810 3600">
    <p class='ocr_par' dir='ltr' id='par_1_76' title="bbox 2169 3526 3810 3600">
     <span class='ocr_line' id='line_1_77' title="bbox 2169 3526 3810 3600; baseline -0.004 -14"><span class='ocrx_word' id='word_1_609' title='bbox 2169 3535 2225 3586; x_wconf 88' lang='lat' dir='ltr'><strong>et</strong></span> <span class='ocrx_word' id='word_1_610' title='bbox 2282 3530 2498 3597; x_wconf 92' lang='lat' dir='ltr'><strong>doctus,</strong></span> <span class='ocrx_word' id='word_1_611' title='bbox 2565 3529 3099 3600; x_wconf 90' lang='lat' dir='ltr'><strong>irreprehensibilis,</strong></span> <span class='ocrx_word' id='word_1_612' title='bbox 3146 3531 3426 3594; x_wconf 89' lang='lat' dir='ltr'><strong>maturus,</strong></span> <span class='ocrx_word' id='word_1_613' title='bbox 3465 3526 3810 3598; x_wconf 85' lang='lat' dir='ltr'><strong>impavidus,</strong></span> 
     </span>
    </p>
   </div>
   <div class='ocr_carea' id='block_1_77' title="bbox 2169 3621 3812 3694">
    <p class='ocr_par' dir='ltr' id='par_1_77' title="bbox 2169 3621 3812 3694">
     <span class='ocr_line' id='line_1_78' title="bbox 2169 3621 3812 3694; baseline -0.001 -16"><span class='ocrx_word' id='word_1_614' title='bbox 2169 3624 2312 3679; x_wconf 89' lang='lat' dir='ltr'><strong>sicut</strong></span> <span class='ocrx_word' id='word_1_615' title='bbox 2339 3623 2444 3694; x_wconf 91' lang='lat' dir='ltr'><strong>ipsi</strong></span> <span class='ocrx_word' id='word_1_616' title='bbox 2472 3623 2780 3694; x_wconf 88' lang='lat' dir='ltr'><strong>probabitis</strong></span> <span class='ocrx_word' id='word_1_617' title='bbox 2809 3623 2932 3676; x_wconf 89' lang='lat' dir='ltr'><strong>fore</strong></span> <span class='ocrx_word' id='word_1_618' title='bbox 2963 3623 3316 3677; x_wconf 89' lang='lat' dir='ltr'><strong>Clementem</strong></span> <span class='ocrx_word' id='word_1_619' title='bbox 3352 3621 3506 3675; x_wconf 90' lang='lat' dir='ltr'><strong>hunc</strong></span> <span class='ocrx_word' id='word_1_620' title='bbox 3542 3624 3668 3691; x_wconf 90' lang='lat' dir='ltr'><strong>post</strong></span> <span class='ocrx_word' id='word_1_621' title='bbox 3693 3637 3812 3676; x_wconf 91' lang='lat' dir='ltr'><strong>me.</strong></span> 
     </span>
    </p>
   </div>
   <div class='ocr_carea' id='block_1_78' title="bbox 2236 3713 3814 3784">
    <p class='ocr_par' dir='ltr' id='par_1_78' title="bbox 2236 3713 3814 3784">
     <span class='ocr_line' id='line_1_79' title="bbox 2236 3713 3814 3784; baseline -0.002 -14"><span class='ocrx_word' id='word_1_622' title='bbox 2236 3717 2473 3771; x_wconf 90' lang='lat' dir='ltr'><strong>Multum</strong></span> <span class='ocrx_word' id='word_1_623' title='bbox 2511 3720 2594 3770; x_wconf 89' lang='lat' dir='ltr'><strong>est</strong></span> <span class='ocrx_word' id='word_1_624' title='bbox 2638 3719 2828 3769; x_wconf 91' lang='lat' dir='ltr'><strong>autem</strong></span> <span class='ocrx_word' id='word_1_625' title='bbox 2876 3715 2922 3767; x_wconf 92' lang='lat' dir='ltr'><strong>si</strong></span> <span class='ocrx_word' id='word_1_626' title='bbox 2953 3730 3059 3784; x_wconf 87' lang='lat' dir='ltr'><strong>ego</strong></span> <span class='ocrx_word' id='word_1_627' title='bbox 3092 3730 3253 3781; x_wconf 88' lang='lat' dir='ltr'><strong>nunc</strong></span> <span class='ocrx_word' id='word_1_628' title='bbox 3285 3713 3354 3768; x_wconf 94' lang='lat' dir='ltr'><strong>de</strong></span> <span class='ocrx_word' id='word_1_629' title='bbox 3391 3713 3646 3784; x_wconf 89' lang='lat' dir='ltr'><strong>singulis,</strong></span> <span class='ocrx_word' id='word_1_630' title='bbox 3681 3729 3814 3783; x_wconf 72' lang='lat' dir='ltr'><strong>quze</strong></span> 
     </span>
    </p>
   </div>
   <div class='ocr_carea' id='block_1_79' title="bbox 2171 3807 3815 3881">
    <p class='ocr_par' dir='ltr' id='par_1_79' title="bbox 2171 3807 3815 3881">
     <span class='ocr_line' id='line_1_80' title="bbox 2171 3807 3815 3881; baseline -0.002 -17"><span class='ocrx_word' id='word_1_631' title='bbox 2171 3808 2561 3881; x_wconf 90' lang='lat' dir='ltr'><strong>unusquisque</strong></span> <span class='ocrx_word' id='word_1_632' title='bbox 2579 3807 2792 3862; x_wconf 90' lang='lat' dir='ltr'><strong>habere</strong></span> <span class='ocrx_word' id='word_1_633' title='bbox 2821 3807 3047 3873; x_wconf 89' lang='lat' dir='ltr'><strong>debeat,</strong></span> <span class='ocrx_word' id='word_1_634' title='bbox 3067 3821 3399 3877; x_wconf 88' lang='lat' dir='ltr'><strong>persequar,</strong></span> <span class='ocrx_word' id='word_1_635' title='bbox 3419 3809 3815 3862; x_wconf 84' lang='lat' dir='ltr'><strong>verumtamen</strong></span> 
     </span>
    </p>
   </div>
   <div class='ocr_carea' id='block_1_80' title="bbox 2169 3899 3814 3974">
    <p class='ocr_par' dir='ltr' id='par_1_80' title="bbox 2169 3899 3814 3974">
     <span class='ocr_line' id='line_1_81' title="bbox 2169 3899 3814 3974; baseline -0.002 -16"><span class='ocrx_word' id='word_1_636' title='bbox 2169 3903 2310 3958; x_wconf 91' lang='lat' dir='ltr'><strong>illud</strong></span> <span class='ocrx_word' id='word_1_637' title='bbox 2341 3907 2444 3970; x_wconf 72' lang='lat' dir='ltr'><strong>est,</strong></span> <span class='ocrx_word' id='word_1_638' title='bbox 2474 3901 2629 3974; x_wconf 91' lang='lat' dir='ltr'><strong>quod</strong></span> <span class='ocrx_word' id='word_1_639' title='bbox 2661 3917 2778 3972; x_wconf 68' lang='lat' dir='ltr'><strong>prae</strong></span> <span class='ocrx_word' id='word_1_640' title='bbox 2807 3900 3030 3954; x_wconf 69' lang='lat' dir='ltr'><strong>caeteris</strong></span> <span class='ocrx_word' id='word_1_641' title='bbox 3061 3899 3131 3953; x_wconf 89' lang='lat' dir='ltr'><strong>ab</strong></span> <span class='ocrx_word' id='word_1_642' title='bbox 3161 3899 3424 3954; x_wconf 87' lang='lat' dir='ltr'><strong>omnibus</strong></span> <span class='ocrx_word' id='word_1_643' title='bbox 3449 3899 3607 3954; x_wconf 88' lang='lat' dir='ltr'><strong>vobis</strong></span> <span class='ocrx_word' id='word_1_644' title='bbox 3643 3899 3814 3970; x_wconf 90' lang='lat' dir='ltr'><strong>cupio</strong></span> 
     </span>
    </p>
   </div>
   <div class='ocr_carea' id='block_1_81' title="bbox 2168 3991 3816 4064">
    <p class='ocr_par' dir='ltr' id='par_1_81' title="bbox 2168 3991 3816 4064">
     <span class='ocr_line' id='line_1_82' title="bbox 2168 3991 3816 4064; baseline -0.002 -12"><span class='ocrx_word' id='word_1_645' title='bbox 2168 3996 2226 4052; x_wconf 91' lang='lat' dir='ltr'><strong>in</strong></span> <span class='ocrx_word' id='word_1_646' title='bbox 2272 4011 2575 4051; x_wconf 91' lang='lat' dir='ltr'><strong>commune</strong></span> <span class='ocrx_word' id='word_1_647' title='bbox 2621 3993 2853 4060; x_wconf 89' lang='lat' dir='ltr'><strong>servari,</strong></span> <span class='ocrx_word' id='word_1_648' title='bbox 2886 3997 2948 4047; x_wconf 92' lang='lat' dir='ltr'><strong>ut</strong></span> <span class='ocrx_word' id='word_1_649' title='bbox 2992 3993 3358 4048; x_wconf 89' lang='lat' dir='ltr'><strong>concordiam</strong></span> <span class='ocrx_word' id='word_1_650' title='bbox 3404 3991 3816 4064; x_wconf 79' lang='lat' dir='ltr'><strong>teneatiszper</strong></span> 
     </span>
    </p>
   </div>
   <div class='ocr_carea' id='block_1_82' title="bbox 2169 4086 3808 4162">
    <p class='ocr_par' dir='ltr' id='par_1_82' title="bbox 2169 4086 3808 4162">
     <span class='ocr_line' id='line_1_83' title="bbox 2169 4086 3808 4162; baseline -0.004 -17"><span class='ocrx_word' id='word_1_651' title='bbox 2169 4091 2320 4162; x_wconf 93' lang='lat' dir='ltr'><strong>quod</strong></span> <span class='ocrx_word' id='word_1_652' title='bbox 2365 4089 2549 4143; x_wconf 91' lang='lat' dir='ltr'><strong>solum</strong></span> <span class='ocrx_word' id='word_1_653' title='bbox 2594 4086 2825 4159; x_wconf 89' lang='lat' dir='ltr'><strong>potestis</strong></span> <span class='ocrx_word' id='word_1_654' title='bbox 2869 4089 3099 4157; x_wconf 90' lang='lat' dir='ltr'><strong>portum</strong></span> <span class='ocrx_word' id='word_1_655' title='bbox 3141 4086 3345 4158; x_wconf 88' lang='lat' dir='ltr'><strong>quietis</strong></span> <span class='ocrx_word' id='word_1_656' title='bbox 3382 4087 3617 4154; x_wconf 90' lang='lat' dir='ltr'><strong>intrare,</strong></span> <span class='ocrx_word' id='word_1_657' title='bbox 3647 4090 3704 4140; x_wconf 91' lang='lat' dir='ltr'><strong>et</strong></span> <span class='ocrx_word' id='word_1_658' title='bbox 3731 4086 3808 4141; x_wconf 86' lang='lat' dir='ltr'><strong>ci-</strong></span> 
     </span>
    </p>
   </div>
   <div class='ocr_carea' id='block_1_83' title="bbox 2168 4179 3810 4252">
    <p class='ocr_par' dir='ltr' id='par_1_83' title="bbox 2168 4179 3810 4252">
     <span class='ocr_line' id='line_1_84' title="bbox 2168 4179 3810 4252; baseline -0.001 -16"><span class='ocrx_word' id='word_1_659' title='bbox 2168 4182 2406 4239; x_wconf 90' lang='lat' dir='ltr'><strong>vitatem</strong></span> <span class='ocrx_word' id='word_1_660' title='bbox 2430 4180 2639 4236; x_wconf 92' lang='lat' dir='ltr'><strong>summi</strong></span> <span class='ocrx_word' id='word_1_661' title='bbox 2662 4179 2850 4250; x_wconf 85' lang='lat' dir='ltr'><strong>Regis,</strong></span> <span class='ocrx_word' id='word_1_662' title='bbox 2875 4195 3003 4250; x_wconf 65' lang='lat' dir='ltr'><strong>quas</strong></span> <span class='ocrx_word' id='word_1_663' title='bbox 3023 4197 3136 4252; x_wconf 89' lang='lat' dir='ltr'><strong>pax</strong></span> <span class='ocrx_word' id='word_1_664' title='bbox 3156 4180 3502 4247; x_wconf 91' lang='lat' dir='ltr'><strong>nominatur,</strong></span> <span class='ocrx_word' id='word_1_665' title='bbox 3529 4179 3810 4236; x_wconf 87' lang='lat' dir='ltr'><strong>habitare.</strong></span> 
     </span>
    </p>
   </div>
   <div class='ocr_carea' id='block_1_84' title="bbox 2222 4273 3816 4344">
    <p class='ocr_par' dir='ltr' id='par_1_84' title="bbox 2222 4273 3816 4344">
     <span class='ocr_line' id='line_1_85' title="bbox 2222 4273 3816 4344; baseline -0.002 -13"><span class='ocrx_word' id='word_1_666' title='bbox 2222 4276 2458 4332; x_wconf 89' lang='lat' dir='ltr'><strong>Similis</strong></span> <span class='ocrx_word' id='word_1_667' title='bbox 2488 4290 2736 4344; x_wconf 89' lang='lat' dir='ltr'><strong>namque</strong></span> <span class='ocrx_word' id='word_1_668' title='bbox 2761 4275 2847 4328; x_wconf 89' lang='lat' dir='ltr'><strong>est</strong></span> <span class='ocrx_word' id='word_1_669' title='bbox 2874 4273 3061 4328; x_wconf 90' lang='lat' dir='ltr'><strong>omnis</strong></span> <span class='ocrx_word' id='word_1_670' title='bbox 3093 4278 3271 4329; x_wconf 87' lang='lat' dir='ltr'><strong>status</strong></span> <span class='ocrx_word' id='word_1_671' title='bbox 3303 4274 3556 4328; x_wconf 63' lang='lat' dir='ltr'><strong>Ecclesia}</strong></span> <span class='ocrx_word' id='word_1_672' title='bbox 3586 4290 3816 4344; x_wconf 64' lang='lat' dir='ltr'><strong>magna:</strong></span> 
     </span>
    </p>
   </div>
   <div class='ocr_carea' id='block_1_85' title="bbox 2167 4366 3812 4441">
    <p class='ocr_par' dir='ltr' id='par_1_85' title="bbox 2167 4366 3812 4441">
     <span class='ocr_line' id='line_1_86' title="bbox 2167 4366 3812 4441; baseline -0.002 -17"><span class='ocrx_word' id='word_1_673' title='bbox 2167 4369 2295 4424; x_wconf 91' lang='lat' dir='ltr'><strong>navi</strong></span> <span class='ocrx_word' id='word_1_674' title='bbox 2334 4385 2462 4441; x_wconf 67' lang='lat' dir='ltr'><strong>qua:</strong></span> <span class='ocrx_word' id='word_1_675' title='bbox 2515 4383 2619 4438; x_wconf 91' lang='lat' dir='ltr'><strong>per</strong></span> <span class='ocrx_word' id='word_1_676' title='bbox 2668 4366 2956 4421; x_wconf 88' lang='lat' dir='ltr'><strong>undosum</strong></span> <span class='ocrx_word' id='word_1_677' title='bbox 3010 4367 3250 4438; x_wconf 85' lang='lat' dir='ltr'><strong>pelagus</strong></span> <span class='ocrx_word' id='word_1_678' title='bbox 3309 4366 3544 4421; x_wconf 89' lang='lat' dir='ltr'><strong>diversis</strong></span> <span class='ocrx_word' id='word_1_679' title='bbox 3599 4383 3629 4421; x_wconf 92' lang='lat' dir='ltr'><strong>e</strong></span> <span class='ocrx_word' id='word_1_680' title='bbox 3676 4368 3812 4422; x_wconf 91' lang='lat' dir='ltr'><strong>locis</strong></span> 
     </span>
    </p>
   </div>
   <div class='ocr_carea' id='block_1_86' title="bbox 2168 4459 3813 4532">
    <p class='ocr_par' dir='ltr' id='par_1_86' title="bbox 2168 4459 3813 4532">
     <span class='ocr_line' id='line_1_87' title="bbox 2168 4459 3813 4532; baseline -0.002 -15"><span class='ocrx_word' id='word_1_681' title='bbox 2168 4467 2223 4517; x_wconf 88' lang='lat' dir='ltr'><strong>et</strong></span> <span class='ocrx_word' id='word_1_682' title='bbox 2249 4459 2578 4532; x_wconf 89' lang='lat' dir='ltr'><strong>regionibus</strong></span> <span class='ocrx_word' id='word_1_683' title='bbox 2605 4459 2753 4513; x_wconf 92' lang='lat' dir='ltr'><strong>viros</strong></span> <span class='ocrx_word' id='word_1_684' title='bbox 2783 4463 2973 4531; x_wconf 85' lang='lat' dir='ltr'><strong>portat</strong></span> <span class='ocrx_word' id='word_1_685' title='bbox 3012 4460 3082 4514; x_wconf 90' lang='lat' dir='ltr'><strong>ad</strong></span> <span class='ocrx_word' id='word_1_686' title='bbox 3135 4476 3306 4514; x_wconf 91' lang='lat' dir='ltr'><strong>unam</strong></span> <span class='ocrx_word' id='word_1_687' title='bbox 3356 4459 3604 4514; x_wconf 90' lang='lat' dir='ltr'><strong>Potentis</strong></span> <span class='ocrx_word' id='word_1_688' title='bbox 3646 4460 3813 4531; x_wconf 86' lang='lat' dir='ltr'><strong>regni</strong></span> 
     </span>
    </p>
   </div>
   <div class='ocr_carea' id='block_1_87' title="bbox 433 4548 3814 4632">
    <p class='ocr_par' dir='ltr' id='par_1_87' title="bbox 433 4548 3814 4632">
     <span class='ocr_line' id='line_1_88' title="bbox 433 4548 3814 4632; baseline 0.001 -28"><span class='ocrx_word' id='word_1_689' title='bbox 433 4548 739 4604; x_wconf 88' lang='lat' dir='ltr'><strong>discordias</strong></span> <span class='ocrx_word' id='word_1_690' title='bbox 786 4553 843 4603; x_wconf 90' lang='lat' dir='ltr'><strong>et</strong></span> <span class='ocrx_word' id='word_1_691' title='bbox 890 4548 1217 4604; x_wconf 89' lang='lat' dir='ltr'><strong>animorum</strong></span> <span class='ocrx_word' id='word_1_692' title='bbox 1279 4549 1686 4617; x_wconf 91' lang='lat' dir='ltr'><strong>dissensiones,</strong></span> <span class='ocrx_word' id='word_1_693' title='bbox 1741 4567 1804 4604; x_wconf 85' lang='lat' dir='ltr'><strong>ex</strong></span> <span class='ocrx_word' id='word_1_694' title='bbox 1867 4553 2148 4632; x_wconf 87' lang='lat' dir='ltr'><strong>quibusD</strong></span> <span class='ocrx_word' id='word_1_695' title='bbox 2176 4555 2379 4609; x_wconf 89' lang='lat' dir='ltr'><strong>urbem</strong></span> <span class='ocrx_word' id='word_1_696' title='bbox 2429 4569 2741 4624; x_wconf 87' lang='lat' dir='ltr'><strong>properare</strong></span> <span class='ocrx_word' id='word_1_697' title='bbox 2780 4553 3090 4624; x_wconf 91' lang='lat' dir='ltr'><strong>cupientes.</strong></span> <span class='ocrx_word' id='word_1_698' title='bbox 3141 4553 3226 4607; x_wconf 87' lang='lat' dir='ltr'><strong>Sit</strong></span> <span class='ocrx_word' id='word_1_699' title='bbox 3262 4569 3398 4624; x_wconf 88' lang='lat' dir='ltr'><strong>ergo</strong></span> <span class='ocrx_word' id='word_1_700' title='bbox 3441 4552 3601 4606; x_wconf 91' lang='lat' dir='ltr'><strong>navis</strong></span> <span class='ocrx_word' id='word_1_701' title='bbox 3643 4553 3814 4624; x_wconf 88' lang='lat' dir='ltr'><strong>hujus</strong></span> 
     </span>
    </p>
   </div>
   <div class='ocr_carea' id='block_1_88' title="bbox 433 4643 2068 4715">
    <p class='ocr_par' dir='ltr' id='par_1_88' title="bbox 433 4643 2068 4715">
     <span class='ocr_line' id='line_1_89' title="bbox 433 4643 2068 4715; baseline 0.001 -17"><span class='ocrx_word' id='word_1_702' title='bbox 433 4659 606 4698; x_wconf 91' lang='lat' dir='ltr'><strong>omne</strong></span> <span class='ocrx_word' id='word_1_703' title='bbox 635 4643 850 4697; x_wconf 90' lang='lat' dir='ltr'><strong>malum</strong></span> <span class='ocrx_word' id='word_1_704' title='bbox 896 4659 1036 4715; x_wconf 91' lang='lat' dir='ltr'><strong>opus</strong></span> <span class='ocrx_word' id='word_1_705' title='bbox 1072 4643 1348 4715; x_wconf 89' lang='lat' dir='ltr'><strong>procedit,</strong></span> <span class='ocrx_word' id='word_1_706' title='bbox 1377 4643 1793 4714; x_wconf 88' lang='lat' dir='ltr'><strong>benignitatem</strong></span> <span class='ocrx_word' id='word_1_707' title='bbox 1838 4649 1896 4709; x_wconf 75' lang='lat' dir='ltr'><strong>et</strong></span> <span class='ocrx_word' id='word_1_708' title='bbox 1932 4646 2068 4700; x_wconf 88' lang='lat' dir='ltr'><strong>sim-</strong></span> 
     </span>
    </p>
   </div>
   <div class='ocr_carea' id='block_1_89' title="bbox 432 4736 2067 4807">
    <p class='ocr_par' dir='ltr' id='par_1_89' title="bbox 432 4736 2067 4807">
     <span class='ocr_line' id='line_1_90' title="bbox 432 4736 2067 4807; baseline 0.002 -18"><span class='ocrx_word' id='word_1_709' title='bbox 432 4736 742 4807; x_wconf 79' lang='lat' dir='ltr'><strong>plicitatem</strong></span> <span class='ocrx_word' id='word_1_710' title='bbox 786 4739 905 4791; x_wconf 80' lang='lat' dir='ltr'><strong>tota</strong></span> <span class='ocrx_word' id='word_1_711' title='bbox 949 4742 1140 4792; x_wconf 90' lang='lat' dir='ltr'><strong>mente</strong></span> <span class='ocrx_word' id='word_1_712' title='bbox 1180 4741 1420 4792; x_wconf 87' lang='lat' dir='ltr'><strong>servate.</strong></span> <span class='ocrx_word' id='word_1_713' title='bbox 1450 4737 1611 4800; x_wconf 90' lang='lat' dir='ltr'><strong>Quod</strong></span> <span class='ocrx_word' id='word_1_714' title='bbox 1643 4737 1688 4791; x_wconf 89' lang='lat' dir='ltr'><strong>si</strong></span> <span class='ocrx_word' id='word_1_715' title='bbox 1723 4738 1866 4793; x_wconf 89' lang='lat' dir='ltr'><strong>forte</strong></span> <span class='ocrx_word' id='word_1_716' title='bbox 1895 4739 2067 4793; x_wconf 90' lang='lat' dir='ltr'><strong>alicu-</strong></span> 
     </span>
    </p>
   </div>
   <div class='ocr_carea' id='block_1_90' title="bbox 424 4829 2068 4902">
    <p class='ocr_par' dir='ltr' id='par_1_90' title="bbox 424 4829 2068 4902">
     <span class='ocr_line' id='line_1_91' title="bbox 424 4829 2068 4902; baseline 0.002 -21"><span class='ocrx_word' id='word_1_717' title='bbox 424 4829 521 4898; x_wconf 88' lang='lat' dir='ltr'><strong>jus</strong></span> <span class='ocrx_word' id='word_1_718' title='bbox 558 4829 642 4882; x_wconf 92' lang='lat' dir='ltr'><strong>vel</strong></span> <span class='ocrx_word' id='word_1_719' title='bbox 698 4846 812 4893; x_wconf 89' lang='lat' dir='ltr'><strong>cor,</strong></span> <span class='ocrx_word' id='word_1_720' title='bbox 853 4830 941 4883; x_wconf 92' lang='lat' dir='ltr'><strong>vel</strong></span> <span class='ocrx_word' id='word_1_721' title='bbox 994 4831 1154 4896; x_wconf 92' lang='lat' dir='ltr'><strong>livor,</strong></span> <span class='ocrx_word' id='word_1_722' title='bbox 1196 4831 1285 4884; x_wconf 90' lang='lat' dir='ltr'><strong>vel</strong></span> <span class='ocrx_word' id='word_1_723' title='bbox 1339 4829 1663 4896; x_wconf 81' lang='lat' dir='ltr'><strong>infidelitas,</strong></span> <span class='ocrx_word' id='word_1_724' title='bbox 1706 4832 1788 4884; x_wconf 86' lang='lat' dir='ltr'><strong>vel</strong></span> <span class='ocrx_word' id='word_1_725' title='bbox 1841 4831 2068 4902; x_wconf 90' lang='lat' dir='ltr'><strong>aliquod</strong></span> 
     </span>
    </p>
   </div>
   <div class='ocr_carea' id='block_1_91' title="bbox 432 4919 2070 4992">
    <p class='ocr_par' dir='ltr' id='par_1_91' title="bbox 432 4919 2070 4992">
     <span class='ocr_line' id='line_1_92' title="bbox 432 4919 2070 4992; baseline 0.001 -18"><span class='ocrx_word' id='word_1_726' title='bbox 432 4919 653 4974; x_wconf 90' lang='lat' dir='ltr'><strong>malum</strong></span> <span class='ocrx_word' id='word_1_727' title='bbox 683 4937 747 4974; x_wconf 86' lang='lat' dir='ltr'><strong>ex</strong></span> <span class='ocrx_word' id='word_1_728' title='bbox 778 4921 867 4974; x_wconf 91' lang='lat' dir='ltr'><strong>his</strong></span> <span class='ocrx_word' id='word_1_729' title='bbox 899 4938 1027 4992; x_wconf 87' lang='lat' dir='ltr'><strong>quae</strong></span> <span class='ocrx_word' id='word_1_730' title='bbox 1055 4922 1315 4992; x_wconf 86' lang='lat' dir='ltr'><strong>superius</strong></span> <span class='ocrx_word' id='word_1_731' title='bbox 1359 4922 1807 4978; x_wconf 87' lang='lat' dir='ltr'><strong>memoravimus</strong></span> <span class='ocrx_word' id='word_1_732' title='bbox 1830 4925 2070 4979; x_wconf 88' lang='lat' dir='ltr'><strong>latenter</strong></span> 
     </span>
    </p>
   </div>
   <div class='ocr_carea' id='block_1_92' title="bbox 433 5013 2072 5086">
    <p class='ocr_par' dir='ltr' id='par_1_92' title="bbox 433 5013 2072 5086">
     <span class='ocr_line' id='line_1_93' title="bbox 433 5013 2072 5086; baseline 0.001 -18"><span class='ocrx_word' id='word_1_733' title='bbox 433 5013 743 5084; x_wconf 90' lang='lat' dir='ltr'><strong>irrepserit,</strong></span> <span class='ocrx_word' id='word_1_734' title='bbox 760 5029 875 5066; x_wconf 92' lang='lat' dir='ltr'><strong>non</strong></span> <span class='ocrx_word' id='word_1_735' title='bbox 899 5014 1195 5069; x_wconf 89' lang='lat' dir='ltr'><strong>erubescat</strong></span> <span class='ocrx_word' id='word_1_736' title='bbox 1217 5013 1316 5085; x_wconf 91' lang='lat' dir='ltr'><strong>qui</strong></span> <span class='ocrx_word' id='word_1_737' title='bbox 1334 5014 1543 5069; x_wconf 86' lang='lat' dir='ltr'><strong>animae</strong></span> <span class='ocrx_word' id='word_1_738' title='bbox 1569 5033 1684 5071; x_wconf 81' lang='lat' dir='ltr'><strong>suae</strong></span> <span class='ocrx_word' id='word_1_739' title='bbox 1705 5033 1895 5072; x_wconf 89' lang='lat' dir='ltr'><strong>curam</strong></span> <span class='ocrx_word' id='word_1_740' title='bbox 1923 5015 2072 5086; x_wconf 88' lang='lat' dir='ltr'><strong>gerit</strong></span> 
     </span>
    </p>
   </div>
   <div class='ocr_carea' id='block_1_93' title="bbox 433 5104 2067 5182">
    <p class='ocr_par' dir='ltr' id='par_1_93' title="bbox 433 5104 2067 5182">
     <span class='ocr_line' id='line_1_94' title="bbox 433 5104 2067 5182; baseline 0.001 -21"><span class='ocrx_word' id='word_1_741' title='bbox 433 5104 692 5162; x_wconf 87' lang='lat' dir='ltr'><strong>conﬁteri</strong></span> <span class='ocrx_word' id='word_1_742' title='bbox 719 5106 840 5159; x_wconf 72' lang='lat' dir='ltr'><strong>haec</strong></span> <span class='ocrx_word' id='word_1_743' title='bbox 867 5105 999 5159; x_wconf 91' lang='lat' dir='ltr'><strong>huic</strong></span> <span class='ocrx_word' id='word_1_744' title='bbox 1029 5107 1133 5176; x_wconf 87' lang='lat' dir='ltr'><strong>qui</strong></span> <span class='ocrx_word' id='word_1_745' title='bbox 1152 5110 1341 5178; x_wconf 91' lang='lat' dir='ltr'><strong>potest</strong></span> <span class='ocrx_word' id='word_1_746' title='bbox 1368 5110 1429 5161; x_wconf 92' lang='lat' dir='ltr'><strong>ut</strong></span> <span class='ocrx_word' id='word_1_747' title='bbox 1455 5107 1524 5163; x_wconf 89' lang='lat' dir='ltr'><strong>ab</strong></span> <span class='ocrx_word' id='word_1_748' title='bbox 1551 5109 1674 5181; x_wconf 94' lang='lat' dir='ltr'><strong>ipso</strong></span> <span class='ocrx_word' id='word_1_749' title='bbox 1699 5128 1805 5182; x_wconf 90' lang='lat' dir='ltr'><strong>per</strong></span> <span class='ocrx_word' id='word_1_750' title='bbox 1833 5109 2067 5164; x_wconf 90' lang='lat' dir='ltr'><strong>verbum</strong></span> 
     </span>
    </p>
   </div>
   <div class='ocr_carea' id='block_1_94' title="bbox 434 5198 2069 5273">
    <p class='ocr_par' dir='ltr' id='par_1_94' title="bbox 434 5198 2069 5273">
     <span class='ocr_line' id='line_1_95' title="bbox 434 5198 2069 5273; baseline 0.001 -20"><span class='ocrx_word' id='word_1_751' title='bbox 434 5199 659 5253; x_wconf 91' lang='lat' dir='ltr'><strong>Domini</strong></span> <span class='ocrx_word' id='word_1_752' title='bbox 706 5202 762 5253; x_wconf 91' lang='lat' dir='ltr'><strong>et</strong></span> <span class='ocrx_word' id='word_1_753' title='bbox 809 5198 1112 5252; x_wconf 90' lang='lat' dir='ltr'><strong>concilium</strong></span> <span class='ocrx_word' id='word_1_754' title='bbox 1165 5200 1386 5256; x_wconf 88' lang='lat' dir='ltr'><strong>salubre</strong></span> <span class='ocrx_word' id='word_1_755' title='bbox 1429 5206 1676 5270; x_wconf 91' lang='lat' dir='ltr'><strong>curetur,</strong></span> <span class='ocrx_word' id='word_1_756' title='bbox 1725 5219 1838 5273; x_wconf 92' lang='lat' dir='ltr'><strong>quo</strong></span> <span class='ocrx_word' id='word_1_757' title='bbox 1891 5202 2069 5273; x_wconf 85' lang='lat' dir='ltr'><strong>possit</strong></span> 
     </span>
    </p>
   </div>
   <div class='ocr_carea' id='block_1_95' title="bbox 433 5291 2068 5368">
    <p class='ocr_par' dir='ltr' id='par_1_95' title="bbox 433 5291 2068 5368">
     <span class='ocr_line' id='line_1_96' title="bbox 433 5291 2068 5368; baseline 0.002 -21"><span class='ocrx_word' id='word_1_758' title='bbox 433 5292 656 5363; x_wconf 88' lang='lat' dir='ltr'><strong>integra</strong></span> <span class='ocrx_word' id='word_1_759' title='bbox 684 5291 817 5362; x_wconf 81' lang='lat' dir='ltr'><strong>fide,</strong></span> <span class='ocrx_word' id='word_1_760' title='bbox 846 5295 907 5346; x_wconf 90' lang='lat' dir='ltr'><strong>et</strong></span> <span class='ocrx_word' id='word_1_761' title='bbox 948 5291 1216 5362; x_wconf 91' lang='lat' dir='ltr'><strong>operibus</strong></span> <span class='ocrx_word' id='word_1_762' title='bbox 1253 5293 1416 5350; x_wconf 90' lang='lat' dir='ltr'><strong>bonis</strong></span> <span class='ocrx_word' id='word_1_763' title='bbox 1452 5313 1644 5368; x_wconf 88' lang='lat' dir='ltr'><strong>poenas</strong></span> <span class='ocrx_word' id='word_1_764' title='bbox 1681 5295 1880 5349; x_wconf 72' lang='lat' dir='ltr'><strong>azterui</strong></span> <span class='ocrx_word' id='word_1_765' title='bbox 1918 5295 2068 5368; x_wconf 87' lang='lat' dir='ltr'><strong>ignis</strong></span> 
     </span>
    </p>
   </div>
   <div class='ocr_carea' id='block_1_96' title="bbox 435 5385 1980 5462">
    <p class='ocr_par' dir='ltr' id='par_1_96' title="bbox 435 5385 1980 5462">
     <span class='ocr_line' id='line_1_97' title="bbox 435 5385 1980 5462; baseline 0.002 -21"><span class='ocrx_word' id='word_1_766' title='bbox 435 5385 710 5456; x_wconf 76' lang='lat' dir='ltr'><strong>effugere,</strong></span> <span class='ocrx_word' id='word_1_767' title='bbox 739 5388 796 5440; x_wconf 89' lang='lat' dir='ltr'><strong>et</strong></span> <span class='ocrx_word' id='word_1_768' title='bbox 822 5385 893 5440; x_wconf 88' lang='lat' dir='ltr'><strong>ad</strong></span> <span class='ocrx_word' id='word_1_769' title='bbox 924 5389 1215 5457; x_wconf 88' lang='lat' dir='ltr'><strong>perpetuae</strong></span> <span class='ocrx_word' id='word_1_770' title='bbox 1242 5388 1368 5444; x_wconf 87' lang='lat' dir='ltr'><strong>vitae</strong></span> <span class='ocrx_word' id='word_1_771' title='bbox 1397 5389 1638 5462; x_wconf 86' lang='lat' dir='ltr'><strong>praemia</strong></span> <span class='ocrx_word' id='word_1_772' title='bbox 1667 5389 1980 5460; x_wconf 87' lang='lat' dir='ltr'><strong>pervenire.</strong></span> 
     </span>
    </p>
   </div>
   <div class='ocr_carea' id='block_1_97' title="bbox 506 5479 2064 5556">
    <p class='ocr_par' dir='ltr' id='par_1_97' title="bbox 506 5479 2064 5556">
     <span class='ocr_line' id='line_1_98' title="bbox 506 5479 2064 5556; baseline 0.004 -23"><span class='ocrx_word' id='word_1_773' title='bbox 506 5479 741 5534; x_wconf 89' lang='lat' dir='ltr'><strong>Diaconi</strong></span> <span class='ocrx_word' id='word_1_774' title='bbox 761 5496 895 5535; x_wconf 88' lang='lat' dir='ltr'><strong>vero</strong></span> <span class='ocrx_word' id='word_1_775' title='bbox 915 5481 1177 5536; x_wconf 89' lang='lat' dir='ltr'><strong>Ecclesiae</strong></span> <span class='ocrx_word' id='word_1_776' title='bbox 1199 5486 1471 5555; x_wconf 90' lang='lat' dir='ltr'><strong>tanquam</strong></span> <span class='ocrx_word' id='word_1_777' title='bbox 1491 5484 1641 5538; x_wconf 92' lang='lat' dir='ltr'><strong>oculi</strong></span> <span class='ocrx_word' id='word_1_778' title='bbox 1662 5483 1773 5538; x_wconf 89' lang='lat' dir='ltr'><strong>sint</strong></span> <span class='ocrx_word' id='word_1_779' title='bbox 1794 5483 2064 5556; x_wconf 90' lang='lat' dir='ltr'><strong>episcopi,</strong></span> 
     </span>
    </p>
   </div>
   <div class='ocr_carea' id='block_1_98' title="bbox 435 5573 2067 5635">
    <p class='ocr_par' dir='ltr' id='par_1_98' title="bbox 435 5573 2067 5635">
     <span class='ocr_line' id='line_1_99' title="bbox 435 5573 2067 5635; baseline 0.004 -7"><span class='ocrx_word' id='word_1_780' title='bbox 435 5573 766 5628; x_wconf 88' lang='lat' dir='ltr'><strong>oberrantes</strong></span> <span class='ocrx_word' id='word_1_781' title='bbox 823 5575 882 5628; x_wconf 92' lang='lat' dir='ltr'><strong>et</strong></span> <span class='ocrx_word' id='word_1_782' title='bbox 932 5573 1452 5631; x_wconf 88' lang='lat' dir='ltr'><strong>circumlustrantes</strong></span> <span class='ocrx_word' id='word_1_783' title='bbox 1526 5593 1656 5631; x_wconf 91' lang='lat' dir='ltr'><strong>cum</strong></span> <span class='ocrx_word' id='word_1_784' title='bbox 1729 5579 2067 5635; x_wconf 86' lang='lat' dir='ltr'><strong>verecundia</strong></span> 
     </span>
    </p>
   </div>
   <div class='ocr_carea' id='block_1_99' title="bbox 432 5665 2066 5741">
    <p class='ocr_par' dir='ltr' id='par_1_99' title="bbox 432 5665 2066 5741">
     <span class='ocr_line' id='line_1_100' title="bbox 432 5665 2066 5741; baseline 0.005 -20"><span class='ocrx_word' id='word_1_785' title='bbox 432 5669 590 5722; x_wconf 89' lang='lat' dir='ltr'><strong>actus</strong></span> <span class='ocrx_word' id='word_1_786' title='bbox 623 5665 794 5722; x_wconf 87' lang='lat' dir='ltr'><strong>totius</strong></span> <span class='ocrx_word' id='word_1_787' title='bbox 826 5667 1103 5738; x_wconf 67' lang='lat' dir='ltr'><strong>Ecclesiae,</strong></span> <span class='ocrx_word' id='word_1_788' title='bbox 1133 5674 1191 5726; x_wconf 90' lang='lat' dir='ltr'><strong>et</strong></span> <span class='ocrx_word' id='word_1_789' title='bbox 1214 5671 1633 5741; x_wconf 90' lang='lat' dir='ltr'><strong>perscrutantes</strong></span> <span class='ocrx_word' id='word_1_790' title='bbox 1660 5669 1988 5741; x_wconf 89' lang='lat' dir='ltr'><strong>diligentius</strong></span> <span class='ocrx_word' id='word_1_791' title='bbox 2019 5675 2066 5729; x_wconf 91' lang='lat' dir='ltr'><strong>si</strong></span> 
     </span>
    </p>
   </div>
   <div class='ocr_carea' id='block_1_100' title="bbox 434 5759 2062 5835">
    <p class='ocr_par' dir='ltr' id='par_1_100' title="bbox 434 5759 2062 5835">
     <span class='ocr_line' id='line_1_101' title="bbox 434 5759 2062 5835; baseline 0.006 -21"><span class='ocrx_word' id='word_1_792' title='bbox 434 5775 604 5832; x_wconf 89' lang='lat' dir='ltr'><strong>quem</strong></span> <span class='ocrx_word' id='word_1_793' title='bbox 633 5759 864 5817; x_wconf 88' lang='lat' dir='ltr'><strong>videant</strong></span> <span class='ocrx_word' id='word_1_794' title='bbox 883 5762 1134 5818; x_wconf 92' lang='lat' dir='ltr'><strong>vicinum</strong></span> <span class='ocrx_word' id='word_1_795' title='bbox 1159 5761 1282 5816; x_wconf 85' lang='lat' dir='ltr'><strong>ﬁeri</strong></span> <span class='ocrx_word' id='word_1_796' title='bbox 1308 5760 1640 5832; x_wconf 85' lang='lat' dir='ltr'><strong>praecipitio,</strong></span> <span class='ocrx_word' id='word_1_797' title='bbox 1665 5766 1722 5817; x_wconf 88' lang='lat' dir='ltr'><strong>et</strong></span> <span class='ocrx_word' id='word_1_798' title='bbox 1740 5765 2062 5835; x_wconf 89' lang='lat' dir='ltr'><strong>proximum</strong></span> 
     </span>
    </p>
   </div>
   <div class='ocr_carea' id='block_1_101' title="bbox 432 5854 2066 5930">
    <p class='ocr_par' dir='ltr' id='par_1_101' title="bbox 432 5854 2066 5930">
     <span class='ocr_line' id='line_1_102' title="bbox 432 5854 2066 5930; baseline 0.006 -22"><span class='ocrx_word' id='word_1_799' title='bbox 432 5869 551 5908; x_wconf 90' lang='lat' dir='ltr'><strong>esse</strong></span> <span class='ocrx_word' id='word_1_800' title='bbox 591 5860 856 5926; x_wconf 87' lang='lat' dir='ltr'><strong>peccato,</strong></span> <span class='ocrx_word' id='word_1_801' title='bbox 898 5859 960 5909; x_wconf 91' lang='lat' dir='ltr'><strong>ut</strong></span> <span class='ocrx_word' id='word_1_802' title='bbox 1000 5855 1249 5910; x_wconf 86' lang='lat' dir='ltr'><strong>referant</strong></span> <span class='ocrx_word' id='word_1_803' title='bbox 1298 5854 1416 5909; x_wconf 72' lang='lat' dir='ltr'><strong>lltBC</strong></span> <span class='ocrx_word' id='word_1_804' title='bbox 1469 5855 1538 5910; x_wconf 88' lang='lat' dir='ltr'><strong>ad</strong></span> <span class='ocrx_word' id='word_1_805' title='bbox 1597 5855 1960 5930; x_wconf 88' lang='lat' dir='ltr'><strong>episcopum,</strong></span> <span class='ocrx_word' id='word_1_806' title='bbox 2011 5866 2066 5916; x_wconf 86' lang='lat' dir='ltr'><strong>et</strong></span> 
     </span>
    </p>
   </div>
   <div class='ocr_carea' id='block_1_102' title="bbox 2173 4645 3814 4717">
    <p class='ocr_par' dir='ltr' id='par_1_102' title="bbox 2173 4645 3814 4717">
     <span class='ocr_line' id='line_1_103' title="bbox 2173 4645 3814 4717; baseline -0.001 -16"><span class='ocrx_word' id='word_1_807' title='bbox 2173 4647 2449 4701; x_wconf 91' lang='lat' dir='ltr'><strong>Dominus</strong></span> <span class='ocrx_word' id='word_1_808' title='bbox 2496 4645 2618 4717; x_wconf 93' lang='lat' dir='ltr'><strong>ipse</strong></span> <span class='ocrx_word' id='word_1_809' title='bbox 2665 4647 3026 4716; x_wconf 90' lang='lat' dir='ltr'><strong>omnipotens</strong></span> <span class='ocrx_word' id='word_1_810' title='bbox 3083 4647 3249 4713; x_wconf 87' lang='lat' dir='ltr'><strong>Deus,</strong></span> <span class='ocrx_word' id='word_1_811' title='bbox 3298 4646 3645 4716; x_wconf 89' lang='lat' dir='ltr'><strong>gubernator</strong></span> <span class='ocrx_word' id='word_1_812' title='bbox 3680 4661 3814 4700; x_wconf 88' lang='lat' dir='ltr'><strong>vero</strong></span> 
     </span>
    </p>
   </div>
   <div class='ocr_carea' id='block_1_103' title="bbox 2173 4737 3806 4810">
    <p class='ocr_par' dir='ltr' id='par_1_103' title="bbox 2173 4737 3806 4810">
     <span class='ocr_line' id='line_1_104' title="bbox 2173 4737 3806 4810; baseline -0.002 -16"><span class='ocrx_word' id='word_1_813' title='bbox 2173 4739 2244 4794; x_wconf 88' lang='lat' dir='ltr'><strong>sit</strong></span> <span class='ocrx_word' id='word_1_814' title='bbox 2298 4737 2572 4794; x_wconf 87' lang='lat' dir='ltr'><strong>Christus.</strong></span> <span class='ocrx_word' id='word_1_815' title='bbox 2616 4740 2756 4793; x_wconf 90' lang='lat' dir='ltr'><strong>Tum</strong></span> <span class='ocrx_word' id='word_1_816' title='bbox 2819 4738 3022 4794; x_wconf 89' lang='lat' dir='ltr'><strong>deinde</strong></span> <span class='ocrx_word' id='word_1_817' title='bbox 3081 4741 3326 4810; x_wconf 58' lang='lat' dir='ltr'><strong>proretm</strong></span> <span class='ocrx_word' id='word_1_818' title='bbox 3382 4737 3633 4792; x_wconf 81' lang='lat' dir='ltr'><strong>officium</strong></span> <span class='ocrx_word' id='word_1_819' title='bbox 3686 4739 3806 4808; x_wconf 88' lang='lat' dir='ltr'><strong>epi-</strong></span> 
     </span>
    </p>
   </div>
   <div class='ocr_carea' id='block_1_104' title="bbox 2175 4829 3811 4903">
    <p class='ocr_par' dir='ltr' id='par_1_104' title="bbox 2175 4829 3811 4903">
     <span class='ocr_line' id='line_1_105' title="bbox 2175 4829 3811 4903; baseline 0 -18"><span class='ocrx_word' id='word_1_820' title='bbox 2175 4848 2376 4903; x_wconf 87' lang='lat' dir='ltr'><strong>sc0pus</strong></span> <span class='ocrx_word' id='word_1_821' title='bbox 2449 4831 2725 4903; x_wconf 90' lang='lat' dir='ltr'><strong>impleat;</strong></span> <span class='ocrx_word' id='word_1_822' title='bbox 2801 4832 3120 4903; x_wconf 84' lang='lat' dir='ltr'><strong>presbyteri</strong></span> <span class='ocrx_word' id='word_1_823' title='bbox 3194 4837 3516 4898; x_wconf 85' lang='lat' dir='ltr'><strong>nautarum,</strong></span> <span class='ocrx_word' id='word_1_824' title='bbox 3591 4829 3811 4885; x_wconf 87' lang='lat' dir='ltr'><strong>diaconi</strong></span> 
     </span>
    </p>
   </div>
   <div class='ocr_carea' id='block_1_105' title="bbox 2173 4923 3815 4996">
    <p class='ocr_par' dir='ltr' id='par_1_105' title="bbox 2173 4923 3815 4996">
     <span class='ocr_line' id='line_1_106' title="bbox 2173 4923 3815 4996; baseline 0 -18"><span class='ocrx_word' id='word_1_825' title='bbox 2173 4925 2631 4996; x_wconf 90' lang='lat' dir='ltr'><strong>dispensatorum</strong></span> <span class='ocrx_word' id='word_1_826' title='bbox 2687 4927 2877 4981; x_wconf 91' lang='lat' dir='ltr'><strong>locum</strong></span> <span class='ocrx_word' id='word_1_827' title='bbox 2928 4928 3192 4992; x_wconf 89' lang='lat' dir='ltr'><strong>teneant;</strong></span> <span class='ocrx_word' id='word_1_828' title='bbox 3274 4924 3327 4978; x_wconf 89' lang='lat' dir='ltr'><strong>hi</strong></span> <span class='ocrx_word' id='word_1_829' title='bbox 3404 4923 3499 4995; x_wconf 91' lang='lat' dir='ltr'><strong>qui</strong></span> <span class='ocrx_word' id='word_1_830' title='bbox 3575 4923 3815 4978; x_wconf 67' lang='lat' dir='ltr'><strong>cat-echi-</strong></span> 
     </span>
    </p>
   </div>
   <div class='ocr_carea' id='block_1_106' title="bbox 2173 5017 3811 5090">
    <p class='ocr_par' dir='ltr' id='par_1_106' title="bbox 2173 5017 3811 5090">
     <span class='ocr_line' id='line_1_107' title="bbox 2173 5017 3811 5090; baseline -0.002 -17"><span class='ocrx_word' id='word_1_831' title='bbox 2173 5023 2302 5074; x_wconf 89' lang='lat' dir='ltr'><strong>zant</strong></span> <span class='ocrx_word' id='word_1_832' title='bbox 2328 5020 2648 5090; x_wconf 91' lang='lat' dir='ltr'><strong>nautologis</strong></span> <span class='ocrx_word' id='word_1_833' title='bbox 2679 5021 3081 5087; x_wconf 85' lang='lat' dir='ltr'><strong>conferantur;</strong></span> <span class='ocrx_word' id='word_1_834' title='bbox 3127 5017 3364 5088; x_wconf 86' lang='lat' dir='ltr'><strong>epibatis</strong></span> <span class='ocrx_word' id='word_1_835' title='bbox 3412 5021 3598 5071; x_wconf 84' lang='lat' dir='ltr'><strong>autem</strong></span> <span class='ocrx_word' id='word_1_836' title='bbox 3641 5017 3811 5071; x_wconf 83' lang='lat' dir='ltr'><strong>totius</strong></span> 
     </span>
    </p>
   </div>
   <div class='ocr_carea' id='block_1_107' title="bbox 2171 5111 3806 5181">
    <p class='ocr_par' dir='ltr' id='par_1_107' title="bbox 2171 5111 3806 5181">
     <span class='ocr_line' id='line_1_108' title="bbox 2171 5111 3806 5181; baseline 0.001 -16"><span class='ocrx_word' id='word_1_837' title='bbox 2171 5112 2538 5168; x_wconf 86' lang='lat' dir='ltr'><strong>fraternitatis</strong></span> <span class='ocrx_word' id='word_1_838' title='bbox 2588 5113 2898 5168; x_wconf 91' lang='lat' dir='ltr'><strong>multitudo</strong></span> <span class='ocrx_word' id='word_1_839' title='bbox 2942 5111 3140 5166; x_wconf 90' lang='lat' dir='ltr'><strong>similis</strong></span> <span class='ocrx_word' id='word_1_840' title='bbox 3188 5111 3295 5180; x_wconf 82' lang='lat' dir='ltr'><strong>sit;</strong></span> <span class='ocrx_word' id='word_1_841' title='bbox 3345 5111 3532 5179; x_wconf 85' lang='lat' dir='ltr'><strong>ipsum</strong></span> <span class='ocrx_word' id='word_1_842' title='bbox 3579 5126 3806 5181; x_wconf 90' lang='lat' dir='ltr'><strong>quoque</strong></span> 
     </span>
    </p>
   </div>
   <div class='ocr_carea' id='block_1_108' title="bbox 2171 5206 3805 5270">
    <p class='ocr_par' dir='ltr' id='par_1_108' title="bbox 2171 5206 3805 5270">
     <span class='ocr_line' id='line_1_109' title="bbox 2171 5206 3805 5270; baseline -0.002 -10"><span class='ocrx_word' id='word_1_843' title='bbox 2171 5223 2327 5262; x_wconf 88' lang='lat' dir='ltr'><strong>mare</strong></span> <span class='ocrx_word' id='word_1_844' title='bbox 2390 5207 2481 5262; x_wconf 88' lang='lat' dir='ltr'><strong>hic</strong></span> <span class='ocrx_word' id='word_1_845' title='bbox 2537 5207 2784 5262; x_wconf 90' lang='lat' dir='ltr'><strong>mundus</strong></span> <span class='ocrx_word' id='word_1_846' title='bbox 2835 5206 3140 5270; x_wconf 88' lang='lat' dir='ltr'><strong>habeatur;</strong></span> <span class='ocrx_word' id='word_1_847' title='bbox 3191 5208 3492 5259; x_wconf 90' lang='lat' dir='ltr'><strong>ventorum</strong></span> <span class='ocrx_word' id='word_1_848' title='bbox 3540 5219 3670 5258; x_wconf 88' lang='lat' dir='ltr'><strong>vero</strong></span> <span class='ocrx_word' id='word_1_849' title='bbox 3713 5220 3805 5257; x_wconf 85' lang='lat' dir='ltr'><strong>va-</strong></span> 
     </span>
    </p>
   </div>
   <div class='ocr_carea' id='block_1_109' title="bbox 2167 5286 3812 5356">
    <p class='ocr_par' dir='ltr' id='par_1_109' title="bbox 2167 5286 3812 5356">
     <span class='ocr_line' id='line_1_110' title="bbox 2167 5286 3812 5356; baseline -0.001 -2"><span class='ocrx_word' id='word_1_850' title='bbox 2167 5286 2342 5356; x_wconf 86' lang='lat' dir='ltr'><strong>.Iietas</strong></span> <span class='ocrx_word' id='word_1_851' title='bbox 2410 5306 2466 5356; x_wconf 89' lang='lat' dir='ltr'><strong>et</strong></span> <span class='ocrx_word' id='word_1_852' title='bbox 2525 5300 2822 5355; x_wconf 90' lang='lat' dir='ltr'><strong>turbinum</strong></span> <span class='ocrx_word' id='word_1_853' title='bbox 2895 5297 3130 5352; x_wconf 87' lang='lat' dir='ltr'><strong>diversis</strong></span> <span class='ocrx_word' id='word_1_854' title='bbox 3203 5297 3608 5352; x_wconf 86' lang='lat' dir='ltr'><strong>tentationibus</strong></span> <span class='ocrx_word' id='word_1_855' title='bbox 3680 5313 3812 5352; x_wconf 90' lang='lat' dir='ltr'><strong>con-</strong></span> 
     </span>
    </p>
   </div>
   <div class='ocr_carea' id='block_1_110' title="bbox 2171 5389 3812 5466">
    <p class='ocr_par' dir='ltr' id='par_1_110' title="bbox 2171 5389 3812 5466">
     <span class='ocr_line' id='line_1_111' title="bbox 2171 5389 3812 5466; baseline -0.001 -19"><span class='ocrx_word' id='word_1_856' title='bbox 2171 5394 2416 5461; x_wconf 88' lang='lat' dir='ltr'><strong>feratur;</strong></span> <span class='ocrx_word' id='word_1_857' title='bbox 2476 5391 2920 5466; x_wconf 88' lang='lat' dir='ltr'><strong>persecutiones,</strong></span> <span class='ocrx_word' id='word_1_858' title='bbox 2984 5389 3376 5445; x_wconf 86' lang='lat' dir='ltr'><strong>tribulationes</strong></span> <span class='ocrx_word' id='word_1_859' title='bbox 3441 5396 3497 5445; x_wconf 92' lang='lat' dir='ltr'><strong>et</strong></span> <span class='ocrx_word' id='word_1_860' title='bbox 3559 5390 3812 5462; x_wconf 89' lang='lat' dir='ltr'><strong>pericula</strong></span> 
     </span>
    </p>
   </div>
   <div class='ocr_carea' id='block_1_111' title="bbox 2167 5483 3810 5556">
    <p class='ocr_par' dir='ltr' id='par_1_111' title="bbox 2167 5483 3810 5556">
     <span class='ocr_line' id='line_1_112' title="bbox 2167 5483 3810 5556; baseline -0.002 -13"><span class='ocrx_word' id='word_1_861' title='bbox 2167 5488 2432 5543; x_wconf 90' lang='lat' dir='ltr'><strong>ﬂuctibus</strong></span> <span class='ocrx_word' id='word_1_862' title='bbox 2495 5487 2902 5556; x_wconf 75' lang='lat' dir='ltr'><strong>exsequantur.</strong></span> <span class='ocrx_word' id='word_1_863' title='bbox 2943 5485 3178 5539; x_wconf 91' lang='lat' dir='ltr'><strong>Terrcni</strong></span> <span class='ocrx_word' id='word_1_864' title='bbox 3234 5499 3368 5538; x_wconf 90' lang='lat' dir='ltr'><strong>vero</strong></span> <span class='ocrx_word' id='word_1_865' title='bbox 3420 5483 3667 5555; x_wconf 88' lang='lat' dir='ltr'><strong>spiritus,</strong></span> <span class='ocrx_word' id='word_1_866' title='bbox 3710 5485 3810 5554; x_wconf 89' lang='lat' dir='ltr'><strong>qui</strong></span> 
     </span>
    </p>
   </div>
   <div class='ocr_carea' id='block_1_112' title="bbox 2169 5576 3805 5648">
    <p class='ocr_par' dir='ltr' id='par_1_112' title="bbox 2169 5576 3805 5648">
     <span class='ocr_line' id='line_1_113' title="bbox 2169 5576 3805 5648; baseline -0.002 -14"><span class='ocrx_word' id='word_1_867' title='bbox 2169 5581 2258 5635; x_wconf 88' lang='lat' dir='ltr'><strong>vel</strong></span> <span class='ocrx_word' id='word_1_868' title='bbox 2303 5582 2374 5635; x_wconf 90' lang='lat' dir='ltr'><strong>de</strong></span> <span class='ocrx_word' id='word_1_869' title='bbox 2410 5579 2778 5646; x_wconf 91' lang='lat' dir='ltr'><strong>torrentibus,</strong></span> <span class='ocrx_word' id='word_1_870' title='bbox 2827 5577 2911 5632; x_wconf 91' lang='lat' dir='ltr'><strong>vel</strong></span> <span class='ocrx_word' id='word_1_871' title='bbox 2961 5577 3031 5632; x_wconf 92' lang='lat' dir='ltr'><strong>de</strong></span> <span class='ocrx_word' id='word_1_872' title='bbox 3062 5576 3304 5632; x_wconf 89' lang='lat' dir='ltr'><strong>vallibus</strong></span> <span class='ocrx_word' id='word_1_873' title='bbox 3361 5576 3593 5648; x_wconf 89' lang='lat' dir='ltr'><strong>spirant,</strong></span> <span class='ocrx_word' id='word_1_874' title='bbox 3633 5593 3805 5648; x_wconf 89' lang='lat' dir='ltr'><strong>pseu-</strong></span> 
     </span>
    </p>
   </div>
   <div class='ocr_carea' id='block_1_113' title="bbox 2168 5670 3812 5746">
    <p class='ocr_par' dir='ltr' id='par_1_113' title="bbox 2168 5670 3812 5746">
     <span class='ocr_line' id='line_1_114' title="bbox 2168 5670 3812 5746; baseline -0.002 -16"><span class='ocrx_word' id='word_1_875' title='bbox 2168 5674 2653 5746; x_wconf 88' lang='lat' dir='ltr'><strong>doprophetarum</strong></span> <span class='ocrx_word' id='word_1_876' title='bbox 2703 5675 2760 5728; x_wconf 83' lang='lat' dir='ltr'><strong>et</strong></span> <span class='ocrx_word' id='word_1_877' title='bbox 2805 5671 3193 5740; x_wconf 90' lang='lat' dir='ltr'><strong>seductorum,</strong></span> <span class='ocrx_word' id='word_1_878' title='bbox 3227 5685 3325 5725; x_wconf 89' lang='lat' dir='ltr'><strong>seu</strong></span> <span class='ocrx_word' id='word_1_879' title='bbox 3371 5685 3561 5741; x_wconf 69' lang='lat' dir='ltr'><strong>pravae</strong></span> <span class='ocrx_word' id='word_1_880' title='bbox 3603 5670 3812 5726; x_wconf 90' lang='lat' dir='ltr'><strong>doctri-</strong></span> 
     </span>
    </p>
   </div>
   <div class='ocr_carea' id='block_1_114' title="bbox 2171 5762 3810 5836">
    <p class='ocr_par' dir='ltr' id='par_1_114' title="bbox 2171 5762 3810 5836">
     <span class='ocr_line' id='line_1_115' title="bbox 2171 5762 3810 5836; baseline -0.002 -15"><span class='ocrx_word' id='word_1_881' title='bbox 2171 5783 2259 5821; x_wconf 91' lang='lat' dir='ltr'><strong>nae</strong></span> <span class='ocrx_word' id='word_1_882' title='bbox 2323 5765 2494 5820; x_wconf 89' lang='lat' dir='ltr'><strong>verba</strong></span> <span class='ocrx_word' id='word_1_883' title='bbox 2555 5766 2865 5832; x_wconf 87' lang='lat' dir='ltr'><strong>ducantur;</strong></span> <span class='ocrx_word' id='word_1_884' title='bbox 2933 5762 3323 5836; x_wconf 88' lang='lat' dir='ltr'><strong>promontoria</strong></span> <span class='ocrx_word' id='word_1_885' title='bbox 3383 5779 3536 5828; x_wconf 91' lang='lat' dir='ltr'><strong>vero,</strong></span> <span class='ocrx_word' id='word_1_886' title='bbox 3581 5767 3640 5818; x_wconf 91' lang='lat' dir='ltr'><strong>et</strong></span> <span class='ocrx_word' id='word_1_887' title='bbox 3683 5763 3810 5818; x_wconf 88' lang='lat' dir='ltr'><strong>loca</strong></span> 
     </span>
    </p>
   </div>
   <div class='ocr_carea' id='block_1_115' title="bbox 2167 5857 3808 5933">
    <p class='ocr_par' dir='ltr' id='par_1_115' title="bbox 2167 5857 3808 5933">
     <span class='ocr_line' id='line_1_116' title="bbox 2167 5857 3808 5933; baseline -0.004 -17"><span class='ocrx_word' id='word_1_888' title='bbox 2167 5860 2520 5933; x_wconf 88' lang='lat' dir='ltr'><strong>confragosa,</strong></span> <span class='ocrx_word' id='word_1_889' title='bbox 2564 5860 2619 5916; x_wconf 90' lang='lat' dir='ltr'><strong>hi</strong></span> <span class='ocrx_word' id='word_1_890' title='bbox 2668 5859 2765 5932; x_wconf 91' lang='lat' dir='ltr'><strong>qui</strong></span> <span class='ocrx_word' id='word_1_891' title='bbox 2806 5859 2863 5916; x_wconf 91' lang='lat' dir='ltr'><strong>in</strong></span> <span class='ocrx_word' id='word_1_892' title='bbox 2902 5857 3276 5932; x_wconf 84' lang='lat' dir='ltr'><strong>potestatibus</strong></span> <span class='ocrx_word' id='word_1_893' title='bbox 3317 5857 3506 5912; x_wconf 85' lang='lat' dir='ltr'><strong>saeculi</strong></span> <span class='ocrx_word' id='word_1_894' title='bbox 3544 5861 3675 5913; x_wconf 88' lang='lat' dir='ltr'><strong>sunt</strong></span> <span class='ocrx_word' id='word_1_895' title='bbox 3709 5857 3808 5927; x_wconf 88' lang='lat' dir='ltr'><strong>ju-</strong></span> 
     </span>
    </p>
   </div>
  </div>
