4068 6330
242 341 308 391 25
1483 337 1950 392 DECRETALIUM
1989 337 2374 392 COLLECTIO.
3536 345 3604 398 26

235 445 410 513 dices,
448 448 506 498 et
544 443 797 515 pericula
842 442 1135 498 minantur
1178 449 1234 498 et
1281 449 1511 500 mortes.
1561 445 1872 500 Bithalassa
1891 458 1951 532 Α
1969 461 2175 500 navem
2201 445 2302 499 ubi
2332 445 2626 500 mercedes
2657 450 2714 500 et
2737 446 2975 517 praemia
3005 463 3108 518 pro
3136 447 3397 502 omnium
3425 450 3604 505 salute

234 553 366 592 vero
429 537 574 606 loca,
619 554 751 610 quae
799 537 1334 609 duplicibusundae
1375 537 1592 593 fallacis
1640 538 1870 593 aestibus

230 631 623 698 verberantur,
670 630 858 685 dubiis
901 634 1092 686 mente
1135 633 1192 686 et
1241 631 1312 686 de
1363 631 1872 704 repromissionum

230 724 472 779 veritate
543 724 877 779 nutantibus
951 724 1332 791 conferantur,
1390 731 1560 796 atque
1620 725 1711 780 his
1771 725 1871 797 qui

229 817 606 873 irrationabili
652 817 828 872 ﬁdem
882 820 1138 873 nostram
1192 817 1413 873 ratione
1471 817 1867 872 discutiuntur.

230 911 549 982 Hypocritae
575 927 730 980 vero,
764 915 822 966 et
851 911 1029 966 dolosi
1057 909 1256 982 piratis
1293 910 1502 965 similes
1531 911 1868 966 habeantur.

225 1006 356 1059 Jam
376 1020 508 1058 vero
532 1004 766 1075 rapidus
782 1008 1064 1074 vertex,et
1081 1007 1330 1059 tartarea
1349 1003 1704 1075 Carybdis,et
1721 1004 1870 1058 saxis

229 1096 379 1151 illisa
417 1096 743 1166 naufragia,
783 1114 846 1151 ac
902 1096 1212 1152 mortifera:
1263 1097 1692 1167 subversiones,
1733 1097 1870 1168 quid

227 1189 384 1244 aliud
417 1189 750 1245 aestimanda
780 1194 928 1258 sunt,
957 1206 1130 1262 quam
1158 1191 1432 1261 peccata?
1471 1191 1664 1245 Restat
1691 1190 1871 1262 igitur

224 1288 293 1338 ut
320 1283 446 1338 haec
472 1283 630 1337 navis
659 1299 824 1338 cursu
852 1299 1124 1354 prospero
1152 1287 1274 1338 tuta
1308 1283 1484 1355 possit
1509 1286 1742 1355 portum
1767 1283 1865 1339 de-

225 1376 492 1431 siderata:
512 1376 670 1430 urbis
698 1376 928 1444 intrare,
953 1375 1032 1430 ita
1062 1377 1174 1432 Deo
1200 1393 1434 1448 precem
1459 1377 1700 1432 fundere
1730 1393 1864 1431 con-

227 1469 404 1536 venit,
429 1473 490 1524 ut
513 1469 849 1540 navigantes
874 1471 1209 1524 mereantur
1227 1469 1430 1524 audiri.
1453 1469 1651 1524 Audiri
1675 1473 1869 1524 autem

229 1579 263 1617 a
294 1563 407 1618 Deo
441 1561 517 1617 ita
546 1563 779 1618 demum
806 1562 1117 1618 merebitur
1145 1562 1289 1634 quis,
1319 1563 1365 1617 si
1396 1562 1678 1618 orationes
1706 1563 1864 1634 ipsae,

225 1656 391 1711 bonis
421 1656 677 1712 moribus
702 1662 758 1711 et
781 1656 944 1711 bonis
971 1655 1236 1728 operibus
1265 1657 1624 1726 adjuventur.

301 1750 411 1807 Sed
438 1754 569 1804 ante
601 1749 814 1820 omnia,
843 1766 974 1804 cum
1005 1750 1192 1820 quiete
1236 1755 1292 1805 et
1335 1749 1558 1804 silentio
1600 1749 1864 1821 epibatae,

1972 537 2259 608 suscipies,
2287 537 2333 592 si
2364 538 2454 592 hic
2484 554 2588 610 pro
2629 538 2892 594 omnium
2929 539 3314 596 incolumitate
3339 540 3605 613 vigilave-

1969 631 2067 686 ris.
2096 633 2292 702 Itaque
2319 630 2362 684 si
2393 636 2449 686 te
2485 632 2651 687 multi
2695 649 2725 687 e
2767 633 3035 688 fratribus
3075 639 3310 706 propter
3351 635 3602 706 rigorem

1963 723 2197 795 justitiae
2227 723 2353 778 odio
2378 724 2696 792 habuerint,
2731 742 2796 781 ex
2821 727 2931 782 hoc
2956 727 3187 798 quidem
3217 745 3332 782 non
3358 728 3600 799 laedaris,

1970 817 2070 872 sed
2099 832 2170 872 ex
2194 817 2517 886 hujusmodi
2557 819 2699 873 odiis
2739 835 2905 874 amor
2935 819 3038 874 tibi
3063 820 3455 876 conciliabitur
3481 822 3596 876 Dei.

1969 910 2039 963 Et
2063 909 2193 965 ideo
2221 913 2412 980 satage
2443 911 2628 981 magis
2668 916 2723 966 et
2766 911 2964 984 refuge
3002 930 3074 967 ne
3115 913 3364 969 lauderis
3394 914 3463 968 ab
3490 913 3599 968 ini-

1970 1002 2114 1074 quis,
2148 1006 2207 1056 et
2231 1018 2302 1058 ne
2327 1019 2361 1056 a
2384 1003 2624 1074 pessime
2654 1005 2953 1075 agentibus
2974 1006 3244 1077 diligaris,
3269 1007 3368 1062 sed
3387 1007 3599 1078 potius,

1968 1098 2202 1167 propter
2223 1094 2462 1167 justitia:
2499 1096 2980 1168 dispensationem
3011 1101 3069 1153 et
3097 1099 3480 1172 aequissimam
3506 1117 3600 1155 re—

1971 1189 2168 1261 gulam
2215 1188 2550 1260 disciplinae,
2599 1205 2633 1242 a
2679 1189 2899 1245 Christo
2946 1192 3256 1248 collaudari
3306 1193 3598 1249 merearis.

1967 1284 2083 1337 Hac
2107 1299 2237 1337 cum
2264 1282 2499 1337 dixisset
2541 1287 2598 1336 et
2634 1282 2724 1337 his
2765 1283 2971 1337 similia
2997 1286 3437 1357 quamplurima,
3467 1304 3597 1343 rur-

1969 1392 2096 1431 sum
2123 1375 2434 1447 respiciens
2461 1375 2533 1430 ad
2556 1376 2858 1447 populum,
2883 1376 3026 1431 dixit
3053 1394 3066 1430 :

2040 1470 2149 1525 Sed
2172 1472 2230 1523 et
2247 1485 2364 1536 vos,
2380 1468 2702 1523 charissimi
2720 1469 2941 1537 fratres,
2963 1475 3020 1524 et
3043 1473 3296 1526 conservi
3315 1474 3449 1542 mei,
3465 1472 3597 1529 huic

1969 1562 2068 1633 qui
2088 1561 2355 1634 praesidet
2365 1561 2522 1616 vobis
2535 1561 2608 1616 ad
2620 1562 2914 1618 veritatem
2927 1563 3236 1618 docendam
3254 1564 3314 1619 in
3334 1566 3600 1622 omnibus

1967 1655 2210 1711 obedite.
2246 1655 2492 1711 Scientes
2521 1655 2676 1727 quod
2719 1656 2764 1710 si
2807 1657 2933 1727 quis
2974 1657 3126 1712 hunc
3166 1657 3598 1725 contristaverit,

1967 1748 2377 1820 Christum,qui
2392 1748 2444 1802 ei
2457 1748 2696 1803 docendi
2717 1748 2957 1804 credidit
2975 1749 3445 1822 cathedram,non
3465 1752 3604 1807 reci-

228 1844 288 1900 id
318 1849 422 1911 est,
452 1843 580 1898 laici
604 1844 664 1898 in
711 1843 825 1898 suis
866 1843 1257 1915 unusquisque
1284 1842 1570 1898 resideant
1605 1842 1762 1910 locis,
1793 1859 1867 1898 ne
1886 1828 1944 1901 Β
1967 1843 2070 1914 pit,
2086 1845 2144 1896 et
2158 1842 2257 1914 qui
2269 1842 2554 1897 Christum
2568 1859 2684 1897 non
2707 1843 3032 1914 susceperit,
3055 1859 3161 1898 nec
3176 1845 3361 1900 Deum
3378 1849 3600 1916 patrem

233 1939 374 1993 forte
412 1954 520 2009 per
554 1935 1032 2008 inquietudinem,
1075 1940 1131 1991 et
1167 1935 1486 1991 inconditos
1524 1935 1865 2008 inutilesque
1967 1935 2276 2006 suscepisse
2294 1935 2651 2005 judicabitur
2673 1936 2814 2006 (Luc.
2845 1952 2918 2004 1x,
2947 1936 3059 2008 48).
3091 1939 3158 1993 Et
3186 1936 3318 1992 ideo
3347 1955 3454 1993 nec
3479 1939 3600 2010 ipse

229 2030 539 2099 discursus,
567 2031 615 2084 si
642 2029 850 2101 passim
887 2029 1082 2101 vagari
1123 2029 1414 2102 coeperint,
1445 2030 1533 2084 vel
1570 2030 1641 2084 ab
1680 2028 1867 2084 ofﬁcio
1967 2028 2298 2100 suscipiatur
2340 2029 2400 2083 in
2444 2044 2626 2100 regno
2668 2029 2959 2085 coelorum.
2999 2031 3233 2102 Propter
3275 2032 3427 2103 quod
3471 2033 3604 2088 satis

231 2139 334 2180 suo
362 2127 565 2179 nautas
594 2123 932 2195 impediant,
959 2124 1046 2179 vel
1076 2123 1139 2178 in
1174 2123 1418 2179 alterum
1457 2125 1623 2191 latus,
1652 2139 1756 2195 per
1778 2123 1868 2178 in-

232 2217 622 2290 quietudinem
648 2233 874 2287 eorum,
904 2217 1059 2272 navis
1087 2233 1280 2289 pressa
1311 2217 1693 2288 demergatur.
1725 2219 1870 2273 Nau-

232 2310 408 2382 tologi
467 2310 537 2365 de
588 2309 946 2366 mercedibus
1001 2314 1401 2365 commoneant
1457 2314 1513 2365 et
1562 2309 1706 2364 nihil
1742 2325 1868 2364 om-

235 2403 367 2458 nino
395 2403 554 2476 quod
577 2403 647 2458 ad
675 2402 1054 2473 diligentiam,
1082 2403 1171 2457 vel
1200 2403 1274 2457 ad
1300 2401 1665 2474 disciplinam
1690 2402 1867 2474 perti-

231 2503 331 2553 net
357 2496 579 2552 diaconi
604 2495 920 2568 negligant,
949 2495 1266 2568 presbyteri
1289 2495 1442 2550 velut
1459 2498 1650 2550 nautae
1675 2499 1872 2568 aptent

232 2590 458 2661 singula
507 2590 580 2644 ad
630 2589 1065 2645 instructionem
1112 2589 1274 2644 navis
1318 2588 1622 2660 diligenter
1677 2593 1733 2644 et
1782 2588 1866 2643 in-

233 2689 454 2739 struant
482 2700 610 2754 quae
633 2682 693 2736 in
727 2699 828 2737 suo
867 2685 1127 2754 tempore
1170 2682 1514 2754 requirenda
1557 2681 1868 2753 sunt.'Epi-

232 2793 454 2849 scapus,
467 2779 738 2848 tanquam
757 2775 1311 2848 proreta,vigilanter
1331 2779 1386 2830 et
1406 2774 1645 2830 sollicite
1669 2775 1872 2846 guber-

236 2871 447 2926 natoris
489 2870 658 2924 verba
703 2869 988 2924 custodiat
1030 2869 1260 2924 Christi.
1287 2869 1540 2924 Salvator
1579 2868 1869 2935 Dominus,

235 2965 592 3036 gubernator
621 2962 884 3019 Ecclesiae
909 2979 1044 3032 suae,
1073 2963 1344 3035 diligatur
1380 2962 1450 3029 ab
1499 2962 1786 3029 omnibus,
1817 2965 1874 3016 et

234 3057 410 3129 ipsius
458 3057 634 3112 solius
675 3055 976 3128 praceptis
1019 3073 1082 3110 ac
1117 3055 1290 3127 jussis
1332 3055 1523 3111 credat
1551 3060 1607 3111 et
1647 3055 1875 3111 obediat

234 3151 417 3206 omnis
441 3150 706 3205 Ecclesia.
740 3150 856 3204 Deo
887 3166 1113 3222 quoque
1158 3149 1550 3204 indesinenter
1587 3148 1871 3221 supplice-

233 3251 324 3300 tur
340 3262 375 3299 a
400 3244 618 3300 cunctis
639 3244 708 3299 de
730 3243 1101 3315 prosperitate
1122 3246 1445 3310 ventorum,
1458 3246 1525 3297 ut
1543 3242 1874 3314 navigantes

235 3337 471 3393 omnem
501 3338 925 3393 tribulationem
949 3341 1007 3391 et
1036 3353 1209 3392 omne
1239 3336 1558 3409 periculum
1585 3339 1871 3408 superent,

236 3437 516 3504 tanquam
552 3431 613 3486 in
652 3447 810 3487 mare
839 3431 1187 3502 profundum
1226 3431 1432 3486 mundi
1459 3431 1620 3486 istius
1646 3433 1704 3485 et
1746 3429 1875 3485 vitae

235 3526 505 3581 humanae
528 3526 763 3597 pelagus
789 3524 1140 3597 navigantes,
1162 3525 1223 3579 in
1243 3541 1358 3598 quo
1391 3525 1756 3580 esuriendum
1781 3523 1872 3591 sit,

238 3624 294 3675 et
320 3620 653 3688 sitiendum,
684 3620 1008 3675 nuditatem
1035 3636 1264 3692 quoque
1301 3619 1622 3686 ferendam,
1649 3617 1876 3673 morbos

237 3698 410 3770 etiam
453 3713 731 3786 corporis,
772 3718 830 3769 et
874 3712 1243 3785 aegritudines
1275 3713 1613 3768 tolerandas.
1645 3714 1877 3784 Insuper

240 3814 294 3864 et
353 3809 656 3863 hominum
694 3807 935 3878 insidiis,
979 3823 1044 3862 ac
1091 3807 1220 3863 dolo
1273 3824 1424 3879 saepe
1485 3806 1872 3872 laborandum,

238 3902 446 3973 quippe
473 3901 574 3973 qui
603 3900 1013 3973 dispergendos
1051 3917 1110 3955 se
1140 3917 1556 3972 nonnunquam
1584 3900 1872 3968 noverint,

237 3995 334 4050 sed
360 3993 672 4067 aliquando
699 3993 876 4050 etiam
901 3995 1354 4066 congregandos,
1377 3994 1625 4049 vomitus
1649 4010 1875 4066 quoque

239 4093 295 4143 et
318 4088 706 4166 sugillationes
727 4088 1008 4159 ferendas,
1029 4104 1248 4166 cumex
1266 4087 1593 4143 confusione
1613 4091 1874 4160 peccato-

238 4198 391 4251 rum,
414 4187 472 4238 et
489 4165 798 4253 rejectione
824 4182 1150 4251 criminum,
1165 4165 1328 4237 velut
1347 4183 1495 4237 male
1521 4181 1877 4254 congregatis

239 4276 298 4332 in
339 4275 649 4331 visceribus
694 4275 863 4343 fellis,
908 4276 1130 4348 jactura
1184 4275 1445 4332 facienda
1487 4280 1590 4346 est,
1638 4278 1695 4331 et
1733 4275 1876 4347 abji-

239 4370 440 4425 cienda
485 4385 718 4441 prorsus
742 4385 773 4424 e
798 4369 968 4425 corde
999 4369 1183 4424 omnis
1209 4369 1549 4425 intrinsecus
1583 4385 1711 4441 quae
1738 4369 1879 4424 latet

240 4464 559 4519 amaritudo
612 4463 850 4535 peccati,
892 4463 938 4518 si
977 4480 1088 4535 qua
1125 4464 1272 4520 forte
1321 4480 1391 4519 ex
1439 4462 1730 4519 desideriis
1767 4461 1874 4517 ini-

1894 3196 1949 3271 C

1969 2122 2142 2194 agite,
2171 2122 2245 2177 ad
2273 2138 2508 2177 omnem
2535 2122 2832 2178 collectam
2852 2124 3351 2196 congregationem
3370 2141 3602 2197 semper

1969 2216 2289 2286 convenite,
2339 2219 2406 2270 ut
2449 2232 2566 2271 non
2612 2216 2764 2271 velut
2804 2217 3160 2288 negligentes
3205 2220 3263 2272 et
3307 2217 3528 2274 desides
3569 2237 3603 2273 a

1963 2309 2156 2379 judice
2215 2309 2436 2363 Christo
2485 2309 2970 2366 condemnemini.
3023 2310 3434 2367 Convenientes
3470 2328 3602 2367 vero

1969 2419 2118 2474 saepe
2129 2401 2199 2457 ad
2213 2402 2586 2470 Clementem,
2601 2403 2730 2458 date
2743 2420 2940 2458 omnes
2962 2420 3193 2476 operam
3213 2421 3317 2476 pro
3333 2405 3458 2477 ipso
3477 2421 3605 2460 sen-

1968 2496 2098 2566 tire,
2126 2498 2184 2550 et
2231 2511 2455 2550 summo
2501 2496 2688 2551 studio
2731 2497 2986 2552 favorem
3022 2513 3221 2552 verum
3249 2514 3387 2570 erga
3413 2499 3601 2569 ipsum

1971 2588 2315 2659 dependere,
2347 2589 2586 2643 scientes
2631 2589 2766 2659 quia
2801 2592 3035 2660 propter
3076 2590 3331 2660 singulos
3362 2607 3461 2645 vos
3495 2591 3604 2662 ipsi

1970 2681 2155 2754 magis
2182 2681 2289 2736 soli
2314 2680 2546 2736 infestat
2573 2681 2833 2736 inimicus
2864 2687 2920 2737 et
2947 2681 3007 2736 in
3031 2681 3153 2753 ipso
3178 2683 3400 2754 majora
3424 2684 3598 2739 susci-

1971 2779 2053 2830 tat
2082 2775 2250 2829 bella.
2280 2774 2519 2846 Oportet
2569 2790 2706 2846 ergo
2746 2791 2842 2828 vos
2884 2791 3108 2830 summo
3153 2776 3338 2832 studio
3391 2777 3514 2845 niti,
3541 2783 3604 2832 ut

1973 2869 2130 2923 omni
2173 2884 2314 2940 erga
2341 2868 2506 2922 illum
2529 2867 2752 2922 vinculo
2778 2869 2990 2923 amoris
3027 2869 3238 2936 innexi,
3269 2861 3602 2940 plenissinio

1972 2978 2108 3034 erga
2150 2977 2284 3017 eum
2330 2961 2656 3016 inhaereatis
2697 2961 2921 3016 affectu.
2969 2963 3078 3017 Sed
3121 2967 3180 3017 et
3223 2979 3320 3018 vos
3378 2979 3604 3035 quoque

1970 3055 2080 3127 ipsi
2102 3055 2404 3110 unanimes
2431 3055 2490 3109 in
2517 3055 2676 3110 omni
2700 3055 3006 3110 concordia
3032 3057 3338 3128 perdurate
3370 3074 3484 3128 quo
3519 3059 3602 3112 fa-

1973 3147 2132 3204 cilius
2169 3148 2340 3205 etiam
2382 3149 2463 3203 illi
2507 3148 2737 3204 obedire
2783 3165 2983 3205 omnes
3007 3150 3222 3221 pariter
3245 3166 3525 3206 consensu
3549 3156 3608 3206 et

1976 3242 2347 3298 unanimitate
2391 3242 2637 3314 possitis.
2683 3245 2920 3314 Propter
2949 3243 3098 3315 quod
3146 3248 3202 3299 et
3239 3260 3336 3298 vos
3365 3243 3606 3300 salutem

1975 3336 2262 3408 consequi,
2290 3339 2346 3390 et
2391 3335 2486 3391 ille
2526 3335 2702 3408 possit
2749 3336 3274 3407 obtemperantibus
3317 3337 3424 3392 sibi
3450 3337 3608 3392 vobis

1973 3429 2292 3501 promptius
2319 3429 2567 3500 impositi
2589 3429 2780 3484 oneris
2805 3429 3028 3501 pondus
3051 3431 3312 3485 evehere.
3336 3431 3608 3496 Quadam

1976 3539 2042 3577 ex
2067 3522 2223 3577 vobis
2251 3521 2420 3577 etiam
2457 3521 2593 3592 ipsis
2629 3522 2948 3594 intelligere
2993 3523 3230 3591 debetis,
3265 3523 3308 3576 si
3333 3540 3447 3595 qua
3474 3524 3606 3592 sint,

1976 3631 2106 3690 quae
2129 3615 2250 3686 ipse
2278 3619 2513 3686 propter
2537 3614 2773 3669 insidias
2814 3615 3112 3669 hominum
3155 3617 3444 3671 malorum
3489 3634 3607 3672 non

1975 3711 2162 3780 potest
2186 3708 2498 3764 evidentius
2519 3712 2578 3762 et
2605 3707 2959 3763 manifestius
2983 3709 3282 3781 proloqui;
3309 3709 3466 3765 verbi
3485 3726 3609 3781 gra-

1975 3803 2074 3871 tia,
2104 3803 2151 3856 si
2180 3801 2443 3857 inimicus
2470 3807 2557 3858 est
2583 3802 2752 3857 alicui
2779 3802 3093 3871 malorum,
3120 3819 3225 3874 pro
3252 3803 3469 3859 actibus
3493 3803 3608 3858 suis

1975 3912 2076 3951 vos
2100 3896 2276 3951 nolite
2305 3901 2629 3968 exspectare
2658 3900 2720 3950 ut
2753 3896 2873 3968 ipse
2904 3896 3060 3952 vobis
3102 3896 3251 3953 dicat
3291 3914 3422 3953 cum
3466 3898 3560 3953 illo
3592 3916 3606 3953 :

1975 3990 2160 4045 Nolite
2187 3990 2352 4045 amici
2383 4007 2523 4045 esse.
2558 3990 2668 4046 Sed
2705 3989 3026 4062 prudenter
3061 3991 3357 4048 observare
3393 3990 3612 4047 debetis

1977 4088 2035 4139 et
2061 4084 2337 4139 voluntati
2367 4085 2490 4156 ejus
2518 4085 2731 4156 absque
2762 4084 3284 4140 communicatione
3311 4086 3610 4141 observare

1977 4181 2034 4233 et
2064 4183 2318 4234 avertere
2344 4194 2443 4233 vos
2469 4177 2539 4232 ab
2565 4194 2631 4232 eo
2666 4177 2756 4232 cui
2799 4178 2989 4250 ipsum
3032 4179 3248 4234 sentitis
3291 4180 3608 4236 adversum.

1977 4272 2088 4328 Sed
2115 4288 2219 4328 nec
2237 4273 2394 4344 loqui
2421 4273 2508 4327 his
2532 4271 2740 4344 quibus
2764 4271 2882 4344 ipse
2909 4290 3024 4328 non
3050 4273 3319 4345 loquitur,
3346 4279 3409 4330 ut
3430 4290 3609 4330 mms-

1976 4366 2218 4438 quisque
2265 4367 2363 4437 qui
2404 4365 2464 4420 in
2511 4366 2675 4437 culpa
2714 4369 2816 4434 est,
2848 4367 2988 4421 dum
3029 4367 3184 4439 cupit
3229 4369 3488 4424 omnium
3515 4385 3609 4424 ve-

1977 4466 2161 4516 strum
2204 4461 2478 4516 amicitias
2506 4462 2676 4530 ferre,
2704 4461 2931 4518 festinet
2969 4463 3132 4519 citius
3169 4465 3523 4520 reconciliari
3562 4464 3614 4519 ei

246 4559 369 4630 quis
397 4557 550 4613 velut
575 4574 642 4612 ex
669 4557 810 4612 cibis
836 4556 1022 4612 noxiis
1048 4561 1396 4630 congregata
1427 4561 1531 4612 est.
1557 4557 1743 4622 Quam
1773 4557 1878 4611 uti-
1896 4573 1956 4646 D
1977 4556 2078 4628 qui
2099 4555 2367 4610 omnibus
2387 4540 2616 4627 praeest,
2646 4560 2702 4611 et
2724 4573 2827 4628 per
2852 4557 2962 4612 hoc
2986 4557 3184 4612 redeat
3207 4558 3278 4613 ad
3299 4558 3537 4613 salutem
3558 4561 3614 4613 et

243 4666 352 4723 que
371 4668 500 4706 cum
524 4650 842 4705 evomuerit
858 4651 982 4721 quis
1005 4652 1061 4706 et
1079 4650 1368 4722 abjecerit,
1387 4650 1632 4722 ingentis
1654 4650 1879 4722 aegritu-

245 4743 390 4799 dinis
411 4744 749 4799 liberabitur
767 4743 988 4812 morbo,
1011 4743 1057 4798 si
1076 4748 1267 4800 tamen
1282 4747 1410 4817 post
1431 4744 1728 4816 vomitum,
1750 4759 1880 4816 quae

247 4837 319 4893 ad
344 4839 646 4893 sanitatem
669 4837 980 4909 pertinent,
1008 4843 1212 4894 sumat.

1980 4649 2282 4704 sanitatem
2301 4666 2432 4704 cum
2455 4649 2688 4704 obedire
2717 4650 2953 4721 coeperit
2976 4650 3209 4704 monitis
3232 4650 3610 4728 praesidentis.

1981 4743 2037 4799 Si
2063 4759 2195 4799 vero
2223 4743 2350 4815 quis
2377 4742 2595 4797 amicus
2639 4743 2812 4797 fuerit
2853 4743 2941 4796 his
2987 4743 3192 4814 quibus
3236 4743 3357 4813 ipse
3396 4743 3614 4799 amicus

1983 4854 2098 4892 non
2127 4840 2230 4905 est,
2263 4839 2320 4892 et
2359 4837 2576 4891 locutus
2603 4835 2774 4891 fuerit
2803 4851 2933 4890 cum
2977 4836 3066 4890 his
3102 4835 3308 4907 quibus
3347 4836 3465 4908 ipse
3497 4854 3618 4894 non

318 4933 719 4987 Verumtamen
778 4931 972 4986 scitote
1027 4931 1214 4987 cuncti
1262 4932 1413 5003 quod
1468 4948 1638 5004 supra
1684 4947 1882 4986 omnes
1979 4931 2256 5003 loquitur,
2283 4947 2434 4986 unus
2467 4935 2554 4986 est
2591 4935 2648 4986 et
2681 4930 2804 5001 ipse
2847 4946 2917 4984 ex
2955 4929 3065 4984 illis
3097 4929 3196 5001 qui
3232 4931 3617 4987 exterminare

251 5041 340 5079 vos
382 5025 604 5080 laboret
651 5024 949 5096 episcopus
1001 5024 1135 5097 quia
1184 5025 1582 5097 unusquisque
1627 5029 1880 5080 vestrum

252 5135 411 5173 suum
438 5119 693 5173 laborem
717 5117 848 5186 fert,
870 5118 964 5173 ille
983 5134 1116 5172 vero
1138 5122 1194 5174 et
1217 5135 1404 5188 suum,
1428 5122 1485 5173 et
1505 5119 1878 5191 singulorum.

1981 5025 2161 5082 voluit
2219 5025 2523 5080 Ecclesiam
2577 5024 2700 5095 Dei,
2750 5028 2806 5078 et
2859 5041 2990 5079 cum
3033 5040 3266 5096 corpore
3327 5026 3616 5082 vobiscum

1984 5136 2105 5174 esse
2145 5120 2426 5188 videatur,
2457 5121 2650 5174 mente
2699 5123 2755 5173 et
2799 5117 2992 5174 animo
3037 5123 3232 5174 contra
3272 5136 3367 5174 vos
3415 5123 3519 5175 est.
3553 5121 3619 5176 Et

252 5213 480 5284 Propter
529 5212 705 5284 quod,
757 5228 790 5266 ο
832 5211 1115 5280 Clemens,
1159 5216 1436 5285 tanquam
1481 5213 1577 5284 qui
1619 5213 1885 5268 omnibus
1984 5213 2169 5268 multo
2195 5217 2280 5268 est
2307 5213 2548 5284 nequior
2567 5211 2746 5267 hostis
2769 5212 2862 5266 hic
2887 5229 3060 5285 quam
3081 5213 3161 5268 illi
3189 5213 3287 5286 qui
3308 5214 3444 5269 foris
3462 5219 3615 5285 sunt,

250 5307 509 5377 prodesse
531 5310 589 5361 te
610 5304 842 5361 noveris
867 5304 1143 5377 singulos,
1166 5309 1337 5377 prout
1354 5307 1624 5378 potueris,
1646 5308 1805 5379 juva,
1831 5311 1887 5362 et
1987 5312 2044 5363 et
2072 5307 2364 5362 evidenter
2390 5306 2605 5361 inimici
2635 5310 2784 5374 sunt,
2819 5305 2911 5361 hic
2937 5307 3091 5362 enim
3117 5324 3221 5379 per
3242 5307 3619 5365 amicitiarum

254 5399 503 5472 singulos
527 5400 735 5467 releva,
766 5399 863 5471 qui
899 5402 957 5453 et
997 5399 1356 5471 singulorum
1399 5417 1562 5469 onus,
1592 5404 1650 5455 et
1679 5401 1882 5456 sollici-
1986 5401 2237 5473 speciem
2257 5417 2384 5472 qua:
2411 5399 2640 5455 inimica
2661 5404 2796 5456 sunt
2817 5401 2985 5472 gerit,
3009 5405 3067 5456 et
3085 5402 3389 5457 Ecclesiam
3409 5402 3620 5476 disper-

253 5494 504 5550 tudinem
533 5498 752 5565 portas.
781 5493 940 5549 Unde
975 5497 1034 5548 et
1057 5510 1164 5565 ego
1191 5511 1345 5549 nunc
1388 5495 1533 5550 hanc
1562 5494 1666 5550 tibi
1691 5495 1884 5567 injun-
1989 5495 2074 5566 git
2113 5511 2176 5549 ac
2201 5497 2397 5548 vastat.

253 5603 391 5658 gens
416 5587 928 5660 dispensationem,
962 5592 1022 5643 et
1050 5587 1165 5643 scio
1192 5588 1329 5660 quia
1362 5589 1577 5662 accipio
1617 5589 1886 5661 gratiam,
2060 5590 2129 5642 Et
2165 5604 2295 5642 cum
2340 5587 2451 5641 hoc
2500 5585 2732 5643 dixisset
2771 5587 2833 5643 in
2881 5588 3073 5644 medio
3117 5606 3310 5645 coram
3357 5589 3622 5645 omnibus

253 5682 432 5754 magis
456 5698 631 5754 quam
668 5685 900 5754 praesto.
931 5681 1040 5738 Sed
1067 5685 1185 5738 esto
1225 5683 1534 5751 confidens,
1565 5686 1621 5738 et
1666 5683 1892 5738 fortiter
1989 5697 2194 5736 manus
2241 5680 2385 5736 mihi
2431 5680 2724 5752 imposuit,
2754 5685 2811 5737 et
2846 5682 2907 5736 in
2952 5683 3221 5739 cathedra
3259 5700 3358 5738 sua
3401 5684 3621 5753 ingenti

253 5776 454 5845 ferens,
495 5781 688 5830 certus
736 5775 869 5847 quia
921 5775 1132 5832 laboris
1180 5777 1263 5831 tui
1311 5777 1580 5832 meritum
1628 5778 1888 5850 recipies,
1990 5774 2334 5832 verecundia
2362 5775 2667 5847 fatigatum
2689 5776 2882 5830 sedere
2913 5793 3009 5830 me
3039 5776 3336 5848 compulit.
3364 5776 3618 5849 Cumque

251 5886 375 5925 cum
404 5869 476 5926 ad
504 5873 738 5943 portum
763 5869 992 5942 quietis,
1015 5870 1359 5928 incolumem
1391 5871 1538 5927 hanc
1565 5870 1893 5944 provexeris
1993 5869 2280 5942 sedissem,
2308 5869 2429 5926 haec
2460 5869 2530 5925 ad
2560 5885 2655 5923 me
2683 5885 2910 5927 rursum
2939 5869 3159 5926 locutus
3188 5873 3272 5925 est
3296 5886 3309 5925 :
3343 5869 3625 5942 Deprecor
