4068 6336
492 331 557 382 27
1377 329 1666 386 APPEND.
1706 330 1795 383 AD
1832 329 1990 384 SAZC.
2033 329 2120 383 1Χ.
2151 358 2218 367 --
2257 327 2497 384 lSlDORI
2536 326 2959 384 MERCATORIS
3771 332 3830 385 28

492 442 569 504 te,
597 453 628 490 ο
657 437 936 507 Clemens,
970 453 1162 492 coram
1191 438 1456 493 omnibus
1501 437 1596 508 qui
1631 441 1939 508 praesentes
1965 441 2115 505 sunt,
2139 451 2198 521 Α
2219 437 2614 491 remissionem
2655 440 3013 507 peccatorum
3057 451 3214 490 sacro
3256 435 3598 505 baptismate
3640 437 3832 492 renatis

487 533 554 584 ut
601 536 1005 602 posteaquam,
1053 532 1197 588 sicut
1236 533 1491 587 naturale
1538 529 1793 584 debitum
1839 534 1941 599 est,
1987 530 2116 584 vitae
2218 529 2549 599 contulerit,
2597 534 2654 584 et
2696 528 3171 584 resurrectionem
3227 528 3469 583 humani
3520 531 3742 600 generis
3778 529 3832 584 iu

490 624 790 694 praesentis
833 625 1009 679 ﬁnem
1054 625 1256 692 fecero,
1302 623 1500 678 Jacobo
1545 623 1706 677 fratri
1752 621 1975 678 Domini
2018 623 2112 677 de-

487 716 698 770 scribas
745 716 987 771 breviter
1013 718 1099 772 vel
1141 735 1267 789 quae
1312 717 1383 770 ad
1424 715 1651 770 initium
1681 715 1817 770 ﬁdei
1847 719 1960 770 tua:
1988 733 2112 787 spe-

486 811 662 878 ctant,
687 810 773 864 vel
816 810 986 864 etiam
1028 827 1166 881 quos
1207 814 1334 864 ante
1374 809 1546 864 fidem
1587 809 1810 863 animos
1855 808 2111 880 gesseris,

2217 623 2416 677 eadem
2445 639 2616 678 carne
2645 623 2705 676 in
2730 623 2906 676 vitam
2937 625 3210 676 aeternam
3248 621 3498 677 futuram
3531 623 3609 676 sic
3643 623 3829 677 docue-

2215 718 2368 769 runt.
2403 715 2737 786 Symbolum
2777 715 2928 769 enim
2967 715 3178 782 Graece,
3208 714 3406 769 Latine
3433 714 3686 770 collectio
3714 716 3832 770 dici-

2213 811 2326 862 tur.
2366 809 2433 862 Et
2475 808 2580 862 hoc
2619 806 2876 878 praedicti
2921 807 3099 861 sancti
3141 807 3394 879 Apostoli
3442 807 3594 862 inter
3644 824 3698 862 se
3741 825 3832 879 per

487 901 586 957 sed
615 907 670 956 et
700 903 944 974 qualiter
970 903 1111 957 mihi
1139 902 1208 956 ab
1239 902 1402 957 initio
1427 918 1612 972 usque
1631 902 1702 956 ad
1720 903 1893 957 ﬁnem
1923 918 2114 957 comes
2215 900 2489 971 Spiritum
2532 903 2791 956 sanctum
2826 900 3145 966 salubriter,
3175 905 3239 954 ut
3265 900 3483 955 dictum
3511 903 3615 968 est,
3648 901 3828 955 condi-

485 987 704 1050 itineris
756 1001 812 1050 et
862 999 1090 1049 actuum
1133 995 1325 1063 fueris,
1357 1011 1598 1066 quaeque
1633 1011 1735 1066 per
1759 994 2007 1065 singulas
2031 995 2109 1049 ci-

484 1085 683 1144 vitates
707 1105 800 1143 me
843 1088 1192 1158 disputante,
1226 1088 1495 1143 sollicitus
1545 1088 1771 1144 auditor
1805 1089 2108 1160 exceperis,

484 1182 692 1253 quique
723 1181 780 1235 in
815 1181 1316 1252 praedicationibus
1357 1182 1499 1236 meis
1533 1182 1621 1236 vel
1660 1181 1962 1236 verborum
1985 1182 2107 1236 fuc-

2214 993 2437 1048 derunt.
2465 993 2678 1048 Dicitur
2708 999 2764 1048 et
2791 993 3089 1060 indicium,
3121 993 3276 1064 quod
3303 1010 3407 1065 per
3432 994 3539 1047 hoc
3565 993 3663 1065 qui
3690 997 3828 1048 recte

2213 1086 2515 1141 crediderit
2553 1086 2852 1142 indicatur.

2283 1181 2430 1250 Ergo
2458 1181 2675 1234 cunctis
2698 1179 3055 1235 credentibus
3081 1196 3209 1251 qua:
3239 1178 3599 1234 continentur
3622 1179 3680 1233 in
3703 1195 3829 1250 prae-

479 1275 552 1329 rit
596 1274 733 1329 ordo
773 1274 864 1328 vel
908 1277 1164 1344 actuum,
1207 1275 1302 1330 sed
1346 1280 1404 1329 et
1451 1274 1548 1346 qui
1595 1291 1686 1329 me
1733 1275 1862 1330 ﬁnis
1911 1275 1969 1329 in
2007 1276 2111 1329 hac
2210 1273 2324 1328 fato
2379 1273 2656 1344 symbolo,
2705 1274 2850 1327 salus
2911 1274 3254 1342 animarum,
3299 1277 3357 1327 et
3402 1272 3517 1328 vita
3573 1276 3830 1344 perpetua

477 1365 619 1422 urbe
660 1365 936 1438 repererit
965 1367 1131 1437 (sicut
1162 1367 1297 1440 dixi)
1325 1368 1516 1422 omnia
1556 1368 1652 1439 qui
1681 1372 1840 1439 potes
1867 1368 2112 1424 breviter
2210 1367 2376 1421 bonis
2421 1367 2640 1421 actibus
2681 1369 3054 1438 praeparatur.
3083 1368 3229 1438 Ergo
3258 1365 3413 1437 quod
3438 1366 3498 1420 in
3527 1365 3829 1437 primordio

476 1461 895 1531 comprehensa
943 1459 1016 1514 ad
1059 1460 1246 1532 ipsum
1294 1463 1352 1514 te
1400 1460 1680 1515 destinare
1730 1477 1846 1515 non
1891 1461 2106 1532 pigeat.

476 1555 586 1608 Nec
612 1553 855 1607 verearis
889 1569 963 1606 ne
1015 1552 1157 1608 forte
1203 1554 1449 1608 multum
1490 1554 1560 1607 de
1607 1569 1735 1608 meo
1781 1555 1933 1608 exitu
1975 1570 2104 1609 con-

2211 1460 2469 1530 ejusdem
2509 1459 2749 1531 symboli
2787 1461 3144 1532 praeponitur
3175 1476 3187 1514 :
3220 1461 3385 1518 Credo
3422 1462 3481 1514 in
3525 1462 3690 1514 Deum
3727 1462 3824 1514 Pa-

2210 1559 2344 1608 trem
2370 1556 2802 1623 omnipotentem,
2834 1554 3170 1625 praeclarum
3194 1553 3323 1607 ﬁdei
3353 1552 3756 1619 testimonium,
3776 1556 3828 1607 et

475 1646 787 1701 tristandus
822 1646 895 1701 sit
929 1662 1058 1700 cum
1087 1647 1144 1701 id
1170 1663 1261 1702 me
1287 1663 1390 1718 pro
1417 1646 1625 1718 pietate
1672 1647 1949 1701 sustinere
1994 1664 2107 1702 non
2206 1647 2646 1702 fundamentum
2688 1647 2748 1700 in
2811 1646 2998 1717 prima
3044 1647 3234 1700 fronte
3284 1647 3655 1715 monstratur,
3704 1645 3827 1716 quia

473 1738 746 1810 ambigat.
778 1738 896 1793 Erit
929 1743 1121 1794 autem
1147 1739 1200 1794 ei
1229 1739 1449 1810 grande
1481 1741 1763 1807 solatium,
1793 1741 1838 1793 si
1867 1739 1923 1812 5
1957 1740 2104 1794 didi-

2207 1740 2390 1794 salvus
2430 1755 2548 1794 esse
2588 1740 2798 1810 poterit
2840 1739 2938 1811 qui
2983 1745 3135 1794 recte
3181 1739 3501 1794 crediderit.
3533 1761 3559 1787 «
3597 1738 3827 1793 Credere

471 1831 613 1886 cerit
652 1832 808 1904 quod
839 1835 966 1903 post
1004 1848 1097 1887 me
1138 1849 1256 1887 non
1289 1833 1591 1905 imperitus
1620 1834 1842 1904 aliquis,
1874 1839 1972 1888 aut
2014 1835 2102 1888 in-
2125 1813 2182 1886 Β
2206 1833 2362 1888 enim
2405 1836 2631 1905 oportet
2665 1833 3033 1888 accedentem
3069 1832 3141 1887 ad
3172 1834 3352 1886 Deum
3381 1833 3565 1903 (Hebr.
3600 1848 3672 1901 x1,
3701 1833 3769 1903 6),
3799 1854 3822 1881 ››

472 1926 691 1995 doctus,
721 1929 819 1980 aut
845 1925 1119 1997 ignorans
1146 1926 1320 1981 divini
1347 1927 1502 1982 verbi
1531 1927 1890 1998 mysterium,
1926 1928 2102 1982 eccle-

472 2018 678 2075 siastici
722 2019 936 2074 ordinis
979 2019 1355 2091 disciplinam,
1395 2020 1484 2075 vel
1529 2020 1798 2076 doctrinae
1844 2022 2103 2091 regulam

476 2114 752 2180 nesciens,
800 2114 1110 2185 susceperit
1157 2114 1491 2168 cathedram
1535 2131 1746 2174 meam.
1791 2115 1903 2170 Scit
1950 2115 2103 2182 enim

470 2207 630 2279 quia,
663 2206 708 2260 si
749 2207 1008 2261 indoctus
1050 2206 1212 2262 istius
1258 2207 1507 2262 ofﬁcium
1554 2208 1800 2263 doctoris
1845 2207 2099 2279 accipiat,

2205 1926 2476 1998 quoniam
2500 1948 2528 1976 «
2553 1928 2718 1982 corde
2745 1927 2993 1982 creditur
3021 1926 3095 1980 ad
3113 1925 3411 1996 justitiam,
3439 1941 3536 1979 ore
3563 1925 3827 1980 confessio

2205 2020 2270 2074 tit
2310 2021 2380 2074 ad
2422 2021 2661 2076 salutem
2689 2021 2854 2090 (Rom.
2901 2036 2954 2086 χ,
2986 2020 3089 2090 10).
3125 2039 3152 2069 ››
3196 2019 3357 2074 Unde
3395 2019 3473 2074 ait
3511 2019 3825 2090 propheta:

2209 2136 2236 2163 ‹‹
2289 2113 2513 2168 Credidi
2560 2118 2790 2185 propter
2842 2112 2992 2185 quod
3049 2114 3267 2168 locutus
3321 2129 3448 2166 sum
3492 2111 3656 2182 (Psal.
3708 2128 3826 2182 cxv,

2207 2207 2312 2278 10).
2339 2227 2366 2259 1)
2397 2209 2463 2262 Et
2491 2206 2670 2262 illud:
2707 2228 2734 2255 «
2758 2208 2946 2261 Justus
2990 2223 3056 2260 ex
3086 2205 3196 2260 ﬁde
3222 2207 3360 2260 vivit
3389 2207 3553 2276 (Rom.
3585 2221 3624 2274 1,
3663 2205 3763 2277 i7).
3801 2227 3827 2255 »

470 2300 592 2355 sine
619 2300 790 2354 dubio
818 2299 1075 2371 discipuli
1104 2305 1162 2355 et
1187 2301 1472 2356 auditores
1491 2301 1827 2373 ignorantiae
1853 2301 2103 2356 tenebris
2202 2302 2294 2354 Et:
2314 2299 2468 2354 «Nisi
2482 2299 2988 2366 credideritis,non
3009 2299 3333 2369 intelligetis
3354 2300 3500 2370 (Luc.
3523 2315 3666 2366 xx1v,
3685 2297 3825 2369 25).»

470 2393 705 2449 involuti
735 2393 794 2447 in
820 2393 1116 2448 interitum
1137 2394 1560 2465 demergentur.

539 2485 700 2541 Unde
728 2491 783 2542 et
811 2503 939 2557 ego,
970 2487 1050 2540 mi
1089 2487 1319 2542 domine
1359 2488 1580 2558 Jacobe,
1610 2503 1740 2542 cum
1783 2488 1904 2543 haec
1933 2489 2004 2543 ab
2035 2505 2099 2544 eo

462 2583 744 2651 praecepta
776 2565 1146 2650 susceperim,
1179 2595 1407 2658 necesse
1447 2581 1621 2635 habui
1670 2581 1910 2652 implere
1947 2582 2098 2652 quod

454 2672 701 2744 jusserat
743 2671 1002 2726 indicans
1047 2673 1170 2739 tibi,
1201 2677 1257 2727 et
1283 2674 1354 2728 de
1384 2672 1521 2745 ipsis
1562 2673 1732 2728 simul
1776 2677 1832 2730 et
1875 2675 1945 2728 de
1979 2675 2098 2729 illis

460 2765 710 2825 breviter
736 2765 1252 2836 comprehendens,
1278 2782 1405 2837 quae
1429 2783 1535 2837 per
1561 2766 1816 2839 singulas
1841 2785 2096 2840 quasque

459 2860 633 2914 urbes
687 2857 1034 2930 digrediens,
1089 2862 1187 2912 aut
1242 2858 1302 2912 in
1356 2860 1773 2930 praedicationis
1835 2878 2094 2916 sermone

457 2951 779 3024 protulerit,
829 2956 927 3007 aut
994 2952 1055 3006 in
1129 2956 1418 3024 gestorum
1489 2953 1694 3010 virtute
1767 2955 2090 3025 perfecerit,

459 3045 720 3118 quamvis
737 3044 842 3100 tibi
867 3046 935 3101 de
963 3045 1049 3100 his
1079 3046 1327 3117 plurima
1348 3047 1472 3118 jam
1504 3051 1562 3101 et
1590 3047 1810 3120 plenius
1839 3053 1970 3104 ante
2000 3049 2092 3103 de-

2200 2394 2350 2464 Ergo
2375 2393 2435 2446 in
2467 2392 2636 2447 rebus
2665 2393 2951 2461 humanis,
2990 2392 3211 2446 nullum
3252 2409 3393 2463 opus
3432 2391 3702 2463 incipitur
3726 2391 3830 2445 nisi

2200 2487 2361 2542 labor
2383 2487 2567 2542 omnis
2595 2486 2666 2541 ad
2693 2486 2957 2541 effectum
2984 2487 3178 2540 venire
3204 2485 3490 2553 credatur,
3523 2485 3675 2540 unde
3709 2500 3827 2540 cre-

2199 2581 2451 2636 dendum
2477 2583 2563 2635 est
2584 2580 2644 2634 in
2675 2581 2856 2634 Deum
2883 2597 2915 2634 a
2945 2596 3058 2650 quo
3093 2583 3208 2634 tam
3236 2595 3490 2651 praesens
3515 2578 3629 2633 vita
3658 2594 3828 2650 quam

2196 2675 2389 2730 futura
2418 2674 2720 2729 tribuatur.

2267 2770 2416 2823 Deus
2448 2773 2638 2822 autem
2668 2767 2973 2839 appellatio
2994 2771 3078 2823 est
3093 2766 3422 2823 substantiae
3449 2767 3828 2839 sempiternae,

2196 2861 2310 2917 sive
2343 2861 2559 2916 timoris
2587 2861 2781 2932 divini,
2812 2861 2986 2933 igitur
3025 2863 3167 2917 Deus
3217 2862 3337 2917 sine
3375 2859 3677 2933 principio,
3708 2860 3830 2914 sine

2196 2957 2330 3024 ﬁne,
2376 2955 2632 3027 simplex,
2679 2956 3047 3028 incorporeus
3097 2960 3152 3010 et
3191 2952 3824 3027 incomprehensibilis;

2193 3051 2413 3105 Patrem
2463 3054 2656 3104 autem
2715 3067 2846 3104 cum
2903 3050 3096 3120 audis,
3137 3065 3383 3120 agnosce
3427 3047 3577 3120 quod
3627 3048 3833 3102 habeat

459 3141 666 3213 scripta
695 3140 816 3210 ipso
841 3140 1082 3211 jubente
1105 3140 1522 3197 transmiserim
1549 3142 1651 3196 sub
1681 3159 1746 3198 eo
1776 3143 1899 3213 ipso
1925 3142 2090 3198 titulo
2111 3181 2166 3256 Ο
2192 3143 2398 3198 Filium
2445 3143 2717 3198 veraciter
2760 3143 3053 3213 genitum,
3103 3141 3244 3196 sicut
3290 3158 3577 3213 possessor
3625 3141 3834 3196 dicitur

460 3247 623 3256 ..η-Α..-
670 3233 784 3256 2..--
831 3233 1072 3256 __-____.:
1102 3235 1252 3256 -11)-:
1309 3234 1362 3256 1.1
1411 3241 1487 3256 --Α
1538 3236 1837 3256 Π1-μ--μ-ιξξ
1868 3236 2060 3256 313..-..-
2201 3237 2284 3256 ..-με
2324 3237 2525 3256 ,ΙΞμηΞΔΙ
2552 3236 2799 3256 -----2,ι-ι
2848 3235 3184 3256 -1n___:____
3214 3234 3495 3256 _.__2L_L-.I.
3530 3234 3608 3256 ___2
3647 3235 3791 3256 j_.__!

455 3247 631 3307 quem
669 3233 788 3305 ipse
829 3233 1074 3306 praecepi
1099 3235 1274 3306 afﬁgi,
1309 3234 1367 3290 id
1404 3241 1508 3303 est,
1536 3236 1839 3292 Clementis
1866 3236 2090 3292 itinera-

453 3328 624 3396 rium,
647 3343 765 3382 non
782 3327 1202 3400 praedicationis
1226 3329 1399 3384 Petri.
1420 3328 1529 3383 Sed
1551 3334 1608 3384 et
1628 3347 1778 3384 nunc
1805 3345 2089 3402 exponere

448 3419 574 3492 jam
600 3421 888 3492 praecepit,
912 3422 1148 3476 Domino
1167 3439 1336 3494 opem
1357 3423 1575 3478 ferente
1603 3423 1892 3495 incipiam.
1913 3423 2090 3479 Poeni-

456 3515 658 3571 temini
690 3515 908 3587 (inquit)
944 3519 1000 3570 et
1033 3532 1221 3570 veram
1253 3516 1404 3587 agite
1432 3517 1846 3588 paenitentiam.
1880 3517 2089 3574 Omnes

453 3625 590 3680 ergo
636 3609 920 3677 homines,
957 3609 1058 3680 qui
1105 3610 1422 3665 Christiano
1466 3616 1770 3667 censentur
1797 3613 2085 3681 vocabulo,

451 3702 697 3770 Patrem,
747 3707 804 3756 et
856 3703 1083 3771 Filium,
1128 3707 1183 3757 et
1238 3704 1514 3774 Spiritum
1570 3709 1848 3775 sanctum,
1901 3723 2085 3761 unum

451 3798 628 3851 Deum
674 3798 731 3849 et
769 3795 1075 3849 Dominum
1118 3795 1394 3851 veraciter
1435 3798 1662 3855 credere
1707 3805 1763 3855 et
1805 3800 2082 3867 conﬁteri,

453 3905 703 3960 eumque
744 3892 865 3943 tota
909 3892 1097 3944 mente
1151 3893 1209 3944 et
1252 3894 1367 3945 toto
1414 3893 1603 3960 corde,
1635 3897 1691 3948 et
1727 3897 1845 3948 tota
1881 3893 2085 3948 virtute

451 3983 711 4053 diligere,
742 3985 798 4037 et
826 3982 1114 4054 proximos
1139 4000 1272 4039 suos
1300 3991 1575 4058 tanquam
1601 3986 1952 4058 semetipsos,
1983 3986 2084 4040 do-

452 4075 644 4131 cibiles
687 4092 812 4148 quae
854 4093 1031 4148 usque
1064 4077 1136 4131 ad
1168 4079 1476 4150 perfectam
1509 4080 1826 4135 doctrinam
1863 4079 1931 4135 ad
1962 4080 2084 4134 haec

449 4170 799 4242 proficienda
828 4188 1053 4226 sumere
1080 4177 1320 4243 oportet.

521 4264 679 4319 Fides
703 4264 854 4319 enim
901 4271 958 4321 et
990 4266 1215 4320 dilectio
1255 4266 1431 4320 totius
1468 4265 1736 4320 bonitatis
1766 4271 1850 4321 est
1872 4267 2079 4322 funda-

447 4363 728 4414 mentum.
756 4359 890 4414 Sine
919 4359 1029 4413 ﬁde
1069 4362 1264 4413 autem
1294 4361 1518 4429 placere
1547 4361 1658 4414 Deo
1702 4376 1872 4414 nemo
1919 4368 2080 4432 pote-

446 4454 516 4508 rit
547 4453 727 4524 (Hebr.
757 4469 832 4517 x1,
861 4454 934 4522 6).
970 4473 998 4500 ››

2192 3237 2290 3307 qui
2317 3237 2529 3308 aliquid
2552 3236 2820 3307 possidet,
2841 3241 2895 3291 et
2915 3235 3186 3290 Dominus
3206 3235 3303 3306 qui
3322 3234 3497 3290 habet
3523 3234 3611 3289 cui
3640 3235 3826 3290 domi-

2190 3335 2376 3385 netur.
2394 3331 2542 3384 Deus
2562 3345 2697 3401 ergo
2717 3331 2881 3384 Pater
2900 3329 3104 3383 secreti
3121 3317 3459 3384 sacramenti
3479 3328 3828 3384 vocabulum

2190 3429 2274 3478 est
2324 3424 2484 3495 cujus
2529 3439 2661 3479 vere
2709 3421 2874 3477 Filius
2909 3427 2993 3478 est
3022 3423 3287 3490 Verbum,
3320 3427 3377 3477 et
3417 3421 3744 3494 speculum,
3772 3429 3832 3479 et

2187 3518 2481 3573 character
2519 3520 2578 3572 et
2607 3517 2802 3588 imago
2827 3516 3016 3572 vivens
3045 3516 3222 3571 Patris
3247 3515 3505 3583 viventis,
3537 3516 3596 3570 in
3630 3517 3828 3570 omni-

2186 3612 2292 3666 bus
2318 3611 2466 3668 Patri
2491 3610 2709 3679 similis,
2743 3610 2997 3681 ejusdem
3036 3615 3275 3678 naturae,
3308 3610 3368 3663 in
3396 3608 3686 3664 divinitate
3717 3627 3828 3682 ge-

2187 3705 2357 3773 nitus,
2384 3705 2624 3776 genitori
2662 3720 2762 3775 per
2799 3703 2992 3756 omnia
3027 3703 3353 3773 coaequalis.
3388 3704 3499 3756 Nec
3536 3707 3834 3774 quaeratur

2185 3798 2471 3871 quomodo
2515 3797 2718 3868 genuit
2753 3795 2977 3863 Filium,
3008 3797 3160 3868 quod
3211 3801 3268 3850 et
3309 3796 3498 3868 angeli
3538 3796 3827 3865 nesciunt,

2184 3890 2478 3964 prophetis
2521 3889 2878 3960 incognitum
2921 3893 3023 3944 est.
3064 3889 3224 3944 Unde
3261 3888 3404 3944 illud
3448 3889 3663 3945 dictum
3691 3897 3825 3946 est:

2190 4007 2217 4035 ‹‹
2248 3984 2684 4040 Generationem
2729 3983 2851 4053 ejus
2896 3982 3019 4053 quis
3062 3982 3318 4038 narrabit
3365 3983 3492 4052 (Isa.
3524 4000 3638 4053 Lm,
3667 3984 3763 4055 8)?
3793 4009 3822 4034 ››

2183 4080 2365 4143 Quam
2395 4081 2673 4133 secretam
2713 4075 2995 4148 originem
3024 4093 3154 4131 cum
3189 4077 3422 4149 proprio
3469 4077 3610 4132 Filio
3659 4079 3830 4134 novit

2183 4172 2301 4243 ipse
2329 4171 2481 4226 solus
2505 4171 2604 4243 qui
2633 4169 2851 4241 genuit,
2874 4185 2979 4225 nec
3005 4171 3152 4224 Deus
3178 4188 3211 4224 a
3239 4170 3406 4226 nobis
3427 4169 3824 4228 discutiendus

2182 4271 2282 4334 est,
2329 4265 2424 4321 sed
2472 4262 2806 4332 credendus,
2857 4264 2954 4335 qui
3007 4263 3067 4318 in
3127 4265 3290 4320 nobis
3339 4264 3456 4336 ipse
3505 4264 3819 4336 nescimus,

2181 4359 2333 4432 quod
2378 4358 2644 4430 sapimus,
2688 4357 2972 4429 quomodo
3017 4357 3314 4430 sapientia,
3360 4357 3680 4429 ingenium,
3715 4364 3825 4415 aut

2180 4453 2519 4522 intellectus,
2563 4457 2664 4507 aut
2704 4451 3006 4507 consilium
3051 4455 3150 4506 aut
3193 4469 3354 4508 mens
3396 4456 3589 4507 nostra
3634 4469 3818 4524 gene-

516 4547 737 4602 Christo
758 4547 952 4616 itaque
979 4547 1313 4616 resurgente
1335 4549 1392 4599 et
1416 4546 1752 4602 ascendente
1771 4547 1828 4602 in
1854 4548 2073 4618 ccelum,
2096 4554 2155 4626 D
2178 4552 2264 4602 rat
2289 4545 2544 4602 verbum.
2576 4545 2686 4601 Sed
2712 4546 2922 4601 sufﬁcit
2945 4563 3109 4602 nosse
3129 4546 3260 4618 quia
3281 4548 3378 4601 lux
3396 4546 3591 4617 genuit
3614 4547 3817 4618 splen-

444 4640 616 4697 misso
670 4644 860 4695 sancto
905 4638 1138 4711 Spiritu,
1175 4637 1376 4693 collata
1414 4640 1682 4711 apostolis
1709 4641 1943 4697 scientia
1968 4642 2076 4697 lin-

445 4751 713 4806 guarum,
739 4734 924 4789 adhuc
953 4734 1012 4788 in
1042 4749 1158 4788 uno
1187 4733 1353 4805 positi
1373 4734 1688 4805 symbolum
1717 4737 1869 4807 quod
1900 4737 2078 4792 ﬁdelis

445 4843 596 4882 nunc
640 4829 798 4882 tenet
839 4828 1086 4882 Ecclesia
1122 4827 1518 4898 unusquisque
1565 4829 1718 4899 quod
1767 4829 1959 4897 sensit,
1989 4831 2074 4884 di-

444 4921 622 4977 cendo
650 4919 1050 4990 condiderunt,
1079 4924 1140 4975 ut
1179 4920 1529 4976 discedentes
1564 4921 1635 4975 ab
1661 4921 1904 4977 invicem
1929 4924 2077 4979 hanc

443 5014 703 5086 regulam
741 5029 844 5084 per
887 5030 1084 5069 omnes
1126 5017 1324 5086 gentes
1355 5014 1750 5086 pradicarent.
1780 5017 2073 5073 Summam

443 5124 582 5178 ergo
628 5105 802 5160 totius
845 5106 977 5160 lidei
1021 5109 1308 5163 catholicae
1357 5113 1732 5178 recensentes,
1765 5109 1825 5164 in
1863 5127 1973 5183 qua
2017 5118 2074 5168 et

442 5199 746 5270 integritas
776 5199 1123 5254 credulitatis
1152 5203 1434 5270 conditur,
1478 5208 1534 5257 et
1561 5203 1728 5258 unius
1759 5205 1860 5259 Dei
1896 5207 2073 5261 omni-

443 5293 712 5367 potentis,
749 5293 809 5347 id
856 5298 940 5348 est
979 5297 1186 5348 sancta
1229 5295 1517 5351 Trinitatis
1553 5298 1841 5369 aequalitas
1884 5300 2068 5356 decla-

441 5393 618 5452 ratur,
651 5392 709 5442 et
745 5387 1082 5458 mysterium
1111 5388 1516 5444 incarnationis
1542 5391 1660 5447 Filii
1689 5393 1804 5461 Dei,
1832 5395 1926 5466 qui
1968 5411 2070 5466 pro

440 5481 620 5537 salute
649 5480 892 5537 humani
916 5482 1161 5552 generis,
1193 5499 1226 5537 a
1252 5486 1506 5555 tempore
1547 5485 1618 5540 de
1655 5487 1794 5542 coelo
1835 5488 2067 5543 descen-

442 5575 580 5631 dens
609 5575 680 5630 de
709 5573 934 5647 Virgine
977 5575 1132 5631 nasci
1173 5576 1438 5649 dignatus
1479 5584 1580 5648 est,
1610 5597 1724 5653 quo
1757 5581 1954 5636 ordine
1984 5581 2071 5636 vel

440 5669 668 5741 quando
694 5669 1009 5741 protulerit,
1039 5672 1320 5743 quomodo
1359 5674 1614 5744 sepultus
1653 5674 1979 5741 surrexerit,
2013 5676 2070 5729 et

435 5761 496 5819 in
543 5780 714 5825 carne
760 5764 879 5837 ipsa
926 5765 1092 5820 caelos
1143 5765 1483 5831 ascenderit,
1543 5766 1617 5820 ad
1657 5767 2066 5839 dexteramque

439 5855 617 5912 Patris
663 5859 998 5927 consederit,
1032 5858 1210 5930 judex
1252 5862 1519 5916 venturus
1563 5859 1656 5927 sit,
1693 5866 1790 5916 aut
1828 5860 2068 5934 qualiter

2179 4642 2396 4708 dorem,
2425 4641 2566 4696 sicut
2594 4641 2673 4696 ait
2694 4641 2980 4712 Propheta
3004 4658 3016 4695 :
3046 4663 3073 4692 «
3090 4643 3152 4695 In
3178 4640 3572 4712 splendoribus
3592 4643 3821 4696 sancto-

2175 4751 2305 4791 rum
2337 4752 2405 4790 ex
2436 4739 2597 4791 utero
2635 4740 2764 4790 ante
2796 4735 3099 4803 luciferum
3134 4733 3309 4805 genui
3336 4737 3392 4789 te
3421 4735 3586 4804 (Psal.
3621 4751 3818 4806 CXXIII,

2177 4833 2250 4898 3).
2281 4851 2308 4880 ›)
2341 4831 2408 4885 Et
2438 4830 2612 4886 illud:
2649 4853 2675 4880 ί(
2703 4828 2800 4884 Hic
2828 4829 2975 4884 Deus
3006 4831 3193 4883 noster
3219 4833 3275 4883 et
3298 4845 3413 4883 non
3449 4829 3824 4900 reputabitur

2173 4923 2316 4980 alter
2341 4925 2412 4980 ad
2439 4941 2592 4995 eum,
2619 4946 2646 4974 »
2677 4928 2734 4978 et
2756 4927 2900 4993 post,
2931 4943 2958 4972 ‹‹
2984 4921 3043 4976 111
3069 4925 3222 4976 terra
3251 4921 3399 4976 visus
3424 4925 3526 4990 est,
3567 4926 3624 4977 et
3659 4923 3824 4979 inter

2173 5019 2433 5075 homines
2457 5019 2814 5073 conversatus
2844 5018 2929 5068 est
2955 5015 3101 5086 (Bar.
3134 5033 3208 5081 1v,
3234 5018 3322 5083 36,
3359 5015 3468 5088 38).
3501 5037 3529 5065 »

2244 5113 2487 5185 Diligere
2502 5128 2637 5182 ergo
2654 5111 2856 5178 Deum,
2875 5124 3344 5181 unumquemque
3369 5126 3438 5166 ex
3467 5114 3588 5165 toto
3612 5109 3819 5180 corde,

2172 5211 2228 5263 et
2253 5223 2319 5261 ex
2343 5211 2462 5260 tota
2489 5202 2698 5269 anima,
2727 5203 2791 5256 ut
2823 5202 3125 5272 praeﬁxum
3161 5208 3264 5273 est,
3294 5207 3353 5257 et
3391 5219 3455 5259 ex
3487 5205 3605 5258 tota
3641 5203 3818 5258 forti-

2171 5299 2367 5356 tudine
2393 5300 2631 5369 oportet,
2665 5299 2723 5350 et
2761 5296 3090 5366 proximum
3134 5299 3406 5368 tanquam
3432 5296 3823 5368 semetipsum

2171 5391 2548 5463 respondente
2569 5389 2812 5444 Domino
2839 5389 3062 5444 cuidam
3093 5389 3436 5460 Scribarum,
3459 5407 3522 5445 ac
3541 5389 3774 5446 dicente
3804 5408 3819 5446 :

2169 5486 2424 5541 Primum
2469 5483 2726 5538 omnium
2768 5483 3103 5540 mandatum
3150 5487 3274 5539 est:
3327 5506 3355 5533 ‹‹
3398 5483 3562 5551 Audi,
3608 5485 3818 5552 Israel,

2170 5577 2441 5633 Dominus
2482 5578 2626 5632 Deus
2670 5580 2822 5645 tuus,
2848 5577 2996 5633 Deus
3042 5594 3193 5632 unus
3231 5581 3332 5644 est,
3361 5582 3418 5633 et
3448 5576 3650 5648 diliges
3687 5577 3820 5632 Do-

2168 5671 2389 5727 minum
2434 5672 2617 5726 Deum
2663 5674 2848 5743 tuum,
2883 5688 2953 5727 ex
2979 5675 3099 5728 toto
3143 5669 3314 5726 corde
3356 5674 3476 5738 tuo,
3505 5675 3562 5725 et
3589 5686 3654 5727 ex
3682 5675 3824 5727 tota

2169 5764 2360 5821 anima
2387 5769 2505 5833 tua,
2539 5770 2595 5821 et
2619 5781 2688 5821 ex
2721 5768 2840 5822 tota
2881 5769 3073 5822 mente
3116 5769 3234 5833 tua,
3263 5768 3320 5821 et
3347 5781 3413 5821 ex
3441 5765 3558 5820 tota
3589 5762 3824 5821 virtute

2165 5865 2282 5930 tua,
2315 5859 2423 5916 hoc
2453 5864 2537 5917 est
2565 5859 2816 5934 primum
2853 5861 3207 5917 mandatum.
3241 5859 3566 5916 Secundum
3603 5862 3824 5918 autem
