4068 6310
217 294 283 345 29
1455 291 1924 351 DECRETALIUM
1962 296 2350 352 COLLECTIO.
3509 312 3576 364 30

213 398 400 453 simile
445 403 529 454 est
571 398 655 453 illi
700 417 712 454 :
757 398 965 472 Diliges
1005 400 1328 472 proximum
1369 406 1531 456 tuum
1569 408 1850 473 tanquam
1865 415 1925 486 Α
1949 409 2142 472 vestra,
2168 410 2224 460 et
2251 405 2569 476 gloriﬁcent
2593 408 2814 463 Patrem
2842 412 3090 465 vestrum
3111 411 3212 483 qui
3238 411 3296 466 in
3319 413 3469 469 caelis
3489 420 3574 471 est

214 491 483 563 teipsum.
522 493 698 563 Majus
748 494 952 549 horum
1005 495 1157 550 aliud
1211 496 1544 551 mandatum
1587 512 1704 551 non
1759 501 1846 551 est

211 585 408 654 (Marc.
441 601 534 656 xn,
563 589 654 654 29,
684 589 752 642 30
781 590 839 641 et
865 589 974 656 3t).
1010 607 1038 640 »

280 679 442 742 Quod
488 680 673 750 magis
723 685 808 735 est
859 681 1124 735 omnibus
1172 681 1749 738 holocaustomatibus
1786 686 1842 738 et

207 771 516 842 sacriﬁciis,
555 774 709 827 unde
751 777 807 828 et
842 774 901 828 in
939 775 1128 829 Veteri
1167 776 1524 830 Testamento
1567 777 1840 848 scriptum

205 864 450 921 habetur
478 882 492 920 :
527 887 555 915 «
584 866 748 931 Quod
777 866 878 922 tibi
914 867 1037 922 ﬁeri
1071 885 1182 923 non
1218 870 1319 937 vis,
1350 869 1514 924 alteri
1544 885 1614 924 ne
1643 870 1840 924 feceris

165 1014 173 1023 ,
208 959 361 1027 (Τοὸ.
405 976 481 1030 iv,
516 961 622 1032 16),
652 981 681 1010 ››
713 965 771 1016 et
798 961 1071 1017 Dominus
1102 962 1182 1018 ait
1212 979 1224 1016 :
1266 982 1293 1014 «
1321 963 1528 1017 Omnia
1565 980 1836 1035 quaecun-

203 1067 316 1123 que
363 1053 532 1109 vultis
573 1059 640 1110 ut
679 1055 885 1110 faciant
925 1055 1087 1110 vobis
1122 1057 1404 1126 homines,
1445 1062 1501 1112 et
1539 1073 1636 1112 vos
1673 1057 1838 1112 facite

202 1146 469 1202 similiter
509 1147 619 1203 illis
671 1149 884 1218 (Matth.
923 1165 1000 1205 vn
1024 1192 1038 1216 ,
1086 1151 1194 1221 t2).
1239 1171 1268 1199 »
1316 1150 1533 1214 Quibus
1581 1151 1837 1222 utrisque

202 1241 509 1309 mandatis,
558 1259 662 1314 per
705 1259 886 1298 unum
935 1243 1151 1298 malitia
1197 1243 1594 1316 compescitur,
1636 1248 1694 1300 et
1735 1261 1837 1316 per

198 1333 353 1390 aliud
379 1335 702 1407 benignitas
738 1340 1106 1409 propagatur,
1137 1341 1203 1392 ut
1232 1353 1304 1392 ne
1332 1337 1545 1392 malum
1581 1337 1708 1410 quis
1743 1338 1832 1392 in-

200 1428 365 1496 ferat,
400 1429 500 1484 sed
527 1430 741 1486 bonum
775 1430 1086 1502 impendat.
1118 1430 1394 1500 Primum,
1427 1436 1492 1486 ut
1521 1436 1716 1487 caveat
1741 1432 1834 1486 lae-

195 1521 351 1577 dere.
384 1523 734 1592 Secundum,
755 1529 1044 1596 praestare,
1078 1545 1106 1574 ‹‹
1129 1524 1190 1580 Si
1212 1525 1366 1580 enim
1397 1525 1632 1580 fratrem
1659 1542 1831 1598 quem

196 1615 373 1685 vides,
408 1634 526 1672 non
555 1617 774 1690 diligis;
807 1619 986 1673 Deum
1018 1634 1192 1690 quem
1218 1635 1335 1673 non
1361 1619 1516 1674 vides
1543 1620 1831 1691 quomodo

195 1711 353 1779 potes
379 1709 620 1781 diligere
639 1712 668 1765 ?
693 1733 720 1760 »
758 1712 796 1779 (Ι
821 1713 977 1767 Joan.
1005 1728 1080 1781 1v,
1111 1713 1221 1782 20.)
1257 1711 1347 1767 Sic
1374 1728 1510 1783 ergo
1533 1729 1638 1767 nos
1667 1713 1830 1767 docet

1944 497 2159 567 (Matth.
2189 514 2243 566 ν,
2282 501 2344 554 13
2373 503 2430 554 et
2462 501 2566 570 14).
2599 522 2627 549 )›

2012 591 2316 662 Episcopos
2371 596 2561 649 autem
2612 610 2716 666 per
2762 595 3012 667 singulas
3067 597 3318 654 civitates
3363 600 3571 672 quibus

1940 682 2031 738 ille
2057 701 2170 738 non
2201 685 2449 756 miserat,
2479 704 2585 758 per
2613 688 2811 743 doctos
2848 695 2906 744 et
2937 692 3242 761 prudentes
3281 694 3425 748 sicut
3450 710 3567 749 ser-

1938 780 2160 848 pentes,
2195 779 2476 849 simplices
2496 781 2638 836 sicut
2665 783 2942 838 columbae
2970 785 3153 854 (juxta
3179 787 3402 841 Domini
3428 803 3571 859 prae-

1938 865 2282 938 ceptionem)
2308 868 2469 922 nobis
2503 870 2730 926 mittere
2756 872 3049 944 praecepit.
3083 875 3245 938 Quod
3270 876 3440 930 etiam
3476 877 3566 932 fa-

1939 975 2066 1013 cere
2096 959 2488 1016 inchoavimus
2527 967 2583 1017 et
2623 965 2858 1019 Domino
2894 982 3062 1037 opem
3099 967 3319 1023 ferente
3361 969 3567 1025 facturi

1937 1068 2153 1120 sumus,
2204 1069 2301 1108 vos
2345 1058 2535 1110 autem
2584 1072 2686 1127 per
2727 1062 2934 1113 vestras
2976 1058 3244 1116 dioeceses
3281 1061 3571 1134 episcopos

1935 1145 2103 1200 facite
2154 1150 2212 1200 et
2255 1147 2494 1216 mittite,
2543 1149 2676 1220 quia
2721 1166 2822 1206 nos
2864 1152 2934 1206 ad
2977 1152 3112 1208 alias
3154 1159 3344 1226 partes
3394 1156 3568 1228 (quod

1935 1237 2116 1293 isdem
2160 1240 2332 1309 jussit
2382 1243 2573 1313 agere)
2628 1243 2974 1299 curabimus.
3019 1246 3248 1318 Aliquos
3303 1264 3442 1304 vero
3495 1250 3565 1305 ad

1935 1331 2154 1403 Gallias,
2186 1333 2588 1406 Hispaniasque
2617 1336 2932 1404 mittemus,
2955 1342 3012 1392 et
3035 1339 3313 1409 quosdam
3337 1342 3407 1396 ad
3436 1343 3565 1398 Ger-

1933 1425 2185 1480 maniam
2220 1431 2276 1482 et
2309 1427 2546 1496 Italiam,
2580 1431 2752 1500 atque
2793 1430 2864 1485 ad
2903 1430 3150 1501 reliquas
3192 1439 3386 1503 gentes
3425 1435 3561 1490 diri-

1934 1535 2069 1590 gere
2105 1521 2386 1591 cupimus,
2427 1521 2526 1576 ubi
2565 1508 2757 1578 autem
2795 1523 3098 1578 ferociores
3139 1529 3196 1580 et
3241 1526 3563 1582 rebelliores

1931 1616 2134 1682 gentes
2167 1613 2287 1670 fore
2315 1615 2770 1687 cognoverimus,
2802 1617 2935 1671 illuc
2977 1617 3224 1689 dirigere
3256 1620 3560 1691 sapientio-

1931 1722 2019 1761 res
2065 1711 2124 1761 et
2173 1709 2513 1765 austeriores
2555 1725 2782 1765 necesse
2827 1710 3120 1766 habemus.
3165 1712 3272 1776 Qui
3312 1715 3564 1785 quotidie

194 1819 461 1858 exercere
487 1820 684 1859 curam
717 1809 986 1875 nostram,
1018 1810 1079 1860 ut
1106 1821 1220 1860 non
1252 1805 1607 1860 dimittamus
1635 1823 1830 1861 curam
1850 1784 1906 1856 Β
1929 1817 2048 1855 non
2101 1807 2318 1857 cessant
2368 1803 2557 1858 divina
2611 1804 2893 1859 seminare
2945 1805 3183 1872 semina,
3237 1811 3294 1862 et
3352 1798 3563 1863 multos

193 1900 459 1967 vestram,
497 1900 554 1952 et
591 1898 669 1953 sic
699 1897 935 1970 diligere
971 1915 1091 1967 nos,
1129 1914 1201 1953 ne
1239 1899 1567 1970 negligatur
1607 1899 1831 1954 dilectio

193 1990 458 2059 proximi.
491 1991 637 2054 Quia
679 1991 782 2046 Dei
825 1992 1053 2048 dilectio
1097 1992 1272 2047 morti
1315 1995 1696 2063 comparatur,
1739 1992 1828 2046 di-

192 2087 352 2138 cente
381 2083 667 2154 Sapientia
700 2101 711 2139 :
739 2105 767 2135 ‹‹
793 2084 986 2140 Valida
1016 2088 1100 2139 est
1125 2085 1346 2140 dilectio
1373 2090 1438 2140 ut
1466 2101 1624 2139 mors
1650 2085 1826 2156 (Cant.

193 2179 332 2246 vui),
376 2199 406 2225 »
455 2176 690 2249 idcirco,
730 2179 863 2250 quia
907 2178 1050 2234 sicut
1093 2195 1250 2233 mors
1292 2179 1568 2233 violenter
1606 2182 1830 2250 separat

191 2271 450 2325 animam
478 2288 513 2326 a
543 2288 795 2344 corpore,
822 2272 900 2328 ita
930 2271 1154 2328 dilectio
1182 2272 1282 2327 Dei
1323 2275 1549 2344 separat
1574 2271 1827 2328 animam

186 2380 222 2418 a
260 2364 553 2419 mundano
581 2370 638 2421 et
665 2365 873 2421 carnali
901 2381 1116 2422 amore.
1149 2387 1178 2416 «
1208 2365 1314 2430 Qui
1353 2365 1508 2420 enim
1537 2365 1827 2436 (Dominus

188 2458 393 2529 inquit)
423 2457 611 2530 diligit
636 2475 750 2526 me,
784 2459 1059 2514 mandata
1084 2475 1212 2515 mea
1237 2459 1482 2515 servabit
1507 2459 1684 2531 (Joan.
1713 2475 1822 2528 xxv,

186 2553 295 2622 23).
333 2573 360 2599 n
400 2552 542 2606 Nam
571 2552 670 2624 qui
697 2553 796 2607 Dei
824 2558 1106 2624 praecepta
1136 2553 1468 2620 contemnit,
1499 2553 1679 2608 Deum
1705 2570 1822 2608 non

187 2644 394 2716 diligit,
425 2645 583 2700 unde
617 2646 889 2717 scriptum
915 2651 998 2701 est
1029 2663 1042 2701 :
1090 2668 1117 2696 «
1144 2646 1323 2701 Nolite
1353 2651 1555 2717 putare
1594 2651 1660 2702 ut
1701 2663 1820 2702 ma-

187 2739 371 2794 neatis
410 2739 469 2793 in
509 2738 808 2794 dilectione
851 2755 997 2810 mea,
1037 2739 1083 2794 si
1129 2755 1245 2794 non
1292 2740 1644 2795 servaveritis
1673 2758 1820 2813 prae-

184 2836 350 2905 cepta
383 2849 512 2888 mea
543 2833 715 2903 (Joan.
745 2850 832 2902 xv,
867 2835 970 2905 l0).
1003 2856 1030 2883 »
1059 2834 1252 2906 Neque
1283 2834 1439 2888 enim
1465 2849 1662 2906 regem
1693 2835 1820 2889 dili-

187 2927 395 2998 gimus,
427 2927 476 2981 si
505 2927 634 2982 odio
671 2928 824 2998 leges
859 2927 979 2999 ejus
1015 2927 1311 2983 habemus.
1344 2929 1536 2999 Neque
1567 2927 1720 2983 enim
1753 2945 1822 2983 ex

185 3025 302 3075 toto
339 3020 510 3075 corde
540 3021 753 3093 poterit
781 3021 873 3077 ille
899 3022 1207 3077 Dominum
1236 3021 1476 3094 diligere
1503 3021 1600 3094 qui
1636 3021 1818 3077 nosci-

185 3119 279 3169 tur
315 3114 373 3169 in
404 3115 652 3186 proximi
691 3131 958 3170 corruere
995 3115 1386 3184 dilectionem;
1422 3115 1557 3188 quia
1591 3131 1697 3188 per
1731 3115 1818 3171 di-

184 3167 492 3263 lectionem
520 3209 748 3264 Domini
773 3209 1103 3281 pervenitur
1125 3211 1197 3265 ad
1225 3167 1565 3266 charitahem
1589 3167 1817 3267 Ehristi.
1842 3167 1896 3242 Ο

252 3301 556 3370 Quoniam,
585 3307 646 3358 ut
662 3303 1025 3375 praelibatum
1045 3305 1150 3371 est,
1172 3303 1258 3358 his
1280 3304 1502 3358 duobus
1522 3305 1821 3376 praeceptis

182 3400 297 3451 tota
337 3395 434 3451 lex
479 3397 709 3468 pendet,
755 3400 814 3453 et
851 3397 1164 3469 prophetae,
1218 3397 1487 3453 docibiles
1539 3414 1675 3469 ergo
1721 3398 1819 3469 qui

181 3490 430 3562 perfecte
469 3489 621 3546 docti
650 3506 766 3546 non
800 3495 935 3546 sunt
973 3491 1045 3546 ad
1085 3491 1212 3546 haec
1244 3491 1566 3563 peragenda
1596 3495 1820 3564 oportet

181 3599 380 3639 omnes
407 3599 550 3652 esse,
579 3588 635 3640 et
667 3587 731 3639 ut
763 3584 871 3657 ipsi
901 3585 1049 3640 docti
1078 3584 1208 3656 sint,
1241 3589 1298 3640 et
1326 3585 1466 3640 alios
1503 3586 1818 3657 prudenter

180 3677 488 3745 instruere,
525 3680 584 3732 et
623 3677 871 3749 perfecte
907 3678 1126 3750 possint
1155 3679 1378 3747 docere,
1417 3679 1585 3751 juxta
1621 3679 1818 3734 Danie-

179 3771 293 3827 lem
336 3772 700 3844 prophetam,
747 3771 846 3844 qui
891 3773 971 3828 ait
1012 3789 1026 3828 :
1069 3795 1097 3825 «
1130 3774 1375 3845 Populus
1403 3777 1598 3828 autem
1637 3774 1816 3829 sciens

180 3867 356 3921 Deum
392 3881 564 3922 suum
603 3865 879 3921 obtinebit
913 3870 971 3922 et
1002 3867 1192 3938 faciet,
1231 3872 1288 3922 et
1329 3867 1477 3922 docti
1512 3867 1574 3923 in
1606 3867 1816 3940 populo

181 3959 469 4015 docebunt
492 3960 768 4032 plurimos
795 3961 953 4031 (Dan.
986 3977 1062 4032 x1,
1095 3962 1203 4032 32).
1231 3982 1260 4012 »
1290 3961 1500 4017 Omnes
1525 3961 1813 4031 docibiles,

181 4059 244 4109 ut
262 4055 387 4126 jam
415 4054 632 4109 dictum
662 4059 767 4124 est,
798 4053 896 4126 qui
925 4054 1072 4110 docti
1091 4071 1209 4111 non
1235 4060 1386 4125 sunt,
1417 4071 1539 4111 esse
1566 4059 1812 4128 oportet,

180 4148 277 4203 sed
300 4147 627 4203 sacerdotes
653 4147 930 4204 doctiores
957 4149 1179 4205 caeteris
1198 4149 1424 4222 populis
1445 4165 1669 4205 necesse
1691 4149 1814 4205 fore

178 4241 413 4298 docebat
441 4242 714 4311 Christus,
746 4241 939 4298 dicens
967 4261 981 4299 :
1016 4265 1043 4294 ‹‹
1076 4243 1209 4316 quia
1238 4243 1280 4298 si
1312 4260 1493 4299 caecus
1523 4260 1668 4299 amco
1705 4245 1811 4300 du-

178 4341 366 4392 catum
400 4335 638 4407 praabet,
674 4335 842 4391 ambo
872 4337 930 4391 in
965 4337 1192 4392 foveam
1228 4337 1436 4392 cadunt
1470 4337 1687 4407 (Matth.
1720 4355 1810 4407 xv,

183 4430 287 4499 14).
320 4451 349 4478 η
388 4429 718 4484 Sacerdotes
755 4445 888 4485 vero
929 4431 1012 4485 sal
1045 4433 1234 4498 terrae,
1282 4434 1339 4485 et
1380 4430 1578 4485 mundi
1617 4431 1813 4487 lumen

177 4523 436 4578 doctores
460 4522 733 4595 praecepit
756 4523 816 4578 in
840 4523 1144 4596 splendore
1169 4540 1410 4595 operum
1437 4526 1662 4580 Patrem
1691 4526 1811 4596 glo-
1828 4539 1888 4610 D

178 4613 395 4668 riﬂcare
424 4614 623 4684 Deum,
655 4613 726 4670 de
755 4615 960 4687 quibus
987 4616 1260 4671 Dominus
1293 4615 1371 4671 ait
1397 4633 1410 4670 :
1446 4635 1474 4668 «
1504 4617 1657 4672 Beati
1681 4617 1811 4672 estis

180 4723 310 4762 cum
346 4707 745 4764 maledixerint
774 4708 946 4776 vobis,
975 4715 1032 4764 et
1056 4709 1338 4781 persecuti
1362 4726 1462 4764 vos
1488 4708 1719 4779 fuerint,
1754 4713 1812 4764 et

180 4799 426 4856 dixerint
452 4801 608 4856 vobis
633 4818 801 4858 omne
827 4803 1042 4858 malum
1066 4803 1368 4859 adversum
1387 4819 1502 4873 vos,
1525 4803 1807 4858 mentien-

180 4898 262 4948 tes
291 4898 528 4966 propter
551 4911 643 4950 me
668 4913 682 4951 :
711 4895 966 4952 Gaudete
991 4901 1046 4952 et
1070 4897 1340 4966 exultate,
1373 4897 1642 4969 quoniam
1671 4913 1812 4952 mer-

183 5003 269 5041 ces
300 4993 485 5042 vestra
528 4987 754 5060 copiosa
789 4995 874 5044 est
910 4989 969 5044 in
1011 4991 1183 5046 caelis.
1216 4991 1306 5046 Sic
1336 4989 1490 5045 enim
1528 4990 1810 5060 persecuti

185 5085 311 5136 sunt
339 5081 669 5153 prophetas,
704 5082 803 5154 qui
828 5083 1061 5140 fuerunt
1083 5089 1212 5140 ante
1243 5101 1340 5140 vos
1365 5083 1511 5156 (Luc.
1543 5100 1615 5154 v1,
1643 5084 1753 5155 23).
1779 5105 1806 5133 ››

190 5194 214 5220 ‹‹
255 5174 354 5229 Vos
386 5175 519 5230 estis
556 5175 636 5230 sal
664 5180 852 5231 terrae.
887 5177 1050 5242 Quod
1084 5177 1131 5232 si
1159 5178 1241 5232 sal
1269 5177 1574 5248 evanuerit,
1605 5177 1664 5232 in
1695 5193 1809 5250 quo

186 5266 428 5336 salietur,
455 5269 526 5323 ad
555 5269 800 5324 nihilum
828 5270 974 5326 valet
1002 5271 1175 5340 ultra,
1208 5272 1321 5327 nisi
1348 5276 1411 5326 ut
1434 5272 1588 5327 foras
1616 5273 1806 5327 mitta-

187 5364 290 5428 tur,
328 5367 388 5416 et
429 5364 791 5419 conculcetur
824 5365 892 5419 ab
928 5365 1276 5422 hominibus.
1310 5367 1431 5421 Non
1472 5370 1656 5438 potest
1685 5365 1812 5420 civi-

187 5459 265 5508 tas
305 5456 576 5512 abscondi
617 5474 790 5530 supra
832 5465 1090 5515 montem
1128 5461 1331 5531 posita,
1377 5476 1565 5532 neque
1612 5476 1806 5516 accen-

185 5547 319 5605 dunt
338 5551 652 5622 lucernam,
683 5554 740 5608 et
763 5557 987 5624 ponunt
1007 5569 1134 5608 eam
1157 5554 1260 5609 sub
1282 5555 1493 5623 modio,
1516 5553 1618 5609 sed
1642 5571 1812 5626 super

185 5643 597 5713 candelabrum,
625 5649 689 5701 ut
724 5645 912 5703 luceat
946 5647 1210 5704 omnibus
1240 5649 1336 5720 qui
1368 5648 1426 5704 in
1461 5649 1631 5704 domo
1659 5653 1808 5716 sunt,

185 5741 234 5791 et
272 5739 371 5811 qui
420 5738 827 5812 ingrediuntur
871 5741 1107 5810 lumen,
1162 5743 1388 5798 videant
1435 5760 1449 5798 :
1498 5742 1575 5797 sic
1625 5742 1812 5798 luceat

186 5829 267 5887 lux
299 5834 487 5889 vestra
515 5849 709 5891 coram
732 5833 1083 5907 hominibus,
1110 5839 1176 5893 ut
1198 5836 1430 5894 videant
1458 5836 1610 5894 bona
1634 5852 1812 5912 opera

1931 1894 2152 1950 Christo
2189 1896 2414 1967 lucrari,
2459 1901 2516 1952 et
2555 1897 2626 1952 ad
2661 1903 2879 1952 rectam
2921 1897 3114 1968 ﬁdem,
3151 1903 3206 1954 et
3242 1899 3389 1954 viam
3421 1902 3563 1957 veri-

1928 1988 2059 2042 tatis
2099 1989 2441 2060 perducere,
2484 1993 2550 2046 ut
2588 1991 2781 2062 plures
2825 1992 3146 2064 manipulos
3190 1993 3431 2048 Domino
3474 2011 3562 2049 va-

1927 2080 2086 2136 leant
2109 2088 2478 2154 praesentare.
2511 2085 2570 2138 ln
2597 2083 2710 2138 illis
2737 2101 2870 2140 vero
2901 2084 3238 2157 civitatibus,
3271 2086 3331 2141 in
3359 2086 3562 2158 quibus

1929 2173 2067 2229 olim
2129 2177 2279 2248 apud
2339 2177 2593 2232 ethnicos
2654 2177 3072 2233 archiﬂamines
3133 2195 3333 2234 eorum
3389 2185 3559 2253 atque

1926 2267 2098 2339 primi
2141 2270 2284 2340 legis
2324 2271 2585 2326 doctores
2629 2277 2811 2340 erant,
2852 2272 3246 2344 episcoporum
3285 2272 3560 2345 primates

1925 2362 2081 2432 poni,
2117 2363 2203 2417 vel
2249 2365 2604 2434 patriarchas
2641 2365 2739 2437 qui
2770 2365 3124 2436 reliquorum
3165 2367 3559 2439 episcoporum

1917 2454 2133 2526 judicia
2175 2461 2231 2512 et
2273 2458 2489 2528 majora
2539 2458 2778 2530 (quoties
2820 2475 3050 2514 necesse
3091 2460 3256 2531 foret)
3305 2461 3557 2531 negotia,

1923 2547 1984 2601 in
2015 2548 2126 2603 ﬁde
2156 2549 2458 2621 agitarent,
2483 2555 2540 2604 et
2562 2552 2875 2606 secundum
2903 2551 3002 2606 Dei
3026 2553 3391 2623 voluntatem,
3414 2555 3558 2610 sicut

1923 2643 2325 2698 constituerint
2355 2644 2536 2698 sancti
2571 2645 2832 2715 apostoli,
2871 2645 2949 2700 ita
2982 2648 3044 2699 ut
3081 2662 3153 2700 ne
3186 2646 3313 2718 quis
3345 2646 3554 2717 injuste

1922 2735 2360 2807 periclitaretur,
2393 2736 2718 2804 definirent,
2759 2738 2819 2792 in
2851 2737 2963 2792 illis
2991 2741 3184 2793 autem
3217 2739 3550 2807 civitatibus,

1921 2829 1980 2884 in
2019 2829 2224 2901 quibus
2259 2828 2480 2884 dudum
2516 2830 2669 2902 apud
2702 2830 3004 2902 praidictos
3032 2836 3192 2887 erant
3218 2833 3554 2888 archiﬂami-

1920 2939 2024 2978 nes
2062 2923 2224 2995 (quos
2249 2928 2443 2979 tamen
2472 2924 2726 2980 minores
2753 2925 3038 2998 tenebant)
3075 2941 3246 2997 quam
3273 2942 3557 2983 memora-

1921 3018 2009 3071 tos
2052 3016 2348 3090 primates,
2377 3017 2832 3090 archiepiscopus
2870 3018 3089 3074 institui
3125 3019 3411 3092 praecepit,
3453 3021 3551 3094 qui

1919 3126 2036 3166 non
2065 3113 2289 3166 tantum
2317 3111 2651 3184 primatum,
2687 3112 2784 3167 scd
2815 3112 3372 3186 archiepiscoporum
3396 3115 3550 3171 frue-

1921 3207 2122 3260 rentur
2147 3204 2401 3260 nomine.
2430 3205 2837 3277 Episcoporum
2867 3222 3093 3278 quoque
3111 3205 3343 3278 judicia,
3369 3212 3435 3263 ut
3463 3224 3552 3264 su-

1920 3297 2110 3370 perius
2137 3303 2525 3354 memoratum
2548 3303 2650 3370 est,
2675 3303 2734 3355 et
2751 3300 2968 3370 majora
2989 3300 3361 3356 Ecclesiarum
3380 3317 3551 3374 nego-

1919 3392 2017 3460 tia,
2046 3391 2091 3446 si
2116 3391 2222 3464 ipsi
2241 3392 2688 3460 reclamaverint,
2716 3395 2815 3448 aut
2843 3393 3097 3465 aliquem
3127 3394 3417 3464 timorem,
3449 3402 3550 3452 aut

1916 3485 2058 3541 istos
2075 3486 2162 3541 vel
2182 3486 2323 3541 alios
2344 3491 2630 3558 suspectos
2651 3487 2978 3556 habuerint,
3005 3487 3078 3541 ad
3091 3488 3214 3558 jam
3241 3489 3418 3543 dictos
3437 3491 3548 3561 pri-

1915 3582 2115 3649 mates,
2149 3580 2238 3634 vel
2266 3579 2634 3651 patriarchas,
2663 3597 2735 3635 ne
2767 3579 2969 3651 aliquis
3008 3585 3283 3636 nocenter
3309 3583 3544 3654 periret,

1917 3671 2209 3727 transferri
2247 3672 2567 3744 perdocuit,
2599 3672 2658 3727 in
2695 3671 2932 3744 singulis
2966 3688 3100 3727 vero
3143 3689 3374 3745 quoque
3411 3674 3545 3731 civi-

1915 3765 2146 3836 tatibus,
2169 3765 2422 3838 singulos
2446 3768 2502 3821 et
2529 3783 2648 3822 non
2667 3765 2850 3834 binos,
2879 3765 2967 3821 vel
2992 3770 3207 3835 ternos,
3232 3772 3330 3822 aut
3354 3768 3547 3840 plures

1917 3858 2233 3930 episcopos,
2277 3858 2542 3914 constitui
2577 3859 2870 3932 praecepit,
2913 3858 3011 3930 qui
3055 3876 3169 3914 non
3212 3859 3544 3933 primatum,

1914 3957 2012 4008 aut
2051 3952 2640 4025 archiepiscoporum,
2676 3958 2775 4008 aut
2809 3953 3388 4025 metropolitanorum
3439 3973 3545 4013 no-

1915 4047 2072 4102 mine
2102 4046 2260 4120 (quia
2295 4047 2546 4102 minores
2578 4046 2872 4102 civitatum
2904 4063 3019 4102 non
3059 4048 3279 4121 tenent)
3305 4051 3403 4105 sed
3434 4051 3550 4123 epi-

1916 4156 2220 4212 scoporum
2241 4143 2465 4196 tantum
2485 4140 2762 4196 vocabulo
2785 4140 3126 4212 potirentur,
3151 4143 3421 4214 quoniam
3440 4162 3546 4201 nec

1912 4239 2065 4294 inter
2089 4239 2242 4311 ipsos
2264 4239 2544 4311 apostolos
2567 4255 2670 4310 par
2689 4238 2967 4293 institutio
2994 4237 3120 4307 fuit,
3145 4239 3244 4295 sed
3263 4257 3412 4298 unus
3431 4259 3547 4300 om-

1913 4331 2080 4388 nibus
2098 4333 2348 4404 praefuit.
2365 4333 2480 4388 l-loc
2499 4337 2725 4388 tantum
2746 4332 3166 4404 providendum
3186 4334 3452 4408 instituit,
3473 4356 3546 4394 ne

1911 4426 1973 4481 in
1998 4426 2162 4495 villis,
2191 4429 2290 4481 aut
2312 4425 2578 4496 castellis,
2609 4427 2699 4481 vel
2738 4426 2978 4482 modicis
3017 4427 3353 4501 civitatibus,
3382 4431 3544 4487 insti-

1912 4523 2211 4576 tuerentur
2234 4520 2500 4591 episcopi,
2530 4537 2604 4575 ne
2630 4520 2736 4575 vile
2763 4537 2960 4576 eorum
2990 4538 3203 4577 nomen
3223 4522 3402 4579 fieret.
3422 4526 3546 4595 Epi-

1910 4630 2107 4686 scopos
2149 4630 2288 4685 ergo
2331 4614 2512 4669 vicem
2560 4615 2944 4686 apostolorum
2993 4632 3190 4686 gerere
3237 4616 3542 4672 Dominum

1911 4707 2164 4761 docuisse
2195 4705 2440 4772 diccbat,
2471 4709 2526 4760 et
2552 4707 2905 4778 reliquorum
2933 4707 3334 4778 discipulorum
3359 4709 3543 4766 vicem

1909 4805 2106 4856 tenere
2133 4799 2494 4871 presbyteros
2522 4799 2726 4855 debere
2751 4800 3094 4855 insinuabat.
3122 4800 3190 4856 Et
3220 4800 3263 4856 si
3293 4802 3419 4874 quis
3445 4804 3544 4860 ali-

1913 4911 2084 4967 quem
2111 4911 2181 4949 ex
2208 4893 2296 4950 his
2321 4893 2746 4963 scandalizaret,
2772 4893 3159 4966 gravissimam
3187 4895 3292 4950 sibi
3313 4914 3543 4968 pcenam

1911 4987 2110 5044 inferri
2135 4988 2343 5043 debere
2377 4987 2739 5060 praedicabat.
2777 4989 3024 5044 Cunctos
3053 5005 3112 5043 se
3142 4989 3387 5047 invicem
3415 4992 3541 5048 dili-

1913 5099 2067 5154 gere,
2100 5084 2158 5137 et
2188 5083 2457 5154 adjuvare
2495 5082 2721 5149 debere,
2753 5085 2810 5136 et
2845 5082 3137 5138 neminem
3164 5084 3235 5139 ab
3261 5085 3543 5156 adjutorio

1911 5175 2098 5232 fratris
2126 5192 2184 5231 se
2219 5177 2553 5232 subtrahere
2584 5175 2920 5231 instruebat.

1983 5270 2311 5326 Homicidas
2336 5286 2514 5336 veros,
2551 5272 2608 5324 et
2637 5268 2923 5325 adulteros
2943 5287 3006 5326 ac
3027 5275 3256 5329 cunctos
3281 5274 3547 5334 crimina-

1910 5365 2054 5420 libus
2103 5363 2344 5420 nexibus
2394 5361 2676 5434 alligatos,
2721 5366 2777 5419 et
2816 5364 2914 5436 qui
2957 5365 3038 5421 eis
3075 5369 3391 5441 coaequales
3430 5388 3544 5428 non

1912 5460 2093 5527 erant,
2133 5458 2203 5513 ab
2246 5473 2445 5512 eorum
2482 5457 2797 5527 vexatione,
2836 5464 2893 5515 et
2922 5461 3272 5519 accusatione
3304 5463 3545 5534 (dicente

1910 5552 2178 5625 Domino)
2222 5551 2583 5624 prohibebat,
2631 5555 2689 5607 et
2734 5569 2850 5608 non
2902 5553 3010 5609 nisi
3057 5571 3091 5610 a
3139 5559 3541 5630 coaequalibus,

1909 5647 2121 5719 aliquid
2157 5645 2262 5700 sibi
2302 5645 2517 5701 inferre
2558 5647 2786 5713 debere,
2835 5647 3092 5705 docebat.
3125 5670 3154 5703 «
3192 5652 3332 5715 Quia
3373 5653 3540 5707 disci-

1911 5742 2112 5814 pulum
2149 5755 2319 5812 supra
2347 5740 2689 5813 magistrum
2730 5758 2853 5796 esse
2895 5742 3113 5812 (Matth.
3155 5761 3206 5810 x,
3238 5745 3347 5814 24),
3382 5764 3409 5796 ››
3447 5753 3545 5802 aut

1912 5836 2087 5893 ullam
2109 5834 2161 5892 ei
2182 5834 2450 5908 injuriam
2472 5834 2703 5904 inferre,
2726 5835 3045 5892 nullatenus
3066 5836 3272 5891 debere
3295 5845 3538 5911 oportet.
