4068 6294
486 275 541 325 31
657 264 664 270 ’
1367 263 1650 319 ΑΡΡΕΝΙ).
1693 260 1780 318 AD
1815 260 1974 316 S/EC.
2012 260 2103 314 IX.

2244 257 2493 315 ISlDORl
2532 256 2958 315 MERCATORIS
3778 257 3850 310 32

481 378 726 433 lnfames
777 390 1024 447 namque
1074 387 1294 440 omnes,
1343 374 1401 425 et
1449 388 1592 443 quos
1648 369 1916 440 primates
1964 367 2108 438 legis
2129 369 2522 452 Aaquilonis,
2577 366 2884 422 ascendam
2933 380 3104 436 super
3155 361 3515 420 altitudinem
3563 361 3804 417 nubium
3831 403 3846 429 ,

485 461 695 541 saeculi,
721 487 839 525 non
862 469 1163 540 recipiunt,
1194 465 1294 520 sed
1321 469 1378 519 et
1402 464 1571 519 laicos
1607 462 1677 517 ab
1711 477 1912 517 eorum
1943 476 2104 516 accu-

485 565 718 632 satione,
752 568 808 618 et
829 562 1121 617 vexatione
1151 575 1378 631 semper
1403 555 1677 628 repellere
1703 554 1908 610 debere
1933 570 2106 625 roga-

484 658 599 727 bat,
629 662 687 712 et
711 658 942 710 cunctos
966 654 1070 709 sibi
1099 653 1355 708 subditos
1384 665 1523 718 esse,
1553 647 1940 720 praecipiebat.
1967 648 2109 702 Cun-

485 755 709 806 ctorum
733 749 1087 806 sacerdotum
1114 747 1290 800 vitam
1327 742 1699 815 superiorem,
1737 740 2107 796 sanctiorem-

485 861 595 916 que
630 860 696 898 ac
723 842 1025 898 discretam
1058 857 1092 895 a
1119 837 1482 893 saecularibus
1511 840 1568 890 et
1604 833 1758 889 laicis
1783 832 2110 888 hominibus

487 954 628 1004 esse,
666 939 723 992 et
753 935 1089 1007 spirituales,
1117 934 1287 1003 atque
1318 928 1637 984 sacerdotes
1664 943 1835 998 super
1863 926 2111 981 carnales

484 1048 547 1085 ac
576 1031 743 1085 laicos
765 1043 987 1098 semper
1005 1024 1369 1090 constituere,
1397 1026 1454 1076 et
1477 1023 1595 1076 fore
1617 1020 1824 1076 debere
1849 1019 2106 1074 docebat.

487 1147 515 1173 ‹‹
539 1123 818 1188 Quoniam
851 1136 954 1191 pro
979 1119 1241 1184 minimo,
1269 1115 1433 1170 nobis
1461 1131 1582 1170 esse
1615 1115 1801 1182 debet,
1832 1117 1893 1168 ut
1916 1129 1949 1166 a
1979 1112 2108 1167 tali-

483 1219 588 1272 bus
605 1229 933 1287 arguamur,
956 1216 1014 1267 et
1030 1211 1382 1282 judicemur,
1404 1209 1490 1263 vel
1519 1207 1590 1262 ab
1611 1207 1720 1262 alio
1747 1207 2000 1262 humano
2019 1205 2111 1260 die

487 1314 525 1380 (l
557 1313 676 1368 Cor.
711 1325 785 1376 1v,
821 1309 894 1378 3).
927 1325 956 1358 »
999 1305 1238 1375 Majores
1273 1319 1408 1358 vero
1448 1319 1481 1355 a
1519 1301 1859 1368 minoribus,
1891 1317 1996 1356 nec
2018 1315 2108 1354 ac-

485 1403 687 1469 cusari,
723 1416 831 1456 nec
863 1397 1127 1469 judicari,
1172 1397 1455 1451 ullatenus
1498 1409 1663 1467 posse
1693 1393 1936 1448 dicebat.
1967 1395 2112 1457 Quo-

479 1497 634 1552 niam
664 1511 778 1550 non
804 1492 986 1547 solum
1016 1492 1124 1545 hoc
1157 1489 1393 1556 divinas,
1424 1488 1522 1542 sed
1553 1487 1712 1558 leges
1741 1487 1932 1542 saeculi
1959 1485 2108 1540 inhi-

483 1593 620 1644 bere
640 1586 878 1643 dicebat.
903 1585 1112 1640 Omnes
1136 1599 1273 1654 ergo
1303 1583 1498 1654 legum
1525 1581 1846 1636 divinarum
1871 1579 2113 1634 libenter

485 1684 808 1747 violatores,
865 1683 922 1732 et
975 1693 1263 1732 sacrarum
1318 1675 1740 1730 institutionum
1792 1672 2112 1728 voluntarie

486 1745 932 1848 perturbatores,
963 1769 1335 1826 ecclesiastica
1360 1769 1627 1840 indignos
1656 1769 1872 1838 regula,
1899 1771 1954 1822 et
1980 1782 2110 1820 san-
2131 1745 2188 1817 B

487 1873 576 1926 cta
603 1865 1008 1922 communione
1031 1863 1339 1935 judicabat.
1369 1863 1708 1933 Operatores
1729 1877 1865 1916 vero
1893 1875 2114 1915 earum-

488 1963 643 2029 dem,
684 1961 879 2032 eisque
918 1957 1246 2012 obedientes
1283 1959 1660 2025 utrarumque
1689 1970 1752 2008 ac
1782 1958 2115 2008 caeterarum

486 2057 765 2112 bonarum
791 2053 996 2124 dignos
1027 2066 1148 2105 esse
1174 2049 1415 2116 dicebat,
1454 2049 1605 2104 unde
1634 2051 1692 2103 et
1717 2047 2028 2119 prophetas
2056 2045 2115 2100 in

486 2147 880 2206 testimonium
904 2144 1186 2200 sumebat.
1211 2141 1438 2212 Audite,
1467 2141 1610 2211 coeli,
1643 2145 1702 2196 et
1729 2140 1961 2194 auribus
1990 2155 2116 2211 per-

489 2243 634 2315 cipe,
668 2245 838 2310 terra,
867 2238 1139 2311 quoniam
1171 2236 1449 2291 Dominus
1485 2236 1702 2290 locutus
1733 2236 1817 2288 est
1845 2251 1858 2288 :
1893 2252 1921 2284 ‹‹
1948 2231 2114 2286 Filios

489 2334 752 2401 enutrivi,
803 2335 862 2387 et
898 2331 1163 2400 exaltavi,
1207 2329 1319 2401 ipsi
1364 2333 1558 2384 autem
1608 2330 1942 2399 spreverunt
1992 2341 2112 2392 me,

491 2428 758 2500 cognovit
785 2427 885 2481 bos
914 2439 1297 2497 possessorem
1335 2438 1523 2489 suum,
1557 2425 1614 2476 et
1641 2421 1834 2476 asinus
1858 2434 2116 2491 praesepe

489 2521 706 2579 domini
735 2519 840 2586 sui,
877 2519 1041 2573 Israel
1078 2533 1193 2571 non
1231 2515 1500 2588 cognovit
1531 2531 1646 2580 me,
1678 2513 1919 2585 populus
1953 2529 2116 2567 meus

490 2633 605 2672 non
646 2612 936 2670 intellexit.
983 2612 1074 2665 Vae
1123 2609 1278 2681 genti
1331 2608 1645 2680 peccatrici,
1701 2608 1915 2678 populo
1962 2605 2117 2676 gravi

489 2708 811 2780 iniquitate,
848 2704 1052 2760 semini
1086 2719 1353 2774 nequam,
1394 2701 1524 2756 ﬁliis
1567 2700 1867 2756 sceleratis.
1904 2698 2113 2754 Dereli-

491 2804 741 2876 querunt
787 2797 848 2870 6
897 2797 1222 2862 Dominum,
1265 2795 1807 2866 blasphemaverunt
1857 2796 2117 2847 sanctum

495 2896 684 2962 Israel,
725 2891 1034 2948 abalienati
1069 2893 1202 2944 sunt
1244 2893 1576 2944 retrorsum.
1614 2887 1794 2959 Super
1827 2903 1942 2958 quo
1984 2901 2114 2958 per-

493 2989 703 3045 cutiam
729 3002 828 3041 vos
866 2985 1012 3039 ultra
1049 2983 1324 3037 addentes
1361 2981 1904 3054 praevaricationem.
1937 2980 2118 3034 Omne

494 3086 663 3155 caput
698 3078 1056 3150 languidum,
1099 3079 1155 3131 et
1197 3091 1364 3130 omne
1412 3091 1511 3130 cor
1548 3089 1816 3141 mcerens,
1858 3089 1891 3127 a
1927 3074 2121 3144 planta
2139 3109 2194 3184 Ο

493 3175 650 3250 pedis
677 3189 856 3245 usque
879 3172 950 3227 ad
976 3171 1268 3237 verticem,
1299 3186 1413 3225 non
1442 3174 1527 3224 est
1552 3169 1609 3223 in
1639 3185 1706 3223 eo
1737 3167 1963 3234 sanitas,
1993 3167 2115 3220 vul-

494 3286 620 3338 nus,
644 3273 701 3324 et
723 3267 884 3334 livor,
907 3270 965 3320 et
987 3265 1155 3336 plaga
1177 3267 1430 3332 tumens,
1456 3279 1572 3318 non
1600 3266 1685 3316 est
1709 3260 2116 3331 circumligata,

493 3379 599 3420 nec
637 3363 832 3417 curata
864 3357 1236 3414 medicamine
1271 3371 1457 3428 neque
1487 3356 1603 3410 fota
1639 3355 1783 3410 oleo.
1823 3355 1992 3408 Terra
2024 3368 2116 3408 ve-

495 3463 608 3513 stra
640 3456 880 3522 deserta,
912 3452 1164 3507 civitates
1188 3456 1392 3506 vestrae
1422 3449 1556 3521 igne
1591 3464 1896 3515 succensas,
1925 3447 2116 3519 regio-

493 3567 626 3608 nem
652 3553 898 3604 vestram
927 3561 1122 3602 coram
1158 3545 1316 3600 vobis
1352 3543 1526 3598 alieni
1560 3542 1848 3609 devorant,
1879 3546 1935 3596 et
1963 3542 2122 3596 deso-

492 3645 719 3711 labitur,
767 3642 914 3696 sicut
955 3640 1013 3694 in
1055 3639 1307 3694 vastitate
1338 3637 1549 3703 hostili,
1592 3643 1648 3691 et
1691 3635 2121 3706 derelinquetur

495 3741 620 3810 (Isa.
666 3754 705 3804 1,
755 3739 788 3790 2
839 3739 890 3788 et
929 3734 1086 3804 seq.).
1136 3735 1228 3786 Vat
1259 3731 1483 3802 (inquit)
1525 3728 1622 3800 qui
1674 3728 1858 3783 dicitis
1899 3727 2116 3781 bonum

492 3833 726 3897 malum,
751 3832 809 3883 et
827 3827 1043 3882 malum
1068 3824 1304 3890 bonum,
1326 3826 1606 3894 ponentes
1625 3820 1891 3874 tenebras
1911 3821 2116 3886 lucem,

493 3932 550 3983 et
578 3927 768 3981 lucem
808 3918 1071 3974 tenebras
1105 3919 1407 3988 ponentes,
1447 3929 1713 3969 amarum
1752 3912 1812 3967 in
1846 3911 2025 3980 dulce,
2065 3915 2122 3966 et

491 4021 655 4077 dulce
687 4018 748 4071 in
789 4027 1047 4067 amarum
1087 4009 1212 4079 (Isa.
1253 4025 1327 4075 vi,
1366 4008 1476 4078 21).
1509 4009 1838 4077 Propterea,
1867 4005 2121 4076 captivus

493 4115 695 4170 ductus
720 4111 804 4162 est
821 4105 1065 4177 populus
1089 4117 1270 4169 meus,
1291 4101 1424 4172 quia
1445 4117 1560 4154 non
1586 4098 1785 4154 habuit
1802 4098 2118 4167 scientiam,

496 4212 554 4262 et
583 4202 804 4260 nobiles
844 4199 965 4269 ejus
1003 4195 1346 4250 interierunt
1374 4195 1544 4262 fame,
1577 4197 1634 4249 et
1660 4192 1967 4248 multitudo
1999 4192 2122 4264 ejus

495 4299 586 4354 siti
641 4293 876 4349 exaruit.
929 4292 1234 4361 Propterea
1278 4287 1531 4343 dilatavit
1571 4287 1827 4342 infernus
1870 4285 2122 4341 animam

496 4406 676 4455 suam,
716 4390 773 4441 et
804 4384 1032 4457 aperuit
1061 4399 1122 4438 os
1152 4397 1337 4448 suum,
1374 4381 1585 4453 absque
1612 4381 1728 4436 ullo
1768 4380 2034 4448 termino,
2067 4385 2124 4435 et

2208 461 2406 518 similis
2435 478 2534 518 ero
2563 460 2869 516 Altissimo.
2900 460 3307 514 Verumtamen
3335 457 3408 511 ad
3434 456 3724 511 infernum
3755 455 3852 510 de-

2209 556 2473 625 traheris,
2510 556 2570 609 in
2598 553 2949 626 profundum
2980 551 3106 607 laci.
3153 551 3262 616 Qui
3295 554 3351 607 te
3381 549 3660 618 viderint,
3689 549 3759 604 ad
3789 553 3849 604 te

2207 649 2652 715 inclinabuntur,
2693 652 2864 718 teque
2905 644 3253 718 prospicient
3281 661 3293 699 :
3324 643 3593 715 Nunquid
3622 643 3726 697 iste
3760 645 3850 697 est

2209 743 2312 810 vir,
2352 743 2449 814 qui
2491 741 2848 797 conturbavit
2892 745 3128 810 terram,
3175 738 3273 810 qui
3322 737 3602 792 concussit
3642 752 3846 807 regna,

2211 837 2310 909 qui
2331 835 2523 908 posuit
2549 834 2748 889 orbem
2775 835 3083 900 desertum,
3114 835 3173 887 et
3198 831 3369 887 urbes
3397 831 3519 902 ejus
3544 829 3846 895 destruxit,

2210 931 2406 986 vinctis
2435 930 2557 1001 ejus
2583 945 2699 983 non
2726 927 2953 1000 aperuit
2977 926 3298 982 carcerem?

2280 1024 2625 1079 Ebrietatem
2647 1021 2856 1094 oppido
2877 1019 3242 1092 prohibebat,
3259 1022 3316 1073 et
3335 1017 3588 1073 ebriosos
3609 1031 3849 1088 corpore

2213 1123 2270 1173 et
2303 1117 2493 1173 animo
2526 1120 2782 1170 mortuos
2814 1131 2931 1170 esse
2957 1112 3330 1186 praedicabat,
3365 1111 3435 1166 de
3465 1109 3670 1183 quibus
3703 1113 3758 1165 et
3787 1109 3850 1164 in

2213 1211 2540 1282 exemplum
2585 1209 2775 1264 aiebat
2821 1227 2836 1263 ε
2879 1209 2970 1262 Vae
3014 1207 3111 1278 qui
3159 1203 3501 1276 consurgitis
3552 1220 3724 1260 mane
3779 1203 3851 1258 ad

2211 1305 2546 1362 ebrietatem
2588 1301 2933 1371 sectandam,
2975 1303 3034 1354 et
3076 1298 3388 1371 potandum
3426 1313 3604 1370 usque
3640 1297 3709 1352 ad
3747 1312 3848 1350 ve-

2211 1415 2464 1470 speram,
2483 1401 2550 1452 ut
2566 1396 2696 1452 vino
2722 1395 2991 1451 aestuetis.
3027 1415 3054 1443 ‹‹
3074 1393 3302 1450 Cithara
3323 1395 3380 1447 et
3397 1392 3536 1463 lyra,
3559 1395 3616 1446 et
3634 1393 3852 1462 tympa-

2209 1509 2370 1559 num,
2405 1495 2461 1546 et
2479 1491 2639 1558 tibia,
2667 1492 2724 1545 et
2751 1489 2946 1544 vinum
2976 1487 3035 1542 in
3067 1486 3334 1542 conviviis
3371 1484 3591 1551 vestris,
3624 1488 3682 1540 et
3707 1501 3852 1556 opus

2211 1585 2441 1642 Domini
2464 1601 2582 1640 non
2609 1581 2911 1656 respicitis,
2939 1598 3043 1636 nec
3065 1597 3237 1653 opera
3261 1595 3536 1634 manuum
3565 1579 3686 1650 ejus
3717 1594 3852 1632 con-

2212 1678 2468 1734 sideratis
2496 1679 2620 1748 (lsa.
2655 1693 2709 1746 ν,
2747 1680 2802 1731 11
2838 1681 2889 1731 et
2921 1682 3075 1745 seq.).
3109 1697 3136 1723 »
3175 1675 3242 1729 Et
3272 1673 3480 1728 iterum
3516 1689 3528 1725 :
3563 1693 3590 1720 «
3623 1673 3718 1725 Vae
3749 1671 3849 1741 qui

2212 1775 2474 1844 potentes
2501 1771 2632 1826 estis
2658 1770 2732 1824 ad
2757 1769 3072 1824 bibendum
3097 1768 3317 1832 vinum,
3349 1769 3406 1820 et
3435 1765 3537 1819 viri
3578 1764 3754 1820 fortes
3779 1763 3853 1819 ad

2213 1865 2569 1922 miscendum
2595 1863 2947 1918 ebrietatem.
2985 1860 3090 1926 Qui
3119 1858 3437 1932 iustificatis
3467 1857 3709 1930 impium
3744 1874 3850 1928 pro

2215 1959 2569 2025 muneribus,
2599 1961 2657 2012 et
2675 1956 2955 2028 justitiam
2974 1955 3116 2026 justi
3145 1953 3380 2010 aufertis
3400 1952 3470 2007 ab
3503 1969 3589 2008 eo.
3610 1953 3854 2022 Propter

2215 2053 2320 2108 hoc
2366 2053 2509 2108 sicut
2553 2050 2790 2107 devorat
2831 2049 3104 2121 stipulam
3146 2047 3347 2119 lingua
3387 2045 3557 2118 ignis,
3606 2049 3663 2100 et
3699 2044 3855 2100 calor

2214 2146 2467 2202 ﬂamma:
2496 2145 2702 2212 exurit,
2730 2144 2809 2199 sic
2833 2143 2994 2198 radix
3021 2157 3224 2197 eorum
3245 2139 3408 2212 quasi
3432 2138 3622 2195 favilla
3648 2137 3776 2207 erit,
3799 2141 3856 2192 et

2217 2255 2451 2313 germen
2483 2254 2683 2294 eorum
2707 2241 2771 2292 ut
2795 2236 2978 2308 pulvis
3013 2234 3300 2290 ascendet.
3328 2233 3673 2305 Abjecerunt
3697 2231 3854 2286 enim

2214 2334 2402 2405 legem
2429 2331 2656 2387 Domini
2682 2329 3048 2395 exercituum,
3072 2331 3130 2383 et
3155 2326 3448 2398 eloquium
3477 2325 3660 2380 sancti
3684 2324 3854 2379 Israel

2214 2427 2769 2498 blasphemaverunt.
2811 2423 2941 2480 ldeo
2986 2422 3160 2477 iratus
3205 2425 3290 2476 est
3330 2419 3490 2475 furor
3527 2417 3754 2476 Domini
3794 2417 3854 2472 in

2215 2520 2431 2592 populo
2458 2535 2581 2586 suo,
2606 2522 2662 2574 et
2684 2517 2941 2574 extendit
2968 2531 3204 2571 manum
3232 2531 3391 2570 suam
3420 2529 3590 2586 super
3617 2529 3772 2579 eum,
3801 2515 3859 2566 et

2215 2613 2492 2684 percussit
2527 2628 2680 2679 eum,
2722 2615 2780 2667 et
2807 2610 3132 2666 conturbati
3158 2612 3291 2663 sunt
3328 2610 3573 2676 montes,
3612 2609 3670 2660 et
3709 2606 3860 2660 facta

2219 2709 2350 2762 sunt
2387 2705 2690 2760 morticina
2719 2721 2942 2772 eorum,
2977 2703 3135 2774 quasi
3167 2705 3381 2756 stercus
3407 2700 3463 2754 in
3505 2699 3697 2755 medio
3728 2699 3856 2770 pla-

2216 2803 2462 2855 tearum.
2489 2821 2517 2848 «
2542 2800 2602 2853 In
2625 2799 2886 2854 omnibus
2906 2798 3015 2867 his,
3038 2813 3153 2851 non
3175 2799 3261 2850 est
3283 2811 3512 2850 aversus
3532 2793 3689 2848 furor
3709 2792 3858 2863 ejus,

2219 2894 2317 2948 sed
2345 2893 2534 2948 adhuc
2563 2909 2766 2946 manus
2794 2891 2918 2962 ejus
2947 2894 3172 2946 extenta
3202 2889 3358 2959 (Ibid.
3390 2891 3458 2943 22
3489 2892 3539 2942 et
3565 2887 3724 2956 δρψ).
3755 2907 3782 2934 ››

2291 2987 2517 3041 Nullum
2567 2985 2722 3041 enim
2769 2984 3191 3056 presbyterum,
3234 2983 3294 3036 in
3332 2981 3570 3052 alicujus
3605 2978 3862 3051 episcopi

2218 3080 2512 3152 parochia,
2531 3079 2745 3150 aliquid
2765 3094 2934 3150 agere
2952 3077 3179 3144 debere,
3201 3075 3416 3145 absque
3435 3075 3556 3145 ejus
3576 3073 3862 3145 permissu

2219 3174 2480 3240 docebat,
2517 3176 2748 3228 cunctos
2785 3170 3166 3243 presbyteros,
3208 3167 3451 3239 propriis
3487 3165 3761 3238 episcopis
3800 3165 3864 3220 in

2218 3267 2501 3332 omnibus,
2542 3266 2755 3336 absque
2795 3280 2954 3318 mora
2995 3261 3346 3329 obedientes,
3385 3260 3720 3315 instituente
3751 3259 3860 3314 Do-

2217 3359 2400 3427 mino,
2425 3376 2548 3413 esse
2577 3358 2784 3414 debere
2805 3356 3058 3412 docebat.
3087 3355 3315 3409 Nullum
3341 3353 3496 3410 enim
3521 3353 3703 3408 aliena
3729 3369 3867 3408 con-

2219 3453 2527 3526 cupiscere,
2563 3454 2663 3508 aut
2692 3465 3041 3523 praesumere
3085 3465 3306 3515 eorum,
3341 3447 3437 3502 sed
3466 3462 3863 3517 unumquem-

2218 3563 2330 3620 que
2355 3546 2488 3614 suis,
2519 3545 2740 3618 sibique
2765 3543 3104 3611 commissis,
3127 3543 3422 3597 contentos
3449 3557 3572 3596 esse
3597 3539 3865 3596 docebat.

2223 3661 2250 3692 «
2295 3641 2598 3695 Neminem
2643 3638 2816 3693 etiam
2858 3637 3026 3692 alicui
3064 3635 3278 3707 aliquid
3311 3635 3518 3700 facere,
3562 3631 3670 3687 nisi
3707 3633 3867 3704 quod

2219 3733 2324 3787 sibi
2350 3733 2522 3787 vellet
2555 3731 2677 3786 ﬁeri
2713 3731 2864 3802 (Tob.
2907 3746 2982 3797 1v,
3018 3730 3124 3798 16),
3155 3747 3183 3779 ››
3215 3726 3552 3782 instruebat.
3592 3725 3867 3782 Sanctam

2221 3843 2360 3897 ergo
2380 3825 2682 3880 Ecclesiam
2705 3823 3132 3878 immaculatam
3154 3837 3354 3876 omnes
3377 3835 3603 3876 servare
3625 3818 3866 3888 debere,

2219 3917 2662 3990 evangelizabat,
2705 3917 2867 3988 cujus
2909 3916 3090 3971 claves
3119 3916 3418 3986 episcopos
3453 3930 3572 3968 esse
3615 3912 3864 3968 dicebat.

2221 4011 2330 4084 Ipsi
2375 4011 2530 4066 enim
2575 4011 2792 4066 habent
2838 4012 3184 4082 potestatem
3229 4007 3498 4063 claudere
3546 4007 3750 4061 coelum
3805 4013 3869 4063 et

2219 4105 2442 4178 aperire
2473 4109 2669 4176 portas
2697 4104 2745 4175 ej
2757 4120 2838 4172 us,
2872 4103 3007 4175 quia
3033 4101 3218 4158 claves
3244 4101 3368 4157 cceli
3393 4099 3530 4155 facti
3560 4104 3710 4154 sunt.

2292 4203 2564 4254 Amovere
2581 4201 2774 4252 autem
2795 4214 2888 4253 eos
2906 4194 3202 4251 neminem
3222 4195 3430 4250 debere
3447 4192 3706 4260 docebat,
3723 4193 3869 4264 quia
3963 4257 3975 4268 '

2221 4293 2370 4348 oculi
2397 4291 2629 4348 Domini
2649 4295 2801 4357 sunt,
2826 4295 2884 4345 et
2905 4289 3002 4361 qui
3027 4305 3125 4344 eos
3145 4287 3347 4359 tangit,
3375 4287 3562 4358 tangit
3582 4285 3866 4357 pupillam

2219 4386 2367 4441 oculi
2394 4386 2516 4457 ejus
2545 4384 2726 4457 (Zach.
2762 4400 2823 4453 ιι,
2862 4383 2936 4454 8).
2973 4384 3039 4438 Et
3067 4386 3294 4453 quantae
3320 4397 3502 4452 poenae
3529 4379 3737 4451 dignus
3765 4378 3864 4448 sit,

495 4481 847 4540 descendunt
870 4479 1042 4533 fortes
1069 4477 1212 4548 ejus,
1245 4479 1305 4530 et
1329 4476 1574 4547 populus
1599 4475 1742 4546 ejus,
1770 4479 1829 4529 et
1853 4473 2119 4528 sublimes
2137 4485 2198 4558 D
2219 4480 2320 4552 qui
2344 4496 2442 4534 eos
2469 4477 2821 4546 scandamat,
2853 4477 3040 4549 ipsum
3076 4475 3383 4530 Dominum
3421 4472 3674 4528 docuisse
3703 4471 3865 4528 dice-

493 4575 842 4652 gloriosique
873 4572 994 4643 ejus
1025 4571 1099 4625 ad
1137 4586 1289 4624 eum.
1317 4570 1385 4624 Et
1418 4568 1806 4623 incurvabitur
1835 4568 2034 4634 homo,
2067 4571 2123 4623 et

492 4669 887 4730 humiliabitur
920 4665 1023 4733 vir,
1057 4670 1114 4719 et
1148 4663 1297 4719 oculi
1337 4662 1666 4718 sublimium
1703 4661 2117 4733 deprimentur.

492 4769 562 4822 Et
592 4764 930 4821 exaltabitur
961 4758 1232 4816 Dominus
1265 4757 1325 4811 in
1347 4756 1584 4828 judicio,
1621 4761 1679 4811 et
1708 4757 1859 4810 Deus
1897 4759 2121 4810 sanctus

495 4856 934 4915 sanctiticabitur
959 4853 1014 4909 in
1037 4851 1262 4924 justitia
1289 4850 1421 4920 (Isa.
1453 4866 1504 4917 v,
1537 4851 1599 4904 13
1627 4854 1677 4904 et
1698 4850 1850 4919 scq.).
1878 4871 1905 4896 ››

563 4951 826 5007 Carnales
855 4947 1242 5019 spiritualibus
1276 4943 1536 4999 resistere
1562 4942 1920 5014 prohibebat,
1956 4944 2014 4997 et
2050 4942 2122 5000 de

493 5046 583 5103 his
621 5045 718 5116 qui
762 5042 1004 5098 cervices
1040 5056 1166 5094 suas
1205 5041 1400 5093 contra
1434 5036 1736 5108 magistros
1776 5040 1834 5091 et
1871 5036 2122 5092 seniores

495 5158 623 5196 suos
660 5137 960 5209 erigebant
1007 5133 1066 5188 in
1108 5132 1316 5187 diaboli
1349 5131 1677 5203 exemplum
1714 5130 1935 5186 dicebat
1966 5149 1980 5186 z
2013 5132 2117 5185 De-

493 5237 674 5290 tracta
713 5234 800 5286 est
837 5229 909 5284 ad
945 5226 1152 5282 inferos
1190 5225 1456 5298 superbia
1495 5229 1609 5293 tua,
1646 5225 1848 5281 cecidit
1885 5225 2122 5280 cadaver

493 5333 680 5394 tuum,
725 5323 922 5378 subter
957 5326 1014 5376 te
1061 5323 1344 5375 sternetur
1387 5319 1556 5387 tinea,
1599 5326 1656 5374 et
1697 5319 2120 5390 operimentum

494 5427 658 5477 tuum
683 5421 852 5473 erunt
872 5430 1113 5470 vermes.
1137 5413 1431 5478 Quomodo
1459 5413 1710 5469 cecidisti
1738 5413 1807 5467 de
1834 5411 1996 5477 coelo,
2019 5410 2121 5464 Lu-

497 5514 650 5581 cifer,
684 5511 780 5583 qui
818 5526 987 5564 mane
1024 5507 1317 5576 oriebaris,
1363 5506 1625 5562 corruisti
1662 5505 1723 5559 in
1751 5510 1984 5569 terram,
2025 5503 2122 5574 qui

495 5605 830 5663 vulnerabas
856 5604 1091 5676 gentes?
1117 5602 1220 5667 Qui
1248 5601 1472 5656 dicebas
1498 5601 1558 5653 in
1585 5598 1752 5652 corde
1778 5601 1895 5664 tuo,
1923 5597 1982 5650 In
2009 5613 2118 5652 coe-

495 5703 615 5757 lum
668 5698 991 5765 ascendam,
1042 5713 1212 5768 supra
1253 5699 1407 5748 astra
1458 5692 1551 5745 Dei
1604 5690 1866 5746 exaltabo
1915 5689 2122 5746 solium

497 5810 718 5862 meum,
764 5792 967 5852 sedebo
1005 5791 1065 5846 in
1107 5792 1302 5844 monte
1344 5784 1706 5854 Testamenti,
1749 5785 1808 5840 in
1851 5785 2122 5841 lateribus

2221 4575 2340 4643 bat,
2370 4574 2468 4630 ubi
2494 4574 2574 4629 ait
2602 4590 2616 4628 :
2643 4596 2670 4623 ‹‹
2705 4572 2809 4638 Qui
2839 4570 3305 4628 scandalizaverit
3329 4585 3509 4624 unum
3540 4567 3610 4622 de
3636 4566 3865 4638 pusillis

2220 4669 2342 4724 istis
2375 4669 2474 4741 qui
2509 4669 2569 4723 in
2610 4684 2704 4723 me
2741 4666 3000 4735 credunt,
3040 4664 3272 4737 expedit
3297 4663 3350 4718 ei
3388 4665 3450 4717 ut
3485 4661 3868 4733 suspendatur

2221 4763 2370 4818 mola
2407 4763 2652 4817 asinaria
2687 4763 2748 4816 in
2777 4761 2918 4816 collo
2957 4759 3098 4829 ejus,
3137 4762 3194 4812 et
3231 4757 3602 4826 demergatur
3627 4755 3687 4809 in
3729 4770 3866 4825 pro-

2221 4856 2466 4912 fundum
2502 4855 2700 4911 maris.
2727 4856 2824 4908 Va:
2861 4853 3077 4908 mundo
3108 4868 3143 4904 a
3171 4849 3470 4919 scandalis,
3510 4863 3738 4903 necesse
3775 4852 3869 4903 est

2221 4951 2376 5005 enim
2421 4949 2652 5008 veniant
2689 4947 2982 5012 scandala;
3031 4947 3460 5009 verumtamen,
3507 4958 3591 4996 vze
3635 4940 3868 4996 homini

2221 5043 2306 5099 illi
2354 5059 2456 5115 per
2501 5059 2675 5114 quem
2699 5039 3045 5095 scandalum
3091 5037 3266 5092 venit.
3318 5036 3376 5092 Si
3420 5039 3613 5090 autem
3656 5049 3865 5090 manus

2219 5142 2316 5192 tua
2353 5135 2694 5191 scandalizat
2722 5136 2800 5203 te,
2834 5131 3100 5188 abscinde
3135 5147 3281 5199 eam,
3317 5135 3374 5186 et
3408 5129 3618 5201 projice
3651 5127 3749 5182 abs
3778 5133 3861 5183 te.

2223 5231 2445 5286 Bonum
2485 5230 2571 5284 est
2608 5227 2709 5282 tibi
2758 5225 2830 5280 ad
2874 5225 3055 5280 vitam
3097 5223 3321 5297 ingredi
3365 5223 3643 5290 debilem,
3687 5237 3864 5292 quam

2222 5324 2361 5379 duas
2388 5337 2594 5378 manus
2620 5320 2950 5387 habentem,
2979 5319 3131 5374 mitti
3158 5318 3218 5374 in
3246 5317 3572 5389 gehennam
3599 5315 3769 5385 ignis.
3794 5315 3866 5371 Et

2223 5418 2270 5472 si
2309 5434 2408 5489 pes
2441 5419 2572 5470 tuus
2602 5414 2940 5469 scandalizat
2968 5418 3044 5481 te,
3078 5411 3344 5468 abscinde
3371 5427 3524 5478 eum,
3557 5413 3614 5465 et
3640 5407 3864 5480 projice

2223 5510 2322 5565 abs
2359 5515 2434 5565 te.
2469 5509 2688 5563 Bonum
2717 5511 2801 5562 est
2835 5507 2938 5562 tibi
2975 5506 3210 5562 introire
3251 5505 3321 5560 ad
3357 5504 3530 5558 vitam
3569 5501 3860 5569 claudum,

2221 5619 2395 5676 quam
2433 5602 2575 5658 duos
2616 5601 2787 5674 pedes
2826 5602 3153 5669 habentem,
3183 5597 3334 5654 mitti
3363 5597 3421 5653 in
3459 5597 3654 5668 ignem
3693 5599 3863 5651 aeter-

2220 5713 2383 5752 num.
2415 5697 2483 5752 Et
2525 5696 2571 5750 si
2611 5697 2807 5753 oculus
2853 5700 2984 5752 tuus
3028 5692 3363 5750 scandalizat
3400 5694 3478 5759 te,
3525 5705 3658 5746 erue
3698 5705 3862 5756 eum,

2225 5795 2284 5847 et
2319 5791 2535 5864 projice
2562 5791 2662 5848 abs
2690 5795 2768 5852 te.
2797 5792 3017 5847 Bonum
3047 5792 3130 5845 est
3157 5787 3261 5844 tibi
3285 5802 3464 5844 unum
3496 5784 3723 5841 oculum
3753 5783 3860 5844 ba-
