4068 6364
202 368 264 421 33
1437 361 1906 422 DECRETALIUM
1945 366 2330 422 COLLECTIO.
3495 369 3560 427 34

198 472 432 527 bentem
461 471 521 526 in
552 471 729 526 vitam
759 471 1018 541 introire,
1047 488 1220 544 quam
1239 472 1379 528 duos
1406 474 1594 528 oculos
1621 474 1833 529 haben-
1854 489 1913 559 Α
1932 477 2126 529 autem
2151 491 2278 530 mea
2302 475 2360 530 in
2388 475 2805 546 sempiternum
2824 474 2950 545 erit,
2974 479 3030 531 et
3045 475 3268 547 justitia
3291 491 3418 532 mea
3443 470 3558 533 non

201 570 316 619 tem
336 565 490 619 mitti
519 565 580 620 in
612 566 936 637 gehennam
966 565 1134 637 ignis.
1159 565 1352 621 Videte
1369 583 1443 622 ne
1461 568 1834 623 contemnatis

199 675 384 712 unum
409 675 478 714 ex
503 658 593 713 his
611 658 828 730 pusillis
854 660 1071 731 (Matth.
1101 675 1256 728 XVIII,
1287 663 1318 715 6
1345 666 1395 716 et
1421 662 1574 732 seq.).
1599 683 1626 711 »
1654 664 1834 717 Amen

202 751 326 805 dico
372 751 551 822 vobis,
599 768 958 824 quaecunque
1001 753 1368 824 alligaveritis
1409 770 1580 826 super
1619 757 1836 809 terram

198 849 369 899 erunt
401 845 634 916 alligata
667 849 725 900 et
761 846 822 900 in
859 847 1014 914 coelo,
1059 849 1117 902 et
1157 863 1513 920 quaecunque
1563 848 1836 902 solveritis

199 954 370 1009 super
399 940 609 993 terram
640 943 807 994 erunt
833 940 1016 994 soluta
1040 943 1098 994 et
1121 940 1181 995 in
1207 941 1372 996 coelo.
1403 960 1432 992 «
1472 942 1682 996 lterum
1714 941 1837 996 dico

199 1030 382 1098 vobis,
414 1031 548 1101 quia
575 1032 623 1085 si
649 1032 760 1086 duo
790 1049 856 1087 ex
893 1033 1050 1088 vobis
1085 1033 1476 1088 consenserint
1511 1051 1685 1106 super
1721 1037 1834 1088 ter-

200 1139 350 1190 ram,
400 1124 468 1178 de
507 1125 662 1179 omni
710 1142 772 1180 re
811 1142 1149 1198 quacunque
1191 1126 1478 1198 petierint,
1523 1128 1621 1182 fiet
1662 1113 1770 1181 illis
1806 1145 1840 1181 a

205 1218 371 1272 Patre
412 1233 558 1284 meo,
610 1218 710 1289 qui
743 1218 802 1273 in
858 1219 1013 1274 coelis
1051 1224 1153 1275 est.
1202 1219 1305 1274 Ubi
1348 1221 1499 1275 enim
1547 1225 1682 1275 sunt
1724 1220 1838 1274 duo

200 1309 290 1364 vel
318 1314 434 1364 tres
461 1311 792 1382 congregati
819 1312 879 1366 in
907 1313 1140 1368 nomine
1180 1329 1328 1382 meo,
1353 1313 1434 1367 ibi
1462 1330 1600 1382 sum,
1620 1315 1681 1368 in
1717 1330 1838 1368 me-

201 1403 298 1457 dio
331 1419 532 1458 eorum
565 1405 778 1474 (Matth.
809 1422 965 1476 xvm,
1001 1409 1065 1461 18
1102 1412 1151 1461 et
1181 1408 1314 1478 seq.)
1344 1427 1372 1456 »
1403 1409 1472 1461 Et
1499 1407 1710 1462 iterum
1739 1424 1841 1479 per

199 1497 544 1568 prophetam
575 1498 846 1570 loquitur,
872 1499 1067 1554 dicens
1094 1517 1107 1554 :
1131 1501 1370 1571 Expavit
1393 1501 1616 1573 (inquit)
1637 1501 1842 1556 caelum

200 1605 374 1660 super
401 1590 533 1657 hoc,
561 1596 618 1646 et
644 1592 865 1647 horruit
883 1593 1127 1664 amplius
1154 1594 1545 1662 vehementer,
1581 1595 1717 1648 dicit
1743 1595 1843 1650 Do-

200 1683 430 1750 minus:
450 1683 493 1736 0
519 1683 933 1740 intolerabilem
947 1685 1388 1757 malignitatem,
1413 1703 1445 1741 ο
1466 1686 1723 1758 linguam
1741 1687 1843 1741 ini-

200 1776 478 1847 quitatem
499 1778 824 1849 loquentem
851 1783 1045 1834 contra
1069 1779 1394 1849 Dominum,
1422 1784 1479 1836 et
1503 1784 1754 1836 mentem
1782 1782 1842 1836 in

1934 567 2154 623 deﬁciet
2183 569 2312 639 (Isa.
2342 586 2415 639 LI,
2448 572 2478 622 5
2504 574 2555 624 et
2580 569 2654 639 6).
2684 590 2711 618 ››

2008 684 2034 710 ‹‹
2067 662 2272 716 Audite
2299 679 2410 732 me,
2434 663 2533 734 qui
2553 662 2702 716 scitis
2720 662 2962 733 justum,
2985 663 3229 735 populus
3248 663 3341 719 lex
3358 679 3484 719 mea
3503 665 3562 720 in

1936 756 2100 811 corde
2124 771 2340 810 eorum.
2371 756 2549 811 Nolite
2578 757 2778 811 timere
2814 757 3125 827 opprobria
3158 757 3476 827 hominum,
3509 764 3566 813 et

1935 848 2312 920 blasphemias
2352 865 2551 904 eorum
2591 865 2663 904 ne
2704 849 2994 905 metuatis.
3026 850 3185 905 Sicut
3211 851 3364 905 enim
3391 852 3560 906 vesti-

1936 945 2217 1010 mentum,
2241 940 2318 995 sic
2345 942 2607 997 comedet
2635 957 2728 996 eos
2754 942 2981 1011 vermis,
3016 947 3072 998 et
3097 943 3242 998 sicut
3265 944 3457 998 lanam
3485 945 3565 998 sic

1938 1034 2226 1090 devorabit
2264 1051 2357 1090 eos
2395 1034 2567 1090 tinea.
2598 1035 2760 1089 Salus
2788 1039 2981 1090 autem
3025 1052 3153 1091 mea
3177 1036 3238 1091 in
3268 1036 3564 1107 sempiter-

1937 1145 2079 1183 num
2106 1127 2232 1196 erit,
2262 1130 2318 1182 et
2336 1127 2555 1197 justitia
2582 1143 2712 1182 mea
2741 1127 2801 1181 in
2844 1129 3208 1198 generatione
3244 1129 3564 1200 generatio-

1938 1238 2079 1276 num
2116 1221 2272 1291 (Ibid.
2307 1225 2338 1274 7
2381 1226 2431 1275 et
2473 1220 2546 1290 8).
2576 1242 2602 1270 n
2637 1222 2705 1274 Et
2747 1220 2957 1275 iterum
2989 1237 3001 1275 :
3037 1241 3066 1273 ς(
3103 1223 3439 1277 Abscondita
3483 1228 3567 1277 est

1939 1315 2052 1368 vita
2069 1330 2200 1369 mea
2219 1331 2252 1368 a
2272 1313 2536 1382 Domino,
2550 1316 2608 1369 et
2625 1331 2658 1368 a
2676 1313 2916 1368 Domino
2936 1329 3064 1368 meo
3072 1314 3352 1385 judicium
3371 1331 3567 1370 meum

1939 1408 2220 1463 transibit.
2260 1407 2552 1479 Numquid
2595 1407 2774 1462 nescis
2818 1412 2916 1461 aut
2971 1423 3086 1461 non
3127 1408 3375 1462 audisti?
3418 1410 3568 1464 Deus

1941 1501 2338 1573 sempiternus,
2371 1500 2663 1568 Dominus,
2696 1500 2794 1572 qui
2833 1500 3044 1555 creavit
3083 1499 3355 1555 terminos
3381 1506 3566 1569 terrae,

1939 1611 2056 1650 non
2096 1595 2320 1650 deﬁciet
2364 1610 2550 1666 neque
2593 1593 2896 1663 laborabit,
2938 1609 3042 1648 nec
3086 1597 3172 1648 est
3211 1593 3569 1663 investigatio

1941 1689 2232 1760 sapientiae
2256 1689 2399 1760 ejus.
2422 1688 2529 1752 Qui
2553 1687 2649 1742 dat
2663 1688 2810 1742 lasso
2831 1686 3123 1756 virtutem,
3148 1690 3206 1740 et
3232 1686 3318 1741 his
3338 1687 3437 1758 qui
3455 1702 3573 1742 non

1942 1786 2075 1838 sunt
2117 1781 2535 1849 fortitudinem,
2585 1786 2642 1836 et
2682 1780 2858 1835 robur
2900 1779 3256 1851 multiplicat.
3303 1779 3572 1834 Deﬁcient

201 1870 566 1926 altitudinem
601 1888 779 1926 cornu
809 1875 1204 1929 extollentem.
1228 1875 1296 1929 Et
1319 1874 1531 1929 iterum
1559 1891 1572 1928 :
1599 1894 1627 1927 «
1662 1862 1918 1946 lmpo-B
1941 1876 2124 1948 pueri,
2174 1879 2231 1930 et
2268 1875 2624 1944 laborabunt,
2667 1879 2724 1929 et
2744 1874 2984 1945 juvenes
3022 1873 3082 1928 in
3125 1872 3451 1928 inﬁrmitate
3479 1889 3571 1927 ca-

202 1980 299 2032 ne,
324 1964 524 2032 homo,
546 1969 661 2019 tuae
685 1965 899 2037 linguas
930 1968 1137 2022 ostium
1166 1971 1224 2021 et
1248 1984 1457 2036 seram,
1486 1980 1640 2023 cessa
1665 1985 1841 2023 cornu
1941 1971 2095 2026 dent.
2128 1969 2236 2034 Qui
2263 1974 2453 2024 autem
2484 1971 2719 2040 sperant
2742 1967 2803 2022 in
2830 1967 3069 2022 Domino
3091 1965 3393 2022 mutabunt
3419 1967 3576 2022 forti-

202 2057 261 2110 in
291 2057 655 2113 altitudinem
677 2060 968 2128 extollens,
999 2065 1056 2115 et
1083 2061 1323 2132 loquens
1348 2061 1614 2116 adversus
1645 2061 1838 2116 Domi-
1941 2063 2218 2133 tudinem,
2262 2067 2551 2117 assument
2601 2077 2816 2133 pennas
2869 2061 3011 2116 sicut
3070 2060 3292 2132 aquilae,
3343 2067 3575 2115 current

199 2165 364 2216 num,
393 2154 452 2204 et
465 2150 796 2220 proximum
817 2156 1004 2219 tuum,
1025 2169 1320 2246 quousque
1341 2153 1579 2209 insultas
1604 2155 1842 2225 patienti
1942 2162 1997 2211 et
2041 2173 2156 2211 non
2201 2155 2560 2222 laborabunt,
2593 2153 2987 2221 ambulabunt,
3027 2158 3084 2207 et
3127 2169 3243 2207 non
3290 2153 3570 2208 deﬁcient.

199 2242 427 2297 Christo
460 2247 516 2297 et
546 2243 818 2298 fratribus
845 2246 872 2299 ?
920 2269 946 2294 ››
990 2245 1154 2317 (Eccl.
1189 2242 1378 2316 XXVIII,
1412 2250 1480 2302 28
1517 2252 1566 2302 et
1588 2249 1719 2318 seq.)
1751 2247 1841 2302 Sic
1941 2251 2250 2304 Transeant
2274 2249 2346 2303 ad
2374 2263 2467 2303 me
2494 2247 2716 2316 insulae,
2737 2251 2793 2302 et
2815 2249 3010 2317 gentes
3040 2249 3266 2300 mutent
3291 2245 3572 2300 fortitudi-

199 2340 395 2390 autem
420 2341 721 2408 peccantes
746 2337 806 2391 in
833 2337 1122 2408 fratribus,
1149 2345 1205 2394 et
1228 2341 1617 2412 percutientes
1642 2357 1837 2395 eorum
1944 2359 2098 2413 nem,
2120 2341 2391 2396 accedant
2415 2347 2470 2396 et
2495 2345 2627 2395 tunc
2656 2341 2985 2410 loquentur,
3007 2339 3174 2393 simul
3197 2337 3269 2393 ad
3291 2337 3575 2408 judicium

199 2428 494 2484 inﬁrmam
526 2431 928 2486 conscientiam
971 2432 1030 2486 in
1074 2433 1365 2488 Christum
1415 2434 1662 2504 graviter
1709 2451 1837 2506 pec-

199 2523 360 2589 catis,
398 2526 456 2577 et
490 2523 574 2577 rei
602 2524 820 2594 judicio
867 2524 1069 2592 effecti,
1111 2525 1355 2582 infames
1396 2527 1746 2596 efﬁciemini,
1787 2533 1845 2583 et

195 2615 756 2688 justdrepellemini.
774 2620 842 2674 Et
857 2619 1063 2674 iterum
1081 2637 1186 2691 per
1209 2621 1551 2691 Prophetam
1568 2621 1839 2692 loquitur,

202 2709 402 2764 dicens
425 2729 441 2766 :
468 2732 497 2760 «
520 2712 628 2765 Vos
654 2714 870 2780 autem,
900 2713 1216 2769 sacerdotes
1235 2713 1482 2783 Domini,
1502 2713 1844 2768 vocabimini

201 2803 455 2858 ministri
519 2804 622 2858 Dei
685 2805 886 2874 nostri,
940 2806 1161 2862 dicetur
1221 2807 1398 2877 vobis,
1448 2807 1844 2862 fortitudinem

205 2896 473 2967 gentium
499 2897 834 2968 comedetis,
869 2902 925 2953 et
950 2899 1010 2952 in
1053 2900 1230 2970 gloria
1260 2916 1457 2954 eorum
1485 2899 1841 2971 superbietis,

203 3006 310 3060 pro
367 2990 708 3045 confusione
774 2996 963 3047 vestra
1007 2992 1222 3064 duplici
1277 2993 1485 3048 rubore
1533 2993 1846 3048 laudabunt

1939 2436 2392 2507 propinquemus
2423 2434 2547 2504 (Isa.
2575 2450 2666 2499 XL,
2701 2436 2768 2487 27
2799 2438 2848 2487 et
2876 2431 3030 2502 seq.).
3057 2452 3086 2481 »
3109 2433 3222 2485 Hos
3257 2434 3448 2486 autem
3479 2431 3577 2503 qui

1943 2545 2040 2584 eos
2100 2531 2309 2597 vetant,
2364 2531 2462 2580 aut
2514 2541 2772 2580 amovere
2826 2525 2913 2580 vel
2968 2525 3238 2579 damnare
3293 2525 3573 2593 nituntur,

1941 2622 2129 2693 ipsum
2158 2620 2466 2675 Dominum
2486 2635 2589 2690 per
2605 2618 2963 2689 (prophetam
2999 2617 3290 2684 damnare,
3314 2621 3370 2671 et
3393 2632 3577 2688 usque

1942 2715 2013 2770 ad
2037 2713 2476 2769 satisfactionem
2518 2721 2720 2767 eorum
2748 2715 2804 2766 et
2839 2709 3102 2765 Ecclesia:
3127 2710 3422 2765 damnatos
3453 2725 3576 2764 esse

1945 2808 2198 2878 docebat,
2226 2807 2326 2861 ubi
2353 2805 2473 2860 ait:
2513 2827 2540 2854 ‹‹
2565 2804 2720 2859 Talia
2753 2803 3054 2874 elegerunt
3091 2802 3151 2856 in
3193 2801 3296 2857 viis
3339 2801 3475 2870 suis,
3518 2806 3576 2856 et

1944 2901 2004 2956 in
2031 2898 2550 2956 abominationibus
2576 2897 2688 2951 suis
2717 2897 2908 2951 anima
2942 2911 3145 2951 eorum
3171 2895 3446 2950 delectata
3471 2899 3576 2960 est,

1948 2995 2095 3049 unde
2116 2999 2172 3049 et
2188 3009 2295 3064 ego
2315 2992 2526 3064 eligam
2541 2991 2828 3046 illusiones
2845 3005 3065 3057 eorum,
3079 2993 3137 3044 et
3152 2987 3579 3044 damnationem

204 3087 433 3154 partem
480 3100 702 3154 eorum,
741 3089 979 3156 propter
1018 3085 1126 3142 hoc
1170 3085 1231 3140 in
1267 3091 1420 3141 terra
1458 3102 1558 3141 sua
1600 3086 1847 3158 duplicia
1945 3088 2222 3143 adducam
2243 3086 2343 3154 eis,
2360 3085 2496 3157 quia
2515 3085 2734 3139 locutus
2762 3099 2891 3138 sum
2916 3082 3016 3152 eis,
3040 3086 3097 3137 et
3116 3098 3234 3136 non
3250 3081 3576 3148 audierunt,

205 3176 598 3246 possidebunt,
630 3180 689 3232 et
714 3177 909 3232 laetitia
933 3179 1301 3250 sempiterma
1319 3179 1427 3234 erit
1453 3179 1555 3234 eis.
1577 3179 1716 3244 Quia
1735 3196 1844 3252 ego
1870 3227 1918 3252 η
1945 3181 2312 3251 feceruntque
2359 3179 2574 3232 malum
2620 3177 2680 3232 in
2728 3177 2904 3231 oculis
2948 3175 3110 3246 meis,
3153 3179 3209 3230 et
3245 3190 3372 3247 quae
3421 3172 3582 3228 nolui

207 3227 492 3326 Dominus
521 3227 769 3342 diligens
789 3227 1094 3343 judicium:
1113 3275 1171 3328 et
1192 3273 1322 3328 odio
1353 3273 1566 3329 habens
1582 3227 1847 3345 rapina;
1867 3227 1922 3301 Ο
1947 3227 2472 3346 θιθεθτιωῗΑιιάίιε
2488 3271 2730 3326 verbum
2750 3269 2993 3337 Domini,
3009 3227 3110 3341 qui
3127 3227 3367 3323 treniitis
3377 3268 3448 3322 ad
3459 3283 3582 3323 ver-

204 3362 265 3416 in
285 3362 714 3432 holocaustum,
745 3368 802 3420 et
827 3365 973 3420 dabo
1000 3382 1143 3438 opus
1181 3381 1380 3422 eorum
1409 3368 1471 3422 in
1509 3367 1762 3438 veritate,
1793 3371 1850 3422 et
1945 3367 2083 3424 bum
2109 3367 2249 3438 ejus.
2269 3366 2546 3421 Dixerunt
2563 3365 2766 3420 fratres
2787 3362 2962 3419 vestri
2987 3361 3239 3417 odientes
3265 3377 3384 3430 vos,
3409 3365 3465 3416 et
3483 3377 3580 3417 vos

203 3455 386 3511 foedus
408 3461 758 3529 perpetuum
782 3459 986 3514 feriam
1013 3460 1114 3515 eis.
1155 3461 1224 3516 Et
1250 3461 1460 3517 scietur
1493 3462 1554 3516 in
1584 3461 1848 3533 gentibus

206 3565 402 3606 semen
416 3566 624 3606 eorum
644 3554 702 3606 et
717 3567 953 3622 germen
975 3568 1175 3609 eorum
1196 3553 1258 3609 in
1278 3555 1469 3611 medio
1485 3555 1844 3627 populorum.

205 3643 417 3699 Omnes
457 3643 558 3715 qui
604 3644 852 3701 viderint
902 3663 996 3702 eos
1045 3651 1394 3718 cognoscent
1430 3665 1544 3716 eos,
1585 3648 1720 3720 quia
1758 3647 1850 3702 isti

209 3741 344 3792 sunt
365 3753 570 3793 semen
606 3738 697 3794 cui
725 3738 1015 3795 benedixit
1052 3741 1368 3797 Dominus:
1402 3741 1660 3798 Gaudens
1707 3757 1846 3812 gau-

214 3830 379 3898 debo,
408 3834 466 3885 et
497 3831 806 3887 exsultabit
823 3833 1015 3888 anima
1042 3850 1169 3889 mea
1193 3835 1252 3889 in
1281 3836 1394 3890 Deo
1424 3851 1570 3905 meo,
1602 3833 1736 3906 quia
1767 3835 1851 3889 in-

213 3923 338 3978 duit
369 3941 465 3980 me
510 3923 850 3980 vestimento
895 3927 1110 3994 salutis,
1149 3931 1207 3982 et
1247 3927 1583 3983 indumento
1613 3927 1850 3998 justitiae

214 4017 598 4074 circumdedit
617 4034 732 4089 me,
760 4021 920 4090 quasi
949 4037 1221 4091 sponsum
1253 4021 1587 4077 decoratum
1617 4037 1848 4090 corona,

1948 3460 2273 3532 abjicientes
2301 3463 2534 3530 propter
2560 3474 2772 3513 nomen
2799 3473 2996 3512 meum
3030 3473 3044 3510 ι
3076 3455 3429 3510 Gloriﬁcetur
3467 3455 3580 3509 Do-

1947 3554 2160 3623 minus,
2179 3556 2234 3607 et
2247 3551 2561 3607 videbimus
2581 3550 2641 3604 in
2663 3550 2864 3605 laetitia
2883 3551 3098 3614 nostra,
3119 3547 3228 3618 ipsi
3249 3551 3442 3602 autem
3454 3563 3585 3602 con-

1947 3646 2259 3702 fundentur
2300 3644 2428 3716 (Isa.
2480 3657 2623 3712 Lm,
2674 3643 2806 3713 3-5),
2849 3663 2877 3692 ››
2918 3639 3198 3697 μηοηθηὶηι
3242 3639 3584 3698 laborabunt

1948 3741 2158 3795 frustra
2185 3738 2248 3792 in
2287 3735 2718 3792 conturbatione
2758 3734 3029 3805 praesules
3055 3733 3191 3801 mei,
3222 3732 3357 3803 quia
3386 3748 3585 3788 semen

1948 3831 2411 3889 benedictionum
2449 3828 2681 3884 Domini
2717 3832 2820 3898 est,
2852 3831 3161 3898 antequam
3192 3825 3437 3880 clament
3476 3841 3584 3896 ego

1952 3926 2274 3993 exaudiam,
2303 3928 2360 3979 et
2387 3922 2574 3978 adhuc
2603 3921 2712 3976 illis
2735 3920 3114 3992 loquentibus,
3145 3935 3254 3991 ego
3282 3918 3588 3974 exaudiam

1952 4022 2100 4092 (Isai.
2123 4035 2246 4088 va,
2274 4019 2364 4087 23,
2394 4017 2506 4088 24).
2537 4037 2564 4065 ››
2593 4015 2675 4072 Ad
2717 4013 3150 4086 gloriﬁcandum
3191 4028 3273 4080 se,
3300 4016 3357 4067 et
3398 4011 3589 4066 divina

214 4113 274 4164 et
313 4111 476 4183 quasi
526 4127 792 4183 sponsam
839 4116 1101 4169 ornatam
1151 4114 1460 4170 monilibus
1507 4114 1640 4169 suis.
1701 4114 1854 4169 Sicut
1952 4113 2218 4170 mandata
2245 4109 2594 4175 seminanda,
2625 4112 2682 4164 et
2702 4105 3160 4178 evangelizanda,
3194 4120 3288 4160 eos
3315 4104 3589 4160 Dominus

216 4203 371 4259 enim
393 4209 549 4260 terra
576 4205 794 4276 profert
813 4221 1050 4277 germen
1092 4212 1340 4276 suum,et
1370 4207 1514 4263 sicut
1541 4207 1742 4263 hortus
1765 4224 1848 4262 se«
1951 4207 2140 4278 elegit,
2181 4210 2238 4261 et
2279 4220 2396 4259 non
2442 4207 2505 4258 ut
2543 4201 2978 4273 prohibeantur,
3021 4202 3120 4253 aut
3161 4198 3586 4270 perturbentur,

215 4313 351 4352 men
375 4314 547 4352 suum
576 4299 882 4369 germinat,
911 4300 990 4355 sic
1026 4301 1299 4356 Dominus
1330 4303 1475 4377 Deus
1509 4300 1855 4373 germinabit
1951 4301 2152 4367 aiebat,
2193 4297 2466 4370 quoniam
2517 4295 2617 4366 qui
2661 4311 2758 4350 eos
2812 4293 2986 4363 laedit,
3034 4307 3168 4347 eum
3220 4291 3378 4346 laedit
3428 4291 3590 4362 cujus

207 4390 511 4461 justitiam,
588 4395 646 4446 et
702 4392 926 4448 laudem
996 4410 1186 4450 coram
1247 4395 1524 4450 universis
1588 4394 1854 4466 gentibus
1952 4393 2232 4466 legatione
2275 4390 2595 4460 funguntur
2625 4388 2694 4457 (II
2734 4387 2854 4442 Cor.
2898 4403 2950 4453 v,
2995 4387 3104 4455 20).
3143 4383 3456 4440 Praedicare
3497 4400 3591 4439 eos

219 4486 342 4553 (Ῑεαο
384 4501 492 4552 LXI,
517 4487 551 4539 θ
580 4488 633 4540 εί
658 4486 814 4557 seQ-l-
846 4507 874 4537 υ
1953 4487 2174 4543 assidue
2213 4488 2271 4540 et
2311 4482 2578 4538 mandata
2621 4479 2851 4535 Domini
2893 4479 3013 4534 sine
3043 4478 3462 4550 intermissione
3487 4494 3589 4532 an-

291 4578 396 4634 Eos
426 4582 620 4634 autem
663 4595 698 4633 a
729 4579 846 4634 solo
877 4580 1117 4636 Domino
1152 4579 1491 4651 judicandos
1535 4585 1635 4636 aut
1662 4597 1850 4638 remo-
1872 4596 1932 4670 D
1952 4580 2216 4637 nuntiare
2251 4577 2505 4650 rogabat.
2535 4576 2716 4646 Opera
2749 4589 2948 4670 eorum
2982 4572 3130 4670 bona
3159 4587 3357 4625 coram
3400 4569 3588 4670 homi-

223 4672 454 4739 vendos,
484 4675 545 4726 et
581 4688 699 4726 non
743 4673 814 4727 ab
854 4674 976 4729 aliis
1017 4690 1138 4729 esse
1166 4674 1409 4743 dicebat,
1447 4676 1582 4746 quia
1607 4675 1696 4730 sui
1725 4662 1920 4730 sunt—
1953 4674 2121 4731 nibus
2152 4676 2488 4737 monstrare,
2513 4672 2569 4726 et
2597 4665 3004 4721 conscientiam
3029 4664 3238 4718 bonam
3260 4678 3450 4716 coram
3476 4662 3590 4716 Deo

225 4769 281 4819 et
304 4781 417 4819 non
445 4764 696 4820 alterius.
729 4766 796 4836 Et
823 4765 948 4838 quis
988 4771 1073 4822 est
1109 4766 1207 4839 qui
1237 4766 1470 4823 alterius
1493 4767 1715 4838 judicet
1740 4783 1854 4824 ser-
1954 4767 2169 4829 habere
2192 4762 2535 4829 insinuabat,
2562 4773 2759 4814 omnes
2798 4755 3088 4829 principes
3127 4759 3298 4810 terrae
3329 4757 3386 4809 et
3412 4770 3589 4808 cunc-

229 4858 402 4913 vum?
428 4859 576 4913 Nam
615 4863 674 4914 et
717 4859 764 4913 si
805 4859 912 4915 ista
952 4875 1068 4915 non
1107 4861 1402 4932 patiuntur
1445 4861 1724 4930 homines,
1756 4877 1859 4918 nec
1958 4866 2043 4917 tos
2068 4858 2326 4914 homines
2364 4855 2442 4911 eis
2485 4851 2734 4922 obedire,
2763 4855 2821 4906 et
2863 4849 3050 4921 capita
3090 4864 3193 4903 sua
3235 4847 3590 4917 submittere,

229 4951 374 5007 Deus
398 4951 640 5007 deorum
665 4956 722 5007 et
747 4953 1023 5009 Dominus
1049 4953 1469 5010 dominantium
1507 4955 1630 5010 haec
1659 4955 1858 5011 ullate-

235 5061 338 5099 nus
359 5045 597 5116 patitur,
625 5045 778 5101 unde
805 5051 862 5102 et
889 5047 1193 5118 pr0phetas
1219 5047 1324 5103 sibi
1360 5051 1533 5104 testes
1558 5064 1678 5104 esse
1707 5048 1860 5104 dice-

238 5137 346 5207 bat,
376 5155 482 5210 per
506 5155 650 5211 quos
675 5138 949 5195 Dominus
982 5141 1252 5212 loquitur,
1281 5141 1471 5198 dicens
1504 5159 1517 5198 :
1553 5161 1584 5196 a
1605 5143 1746 5198 Ecce
1773 5159 1866 5198 ex-

241 5231 354 5286 coxi
378 5236 458 5302 te,
494 5233 595 5288 sed
618 5249 738 5288 non
771 5233 933 5306 quasi
964 5240 1269 5307 argentum
1297 5236 1444 5308 elegi
1473 5238 1527 5291 te
1558 5237 1620 5291 in
1645 5236 1866 5291 camino

241 5326 599 5398 paupertatis,
623 5332 861 5399 propter
885 5344 978 5384 me
1006 5328 1231 5397 faciam,
1258 5333 1324 5384 ut
1345 5343 1460 5384 non
1485 5329 1864 5401 blasphemer,

245 5422 295 5471 et
317 5419 563 5488 gloriam
591 5436 783 5476 meam
814 5421 980 5476 alteri
1006 5437 1123 5476 non
1149 5421 1317 5477 dabo.
1347 5422 1491 5478 Audi
1527 5439 1645 5492 me,
1677 5423 1866 5492 Jacob,

248 5515 296 5565 et
319 5513 483 5569 Israel
528 5529 705 5586 quem
749 5529 858 5586 ego
897 5530 1050 5570 voco.
1078 5516 1199 5586 Ego
1235 5515 1378 5587 ipse,
1408 5532 1516 5588 ego
1543 5516 1784 5589 primus,
1817 5520 1874 5572 et

248 5619 343 5675 ego
360 5607 722 5678 novissimus,
745 5623 949 5664 manus
967 5624 1194 5681 quoque
1215 5624 1346 5677 mea
1363 5609 1622 5666 fundavit
1638 5613 1872 5681 terram,

1962 4968 2277 5024 eorumque
2304 4949 2592 5021 adjutores
2622 4945 2859 5002 existere
2887 4941 3270 5014 praecipiebat,
3298 4944 3365 4995 ut
3395 4956 3594 4996 omnes

1959 5048 2173 5121 pariter
2201 5044 2396 5101 ﬁdeles
2437 5047 2492 5099 et
2534 5043 2924 5112 cooperatores
2962 5035 3107 5107 legis
3135 5033 3364 5090 Domini
3392 5050 3593 5088 mons-

1965 5145 2270 5209 trarentur,
2315 5154 2388 5193 ne
2436 5137 2506 5192 de
2555 5135 2633 5190 eis
2679 5133 2918 5187 dicatur.
2967 5151 2997 5180 ‹‹
3041 5127 3492 5197 Confundantur,
3541 5132 3599 5182 et

1967 5235 2302 5291 erubescant
2323 5246 2525 5287 omnes
2545 5226 2644 5300 qui
2661 5227 2922 5298 pugnant
2938 5223 3238 5278 adversum
3256 5225 3333 5292 te,
3357 5225 3413 5276 et
3432 5225 3603 5275 erunt

1968 5327 2126 5400 quasi
2174 5342 2289 5381 non
2329 5324 2462 5393 sint,
2509 5327 2566 5378 et
2607 5319 2875 5392 peribunt
2912 5317 3019 5372 viri
3066 5316 3166 5388 qui
3210 5313 3602 5371 contradicunt

1968 5421 2093 5478 tibi.
2117 5421 2348 5485 Quaeres
2383 5433 2480 5472 eos
2500 5418 2558 5471 et
2581 5431 2697 5469 non
2722 5411 2976 5468 invenies
3005 5410 3153 5465 viros
3190 5408 3427 5465 rebelles
3453 5411 3602 5463 tuos.

1972 5517 2154 5570 Erunt
2180 5511 2341 5585 quasi
2368 5525 2488 5566 non
2521 5508 2654 5578 sint,
2685 5511 2743 5563 et
2770 5505 2942 5569 veluti
2972 5502 3326 5574 consumptio
3357 5500 3605 5557 hominis

1973 5606 2234 5664 bellantis
2271 5604 2573 5660 adversum
2607 5604 2664 5656 te
2699 5599 2826 5670 (Isa.
2869 5614 2978 5669 xm,
3018 5600 3075 5652 ll
3127 5600 3176 5652 et
3220 5597 3324 5665 12).
3355 5615 3382 5644 ››
3414 5592 3608 5649 Omnis

250 5701 299 5752 et
321 5699 549 5756 dextera
579 5716 708 5756 mea
736 5717 936 5758 mensa
965 5707 1048 5758 est
1079 5703 1264 5759 coelos.
1289 5704 1406 5774 Ego
1438 5703 1648 5760 vocabo
1679 5719 1798 5774 eos,
1820 5707 1878 5760 et
1975 5718 2132 5774 ergo,
2163 5699 2261 5772 qui
2306 5698 2386 5754 eis
2427 5693 2799 5764 contravenit,
2828 5693 2906 5748 ita
2943 5691 3238 5746 damnatos
3276 5691 3333 5744 et
3369 5686 3612 5741 infames

252 5793 473 5850 stabunt
496 5795 669 5851 simul
705 5796 832 5867 (Isa.
857 5812 1051 5865 vauI,
1092 5799 1156 5852 lO
1185 5801 1235 5852 et
1256 5797 1411 5869 seq.),
1444 5814 1537 5853 me
1559 5798 1756 5854 insulae
1787 5814 1874 5855 ex-

1980 5811 2158 5869 usque
2179 5794 2250 5849 ad
2270 5791 2715 5849 satisfactionem
2733 5784 3103 5854 monstrabat,
3121 5788 3177 5839 et
3195 5780 3303 5838 nisi
3327 5783 3616 5836 converte-

257 5888 605 5959 spectabunt,
641 5893 700 5945 et
727 5889 1024 5945 brachium
1059 5905 1258 5947 meum
1295 5891 1676 5949 sustinebunt.
1720 5892 1879 5949 Salus
1983 5895 2179 5948 rentur
2201 5886 2543 5944 aliminibus
2569 5881 2824 5940 Ecclesiae
2854 5881 3068 5937 alienos
3089 5892 3208 5935 esse
3229 5872 3612 5948 praecipiebat.

659 5985 935 6053 PATROL.
983 5985 1211 6058 CXXX.

3182 5979 3218 6037 2
