4068 6358
495 339 563 394 35
1387 335 1674 391 APPEND.
1713 334 1800 388 AD
1838 333 1998 388 SASC.
2040 335 2126 389 1X.
2157 363 2225 373 —
2265 334 2507 390 lSlDORl
2547 333 2970 390 MERCATORIS
3792 333 3856 388 36

567 443 1018 499 Homicidiorum
1057 457 1186 498 vero
1226 441 1335 498 tria
1378 458 1590 513 genera
1630 456 1750 495 esse
1793 439 2035 508 dicebat,
2069 444 2127 496 et
2145 455 2338 528 Anon
2364 442 2624 508 reddere,
2660 457 2766 497 nec
2809 440 3081 511 injuriam
3124 439 3332 510 facere,
3369 438 3467 494 sed
3505 439 3710 494 factam
3752 455 3855 510 pa-

496 553 726 608 poenam
765 552 966 592 eorum
1008 538 1300 606 patentem
1331 535 1448 589 fore
1493 533 1744 589 docebat.
1778 533 1932 588 Sicut
1969 534 2123 588 enim

498 629 831 699 homicidas,
864 629 1253 684 interfectores
1292 627 1550 694 fratrum,
1583 627 1662 682 ita
1695 632 1752 682 et
1781 628 2124 682 detractores

498 739 703 779 eorum
750 737 959 793 eosque
1003 722 1256 777 odientes
1290 719 1602 774 homicidas
1641 736 1762 775 esse
1800 720 2122 775 manifesta-

492 816 608 886 bat,
639 815 772 887 quia
798 821 854 870 et
879 815 978 886 qui
1005 813 1205 869 occidit
1229 813 1464 867 fratrem
1491 829 1658 867 suum
1690 818 1748 867 et
1776 813 1874 884 qui
1904 813 2039 886 odit,
2069 818 2126 869 et

496 908 595 979 qui
625 907 872 964 detrahit
900 907 1128 978 pariter,
1157 904 1461 960 homicidae
1489 921 1609 960 esse
1638 909 2050 961 monstrantur.

566 1001 774 1056 Omnes
803 1000 955 1055 enim
979 1015 1011 1052 a
1040 998 1360 1053 carnalibus
1394 998 1687 1053 desideriis
1721 1015 1848 1070 quae
1874 999 2126 1054 militant

492 1094 756 1150 adversus
801 1092 1053 1147 animam
1096 1091 1173 1162 (II
1202 1095 1349 1148 Petr.
1392 1107 1452 1159 II,
1485 1092 1568 1162 11)
1595 1091 1895 1163 abstinere,
1925 1096 1983 1147 et
2022 1092 2124 1147 bo-

490 1203 624 1242 nam
652 1201 848 1241 eorum
875 1184 1364 1240 conversationem
1387 1201 1451 1238 ac
1477 1184 1838 1240 innocentem
1862 1184 2122 1240 omnibus

489 1283 804 1335 monstrare
829 1277 1090 1349 rogabat.
1115 1279 1192 1331 Ex
1219 1277 1385 1332 corde
1414 1277 1569 1333 enim
1600 1282 1831 1334 cunctos
1856 1278 2122 1334 attentius

485 1371 731 1428 invicem
782 1370 1021 1441 diligere
1070 1370 1416 1438 insinuabat,
1466 1375 1523 1426 et
1564 1387 1756 1426 veram
1799 1371 2118 1426 fraternita-

488 1469 606 1520 tem
631 1464 783 1519 inter
807 1480 867 1518 se
893 1463 1104 1518 habere
1135 1462 1385 1518 docebat.
1417 1463 1758 1528 Quotidiana
1782 1463 1937 1518 enim
1976 1464 2122 1518 illius

489 1557 840 1629 praedicatio,
874 1555 1022 1612 inter
1047 1559 1252 1611 caetera
1280 1555 1491 1627 divina,
1520 1557 1642 1612 haec
1668 1561 1807 1624 erat,
1834 1557 2118 1627 mandata,

488 1666 663 1722 quam
703 1650 764 1704 in
801 1649 922 1720 ejus
959 1649 1281 1721 exemplum
1329 1649 1500 1704 etiam
1541 1650 1663 1718 tibi,
1691 1650 1865 1705 frater
1904 1650 2120 1705 charis-

487 1743 660 1813 sime,
719 1742 1038 1814 signiﬁcare
1093 1743 1305 1798 curavi.
1367 1743 1651 1798 Bonorum
1706 1744 1926 1815 (inquit)
1983 1760 2118 1814 ope-

2225 534 2432 591 tienter
2472 535 2728 606 sufferre,
2765 534 3025 588 inimicos
3061 532 3322 604 diligere,
3358 532 3760 588 maledicentes
3801 548 3857 587 se

2225 645 2341 684 non
2365 629 2786 697 remaledicere,
2812 628 2909 683 sed
2935 627 3119 698 magis
3145 626 3502 696 benedicere,
3526 629 3584 680 et
3602 642 3856 697 persecu-

2223 723 2440 778 tionem
2470 739 2573 793 pro
2611 721 2834 793 justitia
2863 721 3161 776 sustinere.
3191 719 3534 776 Charitatem
3560 735 3774 788 amare,
3801 724 3857 774 et

2223 816 2444 870 nullum
2471 816 2601 871 odio
2625 815 2853 884 habere,
2882 815 3020 886 quia
3053 835 3081 863 ‹‹
3114 813 3214 884 qui
3248 813 3368 868 odit
3395 813 3634 866 fratrem
3663 828 3850 881 suum,

2225 909 2510 964 homicida
2552 913 2635 963 est
2677 909 2725 977 (Ι
2755 911 2914 963 Joan.
2958 923 3039 975 Ill,
3080 907 3184 975 15).
3215 927 3243 955 ››
3278 905 3591 962 Elationem
3633 905 3851 976 fugere,

2224 1003 2407 1057 zelum
2448 1001 2667 1056 malum
2707 1017 2824 1056 non
2868 1000 3101 1054 habere.
3136 999 3404 1053 Invidiam
3432 1015 3549 1052 non
3574 1013 3852 1061 exercere,

2223 1111 2328 1151 nec
2353 1095 2772 1150 contentionem
2813 1109 3025 1148 amare.
3053 1093 3195 1147 Cum
3236 1091 3688 1147 discordantibus
3723 1094 3854 1147 ante

2224 1189 2359 1244 solis
2389 1204 2648 1244 occasum
2676 1187 2734 1241 in
2759 1203 2961 1258 pacem
2987 1185 3196 1252 redire,
3225 1189 3281 1240 et
3307 1185 3378 1239 de
3407 1184 3507 1240 Dei
3532 1185 3850 1240 misericor-

2224 1281 2316 1337 dia
2357 1297 2655 1353 nunquam
2697 1281 3014 1351 desperare.
3055 1278 3314 1334 Seniores
3347 1277 3622 1344 venerari,
3666 1279 3725 1330 et
3753 1277 3852 1347 ju-

2222 1375 2410 1430 niores
2430 1375 2688 1445 diligere.
2711 1373 3033 1444 Episcopos,
3056 1372 3369 1427 sacerdotes
3387 1387 3516 1425 suos
3539 1387 3605 1425 ac
3622 1375 3854 1425 cunctos

2220 1469 2470 1540 reliquos
2515 1467 2774 1522 Ecclesiae
2817 1466 3108 1522 ministros
3135 1470 3304 1536 atque
3351 1479 3584 1519 omnem
3626 1463 3853 1534 plebem

2222 1561 2326 1616 sibi
2361 1561 2719 1616 commissam
2759 1560 2933 1614 verba
2975 1559 3166 1614 divina
3195 1561 3253 1613 et
3278 1558 3543 1613 mandata
3571 1557 3854 1612 instruere

2223 1660 2278 1710 et
2333 1670 2554 1724 amare,
2606 1654 2822 1724 hosque
2883 1669 3084 1707 omnes
3137 1667 3336 1706 eorum
3392 1651 3679 1722 episcopos
3733 1652 3855 1703 tota

2222 1747 2397 1802 animi
2440 1748 2645 1802 virtute
2688 1746 2925 1816 diligere
2974 1748 3039 1799 ut
3083 1745 3272 1800 oculos
3323 1761 3476 1812 suos,
3520 1743 3652 1814 quia
3703 1742 3854 1796 oculi

486 1852 619 1891 rum
643 1835 795 1891 inter
822 1839 1026 1890 caetera
1054 1835 1270 1891 semina
1308 1853 1372 1891 ac
1407 1837 1635 1909 negotia
1672 1843 1804 1892 sunt
1842 1842 2122 1909 quantum
2139 1823 2196 1895 B
2221 1845 2352 1896 sunt
2376 1841 2625 1895 illorum.
2657 1841 2872 1894 Eorum
2901 1838 3196 1910 praeceptis
3222 1837 3280 1891 in
3309 1837 3570 1891 omnibus
3597 1834 3851 1904 obedire,

488 1929 874 2000 unusquisque
909 1928 1075 2000 sapit,
1107 1933 1164 1984 et
1205 1933 1392 2001 potest
1425 1930 1555 1984 totis
1593 1929 1779 1985 intimi
1819 1929 2005 1984 cordis
2037 1930 2120 2000 (ut

483 2021 845 2093 praelibatum
897 2024 981 2076 est
1001 2021 1015 2092 )
1037 2062 1050 2088 ,
1111 2021 1415 2076 visceribus
1479 2023 1661 2078 Deum
1727 2021 1964 2093 diligere
1985 2064 1999 2092 ,
2061 2026 2119 2076 et

485 2113 814 2186 proximum
861 2113 1011 2169 velut
1055 2114 1324 2185 seipsum.
1369 2115 1668 2187 Abnegare
1701 2114 1949 2187 seipsum
1986 2115 2114 2185 sibi,

485 2212 548 2262 ut
581 2209 773 2263 Jesum
799 2207 1089 2262 Christum
1115 2208 1424 2264 Dominum
1453 2212 1714 2264 nostrum
1741 2211 2030 2281 sequatur,
2062 2211 2118 2265 et

481 2299 625 2354 nihil
653 2302 774 2371 ejus
808 2300 986 2355 amori
1027 2317 1382 2372 praeponere,
1414 2302 1710 2357 veritatem
1738 2302 1903 2356 corde
1934 2305 1990 2357 et
2019 2317 2116 2356 ore

480 2393 736 2466 proferre
785 2393 1012 2460 debere,
1061 2397 1119 2448 et
1159 2397 1339 2449 totam
1393 2410 1555 2449 suam
1605 2395 1842 2450 Domino
1885 2410 2116 2466 semper

481 2486 839 2542 committere
881 2486 1212 2557 instruebat,
1240 2491 1396 2542 actus
1441 2503 1558 2542 suae
1605 2489 1736 2542 vita:
1774 2487 1928 2542 omni
1969 2489 2116 2543 hora

480 2579 781 2647 custodire,
811 2581 869 2635 et
897 2579 1056 2634 omni
1094 2580 1218 2635 loco
1258 2580 1437 2635 Deum
1479 2596 1538 2635 se
1578 2581 1852 2652 respicere
1876 2581 2115 2636 firmiter

480 2673 640 2728 scire.
668 2672 1048 2744 Cogitationes
1073 2673 1247 2728 malas
1278 2673 1434 2728 cordi
1461 2690 1564 2729 suo
1587 2674 1952 2730 advenientes
1976 2691 2113 2730 mox

479 2767 551 2821 ad
581 2765 872 2821 Christum
901 2765 1154 2835 allidere,
1197 2770 1255 2822 et
1296 2767 1679 2823 sacerdotibus
1722 2768 1946 2823 Domini
1983 2784 2111 2823 ma-

480 2859 767 2916 nifestare.

550 2953 624 3008 Os
635 2965 801 3008 suum
817 2969 849 3008 a
862 2953 1031 3022 malo,
1045 2953 1133 3009 vel
1151 2969 1326 3024 pravo
1349 2953 1573 3026 eloquio
1593 2955 1898 3025 custodire,
1913 2959 1968 3010 et
1985 2970 2110 3009 ver-

473 3047 548 3103 ba
567 3063 714 3103 vana
731 3051 831 3103 aut
848 3045 1138 3102 mendacia
1158 3063 1273 3102 non
1292 3048 1468 3120 loqui,
1491 3047 1623 3120 quia
1651 3065 1756 3103 «os
1772 3047 1923 3120 quod
1944 3062 2110 3102 men-

476 3141 618 3196 titur
630 3141 834 3196 occidit
846 3140 1094 3195 animam
1110 3139 1239 3212 (Sap
1248 3181 1260 3195 .
1276 3157 1316 3211 1,
1336 3145 1354 3195 1
1371 3145 1391 3195 1
1403 3142 1654 3211 );»verba
1665 3142 1858 3196 divina
1867 3141 2112 3196 libenter

477 3234 693 3305 audire,
723 3238 780 3289 et
817 3234 1197 3290 sacerdotibus
1245 3234 1361 3289 suis
1403 3234 1650 3290 libenter
1691 3235 2102 3306 obtemperare,

474 3331 644 3400 atque
667 3325 722 3398 '7
750 3326 1070 3383 obedientes
1097 3344 1218 3384 esse
1247 3327 1499 3383 docebat.
1522 3327 1914 3383 Praedicationi
1937 3331 2108 3399 atque

474 3421 716 3476 orationi
740 3436 803 3474 ac
822 3420 1047 3476 lectioni
1064 3421 1395 3493 frequenter
1416 3421 1767 3489 incumbere,
1791 3425 1848 3476 et
1871 3422 2108 3476 eleemo—

472 3529 638 3586 synas
662 3530 822 3569 veras
846 3514 1140 3586 perﬁcere.
1173 3535 1201 3565 ‹‹
1229 3513 1517 3570 Desideria
1556 3515 1742 3570 carnis
1777 3531 1896 3570 non
1932 3513 2104 3586 perﬁ-

471 3622 600 3662 cere
645 3606 788 3678 (Gal.
835 3623 890 3678 v,
947 3607 1052 3680 16),
1111 3627 1140 3658 »
1195 3607 1294 3664 sed
1349 3607 1644 3680 propriam
1693 3608 1959 3680 frangere
2005 3624 2104 3662 vo-

470 3699 774 3768 luntatem;
801 3699 935 3755 boni
983 3699 1199 3772 aliquid
1243 3701 1304 3754 in
1348 3715 1407 3755 se
1444 3716 1577 3756 cum
1607 3700 1811 3755 viderit
1845 3702 1956 3755 Deo
1999 3717 2104 3771 ap-

472 3792 663 3864 plicet,
700 3809 816 3848 non
857 3792 984 3860 sibi,
1023 3795 1080 3848 ct
1117 3792 1336 3847 malum
1379 3809 1414 3846 a
1439 3809 1498 3848 se
1539 3793 1754 3847 factum
1786 3796 2104 3864 cognoscat,

472 3890 530 3941 et
554 3884 662 3940 sibi
688 3889 931 3958 reputet.
961 3885 1200 3941 Multum
1227 3883 1385 3955 loqui
1414 3901 1530 3939 non
1559 3901 1774 3954 amare,
1803 3884 1902 3939 sed
1929 3888 2108 3940 custo-

473 3977 595 4034 dire
639 3978 788 4033 labia
831 3995 933 4034 sua
986 3993 1060 4033 ne
1115 3977 1312 4033 dolum
1364 3980 1462 4032 aut
1513 3978 1728 4034 malum
1777 3978 2104 4049 loquantur,

474 4071 627 4128 diem
655 4071 860 4144 judicii
895 4071 1118 4139 timere,
1153 4071 1474 4141 gehennam
1513 4087 1902 4143 expavescere,
1931 4070 2107 4125 vitam

473 4171 746 4222 aeternam
771 4163 929 4219 omni
955 4164 1407 4234 concupiscentia
1433 4164 1752 4221 desiderare
1770 4206 1784 4234 ,
1810 4181 1927 4220 non
1954 4164 2104 4219 occi-

475 4261 630 4326 dere,
656 4273 772 4313 non
813 4256 1138 4326 adulterari,
1166 4273 1282 4312 non
1327 4258 1546 4314 furtum
1588 4259 1793 4326 facere,
1823 4274 1941 4312 non
1984 4273 2107 4313 rem

474 4350 723 4424 proximi
745 4349 1161 4420 concupiscere,
1195 4367 1309 4406 non
1337 4351 1545 4407 falsum
1583 4351 1976 4407 testimonium
2015 4351 2102 4406 di-

475 4459 602 4500 cere
650 4443 847 4515 (Emod.
895 4458 985 4511 xx,
1032 4447 1096 4499 13
1153 4448 1203 4500 et
1251 4446 1405 4517 seq.),
1452 4446 1547 4500 sed
1595 4461 1791 4501 omnes
1844 4444 2106 4500 homines

2131 3185 2185 3261 C

2219 1933 2442 1988 etiamsi
2467 1931 2574 2004 ipsi
2618 1932 2784 1987 aliter
2815 1931 2990 2003 (quod
3029 1930 3192 2000 absit)
3222 1934 3411 2000 agant,
3441 1944 3723 1983 memores
3747 1927 3856 1982 sci-

2218 2027 2352 2082 licet
2376 2026 2525 2080 illius
2558 2025 2836 2080 Dominici
2863 2024 3130 2096 praecepti
3161 2040 3174 2078 2
3214 2046 3241 2072 ‹‹
3271 2023 3408 2087 Qum
3436 2022 3634 2076 dicunt
3661 2021 3850 2090 facite,

2217 2135 2346 2190 quae
2382 2123 2573 2174 autem
2617 2118 2832 2173 faciunt
2864 2118 3049 2172 facere
3079 2117 3254 2171 nolite
3283 2115 3500 2187 (Matth.
3535 2130 3687 2183 xxm,
3716 2115 3786 2184 3).
3817 2134 3848 2163 ››

2214 2212 2324 2284 Ipsi
2363 2217 2554 2267 autem
2601 2211 2848 2283 episc0pi
2891 2209 2936 2264 si
2978 2208 3418 2265 exorbitaverint
3457 2207 3527 2262 ab
3557 2207 3702 2276 istis,
3730 2223 3852 2261 non

2216 2310 2348 2361 sunt
2395 2304 2873 2377 reprehendendi,
2918 2303 3008 2358 vel
3059 2302 3360 2374 arguendi,
3409 2301 3506 2356 sed
3554 2299 3852 2372 portandi,

2213 2398 2325 2454 nisi
2348 2398 2409 2453 in
2446 2398 2558 2453 ﬁde
2599 2397 2929 2453 erraverint.
2960 2395 3027 2450 Hi
3053 2412 3190 2467 ergo
3217 2411 3388 2466 super
3417 2394 3520 2448 hos
3547 2398 3699 2461 sunt,
3734 2409 3854 2448 non

2213 2492 2296 2547 illi
2324 2508 2496 2563 super
2524 2491 2679 2558 istos,
2708 2490 2983 2562 quoniam
3013 2488 3201 2559 major
3226 2506 3260 2542 a
3288 2487 3506 2543 minore
3525 2503 3630 2542 nec
3659 2487 3852 2556 argui,

2214 2602 2319 2640 nec
2334 2585 2579 2656 judicari
2607 2588 2811 2656 potest.
2843 2584 3038 2638 Nullus
3063 2599 3121 2636 se
3161 2582 3391 2637 extollat
3419 2597 3556 2652 erga
3585 2580 3854 2636 doctores

2213 2695 2277 2732 ac
2299 2680 2604 2750 magistros
2621 2693 2769 2745 suos,
2783 2677 2918 2750 quia
2935 2699 2962 2728 ‹‹
2987 2676 3293 2750 discipulus
3313 2689 3485 2747 super
3505 2673 3852 2745 magistrum

2212 2787 2328 2827 non
2370 2742 2488 2828 esse
2533 2742 2835 2841 (Matthxi,
2864 2771 2948 2840 24)
2984 2742 3039 2853 »Ι
3055 2742 3222 2826 debet
3262 2785 3366 2824 nec
3382 2742 3630 2839 potest:
3650 2766 3854 2822 Nullus

2210 2865 2346 2930 velit
2371 2864 2482 2920 dici
2507 2868 2754 2932 sanctus,
2783 2869 3086 2936 antequam
3116 2862 3206 2931 sit,
3230 2862 3325 2917 sed
3351 2861 3509 2933 prius
3541 2860 3632 2928 sit,
3661 2862 3726 2914 ut
3749 2876 3851 2915 ve-

2212 2959 2328 3013 rius
2359 2958 2595 3014 dicatur.
2624 2960 2912 3030 Praecepta
2937 2957 3162 3012 Domini
3199 2957 3605 3026 doctorumque
3630 2969 3695 3007 ac
3720 2969 3852 3008 ma-

2213 3051 2519 3123 gistrorum
2562 3052 2723 3107 factis
2767 3051 3017 3123 quotidie
3062 3050 3396 3121 adimplere,
3438 3051 3498 3102 et
3535 3047 3595 3100 in
3641 3046 3856 3102 Christi

2213 3145 2447 3201 nomine
2470 3162 2576 3217 pro
2599 3144 2841 3200 inimicis
2871 3159 3032 3199 orare
3058 3145 3296 3213 oportet.
3330 3140 3662 3196 Obedientia
3691 3140 3856 3195 enim

2210 3243 2265 3293 et
2289 3239 2626 3307 humiliatio,
2649 3254 2779 3308 quae
2803 3235 3089 3309 magistris
3119 3235 3332 3307 agitur,
3355 3232 3591 3288 Domino
3617 3233 3856 3288 exhibe-

2205 3334 2316 3386 tur.
2349 3352 2377 3380 «
2407 3331 2604 3385 Timor
2633 3328 2859 3384 Domini
2887 3327 3201 3394 delectabit,
3236 3332 3293 3382 et
3323 3326 3480 3381 dabit
3506 3325 3765 3380 laetitiam
3795 3331 3858 3381 et

2209 3423 2479 3496 gaudium
2520 3423 2581 3478 in
2624 3422 3040 3495 longitudinem
3085 3422 3328 3477 dierum.
3358 3418 3603 3475 Timenti
3649 3419 3854 3474 Domi-

2205 3535 2347 3574 num
2392 3517 2537 3572 bene
2580 3516 2687 3573 erit
2732 3515 2792 3571 in
2835 3515 3103 3572 extremis
3143 3520 3200 3569 et
3242 3515 3301 3568 in
3343 3513 3434 3568 die
3463 3511 3856 3568 defunctionis

2206 3628 2322 3666 suae
2371 3610 2669 3666 benedicet
2717 3611 2902 3683 (Eccli.
2952 3627 3005 3675 1,
3068 3611 3166 3673 l2,
3223 3608 3330 3672 13).
3382 3627 3410 3656 ››
3473 3606 3567 3660 Vae
3615 3604 3858 3660 dissolu-

2206 3704 2278 3758 tis
2327 3703 2517 3770 corde,
2571 3703 2670 3774 qui
2721 3718 2839 3757 non
2887 3700 3253 3756 crediderunt
3294 3699 3425 3766 Deo,
3475 3702 3531 3754 et
3571 3697 3857 3754 resistunt

2207 3795 2490 3851 mandatis
2518 3795 2659 3866 ejus,
2693 3798 2749 3850 et
2782 3793 3173 3849 inobedientes
3210 3809 3273 3847 ac
3321 3795 3676 3847 contumaces
3711 3798 3859 3848 sunt

2207 3889 2295 3944 his
2323 3890 2423 3959 qui
2449 3889 2570 3960 ejus
2591 3889 2878 3960 legatione
2904 3887 3245 3958 funguntur,
3277 3891 3335 3941 et
3354 3883 3480 3941 ideo
3506 3901 3623 3940 non
3647 3888 3852 3956 prote-

2207 3983 2424 4052 guntur
2447 3982 2518 4036 ab
2543 3997 2633 4037 eo.
2663 3982 2757 4035 Vae
2784 3981 2875 4036 his
2901 3980 2999 4052 qui
3025 3979 3397 4052 perdiderunt
3423 3977 3851 4047 sustinentiam,

2206 4074 2306 4147 qui
2331 4073 2758 4146 dereliquerunt
2783 4073 2896 4129 vias
2926 4078 3123 4144 rectas,
3153 4078 3210 4129 et
3235 4072 3586 4128 diverterunt
3610 4070 3682 4125 ad
3725 4071 3856 4128 vias

2205 4184 2428 4241 pravas.
2478 4169 2546 4223 Et
2600 4167 2736 4240 quid
2787 4167 2997 4223 facient
3019 4209 3033 4234 ,
3092 4183 3224 4221 cum
3278 4165 3558 4237 inspicere
3609 4167 3857 4237 coeperit

2207 4261 2500 4317 Dominus.
2552 4261 2659 4325 Qui
2714 4261 2920 4318 timent
2969 4260 3302 4326 Dominum,
3356 4275 3476 4314 non
3527 4262 3698 4313 erunt
3749 4258 3849 4315 in-

2205 4355 2498 4412 credibiles
2521 4355 2695 4410 verbo
2722 4354 2890 4422 illius,
2923 4359 2980 4410 et
3003 4355 3102 4426 qui
3133 4352 3386 4423 diligunt
3408 4351 3590 4419 illum,
3613 4367 3854 4408 conser-

2205 4449 2419 4503 vabunt
2441 4448 2590 4503 viam
2617 4448 2789 4504 illius.
2820 4447 2927 4513 Qui
2954 4448 3160 4502 timent
3184 4445 3514 4512 Dominum,
3547 4442 3859 4516 inquirant

475 4538 786 4607 honorare,
825 4553 1028 4608 corpus
1059 4537 1364 4610 custodire,
1402 4555 1573 4594 vanas
1610 4543 1667 4594 et
1707 4539 1946 4594 caducas
1989 4553 2184 4628 nonD
2207 4558 2336 4614 qum
2374 4541 2726 4615 beneplacita
2769 4547 2900 4598 sunt
2936 4540 3039 4610 illi,
3069 4544 3127 4596 et
3162 4539 3260 4610 qui
3290 4538 3542 4609 diligunt
3571 4554 3725 4607 eum,
3757 4555 3858 4595 re-

475 4629 743 4702 amplecti
773 4629 1018 4700 delicias,
1042 4631 1328 4703 jejunium
1368 4637 1424 4688 et
1450 4631 1668 4704 vigilias
1693 4636 1912 4688 sanctas
1948 4648 2106 4687 ama-

477 4739 560 4794 re,
592 4741 871 4798 pauperes
895 4741 1171 4794 recreare,
1200 4726 1384 4782 nudos
1422 4726 1646 4796 vestire,
1675 4727 1931 4781 inﬁrmos
1975 4725 2105 4780 visi-

478 4821 618 4888 tare,
646 4818 900 4876 sitientes
938 4823 1154 4891 potare,
1182 4825 1436 4875 mortuos
1471 4819 1732 4891 sepelire,
1763 4823 1822 4874 et
1855 4819 2104 4890 diligen-

477 4917 566 4969 ter
603 4927 801 4969 eorum
830 4913 1122 4986 exsequias
1151 4929 1450 4985 peragere,
1476 4929 1582 4984 pro
1617 4912 1808 4984 eisque
1836 4928 2017 4980 orare,
2051 4917 2107 4968 et

481 5007 862 5077 eleemosynas
889 5006 1045 5063 dare.
1075 5005 1342 5062 Dolentes
1379 5005 1676 5076 consolari,
1711 5011 1767 5062 et
1803 5005 1918 5061 suis
1941 5005 2105 5061 bonis

478 5101 735 5156 refovere
762 5104 818 5155 et
854 5114 889 5152 a
928 5099 1096 5154 malis
1131 5100 1346 5156 actibus
1375 5115 1434 5154 se
1467 5098 1720 5155 alienum
1746 5099 1961 5169 facere;
1989 5116 2104 5156 non

481 5210 600 5251 esse
640 5192 971 5266 superbum,
1005 5214 1032 5243 «
1057 5209 1172 5247 non
1218 5194 1570 5249 vinolentum
1599 5193 1727 5265 (Tit.
1769 5211 1811 5264 ι,
1833 5194 1908 5268 7),
1938 5216 1967 5247 ››
1997 5211 2104 5251 nec

479 5288 726 5344 multum
767 5286 1024 5354 edacem,
1055 5301 1171 5340 non
1217 5287 1661 5358 somnolentum,
1689 5305 1807 5344 non
1847 5289 2102 5361 pigrum,

478 5399 599 5439 non
656 5384 1159 5447 murmuratorem,
1216 5396 1320 5435 nec
1368 5380 1761 5452 detractorem,
1816 5383 1952 5454 quia
2003 5381 2104 5453 qui

481 5475 752 5543 detrahit,
795 5491 912 5530 non
956 5475 1138 5530 solum
1171 5489 1250 5545 se,
1286 5473 1382 5529 sed
1419 5477 1626 5532 multos
1675 5477 1814 5532 alios
1868 5473 2098 5544 occidit;

478 5571 624 5628 iram
679 5585 793 5624 non
847 5568 1134 5640 perficere,
1178 5584 1280 5624 nec
1307 5569 1614 5626 iracundiae
1639 5575 1866 5640 tempus
1914 5583 2099 5622 reser-

479 5682 628 5722 vare.
661 5663 867 5718 Dolum
897 5663 956 5717 in
985 5662 1152 5718 corde
1171 5679 1285 5718 non
1313 5667 1526 5731 tenere,
1555 5679 1661 5718 nec
1684 5677 1880 5733 pacem
1904 5661 2102 5717 falsam

478 5762 634 5829 dare,
674 5756 1003 5812 charitatem
1039 5773 1154 5811 non
1194 5755 1607 5827 derelinquere,
1646 5771 1751 5808 nec
1781 5755 1996 5826 jurare,
2028 5771 2101 5811 ne

476 5853 618 5910 forte
660 5851 922 5928 perjurus
969 5852 1137 5922 (quod
1179 5849 1352 5920 absit)
1393 5849 1512 5903 ﬂat.
1552 5849 1756 5903 Malum
1799 5866 1904 5922 pro
1951 5850 2100 5905 malo

2205 4635 2516 4708 plebuntur
2559 4637 2688 4708 lege
2726 4634 2922 4708 ipsius.
2949 4634 3056 4700 Qui
3096 4633 3305 4687 timent
3339 4631 3663 4701 Dominum,
3689 4647 3854 4702 prae-

2203 4730 2485 4802 parabunt
2519 4731 2690 4787 corda
2732 4747 2852 4801 sua,
2879 4733 2937 4786 et
2977 4729 3036 4784 in
3062 4730 3373 4799 conspectu
3407 4725 3562 4781 illius
3585 4726 3855 4782 sanctiﬁ-

2204 4824 2412 4880 cabunt
2452 4824 2674 4880 animas
2712 4840 2862 4878 suas.
2902 4823 3012 4887 Qui
3048 4821 3254 4876 timent
3291 4819 3615 4888 Dominum,
3645 4823 3853 4876 custo-

2205 4917 2368 4973 diunt
2404 4919 2672 4974 mandata
2701 4917 2872 4984 illius,
2902 4918 2959 4970 et
2984 4914 3316 4986 patientiam
3340 4912 3635 4968 habebunt
3660 4929 3858 4986 usque

2203 5012 2274 5067 ad
2313 5011 2723 5083 inspectionem
2771 5009 2940 5076 illius,
2987 5005 3230 5063 dicentis
3276 5023 3290 5061 :
3341 5007 3396 5062 Si
3441 5005 3859 5078 paenitentiam

2202 5121 2319 5160 non
2345 5104 2649 5175 egerimus,
2676 5101 2990 5156 incidemus
3025 5100 3084 5154 in
3125 5116 3332 5155 manus
3361 5099 3608 5166 Domini,
3636 5102 3693 5154 et
3717 5116 3860 5159 non

2201 5198 2262 5252 in
2312 5213 2516 5251 manus
2562 5194 2886 5262 hominum,
2917 5193 3229 5249 secundum
3277 5192 3432 5247 enim
3477 5191 3857 5263 magnitudi—

2204 5306 2336 5346 nem
2375 5287 2547 5358 illius,
2577 5288 2657 5343 sic
2704 5292 2761 5343 et
2802 5287 3192 5342 misericordia
3219 5285 3392 5358 ipsius
3427 5301 3558 5340 cum
3598 5284 3721 5356 ipso
3751 5295 3865 5347 est

2204 5383 2387 5453 (Ecch'.
2429 5399 2489 5450 ιι,
2537 5386 2600 5437 15
2645 5384 2696 5436 et
2731 5380 2888 5454 seq.].
2929 5400 2959 5433 α
2986 5380 3181 5437 Venite
3223 5379 3467 5450 (inquit),
3495 5377 3618 5445 ﬁlii,
3644 5379 3860 5438 audite

2200 5492 2316 5546 me,
2341 5475 2609 5531 timorem
2635 5474 2858 5530 Domini
2883 5474 3093 5530 docebo
3120 5490 3219 5528 vos
3250 5472 3418 5545 (Psal.
3446 5487 3631 5539 XXXIII,
3657 5474 3766 5543 l2).
3811 5499 3858 5525 υ

2204 5591 2231 5618 «ι
2255 5567 2474 5625 Currite
2503 5569 2642 5623 dum
2662 5569 2856 5628 lumen
2884 5568 3016 5623 vitae
3042 5567 3283 5634 habetis,
3312 5582 3385 5622 ne
3410 5565 3662 5620 tenebrae
3683 5582 3868 5622 mor—

2200 5662 2273 5717 tis
2299 5678 2395 5717 vos
2423 5661 2909 5734 comprehendant
2941 5662 3111 5731 (Joan.
3143 5677 3236 5727 xu,
3262 5660 3369 5729 35).
3395 5681 3422 5710 ››
3457 5681 3484 5708 ι(
3510 5659 3707 5714 Omnis
3733 5666 3862 5731 qui

2199 5757 2320 5810 vult
2365 5755 2536 5810 vitam
2582 5758 2640 5810 et
2686 5756 2840 5828 cupit
2882 5756 3072 5810 videre
3119 5754 3238 5809 dies
3281 5754 3480 5819 bonos,
3527 5752 3870 5823 prohibeat

2199 5850 2459 5926 linguam
2509 5850 2630 5923 ejus
2669 5867 2701 5905 a
2735 5851 2905 5922 malo,
2951 5855 3008 5905 et
3055 5847 3201 5903 labia
3255 5863 3354 5902 sua
3400 5862 3472 5902 ne
3525 5847 3868 5923 loquantur
