4068 6348
184 375 244 430 37
1420 377 1893 434 DECRETALIUM
1933 377 2316 434 COLLECTIO.
3476 383 3550 436 38‘

183 483 393 555 dolum,
412 484 650 540 divertat
669 501 703 539 a
722 485 894 556 malo,
915 488 973 541 et
991 484 1157 541 faciat
1179 486 1414 554 bonum,
1438 487 1688 559 inquirat
1714 504 1808 558 pa-
1826 498 1886 571 Α
1905 486 2061 541 niam
2086 491 2189 553 est,
2219 484 2488 556 quoniam
2517 483 2606 539 his
2645 484 2969 541 manifestat
3002 478 3273 558 seipsum.
3305 486 3448 542 Nam
3492 489 3540 542 si

180 593 301 632 cem
341 582 399 632 et
441 582 813 650 prosequatur
855 595 1004 648 eam,
1034 580 1168 651 quia
1196 580 1341 635 oculi
1371 580 1594 635 Domini
1637 597 1808 652 super

173 670 374 740 justos,
401 675 458 726 et
482 688 647 726 aures
675 672 797 748 ejus
825 673 896 728 ad
921 688 1117 744 preces
1148 690 1363 728 eorum.
1393 674 1590 729 Vultus
1615 677 1807 729 autem

180 763 404 818 Domini
446 781 618 837 super
657 765 932 841 facientes
976 767 1148 836 mala,
1190 770 1254 821 ut
1293 767 1494 838 perdat
1537 767 1608 822 de
1655 772 1809 823 terra

177 857 515 912 memoriam
557 874 759 915 eorum
788 860 953 929 (Psal.
990 875 1184 929 xxxm,
1217 863 1278 915 l3
1311 861 1361 915 et
1386 861 1540 931 seq.).
1575 882 1604 911 »
1631 862 1806 933 Pr0p-

177 955 331 1005 terea
367 951 543 1006 nolite
583 951 707 1006 ﬁeri
749 952 894 1007 sicut
938 969 1116 1025 equus
1160 958 1217 1008 et
1257 953 1465 1020 mulus,
1497 955 1556 1008 in
1603 953 1808 1025 quibus

176 1059 291 1098 non
346 1050 429 1099 est
473 1045 806 1101 intellectus.
859 1047 966 1102 Sed
1020 1047 1295 1101 laetemini
1346 1047 1406 1101 in
1461 1047 1699 1102 Domino
1753 1052 1810 1103 et

176 1137 470 1205 exsultate,
509 1138 670 1209 justi,
719 1144 775 1194 et
821 1140 1163 1211 gloriamini,
1215 1157 1412 1196 omnes
1456 1141 1593 1195 recti
1641 1141 1807 1196 corde

179 1231 342 1297 (Psal.
375 1247 521 1299 XXXI,
551 1236 600 1287 et
629 1233 734 1303 Η).
769 1252 797 1285 ‹‹
835 1233 978 1297 Quia
1015 1234 1182 1288 multi
1223 1233 1450 1290 venient
1487 1235 1558 1289 ab
1592 1235 1808 1290 oriente

176 1319 232 1378 et
282 1325 568 1380 occidente
613 1325 876 1397 (Domino
925 1327 1168 1394 dicente)
1229 1333 1286 1383 et
1338 1345 1371 1381 a
1422 1328 1808 1398 septentrione

176 1421 347 1488 atque
393 1418 650 1489 meridie,
712 1422 769 1474 et
823 1420 1159 1476 recumbent
1213 1436 1345 1475 cum
1398 1420 1704 1490 Abraham,
1753 1425 1809 1476 et

176 1510 347 1578 Isaac,
383 1516 439 1566 et
464 1511 632 1567 Jacob
663 1512 873 1582 (Matth.
903 1514 1042 1582 vm).
1071 1535 1100 1563 ››

247 1604 486 1675 Propter
527 1605 679 1676 quod
727 1606 997 1677 deprecor
1032 1611 1108 1676 te,
1150 1597 1324 1663 frater
1360 1607 1710 1678 charissime,
1744 1611 1810 1664 ut

175 1696 375 1752 doceas
405 1698 674 1753 attentius
703 1699 855 1754 hunc
882 1699 1300 1771 praedicationis
1331 1700 1590 1756 ordinem
1621 1707 1676 1757 et
1704 1702 1806 1757 ab-

173 1790 473 1846 solutionis
494 1792 630 1862 dies,
645 1796 712 1848 ut
731 1793 1022 1848 salventur
1035 1793 1238 1849 animas
1258 1795 1561 1850 hominum
1577 1811 1705 1867 quae
1721 1812 1808 1851 oc-

1908 579 2035 651 quis
2079 578 2216 634 velit
2257 581 2563 651 antequam
2609 583 2766 634 actus
2819 595 2950 634 suos
3004 579 3288 647 emendet,
3338 579 3408 635 de
3453 580 3542 635 his

1908 671 2198 744 requirere
2235 687 2363 743 quas
2405 688 2519 726 non
2553 676 2743 743 potest
2774 672 3049 741 invenire,
3078 673 3250 728 stulta
3289 676 3346 727 et
3389 673 3535 728 inef-

1909 765 2052 819 ﬁcax
2083 764 2193 820 erit
2220 765 2441 819 homini
2470 765 2778 836 inquisitio.
2800 767 3044 837 Tempus
3065 765 3218 821 euim
3243 766 3412 821 breve
3433 772 3536 833 est,

1913 863 1969 913 et
1991 857 2272 929 judicium
2301 856 2398 912 Dei
2429 861 2720 928 gestorum
2744 875 2909 914 causa
2938 857 3130 930 agitur
3154 875 3270 914 non
3299 860 3541 930 questio-

1908 967 2069 1006 num.
2099 951 2343 1023 Ideoque
2373 956 2502 1006 ante
2537 952 2644 1006 hoc
2669 952 2859 1006 omnia
2885 968 3226 1024 quaeramus,
3257 953 3410 1025 quod
3438 969 3542 1008 nos

1908 1048 2008 1100 aut
2059 1044 2300 1116 qualiter
2351 1060 2521 1115 agere
2574 1049 2866 1115 oporteat,
2928 1049 2990 1099 ut
3042 1049 3320 1101 aeternam
3369 1045 3540 1101 vitam

1908 1137 2174 1209 consequi
2205 1152 2548 1193 mereamur.
2580 1137 2724 1191 Nam
2769 1136 2814 1190 si
2854 1137 3128 1209 exiguum
3157 1139 3264 1192 hoc
3313 1144 3541 1211 tempus

1906 1231 2036 1286 vitae
2085 1247 2189 1302 per
2217 1231 2414 1285 inanes
2454 1245 2796 1302 occupemus
2824 1233 2881 1285 et
2920 1230 3143 1286 inutiles
3178 1232 3537 1303 quaestiones,

1907 1326 2108 1381 inanes
2137 1324 2258 1379 sine
2287 1324 2462 1380 dubio
2488 1330 2544 1379 et
2571 1323 2736 1378 vacui
2763 1323 2833 1378 ab
2859 1323 3122 1395 operibus
3147 1325 3308 1380 bonis
3335 1341 3536 1398 perge-

1906 1434 2036 1474 mus
2068 1417 2140 1473 ad
2166 1418 2488 1486 Dominum,
2522 1417 2619 1472 ubi
2638 1417 2922 1489 judicium
2945 1431 3187 1489 Operum
3211 1422 3537 1474 nostrorum

1906 1512 2022 1581 ﬁet,
2062 1527 2424 1582 unaquaeque
2467 1511 2622 1566 enim
2665 1527 2756 1566 res
2798 1526 2967 1565 suum
3008 1514 3236 1582 tempus
3277 1511 3447 1582 habet
3485 1515 3543 1566 et

1906 1512 2022 1581 ﬁet,
2062 1527 2424 1582 unaquaeque
2467 1511 2622 1566 enim
2665 1527 2756 1566 res
2798 1526 2967 1565 suum
3008 1514 3236 1582 tempus
3277 1511 3447 1680 lilibet
3485 1515 3539 1566 et

1906 1605 2113 1660 locum.
2147 1604 2397 1676 Operum
2423 1603 2515 1659 hic
2551 1605 2729 1671 locus,
2757 1603 2865 1658 hoc
2898 1608 3125 1675 tempus
3165 1608 3277 1672 est;
3369 1604 3539 1658 erite-

1906 1715 2037 1753 rum
2081 1702 2165 1754 est
2195 1698 2468 1753 saeculum
2506 1698 2786 1753 futurum.
2819 1699 3020 1753 Currat
3058 1696 3236 1768 igitur
3263 1712 3366 1768 per
3392 1697 3540 1751 viam

1909 1791 2320 1846 mandatorum
2376 1790 2623 1858 Domini,
2666 1795 2723 1846 et
2762 1790 2831 1844 ab
2882 1805 3082 1845 eorum
3131 1795 3544 1862 praeceptorum

172 1883 332 1939 culta
361 1884 462 1939 Dei
493 1885 702 1940 virtute
742 1902 912 1958 quem
944 1887 1186 1943 debeant
1213 1887 1448 1959 diligere
1478 1888 1807 1961 priusquam
1826 1868 1884 1941 B
1906 1884 2180 1955 institutis
2217 1889 2275 1939 et
2307 1884 2547 1956 Spiritus
2587 1883 2768 1939 sancti
2798 1883 3052 1938 doctrina
3079 1899 3196 1938 non
3222 1885 3538 1940 recedatur.

172 1977 465 2045 doceatur,
496 1985 826 2050 agnoscant.
855 1981 1106 2052 Operum
1133 1997 1268 2036 vero
1297 1982 1440 2036 ratio
1468 1983 1729 2054 potestati
1756 1987 1811 2038 et

170 2069 410 2126 arbitrio
454 2072 901 2146 uniuscujusque
945 2075 1311 2145 permittitur,
1343 2078 1399 2130 et
1424 2075 1532 2130 hoc
1559 2076 1811 2147 ipsorum

172 2165 260 2215 est
277 2161 608 2232 proprium;
625 2162 970 2218 desiderium
989 2179 1124 2218 vero
1145 2164 1352 2219 habere
1369 2180 1504 2236 erga
1521 2164 1811 2220 doctorem

170 2253 447 2324 veritatis,
476 2254 586 2310 hoc
614 2272 648 2309 a
675 2257 838 2312 Patre
863 2257 1078 2312 caelesti
1103 2256 1374 2312 donatum
1405 2262 1507 2313 est.
1532 2259 1640 2314 Sed
1661 2259 1812 2313 salus

168 2348 230 2402 in
262 2362 334 2402 eo
362 2352 448 2402 est
470 2353 538 2403 ut
562 2349 911 2405 voluntatem
941 2351 1063 2421 ejus
1099 2351 1261 2422 cujus
1297 2367 1550 2408 amorem
1581 2355 1638 2407 et
1661 2352 1808 2408 desi-

166 2441 422 2508 derium,
453 2443 567 2497 Deo
594 2443 894 2514 largiente,
915 2444 1266 2516 "conceperis,
1288 2444 1478 2516 facias,
1501 2461 1574 2502 ne
1595 2445 1814 2500 dicatur

165 2533 281 2589 ille'
315 2551 504 2590 sermo
549 2536 670 2606 ejus
710 2536 781 2590 ad
819 2553 940 2607 nos,
986 2553 1159 2608 quem
1203 2538 1356 2593 idem
1399 2539 1577 2594 dixit:
1610 2539 1812 2602 «Quid

164 2632 367 2683 autem
415 2645 509 2683 me
556 2628 761 2699 dicitis,
792 2629 1048 2701 Domine,
1076 2631 1337 2696 Domine,
1366 2634 1424 2687 et
1467 2647 1587 2686 non
1629 2631 1811 2686 facitis

166 2738 299 2793 quae
349 2721 515 2777 dico?
541 2723 636 2777 Est
678 2739 815 2794 ergo
859 2723 1076 2796 proprii
1111 2725 1386 2793 muneris,
1413 2728 1479 2780 ut
1506 2725 1809 2796 unusquis-

165 2831 280 2888 que
341 2815 418 2870 sit
464 2820 638 2888 prout
691 2817 966 2872 Dominus
1016 2821 1213 2874 noster
1265 2818 1485 2874 dederit
1529 2819 1812 2889 perfectus

167 2910 228 2964 in
259 2910 533 2979 Ecclesia,
565 2914 898 2982 metensque
943 2911 1159 2967 semina
1202 2911 1409 2980 divina,
1444 2917 1506 2967 ut
1542 2912 1610 2967 de
1651 2912 1812 2966 nobis

165 3019 284 3058 non
323 3003 633 3075 praedictus
678 3021 887 3072 sermo,
930 3005 1027 3060 sed
1069 3004 1160 3059 ille
1206 3003 1424 3060 dicatur
1468 3020 1638 3076 quem
1680 3005 1810 3060 alibi

168 3097 451 3152 Dominus
493 3101 689 3153 noster
731 3097 891 3153 dixit.
932 3098 1061 3155 Ideo
1102 3098 1349 3170 (inquit).
1393 3099 1587 3154 Omnis
1633 3099 1814 3153 scriba

167 3191 371 3247 doctus
397 3192 459 3246 in
485 3207 663 3262 regno
697 3191 986 3259 caelorum,
1019 3191 1220 3247 similis
1261 3195 1347 3247 est
1386 3191 1605 3247 homini
1634 3191 1810 3263 patri-

167 3283 456 3353 familias,
513 3241 611 3356 qfii
669 3285 884 3357 profert
935 3241 1005 3340 de
1059 3285 1324 3341 thesauro
1389 3302 1492 3340 suo
1557 3241 1705 3341 nolva
1757 3241 1886 3341 etC

167 3382 360 3432 vetera
393 3378 616 3447 (Matth.
653 3394 772 3448 xm,
810 3381 917 3448 52).
946 3400 974 3428 »
1023 3379 1222 3433 Nullus
1264 3395 1420 3451 ergo,
1453 3378 1658 3451 inquit,
1701 3380 1809 3434 im-

167 3471 367 3540 pediat
392 3470 678 3538 ordinem,
709 3474 810 3526 aut
842 3471 1034 3526 locum
1069 3476 1303 3543 occupet
1329 3472 1807 3541 irrationabiliter,

171 3564 261 3618 vel
301 3569 631 3635 temporum
677 3567 967 3636 permutet
1009 3565 1173 3635 vices,
1213 3566 1311 3621 sed
1353 3565 1540 3637 primo
1582 3582 1710 3638 qua:
1741 3567 1813 3621 sit

163 3656 392 3727 justitia
439 3657 586 3728 ejus,
634 3673 764 3729 quae
807 3659 1070 3714 voluntas
1118 3659 1494 3731 requiramus,
1541 3663 1607 3715 ut
1647 3658 1810 3714 bonis

171 3751 446 3822 operibus
495 3766 561 3806 ac
604 3751 704 3807 Dei
752 3752 929 3824 gratia
969 3753 1312 3825 repleamur.
1345 3755 1490 3810 Deus
1529 3753 1683 3810 enim
1723 3753 1812 3810 his

174 3845 275 3915 qui
314 3848 471 3901 recte
520 3844 775 3901 sentiunt
821 3851 878 3901 et
906 3845 1052 3902 bona
1089 3850 1270 3919 agunt
1296 3851 1501 3920 praesto
1531 3852 1634 3920 est,
1664 3863 1807 3920 quo-

1909 1978 2261 2049 Quapropter
2297 1976 2675 2049 praeparanda
2716 1981 2852 2032 sunt
2892 1976 3060 2031 corda
3104 1980 3291 2032 nostra
3327 1993 3390 2031 ac
3421 1993 3541 2033 cor-

1910 2087 2068 2142 pora,
2099 2075 2154 2127 et
2183 2074 2390 2126 sancta:
2427 2071 2827 2126 mandatorum
2867 2070 2988 2142 ejus
3019 2086 3368 2142 suorumque
3398 2071 3540 2143 epis-

1912 2179 2183 2236 c0porum
2209 2181 2274 2218 ac
2311 2164 2714 2236 praedictorum
2742 2163 3080 2219 obedientiae
3121 2165 3454 2234 militatura,
3482 2169 3546 2219 ut

1912 2274 2030 2313 suae
2058 2257 2255 2330 gratiae
2273 2257 2470 2328 jubeat
2499 2257 2660 2311 nobis
2690 2256 2968 2312 auxilium
2994 2257 3339 2321 ministrare,
3371 2258 3542 2314 etfu-

1914 2350 2204 2422 gientibus
2231 2350 2510 2422 gehennae
2552 2366 2782 2423 poenam
2807 2350 2877 2406 ad
2903 2349 3075 2406 vitam
3098 2351 3324 2407 valeant
3349 2367 3547 2409 omnes

1911 2444 2212 2516 pervenire
2241 2448 2536 2499 aeternam.
2560 2429 2582 2528 ί

1991 2539 2119 2592 Haec
2170 2538 2384 2610 itaque,
2434 2537 2614 2592 frater
2665 2536 2992 2592 charissima
3041 2537 3265 2608 Jacobe,
3325 2538 3394 2593 ab
3450 2555 3546 2595 ore

1912 2630 2088 2687 sancti
2125 2631 2277 2686 Petri
2311 2629 2565 2702 jubentis
2607 2630 2818 2702 accepi,
2855 2630 3071 2702 tibique
3104 2634 3166 2685 ut
3194 2631 3426 2703 optabas
3453 2633 3542 2687 in-

1914 2725 2142 2780 sinuare
2183 2723 2394 2793 studui,
2420 2729 2486 2779 ut
2529 2739 2751 2779 servare
2781 2723 2974 2778 omnia
3001 2723 3369 2779 immaculata
3393 2740 3543 2796 prae-

1912 2818 2107 2890 cipias,
2147 2818 2281 2889 quia
2329 2816 2699 2873 ecclesiastica
2742 2833 2860 2872 non
2903 2821 3126 2889 Oportet
3162 2817 3544 2889 negligenter,

1911 2911 2010 2967 sed
2055 2911 2362 2983 diligenter
2399 2911 2614 2983 expleri
2654 2910 2900 2983 negotia.
2932 2912 3061 2966 Haec
3101 2927 3238 2984 ergo
3265 2915 3547 2984 praecepta

1911 3022 2082 3061 nemo
2127 3005 2320 3061 credat
2366 3005 2580 3076 absque
2631 3021 2734 3060 suo
2791 3003 3044 3076 periculo
3100 3005 3411 3078 negligere,
3458 3006 3545 3062 vel

1913 3099 2287 3166 dissimulare,
2317 3098 2452 3170 quia
2482 3097 2698 3170 judicio
2726 3097 2826 3153 Dei
2862 3097 3011 3170 ignis
3037 3099 3234 3155 aeterni
3262 3103 3546 3155 tormenta

1914 3192 2217 3248 sustinebit
2263 3192 2361 3264 qui
2405 3190 2780 3247 ecclesiastica
2818 3189 3041 3247 decreta
3073 3191 3407 3264 neglexerit.
3437 3193 3547 3258 Qui

1912 3303 2043 3342 vero
2085 3291 2142 3342 te
2191 3285 2451 3366 audierit,
2483 3289 2545 3340 ut
2574 3285 2822 3357 jusserat
2860 3285 3120 3340 minister
3161 3285 3364 3341 Christi
3391 3287 3544 3356 Jesu,

1912 3379 2155 3452 gloriam
2180 3377 2435 3450 accipiet.
2466 3378 2576 3443 Qui
2599 3382 2791 3435 autem
2819 3382 2873 3434 te
2900 3395 3017 3434 non
3045 3378 3287 3435 audierit
3311 3379 3426 3434 imo
3457 3381 3541 3435 lo-

1912 3477 2182 3545 quentem
2227 3471 2538 3527 Dominum
2580 3489 2684 3544 per
2726 3476 2781 3527 te
2825 3472 2931 3544 ipsi
2971 3472 3076 3526 sibi
3121 3472 3545 3529 damnationem

1911 3566 2163 3637 accipiet.
2189 3564 2517 3622 Curandum
2557 3580 2714 3635 ergo,
2745 3570 2800 3620 et
2837 3565 3246 3620 attendendum
3272 3571 3356 3620 est
3378 3566 3543 3621 nobis

1913 3659 2177 3716 omnibus
2225 3658 2381 3732 quod
2437 3657 2497 3712 in
2541 3662 2884 3730 perpetuum
2929 3658 3176 3730 expedit,
3227 3662 3290 3714 ut
3337 3659 3543 3714 Christi

1910 3754 2267 3827 passionibus
2292 3769 2394 3825 per
2411 3750 2745 3824 patientiam
2761 3752 3169 3824 participemus
3187 3755 3357 3825 atque
3376 3752 3542 3824 regni

1911 3849 2034 3920 ejus
2061 3863 2392 3905 mereamur
2417 3861 2538 3904 esse
2564 3849 2867 3902 consortes.
2896 3848 3092 3902 Amen.

444 4167 868 4260 EPISTOLA
939 4171 1452 4290 CLEMENTIS.
1494 4171 1752 4260 PAP/E
1825 4171 1943 4260 AD
2014 4168 2413 4260 JACOBUM
2484 4168 2903 4258 FRATREM
2973 4170 3283 4258 DOMINI

1362 4339 1456 4404 De
1483 4339 1757 4403 sacratis
1785 4337 2066 4403 vestibus
2094 4346 2156 4402 et
2180 4338 2357 4400 vasis

245 4502 500 4559 Caeneus
525 4503 802 4562 Romanae
836 4507 1093 4565 Ecclesia;
1119 4510 1346 4582 praesul,
1375 4511 1584 4568 Jacoso
1616 4509 1808 4567 Hiero-
1831 4541 1888 4614 D
1913 4509 2074 4581 gravi
2102 4507 2465 4565 anathemate
2482 4503 3074 4580 dignahumiliationis
3099 4502 3266 4575 plaga
3281 4503 3535 4559 feriatur.

165 4595 530 4668 solymorum
556 4598 842 4672 episcopo.

244 4690 529 4754 Quoniam
576 4691 724 4748 sicut
759 4709 792 4747 a
833 4693 994 4749 beato
1019 4695 1185 4750 Petro
1209 4695 1460 4767 apostolo
1489 4697 1810 4769 accepimus

164 4783 436 4839 omnium
479 4787 865 4856 apostolorum
909 4793 1090 4860 patre,
1127 4789 1226 4861 qui
1272 4789 1451 4845 claves
1488 4791 1654 4863 regni
1693 4807 1807 4846 coe-

162 4876 330 4930 lestis
375 4878 617 4950 accepit,
667 4880 907 4952 qualiter
949 4885 1146 4937 tenere
1189 4882 1480 4952 debemus,
1514 4884 1584 4939 de
1623 4901 1806 4940 sacra-

165 4971 384 5025 mentis
428 4987 562 5042 qute
614 4978 894 5044 geruntur
936 4974 998 5030 in
1038 4975 1246 5030 sanctis
1288 4980 1345 5032 te
1381 4993 1451 5032 ex
1487 4977 1684 5033 ordine
1707 4993 1811 5033 nos

166 5062 341 5117 decet
367 5063 670 5120 instruere.

252 5155 448 5210 Tribus
480 5158 636 5212 enim
670 5159 935 5230 gradibus
969 5161 1273 5218 commissa
1300 5166 1433 5219 sunt
1450 5170 1812 5220 sacramenta

171 5247 499 5304 divinorum
528 5254 904 5324 secretorum,
932 5254 991 5309 id
1035 5260 1140 5326 est,
1167 5257 1518 5329 presbytero,
1551 5258 1809 5328 diacono,

171 5345 244 5394 et
268 5342 545 5414 ministro,
574 5345 675 5416 qui
700 5361 834 5400 cum
860 5347 1086 5417 timore,
1109 5353 1169 5405 et
1185 5355 1432 5407 tremore
1452 5351 1809 5420 clericorum,

169 5432 442 5506 reliquias
480 5438 738 5510 corporis
783 5441 1066 5497 Dominici
1115 5443 1322 5500 debent
1370 5445 1649 5501 custodire
1697 5445 1811 5500 fra-

169 5533 568 5601 gmentorum,
595 5547 670 5587 ne
696 5549 809 5604 qua
835 5536 1077 5606 putredo
1113 5536 1174 5592 in
1202 5539 1445 5593 sacrario
1471 5539 1810 5610 inveniatur,

164 5625 244 5675 ut
275 5637 399 5677 cum
423 5624 788 5697 negligenter
810 5627 1003 5700 agitur
1020 5631 1270 5701 portioni
1290 5633 1545 5706 corporis
1562 5633 1809 5704 Domini,

163 5715 359 5787 gravis
400 5717 686 5774 inferatur
726 5719 954 5791 injuria.
995 5723 1334 5782 Communia
1377 5726 1532 5782 enim
1565 5727 1813 5799 corporis

165 5810 404 5866 Domini
431 5813 613 5868 nostri
641 5813 771 5868 Jesu
798 5814 1023 5885 Christi,
1057 5817 1102 5873 si
1132 5820 1489 5892 negligenter
1525 5823 1810 5893 erogetur,

159 5907 232 5961 et
281 5906 572 5982 presbyter
614 5907 844 5964 minora
883 5925 995 5965 non
1042 5917 1204 5970 curet
1247 5915 1552 5972 admonere
1607 5915 1810 5986 ofﬁcia,

1910 4606 2069 4661 Certe
2099 4604 2255 4658 tanta
2279 4601 2338 4656 in
2380 4602 2580 4657 altario
2611 4599 2935 4655 holocausta
2964 4597 3290 4662 offerantur,
3331 4601 3540 4668 quanta

1908 4696 2117 4768 populo
2167 4694 2428 4750 sufﬁcere
2465 4693 2724 4748 debeant.
2765 4690 2924 4755 Quod
2968 4689 3013 4743 si
3059 4688 3450 4756 remanserint,
3478 4688 3538 4742 in

1910 4789 2153 4845 crastino
2188 4804 2302 4843 non
2346 4790 2725 4854 reserventur,
2767 4783 2863 4838 sed
2907 4797 3036 4836 cum
3081 4780 3284 4835 timore
3323 4784 3377 4836 et
3417 4784 3536 4836 tre-

1911 4898 2070 4938 more
2112 4881 2464 4949 clericorum,
2509 4883 2568 4934 ‘et
2617 4875 2909 4948 diligentia
2954 4877 3382 4930 consumantur.
3431 4873 3541 4938 Qui

1911 4982 2104 5032 autem
2155 4975 2382 5031 residua
2433 4971 2685 5045 corporis
2736 4968 2958 5026 Domini
3010 4984 3138 5040 quae
3187 4966 3248 5023 in
3296 4967 3541 5023 sacrario

1911 5071 2104 5126 relicta
2151 5073 2284 5124 sunt
2324 5071 2687 5133 consumunt,
2730 5080 2846 5119 non
2888 5061 3079 5118 statim
3107 5061 3178 5116 ad
3208 5077 3539 5117 communes

1911 5163 2266 5236 accipiendos
2314 5161 2467 5217 cibos
2529 5157 2892 5224 conveniant,
2947 5173 3021 5212 ne
3079 5160 3279 5227 putent
3337 5159 3542 5211 sancite

1911 5257 2156 5329 portioni
2211 5256 2576 5312 commiscere
2636 5245 2826 5306 cibum
2878 5250 2976 5322 qui
3039 5265 3142 5320 per
3197 5249 3542 5320 aqualiculos

1913 5351 2164 5423 digestus
2207 5351 2267 5406 in
2310 5365 2592 5405 secessum
2630 5344 2908 5401 funditur.
2941 5343 2998 5399 Si
3044 5359 3181 5415 ergo
3232 5359 3401 5401 mane
3435 5346 3540 5402 Do-

1911 5445 2126 5500 minica
2151 5443 2335 5517 portio
2366 5441 2574 5510 editur,
2601 5455 2780 5512 usque
2809 5438 2881 5494 ad
2906 5442 3126 5517 sextam
3144 5437 3406 5509 jejunent
3434 5440 3543 5496 mi-

1913 5537 2078 5594 nistri
2129 5537 2228 5609 qui
2282 5551 2407 5591 eam
2481 5532 2984 5609 consumpserint.\
3010 5532 3079 5586 Et
3140 5532 3187 5586 si
3241 5533 3407 5588 tertia
3460 5534 3546 5589 vel

1912 5636 2114 5706 quarta
2155 5631 2297 5685 hora
2337 5627 2674 5701 acceperint,
2703 5627 2968 5700 jejunent
3005 5641 3183 5698 usque
3231 5625 3302 5681 ad
3345 5642 3541 5697 vespe-

1914 5743 2054 5782 ram.
2086 5724 2195 5794 Sic,
2219 5725 2437 5780 secreta
2461 5721 2921 5790 sanctiﬁcatione,
2945 5723 3158 5777 aeterna
3177 5718 3543 5776 custodienda

1912 5824 2043 5877 sunt
2071 5821 2444 5876 sacramenta.

1985 5915 2063 5970 De
2109 5913 2252 5972 vasis
2294 5929 2427 5971 sane
2476 5910 2644 5970 sacris
2686 5910 2764 5966 ita
2805 5908 3120 5984 gerendum
3169 5910 3251 5965 est
3293 5924 3306 5966 :
3352 5907 3543 5966 altaris
