4068 6344
236 387 293 442 ,ιι
1477 385 1954 442 DECRETALIUM
1994 387 2377 443 COLLECTIO.
3530 398 3598 455 42

238 511 436 567 gerere
455 494 878 566 prateritorum
898 499 1207 567 gestorum,
1222 493 1643 566 aliquantulum
1665 494 1864 565 etiam,
1888 507 1948 580 Α
1968 511 2363 566 personamus,
2388 513 2577 570 neque
2598 513 2658 554 se
2679 499 2947 572 deinceps
2971 501 3258 557 excusabit
3273 518 3389 558 non
3409 506 3599 560 moni-

234 590 281 643 si
304 588 574 661 possibile
606 592 710 657 est,
739 606 844 661 per
873 587 1298 644 misericordias
1327 605 1646 660 pauperum
1669 589 1866 659 juvare

231 682 651 754 panitentiam.
679 685 787 738 Per
815 684 938 738 hac
985 682 1140 737 enim
1179 683 1397 737 facilior
1423 682 1590 737 venia
1617 682 1865 751 dabitur,

234 780 292 830 et
315 775 642 848 indulgenti
666 775 829 831 citius
859 775 1269 848 indulgebitur.
1297 776 1460 840 Quod
1485 776 1530 830 si
1559 776 1868 846 provectio-

234 869 313 923 ris
339 869 523 924 atatis
553 870 626 925 sit
653 869 702 924 is
729 869 825 940 qui
864 870 934 924 ad
965 869 1357 941 paenitentiam
1386 868 1560 936 venit,
1591 886 1658 923 eo
1687 869 1869 941 magis

233 963 446 1033 gratias
475 978 648 1033 agere
676 963 847 1017 debet
885 964 1024 1019 Deo.
1068 963 1232 1027 Quod
1266 967 1574 1034 postquam
1606 963 1736 1016 ﬁnis
1762 964 1866 1029 est,

231 1057 424 1110 omnis
454 1055 701 1128 impetus
726 1055 1200 1128 concupiscentia
1226 1056 1494 1124 carnalis,
1518 1055 1756 1110 scientia
1780 1072 1870 1110 ve-

227 1149 418 1204 ritatis
441 1153 693 1222 accepta,
727 1151 883 1205 nulla
915 1151 968 1205 ei
997 1149 1262 1205 imminet
1287 1165 1483 1222 pugna
1521 1148 1867 1217 certaminis,

231 1259 336 1313 per
368 1259 541 1314 quam
578 1243 943 1314 insurgentes
985 1243 1257 1297 adversus
1298 1243 1551 1298 animam
1594 1242 1873 1314 reprimat

230 1335 489 1408 corporis
527 1338 866 1392 voluntates.
903 1338 1172 1408 Superest
1201 1352 1338 1408 ergo
1377 1336 1427 1391 ei
1474 1336 1531 1390 in
1576 1335 1868 1408 agnitione

225 1430 504 1498 veritatis,
534 1433 592 1484 et
620 1429 1023 1486 misericordia
1049 1431 1316 1502 operibus
1343 1429 1620 1499 exerceri,
1646 1434 1707 1484 ut
1738 1429 1872 1484 aﬂ‘e-

230 1528 323 1579 rat
376 1525 592 1579 fructus
645 1524 852 1595 dignos
912 1525 1289 1596 poenitentia.
1342 1525 1455 1578 Nec
1515 1526 1679 1594 putet
1739 1524 1871 1594 quia

228 1618 290 1671 in
325 1617 600 1688 temporis
637 1617 997 1688 longitudine
1034 1618 1448 1672 documentum
1480 1615 1868 1671 conversionis

225 1710 570 1779 ostenditur,
606 1713 664 1765 et
692 1727 809 1766 non
848 1711 908 1765 in
948 1711 1266 1766 devotionis
1290 1727 1354 1765 ac
1384 1709 1656 1781 propositi
1687 1708 1867 1763 ﬁrmi-

227 1807 369 1870 tate,
399 1805 517 1858 Deo
561 1803 717 1859 enim
759 1803 1066 1858 manifeste
1108 1809 1240 1859 sunt
1281 1805 1524 1870 mentes,
1565 1801 1700 1873 quia
1725 1818 1864 1873 Anon

1971 591 2118 657 tum,
2151 589 2248 661 qui
2274 590 2556 662 quidquid
2602 593 2766 665 sequi
2807 594 3032 663 debeat,
3063 597 3184 650 tam
3209 595 3395 652 verbis
3426 614 3600 670 quam

1968 681 2191 750 litteris,
2221 683 2515 740 edocetur.
2547 678 2617 765 ί

2041 775 2235 840 Qualis
2259 782 2448 832 autem
2470 779 2899 852 condemnatio,
2923 786 2981 838 et
3000 781 3183 854 qualis
3202 783 3469 840 imminet
3485 801 3602 841 ma-

1969 867 2199 925 ledictio
2225 869 2312 924 his
2343 871 2441 942 qui
2465 871 2524 926 in
2550 876 2744 944 patres
2771 880 3031 947 peccant,
3063 876 3254 932 divina
3287 894 3388 933 nos
3436 880 3604 935 docet

1971 963 2278 1034 Scriptura.
2309 964 2368 1019 Si
2408 965 2565 1020 enim
2608 968 2788 1023 Cham
2831 969 2980 1024 ﬁlius
3019 971 3158 1040 Noe,
3192 987 3323 1025 cum
3370 972 3605 1030 vidisset

1968 1057 2190 1112 nudum
2212 1073 2381 1112 suum
2403 1061 2645 1130 patrem,
2671 1061 2945 1132 quoniam
2969 1080 3085 1117 non
3107 1064 3404 1135 cooperuit
3423 1066 3603 1137 patris

1971 1149 2285 1222 corporalis
2331 1150 2679 1221 nuditatem,
2709 1153 2811 1208 sed
2855 1171 3117 1226 egressus
3154 1156 3434 1213 nuntiavit
3477 1175 3604 1214 eam

1967 1243 2257 1311 fratribus,
2293 1247 2352 1299 et
2377 1244 2456 1299 illi
2487 1245 2828 1301 vestimento
2856 1263 2986 1302 eum
3012 1254 3455 1321 cooperuerunt,
3479 1252 3602 1323 ipse

1971 1336 2206 1408 quidem
2235 1337 2438 1408 Cham,
2473 1341 2534 1392 et
2559 1338 2642 1393 illi
2669 1339 2767 1410 qui
2797 1357 2864 1394 ex
2889 1356 2957 1395 eo
2985 1341 3102 1395 nati
3127 1347 3259 1398 sunt
3282 1344 3384 1398 sub
3418 1346 3599 1399 male-

1971 1430 2122 1485 dicto
2152 1429 2288 1486 facti
2315 1433 2466 1500 sunt,
2501 1431 2599 1502 qui
2630 1435 2827 1487 autem
2863 1440 3284 1505 cooperuerunt
3330 1453 3602 1508 magnam

1968 1523 2431 1580 benedictionem
2453 1528 2825 1581 meruerunt:
2850 1527 3032 1581 multo
3052 1527 3238 1599 magis
3265 1528 3355 1583 isti
3384 1532 3602 1602 majore

1971 1619 2030 1671 et
2055 1616 2328 1688 ampliore
2354 1618 2844 1675 condemnatione
2873 1619 3033 1690 digni
3059 1624 3210 1690 sunt,
3231 1622 3328 1693 qui
3348 1623 3603 1693 patribus

1971 1709 2220 1779 obviare,
2245 1714 2344 1766 aut
2362 1715 2562 1768 contra
2581 1729 2682 1768 eos
2702 1713 2999 1785 insurgere
3031 1715 3312 1783 nituntur,
3335 1719 3436 1771 aut
3458 1716 3606 1787 inju-

1969 1802 2116 1858 riam
2153 1805 2244 1858 vel
2286 1805 2697 1860 contumeliam
2747 1806 2827 1861 eis
2856 1801 3066 1863 inferre
3096 1807 3436 1878 moliuntur,
3466 1826 3604 1882 quo-

232 1853 369 1870 "‘"7
399 1853 511 1858 —"
565 1853 717 1859 ""—
759 1853 1063 1858 —"“"""
1110 1853 1238 1859 ““’““’
1283 1853 1524 1870 ’“·“”*“’“““1
1574 1853 1698 1873 ’λῇ-’⁷
1752 1853 1864 1856 ‘““'
1970 1853 2116 1858 ““”““’”
2167 1853 2244 1858 ’τ’
2291 1853 2697 1860 "—"‘""""“‘
2751 1853 2826 1861 ν’*
2856 1853 3066 1863 """“"’
3096 1853 3436 1878 ⁵⁶⁶ν⁵⁸“““⁴“¹“¹⁵“’
3467 1853 3578 1882 ‘1“V

227 1900 560 1968 temporum
602 1897 887 1952 rationem
937 1897 1170 1967 colligit,
1219 1897 1319 1951 sed
1358 1853 1947 2042 animorum,(ipseB
1970 1896 2128 1951 niam
2153 1896 2249 1968 qui
2285 1897 2366 1952 eis
2391 1897 2603 1953 resistit
2638 1902 2698 1953 et
2719 1900 2835 1954 Deo
2872 1900 3103 1969 resistit,
3130 1905 3186 1957 et
3212 1901 3308 1973 qui
3339 1901 3420 1956 eis
3449 1903 3600 1974 inju-

227 1990 383 2042 enim
425 1991 633 2042 nrobat
674 1991 720 2042 si
756 1990 882 2042 auis
927 1990 1122 2042 agnita
1161 1989 1410 2042 veritatis
1457 1988 1709 2042 nradica
1737 1987 1863 2042 ione
1965 1987 2112 2042 riam
2162 1991 2248 2042 vel
2294 1990 2704 2042 contumeliam
2752 1991 2908 2042 facit.
2939 1995 3073 2042 Deo-
3111 1993 3272 2042 cuius
3312 1995 3600 2042 legatione

225 1990 383 2046 enim
425 1991 633 2061 probat
674 1991 720 2044 si
756 1990 882 2063 quis
927 1990 1122 2061 agnita
1161 1989 1410 2044 veritatis
1457 1987 1863 2060 pradicatione

226 2100 347 2139 non
373 2083 611 2151 distulit,
638 2099 825 2156 neque
852 2086 1078 2156 tempus
1105 2083 1462 2154 negligendo
1494 2081 1863 2153 consumpsit,

223 2178 330 2231 sed
356 2177 551 2231 statim
579 2179 655 2244 et,
684 2177 730 2231 si
757 2177 866 2232 dici
904 2179 1113 2248 potest,
1143 2176 1348 2232 eodem
1389 2179 1684 2231 momento
1717 2191 1864 2246 pra-

221 2270 397 2325 terita
419 2271 862 2342 perhorrescens
882 2271 1208 2325 futurorum
1235 2269 1584 2325 desiderium
1617 2269 1787 2341 cepit,
1809 2271 1866 2322 et

222 2364 281 2420 in
311 2381 575 2420 amorem
604 2364 769 2436 regni
797 2363 1038 2420 caelestis
1067 2363 1289 2437 exarsit.
1315 2365 1554 2435 Propter
1580 2363 1733 2434 quod
1761 2380 1862 2417 ne-

219 2475 322 2513 mo
372 2461 625 2513 vestrum
672 2459 820 2513 ultra
865 2457 1200 2525 dissimulet,
1229 2473 1337 2512 nec
1379 2459 1534 2511 retro
1579 2456 1862 2528 respiciat,

219 2551 325 2606 sed
356 2551 427 2606 ad
459 2551 834 2621 Evangelium
863 2551 1028 2622 regni
1055 2551 1155 2606 Dei
1184 2550 1433 2605 libenter
1460 2549 1706 2604 accedat.
1741 2551 1864 2604 Non

217 2645 377 2700 dicat
405 2661 627 2716 pauper
645 2643 800 2716 quia,
819 2661 949 2699 cum
969 2644 1124 2699 dives
1150 2645 1332 2699 factus
1363 2644 1544 2710 fuero,
1568 2647 1705 2698 tunc
1727 2659 1863 2697 con-

216 2741 433 2792 vertar.
465 2741 589 2794 Non
635 2737 875 2810 requirit
906 2755 939 2792 a
967 2741 1023 2792 te
1055 2739 1200 2792 Deus
1247 2736 1571 2808 pecuniam,
1606 2736 1706 2790 sed
1741 2735 1860 2790 ani-

214 2849 382 2886 mam
408 2831 844 2886 misericordem
875 2833 933 2886 et
967 2831 1125 2902 piam
1155 2833 1433 2886 mentem.
1468 2831 1663 2902 Neque
1708 2829 1864 2884 dives

214 2924 664 2981 convemionem
687 2941 849 2980 suam
874 2923 1122 2992 differat,
1143 2940 1248 2996 pro
1279 2923 1660 2978 sollicitudine
1685 2940 1860 2978 sacu-

213 3020 342 3087 lari,
371 3019 512 3074 dum
539 3018 754 3089 cogitat
788 3018 1078 3089 quomodo
1126 3017 1412 3089 dispenset
1455 3016 1862 3072 abundantiam

215 3113 478 3185 frugum.
495 3113 693 3183 Neque
709 3111 862 3166 dicat
876 3111 1028 3166 intra
1048 3111 1442 3182 semetipsum,
1460 3110 1608 3174 Quid
1630 3110 1864 3164 faciam?

216 3206 316 3260 ubi
365 3205 682 3261 recondam
713 3205 927 3260 fructus
968 3204 1174 3259 meos?
1215 3205 1408 3275 Neque
1454 3203 1607 3258 dicat
1652 3203 1862 3258 anima
1883 3245 1938 3321 Ο

219 3317 326 3321 ---μ
450 3299 632 3321 11-ι.--
661 3299 834 3321 μ-ὶι-
871 3299 1016 3321 1.---
1055 3297 1295 3321 ..-..--ζι-
1325 3296 1380 3321 ἔ..
1421 3313 1596 3321 -..μ-,-
1623 3298 1831 3321 “.-ἲιΑ-

214 3317 354 3355 sua.
389 3322 418 3349 «
449 3299 638 3354 Habes
661 3299 842 3354 multa
871 3299 1024 3353 bona
1054 3297 1302 3369 reposita
1325 3296 1386 3351 in
1419 3313 1599 3351 annos
1623 3298 1853 3368 multos,

216 3395 459 3465 epulare
491 3395 548 3448 et
566 3392 784 3447 latare.
805 3393 948 3446 Nam
973 3391 1196 3446 dicetur
1221 3391 1292 3444 ei.
1330 3390 1533 3458 Stulte,
1567 3391 1671 3444 hac
1694 3394 1859 3445 nocte

216 3488 519 3542 auferetur
545 3487 648 3540 abs
676 3490 731 3540 te
772 3484 966 3540 anima
1006 3489 1125 3553 tua,
1160 3487 1218 3539 et
1262 3500 1389 3555 qua
1431 3484 1664 3556 parasti,
1698 3484 1859 3554 cujus

216 3581 429 3637 erunt?
454 3580 606 3650 (Luc.
632 3595 724 3646 xu,
753 3582 817 3634 l9
844 3583 896 3634 et
917 3579 1002 3647 20)
1029 3599 1057 3627 »
1085 3580 1278 3649 Itaque
1303 3576 1538 3631 festinet
1570 3577 1643 3630 ad
1674 3577 1857 3648 poeni-

215 3674 466 3730 tentiam
494 3673 682 3729 omnis
707 3676 863 3743 atas,
893 3671 1078 3727 omnis
1108 3687 1293 3738 sexus,
1326 3669 1627 3742 omnisque
1660 3670 1857 3724 condi-

218 3768 319 3834 tio,
338 3772 408 3822 ut
425 3767 607 3821 vitam
627 3769 1009 3838 consequatur
1035 3768 1330 3832 aternam,
1359 3765 1598 3836 juvenes
1625 3763 1860 3836 quidem

219 3862 280 3915 in
309 3877 376 3917 eo
404 3860 558 3932 grati
590 3861 722 3927 sint,
757 3859 912 3932 quod
936 3859 996 3914 in
1021 3859 1144 3930 ipso
1174 3859 1394 3930 impetu
1421 3856 1857 3928 desideriorum,

220 3955 469 4010 cervices
494 3969 629 4008 suas
640 3953 786 4025 jugo
806 3952 1112 4024 subjiciunt
1132 3951 1462 4023 disciplina.
1484 3951 1662 4006 Senes
1681 3953 1739 4005 et
1752 3950 1859 4022 ipsi

222 4047 537 4103 laudabiles
549 4045 716 4100 multi
734 4045 1009 4118 temporis
1022 4043 1500 4100 consuetudinem
1514 4044 1573 4098 in
1587 4059 1699 4115 qua
1709 4044 1861 4098 male

223 4139 503 4213 praventi
519 4143 654 4194 sunt
669 4156 776 4211 pro
795 4139 893 4194 Dei
915 4155 1115 4194 amore
1132 4139 1506 4193 commutent.
1527 4139 1704 4192 Nemo
1720 4152 1859 4207 ergo

221 4234 472 4302 differat,
490 4249 670 4288 nemo
692 4234 1006 4288 cunctetur.
1026 4234 1163 4297 Qua
1181 4231 1340 4285 enim
1361 4247 1533 4286 causa
1553 4229 1862 4285 cunctandi

221 4332 306 4383 est
334 4328 410 4382 ad
435 4327 588 4382 bene
623 4325 915 4397 agendum
936 4325 964 4380 ?
989 4326 1231 4380 Animus
1273 4324 1380 4379 sibi
1421 4325 1573 4378 male
1607 4323 1862 4378 conscius

221 4421 361 4476 dum
399 4420 632 4474 videtur
677 4418 784 4474 sibi
829 4420 1047 4474 nullam
1080 4433 1317 4490 poenam
1352 4417 1494 4489 pati,
1523 4417 1706 4472 credit
1731 4415 1862 4487 quia

221 4531 337 4569 non
352 4513 579 4585 judicet
603 4513 899 4580 Dominus,
923 4529 1052 4567 cum
1075 4511 1232 4566 abuti
1256 4510 1534 4582 patientia
1553 4509 1654 4565 Dei
1671 4512 1730 4564 et
1745 4525 1858 4564 non

1965 1987 2112 2043 riam
2162 1991 2248 2044 vel
2294 1990 2704 2046 contumeliam
2752 1991 2908 2060 facit,
2938 1995 3073 2061 Deo,
3111 1993 3272 2064 cujus
3312 1995 3602 2066 legatione

1964 2082 2286 2154 funguntur
2311 2083 2468 2139 facit.
2493 2085 2725 2155 Expavit
2747 2087 2954 2140 calum
2979 2103 3150 2158 super
3168 2088 3276 2142 hoc
3297 2091 3355 2142 et
3377 2088 3605 2144 horruit

1966 2175 2210 2247 amplius
2224 2177 2620 2246 vehementer,
2641 2177 2778 2232 dicit
2791 2179 3090 2234 Dominus.
3111 2179 3154 2234 Ο
3177 2179 3602 2236 intolerabilem

1964 2269 2405 2340 malignitatem,
2424 2287 2457 2325 0
2473 2270 2730 2342 linguam
2750 2271 3080 2344 loquentem
3097 2273 3459 2344 iniquitatem
3473 2292 3605 2330 con-

1966 2365 2055 2417 tra
2075 2364 2279 2430 Deum,
2303 2367 2361 2419 et
2380 2366 2638 2418 mentem
2657 2364 2717 2418 in
2738 2356 3102 2420 altitudinem
3125 2383 3306 2422 cornu
3331 2368 3602 2424 extollen-

1964 2456 2118 2511 tem!
2152 2459 2220 2512 Et
2244 2456 2457 2511 iterum
2480 2474 2492 2511 :
2519 2459 2778 2529 lmpone,
2807 2459 3004 2526 homo,
3024 2462 3138 2513 tua
3156 2460 3370 2531 lingua
3394 2461 3603 2516 ostium

1965 2554 2024 2604 et
2076 2565 2280 2604 seram.
2329 2550 2499 2604 Cessa
2553 2550 2612 2603 in
2670 2549 3031 2606 altitudinem
3089 2569 3268 2606 cornu
3327 2555 3603 2609 extollens

1965 2647 2018 2698 el
2047 2643 2285 2715 loquens
2302 2643 2571 2697 adversus
2589 2643 2893 2699 Dominum
2922 2644 3290 2716 iniquitatem
3321 2649 3378 2701 et
3406 2648 3598 2718 proxi-

1963 2752 2123 2791 mum
2149 2739 2333 2804 tuum,
2365 2752 2662 2808 quousque
2702 2736 2941 2792 insultas
2988 2737 3230 2808 patienti
3273 2739 3497 2796 Christo
3541 2747 3600 2796 et

1963 2829 2231 2886 fratribus
2250 2829 2277 2883 ?

2035 2924 2162 2978 Hac
2185 2939 2288 2977 nos
2312 2921 2652 2978 familiarius
2674 2922 2933 2991 docebat,
2953 2924 3012 2978 et
3027 2923 3150 2979 hac
3173 2925 3340 2980 nobis
3360 2926 3596 2998 publici-

1961 3020 2054 3072 tus
2081 3015 2386 3088 pradictus
2411 3015 2705 3088 magister,
2740 3019 2797 3071 et
2828 3017 3136 3073 instructor
3161 3023 3333 3090 atque
3365 3021 3596 3076 ordina-

1964 3112 2056 3164 tor
2080 3112 2273 3165 noster
2300 3109 2566 3182 princeps
2603 3111 3001 3182 apostolorum
3036 3113 3235 3167 Petrus
3264 3113 3325 3167 in
3353 3114 3599 3170 Ecclesia

1963 3203 2334 3274 pradicabat,
2359 3205 2688 3276 exemplum
2720 3204 2865 3258 dans
2905 3207 2968 3259 ut
3003 3221 3110 3259 nos
3137 3204 3400 3260 similiter
3429 3208 3596 3262 facia-

1963 3313 2110 3352 mus.
2138 3296 2523 3352 Humiliamini
2551 3296 2782 3369 (inquit)
2814 3297 2872 3352 in
2911 3301 3222 3369 conspectu
3263 3299 3512 3368 Domini,
3541 3305 3600 3356 et

1961 3390 2238 3445 exaltabit
2264 3407 2381 3446 vos.
2409 3391 2593 3446 Nolite
2619 3391 2922 3446 detrahere
2951 3391 3293 3447 alterutrum
3321 3393 3597 3465 quoniam

1961 3483 2059 3554 qui
2086 3483 2336 3538 detrahit
2360 3483 2542 3551 fratri,
2575 3486 2674 3538 aut
2715 3483 2812 3555 qui
2849 3484 3074 3555 judicat
3113 3485 3354 3540 fratrem
3401 3503 3590 3554 suum,

1961 3575 2213 3632 detrahit
2236 3576 2373 3647 legi,
2405 3579 2462 3630 et
2490 3575 2714 3647 judicat
2751 3577 2964 3646 legem.
2994 3577 3101 3641 Qui
3142 3581 3334 3632 autem
3376 3579 3597 3649 judicat

1959 3671 2150 3740 legem
2177 3686 2295 3724 non
2323 3672 2408 3723 est
2433 3670 2615 3724 factor
2633 3668 2798 3739 legis,
2819 3668 2918 3723 sed
2940 3668 3135 3739 judex,
3159 3687 3306 3724 unus
3326 3673 3413 3724 est
3437 3671 3594 3727 enim

1959 3763 2255 3835 legislator
2267 3767 2324 3818 et
2332 3763 2532 3834 judex,
2549 3762 2646 3834 qui
2663 3764 2854 3833 potest
2873 3762 3113 3834 perdere
3141 3765 3196 3818 et
3209 3762 3470 3820 liberare.
3483 3766 3596 3821 «Tu

1961 3859 2154 3912 autem
2182 3856 2280 3928 qui
2311 3873 2368 3911 es
2399 3856 2497 3927 qui
2525 3854 2746 3927 judicas
2785 3854 3154 3927 proximum?
3182 3855 3316 3926 (Jac.
3346 3874 3418 3927 IV,
3456 3861 3520 3914 10
3548 3864 3598 3915 et

1959 3951 2092 4020 seq.)
2115 3968 2142 4000 »
2170 3951 2293 4004 Non
2317 3951 2563 4020 Oportet,
2595 3965 2709 4004 non
2737 3948 3009 4020 pracepit
3038 3965 3142 4003 nos
3163 3949 3425 4020 judicare
3450 3950 3594 4006 invi-

1961 4059 2108 4110 cem,
2141 4042 2240 4098 sed
2264 4041 2450 4113 magis
2486 4041 2759 4096 auxilium
2796 4041 2948 4096 ferre
2973 4059 2986 4096 :
3010 4058 3093 4096 va
3121 4042 3230 4097 erit
3263 4043 3478 4114 (inquit)
3509 4045 3596 4099 his

1962 4137 2061 4208 qui
2089 4136 2296 4190 fratres
2319 4135 2610 4203 tribulant,
2640 4137 2699 4189 et
2734 4135 2817 4190 eis
2858 4135 2956 4206 qui
3007 4152 3105 4190 eos
3148 4141 3594 4208 persequuntur,

1959 4246 2058 4286 vos
2079 4232 2272 4285 autem
2298 4231 2516 4300 quanto
2540 4227 2786 4299 amplius
2807 4227 3182 4296 tribulamini,
3203 4231 3360 4284 tanto
3386 4246 3592 4302 purga-

1958 4324 2130 4379 tiores
2161 4324 2332 4393 atque
2359 4321 2646 4376 beatiores
2674 4320 3025 4389 efﬁciemini,
3055 4321 3102 4375 si
3131 4325 3326 4376 tamen
3351 4322 3474 4394 ipsa
3492 4323 3593 4378 tri-

1960 4415 2172 4470 bulatio
2200 4414 2487 4486 patienter
2514 4413 2688 4488 fuerit
2711 4417 3066 4485 supportata,
3097 4414 3250 4486 quod
3275 4415 3451 4470 etiam
3477 4415 3596 4488 ipse

1962 4431 2172 4470 bulatio
2200 4431 2487 4486 patienter
2514 4431 2644 4469 Iuer
2667 4431 2688 4470 ι
2711 4431 3066 4485 supportata,
3097 4431 3250 4486 quoa
3275 4431 3451 4470 etiam
3477 4433 3594 4488 Ipse

1962 4526 2064 4564 nos
2088 4507 2362 4563 Dominus
2385 4507 2596 4562 docuit.
2603 4431 2662 4654 /«
2686 4507 2846 4562 Beati
2877 4506 2974 4579 qui
3005 4508 3460 4578 persecutionem
3493 4526 3594 4582 pa-

1965 4602 2182 4654 tiuntur
2192 4604 2425 4654 nronter
2444 4601 2601 4654 iustit
2625 4617 2743 4654 am.
2763 4622 2790 4650 ››
2812 4602 2879 4654 Et
2896 4600 3033 4654 item
3051 4617 3064 4654 :
3084 4601 3282 4654 «Beati
3300 4602 3454 4654 eritis
3467 4618 3594 4654 cum

221 4607 547 4678 intelligere
597 4605 887 4677 parcentis
933 4604 1353 4677 benignitatem
1394 4604 1517 4674 jam
1548 4603 1622 4657 sit
1647 4619 1861 4674 magna
1879 4613 1940 4686 D
1965 4602 2425 4672 tiunturpropter
2437 4600 2743 4672 justitiam.
2763 4622 2790 4650 ››
2812 4602 2879 4655 Et
2896 4600 3033 4655 item
3051 4617 3064 4654 :
3084 4623 3111 4650 «
3128 4601 3282 4655 Beati
3300 4602 3454 4656 eritis
3467 4618 3598 4657 cum

223 4700 543 4756 damnatio.
577 4699 742 4754 Unde
776 4699 1050 4771 scriptum
1086 4701 1172 4753 est
1200 4715 1212 4752 :
1251 4719 1279 4747 ‹‹
1310 4696 1637 4753 Maledictus
1676 4696 1862 4750 omnis

227 4795 326 4865 qui
352 4810 496 4866 opus
523 4791 754 4848 Domini
776 4791 1144 4864 negligenter
1170 4790 1290 4862 agit
1315 4790 1442 4862 (Jer.
1471 4806 1656 4856 XLVIII,
1693 4789 1798 4859 lO).
1830 4807 1859 4840 ι)

227 4888 588 4959 Quapropter
614 4885 914 4958 pastoralis
953 4885 1173 4940 ordinis
1197 4887 1283 4940 est
1310 4882 1746 4955 infatigabiliter
1772 4898 1859 4936 re-

223 4997 422 5035 vocare
453 4978 738 5051 quidquid
776 4979 846 5034 ad
889 4977 1307 5034 correctionem
1344 4977 1712 5049 populorum,
1746 4975 1861 5030 imo

227 5073 410 5144 magis
439 5073 694 5127 ﬁliorum
719 5070 1101 5143 spiritualium
1139 5072 1439 5143 (quantum
1468 5073 1553 5124 est
1579 5069 1664 5123 fas
1694 5068 1862 5122 intel-

231 5167 420 5239 ligere)
444 5165 781 5238 cognoverit
805 5165 1113 5237 pertinere,
1138 5167 1197 5219 et
1216 5181 1334 5220 non
1356 5164 1530 5235 (quod
1551 5162 1714 5226 absit)
1735 5178 1865 5216 cum

233 5276 327 5314 suo
348 5259 607 5332 periculo
636 5259 840 5314 aliena
870 5258 992 5331 spei
1018 5275 1124 5330 per
1149 5258 1328 5313 solam
1354 5255 1768 5327 negligentiam
1790 5256 1867 5310 fa-

231 5369 355 5409 cere
371 5354 817 5422 detrimentum,
832 5352 934 5408 sed
955 5351 1111 5424 quod
1132 5351 1206 5406 ad
1225 5350 1511 5423 generalis
1528 5349 1726 5404 salutis
1745 5364 1870 5420 spe-

233 5449 343 5502 ctat
397 5445 834 5519 compendium,
881 5444 1091 5500 salubri
1150 5457 1382 5500 necesse
1439 5446 1525 5499 est
1570 5441 1868 5514 providere

237 5542 494 5596 tractatu.

300 5633 520 5689 Homini
577 5631 850 5705 religioso
896 5647 1104 5704 parum
1153 5647 1272 5698 esse
1323 5629 1496 5685 debet
1538 5628 1871 5684 inimicitias

231 5725 477 5783 aliorum
502 5743 623 5783 non
654 5741 940 5794 exercere,
964 5725 1052 5781 vel
1080 5741 1198 5780 non
1220 5740 1434 5795 augere
1459 5725 1609 5778 male
1628 5723 1868 5794 loquen-

233 5819 324 5887 do,
353 5819 466 5876 nisi
495 5836 592 5876 eas
627 5819 808 5875 etiam
847 5819 1209 5891 exstinguere
1248 5818 1399 5872 bene
1433 5816 1722 5889 loquendo
1755 5818 1870 5870 stu-

1962 4713 2059 4750 vos
2089 4694 2316 4750 oderint
2340 4693 2623 4762 homines,
2649 4715 2675 4741 ››
2709 4697 2768 4747 et
2796 4711 2824 4744 ‹‹
2850 4693 3255 4764 persecuti'vos
3282 4694 3517 4761 fuerint,
3542 4699 3600 4750 et

1962 4788 2233 4860 ejecerint
2259 4803 2473 4842 nomen
2499 4790 2755 4841 vestrum
2783 4789 3060 4856 tanquam
3084 4785 3326 4840 malum.
3346 4787 3597 4842 Gaudete

1966 4882 2022 4936 in
2041 4882 2136 4936 illa
2155 4881 2267 4949 die,
2295 4885 2350 4942 et
2367 4879 2658 4947 exsultate,
2678 4877 2950 4951 quoniam
2971 4894 3193 4933 merces
3213 4881 3400 4934 vestra
3417 4881 3602 4935 multa

1965 4979 2051 5031 est
2091 4975 2149 5029 in
2192 4975 2334 5030 calo
2365 4973 2559 5045 (Math.
2588 4989 2644 5041 v,
2675 4973 2779 5044 lO),
2812 4993 2840 5022 ››
2875 4971 3029 5026 unde
3061 4974 3119 5026 et
3143 4971 3265 5044 ipse
3295 4972 3374 5028 ait
3403 4989 3416 5027 :
3443 4993 3470 5026 α
3505 4974 3600 5028 Di-

1963 5069 2106 5140 liges
2137 5067 2447 5123 Dominum
2478 5067 2660 5122 Deum
2688 5070 2854 5121 tuum
2877 5081 2943 5119 ex
2963 5067 3083 5120 toto
3110 5066 3280 5121 corde
3311 5073 3433 5135 tuo,
3462 5069 3521 5121 et
3538 5083 3603 5122 ex

1965 5165 2087 5216 tota
2117 5160 2314 5216 anima
2337 5164 2453 5228 tua,
2477 5161 2534 5214 et
2553 5175 2617 5215 ex
2647 5158 2779 5213 totis
2803 5156 3016 5212 viribus
3035 5157 3166 5227 tuis,
3189 5160 3248 5213 et
3271 5158 3602 5231 proximum

1966 5257 2128 5308 tuum
2203 5254 2348 5308 sicut
2420 5252 2666 5324 teipsum
2719 5251 2907 5322 (Marc.
2954 5267 3050 5322 xu,
3102 5253 3192 5318 30,
3244 5252 3353 5322 31).
3400 5272 3427 5301 »
3478 5253 3602 5307 Non

1969 5347 2148 5418 enim,
2179 5346 2382 5418 inquit,
2411 5350 2566 5400 recte
2599 5344 2787 5417 diligit
2811 5345 2994 5399 Deum
3031 5343 3129 5416 qui
3165 5344 3403 5400 fratrem
3453 5345 3603 5400 inse-

1971 5441 2186 5512 quitur,
2217 5456 2322 5494 nec
2344 5438 2532 5510 diligit
2556 5438 2887 5510 proximum
2907 5437 3003 5510 qui
3025 5437 3079 5494 ei
3105 5437 3377 5506 detrahit,
3399 5440 3487 5494 vel
3509 5439 3606 5511 qui

1969 5535 2134 5589 illum
2167 5534 2416 5600 accusat,
2451 5530 2587 5603 quia
2617 5532 2770 5603 quod
2810 5531 2916 5587 sibi
2959 5531 3086 5603 quis
3132 5531 3257 5587 fieri
3303 5548 3421 5588 non
3465 5533 3604 5601 vult,

1971 5627 2077 5682 hoc
2113 5625 2280 5681 alteri
2314 5624 2643 5680 nullatenus
2689 5625 2874 5681 facere
2917 5624 3109 5681 debet.
3138 5623 3364 5694 Discite,
3398 5624 3606 5696 inquit,

1970 5719 2075 5776 ﬁlii
2111 5719 2246 5788 mei,
2286 5716 2630 5790 sapientiam
2671 5722 2730 5774 et
2770 5719 3028 5773 tenetote
3064 5717 3240 5774 ﬁdem
3282 5721 3518 5784 rectam,
3551 5720 3611 5770 et

1977 5811 2394 5886 amplectimini
2424 5811 2776 5881 charitatem,
2798 5815 2865 5868 ut
2891 5828 3006 5868 non
3037 5809 3306 5868 excidatis
3327 5826 3340 5877 ;
3365 5808 3492 5865 data
3526 5813 3613 5864 est

235 5913 441 5972 duerit.
476 5915 617 5970 Ecce
650 5913 769 5970 oris
798 5911 973 5969 nostri
999 5911 1241 5969 buccina
1267 5911 1339 5967 ad
1371 5927 1540 5967 aures
1573 5909 1874 5966 hominum
1979 5908 2130 5963 enim
2167 5907 2329 5962 vobis
2367 5923 2399 5962 a
2441 5905 2684 5963 Domino
2727 5907 2999 5984 potestas,
3033 5906 3088 5959 et
3122 5903 3299 5958 virtus
3336 5902 3408 5958 ab
3441 5902 3607 5958 Altis-
