4068 6300
518 323 584 377 43
1422 319 1701 373 APPEND.
1744 317 1830 371 AD
1868 318 2025 370 SAEC.
2071 317 2158 370 IX.
2185 346 2249 354 -
2289 316 2531 371 ISIDORI
2574 315 2990 370 MERCATORIS
3811 317 3881 373 44

511 429 681 497 sime,
703 427 804 500 qui
833 425 1215 499 interrogabit
1243 440 1420 498 opera
1445 427 1648 490 vestra,
1678 427 1735 477 et
1763 423 2144 494 cogitationes
2165 435 2224 508 Α
2246 423 2400 478 mitti
2415 422 2476 477 in
2495 423 2824 494 gehennam
2846 421 2997 494 ignis
3030 420 3530 493 inexstinguibilis,
3552 421 3648 477 ubi
3667 422 3884 478 vermis

514 522 856 577 scrutabitur
867 523 1097 576 vestras.
1114 519 1221 585 Qui
1241 523 1436 575 autem
1459 516 1824 572 custodierint
1833 516 2140 588 justitiam,

507 617 659 686 juste
699 615 1132 686 judicabuntur,
1176 617 1233 668 et
1271 612 1367 683 qui
1409 609 1754 665 crediderint
1795 610 1952 680 justa
1989 611 2144 681 juste

514 707 807 762 invenient
832 707 971 778 quid
1011 705 1410 778 respondeant.
1445 703 1685 774 Semper
1719 707 1971 760 cavetote
2015 719 2144 774 quae

513 800 886 872 praecepit,ne
901 799 1209 870 aliquando
1232 799 1461 868 peccato
1481 795 1991 866 consentiamus,et
2005 811 2145 867 pra».-

511 892 897 950 termittamus
920 894 1208 964 praecepta
1232 890 1335 945 Dei
1365 889 1566 944 nostri.

584 985 855 1042 Ecclesias
899 1001 1004 1055 per
1043 999 1298 1054 congrua
1334 987 1392 1036 et
1433 980 1593 1036 utilia
1631 981 1796 1036 facite
1836 968 1983 1050 loca,
2015 998 2144 1054 qua:

513 1078 716 1134 divinis
750 1076 1008 1149 precibus
1043 1093 1271 1131 sacrare
1313 1079 1563 1148 oportet,
1592 1078 1650 1130 et
1679 1073 1737 1128 in
1768 1074 2008 1147 singulis
2053 1092 2142 1130 sa-

513 1172 768 1228 cerdotes
796 1169 1000 1225 divinis
1027 1168 1380 1226 orationibus
1421 1170 1535 1224 Deo
1563 1169 1776 1224 dicatos
1809 1169 1969 1240 poni.
1995 1169 2145 1233 Quos

510 1265 579 1319 ab
624 1263 893 1319 omnibus
934 1262 1199 1318 venerari
1241 1265 1481 1333 oportet,
1525 1266 1582 1317 et
1618 1279 1734 1318 non
1771 1278 1804 1316 a
1850 1277 2145 1334 quoquam

513 1356 756 1430 gravari.
789 1359 1028 1427 Semper
1056 1355 1224 1410 vitate
1264 1355 1433 1421 mala,
1472 1359 1527 1408 et
1568 1371 1670 1426 pro
1709 1355 2007 1410 animabus
2046 1371 2141 1410 ve-

508 1451 640 1505 stris
671 1467 746 1504 ne
780 1447 1214 1504 confundamini
1255 1447 1442 1503 dicere
1479 1464 1700 1504 verum.
1733 1447 2022 1503 Mendacia
2051 1449 2142 1502 fu-

510 1544 647 1615 gite,
679 1548 735 1598 et
764 1543 1064 1598 veritatem
1101 1542 1273 1596 corde
1315 1542 1585 1612 proferte,
1616 1541 1892 1612 quoniam
1936 1542 2145 1596 multos

505 1638 630 1708 jam
666 1635 1048 1708 supplantavit
1085 1634 1346 1706 suspicio.
1379 1635 1729 1691 Charitatem
1760 1651 1988 1705 semper
2017 1634 2144 1688 dili-

513 1731 650 1802 gite,
679 1733 737 1784 et
763 1729 968 1784 fratres
989 1728 1274 1799 adjuvate.
1296 1729 1477 1782 Erunt
1499 1727 1654 1782 enim
1682 1729 1842 1798 quasi
1867 1744 1982 1782 non
2010 1729 2142 1794 sint,

511 1796 570 1878 et
599 1823 867 1894 peribunt
882 1821 983 1894 viri
1009 1796 1105 1893 qui
1131 1821 1532 1876 contradicunt
1559 1796 1718 1876 vobis
1733 1839 1749 1890 ;
1781 1821 1931 1876 unde
1954 1824 2011 1876 et
2032 1822 2141 1876 Do-
2165 1796 2221 1868 B

511 1915 702 1971 minus
730 1916 810 1970 ait
839 1933 851 1970 :
872 1883 912 2008 β
947 1913 1052 1979 Qui
1092 1931 1190 1969 vos
1234 1915 1409 1982 audit,
1441 1931 1536 1969 me
1582 1914 1762 1982 audit,
1809 1917 1866 1968 et
1907 1914 2005 1985 qui
2046 1931 2145 1969 vos

509 2011 744 2081 spernit,
775 2007 1130 2080 me'spernit,
1160 2013 1216 2064 et
1243 2007 1338 2079 qui
1369 2008 1588 2079 spernit
1617 2025 1732 2077 me,
1768 2008 1984 2078 spernit
2011 2024 2145 2062 eum

510 2103 608 2174 qui
650 2119 744 2158 me
787 2102 942 2157 misit
974 2104 1117 2166 (Luc.
1151 2118 1203 2170 x,
1245 2102 1347 2171 l6).
1389 2124 1416 2150 »
1454 2102 1520 2156 Et
1557 2101 1694 2156 item
1727 2117 1740 2153 :
1779 2122 1806 2150 «
1841 2101 1947 2165 Qui
1988 2101 2144 2155 enim

509 2212 626 2251 non
657 2199 742 2250 est
767 2195 1070 2250 adversum
1099 2211 1197 2249 vos
1225 2211 1328 2265 pro
1363 2194 1521 2248 vobis
1547 2196 1650 2248 est.
1683 2193 1946 2264 Quisquis
1989 2194 2142 2248 enim

509 2292 709 2361 potum
735 2289 962 2343 dederit
989 2286 1148 2342 vobis
1179 2287 1415 2342 calicem
1456 2304 1622 2358 aqum
1665 2287 1725 2341 in
1752 2287 1983 2342 nomine
2013 2305 2143 2343 meo

509 2383 663 2454 (quia
699 2382 903 2436 Christi
948 2382 1122 2452 estis),
1169 2396 1339 2436 amen
1393 2380 1520 2434 dico
1562 2379 1742 2445 vobis,
1785 2397 1901 2435 non
1944 2381 2146 2452 perdet

507 2475 836 2530 mercedem
882 2491 1061 2529 suam.
1106 2475 1176 2528 Et
1221 2473 1319 2544 qui
1367 2472 1826 2528 scandalizaverit
1862 2490 2043 2528 unum
2071 2491 2142 2530 ex

508 2568 722 2640 pusillis
762 2567 1124 2622 credentibus
1152 2567 1212 2621 in
1249 2583 1366 2633 me,
1407 2566 1622 2620 bonum
1661 2572 1745 2622 est
1782 2566 1833 2622 ei
1871 2567 2057 2638 magis
2097 2568 2144 2622 si

505 2661 954 2717 circumdaretur
981 2660 1139 2715 mola
1169 2659 1418 2715 asinaria
1457 2660 1602 2714 collo
1633 2659 1754 2730 ejus
1795 2665 1852 2714 et
1890 2660 1948 2714 in
1979 2676 2143 2714 mare

507 2756 848 2810 mitteretur.
883 2755 951 2807 Et
981 2753 1026 2806 si
1058 2753 1526 2808 scandalizavcrit
1555 2757 1609 2808 te
1635 2769 1837 2807 manus
1866 2757 1982 2822 tua,
2013 2753 2140 2808 abs-

507 2849 631 2903 cide
658 2848 838 2913 illam,
859 2846 1076 2900 bonum
1097 2849 1185 2900 est
1207 2845 1311 2900 tibi
1333 2844 1579 2900 debilem
1607 2845 1846 2900 introire
1865 2846 1922 2900 in
1942 2845 2139 2912 vitam,

507 2956 682 3012 quam
712 2940 852 2995 duas
882 2955 1088 2994 manus
1120 2939 1429 2994 habentem
1472 2938 1696 3010 ingredi
1724 2938 1784 2993 in
1813 2939 2142 3009 gehennam

508 3033 679 3104 ignis,
695 3031 1244 3103 inexstinguibilem,
1263 3032 1360 3086 ubi
1375 3032 1582 3104 vermis
1605 3048 1806 3087 eorum
1829 3049 1945 3088 non
1964 3031 2139 3086 mori-

505 3093 617 3195 tur,
647 3093 704 3180 et
730 3125 879 3198 ignis
919 3093 1037 3181 non
1073 3093 1457 3196 exstinguitur
1475 3093 1580 3272 ;Et
1608 3125 1654 3179 si
1683 3141 1783 3195 pes
1815 3128 1943 3180 tuus
1973 3142 2140 3180 scan-

506 3219 710 3272 dalizat
735 3222 811 3272 te.
835 3221 1066 3272 amputa
1097 3235 1250 3272 eum.
1280 3218 1500 3272 Bonum
1559 3222 1608 3271 st
1635 3218 1736 3272 tibi
1757 3219 2026 3272 claudum
2053 3219 2139 3272 in-

506 3219 710 3274 dalizat
735 3222 811 3287 te,
835 3221 1066 3290 amputa
1097 3235 1250 3273 eum.
1280 3218 1500 3272 Bonum
1517 3218 1608 3272 ‘est
1635 3218 1736 3272 tibi
1757 3219 2026 3273 claudum
2053 3219 2139 3274 in-

509 3313 679 3368 troire
697 3312 756 3367 in
772 3311 946 3367 vitam
967 3314 1262 3382 aeternam,
1278 3327 1454 3382 quam
1479 3311 1622 3366 duos
1638 3312 1812 3382 pedes
1830 3311 2143 3367 habentem

2246 533 2448 573 eorum
2471 533 2585 570 non
2607 517 2868 584 moritur,
2893 518 2952 570 et
2972 515 3123 585 ignis
3158 532 3272 570 non
3295 515 3695 586 exstinguitur.
3719 516 3882 580 Quod

2245 610 2292 664 si
2321 611 2515 665 oculus
2543 612 2674 664 tuus
2715 609 3063 664 scandalizat
3089 612 3163 676 te,
3194 609 3335 680 ejice
3364 626 3516 664 eum.
3549 610 3766 664 Bonum
3794 612 3886 664 est

2246 703 2347 758 tibi
2370 704 2590 758 luscum
2615 701 2853 758 introire
2879 702 2937 756 in
2959 718 3206 774 regnum
3231 701 3352 769 Dei,
3376 719 3551 773 quam
3581 703 3727 756 duos
3752 719 3885 756 ocu-

2244 796 2329 851 los
2358 795 2670 851 habentem
2701 794 2852 850 mitti
2891 795 2949 849 in
2993 795 3320 865 gehennam
3350 795 3519 866 ignis,
3549 796 3646 850 ubi
3673 796 3883 850 vermis

2247 905 2448 944 eorum
2477 905 2595 943 non
2622 888 2887 957 moritur,
2917 892 2975 943 et
2995 888 3147 959 ignis
3170 905 3290 943 non
3318 888 3718 960 exstinguitur.
3746 889 3882 943 Om-

2247 982 2334 1038 nis
2370 982 2528 1036 enim
2569 982 2706 1054 igne
2751 981 2981 1037 salietur
3021 984 3080 1036 et
3122 981 3309 1036 omnis
3350 981 3581 1036 victima
3622 981 3879 1049 salietur,

2245 1076 2464 1131 bonum
2501 1081 2587 1131 est
2621 1076 2721 1142 sal,
2755 1075 2908 1146 quod
2945 1075 2992 1129 si
3027 1076 3109 1130 sal
3138 1075 3416 1129 insulsum
3446 1074 3639 1144 fuerit,
3671 1075 3731 1129 in
3762 1091 3881 1146 quo

2246 1169 2386 1224 illud
2412 1168 2664 1224 salictis?
2705 1168 2913 1224 habete
2945 1170 3027 1223 sal
3065 1169 3122 1223 in
3149 1168 3305 1223 vobis
3343 1173 3398 1223 et
3435 1185 3636 1239 pacem
3668 1168 3882 1222 habete

2246 1264 2398 1317 inter
2436 1279 2530 1317 vos
2558 1263 2744 1331 (Marc.
2785 1279 2862 1330 1x,
2893 1265 2958 1317 39
2998 1267 3047 1317 et
3085 1262 3243 1332 seq.),
3275 1283 3303 1311 »
3333 1261 3467 1332 quia
3495 1260 3749 1333 quisquis
3779 1277 3881 1316 ve-

2246 1361 2425 1412 strum
2458 1357 2611 1410 recte
2637 1354 2894 1410 docuerit
2931 1359 2989 1410 et
3029 1355 3182 1425 juste
3217 1354 3436 1422 vixerit,
3466 1353 3701 1408 habebit
3749 1353 3882 1425 glo-

2245 1449 2416 1504 riam.
2449 1447 2554 1514 Qui
2581 1453 2774 1503 autem
2801 1465 2961 1502 secus
2993 1448 3174 1520 egerit
3215 1447 3606 1503 indubitanter
3647 1463 3884 1518 poenam

2245 1541 2566 1609 sustinebit,
2599 1541 2728 1596 ideo
2768 1542 2922 1596 bona
2953 1558 3125 1613 agere
3155 1558 3254 1597 vos
3287 1558 3515 1612 semper
3544 1544 3788 1612 oportet,
3819 1545 3886 1596 ut

2247 1635 2307 1708 9
2334 1635 2594 1690 bravium
2639 1638 2869 1690 aeterna:
2901 1635 3026 1689 vitae
3056 1635 3403 1706 percipiatis,
3434 1635 3521 1689 his
3551 1650 3688 1706 ergo
3727 1633 3884 1689 bene

2246 1732 2442 1800 parete
2491 1728 2807 1796 sententiis,
2857 1744 2930 1783 ne
2975 1727 3102 1798 quis
3145 1729 3266 1782 haec
3308 1731 3596 1799 praecepta
3641 1726 3884 1781 minime

2246 1822 2441 1876 credat
2460 1821 2773 1892 implenda,
2797 1824 2853 1876 et
2873 1820 3088 1892 judicio
3114 1821 3346 1874 Domini
3371 1820 3573 1876 aeterni
3598 1819 3750 1891 ignis
3768 1824 3886 1874 tor-

2243 1917 2438 1969 menta
2487 1914 2779 1982 sustineat,
2814 1914 2912 1984 qui
2955 1913 3320 1969 ecclesiastici
3359 1914 3546 1985 operis
3585 1930 3741 1968 sacra
3775 1929 3882 1967 ne-

2244 2007 2500 2080 glexerit.

2315 2103 2440 2155 Haec
2470 2099 2664 2171 igitur,
2693 2101 2868 2155 frater
2895 2100 3124 2169 Jacobe,
3161 2101 3234 2154 de
3265 2118 3365 2156 ore
3404 2102 3581 2156 sancti
3611 2102 3761 2156 Petri
3784 2102 3881 2172 ju-

2242 2195 2431 2249 bentis
2476 2193 2686 2249 audivi.
2719 2194 2778 2248 Si
2820 2194 2946 2265 quis
2991 2197 3278 2266 praecepta
3328 2196 3451 2250 haec
3495 2211 3612 2250 non
3656 2195 3889 2266 integra

2244 2288 2594 2356 custodierit,
2615 2287 2688 2340 sit
2713 2288 3018 2342 anathema
3040 2304 3217 2360 usque
3237 2288 3305 2342 ad
3326 2289 3632 2343 adventum
3655 2288 3888 2343 Domini

2246 2381 2426 2436 nostri
2471 2382 2601 2435 Jesu
2645 2380 2872 2435 Christi.
2903 2383 3030 2435 Haec
3074 2387 3355 2452 praecepta
3398 2399 3432 2436 a
3475 2385 3669 2437 sancto
3713 2384 3887 2438 Petro

2244 2474 2496 2545 apostolo
2525 2474 2739 2545 accepi,
2769 2477 2827 2528 et
2859 2473 2980 2541 tibi,
3005 2475 3182 2529 frater
3207 2475 3560 2543 charissime,
3589 2475 3888 2530 insinuare

2245 2567 2456 2636 curavi,
2487 2570 2550 2622 ut
2574 2583 2798 2622 servare
2829 2568 3025 2622 omnia
3053 2568 3351 2640 praacipias
3385 2569 3507 2623 sine
3545 2571 3792 2624 macula.
3825 2570 3887 2625 Si

2245 2660 2373 2731 quis
2399 2676 2533 2714 vero
2560 2659 2803 2715 audierit
2830 2665 2906 2728 te,
2935 2661 3089 2716 utilis
3125 2661 3235 2715 erit
3275 2661 3536 2716 minister
3557 2665 3688 2717 Jesu
3717 2663 3884 2717 Chri-

2245 2753 2346 2822 sti;
2373 2753 2472 2824 qui
2499 2758 2692 2808 autem
2728 2770 2846 2808 non
2875 2754 3125 2808 audierit
3150 2757 3227 2821 te,
3259 2755 3378 2810 imo
3406 2757 3736 2826 loquentem
3767 2759 3885 2811 Do-

2244 2846 2468 2901 minum
2490 2863 2593 2918 per
2609 2850 2683 2915 te,
2699 2847 2820 2918 ipse
2840 2847 2943 2902 sibi
2964 2847 3398 2903 damnationem
3416 2849 3886 2920 accipiet.0mni-

2245 2943 2444 3010 potens
2473 2941 2639 3007 Deus,
2676 2941 3021 3008 charissime,
3057 2958 3160 2996 sua
3205 2945 3261 2996 te
3297 2943 3650 3013 protectione
3693 2947 3889 2997 custo-

2245 3032 2381 3100 diat,
2399 3037 2569 3104 atque
2591 3035 2662 3088 ad
2693 3034 2932 3089 cmlestis
2952 3038 3479 3091 remunerationem
3507 3036 3707 3107 patrita
3728 3037 3887 3090 mul-

2163 3164 2218 3239 Ο
2245 3125 2418 3196 tiplici
2459 3127 2784 3182 animarum
2827 3128 3016 3183 fructu
3059 3130 3354 3200 perducat.
3385 3131 3529 3184 Deus
3569 3133 3626 3183 te
3667 3128 3886 3184 iterum

2244 3219 2571 3290 iterumque
2587 3220 2934 3276 incolumem
2952 3222 3252 3292 custodiat,
3275 3221 3750 3279 reverendissime
3773 3223 3891 3277 fra-

2243 3317 2350 3368 ter.
2393 3316 2592 3369 Amen.

885 3588 1439 3681 EPISTOLA
1509 3589 1928 3681 TERTIA
1998 3590 2400 3682 SANCTI
2469 3591 3103 3685 CLEMENTIS
3171 3594 3499 3687 ΡΑΡᾸΕ

1580 3743 1676 3805 De
1705 3742 1906 3821 ofﬁcio
1934 3741 2286 3805 sacerdotii
2312 3751 2373 3806 et
2401 3743 2807 3807 clericorum.

578 3878 826 3932 CLEHENS
859 3875 1012 3930 urbis
1051 3877 1252 3930 Romae
1291 3875 1609 3946 episcopus,
1641 3875 1905 3930 omnibus
1951 3878 2142 3947 coepi-

508 3969 710 4042 scopis,
739 3969 1105 4041 presbyteris,
1139 3967 1493 4035 diaconibus,
1529 3985 1594 4022 ac
1637 3969 1871 4040 reliquis
1905 3970 2141 4038 clericis,

510 4067 568 4119 et
583 4061 799 4117 cunctis
819 4060 1190 4132 principibus,
1210 4061 1543 4132 majoribus,
1566 4060 1996 4133 minoribusque
2019 4079 2139 4118 om-

509 4157 678 4211 nibus
723 4155 1073 4227 generaliter
1113 4153 1372 4208 ﬁdelibus
1414 4154 1756 4223 benedictio,
1798 4155 2044 4222 claritas,
2087 4160 2146 4210 et

510 4249 714 4320 gloria,
743 4249 803 4302 in
833 4247 1015 4317 gratia
1039 4247 1135 4302 Dei
1163 4263 1290 4318 quae
1320 4247 1454 4302 data
1498 4249 1584 4302 est
1628 4247 1794 4302 nobis
1829 4247 1889 4302 in
1920 4248 2140 4304 Christo

509 4343 638 4396 Jesu
661 4341 904 4396 Domino
931 4345 1151 4396 nostro.

581 4437 759 4505 Urget
800 4451 926 4499 nos,
958 4435 1182 4503 fratres,
1216 4435 1429 4488 multus
1469 4447 1633 4488 amor
1676 4437 1880 4500 vester,
1911 4439 1967 4488 et
2005 4434 2141 4488 reli-

511 4529 668 4600 giosa
693 4531 882 4583 vestra
913 4527 1159 4595 devotio,
1193 4526 1328 4598 quia
1355 4525 1642 4582 debitores
1673 4543 1866 4580 sumus
1895 4531 1955 4580 ut
1989 4543 2140 4597 quae-

511 4623 644 4677 dam
679 4621 838 4677 vobis
893 4621 1246 4686 scribamus;
1298 4619 1455 4674 vobis
1503 4636 1664 4690 ergo,
1695 4620 1793 4690 qui
1835 4620 2144 4675 sacerdotio

511 4716 734 4771 Domini
760 4714 1037 4780 fruimini,
1070 4717 1127 4768 et
1152 4714 1212 4769 in
1244 4714 1467 4784 specula
1493 4713 1623 4768 estis
1649 4713 1817 4784 positi
1848 4715 1973 4784 plus
2002 4714 2142 4768 scire

511 4811 738 4878 oportet
779 4813 841 4863 ut
883 4808 1136 4863 subditos
1174 4807 1334 4862 vobis
1380 4808 1615 4876 populos
1657 4806 1897 4876 pleniter
1939 4807 2144 4862 docere

511 4899 758 4972 possitis,
779 4901 968 4971 eisque
989 4900 1063 4956 ad
1085 4916 1265 4970 regna
1284 4899 1559 4952 caelorum
1577 4899 1845 4953 ducatum
1865 4901 2141 4970 praebere,

509 4994 626 5047 Deo
675 4997 982 5058 annuente,
1019 4991 1274 5047 valeatis.
1316 4991 1475 5047 Unde
1526 4995 1583 5045 et
1624 4991 1748 5062 ipsa
1791 5008 1892 5062 per
1935 5010 1992 5048 se
2041 4995 2142 5047 Ve-

508 5085 646 5140 ritas
672 5084 751 5138 ait
777 5099 791 5137 :
826 5105 852 5132 «
877 5084 1042 5138 Vobis
1072 5085 1272 5139 datum
1303 5088 1389 5139 est
1413 5100 1578 5138 nosse
1616 5084 1952 5156 mysterium
1982 5086 2140 5157 regni

2246 3894 2560 3950 omnesque
2606 3879 2914 3952 principes,
2946 3885 3059 3937 tam
3098 3883 3333 3955 majoris
3375 3902 3550 3957 quam
3594 3885 3893 3943 inferioris

2244 3971 2480 4042 ordinis,
2509 3978 2682 4044 atque
2727 3975 2932 4046 reliqui
2971 3977 3184 4048 populi,
3213 3978 3396 4033 tribus
3422 3986 3480 4034 et
3519 3979 3733 4050 linguae
3761 3998 3888 4036 non

2245 4063 2789 4137 obtemperaverint,
2813 4085 2930 4123 non
2962 4072 3150 4125 solum
3179 4071 3441 4142 infames,
3466 4073 3567 4127 sed
3599 4077 3656 4127 et
3685 4078 3886 4130 extor-

2244 4175 2336 4213 res
2357 4175 2390 4214 a
2410 4176 2591 4230 regno
2613 4161 2839 4216 Domini
2861 4167 2917 4217 et
2936 4165 3221 4220 consortio
3248 4167 3503 4221 ﬁdelium
3523 4184 3556 4220 a
3581 4167 3892 4225 liminibus

2243 4255 2451 4307 sanctas
2484 4252 2581 4308 Dei
2613 4255 2874 4310 Ecclesia:
2901 4256 3066 4312 alieni
3100 4262 3286 4313 erunt.
3319 4260 3463 4313 Nam
3499 4263 3752 4315 vestrum
3796 4269 3894 4318 est,

2245 4361 2340 4399 eos
2363 4345 2669 4417 instruere,
2699 4364 2896 4403 eorum
2941 4354 3027 4404 est
3062 4351 3218 4406 vobis
3255 4352 3504 4420 obedire,
3527 4357 3593 4406 ut
3637 4355 3890 4411 Domino

2243 4437 2404 4508 cujus
2443 4439 2728 4510 legatione
2768 4442 3096 4513 fungimini,
3129 4444 3353 4500 dicente
3394 4446 3634 4500 Domino
3664 4462 3676 4500 :
3713 4466 3739 4498 «
3771 4449 3892 4512 Qui

2244 4547 2341 4585 vos
2413 4532 2592 4602 audit,
2643 4550 2736 4589 me
2802 4535 2981 4605 audit,
3043 4541 3098 4590 et
3161 4538 3261 4608 qui
3326 4554 3420 4592 vos
3493 4539 3731 4608 spernit,
3784 4557 3889 4596 me

2245 4624 2480 4695 spernit,
2509 4630 2567 4679 et
2603 4627 2702 4698 qui
2741 4645 2842 4682 vos
2885 4629 3109 4700 recipit,
3150 4647 3245 4684 me
3295 4630 3513 4701 recipit,
3544 4635 3601 4685 et
3638 4632 3734 4703 qui
3784 4651 3891 4690 me

2243 4717 2460 4789 recipit,
2491 4719 2694 4791 recipit
2732 4737 2865 4775 eum
2909 4722 3009 4792 qui
3048 4739 3141 4776 me
3183 4723 3340 4777 misit
3370 4723 3585 4794 (Matth.
3615 4741 3667 4790 x,
3699 4727 3816 4797 40),
3854 4753 3885 4778 η

2246 4811 2386 4864 nihil
2419 4813 2571 4867 enim
2605 4812 2871 4884 injustius
2897 4815 2979 4867 vel
3008 4815 3365 4870 inhonestius
3403 4820 3488 4871 est
3518 4835 3689 4888 quam
3730 4820 3892 4876 ﬁlios

2243 4904 2499 4974 patribus
2526 4905 2784 4972 rebelles,
2817 4909 2916 4960 aut
2943 4906 3174 4961 clericos
3198 4910 3284 4963 vel
3331 4909 3501 4964 laicos
3548 4910 3892 4969 doctoribus

2244 5013 2343 5052 seu
2369 4997 2672 5068 discipulos
2707 4997 2997 5067 magistris
3040 4999 3432 5058 inobedientes
3462 5005 3550 5057 vel
3580 5008 3894 5075 protervos

2245 5089 2503 5144 existere.
2533 5089 2804 5142 Novimus
2843 5090 2997 5144 enim
3039 5094 3290 5162 primum
3338 5095 3630 5152 hominem
3657 5115 3762 5169 per
3786 5099 3891 5155 in-

509 5177 631 5245 Dei,
673 5175 892 5230 caeteris
934 5181 1127 5231 autem
1156 5177 1216 5231 in
1247 5178 1531 5248 parabolis
1564 5178 1711 5250 (Luc.
1745 5194 1862 5247 VIII,
1895 5180 1996 5249 10),
2032 5201 2059 5228 ››
2093 5171 2637 5242 etDobedientiam
2685 5181 2974 5252 cecidisse,
3017 5185 3226 5242 idcirco
3276 5206 3477 5245 omnes
3524 5191 3632 5245 hoc
3677 5191 3892 5250 vitium

510 5269 750 5340 reliqua.
792 5270 1027 5339 Propter
1063 5270 1218 5338 quod
1261 5270 1562 5325 consilium
1603 5270 1676 5326 do
1717 5270 2024 5342 unicuique
2052 5287 2145 5326 ve-

509 5367 691 5416 strum
721 5364 1058 5416 constanter
1076 5361 1280 5417 docere
1302 5363 1472 5418 verba
1493 5363 1701 5434 divina,
1725 5367 1782 5418 et
1800 5363 2147 5420 discentibus

506 5454 756 5509 libenter
794 5454 1228 5511 accommodare
1270 5471 1467 5512 aurem
1506 5457 1680 5512 verbo
1725 5456 1841 5512 Dei.
1883 5457 2144 5510 Vestrum

509 5546 686 5616 enim,
716 5546 849 5618 quia
889 5547 1178 5618 legatione
1205 5549 1434 5605 Domini
1465 5549 1798 5622 fungimini,
1827 5552 1913 5603 est
1938 5547 2142 5603 docere

507 5642 769 5713 populos,
797 5656 996 5694 eorum
1035 5657 1166 5695 vero
1215 5647 1301 5698 est
1340 5643 1498 5698 vobis
1541 5642 1778 5697 obedire
1821 5643 1883 5694 ut
1923 5641 2058 5697 Deo.
2087 5641 2139 5698 Si

506 5737 699 5788 autem
721 5733 877 5788 vobis
904 5733 1180 5806 episcopis
1206 5753 1318 5790 non
1344 5735 1665 5791 obedierint
1685 5749 1884 5788 omnes
1903 5734 2140 5806 presby-

500 5825 628 5893 teri,
662 5827 898 5893 diaconi,
935 5844 999 5881 ac
1029 5829 1381 5888 subdiaconi.
1415 5833 1469 5882 et
1495 5826 1701 5896 reliqui
1730 5827 1919 5881 clerici
1945 5828 2134 5882 cuncti

2245 5288 2605 5344 summopere
2631 5291 2830 5330 cavere
2856 5292 3176 5334 monemus.
3207 5283 3274 5336 Et
3311 5283 3444 5354 quia
3476 5284 3751 5338 Dominus
3779 5302 3890 5342 su-

2246 5365 2438 5434 perbis
2480 5366 2706 5434 resistit,
2752 5369 3065 5427 humilibus
3108 5377 3300 5429 autem
3344 5375 3442 5430 dat
3475 5377 3722 5447 gratiam
3763 5381 3890 5435 Do-

2245 5457 2438 5512 minus
2479 5458 2610 5527 (Jac.
2671 5477 2744 5529 1v,
2787 5465 2859 5533 6),
2908 5465 3139 5521 mittens
3177 5484 3277 5522 vos
3319 5469 3437 5524 vice
3484 5487 3585 5524 sua
3641 5471 3700 5525 in
3753 5474 3889 5530 loco

2243 5551 2634 5620 apostolorum
2680 5555 2754 5609 ad
2798 5557 3246 5628 praedicandum,
3279 5563 3549 5634 praecepit
3577 5564 3738 5619 vobis
3769 5566 3889 5622 do—

2242 5659 2388 5711 cere,
2447 5661 2760 5719 omnesque
2810 5651 2968 5706 vobis
3028 5654 3277 5710 ﬁdeliter
3349 5656 3680 5712 obedientes
3754 5663 3891 5717 διὶ-

2241 5741 2409 5807 stere,
2432 5740 2705 5810 quoniam
2733 5758 2839 5799 nec
2867 5746 3030 5801 aliter
3061 5753 3214 5803 terra
3255 5749 3443 5819 pariet
3474 5750 3690 5806 fructus
3716 5768 3885 5821 suos,

2241 5829 2347 5883 nisi
2401 5832 2548 5887 culta
2607 5837 2882 5907 receperit
2933 5853 3124 5896 semen
3173 5845 3231 5894 et
3286 5842 3521 5914 irrigata
3580 5845 3883 5915 germina-
