4068 6298
235 323 302 380 45
940 307 948 318 ’
1321 375 1336 408 ,
1481 328 1951 386 DECRETALIUM
1990 327 2374 408 COLLECTIQ.
3532 337 3600 395 43

234 433 379 490 verit
415 439 472 490 et
510 433 691 508 pariat
732 451 860 507 quae
902 438 986 491 est
1029 375 1336 528 paritura/
1333 437 1422 494 Sic
1459 439 1646 494 omnis
1689 439 1866 495 homo
1887 437 2251 522 Abonorum
2271 437 2674 495 ccelestium’ex
2705 440 2878 512 gestis
2912 441 3158 514 propriis
3197 442 3314 499 flet.
3356 445 3602 503 Accedat

232 528 332 599 qui
374 527 617 584 libenter
657 545 770 584 non
821 529 1027 600 recipit
1064 527 1303 586 verbum
1340 530 1459 600 Dei,
1511 531 1761 604 illudque
1810 533 1872 590 in
1969 534 2160 585 autem
2187 531 2285 602 qui
2308 531 2428 586 vult
2455 533 2527 588 ad
2555 534 2904 590 sacerdotem
2929 552 3120 604 suum,
3153 539 3211 592 et
3233 537 3343 609 ipsi
3371 539 3468 594 det
3489 556 3597 596 no-

232 621 408 676 corde
437 638 539 676 suo
556 621 880 693 germinare
898 639 1016 678 non
1036 623 1187 692 sinit,
1215 640 1279 678 ac
1305 623 1544 680 minime
1565 625 1872 682 crediderit
1970 639 2107 678 men
2140 640 2305 678 suum
2327 629 2499 696 atque
2527 626 2602 681 ab
2627 644 2694 682 eo
2718 628 2910 684 audiat
2937 629 3210 701 mysteria
3233 628 3402 703 regni
3428 633 3597 688 coelo-

230 713 561 769 doctoribus
579 719 633 771 et
663 716 941 787 episcopis
957 716 1090 787 suis,
1109 733 1224 772 non
1239 717 1544 773 benevolus
1559 719 1657 774 sed
1684 719 1866 775 rebel-

228 805 302 860 lis
318 811 488 878 atque
505 807 842 864 inobediens
861 808 1154 878 exstiterit,
1173 809 1425 865 fructum
1445 827 1561 866 non
1590 812 1869 883 germina-

226 899 335 965 bit,
381 915 484 955 nec
530 902 733 976 pariet,
786 903 883 957 sed
934 901 1136 957 similis
1177 906 1264 958 est
1298 903 1484 958 arbori
1532 904 1616 959 illi
1649 905 1718 960 de
1757 922 1868 976 qua

227 905 335 965 bit,
381 915 484 955 nec
530 905 688 972 parie
719 943 733 971 ,
786 905 883 957 sed
934 905 1136 957 similis
1177 906 1264 958 est
1298 905 1484 958 arbori
1532 905 1616 959 illi
1649 905 1718 960 de
1757 922 1864 976 qua

227 993 508 1048 Dominus
534 993 612 1048 ait
633 905 712 1142 εί
739 995 938 1050 Omnis
964 995 1152 1064 arbor,
1176 1011 1305 1068 quae
1331 1013 1446 1052 non
1464 997 1599 1052 facit
1615 998 1864 1054 fructum

227 1085 469 1142 bonum.
521 1087 645 1142 exci
686 1091 814 1142 etur
872 1092 930 1142 et
978 1089 1040 1142 in
1082 1089 1280 1142 ignem
1334 1089 1598 1142 mittetur
1645 1091 1862 1142 (Matth.

224 1085 469 1153 bonum,
521 1085 814 1144 excidetur
872 1092 930 1143 et
978 1089 1040 1144 in
1082 1089 1280 1160 ignem
1334 1089 1598 1146 mittetur
1645 1091 1862 1161 (Matth.

228 1195 312 1249 ιιι,
352 1180 460 1250 l9).
494 1199 522 1231 η
553 1181 777 1236 Primus
808 1182 963 1236 enim
1000 1183 1278 1254 pontifex,
1318 1184 1526 1252 Aaron,
1559 1184 1862 1242 chrismate

224 1273 651 1345 compositionis
691 1279 1020 1346 perunctus,
1068 1276 1331 1348 princeps
1376 1277 1575 1349 populi
1630 1278 1759 1349 fuit,
1805 1283 1864 1335 et

225 1369 503 1438 tanquam
531 1383 633 1423 rex
661 1368 941 1439 primitias
969 1374 1025 1424 et
1052 1369 1330 1425 tributum
1349 1386 1453 1442 per
1493 1372 1676 1442 capita
1698 1388 1859 1426 acce-

224 1460 313 1532 pit
348 1477 382 1514 a
419 1461 649 1532 populo,
696 1465 753 1518 et
787 1462 1085 1533 judicandi
1128 1464 1373 1535 populos
1412 1467 1562 1518 sorte
1604 1470 1861 1538 suscepta

222 1553 295 1607 de
329 1554 559 1609 mundis
587 1554 1011 1627 immundisque
1047 1556 1360 1627 judicabat.
1393 1557 1504 1612 Sed
1535 1557 1580 1612 si
1620 1558 1764 1613 alius
1790 1574 1860 1614 ex

220 1645 346 1716 ipso
372 1652 672 1718 unguento
699 1653 1009 1719 perunctus
1039 1653 1143 1719 est,
1173 1649 1380 1705 virtute
1412 1649 1546 1706 inde
1563 1655 1855 1723 concepta,

220 1739 396 1792 etiam
439 1739 556 1810 ipse
599 1756 716 1809 rex,
758 1746 856 1794 aut
896 1742 1179 1812 prepheta
1225 1746 1322 1797 aut
1357 1743 1610 1813 pontifex
1665 1744 1852 1799 fiebat.

1969 733 2119 786 rum,
2141 717 2380 788 jejuniis
2406 718 2801 791 frequentibus
2829 737 3059 793 operam
3087 723 3404 796 impendat,
3424 742 3488 782 ac
3517 743 3600 783 se-

1967 810 2276 881 metipsum
2305 811 2365 866 in
2390 813 2653 868 omnibus
2670 814 2876 885 probet
2896 821 2958 871 ut
2979 817 3160 872 tribus
3172 818 3464 874 mensibus
3471 819 3592 891 jam

1967 905 2420 960 consummando
2433 904 2492 960 in
2511 905 2600 961 die
2616 906 2758 964 festo
2777 909 2954 980 possit
2966 909 3258 982 baptizari.
3279 912 3598 984 Baptizatur

1965 1001 2158 1052 autem
2186 998 2576 1070 unusquisque
2621 999 2681 1054 in
2725 1001 2885 1072 aquis
2925 1004 3304 1074 perennibus,
3358 1006 3595 1062 nomine

1961 1089 2128 1145 trime
2191 1090 2562 1147 beatitudinis
2624 1092 2878 1150 invocato
2933 1112 3105 1167 super
3159 1113 3237 1166 se,
3283 1101 3594 1170 perunctus

1962 1183 2148 1255 primo
2176 1185 2304 1239 oleo
2325 1200 2430 1255 per
2453 1185 2771 1241 orationem
2801 1189 3166 1258 sanctiﬁcato,
3185 1195 3248 1245 ut
3266 1190 3344 1246 ita
3359 1191 3595 1247 demum

1962 1292 2065 1347 per
2094 1277 2200 1332 hoc
2246 1281 2609 1334 consecratus
2646 1281 2824 1350 possit
2872 1281 3168 1353 percipere
3214 1283 3408 1339 locum
3462 1301 3593 1340 cum

1959 1369 2190 1424 sanctis.
2224 1371 2418 1425 Nullus
2453 1371 2607 1427 enim
2633 1377 2866 1444 propter
2900 1375 3268 1446 Opprobrium
3287 1379 3593 1433 senectutis

1961 1467 2061 1517 aut
2089 1463 2408 1534 juventutis
2441 1465 2530 1519 vel
2566 1465 2923 1521 nobilitatem
2949 1467 3177 1538 generis
3202 1484 3235 1522 a
3262 1471 3506 1540 parvulis
3536 1476 3592 1526 et

1959 1555 2147 1610 minus
2164 1555 2419 1626 eruditis,
2441 1557 2490 1611 si
2503 1557 2644 1629 quid
2661 1558 2807 1614 forte
2821 1559 2974 1614 enim
2989 1560 3248 1616 utilitatis
3262 1564 3362 1616 aut
3374 1563 3588 1632 salutis,

1958 1647 2245 1720 inquirere
2273 1649 2550 1720 negligat.
2581 1650 2690 1715 Qui
2717 1652 2871 1706 enim
2904 1652 3194 1708 rebelliter
3234 1653 3388 1723 vivit,
3420 1658 3478 1710 et
3505 1655 3589 1710 di-

1955 1758 2114 1797 scere
2134 1747 2305 1814 atque
2336 1758 2510 1814 agere
2532 1743 2689 1800 bona
2708 1750 2952 1815 recusat,
2980 1746 3164 1818 magis
3187 1746 3396 1803 diaboli
3414 1765 3590 1820 quam

219 1831 378 1895 Quod
398 1831 445 1886 si
479 1833 813 1903 temporalis
848 1834 1026 1905 gratia
1069 1835 1140 1888 ab
1181 1835 1508 1891 hominibus
1551 1813 1934 1908 compositaB
1959 1834 2167 1890 Christi
2192 1813 2520 1891 membrum
2550 1853 2673 1892 esse
2715 1813 3052 1907 ostenditur,
3082 1813 3150 1894 et
3171 1845 3358 1911 potius
3383 1813 3586 1897 inlide-

219 1929 446 1980 tantum
492 1927 700 1997 potuit,
761 1927 1062 1999 intelligite
1097 1928 1220 1999 jam
1268 1933 1546 1999 quantum
1595 1931 1670 1986 sit
1718 1931 1854 1987 illud

219 2023 583 2088 unguentum
614 2020 769 2091 quod
803 2037 836 2073 a
863 2021 1096 2076 Domino
1123 2022 1192 2076 de
1229 2022 1476 2092 virgulto
1512 2023 1640 2079 vitm
1668 2026 1854 2096 prola-

218 2115 344 2165 tum
373 2116 478 2180 est,
499 2129 631 2166 cum
658 2113 764 2168 hoc
790 2114 940 2185 quod
961 2115 1030 2168 ab
1058 2114 1384 2170 hominibus
1402 2116 1614 2172 factum
1631 2123 1716 2173 est
1734 2121 1854 2173 tam

217 2204 452 2258 eximias
467 2206 620 2260 inter
636 2206 902 2286 homines
924 2209 1178 2262 conferat
1195 2208 1516 2279 dignitates.
1537 2211 1681 2275 Quid
1700 2212 1855 2266 enim

219 2299 278 2352 in
328 2299 600 2370 praesenti
652 2301 855 2355 steculo
895 2302 1176 2373 prepheta
1215 2302 1540 2373 gloriosius,
1589 2305 1854 2375 pontiﬁce

215 2391 442 2459 clarius,
478 2409 619 2464 rege
647 2393 984 2449 sublimius?
1008 2395 1202 2450 Omnis
1227 2396 1381 2451 enim
1418 2397 1668 2468 pontifex
1694 2415 1852 2454 sacro

220 2485 531 2541 chrismate
595 2491 924 2557 perunctus,
978 2493 1034 2544 et
1093 2488 1153 2542 in
1213 2489 1436 2544 civitate
1490 2491 1850 2560 constitutus,

220 2579 531 2650 Scripturis
605 2579 774 2635 sacris
847 2581 1124 2649 conditus,
1187 2582 1394 2636 charus
1457 2586 1516 2638 et
1574 2583 1853 2654 pretiosus

210 2672 548 2728 hominibus
584 2673 796 2744 oppido
853 2691 972 2728 csse
1022 2674 1208 2731 debet.
1243 2676 1423 2740 Quem
1473 2677 1632 2747 quasi
1686 2677 1851 2732 Chri-

208 2765 278 2820 sti
319 2765 510 2820 locum
552 2768 847 2821 tenentem
896 2767 1177 2822 honorare
1227 2784 1423 2822 omnes
1480 2769 1712 2836 debent,
1768 2770 1851 2826 ei-

207 2873 320 2930 que
347 2859 582 2926 servire,
628 2863 684 2914 et
723 2859 1052 2914 obedientes
1089 2861 1159 2915 ad
1187 2861 1427 2916 salutem
1469 2878 1630 2916 suam
1667 2863 1848 2918 ﬁdeli-

208 2957 296 3006 ter
322 2953 590 3020 existere,
619 2951 887 3021 scientes,
926 2953 1080 3024 quod
1112 2953 1230 3008 sive
1265 2954 1468 3021 honor,
1502 2954 1617 3010 sive
1640 2955 1852 3025 injuria

207 3062 337 3116 quae
363 3045 416 3099 ei
443 3045 714 3114 defertur,
741 3046 801 3100 in
830 3046 1119 3101 Christum
1148 3047 1450 3113 redundat,
1483 3051 1540 3102 et
1569 3064 1602 3102 a
1627 3049 1849 3104 Christo

209 3139 268 3192 in
298 3138 642 3207 Dominum;
667 3139 864 3193 audire
891 3155 1029 3210 ergo
1058 3156 1191 3194 eum
1216 3140 1488 3196 attentius
1521 3145 1765 3212 oportet,
1791 3147 1849 3198 et

206 3232 275 3285 ab
319 3232 446 3303 ipso
491 3231 780 3303 suscipere
822 3232 1135 3287 doctrinam
1191 3233 1341 3303 fidei,
1387 3235 1610 3289 monita
1651 3239 1845 3291 autem

205 3325 334 3380 vita:
375 3342 410 3380 a
453 3325 713 3380 Patribus
752 3325 1060 3396 inquirere.
1090 3329 1134 3381 A
1173 3326 1506 3382 diaconibus
1529 3344 1664 3383 vero
1688 3329 1842 3384 ordi-

204 3434 338 3473 nem
365 3418 701 3489 disciplinae,
731 3421 964 3490 prepter
999 3420 1153 3490 quod
1182 3420 1460 3491 deprecor
1486 3438 1584 3476 vos
1607 3438 1840 3477 conser-

205 3527 302 3565 vos
325 3515 385 3566 et
430 3511 722 3582 adjutores
756 3528 933 3581 meos,
964 3515 1027 3566 ut
1053 3513 1281 3568 discetis
1313 3514 1586 3569 attentius
1617 3515 1840 3570 anima-

207 3621 334 3659 rum
361 3621 562 3660 curam
582 3620 806 3676 gerere,
824 3608 882 3660 et
897 3622 1001 3676 pro
1017 3606 1283 3662 omnibus
1300 3610 1470 3674 stare,
1489 3607 1736 3663 maxime
1756 3610 1841 3663 ta-

206 3713 337 3753 men
363 3714 470 3770 pro
501 3697 589 3752 his
619 3698 719 3769 qui
744 3699 804 3752 in
839 3700 994 3754 cultu
1025 3698 1216 3754 divino
1248 3699 1530 3756 laborant.
1568 3701 1839 3757 Ecclesia-

207 3807 332 3846 rum
359 3791 626 3846 omnium
653 3807 852 3846 curam
877 3791 1168 3862 habetote,
1199 3793 1488 3864 servisque
1519 3810 1719 3850 eorum
1747 3795 1842 3850 ad-

197 3884 481 3953 jutorium
509 3885 782 3955 praebete,
815 3885 1117 3940 viduarum
1157 3885 1482 3958 religiosam
1517 3903 1711 3942 curam
1741 3904 1838 3959 ge-

207 3977 332 4044 rite,
372 3977 624 4048 pupillos
662 3978 882 4032 enixius
919 3978 1181 4050 liberate,
1231 3979 1574 4050 pauperibus
1613 3981 1838 4036 miseri-

205 4069 463 4124 cordiam
503 4070 694 4138 facite,
734 4071 974 4140 juvenes
1017 4071 1352 4143 pudicitiam
1394 4073 1612 4128 docete.
1648 4073 1717 4128 Et
1759 4073 1844 4144 (ut

203 4162 452 4217 breviter
471 4167 655 4218 totum
683 4163 891 4236 dicam)
918 4166 1255 4220 alterutrum
1273 4181 1392 4232 vos,
1422 4165 1482 4220 in
1516 4164 1723 4237 quibus
1749 4182 1842 4221 res

205 4256 548 4326 poposcerit,
576 4259 910 4313 sustentate.
944 4259 1128 4313 Deum
1167 4257 1331 4313 colite
1368 4259 1467 4329 qui
1494 4258 1706 4314 creavit
1729 4275 1840 4315 coe-

200 4349 322 4403 lum
349 4353 408 4404 et
436 4352 674 4416 terram,
696 4354 753 4405 et
781 4349 1002 4406 Christo
1028 4350 1270 4420 credite;
1313 4351 1559 4407 invicem
1581 4368 1680 4407 vos
1718 4352 1842 4407 dili-

203 4442 318 4511 gite
356 4444 416 4496 et
457 4442 858 4498 misericordes
901 4448 1077 4500 estote
1125 4445 1186 4499 in
1229 4460 1450 4500 omnes.
1493 4446 1617 4500 Non
1669 4446 1840 4501 verbo

1956 1927 2027 1982 lis
2075 1944 2248 1999 quam
2284 1929 2468 1984 fidelis
2517 1934 2892 1986 monstratur.
2939 1932 3238 1996 Quomodo
3294 1950 3433 2006 ergo
3473 1951 3592 1990 non

1958 2021 2229 2076 omnibus
2274 2021 2384 2076 hoc
2428 2023 2672 2078 amabile
2715 2029 2800 2079 est
2852 2025 3186 2096 cunctisque
3237 2029 3587 2098 exoptatum,

1956 2117 2058 2169 aut
2098 2131 2226 2186 quas
2269 2115 2500 2186 ignorat
2537 2116 2739 2184 discat,
2780 2119 2838 2171 et
2874 2133 3004 2188 quae
3041 2118 3302 2174 didicerit
3349 2120 3588 2176 doceat?

1955 2207 2348 2264 Certissimum
2366 2225 2612 2280 namque
2629 2210 2877 2281 estquod
2898 2226 3085 2282 neque
3107 2211 3378 2282 amicitia,
3400 2229 3586 2285 neque

1954 2301 2346 2372 propinquitas
2367 2301 2610 2372 generis,
2632 2319 2820 2374 neque
2839 2303 3351 2376 regnisublimitas,
3367 2305 3588 2361 homini

1955 2393 2126 2448 debet
2155 2409 2274 2449 esse
2303 2394 2610 2464 pretiosior
2638 2395 2902 2466 veritate,
2923 2396 3062 2468 quia
3089 2397 3232 2452 nihil
3260 2401 3346 2453 est
3371 2398 3584 2470 pretio-

1954 2486 2069 2540 sius
2089 2485 2306 2540 anima.
2335 2487 2608 2542 Dominus
2639 2492 2832 2543 autem
2858 2493 3084 2544 creator
3107 2490 3366 2545 omnium
3386 2507 3453 2546 ex
3481 2491 3586 2546 ini-

1952 2579 2033 2633 tio
2077 2579 2150 2633 ad
2181 2579 2495 2652 imaginem
2516 2597 2679 2635 suam
2697 2581 2994 2636 hominem
3023 2581 3176 2652 fecit,
3208 2583 3375 2654 eique
3408 2583 3588 2639 domi-

1954 2672 2250 2727 nationem
2275 2676 2467 2742 terraa,
2494 2673 2787 2744 marisque
2813 2678 2869 2730 et
2882 2674 3030 2729 aeris
3046 2674 3220 2746 ipsius
3241 2675 3416 2744 dedit,
3438 2678 3583 2732 veri-

1951 2769 2241 2837 tatemque
2286 2766 2580 2837 inquirere
2617 2766 2912 2838 praecepit,
2941 2766 3086 2822 sicut
3119 2771 3179 2822 et
3213 2784 3379 2823 verus
3419 2770 3585 2824 nobis

1951 2858 2234 2929 Propheta
2263 2857 2549 2913 enarravit
2577 2863 2634 2914 et
2655 2859 2780 2930 ipsa
2804 2875 2999 2914 rerum
3029 2860 3171 2916 ratio
3199 2861 3381 2916 docet.
3415 2861 3584 2917 Solus

1951 2950 2104 3006 enim
2131 2951 2300 3006 homo
2326 2951 2626 3006 rationalis
2646 2957 2749 3018 est,
2781 2956 2839 3008 et
2853 2967 3215 3024 ponsequens
3231 2957 3334 3021 est,
3353 2957 3421 3009 ut
3438 2954 3582 3010 ratio

1951 2968 2104 3006 enim
2131 2968 2300 3006 nomo
2326 2968 2626 3006 rauonans
2646 2968 2749 3018 esr,
2781 2968 2839 3008 et
2895 2968 3215 3024 onsequens
3231 2968 3334 3021 est,
3353 2968 3421 3009 ut
3438 2968 3581 3010 ratio

1951 3043 2434 3099 irrationabilibus
2462 3045 2814 3100 dominetur.
2842 2968 2956 3123 ilic
2985 3045 3140 3101 enim
3165 3046 3238 3101 ab
3265 3045 3424 3102 initio
3450 3064 3581 3102 cum

1951 3137 2136 3192 adhuc
2153 3137 2340 3208 justus
2364 3142 2512 3194 esset
2540 3138 2755 3193 cunctis
2784 3137 2953 3206 vitiis,
2991 3142 3050 3194 et
3085 3139 3242 3195 omni
3274 3139 3581 3212 fragilitate

1947 3229 2208 3302 superior
2234 3235 2375 3298 erat,
2403 3231 2502 3286 ubi
2528 3235 2720 3287 autem
2763 3231 3016 3303 peccavit
3045 3237 3102 3287 et
3140 3233 3320 3288 factus
3348 3238 3434 3288 est
3461 3249 3576 3289 ser-

1944 3339 2045 3378 vus
2069 3324 2302 3395 peccati,
2335 3323 2507 3378 simul
2541 3327 2600 3380 et
2623 3323 2912 3396 fragilitati
2943 3325 3185 3381 efﬁcitur
3227 3326 3450 3382 debitor
3475 3327 3574 3381 ob-

1941 3415 2166 3471 noxius.
2199 3417 2360 3481 Quod
2383 3416 2592 3471 idcirco
2617 3418 2891 3489 scriptum
2909 3421 2996 3472 est
3011 3423 3076 3473 ut
3104 3418 3287 3473 sciant
3312 3419 3578 3476 homines

1944 3509 2080 3580 quia
2099 3509 2244 3563 sicut
2267 3525 2338 3564 ex
2359 3509 2654 3580 impietate
2682 3511 2977 3580 passibiles
3010 3511 3144 3566 facti
3178 3515 3330 3581 sunt,
3359 3513 3438 3567 ita
3471 3529 3578 3583 per

1942 3601 2209 3672 pietatem
2229 3603 2468 3672 possunt
2488 3617 2609 3656 esse
2628 3601 3030 3672 impassibiles,
3049 3607 3108 3657 et
3124 3619 3241 3657 non
3262 3603 3449 3658 solum
3472 3605 3576 3658 im-

1941 3693 2261 3764 passibiles,
2280 3710 2484 3749 verum
2514 3699 2572 3749 et
2591 3711 2769 3766 parva
2782 3693 2841 3749 in
2859 3695 3041 3749 Deum
3062 3695 3175 3751 ﬁde
3193 3695 3438 3752 aliorum
3454 3714 3574 3768 pas-

1943 3788 2129 3843 siones
2167 3792 2453 3856 curantes,
2485 3787 2562 3843 ita
2599 3787 2756 3842 enim
2789 3804 2956 3843 verus
2978 3787 3102 3860 ipse
3121 3789 3402 3861 Propheta
3431 3807 3567 3862 pro-

1941 3881 2120 3949 misit,
2147 3881 2340 3938 dicens
2373 3898 2386 3936 :
2423 3883 2675 3951 «Amen,
2704 3897 2872 3938 amen
2898 3881 3024 3937 dico
3048 3881 3221 3950 vobis,
3243 3882 3289 3938 si
3302 3883 3570 3940 habueri-

1942 3974 2014 4028 tis
2042 3973 2217 4029 fidem
2237 3974 2381 4030 sicut
2408 3990 2655 4046 granum
2695 3973 2924 4046 sinapis,
2953 3975 3148 4031 dicetis
3178 3977 3364 4032 monti
3391 3977 3525 4046 huic
3554 3996 3568 4034 :

1941 4067 2135 4122 Transi
2175 4067 2309 4122 hinc
2356 4045 2427 4123 et
2449 4067 2716 4122 transibit
2761 4069 2978 4139 (Matth.
3009 4085 3143 4139 xvu,
3186 4072 3294 4140 l9),
3328 4045 3572 4143 n/bujus

1939 4159 2090 4216 vocis
2127 4161 2302 4216 etiam
2353 4177 2452 4214 vos
2494 4160 2601 4232 ipsi
2650 4161 2997 4216 documenta
3049 4162 3292 4234 cepistis,
3348 4167 3406 4219 et
3448 4165 3570 4236 jam

1939 4253 2092 4310 facta
2133 4254 2400 4325 quaedam
2443 4271 2547 4325 per
2587 4254 2888 4324 magistros
2935 4259 3177 4325 nostros,
3213 4256 3360 4328 ipsos
3412 4257 3569 4313 vide-

1940 4348 2069 4404 licet
2095 4347 2399 4419 apostolos,
2428 4363 2546 4401 non
2571 4345 2870 4418 ignoratis,
2897 4347 3029 4418 quia
3053 4350 3370 4405 astantibus
3407 4351 3571 4406 nobis

1940 4456 2142 4497 eorum
2171 4440 2396 4496 meritis
2427 4440 2717 4496 daemones
2741 4457 2871 4496 cum
2901 4442 3254 4512 passionibus
3292 4460 3436 4515 quas
3463 4445 3567 4499 ho-

200 4536 338 4603 solo,
372 4533 474 4588 sed
504 4551 677 4606 opere
720 4538 780 4590 et
815 4535 988 4591 rebus
1031 4537 1244 4608 replete
1285 4537 1642 4593 eharitatem.
1679 4537 1920 4611 AgiteD
1943 4534 2194 4590 minibus
2222 4535 2557 4588 invexerant
2583 4533 2958 4603 transierunt,
2988 4539 3045 4590 et
3064 4536 3245 4606 fugati
3273 4541 3423 4591 sunt.

200 4643 304 4698 pro
373 4627 608 4696 viribus,
672 4628 924 4684 conservi
989 4629 1365 4697 dilectissimi,
1416 4630 1551 4700 quia
1621 4631 1840 4687 bonum

201 4725 288 4774 est
316 4723 382 4774 ut
405 4721 798 4792 unusquisque
827 4725 1078 4778 vestrum
1107 4723 1424 4778 secundum
1466 4724 1619 4795 quod
1655 4728 1842 4796 potest

202 4813 380 4882 prosit
444 4813 847 4870 accedentibus
906 4815 978 4870 ad
1028 4815 1201 4871 ﬁdem
1257 4815 1553 4887 religionis
1604 4821 1835 4874 nostra:

206 4907 273 4960 Et
289 4906 416 4961 ideo
445 4923 563 4961 non
601 4922 702 4962 vos
729 4908 926 4979 pigeat
960 4909 1283 4964 secundum
1325 4909 1661 4980 sapientiam
1709 4928 1840 4982 quae

205 4999 369 5054 nobis
416 5015 522 5070 per
580 4999 676 5055 Dei
717 5000 1136 5071 providentiam
1176 5002 1384 5058 collata
1426 5007 1511 5059 est
1553 5002 1840 5059 instruere

207 5092 438 5163 ignaros
466 5094 525 5146 et
563 5092 787 5149 docere.
825 5094 1181 5150 Desiderium
1214 5111 1352 5168 ergo
1393 5096 1604 5152 habere
1640 5113 1840 5152 omnes

207 5201 340 5257 erga
362 5185 657 5241 doctorem
670 5186 924 5242 veritatis
939 5203 1188 5260 eumque
1207 5193 1270 5243 ut
1288 5189 1481 5245 oculos
1494 5206 1626 5245 suos
1645 5206 1840 5246 amare

207 5282 447 5349 oportet,
489 5278 628 5350 quia
665 5284 721 5334 et
758 5279 946 5351 ipsum
992 5282 1273 5353 populum
1318 5283 1425 5338 sibi
1475 5283 1856 5363 commissum!

207 5387 303 5427 ceu
322 5372 592 5444 proprios
621 5372 766 5428 ﬁlios
791 5389 1005 5442 amare,
1033 5377 1094 5430 et
1123 5375 1325 5432 docere
1353 5393 1484 5432 eum
1521 5377 1702 5446 decet,
1732 5378 1841 5433 hoc

206 5465 354 5521 enim
379 5483 413 5520 a
440 5469 607 5522 Patre
641 5465 851 5522 caelesti
885 5467 1163 5524 donatum
1199 5473 1303 5540 est,
1342 5471 1438 5526 sed
1475 5470 1623 5525 salus
1665 5471 1727 5526 in
1773 5487 1840 5526 eo

205 5563 283 5613 est
326 5563 396 5614 ut
434 5559 796 5615 voluntatem
835 5560 960 5632 ejus
1002 5562 1164 5634 cujus
1211 5578 1467 5618 amorem
1519 5566 1578 5618 et
1614 5563 1837 5620 deside-

203 5650 499 5719 1ium,'Deo
515 5651 818 5724 largiente,
835 5655 1221 5726 conceperint,
1237 5655 1465 5712 faciant.
1481 5656 1540 5713 Si
1557 5655 1684 5728 quis
1699 5672 1839 5728 ergo

202 5743 376 5803 ﬁdelis
393 5745 645 5803 voluerit
664 5746 904 5804 existere
932 5753 990 5804 et
1009 5748 1291 5806 desiderat
1315 5749 1614 5822 baptizari,
1640 5755 1839 5806 exutus

207 5838 494 5908 prioribus
519 5839 692 5896 malis
715 5840 785 5896 de
819 5841 1037 5913 reliquo
1063 5859 1172 5915 pro
1212 5843 1378 5900 bonis
1419 5843 1634 5900 actibus
1656 5842 1840 5901 hmres

2010 4627 2156 4691 Quia
2198 4642 2336 4697 ergo
2377 4626 2475 4680 alii
2519 4626 2750 4697 quidem
2802 4627 3059 4682 lomines
3108 4627 3422 4698 patiuntur,
3474 4629 3570 4684 alii

1937 4715 2218 4793 patientes
2243 4722 2466 4786 sanant,
2499 4735 2666 4772 causa
2709 4717 2831 4772 sine
2869 4718 3041 4773 dubio
3089 4720 3174 4773 vel
3200 4719 3457 4791 patiendi
3483 4724 3568 4777 vel

1941 4813 2176 4870 curandi
2201 4812 2487 4868 noscenda
2513 4814 2616 4867 est.
2649 4810 2790 4876 Quae
2818 4827 2934 4866 non
2962 4811 3071 4866 alia
3100 4828 3220 4867 esse
3252 4829 3429 4884 quam
3467 4831 3568 4886 pa-

1938 4907 2214 4964 tientibus
2244 4905 2483 4978 quidqui
2510 4905 2881 4975 infidelitatis,
2909 4904 3240 4961 curantibus
3269 4923 3402 4964 vero
3438 4908 3572 4964 ﬁdei

1941 4921 2214 4964 mentibus
2244 4921 2385 4978 quia
2510 4921 2881 4975 innueutaus,
2909 4921 3240 4961 curantibus
3269 4923 3402 4964 vero
3438 4921 3570 4964 ndei

1941 5002 2362 5057 demonstratur
2374 4921 2726 5164 ;E:fidelitas
2752 4998 2926 5066 enim,
2957 4998 3096 5054 dum
3124 5015 3242 5055 non
3269 5001 3455 5056 credit
3479 5003 3570 5057 fu-

1941 5099 2135 5150 turum
2161 5092 2385 5150 Domini
2415 5092 2708 5161 'udicium,
2727 5091 3000 5164 peccandi
3019 5092 3312 5149 licentiam
3329 5095 3570 5164 praabet,

1939 5099 2135 5150 turum
2161 5092 2385 5150 Domini
2398 5091 2708 5164 judicium,
2727 5091 3000 5164 peccandi
3019 5092 3312 5149 licentiam
3329 5095 3571 5166 praabet,

1938 5177 2374 5260 peccatumvero
2397 5186 2692 5241 hominem
2704 5184 3061 5257 passionibus
3085 5187 3394 5242 obnoxium
3416 5188 3570 5245 facit.

1941 5281 2104 5338 Fides
2113 5284 2303 5336 autem
2316 5279 2575 5335 futurum
2589 5279 2688 5335 Dei
2694 5278 2977 5350 judicium
2989 5296 3112 5336 esse
3125 5280 3386 5351 credens,
3400 5282 3576 5337 conti-

1941 5377 2040 5431 net
2062 5373 2320 5430 homines
2346 5388 2380 5427 a
2405 5375 2659 5443 peccato.
2685 5372 2809 5428 Non
2837 5376 3137 5445 peccantes
3164 5389 3301 5430 vero
3335 5391 3454 5431 non
3481 5391 3571 5429 so-

1939 5468 2062 5525 lum
2085 5466 2254 5526 liberi
2283 5467 2418 5520 sunt
2445 5481 2480 5519 a
2503 5465 2858 5522 daemonibus
2886 5471 2942 5522 et
2961 5466 3343 5539 passionibus,
3373 5483 3572 5524 verum

1939 5565 1998 5618 et
2037 5561 2278 5616 aliorum
2325 5557 2620 5614 daemones
2649 5563 2705 5615 et
2739 5560 3029 5631 passiones
3072 5561 3273 5633 fugare
3313 5564 3569 5634 possunt.

1937 5655 2015 5709 Ex
2060 5653 2149 5708 his
2192 5668 2331 5724 ergo
2377 5651 2644 5708 omnibus
2683 5653 2974 5725 colligitur
3003 5655 3156 5726 quod
3199 5653 3362 5724 origo
3399 5651 3574 5707 totius

1937 5747 2077 5804 mali
2115 5747 2187 5803 ab
2220 5745 2551 5818 ignorantia
2585 5746 2913 5815 descendat,
2959 5750 3016 5802 et
3047 5747 3168 5818 ipsa
3207 5746 3280 5800 sit
3313 5744 3573 5801 omnium

1938 5841 2217 5897 malorum
2243 5843 2444 5911 mater,
2470 5855 2599 5912 qua:
2625 5839 2841 5896 incuria
2866 5839 3128 5910 quaedam
3153 5840 3212 5893 et
3235 5837 3465 5910 ignavia
3491 5839 3574 5910 gi-
