  <div class='ocr_page' id='page_1' title='image "/cluster/home/n/w/nwhite01/storage/ocr_20150623/130/umn.319510024774230/055.png"; bbox 0 0 4068 6324; ppageno 0'>
   <div class='ocr_carea' id='block_1_1' title="bbox 468 321 2103 398">
    <p class='ocr_par' dir='ltr' id='par_1_1' title="bbox 468 325 2088 398">
     <span class='ocr_line' id='line_1_1' title="bbox 468 325 2088 398; baseline -0.007 -10"><span class='ocrx_word' id='word_1_1' title='bbox 468 329 533 390; x_wconf 68' lang='grc'>47</span> <span class='ocrx_word' id='word_1_2' title='bbox 1357 330 1634 385; x_wconf 69' lang='lat' dir='ltr'>APPEND.</span> <span class='ocrx_word' id='word_1_3' title='bbox 1678 329 1762 398; x_wconf 65' lang='lat' dir='ltr'>Ap</span> <span class='ocrx_word' id='word_1_4' title='bbox 1801 328 1959 381; x_wconf 61' lang='lat' dir='ltr'>sec.</span> <span class='ocrx_word' id='word_1_5' title='bbox 2004 325 2088 379; x_wconf 83' lang='lat' dir='ltr'>1x.</span> 
     </span>
    </p>
   </div>
   <div class='ocr_carea' id='block_1_2' title="bbox 2204 321 3828 398">
    <p class='ocr_par' dir='ltr' id='par_1_2' title="bbox 2230 321 3828 382">
     <span class='ocr_line' id='line_1_2' title="bbox 2230 321 3828 382; baseline 0.003 -4"><span class='ocrx_word' id='word_1_6' title='bbox 2230 325 2472 381; x_wconf 83' lang='lat' dir='ltr'>lSlDORl</span> <span class='ocrx_word' id='word_1_7' title='bbox 2512 325 2935 382; x_wconf 79' lang='lat' dir='ltr'>MERCATORIS</span> <span class='ocrx_word' id='word_1_8' title='bbox 3759 321 3828 382; x_wconf 81' lang='grc'>48</span> 
     </span>
    </p>
   </div>
   <div class='ocr_carea' id='block_1_3' title="bbox 467 433 3827 515">
    <p class='ocr_par' dir='ltr' id='par_1_3' title="bbox 467 433 3827 515">
     <span class='ocr_line' id='line_1_3' title="bbox 467 433 3827 515; baseline -0.002 -18"><span class='ocrx_word' id='word_1_9' title='bbox 467 441 681 513; x_wconf 87' lang='lat' dir='ltr'>gnitur.</span> <span class='ocrx_word' id='word_1_10' title='bbox 714 437 1075 512; x_wconf 86' lang='lat' dir='ltr'>Negligentia</span> <span class='ocrx_word' id='word_1_11' title='bbox 1100 453 1235 493; x_wconf 91' lang='lat' dir='ltr'>vero</span> <span class='ocrx_word' id='word_1_12' title='bbox 1273 436 1444 492; x_wconf 83' lang='lat' dir='ltr'>alitur</span> <span class='ocrx_word' id='word_1_13' title='bbox 1470 439 1524 490; x_wconf 91' lang='lat' dir='ltr'>et</span> <span class='ocrx_word' id='word_1_14' title='bbox 1563 438 1805 505; x_wconf 83' lang='lat' dir='ltr'>augetur</span> <span class='ocrx_word' id='word_1_15' title='bbox 1836 437 2006 506; x_wconf 92' lang='lat' dir='ltr'>atque</span> <span class='ocrx_word' id='word_1_16' title='bbox 2031 433 2091 488; x_wconf 91' lang='lat' dir='ltr'>in</span> <span class='ocrx_word' id='word_1_17' title='bbox 2114 437 2579 515; x_wconf 76' lang='lat' dir='ltr'>Apraeparatam</span> <span class='ocrx_word' id='word_1_18' title='bbox 2608 434 2894 490; x_wconf 88' lang='lat' dir='ltr'>demirans</span> <span class='ocrx_word' id='word_1_19' title='bbox 2921 449 3025 506; x_wconf 90' lang='lat' dir='ltr'>per</span> <span class='ocrx_word' id='word_1_20' title='bbox 3051 433 3264 502; x_wconf 85' lang='lat' dir='ltr'>omnia,</span> <span class='ocrx_word' id='word_1_21' title='bbox 3295 437 3351 491; x_wconf 89' lang='lat' dir='ltr'>et</span> <span class='ocrx_word' id='word_1_22' title='bbox 3391 437 3626 507; x_wconf 80' lang='lat' dir='ltr'>stupens</span> <span class='ocrx_word' id='word_1_23' title='bbox 3655 439 3827 490; x_wconf 69' lang='lat' dir='ltr'>caete-</span> 
     </span>
    </p>
   </div>
   <div class='ocr_carea' id='block_1_4' title="bbox 467 528 2098 600">
    <p class='ocr_par' dir='ltr' id='par_1_4' title="bbox 467 528 2098 600">
     <span class='ocr_line' id='line_1_4' title="bbox 467 528 2098 600; baseline -0.005 -10"><span class='ocrx_word' id='word_1_24' title='bbox 467 535 727 590; x_wconf 88' lang='lat' dir='ltr'>sensibus</span> <span class='ocrx_word' id='word_1_25' title='bbox 746 533 1047 589; x_wconf 87' lang='lat' dir='ltr'>hominum</span> <span class='ocrx_word' id='word_1_26' title='bbox 1076 532 1381 599; x_wconf 89' lang='lat' dir='ltr'>radicatur,</span> <span class='ocrx_word' id='word_1_27' title='bbox 1407 530 1542 584; x_wconf 93' lang='lat' dir='ltr'>dum</span> <span class='ocrx_word' id='word_1_28' title='bbox 1563 533 1827 584; x_wconf 89' lang='lat' dir='ltr'>amatur:</span> <span class='ocrx_word' id='word_1_29' title='bbox 1853 544 2028 600; x_wconf 88' lang='lat' dir='ltr'>quam</span> <span class='ocrx_word' id='word_1_30' title='bbox 2050 528 2098 582; x_wconf 88' lang='lat' dir='ltr'>si</span> 
     </span>
    </p>
   </div>
   <div class='ocr_carea' id='block_1_5' title="bbox 468 620 2096 700">
    <p class='ocr_par' dir='ltr' id='par_1_5' title="bbox 468 620 2096 700">
     <span class='ocr_line' id='line_1_5' title="bbox 468 620 2096 700; baseline -0.005 -17"><span class='ocrx_word' id='word_1_31' title='bbox 468 628 595 700; x_wconf 88' lang='lat' dir='ltr'>quis</span> <span class='ocrx_word' id='word_1_32' title='bbox 624 629 771 682; x_wconf 91' lang='lat' dir='ltr'>forte</span> <span class='ocrx_word' id='word_1_33' title='bbox 804 628 1008 682; x_wconf 87' lang='lat' dir='ltr'>doceat</span> <span class='ocrx_word' id='word_1_34' title='bbox 1033 624 1417 696; x_wconf 79' lang='lat' dir='ltr'>eﬂ‘ugandam,</span> <span class='ocrx_word' id='word_1_35' title='bbox 1449 624 1605 676; x_wconf 88' lang='lat' dir='ltr'>velut</span> <span class='ocrx_word' id='word_1_36' title='bbox 1633 620 1881 693; x_wconf 84' lang='lat' dir='ltr'>antiquis</span> <span class='ocrx_word' id='word_1_37' title='bbox 1910 625 1968 676; x_wconf 90' lang='lat' dir='ltr'>et</span> <span class='ocrx_word' id='word_1_38' title='bbox 1986 622 2096 675; x_wconf 85' lang='lat' dir='ltr'>hae-</span> 
     </span>
    </p>
   </div>
   <div class='ocr_carea' id='block_1_6' title="bbox 469 714 2093 785">
    <p class='ocr_par' dir='ltr' id='par_1_6' title="bbox 469 714 2093 785">
     <span class='ocr_line' id='line_1_6' title="bbox 469 714 2093 785; baseline -0.005 -9"><span class='ocrx_word' id='word_1_39' title='bbox 469 721 758 776; x_wconf 89' lang='lat' dir='ltr'>reditariis</span> <span class='ocrx_word' id='word_1_40' title='bbox 797 719 1026 775; x_wconf 87' lang='lat' dir='ltr'>sedibus</span> <span class='ocrx_word' id='word_1_41' title='bbox 1057 719 1293 774; x_wconf 87' lang='lat' dir='ltr'>moleste</span> <span class='ocrx_word' id='word_1_42' title='bbox 1329 721 1385 770; x_wconf 91' lang='lat' dir='ltr'>et</span> <span class='ocrx_word' id='word_1_43' title='bbox 1419 714 1788 785; x_wconf 81' lang='lat' dir='ltr'>indignanter</span> <span class='ocrx_word' id='word_1_44' title='bbox 1817 715 2093 770; x_wconf 85' lang='lat' dir='ltr'>avellitur.</span> 
     </span>
    </p>
   </div>
   <div class='ocr_carea' id='block_1_7' title="bbox 474 808 2094 884">
    <p class='ocr_par' dir='ltr' id='par_1_7' title="bbox 474 808 2094 884">
     <span class='ocr_line' id='line_1_7' title="bbox 474 808 2094 884; baseline -0.004 -16"><span class='ocrx_word' id='word_1_45' title='bbox 474 817 540 870; x_wconf 90' lang='lat' dir='ltr'>Et</span> <span class='ocrx_word' id='word_1_46' title='bbox 587 815 713 869; x_wconf 89' lang='lat' dir='ltr'>ideo</span> <span class='ocrx_word' id='word_1_47' title='bbox 759 814 1051 884; x_wconf 86' lang='lat' dir='ltr'>paululum</span> <span class='ocrx_word' id='word_1_48' title='bbox 1115 809 1492 865; x_wconf 88' lang='lat' dir='ltr'>laborandum</span> <span class='ocrx_word' id='word_1_49' title='bbox 1552 809 1712 863; x_wconf 90' lang='lat' dir='ltr'>nobis</span> <span class='ocrx_word' id='word_1_50' title='bbox 1757 813 1858 875; x_wconf 91' lang='lat' dir='ltr'>est,</span> <span class='ocrx_word' id='word_1_51' title='bbox 1903 813 1966 862; x_wconf 92' lang='lat' dir='ltr'>ut</span> <span class='ocrx_word' id='word_1_52' title='bbox 2010 808 2094 861; x_wconf 85' lang='lat' dir='ltr'>in-</span> 
     </span>
    </p>
   </div>
   <div class='ocr_carea' id='block_1_8' title="bbox 470 902 2094 979">
    <p class='ocr_par' dir='ltr' id='par_1_8' title="bbox 470 902 2094 979">
     <span class='ocr_line' id='line_1_8' title="bbox 470 902 2094 979; baseline -0.005 -17"><span class='ocrx_word' id='word_1_53' title='bbox 470 908 777 979; x_wconf 83' lang='lat' dir='ltr'>dignantes</span> <span class='ocrx_word' id='word_1_54' title='bbox 821 904 1159 978; x_wconf 65' lang='lat' dir='ltr'>ignorantia:</span> <span class='ocrx_word' id='word_1_55' title='bbox 1203 902 1680 974; x_wconf 65' lang='lat' dir='ltr'>praesumptiones</span> <span class='ocrx_word' id='word_1_56' title='bbox 1727 902 1978 956; x_wconf 83' lang='lat' dir='ltr'>scientiae</span> <span class='ocrx_word' id='word_1_57' title='bbox 2005 918 2094 955; x_wconf 92' lang='lat' dir='ltr'>ra-</span> 
     </span>
    </p>
   </div>
   <div class='ocr_carea' id='block_1_9' title="bbox 471 995 2098 1067">
    <p class='ocr_par' dir='ltr' id='par_1_9' title="bbox 471 995 2098 1067">
     <span class='ocr_line' id='line_1_9' title="bbox 471 995 2098 1067; baseline -0.005 -11"><span class='ocrx_word' id='word_1_58' title='bbox 471 1002 630 1056; x_wconf 84' lang='lat' dir='ltr'>tione</span> <span class='ocrx_word' id='word_1_59' title='bbox 662 1015 978 1056; x_wconf 89' lang='lat' dir='ltr'>resecemus</span> <span class='ocrx_word' id='word_1_60' title='bbox 1017 999 1071 1052; x_wconf 89' lang='lat' dir='ltr'>in</span> <span class='ocrx_word' id='word_1_61' title='bbox 1108 997 1193 1050; x_wconf 91' lang='lat' dir='ltr'>his</span> <span class='ocrx_word' id='word_1_62' title='bbox 1228 996 1515 1067; x_wconf 71' lang='lat' dir='ltr'>praecipue</span> <span class='ocrx_word' id='word_1_63' title='bbox 1567 995 1664 1067; x_wconf 89' lang='lat' dir='ltr'>qui</span> <span class='ocrx_word' id='word_1_64' title='bbox 1709 996 1768 1049; x_wconf 89' lang='lat' dir='ltr'>in</span> <span class='ocrx_word' id='word_1_65' title='bbox 1817 995 2098 1066; x_wconf 88' lang='lat' dir='ltr'>aliquibus</span> 
     </span>
    </p>
   </div>
   <div class='ocr_carea' id='block_1_10' title="bbox 471 1089 2098 1162">
    <p class='ocr_par' dir='ltr' id='par_1_10' title="bbox 471 1089 2098 1162">
     <span class='ocr_line' id='line_1_10' title="bbox 471 1089 2098 1162; baseline -0.005 -13"><span class='ocrx_word' id='word_1_66' title='bbox 471 1094 662 1149; x_wconf 90' lang='lat' dir='ltr'>minus</span> <span class='ocrx_word' id='word_1_67' title='bbox 702 1093 868 1148; x_wconf 89' lang='lat' dir='ltr'>rectis</span> <span class='ocrx_word' id='word_1_68' title='bbox 909 1090 1278 1162; x_wconf 89' lang='lat' dir='ltr'>opinionibus</span> <span class='ocrx_word' id='word_1_69' title='bbox 1325 1089 1599 1160; x_wconf 79' lang='lat' dir='ltr'>praeventi</span> <span class='ocrx_word' id='word_1_70' title='bbox 1649 1092 1798 1154; x_wconf 91' lang='lat' dir='ltr'>sunt,</span> <span class='ocrx_word' id='word_1_71' title='bbox 1829 1105 1933 1159; x_wconf 90' lang='lat' dir='ltr'>per</span> <span class='ocrx_word' id='word_1_72' title='bbox 1958 1105 2098 1160; x_wconf 86' lang='lat' dir='ltr'>quas</span> 
     </span>
    </p>
   </div>
   <div class='ocr_carea' id='block_1_11' title="bbox 471 1181 2097 1260">
    <p class='ocr_par' dir='ltr' id='par_1_11' title="bbox 471 1181 2097 1260">
     <span class='ocr_line' id='line_1_11' title="bbox 471 1181 2097 1260; baseline -0.006 -17"><span class='ocrx_word' id='word_1_73' title='bbox 471 1188 631 1260; x_wconf 90' lang='lat' dir='ltr'>quasi</span> <span class='ocrx_word' id='word_1_74' title='bbox 665 1187 767 1241; x_wconf 90' lang='lat' dir='ltr'>sub</span> <span class='ocrx_word' id='word_1_75' title='bbox 798 1185 984 1257; x_wconf 86' lang='lat' dir='ltr'>specie</span> <span class='ocrx_word' id='word_1_76' title='bbox 1017 1183 1254 1254; x_wconf 89' lang='lat' dir='ltr'>alicujus</span> <span class='ocrx_word' id='word_1_77' title='bbox 1283 1182 1529 1237; x_wconf 72' lang='lat' dir='ltr'>scientias</span> <span class='ocrx_word' id='word_1_78' title='bbox 1569 1182 1892 1253; x_wconf 81' lang='lat' dir='ltr'>ignorantia</span> <span class='ocrx_word' id='word_1_79' title='bbox 1922 1181 1980 1235; x_wconf 90' lang='lat' dir='ltr'>in</span> <span class='ocrx_word' id='word_1_80' title='bbox 2011 1181 2097 1235; x_wconf 90' lang='lat' dir='ltr'>his</span> 
     </span>
    </p>
   </div>
   <div class='ocr_carea' id='block_1_12' title="bbox 468 1275 2098 1345">
    <p class='ocr_par' dir='ltr' id='par_1_12' title="bbox 468 1275 2098 1345">
     <span class='ocr_line' id='line_1_12' title="bbox 468 1275 2098 1345; baseline -0.005 -9"><span class='ocrx_word' id='word_1_81' title='bbox 468 1280 866 1336; x_wconf 88' lang='lat' dir='ltr'>vehementius</span> <span class='ocrx_word' id='word_1_82' title='bbox 918 1278 1174 1332; x_wconf 85' lang='lat' dir='ltr'>radicata</span> <span class='ocrx_word' id='word_1_83' title='bbox 1211 1278 1315 1330; x_wconf 89' lang='lat' dir='ltr'>est.</span> <span class='ocrx_word' id='word_1_84' title='bbox 1356 1275 1503 1330; x_wconf 89' lang='lat' dir='ltr'>Nihil</span> <span class='ocrx_word' id='word_1_85' title='bbox 1543 1275 1694 1330; x_wconf 90' lang='lat' dir='ltr'>enim</span> <span class='ocrx_word' id='word_1_86' title='bbox 1742 1280 1826 1330; x_wconf 90' lang='lat' dir='ltr'>est</span> <span class='ocrx_word' id='word_1_87' title='bbox 1869 1275 2098 1345; x_wconf 80' lang='lat' dir='ltr'>gravius</span> 
     </span>
    </p>
   </div>
   <div class='ocr_carea' id='block_1_13' title="bbox 467 1368 2099 1447">
    <p class='ocr_par' dir='ltr' id='par_1_13' title="bbox 467 1368 2099 1447">
     <span class='ocr_line' id='line_1_13' title="bbox 467 1368 2099 1447; baseline -0.005 -18"><span class='ocrx_word' id='word_1_88' title='bbox 467 1392 644 1447; x_wconf 90' lang='lat' dir='ltr'>quam</span> <span class='ocrx_word' id='word_1_89' title='bbox 674 1375 717 1428; x_wconf 91' lang='lat' dir='ltr'>si</span> <span class='ocrx_word' id='word_1_90' title='bbox 743 1373 798 1427; x_wconf 92' lang='lat' dir='ltr'>id</span> <span class='ocrx_word' id='word_1_91' title='bbox 827 1373 982 1443; x_wconf 89' lang='lat' dir='ltr'>quod</span> <span class='ocrx_word' id='word_1_92' title='bbox 1013 1370 1240 1441; x_wconf 86' lang='lat' dir='ltr'>ignorat</span> <span class='ocrx_word' id='word_1_93' title='bbox 1266 1369 1412 1439; x_wconf 87' lang='lat' dir='ltr'>quis,</span> <span class='ocrx_word' id='word_1_94' title='bbox 1445 1369 1585 1423; x_wconf 89' lang='lat' dir='ltr'>scire</span> <span class='ocrx_word' id='word_1_95' title='bbox 1617 1385 1674 1422; x_wconf 92' lang='lat' dir='ltr'>se</span> <span class='ocrx_word' id='word_1_96' title='bbox 1706 1368 1894 1422; x_wconf 87' lang='lat' dir='ltr'>credat</span> <span class='ocrx_word' id='word_1_97' title='bbox 1922 1372 1979 1422; x_wconf 89' lang='lat' dir='ltr'>et</span> <span class='ocrx_word' id='word_1_98' title='bbox 2006 1368 2099 1422; x_wconf 81' lang='lat' dir='ltr'>de-</span> 
     </span>
    </p>
   </div>
   <div class='ocr_carea' id='block_1_14' title="bbox 466 1461 2095 1534">
    <p class='ocr_par' dir='ltr' id='par_1_14' title="bbox 466 1461 2095 1534">
     <span class='ocr_line' id='line_1_14' title="bbox 466 1461 2095 1534; baseline -0.005 -12"><span class='ocrx_word' id='word_1_99' title='bbox 466 1469 666 1523; x_wconf 83' lang='lat' dir='ltr'>fendat</span> <span class='ocrx_word' id='word_1_100' title='bbox 693 1482 890 1520; x_wconf 91' lang='lat' dir='ltr'>verum</span> <span class='ocrx_word' id='word_1_101' title='bbox 935 1480 1055 1518; x_wconf 90' lang='lat' dir='ltr'>esse</span> <span class='ocrx_word' id='word_1_102' title='bbox 1085 1463 1240 1534; x_wconf 89' lang='lat' dir='ltr'>quod</span> <span class='ocrx_word' id='word_1_103' title='bbox 1268 1462 1473 1516; x_wconf 87' lang='lat' dir='ltr'>falsum</span> <span class='ocrx_word' id='word_1_104' title='bbox 1511 1466 1613 1528; x_wconf 89' lang='lat' dir='ltr'>est,</span> <span class='ocrx_word' id='word_1_105' title='bbox 1648 1461 1801 1532; x_wconf 91' lang='lat' dir='ltr'>quod</span> <span class='ocrx_word' id='word_1_106' title='bbox 1842 1462 1954 1516; x_wconf 87' lang='lat' dir='ltr'>tale</span> <span class='ocrx_word' id='word_1_107' title='bbox 1993 1465 2095 1526; x_wconf 89' lang='lat' dir='ltr'>est,</span> 
     </span>
    </p>
   </div>
   <div class='ocr_carea' id='block_1_15' title="bbox 470 1554 2095 1634">
    <p class='ocr_par' dir='ltr' id='par_1_15' title="bbox 470 1554 2095 1634">
     <span class='ocr_line' id='line_1_15' title="bbox 470 1554 2095 1634; baseline -0.005 -19"><span class='ocrx_word' id='word_1_108' title='bbox 470 1563 636 1634; x_wconf 88' lang='lat' dir='ltr'>quale</span> <span class='ocrx_word' id='word_1_109' title='bbox 661 1559 709 1613; x_wconf 91' lang='lat' dir='ltr'>si</span> <span class='ocrx_word' id='word_1_110' title='bbox 741 1559 866 1631; x_wconf 89' lang='lat' dir='ltr'>quis</span> <span class='ocrx_word' id='word_1_111' title='bbox 910 1556 1096 1612; x_wconf 91' lang='lat' dir='ltr'>ebrius</span> <span class='ocrx_word' id='word_1_112' title='bbox 1141 1555 1392 1612; x_wconf 91' lang='lat' dir='ltr'>sobrium</span> <span class='ocrx_word' id='word_1_113' title='bbox 1429 1572 1486 1610; x_wconf 89' lang='lat' dir='ltr'>se</span> <span class='ocrx_word' id='word_1_114' title='bbox 1518 1558 1694 1626; x_wconf 87' lang='lat' dir='ltr'>putet,</span> <span class='ocrx_word' id='word_1_115' title='bbox 1731 1558 1786 1609; x_wconf 89' lang='lat' dir='ltr'>et</span> <span class='ocrx_word' id='word_1_116' title='bbox 1812 1558 1943 1624; x_wconf 85' lang='lat' dir='ltr'>agat</span> <span class='ocrx_word' id='word_1_117' title='bbox 1967 1554 2095 1624; x_wconf 92' lang='lat' dir='ltr'>qui-</span> 
     </span>
    </p>
   </div>
   <div class='ocr_carea' id='block_1_16' title="bbox 473 1647 2095 1719">
    <p class='ocr_par' dir='ltr' id='par_1_16' title="bbox 473 1647 2095 1719">
     <span class='ocr_line' id='line_1_16' title="bbox 473 1647 2095 1719; baseline -0.006 -10"><span class='ocrx_word' id='word_1_118' title='bbox 473 1656 609 1709; x_wconf 91' lang='lat' dir='ltr'>dam</span> <span class='ocrx_word' id='word_1_119' title='bbox 637 1655 841 1707; x_wconf 92' lang='lat' dir='ltr'>cuncta</span> <span class='ocrx_word' id='word_1_120' title='bbox 867 1655 930 1706; x_wconf 91' lang='lat' dir='ltr'>ut</span> <span class='ocrx_word' id='word_1_121' title='bbox 949 1649 1158 1719; x_wconf 89' lang='lat' dir='ltr'>ebrius,</span> <span class='ocrx_word' id='word_1_122' title='bbox 1182 1648 1438 1703; x_wconf 90' lang='lat' dir='ltr'>sobrium</span> <span class='ocrx_word' id='word_1_123' title='bbox 1462 1665 1519 1702; x_wconf 92' lang='lat' dir='ltr'>se</span> <span class='ocrx_word' id='word_1_124' title='bbox 1543 1652 1744 1702; x_wconf 90' lang='lat' dir='ltr'>tamen</span> <span class='ocrx_word' id='word_1_125' title='bbox 1766 1651 1822 1701; x_wconf 91' lang='lat' dir='ltr'>et</span> <span class='ocrx_word' id='word_1_126' title='bbox 1847 1647 1968 1718; x_wconf 90' lang='lat' dir='ltr'>ipse</span> <span class='ocrx_word' id='word_1_127' title='bbox 1990 1664 2095 1717; x_wconf 89' lang='lat' dir='ltr'>pu-</span> 
     </span>
    </p>
   </div>
   <div class='ocr_carea' id='block_1_17' title="bbox 468 1741 2098 1814">
    <p class='ocr_par' dir='ltr' id='par_1_17' title="bbox 468 1741 2098 1814">
     <span class='ocr_line' id='line_1_17' title="bbox 468 1741 2098 1814; baseline -0.005 -11"><span class='ocrx_word' id='word_1_128' title='bbox 468 1751 570 1814; x_wconf 86' lang='lat' dir='ltr'>tet,</span> <span class='ocrx_word' id='word_1_129' title='bbox 600 1751 656 1802; x_wconf 88' lang='lat' dir='ltr'>et</span> <span class='ocrx_word' id='word_1_130' title='bbox 681 1745 787 1801; x_wconf 90' lang='lat' dir='ltr'>dici</span> <span class='ocrx_word' id='word_1_131' title='bbox 816 1762 850 1798; x_wconf 91' lang='lat' dir='ltr'>a</span> <span class='ocrx_word' id='word_1_132' title='bbox 880 1743 1096 1799; x_wconf 63' lang='lat' dir='ltr'>caeteris</span> <span class='ocrx_word' id='word_1_133' title='bbox 1122 1743 1254 1798; x_wconf 89' lang='lat' dir='ltr'>velit</span> <span class='ocrx_word' id='word_1_134' title='bbox 1286 1759 1298 1797; x_wconf 94' lang='lat'><strong>:</strong></span> <span class='ocrx_word' id='word_1_135' title='bbox 1330 1743 1409 1796; x_wconf 81' lang='lat' dir='ltr'>ita</span> <span class='ocrx_word' id='word_1_136' title='bbox 1435 1744 1569 1796; x_wconf 90' lang='lat' dir='ltr'>sunt</span> <span class='ocrx_word' id='word_1_137' title='bbox 1594 1757 1730 1812; x_wconf 85' lang='lat' dir='ltr'>ergo</span> <span class='ocrx_word' id='word_1_138' title='bbox 1764 1746 1820 1796; x_wconf 90' lang='lat' dir='ltr'>et</span> <span class='ocrx_word' id='word_1_139' title='bbox 1846 1741 1906 1795; x_wconf 90' lang='lat' dir='ltr'>hi</span> <span class='ocrx_word' id='word_1_140' title='bbox 1932 1741 2098 1812; x_wconf 90' lang='lat' dir='ltr'>igno-</span> 
     </span>
    </p>
   </div>
   <div class='ocr_carea' id='block_1_18' title="bbox 469 1806 2175 1910">
    <p class='ocr_par' dir='ltr' id='par_1_18' title="bbox 469 1806 2175 1910">
     <span class='ocr_line' id='line_1_18' title="bbox 469 1806 2175 1910; baseline -0.005 -14"><span class='ocrx_word' id='word_1_141' title='bbox 469 1844 664 1896; x_wconf 87' lang='lat' dir='ltr'>rantes</span> <span class='ocrx_word' id='word_1_142' title='bbox 715 1838 868 1910; x_wconf 90' lang='lat' dir='ltr'>quod</span> <span class='ocrx_word' id='word_1_143' title='bbox 916 1853 1117 1892; x_wconf 91' lang='lat' dir='ltr'>verum</span> <span class='ocrx_word' id='word_1_144' title='bbox 1167 1840 1272 1902; x_wconf 91' lang='lat' dir='ltr'>est,</span> <span class='ocrx_word' id='word_1_145' title='bbox 1315 1834 1562 1906; x_wconf 90' lang='lat' dir='ltr'>speciem</span> <span class='ocrx_word' id='word_1_146' title='bbox 1610 1837 1805 1888; x_wconf 87' lang='lat' dir='ltr'>tamen</span> <span class='ocrx_word' id='word_1_147' title='bbox 1859 1806 2175 1904; x_wconf 83' lang='lat' dir='ltr'>alicujusB</span> 
     </span>
    </p>
   </div>
   <div class='ocr_carea' id='block_1_19' title="bbox 470 1928 2097 1999">
    <p class='ocr_par' dir='ltr' id='par_1_19' title="bbox 470 1928 2097 1999">
     <span class='ocr_line' id='line_1_19' title="bbox 470 1928 2097 1999; baseline -0.004 -10"><span class='ocrx_word' id='word_1_148' title='bbox 470 1933 716 1989; x_wconf 68' lang='lat' dir='ltr'>scientias</span> <span class='ocrx_word' id='word_1_149' title='bbox 761 1934 957 1987; x_wconf 89' lang='lat' dir='ltr'>tenent</span> <span class='ocrx_word' id='word_1_150' title='bbox 1003 1934 1058 1985; x_wconf 90' lang='lat' dir='ltr'>et</span> <span class='ocrx_word' id='word_1_151' title='bbox 1100 1931 1250 1984; x_wconf 91' lang='lat' dir='ltr'>mala</span> <span class='ocrx_word' id='word_1_152' title='bbox 1294 1928 1450 1999; x_wconf 89' lang='lat' dir='ltr'>quasi</span> <span class='ocrx_word' id='word_1_153' title='bbox 1487 1928 1640 1982; x_wconf 91' lang='lat' dir='ltr'>bona</span> <span class='ocrx_word' id='word_1_154' title='bbox 1682 1931 1890 1998; x_wconf 88' lang='lat' dir='ltr'>gerunt</span> <span class='ocrx_word' id='word_1_155' title='bbox 1930 1933 2097 1999; x_wconf 88' lang='lat' dir='ltr'>atque</span> 
     </span>
    </p>
   </div>
   <div class='ocr_carea' id='block_1_20' title="bbox 468 2021 2100 2098">
    <p class='ocr_par' dir='ltr' id='par_1_20' title="bbox 468 2021 2100 2098">
     <span class='ocr_line' id='line_1_20' title="bbox 468 2021 2100 2098; baseline -0.005 -16"><span class='ocrx_word' id='word_1_156' title='bbox 468 2027 539 2082; x_wconf 90' lang='lat' dir='ltr'>ad</span> <span class='ocrx_word' id='word_1_157' title='bbox 581 2025 895 2098; x_wconf 89' lang='lat' dir='ltr'>perniciem</span> <span class='ocrx_word' id='word_1_158' title='bbox 938 2023 1097 2096; x_wconf 88' lang='lat' dir='ltr'>quasi</span> <span class='ocrx_word' id='word_1_159' title='bbox 1146 2023 1217 2076; x_wconf 91' lang='lat' dir='ltr'>ad</span> <span class='ocrx_word' id='word_1_160' title='bbox 1258 2021 1500 2076; x_wconf 87' lang='lat' dir='ltr'>salutem</span> <span class='ocrx_word' id='word_1_161' title='bbox 1547 2021 1836 2088; x_wconf 84' lang='lat' dir='ltr'>festinant,</span> <span class='ocrx_word' id='word_1_162' title='bbox 1864 2025 2100 2092; x_wconf 87' lang='lat' dir='ltr'>propter</span> 
     </span>
    </p>
   </div>
   <div class='ocr_carea' id='block_1_21' title="bbox 470 2113 2098 2191">
    <p class='ocr_par' dir='ltr' id='par_1_21' title="bbox 470 2113 2098 2191">
     <span class='ocr_line' id='line_1_21' title="bbox 470 2113 2098 2191; baseline -0.005 -16"><span class='ocrx_word' id='word_1_163' title='bbox 470 2121 624 2191; x_wconf 89' lang='lat' dir='ltr'>quod</span> <span class='ocrx_word' id='word_1_164' title='bbox 653 2122 786 2174; x_wconf 89' lang='lat' dir='ltr'>ante</span> <span class='ocrx_word' id='word_1_165' title='bbox 818 2117 1015 2172; x_wconf 89' lang='lat' dir='ltr'>omnia</span> <span class='ocrx_word' id='word_1_166' title='bbox 1046 2114 1473 2188; x_wconf 90' lang='lat' dir='ltr'>properandum</span> <span class='ocrx_word' id='word_1_167' title='bbox 1507 2118 1594 2168; x_wconf 90' lang='lat' dir='ltr'>est</span> <span class='ocrx_word' id='word_1_168' title='bbox 1631 2113 1702 2167; x_wconf 92' lang='lat' dir='ltr'>ad</span> <span class='ocrx_word' id='word_1_169' title='bbox 1743 2114 2098 2184; x_wconf 89' lang='lat' dir='ltr'>agnitionem</span> 
     </span>
    </p>
   </div>
   <div class='ocr_carea' id='block_1_22' title="bbox 471 2206 2097 2282">
    <p class='ocr_par' dir='ltr' id='par_1_22' title="bbox 471 2206 2097 2282">
     <span class='ocr_line' id='line_1_22' title="bbox 471 2206 2097 2282; baseline -0.003 -16"><span class='ocrx_word' id='word_1_170' title='bbox 471 2213 741 2279; x_wconf 86' lang='lat' dir='ltr'>veritatis,</span> <span class='ocrx_word' id='word_1_171' title='bbox 770 2216 833 2267; x_wconf 92' lang='lat' dir='ltr'>ut</span> <span class='ocrx_word' id='word_1_172' title='bbox 857 2209 1143 2282; x_wconf 87' lang='lat' dir='ltr'>possimus</span> <span class='ocrx_word' id='word_1_173' title='bbox 1183 2209 1343 2280; x_wconf 90' lang='lat' dir='ltr'>quasi</span> <span class='ocrx_word' id='word_1_174' title='bbox 1371 2207 1589 2262; x_wconf 88' lang='lat' dir='ltr'>lumine</span> <span class='ocrx_word' id='word_1_175' title='bbox 1633 2206 1795 2261; x_wconf 92' lang='lat' dir='ltr'>nobis</span> <span class='ocrx_word' id='word_1_176' title='bbox 1839 2207 1970 2262; x_wconf 92' lang='lat' dir='ltr'>inde</span> <span class='ocrx_word' id='word_1_177' title='bbox 2005 2224 2097 2261; x_wconf 90' lang='lat' dir='ltr'>ac-</span> 
     </span>
    </p>
   </div>
   <div class='ocr_carea' id='block_1_23' title="bbox 470 2301 1546 2372">
    <p class='ocr_par' dir='ltr' id='par_1_23' title="bbox 470 2301 1546 2372">
     <span class='ocr_line' id='line_1_23' title="bbox 470 2301 1546 2372; baseline -0.005 -13"><span class='ocrx_word' id='word_1_178' title='bbox 470 2322 639 2362; x_wconf 88' lang='lat' dir='ltr'>censo</span> <span class='ocrx_word' id='word_1_179' title='bbox 665 2321 924 2360; x_wconf 91' lang='lat' dir='ltr'>errorum</span> <span class='ocrx_word' id='word_1_180' title='bbox 954 2302 1220 2358; x_wconf 90' lang='lat' dir='ltr'>tenebras</span> <span class='ocrx_word' id='word_1_181' title='bbox 1245 2301 1546 2372; x_wconf 90' lang='lat' dir='ltr'>depellere.</span> 
     </span>
    </p>
   </div>
   <div class='ocr_carea' id='block_1_24' title="bbox 541 2393 2096 2464">
    <p class='ocr_par' dir='ltr' id='par_1_24' title="bbox 541 2393 2096 2464">
     <span class='ocr_line' id='line_1_24' title="bbox 541 2393 2096 2464; baseline -0.005 -9"><span class='ocrx_word' id='word_1_182' title='bbox 541 2399 764 2455; x_wconf 87' lang='lat' dir='ltr'>Grande</span> <span class='ocrx_word' id='word_1_183' title='bbox 791 2397 945 2453; x_wconf 91' lang='lat' dir='ltr'>enim</span> <span class='ocrx_word' id='word_1_184' title='bbox 971 2395 1190 2450; x_wconf 91' lang='lat' dir='ltr'>malum</span> <span class='ocrx_word' id='word_1_185' title='bbox 1219 2397 1324 2461; x_wconf 90' lang='lat' dir='ltr'>est,</span> <span class='ocrx_word' id='word_1_186' title='bbox 1354 2397 1417 2448; x_wconf 91' lang='lat' dir='ltr'>ut</span> <span class='ocrx_word' id='word_1_187' title='bbox 1451 2393 1723 2462; x_wconf 82' lang='lat' dir='ltr'>diximus,</span> <span class='ocrx_word' id='word_1_188' title='bbox 1754 2394 2096 2464; x_wconf 87' lang='lat' dir='ltr'>ignorantia,</span> 
     </span>
    </p>
   </div>
   <div class='ocr_carea' id='block_1_25' title="bbox 469 2486 2100 2566">
    <p class='ocr_par' dir='ltr' id='par_1_25' title="bbox 469 2486 2100 2566">
     <span class='ocr_line' id='line_1_25' title="bbox 469 2486 2100 2566; baseline -0.006 -17"><span class='ocrx_word' id='word_1_189' title='bbox 469 2494 567 2549; x_wconf 91' lang='lat' dir='ltr'>sed</span> <span class='ocrx_word' id='word_1_190' title='bbox 593 2493 724 2566; x_wconf 88' lang='lat' dir='ltr'>quia</span> <span class='ocrx_word' id='word_1_191' title='bbox 748 2489 1122 2545; x_wconf 84' lang='lat' dir='ltr'>substantiam</span> <span class='ocrx_word' id='word_1_192' title='bbox 1146 2504 1258 2542; x_wconf 91' lang='lat' dir='ltr'>non</span> <span class='ocrx_word' id='word_1_193' title='bbox 1280 2486 1449 2541; x_wconf 88' lang='lat' dir='ltr'>habet</span> <span class='ocrx_word' id='word_1_194' title='bbox 1467 2486 1633 2542; x_wconf 87' lang='lat' dir='ltr'>facile</span> <span class='ocrx_word' id='word_1_195' title='bbox 1661 2486 1731 2540; x_wconf 89' lang='lat' dir='ltr'>ab</span> <span class='ocrx_word' id='word_1_196' title='bbox 1762 2486 1849 2540; x_wconf 89' lang='lat' dir='ltr'>his</span> <span class='ocrx_word' id='word_1_197' title='bbox 1869 2487 1968 2558; x_wconf 90' lang='lat' dir='ltr'>qui</span> <span class='ocrx_word' id='word_1_198' title='bbox 1989 2491 2100 2542; x_wconf 88' lang='lat' dir='ltr'>stu-</span> 
     </span>
    </p>
   </div>
   <div class='ocr_carea' id='block_1_26' title="bbox 468 2579 2096 2654">
    <p class='ocr_par' dir='ltr' id='par_1_26' title="bbox 468 2579 2096 2654">
     <span class='ocr_line' id='line_1_26' title="bbox 468 2579 2096 2654; baseline -0.004 -13"><span class='ocrx_word' id='word_1_199' title='bbox 468 2587 610 2642; x_wconf 91' lang='lat' dir='ltr'>diosi</span> <span class='ocrx_word' id='word_1_200' title='bbox 638 2589 771 2640; x_wconf 89' lang='lat' dir='ltr'>sunt</span> <span class='ocrx_word' id='word_1_201' title='bbox 797 2584 1096 2654; x_wconf 81' lang='lat' dir='ltr'>eﬂ‘ugatur.</span> <span class='ocrx_word' id='word_1_202' title='bbox 1132 2582 1253 2636; x_wconf 93' lang='lat' dir='ltr'>Non</span> <span class='ocrx_word' id='word_1_203' title='bbox 1283 2580 1438 2634; x_wconf 90' lang='lat' dir='ltr'>enim</span> <span class='ocrx_word' id='word_1_204' title='bbox 1465 2579 1620 2634; x_wconf 89' lang='lat' dir='ltr'>aliud</span> <span class='ocrx_word' id='word_1_205' title='bbox 1647 2582 1733 2634; x_wconf 88' lang='lat' dir='ltr'>est</span> <span class='ocrx_word' id='word_1_206' title='bbox 1756 2579 2096 2650; x_wconf 87' lang='lat' dir='ltr'>ignorantia,</span> 
     </span>
    </p>
   </div>
   <div class='ocr_carea' id='block_1_27' title="bbox 465 2672 2101 2748">
    <p class='ocr_par' dir='ltr' id='par_1_27' title="bbox 465 2672 2101 2748">
     <span class='ocr_line' id='line_1_27' title="bbox 465 2672 2101 2748; baseline -0.005 -13"><span class='ocrx_word' id='word_1_207' title='bbox 465 2681 578 2735; x_wconf 89' lang='lat' dir='ltr'>nisi</span> <span class='ocrx_word' id='word_1_208' title='bbox 601 2697 720 2734; x_wconf 90' lang='lat' dir='ltr'>non</span> <span class='ocrx_word' id='word_1_209' title='bbox 747 2677 1075 2748; x_wconf 87' lang='lat' dir='ltr'>cognovisse</span> <span class='ocrx_word' id='word_1_210' title='bbox 1104 2673 1258 2746; x_wconf 89' lang='lat' dir='ltr'>quod</span> <span class='ocrx_word' id='word_1_211' title='bbox 1285 2673 1532 2744; x_wconf 82' lang='lat' dir='ltr'>expedit,</span> <span class='ocrx_word' id='word_1_212' title='bbox 1553 2672 1654 2727; x_wconf 92' lang='lat' dir='ltr'>ubi</span> <span class='ocrx_word' id='word_1_213' title='bbox 1671 2676 1864 2726; x_wconf 90' lang='lat' dir='ltr'>autem</span> <span class='ocrx_word' id='word_1_214' title='bbox 1896 2689 2101 2744; x_wconf 91' lang='lat' dir='ltr'>cogno-</span> 
     </span>
    </p>
   </div>
   <div class='ocr_carea' id='block_1_28' title="bbox 469 2765 2102 2843">
    <p class='ocr_par' dir='ltr' id='par_1_28' title="bbox 469 2765 2102 2843">
     <span class='ocr_line' id='line_1_28' title="bbox 469 2765 2102 2843; baseline -0.005 -15"><span class='ocrx_word' id='word_1_215' title='bbox 469 2774 618 2827; x_wconf 84' lang='lat' dir='ltr'>veris</span> <span class='ocrx_word' id='word_1_216' title='bbox 649 2771 798 2843; x_wconf 91' lang='lat' dir='ltr'>perit</span> <span class='ocrx_word' id='word_1_217' title='bbox 820 2767 1167 2841; x_wconf 87' lang='lat' dir='ltr'>ignorantia,</span> <span class='ocrx_word' id='word_1_218' title='bbox 1201 2765 1381 2838; x_wconf 83' lang='lat' dir='ltr'>quaeri</span> <span class='ocrx_word' id='word_1_219' title='bbox 1429 2781 1566 2835; x_wconf 87' lang='lat' dir='ltr'>ergo</span> <span class='ocrx_word' id='word_1_220' title='bbox 1610 2765 1669 2818; x_wconf 91' lang='lat' dir='ltr'>in</span> <span class='ocrx_word' id='word_1_221' title='bbox 1714 2781 1898 2836; x_wconf 90' lang='lat' dir='ltr'>agone</span> <span class='ocrx_word' id='word_1_222' title='bbox 1934 2765 2102 2820; x_wconf 89' lang='lat' dir='ltr'>debet</span> 
     </span>
    </p>
   </div>
   <div class='ocr_carea' id='block_1_29' title="bbox 470 2856 2096 2934">
    <p class='ocr_par' dir='ltr' id='par_1_29' title="bbox 470 2856 2096 2934">
     <span class='ocr_line' id='line_1_29' title="bbox 470 2856 2096 2934; baseline -0.005 -14"><span class='ocrx_word' id='word_1_223' title='bbox 470 2866 720 2922; x_wconf 88' lang='lat' dir='ltr'>veritatis</span> <span class='ocrx_word' id='word_1_224' title='bbox 764 2861 1004 2934; x_wconf 87' lang='lat' dir='ltr'>agnitio,</span> <span class='ocrx_word' id='word_1_225' title='bbox 1036 2875 1207 2930; x_wconf 89' lang='lat' dir='ltr'>quam</span> <span class='ocrx_word' id='word_1_226' title='bbox 1252 2873 1420 2912; x_wconf 91' lang='lat' dir='ltr'>nemo</span> <span class='ocrx_word' id='word_1_227' title='bbox 1467 2856 1610 2911; x_wconf 91' lang='lat' dir='ltr'>alius</span> <span class='ocrx_word' id='word_1_228' title='bbox 1659 2857 1949 2929; x_wconf 89' lang='lat' dir='ltr'>assignare</span> <span class='ocrx_word' id='word_1_229' title='bbox 1993 2874 2096 2929; x_wconf 90' lang='lat' dir='ltr'>po-</span> 
     </span>
    </p>
   </div>
   <div class='ocr_carea' id='block_1_30' title="bbox 470 2951 2100 3023">
    <p class='ocr_par' dir='ltr' id='par_1_30' title="bbox 470 2951 2100 3023">
     <span class='ocr_line' id='line_1_30' title="bbox 470 2951 2100 3023; baseline -0.007 -7"><span class='ocrx_word' id='word_1_230' title='bbox 470 2965 582 3016; x_wconf 90' lang='lat' dir='ltr'>test</span> <span class='ocrx_word' id='word_1_231' title='bbox 623 2958 732 3013; x_wconf 90' lang='lat' dir='ltr'>nisi</span> <span class='ocrx_word' id='word_1_232' title='bbox 776 2971 942 3010; x_wconf 89' lang='lat' dir='ltr'>verus</span> <span class='ocrx_word' id='word_1_233' title='bbox 986 2952 1285 3023; x_wconf 87' lang='lat' dir='ltr'>Propheta.</span> <span class='ocrx_word' id='word_1_234' title='bbox 1331 2952 1459 3005; x_wconf 86' lang='lat' dir='ltr'>Haec</span> <span class='ocrx_word' id='word_1_235' title='bbox 1499 2951 1651 3004; x_wconf 92' lang='lat' dir='ltr'>enim</span> <span class='ocrx_word' id='word_1_236' title='bbox 1676 2951 1766 3004; x_wconf 88' lang='lat' dir='ltr'>via</span> <span class='ocrx_word' id='word_1_237' title='bbox 1806 2955 1890 3005; x_wconf 90' lang='lat' dir='ltr'>est</span> <span class='ocrx_word' id='word_1_238' title='bbox 1928 2951 2100 3005; x_wconf 90' lang='lat' dir='ltr'>vitam</span> 
     </span>
    </p>
   </div>
   <div class='ocr_carea' id='block_1_31' title="bbox 469 3043 2101 3120">
    <p class='ocr_par' dir='ltr' id='par_1_31' title="bbox 469 3043 2101 3120">
     <span class='ocr_line' id='line_1_31' title="bbox 469 3043 2101 3120; baseline -0.004 -15"><span class='ocrx_word' id='word_1_239' title='bbox 469 3051 790 3109; x_wconf 87' lang='lat' dir='ltr'>volentibus</span> <span class='ocrx_word' id='word_1_240' title='bbox 807 3045 1051 3120; x_wconf 88' lang='lat' dir='ltr'>ingredi,</span> <span class='ocrx_word' id='word_1_241' title='bbox 1067 3050 1122 3100; x_wconf 88' lang='lat' dir='ltr'>et</span> <span class='ocrx_word' id='word_1_242' title='bbox 1135 3059 1423 3099; x_wconf 89' lang='lat' dir='ltr'>summum</span> <span class='ocrx_word' id='word_1_243' title='bbox 1440 3043 1548 3099; x_wconf 89' lang='lat' dir='ltr'>iter</span> <span class='ocrx_word' id='word_1_244' title='bbox 1563 3043 2101 3114; x_wconf 56' lang='lat' dir='ltr'>bonorumfoperum</span> 
     </span>
    </p>
   </div>
   <div class='ocr_carea' id='block_1_32' title="bbox 471 3136 2098 3220">
    <p class='ocr_par' dir='ltr' id='par_1_32' title="bbox 471 3136 2098 3220">
     <span class='ocr_line' id='line_1_32' title="bbox 471 3136 2098 3220; baseline -0.007 -17"><span class='ocrx_word' id='word_1_245' title='bbox 471 3143 840 3220; x_wconf 87' lang='lat' dir='ltr'>pergentibus</span> <span class='ocrx_word' id='word_1_246' title='bbox 868 3141 940 3196; x_wconf 91' lang='lat' dir='ltr'>ad</span> <span class='ocrx_word' id='word_1_247' title='bbox 967 3139 1248 3194; x_wconf 89' lang='lat' dir='ltr'>civitatem</span> <span class='ocrx_word' id='word_1_248' title='bbox 1294 3136 1508 3192; x_wconf 90' lang='lat' dir='ltr'>salutis.</span> <span class='ocrx_word' id='word_1_249' title='bbox 1551 3136 1611 3192; x_wconf 91' lang='lat' dir='ltr'>Si</span> <span class='ocrx_word' id='word_1_250' title='bbox 1654 3138 1781 3208; x_wconf 89' lang='lat' dir='ltr'>quis</span> <span class='ocrx_word' id='word_1_251' title='bbox 1826 3154 1963 3193; x_wconf 89' lang='lat' dir='ltr'>sane</span> <span class='ocrx_word' id='word_1_252' title='bbox 1999 3153 2098 3192; x_wconf 90' lang='lat' dir='ltr'>au-</span> 
     </span>
    </p>
   </div>
   <div class='ocr_carea' id='block_1_33' title="bbox 471 3229 2103 3301">
    <p class='ocr_par' dir='ltr' id='par_1_33' title="bbox 471 3229 2103 3301">
     <span class='ocr_line' id='line_1_33' title="bbox 471 3229 2103 3301; baseline -0.006 -6"><span class='ocrx_word' id='word_1_253' title='bbox 471 3241 631 3296; x_wconf 89' lang='lat' dir='ltr'>diens</span> <span class='ocrx_word' id='word_1_254' title='bbox 675 3251 1005 3292; x_wconf 89' lang='lat' dir='ltr'>sermonem</span> <span class='ocrx_word' id='word_1_255' title='bbox 1047 3232 1166 3286; x_wconf 88' lang='lat' dir='ltr'>veri</span> <span class='ocrx_word' id='word_1_256' title='bbox 1212 3231 1508 3301; x_wconf 83' lang='lat' dir='ltr'>Prophetae</span> <span class='ocrx_word' id='word_1_257' title='bbox 1539 3229 1674 3283; x_wconf 88' lang='lat' dir='ltr'>velit</span> <span class='ocrx_word' id='word_1_258' title='bbox 1709 3230 1958 3300; x_wconf 87' lang='lat' dir='ltr'>recipere</span> <span class='ocrx_word' id='word_1_259' title='bbox 2005 3233 2103 3285; x_wconf 91' lang='lat' dir='ltr'>aut</span> 
     </span>
    </p>
   </div>
   <div class='ocr_carea' id='block_1_34' title="bbox 472 3323 2103 3400">
    <p class='ocr_par' dir='ltr' id='par_1_34' title="bbox 472 3323 2103 3400">
     <span class='ocr_line' id='line_1_34' title="bbox 472 3323 2103 3400; baseline -0.006 -12"><span class='ocrx_word' id='word_1_260' title='bbox 472 3333 618 3388; x_wconf 90' lang='lat' dir='ltr'>nolit</span> <span class='ocrx_word' id='word_1_261' title='bbox 644 3335 700 3386; x_wconf 91' lang='lat' dir='ltr'>et</span> <span class='ocrx_word' id='word_1_262' title='bbox 729 3328 994 3400; x_wconf 88' lang='lat' dir='ltr'>amplecti</span> <span class='ocrx_word' id='word_1_263' title='bbox 1013 3343 1156 3380; x_wconf 91' lang='lat' dir='ltr'>onus</span> <span class='ocrx_word' id='word_1_264' title='bbox 1184 3325 1328 3395; x_wconf 86' lang='lat' dir='ltr'>ejus,</span> <span class='ocrx_word' id='word_1_265' title='bbox 1353 3323 1409 3378; x_wconf 93' lang='lat' dir='ltr'>id</span> <span class='ocrx_word' id='word_1_266' title='bbox 1438 3327 1522 3378; x_wconf 90' lang='lat' dir='ltr'>est</span> <span class='ocrx_word' id='word_1_267' title='bbox 1547 3324 1820 3378; x_wconf 88' lang='lat' dir='ltr'>mandata</span> <span class='ocrx_word' id='word_1_268' title='bbox 1849 3323 1978 3378; x_wconf 82' lang='lat' dir='ltr'>vitae</span> <span class='ocrx_word' id='word_1_269' title='bbox 2005 3325 2103 3378; x_wconf 86' lang='lat' dir='ltr'>ha-</span> 
     </span>
    </p>
   </div>
   <div class='ocr_carea' id='block_1_35' title="bbox 473 3417 2101 3495">
    <p class='ocr_par' dir='ltr' id='par_1_35' title="bbox 473 3417 2101 3495">
     <span class='ocr_line' id='line_1_35' title="bbox 473 3417 2101 3495; baseline -0.006 -14"><span class='ocrx_word' id='word_1_270' title='bbox 473 3429 571 3482; x_wconf 89' lang='lat' dir='ltr'>bet</span> <span class='ocrx_word' id='word_1_271' title='bbox 599 3425 656 3478; x_wconf 89' lang='lat' dir='ltr'>in</span> <span class='ocrx_word' id='word_1_272' title='bbox 682 3441 778 3478; x_wconf 91' lang='lat' dir='ltr'>sua</span> <span class='ocrx_word' id='word_1_273' title='bbox 801 3425 1095 3495; x_wconf 80' lang='lat' dir='ltr'>potestate,</span> <span class='ocrx_word' id='word_1_274' title='bbox 1117 3419 1280 3473; x_wconf 88' lang='lat' dir='ltr'>liberi</span> <span class='ocrx_word' id='word_1_275' title='bbox 1311 3417 1466 3472; x_wconf 90' lang='lat' dir='ltr'>enim</span> <span class='ocrx_word' id='word_1_276' title='bbox 1493 3433 1690 3470; x_wconf 90' lang='lat' dir='ltr'>sumus</span> <span class='ocrx_word' id='word_1_277' title='bbox 1708 3417 1944 3472; x_wconf 89' lang='lat' dir='ltr'>arbitrii.</span> <span class='ocrx_word' id='word_1_278' title='bbox 1962 3419 2101 3472; x_wconf 90' lang='lat' dir='ltr'>Nam</span> 
     </span>
    </p>
   </div>
   <div class='ocr_carea' id='block_1_36' title="bbox 473 3509 2104 3583">
    <p class='ocr_par' dir='ltr' id='par_1_36' title="bbox 473 3509 2104 3583">
     <span class='ocr_line' id='line_1_36' title="bbox 473 3509 2104 3583; baseline -0.006 -7"><span class='ocrx_word' id='word_1_279' title='bbox 473 3522 518 3576; x_wconf 92' lang='lat' dir='ltr'>si</span> <span class='ocrx_word' id='word_1_280' title='bbox 547 3521 653 3574; x_wconf 91' lang='lat' dir='ltr'>hoc</span> <span class='ocrx_word' id='word_1_281' title='bbox 673 3522 818 3574; x_wconf 88' lang='lat' dir='ltr'>esset</span> <span class='ocrx_word' id='word_1_282' title='bbox 833 3519 899 3570; x_wconf 90' lang='lat' dir='ltr'>ut</span> <span class='ocrx_word' id='word_1_283' title='bbox 921 3513 1218 3569; x_wconf 89' lang='lat' dir='ltr'>audientes</span> <span class='ocrx_word' id='word_1_284' title='bbox 1239 3527 1324 3577; x_wconf 89' lang='lat' dir='ltr'>ea,</span> <span class='ocrx_word' id='word_1_285' title='bbox 1342 3511 1468 3581; x_wconf 91' lang='lat' dir='ltr'>jam</span> <span class='ocrx_word' id='word_1_286' title='bbox 1491 3526 1607 3564; x_wconf 93' lang='lat' dir='ltr'>non</span> <span class='ocrx_word' id='word_1_287' title='bbox 1628 3509 1907 3566; x_wconf 88' lang='lat' dir='ltr'>haberent</span> <span class='ocrx_word' id='word_1_288' title='bbox 1924 3511 1984 3566; x_wconf 92' lang='lat' dir='ltr'>in</span> <span class='ocrx_word' id='word_1_289' title='bbox 2004 3528 2104 3583; x_wconf 90' lang='lat' dir='ltr'>po-</span> 
     </span>
    </p>
   </div>
   <div class='ocr_carea' id='block_1_37' title="bbox 471 3604 2100 3677">
    <p class='ocr_par' dir='ltr' id='par_1_37' title="bbox 471 3604 2100 3677">
     <span class='ocr_line' id='line_1_37' title="bbox 471 3604 2100 3677; baseline -0.007 -8"><span class='ocrx_word' id='word_1_290' title='bbox 471 3617 672 3668; x_wconf 84' lang='lat' dir='ltr'>testate</span> <span class='ocrx_word' id='word_1_291' title='bbox 700 3610 854 3666; x_wconf 90' lang='lat' dir='ltr'>aliud</span> <span class='ocrx_word' id='word_1_292' title='bbox 881 3610 1067 3663; x_wconf 85' lang='lat' dir='ltr'>facere</span> <span class='ocrx_word' id='word_1_293' title='bbox 1096 3623 1270 3677; x_wconf 89' lang='lat' dir='ltr'>quam</span> <span class='ocrx_word' id='word_1_294' title='bbox 1296 3604 1626 3672; x_wconf 87' lang='lat' dir='ltr'>audierant;</span> <span class='ocrx_word' id='word_1_295' title='bbox 1658 3604 1739 3658; x_wconf 87' lang='lat' dir='ltr'>vis</span> <span class='ocrx_word' id='word_1_296' title='bbox 1782 3609 1901 3659; x_wconf 87' lang='lat' dir='ltr'>erat</span> <span class='ocrx_word' id='word_1_297' title='bbox 1941 3621 2100 3676; x_wconf 62' lang='lat' dir='ltr'>quas-</span> 
     </span>
    </p>
   </div>
   <div class='ocr_carea' id='block_1_38' title="bbox 473 3697 2103 3772">
    <p class='ocr_par' dir='ltr' id='par_1_38' title="bbox 473 3697 2103 3772">
     <span class='ocr_line' id='line_1_38' title="bbox 473 3697 2103 3772; baseline -0.007 -10"><span class='ocrx_word' id='word_1_298' title='bbox 473 3709 606 3761; x_wconf 89' lang='lat' dir='ltr'>dam</span> <span class='ocrx_word' id='word_1_299' title='bbox 632 3708 851 3760; x_wconf 78' lang='lat' dir='ltr'>naturae</span> <span class='ocrx_word' id='word_1_300' title='bbox 890 3717 992 3772; x_wconf 91' lang='lat' dir='ltr'>per</span> <span class='ocrx_word' id='word_1_301' title='bbox 1023 3715 1196 3770; x_wconf 90' lang='lat' dir='ltr'>quam</span> <span class='ocrx_word' id='word_1_302' title='bbox 1241 3699 1486 3751; x_wconf 89' lang='lat' dir='ltr'>liberum</span> <span class='ocrx_word' id='word_1_303' title='bbox 1524 3711 1641 3749; x_wconf 90' lang='lat' dir='ltr'>non</span> <span class='ocrx_word' id='word_1_304' title='bbox 1685 3701 1769 3750; x_wconf 86' lang='lat' dir='ltr'>est</span> <span class='ocrx_word' id='word_1_305' title='bbox 1808 3697 1882 3750; x_wconf 91' lang='lat' dir='ltr'>ad</span> <span class='ocrx_word' id='word_1_306' title='bbox 1929 3699 2103 3752; x_wconf 90' lang='lat' dir='ltr'>aliam</span> 
     </span>
    </p>
   </div>
   <div class='ocr_carea' id='block_1_39' title="bbox 475 3788 2107 3868">
    <p class='ocr_par' dir='ltr' id='par_1_39' title="bbox 475 3788 2107 3868">
     <span class='ocr_line' id='line_1_39' title="bbox 475 3788 2107 3868; baseline -0.007 -14"><span class='ocrx_word' id='word_1_307' title='bbox 475 3801 724 3868; x_wconf 86' lang='lat' dir='ltr'>migrare</span> <span class='ocrx_word' id='word_1_308' title='bbox 771 3792 1133 3859; x_wconf 89' lang='lat' dir='ltr'>sententiam,</span> <span class='ocrx_word' id='word_1_309' title='bbox 1171 3793 1269 3843; x_wconf 92' lang='lat' dir='ltr'>aut</span> <span class='ocrx_word' id='word_1_310' title='bbox 1312 3789 1358 3842; x_wconf 90' lang='lat' dir='ltr'>si</span> <span class='ocrx_word' id='word_1_311' title='bbox 1396 3805 1592 3842; x_wconf 89' lang='lat' dir='ltr'>rursus</span> <span class='ocrx_word' id='word_1_312' title='bbox 1639 3805 1706 3844; x_wconf 84' lang='lat' dir='ltr'>ex</span> <span class='ocrx_word' id='word_1_313' title='bbox 1746 3788 2107 3843; x_wconf 89' lang='lat' dir='ltr'>audientibus</span> 
     </span>
    </p>
   </div>
   <div class='ocr_carea' id='block_1_40' title="bbox 475 3881 2103 3954">
    <p class='ocr_par' dir='ltr' id='par_1_40' title="bbox 475 3881 2103 3954">
     <span class='ocr_line' id='line_1_40' title="bbox 475 3881 2103 3954; baseline -0.007 -7"><span class='ocrx_word' id='word_1_314' title='bbox 475 3891 632 3947; x_wconf 90' lang='lat' dir='ltr'>nullo</span> <span class='ocrx_word' id='word_1_315' title='bbox 681 3888 915 3942; x_wconf 91' lang='lat' dir='ltr'>omnino</span> <span class='ocrx_word' id='word_1_316' title='bbox 961 3883 1258 3954; x_wconf 86' lang='lat' dir='ltr'>reciperet,</span> <span class='ocrx_word' id='word_1_317' title='bbox 1308 3885 1365 3935; x_wconf 90' lang='lat' dir='ltr'>et</span> <span class='ocrx_word' id='word_1_318' title='bbox 1407 3881 1516 3935; x_wconf 91' lang='lat' dir='ltr'>hoc</span> <span class='ocrx_word' id='word_1_319' title='bbox 1565 3883 1783 3934; x_wconf 83' lang='lat' dir='ltr'>naturae</span> <span class='ocrx_word' id='word_1_320' title='bbox 1832 3881 1913 3934; x_wconf 90' lang='lat' dir='ltr'>vis</span> <span class='ocrx_word' id='word_1_321' title='bbox 1965 3887 2103 3951; x_wconf 89' lang='lat' dir='ltr'>erat,</span> 
     </span>
    </p>
   </div>
   <div class='ocr_carea' id='block_1_41' title="bbox 472 3973 2107 4056">
    <p class='ocr_par' dir='ltr' id='par_1_41' title="bbox 472 3973 2107 4056">
     <span class='ocr_line' id='line_1_41' title="bbox 472 3973 2107 4056; baseline -0.006 -18"><span class='ocrx_word' id='word_1_322' title='bbox 472 4000 604 4056; x_wconf 80' lang='lat' dir='ltr'>quae</span> <span class='ocrx_word' id='word_1_323' title='bbox 633 3979 844 4052; x_wconf 89' lang='lat' dir='ltr'>aliquid</span> <span class='ocrx_word' id='word_1_324' title='bbox 866 3994 1049 4032; x_wconf 89' lang='lat' dir='ltr'>unum</span> <span class='ocrx_word' id='word_1_325' title='bbox 1097 3978 1327 4045; x_wconf 81' lang='lat' dir='ltr'>cogeret</span> <span class='ocrx_word' id='word_1_326' title='bbox 1367 3973 1509 4040; x_wconf 85' lang='lat' dir='ltr'>ﬁeri,</span> <span class='ocrx_word' id='word_1_327' title='bbox 1543 3976 1600 4027; x_wconf 91' lang='lat' dir='ltr'>et</span> <span class='ocrx_word' id='word_1_328' title='bbox 1625 3973 1786 4028; x_wconf 90' lang='lat' dir='ltr'>alteri</span> <span class='ocrx_word' id='word_1_329' title='bbox 1814 3973 1964 4044; x_wconf 87' lang='lat' dir='ltr'>parti</span> <span class='ocrx_word' id='word_1_330' title='bbox 1993 3991 2107 4029; x_wconf 92' lang='lat' dir='ltr'>non</span> 
     </span>
    </p>
   </div>
   <div class='ocr_carea' id='block_1_42' title="bbox 475 4066 2108 4138">
    <p class='ocr_par' dir='ltr' id='par_1_42' title="bbox 475 4066 2108 4138">
     <span class='ocr_line' id='line_1_42' title="bbox 475 4066 2108 4138; baseline -0.006 -6"><span class='ocrx_word' id='word_1_331' title='bbox 475 4079 637 4132; x_wconf 90' lang='lat' dir='ltr'>daret</span> <span class='ocrx_word' id='word_1_332' title='bbox 660 4075 868 4137; x_wconf 91' lang='lat' dir='ltr'>locum,</span> <span class='ocrx_word' id='word_1_333' title='bbox 900 4086 1054 4124; x_wconf 92' lang='lat' dir='ltr'>nunc</span> <span class='ocrx_word' id='word_1_334' title='bbox 1083 4072 1275 4122; x_wconf 91' lang='lat' dir='ltr'>autem</span> <span class='ocrx_word' id='word_1_335' title='bbox 1303 4067 1438 4138; x_wconf 90' lang='lat' dir='ltr'>quia</span> <span class='ocrx_word' id='word_1_336' title='bbox 1467 4066 1711 4121; x_wconf 91' lang='lat' dir='ltr'>liberum</span> <span class='ocrx_word' id='word_1_337' title='bbox 1737 4070 1824 4122; x_wconf 92' lang='lat' dir='ltr'>est</span> <span class='ocrx_word' id='word_1_338' title='bbox 1842 4066 2030 4122; x_wconf 90' lang='lat' dir='ltr'>animo</span> <span class='ocrx_word' id='word_1_339' title='bbox 2050 4067 2108 4122; x_wconf 92' lang='lat' dir='ltr'>in</span> 
     </span>
    </p>
   </div>
   <div class='ocr_carea' id='block_1_43' title="bbox 477 4159 2110 4240">
    <p class='ocr_par' dir='ltr' id='par_1_43' title="bbox 477 4159 2110 4240">
     <span class='ocr_line' id='line_1_43' title="bbox 477 4159 2110 4240; baseline -0.005 -17"><span class='ocrx_word' id='word_1_340' title='bbox 477 4184 649 4240; x_wconf 90' lang='lat' dir='ltr'>quam</span> <span class='ocrx_word' id='word_1_341' title='bbox 693 4166 828 4220; x_wconf 88' lang='lat' dir='ltr'>velit</span> <span class='ocrx_word' id='word_1_342' title='bbox 871 4167 1093 4234; x_wconf 88' lang='lat' dir='ltr'>partem</span> <span class='ocrx_word' id='word_1_343' title='bbox 1141 4160 1422 4215; x_wconf 87' lang='lat' dir='ltr'>declinare</span> <span class='ocrx_word' id='word_1_344' title='bbox 1479 4159 1762 4229; x_wconf 89' lang='lat' dir='ltr'>judicium</span> <span class='ocrx_word' id='word_1_345' title='bbox 1810 4176 2001 4226; x_wconf 91' lang='lat' dir='ltr'>suum,</span> <span class='ocrx_word' id='word_1_346' title='bbox 2053 4166 2110 4215; x_wconf 92' lang='lat' dir='ltr'>et</span> 
     </span>
    </p>
   </div>
   <div class='ocr_carea' id='block_1_44' title="bbox 477 4253 2110 4334">
    <p class='ocr_par' dir='ltr' id='par_1_44' title="bbox 477 4253 2110 4334">
     <span class='ocr_line' id='line_1_44' title="bbox 477 4253 2110 4334; baseline -0.005 -18"><span class='ocrx_word' id='word_1_347' title='bbox 477 4278 649 4334; x_wconf 90' lang='lat' dir='ltr'>quam</span> <span class='ocrx_word' id='word_1_348' title='bbox 692 4256 1012 4330; x_wconf 87' lang='lat' dir='ltr'>probaverit</span> <span class='ocrx_word' id='word_1_349' title='bbox 1074 4254 1289 4324; x_wconf 88' lang='lat' dir='ltr'>eligere</span> <span class='ocrx_word' id='word_1_350' title='bbox 1335 4253 1504 4322; x_wconf 88' lang='lat' dir='ltr'>viam,</span> <span class='ocrx_word' id='word_1_351' title='bbox 1552 4257 1776 4308; x_wconf 89' lang='lat' dir='ltr'>constat</span> <span class='ocrx_word' id='word_1_352' title='bbox 1819 4253 2110 4308; x_wconf 87' lang='lat' dir='ltr'>evidenter</span> 
     </span>
    </p>
   </div>
   <div class='ocr_carea' id='block_1_45' title="bbox 476 4345 2108 4419">
    <p class='ocr_par' dir='ltr' id='par_1_45' title="bbox 476 4345 2108 4419">
     <span class='ocr_line' id='line_1_45' title="bbox 476 4345 2108 4419; baseline -0.006 -9"><span class='ocrx_word' id='word_1_353' title='bbox 476 4357 658 4410; x_wconf 90' lang='lat' dir='ltr'>inesse</span> <span class='ocrx_word' id='word_1_354' title='bbox 670 4350 995 4406; x_wconf 91' lang='lat' dir='ltr'>hominibus</span> <span class='ocrx_word' id='word_1_355' title='bbox 1005 4347 1225 4403; x_wconf 89' lang='lat' dir='ltr'>arbitrii</span> <span class='ocrx_word' id='word_1_356' title='bbox 1235 4346 1554 4401; x_wconf 88' lang='lat' dir='ltr'>libertatem</span> <span class='ocrx_word' id='word_1_357' title='bbox 1566 4345 1761 4416; x_wconf 91' lang='lat' dir='ltr'>,igitur</span> <span class='ocrx_word' id='word_1_358' title='bbox 1770 4347 2108 4419; x_wconf 90' lang='lat' dir='ltr'>priusquam</span> 
     </span>
    </p>
   </div>
   <div class='ocr_carea' id='block_1_46' title="bbox 477 4440 2106 4517">
    <p class='ocr_par' dir='ltr' id='par_1_46' title="bbox 477 4440 2106 4517">
     <span class='ocr_line' id='line_1_46' title="bbox 477 4440 2106 4517; baseline -0.005 -15"><span class='ocrx_word' id='word_1_359' title='bbox 477 4447 672 4503; x_wconf 89' lang='lat' dir='ltr'>audiat</span> <span class='ocrx_word' id='word_1_360' title='bbox 690 4445 815 4517; x_wconf 88' lang='lat' dir='ltr'>quis</span> <span class='ocrx_word' id='word_1_361' title='bbox 835 4443 992 4514; x_wconf 89' lang='lat' dir='ltr'>quod</span> <span class='ocrx_word' id='word_1_362' title='bbox 1013 4442 1063 4496; x_wconf 90' lang='lat' dir='ltr'>ei</span> <span class='ocrx_word' id='word_1_363' title='bbox 1091 4440 1333 4511; x_wconf 85' lang='lat' dir='ltr'>expedit,</span> <span class='ocrx_word' id='word_1_364' title='bbox 1355 4442 1575 4494; x_wconf 89' lang='lat' dir='ltr'>certum</span> <span class='ocrx_word' id='word_1_365' title='bbox 1602 4440 1836 4511; x_wconf 90' lang='lat' dir='ltr'>estquia</span> <span class='ocrx_word' id='word_1_366' title='bbox 1863 4440 2106 4512; x_wconf 89' lang='lat' dir='ltr'>ignoret,</span> 
     </span>
    </p>
   </div>
   <div class='ocr_carea' id='block_1_47' title="bbox 2197 528 3827 600">
    <p class='ocr_par' dir='ltr' id='par_1_47' title="bbox 2197 528 3827 600">
     <span class='ocr_line' id='line_1_47' title="bbox 2197 528 3827 600; baseline -0.001 -16"><span class='ocrx_word' id='word_1_367' title='bbox 2197 545 2394 584; x_wconf 90' lang='lat' dir='ltr'>rorum</span> <span class='ocrx_word' id='word_1_368' title='bbox 2433 529 2733 583; x_wconf 88' lang='lat' dir='ltr'>hominum</span> <span class='ocrx_word' id='word_1_369' title='bbox 2762 544 3003 598; x_wconf 88' lang='lat' dir='ltr'>errores,</span> <span class='ocrx_word' id='word_1_370' title='bbox 3025 531 3082 583; x_wconf 90' lang='lat' dir='ltr'>et</span> <span class='ocrx_word' id='word_1_371' title='bbox 3119 529 3273 600; x_wconf 69' lang='lat' dir='ltr'>quod</span> <span class='ocrx_word' id='word_1_372' title='bbox 3317 532 3449 583; x_wconf 90' lang='lat' dir='ltr'>ante</span> <span class='ocrx_word' id='word_1_373' title='bbox 3493 528 3684 583; x_wconf 92' lang='lat' dir='ltr'>oculos</span> <span class='ocrx_word' id='word_1_374' title='bbox 3725 545 3827 600; x_wconf 82' lang='lat' dir='ltr'>po-</span> 
     </span>
    </p>
   </div>
   <div class='ocr_carea' id='block_1_48' title="bbox 2197 601 3832 693">
    <p class='ocr_par' dir='ltr' id='par_1_48' title="bbox 2197 601 3832 693">
     <span class='ocr_line' id='line_1_48' title="bbox 2197 601 3832 693; baseline -0.001 -17"><span class='ocrx_word' id='word_1_375' title='bbox 2197 623 2364 678; x_wconf 88' lang='lat' dir='ltr'>sitam</span> <span class='ocrx_word' id='word_1_376' title='bbox 2382 622 2679 677; x_wconf 88' lang='lat' dir='ltr'>veritatem</span> <span class='ocrx_word' id='word_1_377' title='bbox 2701 638 2874 676; x_wconf 90' lang='lat' dir='ltr'>nemo</span> <span class='ocrx_word' id='word_1_378' title='bbox 2903 601 3301 693; x_wconf 50' lang='lat' dir='ltr'>videbat/l‘pse</span> <span class='ocrx_word' id='word_1_379' title='bbox 3320 625 3542 676; x_wconf 89' lang='lat' dir='ltr'>tantum</span> <span class='ocrx_word' id='word_1_380' title='bbox 3573 621 3832 692; x_wconf 89' lang='lat' dir='ltr'>gaudens</span> 
     </span>
    </p>
   </div>
   <div class='ocr_carea' id='block_1_49' title="bbox 2197 715 3832 788">
    <p class='ocr_par' dir='ltr' id='par_1_49' title="bbox 2197 715 3832 788">
     <span class='ocr_line' id='line_1_49' title="bbox 2197 715 3832 788; baseline -0.001 -18"><span class='ocrx_word' id='word_1_381' title='bbox 2197 733 2368 788; x_wconf 87' lang='lat' dir='ltr'>super</span> <span class='ocrx_word' id='word_1_382' title='bbox 2393 715 2601 771; x_wconf 89' lang='lat' dir='ltr'>divitiis</span> <span class='ocrx_word' id='word_1_383' title='bbox 2636 715 2925 786; x_wconf 60' lang='lat' dir='ltr'>sapientia:</span> <span class='ocrx_word' id='word_1_384' title='bbox 2956 731 3094 786; x_wconf 88' lang='lat' dir='ltr'>quas</span> <span class='ocrx_word' id='word_1_385' title='bbox 3134 715 3351 770; x_wconf 89' lang='lat' dir='ltr'>invenit</span> <span class='ocrx_word' id='word_1_386' title='bbox 3379 715 3711 770; x_wconf 87' lang='lat' dir='ltr'>satiabiliter</span> <span class='ocrx_word' id='word_1_387' title='bbox 3739 715 3832 768; x_wconf 90' lang='lat' dir='ltr'>his</span> 
     </span>
    </p>
   </div>
   <div class='ocr_carea' id='block_1_50' title="bbox 2195 809 3829 882">
    <p class='ocr_par' dir='ltr' id='par_1_50' title="bbox 2195 809 3829 882">
     <span class='ocr_line' id='line_1_50' title="bbox 2195 809 3829 882; baseline -0.002 -18"><span class='ocrx_word' id='word_1_388' title='bbox 2195 811 2542 882; x_wconf 88' lang='lat' dir='ltr'>perfruatur,</span> <span class='ocrx_word' id='word_1_389' title='bbox 2563 813 2620 863; x_wconf 92' lang='lat' dir='ltr'>et</span> <span class='ocrx_word' id='word_1_390' title='bbox 2639 809 2903 863; x_wconf 84' lang='lat' dir='ltr'>exercitio</span> <span class='ocrx_word' id='word_1_391' title='bbox 2928 809 3204 863; x_wconf 90' lang='lat' dir='ltr'>bonorum</span> <span class='ocrx_word' id='word_1_392' title='bbox 3227 825 3469 880; x_wconf 84' lang='lat' dir='ltr'>cperum</span> <span class='ocrx_word' id='word_1_393' title='bbox 3495 809 3829 873; x_wconf 89' lang='lat' dir='ltr'>delectetur,</span> 
     </span>
    </p>
   </div>
   <div class='ocr_carea' id='block_1_51' title="bbox 2198 901 3831 972">
    <p class='ocr_par' dir='ltr' id='par_1_51' title="bbox 2198 901 3831 972">
     <span class='ocr_line' id='line_1_51' title="bbox 2198 901 3831 972; baseline -0.002 -14"><span class='ocrx_word' id='word_1_394' title='bbox 2198 903 2469 960; x_wconf 88' lang='lat' dir='ltr'>festinans</span> <span class='ocrx_word' id='word_1_395' title='bbox 2495 902 2567 956; x_wconf 90' lang='lat' dir='ltr'>ad</span> <span class='ocrx_word' id='word_1_396' title='bbox 2593 903 2862 956; x_wconf 69' lang='lat' dir='ltr'>saeculum</span> <span class='ocrx_word' id='word_1_397' title='bbox 2893 901 3150 956; x_wconf 91' lang='lat' dir='ltr'>futurum</span> <span class='ocrx_word' id='word_1_398' title='bbox 3176 901 3392 956; x_wconf 91' lang='lat' dir='ltr'>mundo</span> <span class='ocrx_word' id='word_1_399' title='bbox 3419 901 3584 956; x_wconf 89' lang='lat' dir='ltr'>corde</span> <span class='ocrx_word' id='word_1_400' title='bbox 3608 904 3666 956; x_wconf 88' lang='lat' dir='ltr'>et</span> <span class='ocrx_word' id='word_1_401' title='bbox 3683 917 3831 972; x_wconf 89' lang='lat' dir='ltr'>pura</span> 
     </span>
    </p>
   </div>
   <div class='ocr_carea' id='block_1_52' title="bbox 2199 995 3830 1067">
    <p class='ocr_par' dir='ltr' id='par_1_52' title="bbox 2199 995 3830 1067">
     <span class='ocr_line' id='line_1_52' title="bbox 2199 995 3830 1067; baseline -0.002 -15"><span class='ocrx_word' id='word_1_402' title='bbox 2199 996 2541 1052; x_wconf 88' lang='lat' dir='ltr'>conscientia</span> <span class='ocrx_word' id='word_1_403' title='bbox 2564 995 2886 1067; x_wconf 89' lang='lat' dir='ltr'>pervenire,</span> <span class='ocrx_word' id='word_1_404' title='bbox 2915 1000 2972 1051; x_wconf 93' lang='lat' dir='ltr'>et</span> <span class='ocrx_word' id='word_1_405' title='bbox 2991 995 3164 1050; x_wconf 90' lang='lat' dir='ltr'>etiam</span> <span class='ocrx_word' id='word_1_406' title='bbox 3186 995 3376 1050; x_wconf 86' lang='lat' dir='ltr'>videre</span> <span class='ocrx_word' id='word_1_407' title='bbox 3403 996 3587 1049; x_wconf 88' lang='lat' dir='ltr'>Deum</span> <span class='ocrx_word' id='word_1_408' title='bbox 3611 997 3830 1064; x_wconf 84' lang='lat' dir='ltr'>Regem</span> 
     </span>
    </p>
   </div>
   <div class='ocr_carea' id='block_1_53' title="bbox 2199 1089 3835 1161">
    <p class='ocr_par' dir='ltr' id='par_1_53' title="bbox 2199 1089 3835 1161">
     <span class='ocr_line' id='line_1_53' title="bbox 2199 1089 3835 1161; baseline -0.002 -16"><span class='ocrx_word' id='word_1_409' title='bbox 2199 1090 2455 1145; x_wconf 91' lang='lat' dir='ltr'>omnium</span> <span class='ocrx_word' id='word_1_410' title='bbox 2485 1089 2676 1161; x_wconf 89' lang='lat' dir='ltr'>possit.</span> <span class='ocrx_word' id='word_1_411' title='bbox 2718 1090 2813 1144; x_wconf 85' lang='lat' dir='ltr'>His</span> <span class='ocrx_word' id='word_1_412' title='bbox 2852 1092 3045 1144; x_wconf 87' lang='lat' dir='ltr'>autem</span> <span class='ocrx_word' id='word_1_413' title='bbox 3091 1089 3355 1143; x_wconf 90' lang='lat' dir='ltr'>omnibus</span> <span class='ocrx_word' id='word_1_414' title='bbox 3385 1105 3579 1144; x_wconf 88' lang='lat' dir='ltr'>carere</span> <span class='ocrx_word' id='word_1_415' title='bbox 3617 1105 3744 1154; x_wconf 89' lang='lat' dir='ltr'>nos,</span> <span class='ocrx_word' id='word_1_416' title='bbox 3775 1091 3835 1142; x_wconf 88' lang='lat' dir='ltr'>et</span> 
     </span>
    </p>
   </div>
   <div class='ocr_carea' id='block_1_54' title="bbox 2199 1182 3836 1253">
    <p class='ocr_par' dir='ltr' id='par_1_54' title="bbox 2199 1182 3836 1253">
     <span class='ocr_line' id='line_1_54' title="bbox 2199 1182 3836 1253; baseline -0.003 -14"><span class='ocrx_word' id='word_1_417' title='bbox 2199 1184 2452 1239; x_wconf 82' lang='lat' dir='ltr'>fraudari</span> <span class='ocrx_word' id='word_1_418' title='bbox 2483 1183 2598 1237; x_wconf 89' lang='lat' dir='ltr'>sola</span> <span class='ocrx_word' id='word_1_419' title='bbox 2628 1182 2758 1237; x_wconf 87' lang='lat' dir='ltr'>facit</span> <span class='ocrx_word' id='word_1_420' title='bbox 2805 1182 3146 1253; x_wconf 86' lang='lat' dir='ltr'>ignorantia.</span> <span class='ocrx_word' id='word_1_421' title='bbox 3179 1183 3328 1237; x_wconf 91' lang='lat' dir='ltr'>Dum</span> <span class='ocrx_word' id='word_1_422' title='bbox 3374 1182 3525 1238; x_wconf 91' lang='lat' dir='ltr'>enim</span> <span class='ocrx_word' id='word_1_423' title='bbox 3564 1182 3836 1253; x_wconf 86' lang='lat' dir='ltr'>ignorant</span> 
     </span>
    </p>
   </div>
   <div class='ocr_carea' id='block_1_55' title="bbox 2197 1275 3832 1348">
    <p class='ocr_par' dir='ltr' id='par_1_55' title="bbox 2197 1275 3832 1348">
     <span class='ocr_line' id='line_1_55' title="bbox 2197 1275 3832 1348; baseline -0.002 -16"><span class='ocrx_word' id='word_1_424' title='bbox 2197 1277 2462 1332; x_wconf 89' lang='lat' dir='ltr'>homines</span> <span class='ocrx_word' id='word_1_425' title='bbox 2502 1280 2783 1348; x_wconf 89' lang='lat' dir='ltr'>quantum</span> <span class='ocrx_word' id='word_1_426' title='bbox 2830 1277 2963 1330; x_wconf 90' lang='lat' dir='ltr'>boni</span> <span class='ocrx_word' id='word_1_427' title='bbox 3009 1276 3215 1330; x_wconf 90' lang='lat' dir='ltr'>habeat</span> <span class='ocrx_word' id='word_1_428' title='bbox 3258 1276 3514 1344; x_wconf 89' lang='lat' dir='ltr'>scientia,</span> <span class='ocrx_word' id='word_1_429' title='bbox 3556 1275 3832 1347; x_wconf 78' lang='lat' dir='ltr'>ignoran-</span> 
     </span>
    </p>
   </div>
   <div class='ocr_carea' id='block_1_56' title="bbox 2199 1368 3838 1440">
    <p class='ocr_par' dir='ltr' id='par_1_56' title="bbox 2199 1368 3838 1440">
     <span class='ocr_line' id='line_1_56' title="bbox 2199 1368 3838 1440; baseline -0.002 -14"><span class='ocrx_word' id='word_1_430' title='bbox 2199 1373 2292 1426; x_wconf 69' lang='lat' dir='ltr'>tiae</span> <span class='ocrx_word' id='word_1_431' title='bbox 2318 1371 2531 1426; x_wconf 92' lang='lat' dir='ltr'>malum</span> <span class='ocrx_word' id='word_1_432' title='bbox 2578 1371 2647 1424; x_wconf 92' lang='lat' dir='ltr'>de</span> <span class='ocrx_word' id='word_1_433' title='bbox 2693 1388 2751 1424; x_wconf 91' lang='lat' dir='ltr'>se</span> <span class='ocrx_word' id='word_1_434' title='bbox 2792 1386 2906 1424; x_wconf 92' lang='lat' dir='ltr'>non</span> <span class='ocrx_word' id='word_1_435' title='bbox 2954 1369 3250 1440; x_wconf 90' lang='lat' dir='ltr'>patiuntur</span> <span class='ocrx_word' id='word_1_436' title='bbox 3294 1369 3534 1424; x_wconf 84' lang='lat' dir='ltr'>excludi.</span> <span class='ocrx_word' id='word_1_437' title='bbox 3565 1368 3838 1423; x_wconf 87' lang='lat' dir='ltr'>Nesciunt</span> 
     </span>
    </p>
   </div>
   <div class='ocr_carea' id='block_1_57' title="bbox 2199 1461 3834 1536">
    <p class='ocr_par' dir='ltr' id='par_1_57' title="bbox 2199 1461 3834 1536">
     <span class='ocr_line' id='line_1_57' title="bbox 2199 1461 3834 1536; baseline -0.003 -16"><span class='ocrx_word' id='word_1_438' title='bbox 2199 1465 2354 1520; x_wconf 88' lang='lat' dir='ltr'>enim</span> <span class='ocrx_word' id='word_1_439' title='bbox 2387 1469 2598 1536; x_wconf 88' lang='lat' dir='ltr'>quanta</span> <span class='ocrx_word' id='word_1_440' title='bbox 2625 1464 2698 1518; x_wconf 90' lang='lat' dir='ltr'>sit</span> <span class='ocrx_word' id='word_1_441' title='bbox 2727 1464 2785 1517; x_wconf 93' lang='lat' dir='ltr'>in</span> <span class='ocrx_word' id='word_1_442' title='bbox 2826 1463 3032 1518; x_wconf 90' lang='lat' dir='ltr'>horum</span> <span class='ocrx_word' id='word_1_443' title='bbox 3067 1463 3486 1535; x_wconf 89' lang='lat' dir='ltr'>permutatione</span> <span class='ocrx_word' id='word_1_444' title='bbox 3515 1461 3834 1529; x_wconf 89' lang='lat' dir='ltr'>diversitas,</span> 
     </span>
    </p>
   </div>
   <div class='ocr_carea' id='block_1_58' title="bbox 2197 1555 3837 1630">
    <p class='ocr_par' dir='ltr' id='par_1_58' title="bbox 2197 1555 3837 1630">
     <span class='ocr_line' id='line_1_58' title="bbox 2197 1555 3837 1630; baseline -0.002 -17"><span class='ocrx_word' id='word_1_445' title='bbox 2197 1559 2411 1630; x_wconf 89' lang='lat' dir='ltr'>pariter</span> <span class='ocrx_word' id='word_1_446' title='bbox 2439 1558 2593 1628; x_wconf 90' lang='lat' dir='ltr'>quod</span> <span class='ocrx_word' id='word_1_447' title='bbox 2619 1557 2919 1612; x_wconf 88' lang='lat' dir='ltr'>consilium</span> <span class='ocrx_word' id='word_1_448' title='bbox 2945 1557 3018 1611; x_wconf 94' lang='lat' dir='ltr'>do</span> <span class='ocrx_word' id='word_1_449' title='bbox 3048 1556 3357 1628; x_wconf 90' lang='lat' dir='ltr'>unicuique</span> <span class='ocrx_word' id='word_1_450' title='bbox 3381 1555 3636 1624; x_wconf 80' lang='lat' dir='ltr'>discenti,</span> <span class='ocrx_word' id='word_1_451' title='bbox 3659 1555 3837 1610; x_wconf 87' lang='lat' dir='ltr'>liben-</span> 
     </span>
    </p>
   </div>
   <div class='ocr_carea' id='block_1_59' title="bbox 2197 1648 3834 1724">
    <p class='ocr_par' dir='ltr' id='par_1_59' title="bbox 2197 1648 3834 1724">
     <span class='ocr_line' id='line_1_59' title="bbox 2197 1648 3834 1724; baseline -0.003 -18"><span class='ocrx_word' id='word_1_452' title='bbox 2197 1655 2284 1707; x_wconf 87' lang='lat' dir='ltr'>ter</span> <span class='ocrx_word' id='word_1_453' title='bbox 2307 1652 2564 1724; x_wconf 74' lang='lat' dir='ltr'>prxebere</span> <span class='ocrx_word' id='word_1_454' title='bbox 2595 1667 2794 1705; x_wconf 89' lang='lat' dir='ltr'>aurem</span> <span class='ocrx_word' id='word_1_455' title='bbox 2827 1650 2996 1704; x_wconf 89' lang='lat' dir='ltr'>verbo</span> <span class='ocrx_word' id='word_1_456' title='bbox 3029 1650 3144 1719; x_wconf 89' lang='lat' dir='ltr'>Dei,</span> <span class='ocrx_word' id='word_1_457' title='bbox 3183 1654 3239 1704; x_wconf 89' lang='lat' dir='ltr'>et</span> <span class='ocrx_word' id='word_1_458' title='bbox 3281 1665 3413 1704; x_wconf 91' lang='lat' dir='ltr'>cum</span> <span class='ocrx_word' id='word_1_459' title='bbox 3458 1665 3648 1703; x_wconf 91' lang='lat' dir='ltr'>amore</span> <span class='ocrx_word' id='word_1_460' title='bbox 3685 1648 3834 1702; x_wconf 84' lang='lat' dir='ltr'>veri-</span> 
     </span>
    </p>
   </div>
   <div class='ocr_carea' id='block_1_60' title="bbox 2199 1742 3836 1815">
    <p class='ocr_par' dir='ltr' id='par_1_60' title="bbox 2199 1742 3836 1815">
     <span class='ocr_line' id='line_1_60' title="bbox 2199 1742 3836 1815; baseline -0.002 -16"><span class='ocrx_word' id='word_1_461' title='bbox 2199 1746 2325 1800; x_wconf 88' lang='lat' dir='ltr'>tatis</span> <span class='ocrx_word' id='word_1_462' title='bbox 2354 1744 2577 1799; x_wconf 89' lang='lat' dir='ltr'>Domini</span> <span class='ocrx_word' id='word_1_463' title='bbox 2616 1744 2814 1798; x_wconf 90' lang='lat' dir='ltr'>audire</span> <span class='ocrx_word' id='word_1_464' title='bbox 2847 1760 2974 1815; x_wconf 84' lang='lat' dir='ltr'>quae</span> <span class='ocrx_word' id='word_1_465' title='bbox 3023 1743 3286 1812; x_wconf 90' lang='lat' dir='ltr'>dicimus,</span> <span class='ocrx_word' id='word_1_466' title='bbox 3313 1746 3379 1796; x_wconf 88' lang='lat' dir='ltr'>ut</span> <span class='ocrx_word' id='word_1_467' title='bbox 3406 1759 3588 1808; x_wconf 90' lang='lat' dir='ltr'>mens,</span> <span class='ocrx_word' id='word_1_468' title='bbox 3617 1742 3836 1812; x_wconf 80' lang='lat' dir='ltr'>Optimo</span> 
     </span>
    </p>
   </div>
   <div class='ocr_carea' id='block_1_61' title="bbox 2200 1835 3836 1908">
    <p class='ocr_par' dir='ltr' id='par_1_61' title="bbox 2200 1835 3836 1908">
     <span class='ocr_line' id='line_1_61' title="bbox 2200 1835 3836 1908; baseline -0.002 -16"><span class='ocrx_word' id='word_1_469' title='bbox 2200 1838 2415 1893; x_wconf 87' lang='lat' dir='ltr'>semine</span> <span class='ocrx_word' id='word_1_470' title='bbox 2446 1841 2722 1908; x_wconf 91' lang='lat' dir='ltr'>suscepto,</span> <span class='ocrx_word' id='word_1_471' title='bbox 2753 1853 2854 1907; x_wconf 91' lang='lat' dir='ltr'>per</span> <span class='ocrx_word' id='word_1_472' title='bbox 2884 1836 3059 1890; x_wconf 90' lang='lat' dir='ltr'>bonos</span> <span class='ocrx_word' id='word_1_473' title='bbox 3085 1839 3242 1890; x_wconf 90' lang='lat' dir='ltr'>actus</span> <span class='ocrx_word' id='word_1_474' title='bbox 3269 1836 3429 1890; x_wconf 61' lang='lat' dir='ltr'>laetos</span> <span class='ocrx_word' id='word_1_475' title='bbox 3466 1836 3669 1890; x_wconf 69' lang='lat' dir='ltr'>atterat</span> <span class='ocrx_word' id='word_1_476' title='bbox 3711 1835 3836 1889; x_wconf 87' lang='lat' dir='ltr'>fru-</span> 
     </span>
    </p>
   </div>
   <div class='ocr_carea' id='block_1_62' title="bbox 2199 1929 3834 2000">
    <p class='ocr_par' dir='ltr' id='par_1_62' title="bbox 2199 1929 3834 2000">
     <span class='ocr_line' id='line_1_62' title="bbox 2199 1929 3834 2000; baseline -0.002 -15"><span class='ocrx_word' id='word_1_477' title='bbox 2199 1934 2341 1986; x_wconf 89' lang='lat' dir='ltr'>ctus.</span> <span class='ocrx_word' id='word_1_478' title='bbox 2371 1932 2510 1986; x_wconf 86' lang='lat' dir='ltr'>Nam</span> <span class='ocrx_word' id='word_1_479' title='bbox 2537 1932 2584 1984; x_wconf 90' lang='lat' dir='ltr'>si</span> <span class='ocrx_word' id='word_1_480' title='bbox 2614 1947 2707 1984; x_wconf 91' lang='lat' dir='ltr'>me</span> <span class='ocrx_word' id='word_1_481' title='bbox 2737 1930 2981 1992; x_wconf 85' lang='lat' dir='ltr'>docente</span> <span class='ocrx_word' id='word_1_482' title='bbox 3010 1946 3076 1984; x_wconf 91' lang='lat' dir='ltr'>ea</span> <span class='ocrx_word' id='word_1_483' title='bbox 3104 1945 3231 2000; x_wconf 74' lang='lat' dir='ltr'>quae</span> <span class='ocrx_word' id='word_1_484' title='bbox 3269 1929 3342 1983; x_wconf 91' lang='lat' dir='ltr'>ad</span> <span class='ocrx_word' id='word_1_485' title='bbox 3374 1930 3613 1984; x_wconf 86' lang='lat' dir='ltr'>salutem</span> <span class='ocrx_word' id='word_1_486' title='bbox 3656 1929 3834 1998; x_wconf 84' lang='lat' dir='ltr'>perti-</span> 
     </span>
    </p>
   </div>
   <div class='ocr_carea' id='block_1_63' title="bbox 2200 2021 3836 2094">
    <p class='ocr_par' dir='ltr' id='par_1_63' title="bbox 2200 2021 3836 2094">
     <span class='ocr_line' id='line_1_63' title="bbox 2200 2021 3836 2094; baseline -0.002 -16"><span class='ocrx_word' id='word_1_487' title='bbox 2200 2027 2356 2090; x_wconf 89' lang='lat' dir='ltr'>nent,</span> <span class='ocrx_word' id='word_1_488' title='bbox 2403 2023 2657 2094; x_wconf 88' lang='lat' dir='ltr'>recipere</span> <span class='ocrx_word' id='word_1_489' title='bbox 2703 2023 2830 2094; x_wconf 91' lang='lat' dir='ltr'>quis</span> <span class='ocrx_word' id='word_1_490' title='bbox 2877 2023 3096 2089; x_wconf 87' lang='lat' dir='ltr'>abnuit,</span> <span class='ocrx_word' id='word_1_491' title='bbox 3144 2026 3202 2076; x_wconf 90' lang='lat' dir='ltr'>et</span> <span class='ocrx_word' id='word_1_492' title='bbox 3245 2022 3436 2076; x_wconf 90' lang='lat' dir='ltr'>animo</span> <span class='ocrx_word' id='word_1_493' title='bbox 3475 2021 3664 2093; x_wconf 88' lang='lat' dir='ltr'>pravis</span> <span class='ocrx_word' id='word_1_494' title='bbox 3707 2022 3836 2092; x_wconf 90' lang='lat' dir='ltr'>opi-</span> 
     </span>
    </p>
   </div>
   <div class='ocr_carea' id='block_1_64' title="bbox 2201 2115 3836 2187">
    <p class='ocr_par' dir='ltr' id='par_1_64' title="bbox 2201 2115 3836 2187">
     <span class='ocr_line' id='line_1_64' title="bbox 2201 2115 3836 2187; baseline -0.002 -16"><span class='ocrx_word' id='word_1_495' title='bbox 2201 2117 2462 2171; x_wconf 92' lang='lat' dir='ltr'>nionibus</span> <span class='ocrx_word' id='word_1_496' title='bbox 2511 2119 2786 2187; x_wconf 90' lang='lat' dir='ltr'>occupato</span> <span class='ocrx_word' id='word_1_497' title='bbox 2829 2115 3102 2170; x_wconf 91' lang='lat' dir='ltr'>obsistere</span> <span class='ocrx_word' id='word_1_498' title='bbox 3134 2115 3356 2183; x_wconf 87' lang='lat' dir='ltr'>nititur,</span> <span class='ocrx_word' id='word_1_499' title='bbox 3390 2131 3506 2169; x_wconf 91' lang='lat' dir='ltr'>non</span> <span class='ocrx_word' id='word_1_500' title='bbox 3553 2131 3623 2169; x_wconf 80' lang='lat' dir='ltr'>ex</span> <span class='ocrx_word' id='word_1_501' title='bbox 3652 2115 3836 2181; x_wconf 89' lang='lat' dir='ltr'>vobis,</span> 
     </span>
    </p>
   </div>
   <div class='ocr_carea' id='block_1_65' title="bbox 2199 2207 3845 2281">
    <p class='ocr_par' dir='ltr' id='par_1_65' title="bbox 2199 2207 3845 2281">
     <span class='ocr_line' id='line_1_65' title="bbox 2199 2207 3845 2281; baseline -0.001 -18"><span class='ocrx_word' id='word_1_502' title='bbox 2199 2210 2295 2265; x_wconf 91' lang='lat' dir='ltr'>sed</span> <span class='ocrx_word' id='word_1_503' title='bbox 2327 2226 2391 2264; x_wconf 85' lang='lat' dir='ltr'>ex</span> <span class='ocrx_word' id='word_1_504' title='bbox 2431 2209 2734 2281; x_wconf 90' lang='lat' dir='ltr'>semetipso</span> <span class='ocrx_word' id='word_1_505' title='bbox 2781 2208 3011 2264; x_wconf 88' lang='lat' dir='ltr'>habebit</span> <span class='ocrx_word' id='word_1_506' title='bbox 3053 2208 3326 2279; x_wconf 89' lang='lat' dir='ltr'>pereundi</span> <span class='ocrx_word' id='word_1_507' title='bbox 3376 2223 3623 2262; x_wconf 90' lang='lat' dir='ltr'>causam.</span> <span class='ocrx_word' id='word_1_508' title='bbox 3660 2207 3845 2262; x_wconf 89' lang='lat' dir='ltr'>Debet</span> 
     </span>
    </p>
   </div>
   <div class='ocr_carea' id='block_1_66' title="bbox 2199 2300 3840 2374">
    <p class='ocr_par' dir='ltr' id='par_1_66' title="bbox 2199 2300 3840 2374">
     <span class='ocr_line' id='line_1_66' title="bbox 2199 2300 3840 2374; baseline -0.001 -18"><span class='ocrx_word' id='word_1_509' title='bbox 2199 2303 2355 2357; x_wconf 89' lang='lat' dir='ltr'>enim</span> <span class='ocrx_word' id='word_1_510' title='bbox 2387 2303 2543 2374; x_wconf 89' lang='lat' dir='ltr'>justo</span> <span class='ocrx_word' id='word_1_511' title='bbox 2583 2301 2801 2374; x_wconf 91' lang='lat' dir='ltr'>judicio</span> <span class='ocrx_word' id='word_1_512' title='bbox 2831 2301 3157 2357; x_wconf 83' lang='lat' dir='ltr'>examinare</span> <span class='ocrx_word' id='word_1_513' title='bbox 3200 2318 3328 2373; x_wconf 78' lang='lat' dir='ltr'>quae</span> <span class='ocrx_word' id='word_1_514' title='bbox 3373 2301 3634 2369; x_wconf 90' lang='lat' dir='ltr'>dicimus,</span> <span class='ocrx_word' id='word_1_515' title='bbox 3667 2305 3722 2355; x_wconf 92' lang='lat' dir='ltr'>et</span> <span class='ocrx_word' id='word_1_516' title='bbox 3750 2300 3840 2355; x_wconf 91' lang='lat' dir='ltr'>in-</span> 
     </span>
    </p>
   </div>
   <div class='ocr_carea' id='block_1_67' title="bbox 2197 2393 3842 2467">
    <p class='ocr_par' dir='ltr' id='par_1_67' title="bbox 2197 2393 3842 2467">
     <span class='ocr_line' id='line_1_67' title="bbox 2197 2393 3842 2467; baseline -0.001 -19"><span class='ocrx_word' id='word_1_517' title='bbox 2197 2395 2458 2467; x_wconf 87' lang='lat' dir='ltr'>telligere</span> <span class='ocrx_word' id='word_1_518' title='bbox 2489 2394 2623 2466; x_wconf 87' lang='lat' dir='ltr'>quia</span> <span class='ocrx_word' id='word_1_519' title='bbox 2651 2395 2821 2449; x_wconf 89' lang='lat' dir='ltr'>verba</span> <span class='ocrx_word' id='word_1_520' title='bbox 2867 2395 3156 2465; x_wconf 90' lang='lat' dir='ltr'>loquimur</span> <span class='ocrx_word' id='word_1_521' title='bbox 3197 2393 3471 2463; x_wconf 88' lang='lat' dir='ltr'>veritatis,</span> <span class='ocrx_word' id='word_1_522' title='bbox 3501 2397 3568 2448; x_wconf 91' lang='lat' dir='ltr'>ut</span> <span class='ocrx_word' id='word_1_523' title='bbox 3596 2393 3842 2464; x_wconf 90' lang='lat' dir='ltr'>cognitis</span> 
     </span>
    </p>
   </div>
   <div class='ocr_carea' id='block_1_68' title="bbox 2199 2487 3842 2560">
    <p class='ocr_par' dir='ltr' id='par_1_68' title="bbox 2199 2487 3842 2560">
     <span class='ocr_line' id='line_1_68' title="bbox 2199 2487 3842 2560; baseline -0.002 -17"><span class='ocrx_word' id='word_1_524' title='bbox 2199 2489 2287 2544; x_wconf 92' lang='lat' dir='ltr'>his</span> <span class='ocrx_word' id='word_1_525' title='bbox 2333 2505 2461 2560; x_wconf 72' lang='lat' dir='ltr'>qute</span> <span class='ocrx_word' id='word_1_526' title='bbox 2500 2492 2630 2542; x_wconf 91' lang='lat' dir='ltr'>sunt</span> <span class='ocrx_word' id='word_1_527' title='bbox 2665 2491 2732 2541; x_wconf 90' lang='lat' dir='ltr'>ut</span> <span class='ocrx_word' id='word_1_528' title='bbox 2793 2491 2946 2554; x_wconf 90' lang='lat' dir='ltr'>sunt,</span> <span class='ocrx_word' id='word_1_529' title='bbox 2988 2488 3048 2542; x_wconf 91' lang='lat' dir='ltr'>in</span> <span class='ocrx_word' id='word_1_530' title='bbox 3088 2487 3251 2542; x_wconf 90' lang='lat' dir='ltr'>bonis</span> <span class='ocrx_word' id='word_1_531' title='bbox 3306 2487 3524 2541; x_wconf 88' lang='lat' dir='ltr'>actibus</span> <span class='ocrx_word' id='word_1_532' title='bbox 3579 2487 3842 2558; x_wconf 88' lang='lat' dir='ltr'>dirigens</span> 
     </span>
    </p>
   </div>
   <div class='ocr_carea' id='block_1_69' title="bbox 2169 2580 3838 2653">
    <p class='ocr_par' dir='ltr' id='par_1_69' title="bbox 2169 2580 3838 2653">
     <span class='ocr_line' id='line_1_69' title="bbox 2169 2580 3838 2653; baseline 0.001 -20"><span class='ocrx_word' id='word_1_533' title='bbox 2169 2591 2181 2601; x_wconf 86' lang='lat'><strong>&#39;</strong></span> <span class='ocrx_word' id='word_1_534' title='bbox 2199 2582 2345 2636; x_wconf 89' lang='lat' dir='ltr'>viam</span> <span class='ocrx_word' id='word_1_535' title='bbox 2368 2597 2525 2635; x_wconf 89' lang='lat' dir='ltr'>suam</span> <span class='ocrx_word' id='word_1_536' title='bbox 2548 2581 2712 2653; x_wconf 85' lang='lat' dir='ltr'>regni</span> <span class='ocrx_word' id='word_1_537' title='bbox 2740 2581 3014 2636; x_wconf 58' lang='lat' dir='ltr'>calorum</span> <span class='ocrx_word' id='word_1_538' title='bbox 3040 2581 3218 2652; x_wconf 88' lang='lat' dir='ltr'>possit</span> <span class='ocrx_word' id='word_1_539' title='bbox 3250 2581 3534 2652; x_wconf 90' lang='lat' dir='ltr'>particeps</span> <span class='ocrx_word' id='word_1_540' title='bbox 3572 2580 3838 2647; x_wconf 91' lang='lat' dir='ltr'>inveniri,</span> 
     </span>
    </p>
   </div>
   <div class='ocr_carea' id='block_1_70' title="bbox 2200 2673 3840 2745">
    <p class='ocr_par' dir='ltr' id='par_1_70' title="bbox 2200 2673 3840 2745">
     <span class='ocr_line' id='line_1_70' title="bbox 2200 2673 3840 2745; baseline -0.001 -15"><span class='ocrx_word' id='word_1_541' title='bbox 2200 2674 2503 2745; x_wconf 90' lang='lat' dir='ltr'>subjiciens</span> <span class='ocrx_word' id='word_1_542' title='bbox 2534 2673 2641 2728; x_wconf 91' lang='lat' dir='ltr'>sibi</span> <span class='ocrx_word' id='word_1_543' title='bbox 2675 2674 2864 2728; x_wconf 89' lang='lat' dir='ltr'>carnis</span> <span class='ocrx_word' id='word_1_544' title='bbox 2895 2673 3198 2744; x_wconf 88' lang='lat' dir='ltr'>desideria,</span> <span class='ocrx_word' id='word_1_545' title='bbox 3237 2679 3294 2729; x_wconf 91' lang='lat' dir='ltr'>et</span> <span class='ocrx_word' id='word_1_546' title='bbox 3333 2674 3597 2729; x_wconf 90' lang='lat' dir='ltr'>dominus</span> <span class='ocrx_word' id='word_1_547' title='bbox 3634 2691 3840 2728; x_wconf 89' lang='lat' dir='ltr'>eorum</span> 
     </span>
    </p>
   </div>
   <div class='ocr_carea' id='block_1_71' title="bbox 2202 2767 3845 2839">
    <p class='ocr_par' dir='ltr' id='par_1_71' title="bbox 2202 2767 3845 2839">
     <span class='ocr_line' id='line_1_71' title="bbox 2202 2767 3845 2839; baseline -0.001 -17"><span class='ocrx_word' id='word_1_548' title='bbox 2202 2769 2403 2836; x_wconf 87' lang='lat' dir='ltr'>factus,</span> <span class='ocrx_word' id='word_1_549' title='bbox 2433 2772 2495 2822; x_wconf 91' lang='lat' dir='ltr'>ut</span> <span class='ocrx_word' id='word_1_550' title='bbox 2535 2767 2613 2821; x_wconf 89' lang='lat' dir='ltr'>ita</span> <span class='ocrx_word' id='word_1_551' title='bbox 2665 2767 2900 2822; x_wconf 91' lang='lat' dir='ltr'>demum</span> <span class='ocrx_word' id='word_1_552' title='bbox 2947 2768 3118 2823; x_wconf 89' lang='lat' dir='ltr'>etiam</span> <span class='ocrx_word' id='word_1_553' title='bbox 3167 2769 3285 2839; x_wconf 91' lang='lat' dir='ltr'>ipse</span> <span class='ocrx_word' id='word_1_554' title='bbox 3328 2768 3425 2822; x_wconf 85' lang='lat' dir='ltr'>ﬁat</span> <span class='ocrx_word' id='word_1_555' title='bbox 3465 2767 3845 2822; x_wconf 90' lang='lat' dir='ltr'>dominatoris</span> 
     </span>
    </p>
   </div>
   <div class='ocr_carea' id='block_1_72' title="bbox 2203 2861 3845 2933">
    <p class='ocr_par' dir='ltr' id='par_1_72' title="bbox 2203 2861 3845 2933">
     <span class='ocr_line' id='line_1_72' title="bbox 2203 2861 3845 2933; baseline 0.001 -19"><span class='ocrx_word' id='word_1_556' title='bbox 2203 2861 2464 2915; x_wconf 92' lang='lat' dir='ltr'>omnium</span> <span class='ocrx_word' id='word_1_557' title='bbox 2499 2861 2758 2932; x_wconf 90' lang='lat' dir='ltr'>jucunda</span> <span class='ocrx_word' id='word_1_558' title='bbox 2783 2862 3083 2933; x_wconf 89' lang='lat' dir='ltr'>possessio.</span> <span class='ocrx_word' id='word_1_559' title='bbox 3111 2863 3255 2916; x_wconf 89' lang='lat' dir='ltr'>Nam</span> <span class='ocrx_word' id='word_1_560' title='bbox 3296 2863 3396 2932; x_wconf 89' lang='lat' dir='ltr'>qui</span> <span class='ocrx_word' id='word_1_561' title='bbox 3437 2865 3738 2932; x_wconf 88' lang='lat' dir='ltr'>permanet</span> <span class='ocrx_word' id='word_1_562' title='bbox 3780 2861 3845 2916; x_wconf 92' lang='lat' dir='ltr'>in</span> 
     </span>
    </p>
   </div>
   <div class='ocr_carea' id='block_1_73' title="bbox 2201 2954 3847 3026">
    <p class='ocr_par' dir='ltr' id='par_1_73' title="bbox 2201 2954 3847 3026">
     <span class='ocr_line' id='line_1_73' title="bbox 2201 2954 3847 3026; baseline -0.001 -18"><span class='ocrx_word' id='word_1_563' title='bbox 2201 2955 2350 3008; x_wconf 90' lang='lat' dir='ltr'>malo</span> <span class='ocrx_word' id='word_1_564' title='bbox 2399 2958 2456 3008; x_wconf 90' lang='lat' dir='ltr'>et</span> <span class='ocrx_word' id='word_1_565' title='bbox 2503 2969 2696 3009; x_wconf 87' lang='lat' dir='ltr'>servus</span> <span class='ocrx_word' id='word_1_566' title='bbox 2739 2957 2822 3008; x_wconf 89' lang='lat' dir='ltr'>est</span> <span class='ocrx_word' id='word_1_567' title='bbox 2864 2955 3020 3024; x_wconf 91' lang='lat' dir='ltr'>mali,</span> <span class='ocrx_word' id='word_1_568' title='bbox 3064 2971 3178 3009; x_wconf 91' lang='lat' dir='ltr'>non</span> <span class='ocrx_word' id='word_1_569' title='bbox 3223 2957 3410 3026; x_wconf 89' lang='lat' dir='ltr'>potest</span> <span class='ocrx_word' id='word_1_570' title='bbox 3455 2955 3603 3010; x_wconf 83' lang='lat' dir='ltr'>efﬁci</span> <span class='ocrx_word' id='word_1_571' title='bbox 3651 2954 3847 3024; x_wconf 88' lang='lat' dir='ltr'>portio</span> 
     </span>
    </p>
   </div>
   <div class='ocr_carea' id='block_1_74' title="bbox 2200 3047 3851 3120">
    <p class='ocr_par' dir='ltr' id='par_1_74' title="bbox 2200 3047 3851 3120">
     <span class='ocr_line' id='line_1_74' title="bbox 2200 3047 3851 3120; baseline 0 -18"><span class='ocrx_word' id='word_1_572' title='bbox 2200 3047 2354 3116; x_wconf 92' lang='lat' dir='ltr'>boni,</span> <span class='ocrx_word' id='word_1_573' title='bbox 2401 3047 2579 3102; x_wconf 91' lang='lat' dir='ltr'>donec</span> <span class='ocrx_word' id='word_1_574' title='bbox 2617 3052 2918 3118; x_wconf 88' lang='lat' dir='ltr'>permanet</span> <span class='ocrx_word' id='word_1_575' title='bbox 2964 3048 3022 3101; x_wconf 92' lang='lat' dir='ltr'>in</span> <span class='ocrx_word' id='word_1_576' title='bbox 3073 3049 3250 3114; x_wconf 90' lang='lat' dir='ltr'>malo,</span> <span class='ocrx_word' id='word_1_577' title='bbox 3283 3047 3420 3120; x_wconf 81' lang='lat' dir='ltr'>quia</span> <span class='ocrx_word' id='word_1_578' title='bbox 3463 3048 3532 3102; x_wconf 88' lang='lat' dir='ltr'>ab</span> <span class='ocrx_word' id='word_1_579' title='bbox 3579 3047 3740 3118; x_wconf 89' lang='lat' dir='ltr'>intio,</span> <span class='ocrx_word' id='word_1_580' title='bbox 3783 3053 3851 3102; x_wconf 88' lang='lat' dir='ltr'>ut</span> 
     </span>
    </p>
   </div>
   <div class='ocr_carea' id='block_1_75' title="bbox 2204 3140 3845 3212">
    <p class='ocr_par' dir='ltr' id='par_1_75' title="bbox 2204 3140 3845 3212">
     <span class='ocr_line' id='line_1_75' title="bbox 2204 3140 3845 3212; baseline 0.001 -17"><span class='ocrx_word' id='word_1_581' title='bbox 2204 3143 2335 3195; x_wconf 89' lang='lat' dir='ltr'>ante</span> <span class='ocrx_word' id='word_1_582' title='bbox 2375 3140 2500 3210; x_wconf 90' lang='lat' dir='ltr'>jam</span> <span class='ocrx_word' id='word_1_583' title='bbox 2549 3140 2818 3210; x_wconf 88' lang='lat' dir='ltr'>diximus,</span> <span class='ocrx_word' id='word_1_584' title='bbox 2848 3141 2961 3195; x_wconf 91' lang='lat' dir='ltr'>duo</span> <span class='ocrx_word' id='word_1_585' title='bbox 3005 3157 3185 3211; x_wconf 89' lang='lat' dir='ltr'>regna</span> <span class='ocrx_word' id='word_1_586' title='bbox 3224 3141 3419 3196; x_wconf 86' lang='lat' dir='ltr'>statuit</span> <span class='ocrx_word' id='word_1_587' title='bbox 3457 3143 3620 3210; x_wconf 91' lang='lat' dir='ltr'>Deus,</span> <span class='ocrx_word' id='word_1_588' title='bbox 3649 3146 3706 3196; x_wconf 90' lang='lat' dir='ltr'>et</span> <span class='ocrx_word' id='word_1_589' title='bbox 3735 3158 3845 3212; x_wconf 87' lang='lat' dir='ltr'>po-</span> 
     </span>
    </p>
   </div>
   <div class='ocr_carea' id='block_1_76' title="bbox 2203 3232 3847 3306">
    <p class='ocr_par' dir='ltr' id='par_1_76' title="bbox 2203 3232 3847 3306">
     <span class='ocr_line' id='line_1_76' title="bbox 2203 3232 3847 3306; baseline 0.001 -18"><span class='ocrx_word' id='word_1_590' title='bbox 2203 3236 2465 3289; x_wconf 88' lang='lat' dir='ltr'>testatem</span> <span class='ocrx_word' id='word_1_591' title='bbox 2507 3233 2666 3288; x_wconf 91' lang='lat' dir='ltr'>dedit</span> <span class='ocrx_word' id='word_1_592' title='bbox 2700 3233 3011 3305; x_wconf 86' lang='lat' dir='ltr'>unicuique</span> <span class='ocrx_word' id='word_1_593' title='bbox 3041 3232 3364 3302; x_wconf 90' lang='lat' dir='ltr'>hominum,</span> <span class='ocrx_word' id='word_1_594' title='bbox 3401 3237 3462 3288; x_wconf 93' lang='lat' dir='ltr'>ut</span> <span class='ocrx_word' id='word_1_595' title='bbox 3490 3235 3640 3289; x_wconf 90' lang='lat' dir='ltr'>illius</span> <span class='ocrx_word' id='word_1_596' title='bbox 3677 3237 3847 3306; x_wconf 89' lang='lat' dir='ltr'>regni</span> 
     </span>
    </p>
   </div>
   <div class='ocr_carea' id='block_1_77' title="bbox 2201 3326 3852 3398">
    <p class='ocr_par' dir='ltr' id='par_1_77' title="bbox 2201 3326 3852 3398">
     <span class='ocr_line' id='line_1_77' title="bbox 2201 3326 3852 3398; baseline 0.002 -18"><span class='ocrx_word' id='word_1_597' title='bbox 2201 3327 2300 3381; x_wconf 85' lang='lat' dir='ltr'>fiat</span> <span class='ocrx_word' id='word_1_598' title='bbox 2324 3327 2514 3398; x_wconf 81' lang='lat' dir='ltr'>portio</span> <span class='ocrx_word' id='word_1_599' title='bbox 2546 3326 2638 3380; x_wconf 91' lang='lat' dir='ltr'>cui</span> <span class='ocrx_word' id='word_1_600' title='bbox 2673 3343 2732 3381; x_wconf 91' lang='lat' dir='ltr'>se</span> <span class='ocrx_word' id='word_1_601' title='bbox 2761 3327 2835 3381; x_wconf 92' lang='lat' dir='ltr'>ad</span> <span class='ocrx_word' id='word_1_602' title='bbox 2864 3326 3246 3382; x_wconf 89' lang='lat' dir='ltr'>obediendum</span> <span class='ocrx_word' id='word_1_603' title='bbox 3274 3327 3394 3394; x_wconf 91' lang='lat' dir='ltr'>ipse</span> <span class='ocrx_word' id='word_1_604' title='bbox 3422 3328 3744 3398; x_wconf 91' lang='lat' dir='ltr'>subjecerit.</span> <span class='ocrx_word' id='word_1_605' title='bbox 3779 3331 3852 3385; x_wconf 88' lang='lat' dir='ltr'>Et</span> 
     </span>
    </p>
   </div>
   <div class='ocr_carea' id='block_1_78' title="bbox 2203 3419 3850 3492">
    <p class='ocr_par' dir='ltr' id='par_1_78' title="bbox 2203 3419 3850 3492">
     <span class='ocr_line' id='line_1_78' title="bbox 2203 3419 3850 3492; baseline 0.001 -18"><span class='ocrx_word' id='word_1_606' title='bbox 2203 3419 2338 3491; x_wconf 89' lang='lat' dir='ltr'>quia</span> <span class='ocrx_word' id='word_1_607' title='bbox 2357 3419 2658 3474; x_wconf 84' lang='lat' dir='ltr'>deﬁnitum</span> <span class='ocrx_word' id='word_1_608' title='bbox 2683 3424 2768 3475; x_wconf 91' lang='lat' dir='ltr'>est</span> <span class='ocrx_word' id='word_1_609' title='bbox 2795 3420 2947 3491; x_wconf 90' lang='lat' dir='ltr'>apud</span> <span class='ocrx_word' id='word_1_610' title='bbox 2978 3419 3284 3474; x_wconf 90' lang='lat' dir='ltr'>Dominum</span> <span class='ocrx_word' id='word_1_611' title='bbox 3320 3437 3433 3475; x_wconf 93' lang='lat' dir='ltr'>non</span> <span class='ocrx_word' id='word_1_612' title='bbox 3459 3437 3619 3492; x_wconf 88' lang='lat' dir='ltr'>posse</span> <span class='ocrx_word' id='word_1_613' title='bbox 3657 3437 3850 3477; x_wconf 87' lang='lat' dir='ltr'>unum</span> 
     </span>
    </p>
   </div>
   <div class='ocr_carea' id='block_1_79' title="bbox 2201 3513 3847 3585">
    <p class='ocr_par' dir='ltr' id='par_1_79' title="bbox 2201 3513 3847 3585">
     <span class='ocr_line' id='line_1_79' title="bbox 2201 3513 3847 3585; baseline 0 -16"><span class='ocrx_word' id='word_1_614' title='bbox 2201 3513 2497 3569; x_wconf 90' lang='lat' dir='ltr'>hominem</span> <span class='ocrx_word' id='word_1_615' title='bbox 2523 3513 2822 3585; x_wconf 89' lang='lat' dir='ltr'>utriusque</span> <span class='ocrx_word' id='word_1_616' title='bbox 2849 3513 3011 3584; x_wconf 89' lang='lat' dir='ltr'>regni</span> <span class='ocrx_word' id='word_1_617' title='bbox 3040 3529 3159 3567; x_wconf 89' lang='lat' dir='ltr'>esse</span> <span class='ocrx_word' id='word_1_618' title='bbox 3191 3530 3438 3583; x_wconf 89' lang='lat' dir='ltr'>servum,</span> <span class='ocrx_word' id='word_1_619' title='bbox 3467 3514 3624 3569; x_wconf 92' lang='lat' dir='ltr'>omni</span> <span class='ocrx_word' id='word_1_620' title='bbox 3653 3515 3847 3570; x_wconf 89' lang='lat' dir='ltr'>studio</span> 
     </span>
    </p>
   </div>
   <div class='ocr_carea' id='block_1_80' title="bbox 2203 3605 3846 3677">
    <p class='ocr_par' dir='ltr' id='par_1_80' title="bbox 2203 3605 3846 3677">
     <span class='ocr_line' id='line_1_80' title="bbox 2203 3605 3846 3677; baseline 0.001 -16"><span class='ocrx_word' id='word_1_621' title='bbox 2203 3607 2329 3661; x_wconf 89' lang='lat' dir='ltr'>date</span> <span class='ocrx_word' id='word_1_622' title='bbox 2374 3621 2604 3676; x_wconf 89' lang='lat' dir='ltr'>operam</span> <span class='ocrx_word' id='word_1_623' title='bbox 2648 3606 2706 3658; x_wconf 91' lang='lat' dir='ltr'>in</span> <span class='ocrx_word' id='word_1_624' title='bbox 2751 3605 2884 3658; x_wconf 90' lang='lat' dir='ltr'>boni</span> <span class='ocrx_word' id='word_1_625' title='bbox 2929 3605 3080 3675; x_wconf 88' lang='lat' dir='ltr'>regis</span> <span class='ocrx_word' id='word_1_626' title='bbox 3130 3606 3319 3660; x_wconf 91' lang='lat' dir='ltr'>aulam</span> <span class='ocrx_word' id='word_1_627' title='bbox 3347 3623 3413 3660; x_wconf 91' lang='lat' dir='ltr'>ac</span> <span class='ocrx_word' id='word_1_628' title='bbox 3438 3607 3571 3677; x_wconf 89' lang='lat' dir='ltr'>jura</span> <span class='ocrx_word' id='word_1_629' title='bbox 3599 3624 3846 3663; x_wconf 89' lang='lat' dir='ltr'>concur-</span> 
     </span>
    </p>
   </div>
   <div class='ocr_carea' id='block_1_81' title="bbox 2203 3697 3847 3771">
    <p class='ocr_par' dir='ltr' id='par_1_81' title="bbox 2203 3697 3847 3771">
     <span class='ocr_line' id='line_1_81' title="bbox 2203 3697 3847 3771; baseline 0.002 -19"><span class='ocrx_word' id='word_1_630' title='bbox 2203 3715 2351 3753; x_wconf 92' lang='lat' dir='ltr'>rere.</span> <span class='ocrx_word' id='word_1_631' title='bbox 2396 3701 2630 3768; x_wconf 90' lang='lat' dir='ltr'>Propter</span> <span class='ocrx_word' id='word_1_632' title='bbox 2681 3698 2788 3751; x_wconf 90' lang='lat' dir='ltr'>hoc</span> <span class='ocrx_word' id='word_1_633' title='bbox 2841 3697 3090 3768; x_wconf 88' lang='lat' dir='ltr'>denique</span> <span class='ocrx_word' id='word_1_634' title='bbox 3140 3713 3306 3752; x_wconf 91' lang='lat' dir='ltr'>verus</span> <span class='ocrx_word' id='word_1_635' title='bbox 3364 3701 3662 3771; x_wconf 87' lang='lat' dir='ltr'>propheta,</span> <span class='ocrx_word' id='word_1_636' title='bbox 3707 3717 3847 3756; x_wconf 90' lang='lat' dir='ltr'>cum</span> 
     </span>
    </p>
   </div>
   <div class='ocr_carea' id='block_1_82' title="bbox 2205 3790 3852 3862">
    <p class='ocr_par' dir='ltr' id='par_1_82' title="bbox 2205 3790 3852 3862">
     <span class='ocr_line' id='line_1_82' title="bbox 2205 3790 3852 3862; baseline 0.002 -17"><span class='ocrx_word' id='word_1_637' title='bbox 2205 3794 2352 3845; x_wconf 89' lang='lat' dir='ltr'>esset</span> <span class='ocrx_word' id='word_1_638' title='bbox 2398 3806 2652 3861; x_wconf 81' lang='lat' dir='ltr'>praesens</span> <span class='ocrx_word' id='word_1_639' title='bbox 2688 3790 2986 3844; x_wconf 89' lang='lat' dir='ltr'>nobiscum</span> <span class='ocrx_word' id='word_1_640' title='bbox 3031 3794 3090 3845; x_wconf 92' lang='lat' dir='ltr'>et</span> <span class='ocrx_word' id='word_1_641' title='bbox 3133 3793 3412 3862; x_wconf 91' lang='lat' dir='ltr'>quosdam</span> <span class='ocrx_word' id='word_1_642' title='bbox 3461 3810 3527 3848; x_wconf 83' lang='lat' dir='ltr'>ex</span> <span class='ocrx_word' id='word_1_643' title='bbox 3576 3793 3852 3848; x_wconf 89' lang='lat' dir='ltr'>divitibus</span> 
     </span>
    </p>
   </div>
   <div class='ocr_carea' id='block_1_83' title="bbox 2204 3883 3850 3958">
    <p class='ocr_par' dir='ltr' id='par_1_83' title="bbox 2204 3883 3850 3958">
     <span class='ocr_line' id='line_1_83' title="bbox 2204 3883 3850 3958; baseline 0.003 -20"><span class='ocrx_word' id='word_1_644' title='bbox 2204 3883 2563 3953; x_wconf 89' lang='lat' dir='ltr'>negligentes</span> <span class='ocrx_word' id='word_1_645' title='bbox 2605 3899 2740 3953; x_wconf 89' lang='lat' dir='ltr'>erga</span> <span class='ocrx_word' id='word_1_646' title='bbox 2786 3883 3013 3938; x_wconf 89' lang='lat' dir='ltr'>Domini</span> <span class='ocrx_word' id='word_1_647' title='bbox 3042 3885 3258 3939; x_wconf 90' lang='lat' dir='ltr'>cultum</span> <span class='ocrx_word' id='word_1_648' title='bbox 3285 3887 3526 3955; x_wconf 88' lang='lat' dir='ltr'>videret,</span> <span class='ocrx_word' id='word_1_649' title='bbox 3559 3887 3730 3958; x_wconf 84' lang='lat' dir='ltr'>hujus</span> <span class='ocrx_word' id='word_1_650' title='bbox 3761 3890 3850 3943; x_wconf 90' lang='lat' dir='ltr'>rei</span> 
     </span>
    </p>
   </div>
   <div class='ocr_carea' id='block_1_84' title="bbox 2207 3976 3850 4050">
    <p class='ocr_par' dir='ltr' id='par_1_84' title="bbox 2207 3976 3850 4050">
     <span class='ocr_line' id='line_1_84' title="bbox 2207 3976 3850 4050; baseline 0.003 -20"><span class='ocrx_word' id='word_1_651' title='bbox 2207 3976 2287 4031; x_wconf 89' lang='lat' dir='ltr'>ita</span> <span class='ocrx_word' id='word_1_652' title='bbox 2333 3976 2556 4046; x_wconf 90' lang='lat' dir='ltr'>aperuit</span> <span class='ocrx_word' id='word_1_653' title='bbox 2598 3976 2920 4031; x_wconf 88' lang='lat' dir='ltr'>veritatem.</span> <span class='ocrx_word' id='word_1_654' title='bbox 2956 3998 2982 4026; x_wconf 84' lang='lat'><strong><em>«</em></strong></span> <span class='ocrx_word' id='word_1_655' title='bbox 3009 3978 3185 4032; x_wconf 87' lang='lat' dir='ltr'>Nemo</span> <span class='ocrx_word' id='word_1_656' title='bbox 3230 3983 3431 4049; x_wconf 87' lang='lat' dir='ltr'>potest,</span> <span class='ocrx_word' id='word_1_657' title='bbox 3466 3979 3666 4050; x_wconf 89' lang='lat' dir='ltr'>inquit,</span> <span class='ocrx_word' id='word_1_658' title='bbox 3701 3981 3850 4034; x_wconf 92' lang='lat' dir='ltr'>duo-</span> 
     </span>
    </p>
   </div>
   <div class='ocr_carea' id='block_1_85' title="bbox 2205 4067 3851 4142">
    <p class='ocr_par' dir='ltr' id='par_1_85' title="bbox 2205 4067 3851 4142">
     <span class='ocr_line' id='line_1_85' title="bbox 2205 4067 3851 4142; baseline 0.004 -19"><span class='ocrx_word' id='word_1_659' title='bbox 2205 4067 2310 4124; x_wconf 89' lang='lat' dir='ltr'>bus</span> <span class='ocrx_word' id='word_1_660' title='bbox 2339 4068 2586 4123; x_wconf 88' lang='lat' dir='ltr'>dominis</span> <span class='ocrx_word' id='word_1_661' title='bbox 2610 4070 2842 4136; x_wconf 91' lang='lat' dir='ltr'>servire,</span> <span class='ocrx_word' id='word_1_662' title='bbox 2873 4074 2929 4124; x_wconf 91' lang='lat' dir='ltr'>et</span> <span class='ocrx_word' id='word_1_663' title='bbox 2955 4087 3069 4125; x_wconf 89' lang='lat' dir='ltr'>non</span> <span class='ocrx_word' id='word_1_664' title='bbox 3096 4072 3332 4142; x_wconf 90' lang='lat' dir='ltr'>potestis</span> <span class='ocrx_word' id='word_1_665' title='bbox 3359 4073 3603 4126; x_wconf 88' lang='lat' dir='ltr'>Domino</span> <span class='ocrx_word' id='word_1_666' title='bbox 3634 4073 3851 4129; x_wconf 88' lang='lat' dir='ltr'>servire</span> 
     </span>
    </p>
   </div>
   <div class='ocr_carea' id='block_1_86' title="bbox 2206 4164 3852 4237">
    <p class='ocr_par' dir='ltr' id='par_1_86' title="bbox 2206 4164 3852 4237">
     <span class='ocr_line' id='line_1_86' title="bbox 2206 4164 3852 4237; baseline 0.003 -20"><span class='ocrx_word' id='word_1_667' title='bbox 2206 4165 2265 4217; x_wconf 90' lang='lat' dir='ltr'>et</span> <span class='ocrx_word' id='word_1_668' title='bbox 2305 4178 2649 4217; x_wconf 85' lang='lat' dir='ltr'>mammonae</span> <span class='ocrx_word' id='word_1_669' title='bbox 2695 4164 2840 4232; x_wconf 86' lang='lat' dir='ltr'>(Luc.</span> <span class='ocrx_word' id='word_1_670' title='bbox 2892 4179 3004 4233; x_wconf 79' lang='lat' dir='ltr'>va,</span> <span class='ocrx_word' id='word_1_671' title='bbox 3049 4166 3152 4233; x_wconf 78' lang='lat' dir='ltr'>l3),</span> <span class='ocrx_word' id='word_1_672' title='bbox 3193 4187 3220 4214; x_wconf 83' lang='grc'><strong>››</strong></span> <span class='ocrx_word' id='word_1_673' title='bbox 3268 4182 3617 4235; x_wconf 89' lang='lat' dir='ltr'>mammona,</span> <span class='ocrx_word' id='word_1_674' title='bbox 3658 4168 3852 4237; x_wconf 90' lang='lat' dir='ltr'>patria</span> 
     </span>
    </p>
   </div>
   <div class='ocr_carea' id='block_1_87' title="bbox 2206 4255 3088 4321">
    <p class='ocr_par' dir='ltr' id='par_1_87' title="bbox 2206 4255 3088 4321">
     <span class='ocr_line' id='line_1_87' title="bbox 2206 4255 3088 4321; baseline 0 -10"><span class='ocrx_word' id='word_1_675' title='bbox 2206 4271 2406 4311; x_wconf 90' lang='lat' dir='ltr'>eorum</span> <span class='ocrx_word' id='word_1_676' title='bbox 2429 4271 2586 4321; x_wconf 89' lang='lat' dir='ltr'>voce,</span> <span class='ocrx_word' id='word_1_677' title='bbox 2619 4255 2837 4311; x_wconf 81' lang='lat' dir='ltr'>divitias</span> <span class='ocrx_word' id='word_1_678' title='bbox 2869 4272 3088 4312; x_wconf 87' lang='lat' dir='ltr'>vocans.</span> 
     </span>
    </p>
   </div>
   <div class='ocr_carea' id='block_1_88' title="bbox 2278 4348 3854 4422">
    <p class='ocr_par' dir='ltr' id='par_1_88' title="bbox 2278 4348 3854 4422">
     <span class='ocr_line' id='line_1_88' title="bbox 2278 4348 3854 4422; baseline 0.004 -21"><span class='ocrx_word' id='word_1_679' title='bbox 2278 4348 2376 4402; x_wconf 87' lang='lat' dir='ltr'>Hic</span> <span class='ocrx_word' id='word_1_680' title='bbox 2403 4365 2540 4420; x_wconf 88' lang='lat' dir='ltr'>ergo</span> <span class='ocrx_word' id='word_1_681' title='bbox 2570 4365 2737 4404; x_wconf 86' lang='lat' dir='ltr'>verus</span> <span class='ocrx_word' id='word_1_682' title='bbox 2766 4351 3051 4421; x_wconf 88' lang='lat' dir='ltr'>Propheta</span> <span class='ocrx_word' id='word_1_683' title='bbox 3081 4354 3167 4404; x_wconf 86' lang='lat' dir='ltr'>est</span> <span class='ocrx_word' id='word_1_684' title='bbox 3197 4352 3332 4422; x_wconf 90' lang='lat' dir='ltr'>quia</span> <span class='ocrx_word' id='word_1_685' title='bbox 3359 4352 3416 4406; x_wconf 92' lang='lat' dir='ltr'>in</span> <span class='ocrx_word' id='word_1_686' title='bbox 3446 4353 3644 4406; x_wconf 72' lang='lat' dir='ltr'>Judzea</span> <span class='ocrx_word' id='word_1_687' title='bbox 3674 4353 3854 4408; x_wconf 87' lang='lat' dir='ltr'>nobis</span> 
     </span>
    </p>
   </div>
   <div class='ocr_carea' id='block_1_89' title="bbox 2209 4441 3850 4516">
    <p class='ocr_par' dir='ltr' id='par_1_89' title="bbox 2209 4441 3850 4516">
     <span class='ocr_line' id='line_1_89' title="bbox 2209 4441 3850 4516; baseline 0.002 -20"><span class='ocrx_word' id='word_1_688' title='bbox 2209 4441 2494 4513; x_wconf 89' lang='lat' dir='ltr'>apparuit,</span> <span class='ocrx_word' id='word_1_689' title='bbox 2533 4445 2600 4496; x_wconf 94' lang='lat' dir='ltr'>ut</span> <span class='ocrx_word' id='word_1_690' title='bbox 2642 4442 2895 4509; x_wconf 88' lang='lat' dir='ltr'>audistis,</span> <span class='ocrx_word' id='word_1_691' title='bbox 2937 4444 3034 4514; x_wconf 88' lang='lat' dir='ltr'>qui</span> <span class='ocrx_word' id='word_1_692' title='bbox 3076 4449 3232 4498; x_wconf 90' lang='lat' dir='ltr'>stans</span> <span class='ocrx_word' id='word_1_693' title='bbox 3273 4445 3500 4515; x_wconf 90' lang='lat' dir='ltr'>publice</span> <span class='ocrx_word' id='word_1_694' title='bbox 3546 4448 3664 4499; x_wconf 91' lang='lat' dir='ltr'>sola</span> <span class='ocrx_word' id='word_1_695' title='bbox 3715 4446 3850 4516; x_wconf 89' lang='lat' dir='ltr'>jus-</span> 
     </span>
    </p>
   </div>
   <div class='ocr_carea' id='block_1_90' title="bbox 478 4533 3856 4612">
    <p class='ocr_par' dir='ltr' id='par_1_90' title="bbox 478 4533 3856 4612">
     <span class='ocr_line' id='line_1_90' title="bbox 478 4533 3856 4612; baseline -0.001 -15"><span class='ocrx_word' id='word_1_696' title='bbox 478 4537 1046 4612; x_wconf 80' lang='lat' dir='ltr'>etignoransvult,&#39;et</span> <span class='ocrx_word' id='word_1_697' title='bbox 1068 4533 1350 4589; x_wconf 88' lang='lat' dir='ltr'>desiderat</span> <span class='ocrx_word' id='word_1_698' title='bbox 1369 4533 1520 4604; x_wconf 90' lang='lat' dir='ltr'>quod</span> <span class='ocrx_word' id='word_1_699' title='bbox 1540 4549 1656 4587; x_wconf 92' lang='lat' dir='ltr'>non</span> <span class='ocrx_word' id='word_1_700' title='bbox 1673 4533 1899 4604; x_wconf 86' lang='lat' dir='ltr'>expedit</span> <span class='ocrx_word' id='word_1_701' title='bbox 1920 4549 2109 4605; x_wconf 91' lang='lat' dir='ltr'>agere,</span> <span class='ocrx_word' id='word_1_702' title='bbox 2131 4535 2190 4608; x_wconf 89' lang='lat' dir='ltr'>D</span> <span class='ocrx_word' id='word_1_703' title='bbox 2213 4533 2372 4589; x_wconf 89' lang='lat' dir='ltr'>sione</span> <span class='ocrx_word' id='word_1_704' title='bbox 2398 4534 2641 4590; x_wconf 89' lang='lat' dir='ltr'>faciebat</span> <span class='ocrx_word' id='word_1_705' title='bbox 2682 4551 2856 4590; x_wconf 69' lang='lat' dir='ltr'>caecos</span> <span class='ocrx_word' id='word_1_706' title='bbox 2884 4536 3096 4603; x_wconf 91' lang='lat' dir='ltr'>videre,</span> <span class='ocrx_word' id='word_1_707' title='bbox 3128 4537 3330 4591; x_wconf 91' lang='lat' dir='ltr'>surdos</span> <span class='ocrx_word' id='word_1_708' title='bbox 3360 4537 3581 4604; x_wconf 90' lang='lat' dir='ltr'>audire,</span> <span class='ocrx_word' id='word_1_709' title='bbox 3609 4539 3856 4609; x_wconf 87' lang='lat' dir='ltr'>fugabat</span> 
     </span>
    </p>
   </div>
   <div class='ocr_carea' id='block_1_91' title="bbox 478 4626 2114 4708">
    <p class='ocr_par' dir='ltr' id='par_1_91' title="bbox 478 4626 2114 4708">
     <span class='ocr_line' id='line_1_91' title="bbox 478 4626 2114 4708; baseline -0.006 -17"><span class='ocrx_word' id='word_1_710' title='bbox 478 4638 711 4708; x_wconf 87' lang='lat' dir='ltr'>propter</span> <span class='ocrx_word' id='word_1_711' title='bbox 726 4631 878 4704; x_wconf 88' lang='lat' dir='ltr'>quod</span> <span class='ocrx_word' id='word_1_712' title='bbox 900 4647 1002 4701; x_wconf 90' lang='lat' dir='ltr'>pro</span> <span class='ocrx_word' id='word_1_713' title='bbox 1022 4629 1132 4684; x_wconf 93' lang='lat' dir='ltr'>hoc</span> <span class='ocrx_word' id='word_1_714' title='bbox 1153 4643 1267 4682; x_wconf 92' lang='lat' dir='ltr'>non</span> <span class='ocrx_word' id='word_1_715' title='bbox 1279 4626 1585 4698; x_wconf 89' lang='lat' dir='ltr'>judicatur.</span> <span class='ocrx_word' id='word_1_716' title='bbox 1607 4627 1747 4681; x_wconf 88' lang='lat' dir='ltr'>Cum</span> <span class='ocrx_word' id='word_1_717' title='bbox 1765 4642 1900 4680; x_wconf 92' lang='lat' dir='ltr'>vero</span> <span class='ocrx_word' id='word_1_718' title='bbox 1922 4627 2114 4682; x_wconf 90' lang='lat' dir='ltr'>audie-</span> 
     </span>
    </p>
   </div>
   <div class='ocr_carea' id='block_1_92' title="bbox 478 4719 2109 4791">
    <p class='ocr_par' dir='ltr' id='par_1_92' title="bbox 478 4719 2109 4791">
     <span class='ocr_line' id='line_1_92' title="bbox 478 4719 2109 4791; baseline -0.006 -8"><span class='ocrx_word' id='word_1_719' title='bbox 478 4731 553 4784; x_wconf 90' lang='lat' dir='ltr'>rit</span> <span class='ocrx_word' id='word_1_720' title='bbox 585 4745 780 4782; x_wconf 88' lang='lat' dir='ltr'>causas</span> <span class='ocrx_word' id='word_1_721' title='bbox 801 4724 1011 4780; x_wconf 90' lang='lat' dir='ltr'>erroris</span> <span class='ocrx_word' id='word_1_722' title='bbox 1038 4722 1125 4776; x_wconf 91' lang='lat' dir='ltr'>sui</span> <span class='ocrx_word' id='word_1_723' title='bbox 1155 4726 1208 4777; x_wconf 90' lang='lat' dir='ltr'>et</span> <span class='ocrx_word' id='word_1_724' title='bbox 1236 4720 1514 4776; x_wconf 88' lang='lat' dir='ltr'>rationem</span> <span class='ocrx_word' id='word_1_725' title='bbox 1533 4719 1784 4775; x_wconf 88' lang='lat' dir='ltr'>veritatis</span> <span class='ocrx_word' id='word_1_726' title='bbox 1810 4721 2109 4791; x_wconf 90' lang='lat' dir='ltr'>acceperit,</span> 
     </span>
    </p>
   </div>
   <div class='ocr_carea' id='block_1_93' title="bbox 479 4813 2112 4890">
    <p class='ocr_par' dir='ltr' id='par_1_93' title="bbox 479 4813 2112 4890">
     <span class='ocr_line' id='line_1_93' title="bbox 479 4813 2112 4890; baseline -0.004 -16"><span class='ocrx_word' id='word_1_727' title='bbox 479 4819 671 4890; x_wconf 69' lang='lat' dir='ltr'>tunc1</span> <span class='ocrx_word' id='word_1_728' title='bbox 688 4819 747 4890; x_wconf 89' lang='grc' dir='ltr'>ο</span> <span class='ocrx_word' id='word_1_729' title='bbox 761 4820 807 4872; x_wconf 91' lang='lat' dir='ltr'>si</span> <span class='ocrx_word' id='word_1_730' title='bbox 817 4815 1197 4889; x_wconf 81' lang='lat' dir='ltr'>permanserit</span> <span class='ocrx_word' id='word_1_731' title='bbox 1208 4815 1265 4868; x_wconf 92' lang='lat' dir='ltr'>in</span> <span class='ocrx_word' id='word_1_732' title='bbox 1277 4814 1364 4868; x_wconf 92' lang='lat' dir='ltr'>his</span> <span class='ocrx_word' id='word_1_733' title='bbox 1375 4813 1661 4868; x_wconf 90' lang='lat' dir='ltr'>erroribus</span> <span class='ocrx_word' id='word_1_734' title='bbox 1674 4813 1878 4883; x_wconf 89' lang='lat' dir='ltr'>quibus</span> <span class='ocrx_word' id='word_1_735' title='bbox 1898 4813 2112 4868; x_wconf 90' lang='lat' dir='ltr'>dudum</span> 
     </span>
    </p>
   </div>
   <div class='ocr_carea' id='block_1_94' title="bbox 480 4905 2112 4981">
    <p class='ocr_par' dir='ltr' id='par_1_94' title="bbox 480 4905 2112 4981">
     <span class='ocr_line' id='line_1_94' title="bbox 480 4905 2112 4981; baseline -0.005 -13"><span class='ocrx_word' id='word_1_736' title='bbox 480 4914 664 4968; x_wconf 88' lang='lat' dir='ltr'>fuerat</span> <span class='ocrx_word' id='word_1_737' title='bbox 692 4914 1034 4981; x_wconf 85' lang='lat' dir='ltr'>praeventus,</span> <span class='ocrx_word' id='word_1_738' title='bbox 1066 4913 1215 4964; x_wconf 89' lang='lat' dir='ltr'>recte</span> <span class='ocrx_word' id='word_1_739' title='bbox 1248 4907 1370 4977; x_wconf 89' lang='lat' dir='ltr'>jam</span> <span class='ocrx_word' id='word_1_740' title='bbox 1399 4905 1688 4960; x_wconf 87' lang='lat' dir='ltr'>vocabitur</span> <span class='ocrx_word' id='word_1_741' title='bbox 1723 4906 1795 4958; x_wconf 92' lang='lat' dir='ltr'>ad</span> <span class='ocrx_word' id='word_1_742' title='bbox 1831 4905 2112 4976; x_wconf 91' lang='lat' dir='ltr'>judicium</span> 
     </span>
    </p>
   </div>
   <div class='ocr_carea' id='block_1_95' title="bbox 482 4997 2112 5074">
    <p class='ocr_par' dir='ltr' id='par_1_95' title="bbox 482 4997 2112 5074">
     <span class='ocr_line' id='line_1_95' title="bbox 482 4997 2112 5074; baseline -0.003 -16"><span class='ocrx_word' id='word_1_743' title='bbox 482 5006 716 5060; x_wconf 88' lang='lat' dir='ltr'>daturus</span> <span class='ocrx_word' id='word_1_744' title='bbox 764 5020 977 5074; x_wconf 84' lang='lat' dir='ltr'>poenas,</span> <span class='ocrx_word' id='word_1_745' title='bbox 1011 5003 1147 5074; x_wconf 89' lang='lat' dir='ltr'>quia</span> <span class='ocrx_word' id='word_1_746' title='bbox 1177 5001 1304 5055; x_wconf 59' lang='lat' dir='ltr'>vita}</span> <span class='ocrx_word' id='word_1_747' title='bbox 1348 4998 1518 5069; x_wconf 89' lang='lat' dir='ltr'>hujus</span> <span class='ocrx_word' id='word_1_748' title='bbox 1556 4997 1803 5068; x_wconf 89' lang='lat' dir='ltr'>spatium</span> <span class='ocrx_word' id='word_1_749' title='bbox 1851 5000 2002 5069; x_wconf 88' lang='lat' dir='ltr'>quod</span> <span class='ocrx_word' id='word_1_750' title='bbox 2044 5000 2112 5054; x_wconf 87' lang='lat' dir='ltr'>ad</span> 
     </span>
    </p>
   </div>
   <div class='ocr_carea' id='block_1_96' title="bbox 481 5091 2115 5166">
    <p class='ocr_par' dir='ltr' id='par_1_96' title="bbox 481 5091 2115 5166">
     <span class='ocr_line' id='line_1_96' title="bbox 481 5091 2115 5166; baseline -0.004 -13"><span class='ocrx_word' id='word_1_751' title='bbox 481 5098 625 5153; x_wconf 86' lang='lat' dir='ltr'>bene</span> <span class='ocrx_word' id='word_1_752' title='bbox 671 5095 971 5151; x_wconf 92' lang='lat' dir='ltr'>vivendum</span> <span class='ocrx_word' id='word_1_753' title='bbox 1023 5095 1244 5166; x_wconf 90' lang='lat' dir='ltr'>accipit,</span> <span class='ocrx_word' id='word_1_754' title='bbox 1290 5093 1351 5147; x_wconf 91' lang='lat' dir='ltr'>in</span> <span class='ocrx_word' id='word_1_755' title='bbox 1399 5091 1659 5146; x_wconf 90' lang='lat' dir='ltr'>ludibriis</span> <span class='ocrx_word' id='word_1_756' title='bbox 1707 5093 2115 5162; x_wconf 90' lang='lat' dir='ltr'>consumpserit</span> 
     </span>
    </p>
   </div>
   <div class='ocr_carea' id='block_1_97' title="bbox 481 5185 2116 5256">
    <p class='ocr_par' dir='ltr' id='par_1_97' title="bbox 481 5185 2116 5256">
     <span class='ocr_line' id='line_1_97' title="bbox 481 5185 2116 5256; baseline -0.002 -11"><span class='ocrx_word' id='word_1_757' title='bbox 481 5205 764 5246; x_wconf 89' lang='lat' dir='ltr'>errorum.</span> <span class='ocrx_word' id='word_1_758' title='bbox 799 5187 906 5252; x_wconf 88' lang='lat' dir='ltr'>Qui</span> <span class='ocrx_word' id='word_1_759' title='bbox 933 5204 1067 5242; x_wconf 91' lang='lat' dir='ltr'>vero</span> <span class='ocrx_word' id='word_1_760' title='bbox 1101 5188 1336 5242; x_wconf 90' lang='lat' dir='ltr'>audiens</span> <span class='ocrx_word' id='word_1_761' title='bbox 1373 5187 1496 5240; x_wconf 83' lang='lat' dir='ltr'>haec</span> <span class='ocrx_word' id='word_1_762' title='bbox 1523 5185 1766 5240; x_wconf 90' lang='lat' dir='ltr'>libenter</span> <span class='ocrx_word' id='word_1_763' title='bbox 1792 5185 2026 5256; x_wconf 90' lang='lat' dir='ltr'>accepit,</span> <span class='ocrx_word' id='word_1_764' title='bbox 2058 5190 2116 5241; x_wconf 90' lang='lat' dir='ltr'>et</span> 
     </span>
    </p>
   </div>
   <div class='ocr_carea' id='block_1_98' title="bbox 482 5276 2111 5354">
    <p class='ocr_par' dir='ltr' id='par_1_98' title="bbox 482 5276 2111 5354">
     <span class='ocr_line' id='line_1_98' title="bbox 482 5276 2111 5354; baseline -0.004 -18"><span class='ocrx_word' id='word_1_765' title='bbox 482 5281 834 5354; x_wconf 88' lang='lat' dir='ltr'>gratulanter</span> <span class='ocrx_word' id='word_1_766' title='bbox 859 5281 1140 5334; x_wconf 90' lang='lat' dir='ltr'>bonorum</span> <span class='ocrx_word' id='word_1_767' title='bbox 1170 5279 1272 5333; x_wconf 91' lang='lat' dir='ltr'>sibi</span> <span class='ocrx_word' id='word_1_768' title='bbox 1308 5278 1625 5333; x_wconf 84' lang='lat' dir='ltr'>doctrinam</span> <span class='ocrx_word' id='word_1_769' title='bbox 1667 5276 1836 5330; x_wconf 90' lang='lat' dir='ltr'>fuisse</span> <span class='ocrx_word' id='word_1_770' title='bbox 1865 5276 2111 5331; x_wconf 90' lang='lat' dir='ltr'>delatam</span> 
     </span>
    </p>
   </div>
   <div class='ocr_carea' id='block_1_99' title="bbox 481 5369 2114 5447">
    <p class='ocr_par' dir='ltr' id='par_1_99' title="bbox 481 5369 2114 5447">
     <span class='ocr_line' id='line_1_99' title="bbox 481 5369 2114 5447; baseline -0.003 -18"><span class='ocrx_word' id='word_1_771' title='bbox 481 5374 732 5447; x_wconf 90' lang='lat' dir='ltr'>requirat</span> <span class='ocrx_word' id='word_1_772' title='bbox 767 5374 1040 5427; x_wconf 89' lang='lat' dir='ltr'>intentius</span> <span class='ocrx_word' id='word_1_773' title='bbox 1071 5377 1129 5426; x_wconf 89' lang='lat' dir='ltr'>et</span> <span class='ocrx_word' id='word_1_774' title='bbox 1157 5371 1370 5426; x_wconf 91' lang='lat' dir='ltr'>discere</span> <span class='ocrx_word' id='word_1_775' title='bbox 1408 5388 1522 5425; x_wconf 89' lang='lat' dir='ltr'>non</span> <span class='ocrx_word' id='word_1_776' title='bbox 1561 5369 1779 5426; x_wconf 90' lang='lat' dir='ltr'>desinat</span> <span class='ocrx_word' id='word_1_777' title='bbox 1820 5385 2114 5441; x_wconf 89' lang='lat' dir='ltr'>usquequo</span> 
     </span>
    </p>
   </div>
   <div class='ocr_carea' id='block_1_100' title="bbox 479 5462 2114 5540">
    <p class='ocr_par' dir='ltr' id='par_1_100' title="bbox 479 5462 2114 5540">
     <span class='ocr_line' id='line_1_100' title="bbox 479 5462 2114 5540; baseline -0.005 -17"><span class='ocrx_word' id='word_1_778' title='bbox 479 5471 800 5540; x_wconf 90' lang='lat' dir='ltr'>cognoscat,</span> <span class='ocrx_word' id='word_1_779' title='bbox 833 5467 876 5519; x_wconf 89' lang='lat' dir='ltr'>si</span> <span class='ocrx_word' id='word_1_780' title='bbox 910 5469 995 5519; x_wconf 90' lang='lat' dir='ltr'>est</span> <span class='ocrx_word' id='word_1_781' title='bbox 1023 5480 1154 5519; x_wconf 87' lang='lat' dir='ltr'>vere</span> <span class='ocrx_word' id='word_1_782' title='bbox 1183 5463 1336 5518; x_wconf 89' lang='lat' dir='ltr'>aliud</span> <span class='ocrx_word' id='word_1_783' title='bbox 1366 5465 1637 5518; x_wconf 64' lang='lat' dir='ltr'>sarculum</span> <span class='ocrx_word' id='word_1_784' title='bbox 1689 5463 1749 5518; x_wconf 92' lang='lat' dir='ltr'>in</span> <span class='ocrx_word' id='word_1_785' title='bbox 1794 5478 1906 5534; x_wconf 91' lang='lat' dir='ltr'>quo</span> <span class='ocrx_word' id='word_1_786' title='bbox 1947 5462 2114 5516; x_wconf 90' lang='lat' dir='ltr'>bonis</span> 
     </span>
    </p>
   </div>
   <div class='ocr_carea' id='block_1_101' title="bbox 479 5555 2111 5634">
    <p class='ocr_par' dir='ltr' id='par_1_101' title="bbox 479 5555 2111 5634">
     <span class='ocr_line' id='line_1_101' title="bbox 479 5555 2111 5634; baseline -0.004 -18"><span class='ocrx_word' id='word_1_787' title='bbox 479 5560 718 5634; x_wconf 73' lang='lat' dir='ltr'>praemia</span> <span class='ocrx_word' id='word_1_788' title='bbox 742 5563 1066 5630; x_wconf 69' lang='lat' dir='ltr'>praeparata</span> <span class='ocrx_word' id='word_1_789' title='bbox 1094 5557 1227 5623; x_wconf 91' lang='lat' dir='ltr'>sint,</span> <span class='ocrx_word' id='word_1_790' title='bbox 1257 5562 1458 5612; x_wconf 92' lang='lat' dir='ltr'>etcum</span> <span class='ocrx_word' id='word_1_791' title='bbox 1481 5561 1665 5612; x_wconf 90' lang='lat' dir='ltr'>certus</span> <span class='ocrx_word' id='word_1_792' title='bbox 1695 5557 1763 5612; x_wconf 90' lang='lat' dir='ltr'>de</span> <span class='ocrx_word' id='word_1_793' title='bbox 1791 5556 1896 5610; x_wconf 92' lang='lat' dir='ltr'>hoc</span> <span class='ocrx_word' id='word_1_794' title='bbox 1919 5555 2111 5622; x_wconf 90' lang='lat' dir='ltr'>fuerit,</span> 
     </span>
    </p>
   </div>
   <div class='ocr_carea' id='block_1_102' title="bbox 477 5648 2115 5725">
    <p class='ocr_par' dir='ltr' id='par_1_102' title="bbox 477 5648 2115 5725">
     <span class='ocr_line' id='line_1_102' title="bbox 477 5648 2115 5725; baseline -0.005 -15"><span class='ocrx_word' id='word_1_795' title='bbox 477 5655 693 5725; x_wconf 89' lang='lat' dir='ltr'>gratias</span> <span class='ocrx_word' id='word_1_796' title='bbox 721 5656 857 5725; x_wconf 90' lang='lat' dir='ltr'>agat</span> <span class='ocrx_word' id='word_1_797' title='bbox 879 5654 1012 5707; x_wconf 92' lang='lat' dir='ltr'>Deo.</span> <span class='ocrx_word' id='word_1_798' title='bbox 1039 5651 1199 5716; x_wconf 88' lang='lat' dir='ltr'>Quod</span> <span class='ocrx_word' id='word_1_799' title='bbox 1229 5650 1273 5705; x_wconf 92' lang='lat' dir='ltr'>si</span> <span class='ocrx_word' id='word_1_800' title='bbox 1303 5650 1552 5706; x_wconf 89' lang='lat' dir='ltr'>veritatis</span> <span class='ocrx_word' id='word_1_801' title='bbox 1579 5651 1772 5704; x_wconf 92' lang='lat' dir='ltr'>lumen</span> <span class='ocrx_word' id='word_1_802' title='bbox 1803 5648 2115 5703; x_wconf 89' lang='lat' dir='ltr'>ostenderit</span> 
     </span>
    </p>
   </div>
   <div class='ocr_carea' id='block_1_103' title="bbox 478 5741 2112 5817">
    <p class='ocr_par' dir='ltr' id='par_1_103' title="bbox 478 5741 2112 5817">
     <span class='ocr_line' id='line_1_103' title="bbox 478 5741 2112 5817; baseline -0.004 -16"><span class='ocrx_word' id='word_1_803' title='bbox 478 5747 546 5801; x_wconf 91' lang='lat' dir='ltr'>de</span> <span class='ocrx_word' id='word_1_804' title='bbox 575 5752 778 5804; x_wconf 62' lang='lat' dir='ltr'>caetero</span> <span class='ocrx_word' id='word_1_805' title='bbox 808 5746 1018 5817; x_wconf 89' lang='lat' dir='ltr'>dirigat</span> <span class='ocrx_word' id='word_1_806' title='bbox 1062 5748 1218 5799; x_wconf 88' lang='lat' dir='ltr'>actus</span> <span class='ocrx_word' id='word_1_807' title='bbox 1257 5761 1386 5800; x_wconf 88' lang='lat' dir='ltr'>suos</span> <span class='ocrx_word' id='word_1_808' title='bbox 1429 5744 1488 5798; x_wconf 91' lang='lat' dir='ltr'>in</span> <span class='ocrx_word' id='word_1_809' title='bbox 1536 5743 1800 5798; x_wconf 88' lang='lat' dir='ltr'>omnibus</span> <span class='ocrx_word' id='word_1_810' title='bbox 1846 5741 2112 5813; x_wconf 88' lang='lat' dir='ltr'>operibus</span> 
     </span>
    </p>
   </div>
   <div class='ocr_carea' id='block_1_104' title="bbox 473 5836 2110 5911">
    <p class='ocr_par' dir='ltr' id='par_1_104' title="bbox 473 5836 2110 5911">
     <span class='ocr_line' id='line_1_104' title="bbox 473 5836 2110 5911; baseline -0.002 -21"><span class='ocrx_word' id='word_1_811' title='bbox 473 5838 656 5907; x_wconf 81' lang='lat' dir='ltr'>bonis,</span> <span class='ocrx_word' id='word_1_812' title='bbox 691 5856 938 5911; x_wconf 86' lang='lat' dir='ltr'>quorum</span> <span class='ocrx_word' id='word_1_813' title='bbox 966 5838 1066 5893; x_wconf 90' lang='lat' dir='ltr'>sibi</span> <span class='ocrx_word' id='word_1_814' title='bbox 1109 5839 1164 5892; x_wconf 88' lang='lat' dir='ltr'>in</span> <span class='ocrx_word' id='word_1_815' title='bbox 1213 5839 1402 5894; x_wconf 86' lang='lat' dir='ltr'>futuro</span> <span class='ocrx_word' id='word_1_816' title='bbox 1445 5836 1765 5892; x_wconf 90' lang='lat' dir='ltr'>mercedem</span> <span class='ocrx_word' id='word_1_817' title='bbox 1808 5839 1993 5890; x_wconf 88' lang='lat' dir='ltr'>certus</span> <span class='ocrx_word' id='word_1_818' title='bbox 2029 5837 2110 5888; x_wconf 85' lang='lat' dir='ltr'>est</span> 
     </span>
    </p>
   </div>
   <div class='ocr_carea' id='block_1_105' title="bbox 2214 4626 3854 4700">
    <p class='ocr_par' dir='ltr' id='par_1_105' title="bbox 2214 4626 3854 4700">
     <span class='ocr_line' id='line_1_105' title="bbox 2214 4626 3854 4700; baseline 0.003 -20"><span class='ocrx_word' id='word_1_819' title='bbox 2214 4626 2522 4694; x_wconf 85' lang='lat' dir='ltr'>daemones,</span> <span class='ocrx_word' id='word_1_820' title='bbox 2574 4627 2742 4700; x_wconf 82' lang='lat' dir='ltr'>aegris</span> <span class='ocrx_word' id='word_1_821' title='bbox 2803 4628 3108 4683; x_wconf 88' lang='lat' dir='ltr'>sanitatem</span> <span class='ocrx_word' id='word_1_822' title='bbox 3155 4629 3456 4699; x_wconf 91' lang='lat' dir='ltr'>reddebat,</span> <span class='ocrx_word' id='word_1_823' title='bbox 3501 4633 3559 4683; x_wconf 90' lang='lat' dir='ltr'>et</span> <span class='ocrx_word' id='word_1_824' title='bbox 3602 4632 3854 4685; x_wconf 85' lang='lat' dir='ltr'>mortuis</span> 
     </span>
    </p>
   </div>
   <div class='ocr_carea' id='block_1_106' title="bbox 2214 4720 3851 4792">
    <p class='ocr_par' dir='ltr' id='par_1_106' title="bbox 2214 4720 3851 4792">
     <span class='ocr_line' id='line_1_106' title="bbox 2214 4720 3851 4792; baseline 0.004 -20"><span class='ocrx_word' id='word_1_825' title='bbox 2214 4720 2406 4788; x_wconf 88' lang='lat' dir='ltr'>vitam,</span> <span class='ocrx_word' id='word_1_826' title='bbox 2434 4737 2679 4792; x_wconf 91' lang='lat' dir='ltr'>cumque</span> <span class='ocrx_word' id='word_1_827' title='bbox 2714 4721 2859 4776; x_wconf 91' lang='lat' dir='ltr'>nihil</span> <span class='ocrx_word' id='word_1_828' title='bbox 2900 4727 3046 4776; x_wconf 91' lang='lat' dir='ltr'>esset</span> <span class='ocrx_word' id='word_1_829' title='bbox 3087 4722 3137 4776; x_wconf 91' lang='lat' dir='ltr'>ei</span> <span class='ocrx_word' id='word_1_830' title='bbox 3177 4721 3522 4792; x_wconf 90' lang='lat' dir='ltr'>impossibile</span> <span class='ocrx_word' id='word_1_831' title='bbox 3551 4723 3722 4777; x_wconf 88' lang='lat' dir='ltr'>etiam</span> <span class='ocrx_word' id='word_1_832' title='bbox 3748 4740 3851 4778; x_wconf 90' lang='lat' dir='ltr'>co-</span> 
     </span>
    </p>
   </div>
   <div class='ocr_carea' id='block_1_107' title="bbox 2215 4813 3856 4888">
    <p class='ocr_par' dir='ltr' id='par_1_107' title="bbox 2215 4813 3856 4888">
     <span class='ocr_line' id='line_1_107' title="bbox 2215 4813 3856 4888; baseline 0.002 -21"><span class='ocrx_word' id='word_1_833' title='bbox 2215 4813 2514 4885; x_wconf 86' lang='lat' dir='ltr'>gitationes</span> <span class='ocrx_word' id='word_1_834' title='bbox 2540 4815 2844 4869; x_wconf 88' lang='lat' dir='ltr'>hominum</span> <span class='ocrx_word' id='word_1_835' title='bbox 2871 4815 3242 4885; x_wconf 74' lang='lat' dir='ltr'>praevidebat,</span> <span class='ocrx_word' id='word_1_836' title='bbox 3271 4817 3421 4887; x_wconf 91' lang='lat' dir='ltr'>quod</span> <span class='ocrx_word' id='word_1_837' title='bbox 3443 4816 3582 4870; x_wconf 90' lang='lat' dir='ltr'>nulli</span> <span class='ocrx_word' id='word_1_838' title='bbox 3612 4819 3698 4870; x_wconf 89' lang='lat' dir='ltr'>est</span> <span class='ocrx_word' id='word_1_839' title='bbox 3722 4834 3856 4888; x_wconf 88' lang='lat' dir='ltr'>pos-</span> 
     </span>
    </p>
   </div>
   <div class='ocr_carea' id='block_1_108' title="bbox 2213 4906 3850 4980">
    <p class='ocr_par' dir='ltr' id='par_1_108' title="bbox 2213 4906 3850 4980">
     <span class='ocr_line' id='line_1_108' title="bbox 2213 4906 3850 4980; baseline 0.002 -20"><span class='ocrx_word' id='word_1_840' title='bbox 2213 4906 2376 4963; x_wconf 89' lang='lat' dir='ltr'>sibile</span> <span class='ocrx_word' id='word_1_841' title='bbox 2411 4907 2518 4962; x_wconf 91' lang='lat' dir='ltr'>nisi</span> <span class='ocrx_word' id='word_1_842' title='bbox 2546 4908 2646 4961; x_wconf 94' lang='lat' dir='ltr'>soli</span> <span class='ocrx_word' id='word_1_843' title='bbox 2677 4910 2824 4973; x_wconf 88' lang='lat' dir='ltr'>Deo;</span> <span class='ocrx_word' id='word_1_844' title='bbox 2875 4907 2966 4961; x_wconf 90' lang='lat' dir='ltr'>hic</span> <span class='ocrx_word' id='word_1_845' title='bbox 3015 4909 3393 4964; x_wconf 88' lang='lat' dir='ltr'>annuntiabat</span> <span class='ocrx_word' id='word_1_846' title='bbox 3434 4925 3680 4980; x_wconf 85' lang='lat' dir='ltr'>regnum</span> <span class='ocrx_word' id='word_1_847' title='bbox 3722 4911 3850 4978; x_wconf 86' lang='lat' dir='ltr'>Dei,</span> 
     </span>
    </p>
   </div>
   <div class='ocr_carea' id='block_1_109' title="bbox 2213 4999 3852 5073">
    <p class='ocr_par' dir='ltr' id='par_1_109' title="bbox 2213 4999 3852 5073">
     <span class='ocr_line' id='line_1_109' title="bbox 2213 4999 3852 5073; baseline 0.002 -19"><span class='ocrx_word' id='word_1_848' title='bbox 2213 4999 2302 5054; x_wconf 91' lang='lat' dir='ltr'>cui</span> <span class='ocrx_word' id='word_1_849' title='bbox 2340 5016 2442 5054; x_wconf 92' lang='lat' dir='ltr'>nos</span> <span class='ocrx_word' id='word_1_850' title='bbox 2489 5001 2557 5054; x_wconf 90' lang='lat' dir='ltr'>de</span> <span class='ocrx_word' id='word_1_851' title='bbox 2601 5000 2864 5054; x_wconf 90' lang='lat' dir='ltr'>omnibus</span> <span class='ocrx_word' id='word_1_852' title='bbox 2919 5016 3048 5070; x_wconf 64' lang='lat' dir='ltr'>quas</span> <span class='ocrx_word' id='word_1_853' title='bbox 3108 5001 3335 5056; x_wconf 91' lang='lat' dir='ltr'>diccbat</span> <span class='ocrx_word' id='word_1_854' title='bbox 3378 5007 3654 5073; x_wconf 90' lang='lat' dir='ltr'>tanquam</span> <span class='ocrx_word' id='word_1_855' title='bbox 3707 5019 3852 5058; x_wconf 89' lang='lat' dir='ltr'>vero</span> 
     </span>
    </p>
   </div>
   <div class='ocr_carea' id='block_1_110' title="bbox 2212 5093 3853 5163">
    <p class='ocr_par' dir='ltr' id='par_1_110' title="bbox 2212 5093 3853 5163">
     <span class='ocr_line' id='line_1_110' title="bbox 2212 5093 3853 5163; baseline 0.004 -17"><span class='ocrx_word' id='word_1_856' title='bbox 2212 5093 2509 5163; x_wconf 67' lang='lat' dir='ltr'>Propheta:</span> <span class='ocrx_word' id='word_1_857' title='bbox 2572 5093 2877 5159; x_wconf 90' lang='lat' dir='ltr'>credimus,</span> <span class='ocrx_word' id='word_1_858' title='bbox 2928 5093 3256 5149; x_wconf 80' lang='lat' dir='ltr'>firmitatem</span> <span class='ocrx_word' id='word_1_859' title='bbox 3299 5095 3431 5150; x_wconf 86' lang='lat' dir='ltr'>fidei</span> <span class='ocrx_word' id='word_1_860' title='bbox 3477 5099 3686 5150; x_wconf 59' lang='lat' dir='ltr'>nostra!</span> <span class='ocrx_word' id='word_1_861' title='bbox 3727 5113 3853 5152; x_wconf 90' lang='lat' dir='ltr'>non</span> 
     </span>
    </p>
   </div>
   <div class='ocr_carea' id='block_1_111' title="bbox 2213 5185 3847 5258">
    <p class='ocr_par' dir='ltr' id='par_1_111' title="bbox 2213 5185 3847 5258">
     <span class='ocr_line' id='line_1_111' title="bbox 2213 5185 3847 5258; baseline 0.003 -19"><span class='ocrx_word' id='word_1_862' title='bbox 2213 5187 2394 5239; x_wconf 91' lang='lat' dir='ltr'>solum</span> <span class='ocrx_word' id='word_1_863' title='bbox 2428 5201 2497 5238; x_wconf 82' lang='lat' dir='ltr'>ex</span> <span class='ocrx_word' id='word_1_864' title='bbox 2527 5185 2713 5239; x_wconf 88' lang='lat' dir='ltr'>verbis</span> <span class='ocrx_word' id='word_1_865' title='bbox 2750 5185 2890 5255; x_wconf 92' lang='lat' dir='ltr'>ejus,</span> <span class='ocrx_word' id='word_1_866' title='bbox 2920 5186 3017 5240; x_wconf 91' lang='lat' dir='ltr'>sed</span> <span class='ocrx_word' id='word_1_867' title='bbox 3061 5203 3124 5240; x_wconf 85' lang='lat' dir='ltr'>ex</span> <span class='ocrx_word' id='word_1_868' title='bbox 3163 5188 3429 5258; x_wconf 90' lang='lat' dir='ltr'>operibus</span> <span class='ocrx_word' id='word_1_869' title='bbox 3471 5193 3847 5252; x_wconf 82' lang='lat' dir='ltr'>assumcntes,</span> 
     </span>
    </p>
   </div>
   <div class='ocr_carea' id='block_1_112' title="bbox 2212 5277 3853 5353">
    <p class='ocr_par' dir='ltr' id='par_1_112' title="bbox 2212 5277 3853 5353">
     <span class='ocr_line' id='line_1_112' title="bbox 2212 5277 3853 5353; baseline 0.005 -23"><span class='ocrx_word' id='word_1_870' title='bbox 2212 5277 2311 5349; x_wconf 88' lang='lat' dir='ltr'>qui</span> <span class='ocrx_word' id='word_1_871' title='bbox 2338 5277 2488 5332; x_wconf 89' lang='lat' dir='ltr'>dicta</span> <span class='ocrx_word' id='word_1_872' title='bbox 2526 5277 2666 5349; x_wconf 91' lang='lat' dir='ltr'>legis</span> <span class='ocrx_word' id='word_1_873' title='bbox 2697 5295 2870 5349; x_wconf 90' lang='lat' dir='ltr'>quam</span> <span class='ocrx_word' id='word_1_874' title='bbox 2911 5285 3041 5334; x_wconf 89' lang='lat' dir='ltr'>ante</span> <span class='ocrx_word' id='word_1_875' title='bbox 3086 5281 3295 5335; x_wconf 87' lang='lat' dir='ltr'>multas</span> <span class='ocrx_word' id='word_1_876' title='bbox 3336 5282 3731 5353; x_wconf 88' lang='lat' dir='ltr'>generationes</span> <span class='ocrx_word' id='word_1_877' title='bbox 3777 5285 3853 5340; x_wconf 91' lang='lat' dir='ltr'>de</span> 
     </span>
    </p>
   </div>
   <div class='ocr_carea' id='block_1_113' title="bbox 2212 5369 3853 5445">
    <p class='ocr_par' dir='ltr' id='par_1_113' title="bbox 2212 5369 3853 5445">
     <span class='ocr_line' id='line_1_113' title="bbox 2212 5369 3853 5445; baseline 0.005 -21"><span class='ocrx_word' id='word_1_878' title='bbox 2212 5369 2545 5440; x_wconf 68' lang='lat' dir='ltr'>pmnitentia</span> <span class='ocrx_word' id='word_1_879' title='bbox 2575 5370 2697 5440; x_wconf 91' lang='lat' dir='ltr'>ejus</span> <span class='ocrx_word' id='word_1_880' title='bbox 2728 5376 3110 5442; x_wconf 86' lang='lat' dir='ltr'>exposuerant</span> <span class='ocrx_word' id='word_1_881' title='bbox 3135 5374 3192 5427; x_wconf 90' lang='lat' dir='ltr'>in</span> <span class='ocrx_word' id='word_1_882' title='bbox 3222 5374 3344 5445; x_wconf 91' lang='lat' dir='ltr'>ipso</span> <span class='ocrx_word' id='word_1_883' title='bbox 3369 5375 3762 5445; x_wconf 90' lang='lat' dir='ltr'>designantur,</span> <span class='ocrx_word' id='word_1_884' title='bbox 3791 5383 3853 5432; x_wconf 90' lang='lat' dir='ltr'>et</span> 
     </span>
    </p>
   </div>
   <div class='ocr_carea' id='block_1_114' title="bbox 2212 5461 3846 5539">
    <p class='ocr_par' dir='ltr' id='par_1_114' title="bbox 2212 5461 3846 5539">
     <span class='ocr_line' id='line_1_114' title="bbox 2212 5461 3846 5539; baseline 0.004 -23"><span class='ocrx_word' id='word_1_885' title='bbox 2212 5461 2524 5533; x_wconf 89' lang='lat' dir='ltr'>imaginem</span> <span class='ocrx_word' id='word_1_886' title='bbox 2558 5466 2847 5534; x_wconf 89' lang='lat' dir='ltr'>gestorum</span> <span class='ocrx_word' id='word_1_887' title='bbox 2887 5466 3076 5537; x_wconf 83' lang='lat' dir='ltr'>Moysi,</span> <span class='ocrx_word' id='word_1_888' title='bbox 3114 5473 3169 5522; x_wconf 90' lang='lat' dir='ltr'>et</span> <span class='ocrx_word' id='word_1_889' title='bbox 3205 5472 3338 5522; x_wconf 89' lang='lat' dir='ltr'>ante</span> <span class='ocrx_word' id='word_1_890' title='bbox 3379 5467 3568 5539; x_wconf 90' lang='lat' dir='ltr'>ipsum</span> <span class='ocrx_word' id='word_1_891' title='bbox 3601 5469 3846 5538; x_wconf 90' lang='lat' dir='ltr'>patriar-</span> 
     </span>
    </p>
   </div>
   <div class='ocr_carea' id='block_1_115' title="bbox 2213 5554 3850 5632">
    <p class='ocr_par' dir='ltr' id='par_1_115' title="bbox 2213 5554 3850 5632">
     <span class='ocr_line' id='line_1_115' title="bbox 2213 5554 3850 5632; baseline 0.005 -25"><span class='ocrx_word' id='word_1_892' title='bbox 2213 5554 2335 5608; x_wconf 71' lang='lat' dir='ltr'>chae</span> <span class='ocrx_word' id='word_1_893' title='bbox 2354 5555 2521 5609; x_wconf 86' lang='lat' dir='ltr'>Jacob</span> <span class='ocrx_word' id='word_1_894' title='bbox 2543 5555 2717 5626; x_wconf 90' lang='lat' dir='ltr'>ipsius</span> <span class='ocrx_word' id='word_1_895' title='bbox 2735 5573 2841 5629; x_wconf 90' lang='lat' dir='ltr'>per</span> <span class='ocrx_word' id='word_1_896' title='bbox 2861 5560 3055 5614; x_wconf 89' lang='lat' dir='ltr'>omnia</span> <span class='ocrx_word' id='word_1_897' title='bbox 3079 5565 3279 5632; x_wconf 81' lang='lat' dir='ltr'>typum</span> <span class='ocrx_word' id='word_1_898' title='bbox 3300 5561 3575 5616; x_wconf 89' lang='lat' dir='ltr'>ferebant.</span> <span class='ocrx_word' id='word_1_899' title='bbox 3597 5563 3850 5632; x_wconf 90' lang='lat' dir='ltr'>Tempus</span> 
     </span>
    </p>
   </div>
   <div class='ocr_carea' id='block_1_116' title="bbox 2211 5648 3852 5725">
    <p class='ocr_par' dir='ltr' id='par_1_116' title="bbox 2211 5648 3852 5725">
     <span class='ocr_line' id='line_1_116' title="bbox 2211 5648 3852 5725; baseline 0.007 -25"><span class='ocrx_word' id='word_1_900' title='bbox 2211 5663 2435 5718; x_wconf 91' lang='lat' dir='ltr'>quoque</span> <span class='ocrx_word' id='word_1_901' title='bbox 2462 5648 2738 5705; x_wconf 88' lang='lat' dir='ltr'>adventus</span> <span class='ocrx_word' id='word_1_902' title='bbox 2764 5652 2904 5722; x_wconf 90' lang='lat' dir='ltr'>ejus,</span> <span class='ocrx_word' id='word_1_903' title='bbox 2934 5653 3039 5708; x_wconf 91' lang='lat' dir='ltr'>hoc</span> <span class='ocrx_word' id='word_1_904' title='bbox 3066 5656 3153 5708; x_wconf 90' lang='lat' dir='ltr'>est</span> <span class='ocrx_word' id='word_1_905' title='bbox 3179 5653 3364 5725; x_wconf 87' lang='lat' dir='ltr'>ipsum</span> <span class='ocrx_word' id='word_1_906' title='bbox 3392 5654 3451 5708; x_wconf 89' lang='lat' dir='ltr'>in</span> <span class='ocrx_word' id='word_1_907' title='bbox 3477 5671 3590 5725; x_wconf 89' lang='lat' dir='ltr'>quo</span> <span class='ocrx_word' id='word_1_908' title='bbox 3614 5663 3852 5712; x_wconf 86' lang='lat' dir='ltr'>venerat</span> 
     </span>
    </p>
   </div>
   <div class='ocr_carea' id='block_1_117' title="bbox 2211 5739 3844 5820">
    <p class='ocr_par' dir='ltr' id='par_1_117' title="bbox 2211 5739 3844 5820">
     <span class='ocr_line' id='line_1_117' title="bbox 2211 5739 3844 5820; baseline 0.006 -27"><span class='ocrx_word' id='word_1_909' title='bbox 2211 5739 2544 5810; x_wconf 67' lang='lat' dir='ltr'>praedictum</span> <span class='ocrx_word' id='word_1_910' title='bbox 2597 5743 2667 5798; x_wconf 89' lang='lat' dir='ltr'>ab</span> <span class='ocrx_word' id='word_1_911' title='bbox 2714 5745 2802 5799; x_wconf 93' lang='lat' dir='ltr'>his</span> <span class='ocrx_word' id='word_1_912' title='bbox 2845 5750 3080 5814; x_wconf 86' lang='lat' dir='ltr'>constat,</span> <span class='ocrx_word' id='word_1_913' title='bbox 3128 5751 3186 5801; x_wconf 90' lang='lat' dir='ltr'>et</span> <span class='ocrx_word' id='word_1_914' title='bbox 3236 5763 3408 5818; x_wconf 90' lang='lat' dir='ltr'>super</span> <span class='ocrx_word' id='word_1_915' title='bbox 3458 5747 3645 5803; x_wconf 87' lang='lat' dir='ltr'>omnia</span> <span class='ocrx_word' id='word_1_916' title='bbox 3688 5750 3844 5820; x_wconf 87' lang='lat' dir='ltr'>quod</span> 
     </span>
    </p>
   </div>
   <div class='ocr_carea' id='block_1_118' title="bbox 2211 5835 3841 5910">
    <p class='ocr_par' dir='ltr' id='par_1_118' title="bbox 2211 5835 3841 5910">
     <span class='ocr_line' id='line_1_118' title="bbox 2211 5835 3841 5910; baseline 0.007 -22"><span class='ocrx_word' id='word_1_917' title='bbox 2211 5835 2354 5889; x_wconf 87' lang='lat' dir='ltr'>esset</span> <span class='ocrx_word' id='word_1_918' title='bbox 2396 5851 2428 5888; x_wconf 92' lang='lat' dir='ltr'>a</span> <span class='ocrx_word' id='word_1_919' title='bbox 2469 5836 2730 5908; x_wconf 85' lang='lat' dir='ltr'>gentibus</span> <span class='ocrx_word' id='word_1_920' title='bbox 2776 5840 3180 5910; x_wconf 83' lang='lat' dir='ltr'>exspectandus</span> <span class='ocrx_word' id='word_1_921' title='bbox 3223 5841 3396 5895; x_wconf 91' lang='lat' dir='ltr'>sacris</span> <span class='ocrx_word' id='word_1_922' title='bbox 3434 5840 3638 5896; x_wconf 88' lang='lat' dir='ltr'>litteris</span> <span class='ocrx_word' id='word_1_923' title='bbox 3681 5857 3841 5899; x_wconf 88' lang='lat' dir='ltr'>com-</span> 
     </span>
    </p>
   </div>
  </div>
