4068 6308
230 340 301 400 39

234 451 412 525 prelis

233 545 564 617 sunt/Quod
585 551 776 601 autem
790 545 1121 601 Iudaeorum
1141 547 1423 618 propheta
1448 549 1715 618 praedixit
1733 565 1864 604 eum

233 656 266 694 a
297 639 559 710 gentibus
578 639 1044 711 exspectandum,
1067 655 1240 710 supra
1257 641 1492 696 modum
1514 642 1575 696 in
1605 659 1670 697 eo
1694 643 1865 698 ﬁdem

231 749 426 788 veram
463 732 668 789 ﬁrmat.
700 732 759 788 Si
787 732 940 787 enim
968 731 1200 788 dixisset
1227 751 1262 787 a
1293 734 1496 790 Iudaeis
1530 741 1861 807 exspectan-

234 827 394 895 dum,
433 843 546 882 non
583 825 800 897 aliquid
839 824 1113 880 eximium
1149 827 1516 898 prophetasse
1555 829 1860 900 videretur,

235 921 393 991 quod
424 936 458 974 a
485 919 788 975 contribuli
823 919 1031 991 populo
1063 923 1120 974 et
1143 936 1175 972 a
1213 921 1439 991 propria
1470 926 1637 992 gente
1672 939 1862 994 spera-

230 1017 395 1067 retur
419 1012 467 1066 is
491 1013 653 1084 cujus
677 1013 949 1068 adventus
976 1012 1048 1066 ad
1073 1012 1317 1068 salutem
1343 1014 1548 1069 mundi
1573 1015 1758 1070 fuerat
1780 1031 1866 1071 re-

230 1105 583 1177 promissus,
629 1106 850 1161 videtur
897 1107 1051 1162 enim
1102 1107 1284 1179 magis
1331 1123 1679 1179 consequens
1723 1107 1864 1163 ratio

229 1215 352 1255 esse
385 1204 450 1253 ut
488 1199 595 1254 hoc
631 1198 794 1254 fieret
825 1216 1000 1271 quam
1035 1200 1457 1273 magniﬁcentia
1495 1201 1859 1273 prophetalis.

229 1293 391 1346 Nunc
439 1295 631 1347 autem
678 1309 807 1347 cum
850 1293 1146 1364 prophetae
1198 1294 1387 1349 dicant
1430 1310 1661 1350 omnem
1707 1293 1863 1349 illam

226 1402 391 1456 spem
437 1402 568 1457 quae
613 1386 683 1440 de
721 1387 901 1442 salute
939 1386 1142 1442 mundi
1186 1387 1619 1459 repromittitur,
1665 1391 1723 1442 et
1763 1403 1864 1443 no-

227 1479 461 1533 vitatem
503 1479 670 1550 regni
717 1495 844 1550 quae
888 1480 1222 1535 instruenda
1266 1497 1370 1551 per
1413 1480 1696 1535 Christum
1741 1485 1858 1550 est,

228 1577 405 1643 atque
446 1571 641 1626 omnia
670 1588 798 1643 quae
835 1573 906 1627 de
943 1589 1009 1627 eo
1039 1573 1370 1644 judicantur
1398 1573 1470 1628 ad
1508 1578 1704 1645 gentes
1743 1591 1860 1629 esse

229 1664 639 1734 transferenda,
656 1665 776 1736 jam
802 1681 917 1721 non
945 1667 1259 1721 secundum
1285 1667 1757 1738 consequentiam
1777 1684 1861 1722 re-

223 1774 377 1826 rum,
407 1758 509 1812 sed
544 1757 863 1813 incredibili
898 1759 1143 1831 quodam
1179 1759 1592 1814 vaticinationis
1628 1765 1855 1827 eventu,

1469 346 1938 405 DECRETALIUM
1978 349 2360 407 COLLECTIO.
2773 414 2776 417 _
3526 346 3596 406 50

458 467 584 508 sum
609 454 710 508 est.
730 450 866 516 Quae
883 450 946 506 in
971 467 1038 508 eo
1067 451 1281 523 pariter
1299 454 1559 510 universa
1584 456 1864 528 completa
1882 467 1942 542 Α
1963 457 2185 513 licentia
2224 461 2418 530 agant.
2455 459 2580 514 Non
2620 459 2817 532 utique
2859 457 3059 515 missas
3104 455 3225 515 sine
3271 455 3393 530 ejus
3430 457 3593 531 jussu

1962 551 2203 624 quisque
2242 553 2702 624 presbyterorum
2746 553 2804 608 in
2846 570 2946 607 sua
2985 552 3253 624 parochia
3292 555 3444 623 agat,
3477 567 3596 608 non

1962 643 2241 715 baptizet,
2281 661 2386 699 nec
2431 646 2743 718 quidquam
2787 646 2998 718 absque
3038 646 3160 717 ejus
3201 645 3482 716 permissu
3520 645 3602 699 fa-

1963 736 2095 791 ciat.
2128 736 2402 792 Similiter
2429 741 2485 793 et
2512 739 2716 811 reliqui
2753 739 2977 811 populi,
3009 740 3258 809 majores
3289 737 3502 793 scilicet
3531 753 3597 792 ac

1965 829 2237 896 minores;
2263 847 2369 900 per
2398 832 2520 902 ejus
2545 831 2839 886 licentiam
2867 832 3146 904 quidquid
3171 832 3458 903 agendum
3486 833 3592 898 est,

1965 927 2156 992 agant,
2177 939 2286 977 nec
2317 923 2440 978 sine
2470 925 2518 995 ej
2529 941 2589 978 us
2614 925 2896 995 permissu
2923 941 2956 980 a
2982 942 3084 979 sua
3105 925 3379 996 parochia
3403 925 3598 978 absce-

1965 1015 2122 1082 dant,
2146 1016 2234 1070 vel
2258 1015 2318 1070 in
2339 1033 2406 1071 ea
2432 1017 2801 1072 adventantes
2827 1019 3042 1073 morari
3068 1021 3442 1089 praesumant.
3469 1015 3598 1072 Ani-

1963 1124 2073 1163 mae
2115 1125 2249 1164 vero
2283 1126 2485 1164 eorum
2524 1109 2578 1163 ei
2617 1109 2842 1165 creditae
2880 1115 3029 1166 sunt.
3070 1111 3198 1166 Ideo
3242 1110 3437 1165 omnia
3473 1109 3597 1181 ejus

1962 1201 2192 1256 consilio
2209 1218 2383 1272 agere
2404 1202 2634 1272 debent,
2657 1205 2714 1257 et
2733 1218 2802 1256 eo
2827 1203 3144 1258 inconsulto
3166 1202 3330 1257 nihil.
3353 1202 3598 1266 Quicun-

1963 1311 2072 1366 que
2103 1294 2259 1349 enim
2285 1295 2556 1350 obediunt
2592 1294 2872 1366 episcopis
2907 1295 3042 1361 suis,
3073 1296 3342 1350 videntur
3365 1293 3596 1366 quidem

1964 1387 2180 1458 aliquid
2227 1389 2426 1458 gratiae
2479 1387 2735 1442 conferre
2781 1388 2914 1442 Deo.
2970 1387 3076 1451 Qui
3119 1389 3311 1441 autem
3354 1388 3434 1443 eis
3477 1403 3596 1442 non

1963 1480 2260 1547 obediunt,
2282 1479 2675 1535 indubitanter
2692 1479 2777 1534 rei
2797 1484 2854 1535 et
2877 1478 3106 1551 reprobi
3133 1479 3402 1534 existunt.
3422 1480 3594 1534 Porro

1961 1573 2069 1644 ipsi
2113 1590 2148 1627 a
2187 1574 2304 1628 Deo
2342 1573 2558 1628 donum
2596 1573 2808 1628 summi
2849 1571 3105 1627 muneris
3143 1575 3591 1642 consequuntur,

1962 1666 2060 1736 qui
2100 1665 2334 1736 justitiae
2379 1669 2438 1720 ct
2479 1665 2750 1737 przecepti
2796 1667 2918 1736 ejus
2965 1666 3200 1721 semitas
3243 1665 3592 1730 incedentes,

1962 1758 2291 1814 doctoribus
2342 1759 2458 1814 suis
2509 1759 2626 1830 (qui
2673 1763 2825 1813 recte
2877 1759 3124 1830 episcopi
3175 1757 3594 1828 intelliguntur)

223 1851 653 1922 magniﬁcentia
689 1829 1020 1923 prophetica
1051 1853 1443 1908 confirmatur.
1475 1853 1655 1908 Judaei
1691 1869 1854 1908 nam-
1879 1829 1935 1902 B
1959 1852 2204 1906 libenter
2239 1851 2530 1908 obediunt.
2558 1829 2653 1906 De
2695 1851 2901 1924 quibus
2916 1829 2927 1830 ἡ
2940 1855 2998 1906 et
3037 1829 3238 1906 beatus
3277 1852 3476 1906 Petrus
3515 1850 3597 1904 in-

220 1957 338 2013 que
383 1957 449 1995 ex
498 1940 664 1994 initio
719 1939 890 1995 affore
936 1940 1240 2012 aliquando
1292 1942 1443 1995 hunc
1492 1941 1708 2009 virum,
1754 1959 1858 2013 per
1959 1947 2224 2012 structor,
2256 1947 2315 1999 et
2343 1944 2634 2000 ordinator
2665 1951 2879 2011 noster,
2913 1948 2970 1999 et
3001 1944 3272 2017 princeps
3309 1944 3592 2014 apostolo-

218 2049 402 2106 quem
437 2038 643 2088 cuncta
680 2037 1025 2105 reparantur
1061 2034 1362 2106 verissimaf
1388 2033 1698 2090 traditione
1742 2051 1859 2090 sus-
1957 2054 2088 2092 rum
2109 2037 2411 2092 manifeste
2432 2042 2666 2093 cunctos
2681 2037 2980 2092 audientes
3001 2037 3340 2103 instruebat,
3361 2036 3587 2090 dicens:

220 2103 530 2199 ceperunt,
567 2131 624 2182 et
659 2103 912 2198 quotidie
948 2103 1420 2275 meditanteskc
1457 2128 1856 2198 perspicientes
1958 2131 2231 2187 Videntur
2263 2131 2407 2186 mihi
2442 2130 2539 2202 qui
2566 2131 2880 2203 loquuntur
2905 2131 3075 2186 verba
3099 2129 3377 2196 veritatis,
3409 2133 3466 2184 et
3497 2127 3595 2199 qui

220 2221 454 2275 quando
483 2220 608 2275 eius
637 2219 800 2275 ﬁeret
827 2220 1127 2275 adventus.
1169 2219 1264 2275 ubi
1306 2237 1339 2275 a
1381 2236 1499 2275 esse
1532 2236 1666 2275 eum
1697 2221 1855 2275 vide-
1959 2225 2279 2275 illuminant
2301 2224 2522 2275 animas
2542 2224 2846 2275 hominum
2865 2223 3084 2275 similes
3101 2238 3223 2275 esse
3242 2222 3422 2275 radiis
3442 2221 3592 2275 solis.

219 2221 454 2293 quando
483 2220 608 2292 ejus
637 2219 800 2276 ﬁeret
827 2220 1127 2287 adventus,
1169 2219 1264 2275 ubi
1306 2219 1499 2275 adesse
1532 2236 1666 2275 eum
1697 2221 1855 2278 vide-
1958 2225 2279 2293 illuminant
2301 2224 2522 2279 animas
2542 2224 2846 2279 hominum
2865 2223 3084 2278 similes
3101 2238 3223 2279 esse
3242 2222 3422 2277 radiis
3442 2221 3592 2277 solis.

218 2286 378 2382 runt,
425 2319 482 2369 et
512 2286 693 2385 vsigna
732 2330 796 2368 ac
833 2313 1098 2384 prodigia
1140 2313 1286 2368 sicut
1332 2313 1402 2368 de
1442 2330 1508 2369 eo
1549 2315 1857 2386 ascriptum
1910 2286 2064 2395 [διιί
2089 2322 2150 2372 ut
2176 2317 2556 2390 processerint
2581 2323 2637 2372 et
2662 2305 3028 2389 apparuerint
3051 2315 3294 2382 mundo,
3321 2314 3488 2371 celari
3515 2314 3596 2368 ul-

217 2408 409 2462 fuerat
458 2407 900 2478 adimplentem,
963 2405 1178 2460 invidia
1230 2407 1495 2463 excaecati
1550 2424 1857 2479 agnoscere
1955 2415 2066 2479 tra,
2095 2415 2193 2466 aut
2221 2411 2492 2466 occultari
2520 2411 2847 2465 nullatenus
2875 2413 3132 2481 possunt,
3165 2410 3300 2465 dum
3333 2425 3453 2463 non
3475 2411 3593 2462 tam

219 2501 609 2572 nequiverunt
653 2503 1025 2572 praesentem,
1071 2499 1129 2554 in
1178 2500 1337 2571 cujus
1380 2517 1478 2572 spe
1519 2501 1860 2556 laetabantur
1956 2504 2226 2560 videntur
2259 2504 2331 2558 ab
2363 2503 2689 2558 hominibus
2721 2519 2895 2574 quam
2929 2502 3124 2557 videre
3163 2501 3426 2558 omnibus
3453 2516 3595 2572 prae—

215 2595 503 2650 absentes.
532 2594 938 2649 Intellexcrunt
963 2595 1188 2649 tantum
1219 2595 1401 2649 sancti
1433 2595 1670 2665 apostoli
1699 2595 1796 2666 qui
1826 2612 1859 2649 a
1959 2600 2129 2653 stant.
2163 2597 2321 2652 Unde
2360 2601 2416 2652 et
2443 2597 2592 2651 bene
2622 2596 2743 2667 ipsa
2775 2612 2882 2667 per
2906 2612 2966 2650 se
2992 2595 3212 2649 Veritas
3241 2595 3315 2648 ad
3341 2593 3594 2649 veritatis

219 2690 339 2745 Deo
365 2688 535 2744 electi
563 2691 713 2754 sunt,
747 2692 804 2742 et
836 2704 940 2741 nos
969 2687 1066 2758 qui
1095 2689 1222 2758 post
1247 2688 1316 2742 ab
1345 2687 1426 2743 eis
1454 2688 1616 2743 electi
1641 2705 1855 2743 sumus.
1957 2707 2247 2762 praecones
2277 2689 2356 2744 ait
2388 2707 2402 2744 :
2436 2708 2465 2741 «
2489 2690 2600 2744 Vos
2627 2689 2758 2743 estis
2788 2690 2884 2742 lux
2921 2688 3145 2755 mundi,
3181 2692 3239 2743 et
3265 2704 3382 2741 non
3407 2691 3595 2758 potest

216 2785 333 2838 Hoc
363 2784 559 2836 autem
593 2780 946 2852 providentia
976 2781 1204 2836 Domini
1233 2781 1448 2836 factum
1474 2784 1577 2850 est,
1605 2784 1668 2835 ut
1693 2782 1856 2853 agni-
1958 2783 2150 2838 civitas
2176 2782 2444 2837 abscondi
2473 2798 2646 2853 supra
2673 2784 2927 2836 montem
2957 2780 3162 2851 posita,
3190 2795 3377 2850 neque
3401 2795 3594 2834 accen-

216 2877 301 2931 tio
331 2874 468 2930 boni
499 2874 668 2945 hujus
693 2874 863 2928 etiam
901 2874 1166 2944 gentibus
1197 2874 1541 2942 traderetur,
1571 2879 1628 2928 et
1651 2875 1732 2944 hi,
1761 2875 1858 2946 qui
1958 2877 2103 2931 dunt
2128 2877 2438 2942 lucernam,
2463 2879 2520 2930 et
2542 2878 2768 2946 ponunt
2793 2890 2922 2928 eam
2944 2873 3048 2928 sub
3068 2872 3285 2939 modio,
3305 2873 3403 2926 sed
3425 2889 3593 2943 supra

215 2985 521 3042 nunquam
554 2968 624 3022 de
656 2984 722 3023 eo
761 2967 1077 3036 audierant,
1109 2984 1213 3023 nec
1251 2985 1286 3022 a
1322 2967 1614 3039 prophetis
1646 2967 1856 3024 didice-
1958 2968 2388 3036 candelabrum,
2420 2973 2486 3022 ut
2523 2969 2708 3022 luceat
2740 2967 3006 3022 omnibus
3041 2965 3140 3037 qui
3172 2966 3232 3020 in
3266 2965 3434 3020 domo
3462 2968 3596 3020 sunt

215 3068 378 3129 rant,
428 3066 804 3134 agnoscerent
845 3077 978 3116 eum
1025 3077 1038 3115 :
1082 3061 1164 3116 illi
1203 3077 1336 3116 vero
1373 3062 1472 3133 qui
1516 3061 1859 3133 quotidianis
1960 3061 2174 3133 (Matth.
2197 3079 2254 3131 v,
2275 3063 2382 3132 14).
2408 3081 2436 3114 »
2459 3061 2518 3116 Si
2540 3061 2665 3132 quis
2682 3077 2820 3132 ergo
2842 3061 2931 3114 his
2950 3059 3247 3126 obedierit,
3271 3061 3409 3126 Deo,
3434 3061 3495 3112 ut
3515 3058 3595 3112 di-

219 3155 690 3212 meditationibus
729 3158 1072 3210 evanuerant
1117 3155 1469 3226 ignorarent.
1516 3158 1653 3210 Ecce
1701 3154 1856 3209 enim
1877 3191 1931 3267 C
1959 3160 2115 3211 ctum
2131 3159 2236 3223 est,
2259 3171 2538 3226 magnum
2558 3170 2771 3208 munus
2789 3153 2974 3208 offert.
2993 3151 3096 3217 Qui
3112 3157 3304 3207 autem
3328 3151 3416 3206 his
3435 3150 3595 3206 resti-

321 3266 324 3267 ,
573 3265 664 3267 η--
728 3248 811 3267 ___!
863 3253 1164 3267 i____n___n_-
1225 3249 1343 3267 _-,n',,
1436 3253 1474 3267 ,ι
1538 3248 1852 3267 :I_,!5I_,_AL‘-
1960 3248 2082 3267 1-,11
2147 3251 2232 3267 _,,l
2263 3246 2595 3267 E,__1___‘IE-__-
2634 3246 2901 3267 ___1:L__EL
2949 3262 3058 3267 ..-μ
3094 3245 3180 3267 L2-
3231 3245 3320 3267 --.1
3347 3244 3586 3267 n-_-:_-

217 3266 372 3304 nunc
417 3265 527 3321 per
572 3265 668 3303 vos
718 3248 814 3320 qui
860 3253 1169 3318 praesentes
1215 3249 1378 3317 estis,
1426 3253 1482 3304 et
1528 3244 1931 3304 desideratis”
1955 3248 2106 3315 terit,
2140 3251 2239 3303 aut
2262 3246 2598 3303 inobediens
2625 3246 2923 3314 exstiterit,
2949 3262 3065 3300 non
3094 3245 3202 3315 his,
3228 3245 3325 3300 sed
3347 3244 3590 3300 Domino

217 3343 418 3398 audire
462 3341 780 3398 doctrinam
823 3341 955 3396 ﬁdei
997 3341 1136 3412 ejus,
1183 3345 1241 3396 et
1280 3357 1588 3413 agnoscere
1630 3343 1758 3412 quis
1802 3346 1858 3397 et
1955 3342 2229 3398 Salvatori
2254 3345 2470 3409 nostro,
2493 3341 2655 3413 cujus
2685 3339 2967 3411 legatione
2992 3340 3334 3410 funguntur,
3363 3338 3590 3406 resistit,

214 3436 529 3508 quomodo,
566 3437 625 3489 et
665 3434 852 3506 qualis
897 3435 970 3489 sit
1011 3435 1134 3506 ejus
1177 3435 1481 3503 adventus,
1526 3435 1857 3506 prophetica
1953 3439 2188 3507 propter
2215 3435 2365 3506 quod
2391 3435 2641 3505 primum
2671 3437 2758 3488 est
2781 3433 3044 3488 omnium
3065 3432 3350 3502 justitiam
3378 3431 3476 3486 Dei
3507 3448 3594 3486 re-

214 3529 426 3584 veritas
458 3527 808 3600 adimpletur
835 3546 849 3583 :
883 3528 989 3583 hoc
1015 3528 1169 3583 enim
1197 3529 1345 3598 quod
1374 3529 1674 3600 prophetae
1703 3544 1852 3598 praa-
1955 3544 2251 3600 gnumque
2280 3527 2402 3598 ejus
2429 3526 2740 3598 inquirere,
2766 3529 2824 3580 et
2854 3527 2969 3580 suis
2992 3525 3345 3596 jussionibus
3373 3525 3592 3579 obtem-

215 3623 482 3677 dixerant
517 3621 651 3692 quia
691 3637 726 3675 a
761 3620 920 3676 vobis
966 3621 1308 3692 quaerendus
1353 3625 1501 3676 esset
1537 3620 1634 3692 qui
1673 3621 1742 3676 de
1786 3637 1854 3675 eo
1954 3636 2177 3692 perare.
2202 3619 2486 3675 Justitiam
2508 3619 2760 3690 quidem,
2782 3622 2848 3674 ut
2875 3621 3030 3673 recte
3056 3633 3228 3688 agere
3253 3617 3587 3682 doceamus;

216 3731 516 3787 nunquam
561 3713 817 3768 audistis.
856 3715 923 3768 Et
962 3714 1093 3769 ideo
1133 3713 1390 3768 videntes
1425 3713 1486 3767 in
1522 3713 1681 3768 vobis
1720 3714 1856 3784 ipsis
1955 3715 2218 3784 Regnum
2254 3728 2406 3780 vero,
2439 3715 2502 3766 ut
2541 3728 2670 3783 quae
2708 3711 2779 3767 sit
2817 3727 3034 3767 merces
3074 3710 3255 3782 posita
3284 3708 3494 3764 laboris
3533 3713 3592 3764 et

214 3808 553 3880 pr0phetica
580 3807 729 3861 dicta
767 3807 1069 3879 compleri,
1112 3806 1244 3861 huic
1279 3805 1378 3861 uni
1408 3810 1560 3862 recte
1599 3807 1852 3872 creditis,
1955 3806 2244 3878 patientiae
2270 3805 2620 3874 noverimus,
2650 3805 2708 3859 in
2735 3817 2848 3877 quo
2879 3809 2964 3860 est
2987 3804 3154 3860 bonis
3177 3803 3410 3875 quidem
3432 3807 3591 3858 aeter-

217 3902 370 3956 hunc
408 3904 562 3956 recte
600 3900 957 3972 exspectatis,
998 3899 1069 3955 de
1108 3900 1218 3956 hoc
1259 3902 1412 3954 recte
1449 3899 1754 3970 inquiritis,
1797 3905 1858 3955 ut
1958 3916 2165 3954 norum
2185 3900 2471 3955 bonorum
2499 3897 2910 3964 remuneratio,
2941 3897 3028 3952 his
3055 3900 3248 3952 autem
3269 3897 3368 3969 qui
3393 3899 3595 3952 contra

220 4011 337 4050 non
364 3994 550 4049 solum
581 3993 916 4064 exspectetis
941 4008 1094 4062 eum,
1123 3993 1222 4048 sed
1257 3997 1314 4048 et
1341 3992 1734 4048 haereditatem
1766 4009 1852 4048 re-
1955 3994 2308 4049 voluntatem
2343 3992 2468 4063 ejus
2494 3996 2738 4063 egerunt
2768 4008 2782 4046 :
2813 4007 2920 4062 pro
2948 3990 3395 4062 uniuscujusque
3423 3989 3595 4061 gestis

218 4088 320 4159 gni
359 4089 485 4159 ejus
524 4087 820 4143 credentes
859 4085 1307 4159 consequamini,
1352 4086 1666 4142 secundum
1703 4086 1857 4158 quod
1955 4102 2258 4158 poenarum
2278 4086 2456 4156 digna
2478 4083 2782 4154 restitutio,
2807 4084 2899 4140 hic
2925 4100 3085 4156 ergo,
3109 4085 3217 4138 hoc
3244 4089 3346 4151 est,
3371 4083 3431 4138 in
3451 4100 3595 4155 prae—

215 4181 339 4252 ipse
369 4180 532 4249 dixit,
575 4179 710 4251 quia
736 4179 1130 4250 unusquisque
1160 4179 1310 4234 illius
1347 4179 1420 4233 sit
1457 4195 1649 4234 servus
1679 4179 1768 4234 cui
1796 4197 1856 4233 se
1957 4179 2102 4234 senti
2130 4179 2243 4235 vita
2267 4178 2504 4251 positos,
2527 4183 2757 4250 oportet
2785 4195 2886 4232 nos
2913 4193 3220 4250 agnoscere
3247 4178 3595 4232 voluntatem

216 4274 341 4344 ipse
391 4272 713 4343 subjecerit.
758 4274 1066 4343 Propterea
1112 4289 1250 4342 ergo
1294 4272 1523 4344 vigilate
1571 4277 1630 4326 et
1672 4272 1858 4327 Domi-

217 4383 364 4422 num
385 4367 680 4437 Deumque
707 4369 971 4421 nostrum
996 4366 1152 4421 vobis
1170 4366 1507 4421 conscribite
1531 4365 1854 4435 Dominum,

222 4459 320 4530 qui
359 4464 417 4513 et
448 4458 574 4514 coeli
602 4475 666 4513 ac
699 4463 870 4513 terrae
906 4460 1178 4514 Dominus
1211 4463 1311 4514 est.
1351 4461 1418 4515 Et
1446 4459 1519 4514 ad
1561 4459 1734 4531 ipsius
1762 4476 1858 4514 vos

219 4663 390 4701 verus
417 4645 702 4717 Propheta
729 4644 893 4701 docet
919 4645 1107 4701 dicens
1131 4662 1145 4700 :
1175 4667 1202 4695 ‹‹
1229 4647 1422 4702 Estote
1447 4645 1581 4702 boni
1611 4650 1669 4701 et
1692 4647 1858 4700 mise-

219 4739 473 4795 ricordes
501 4739 646 4794 sicut
675 4743 730 4793 et
754 4740 919 4794 Pater
949 4741 1135 4794 vester
1159 4740 1401 4796 caelestis
1427 4739 1745 4794 misericors
1773 4744 1858 4794 est

219 4833 366 4900 (Luc.
415 4849 501 4898 v1,
557 4834 668 4901 36),
723 4832 818 4903 qui
873 4832 1010 4887 oriri
1058 4832 1194 4887 facit
1243 4833 1426 4888 solem
1477 4849 1643 4887 suum
1687 4850 1858 4904 super

220 4926 398 4980 bonos
444 4930 504 4979 et
549 4925 730 4979 malos
777 4927 836 4979 et
878 4925 1023 4996 pluit
1071 4941 1245 4996 super
1279 4926 1466 4996 justos
1515 4930 1573 4980 et
1621 4925 1857 4996 injustos

221 5019 432 5082 (Matth.
469 5035 520 5083 ν,
559 5019 668 5087 45).
703 5036 732 5068 »
771 5019 928 5073 Hunc
968 5034 1105 5089 ergo
1142 5019 1473 5087 imitamini,
1505 5023 1562 5074 et
1597 5019 1751 5073 hunc
1780 5020 1854 5073 ti-

219 5114 390 5179 mete,
403 5116 480 5178 et,
497 5111 985 5166 sicutmandatum
1001 5111 1172 5167 datur
1182 5112 1534 5182 hominibus,
1549 5111 1856 5167 Dominum

222 5203 402 5258 Deum
434 5208 604 5258 tuum
642 5203 892 5271 timebis,
923 5208 979 5259 et
1014 5204 1095 5259 illi
1125 5205 1230 5260 soli
1267 5205 1499 5261 servies.
1534 5204 1856 5260 Infidelibus

222 5297 452 5367 quidem
487 5295 708 5351 dormit
741 5297 1040 5364 Dominus,
1085 5301 1142 5352 et
1176 5297 1381 5352 absens
1418 5298 1661 5353 habetur
1698 5297 1788 5352 his
1825 5314 1858 5350 a

221 5389 418 5459 quibus
465 5405 586 5445 esse
631 5405 749 5444 non
795 5390 1078 5459 creditur,
1131 5395 1188 5446 et
1237 5391 1521 5446 mandatis
1571 5391 1694 5462 ejus
1741 5407 1855 5445 non

222 5481 507 5552 obediunt,
540 5486 717 5554 atque
753 5483 824 5538 ab
860 5483 971 5538 illis
1007 5484 1232 5539 videtur
1263 5484 1426 5555 quasi
1465 5484 1717 5539 dormire
1750 5485 1853 5538 Do-

217 5575 426 5642 minus,
452 5577 593 5648 quia
620 5591 726 5646 pro
749 5577 994 5647 peccatis
1020 5577 1136 5632 suis
1163 5594 1279 5632 non
1311 5577 1709 5633 exaudiuntur.

289 5671 646 5743 Quapropter
670 5670 888 5724 cunctis
909 5670 1194 5738 ﬁdelibus,
1219 5674 1277 5726 et
1295 5687 1659 5742 summopere
1678 5671 1858 5726 omni-

213 5762 318 5817 bus
361 5762 736 5834 presbyteris,
768 5765 826 5817 et
860 5763 1210 5834 diaconibus,
1248 5781 1315 5820 ac
1347 5763 1579 5836 reliquis
1618 5763 1852 5833 clericis,

218 5855 636 5912 attendendum
677 5861 781 5923 est,
825 5861 886 5910 ut
916 5857 1058 5912 nihil
1098 5857 1314 5928 absque
1351 5857 1596 5929 episcopi
1635 5857 1855 5928 proprii

219 4551 538 4624 imaginem
582 4568 646 4606 ac
694 4551 1131 4608 similitudinem
1172 4552 1480 4608 reformate
1504 4594 1518 4620 ,
1562 4552 1705 4607 sicut
1738 4553 1934 4632 ipseD
1956 4551 2108 4619 serit,
2145 4555 2245 4606 aut
2283 4551 2354 4605 ab
2385 4550 2650 4622 episcopo
2683 4551 3026 4622 regulariter
3060 4550 3324 4605 ordinato
3359 4554 3384 4604 t
3421 4554 3592 4602 nente

219 4663 390 4701 verus
417 4645 702 4717 Propheta
729 4644 893 4701 docet
919 4645 1107 4701 dicens
1131 4662 1145 4700 :
1175 4667 1202 4695 ‹‹
1229 4647 1422 4702 Estote
1447 4645 1581 4702 boni
1611 4650 1669 4701 et
1692 4647 1858 4700 mise-
1956 4643 2216 4699 videlicet
2269 4643 2556 4698 civitatem
2606 4644 2704 4698 ubi
2759 4649 3117 4698 consecratus
3169 4567 3415 4744 fueritf
3416 4642 3592 4696 Aliter

1957 4273 2075 4340 Dei,
2096 4273 2196 4327 ubi
2227 4276 2286 4327 et
2309 4273 2516 4344 agendi
2544 4275 2601 4326 et
2622 4271 2974 4327 sacriﬁcandi
3004 4275 3089 4327 est
3113 4271 3289 4326 locus.
3312 4271 3594 4335 Quoniam

1955 4365 2016 4418 in
2068 4365 2194 4420 aliis
2243 4364 2381 4420 locis
2427 4364 2744 4420 sacrificare
2791 4369 2847 4420 et
2898 4363 3096 4419 missas
3149 4363 3434 4418 celebrare
3475 4380 3590 4418 non

1954 4459 2103 4524 licet,
2142 4457 2253 4512 nisi
2293 4457 2348 4512 in
2379 4458 2470 4512 his
2501 4458 2562 4513 in
2605 4458 2812 4530 quibus
2849 4457 3146 4529 episcopus
3185 4457 3454 4530 proprius
3478 4457 3593 4528 jus-

1956 4643 2216 4699 videlicet
2269 4643 2556 4698 civitatem
2606 4644 2704 4698 ubi
2759 4649 3117 4698 consecratus
3169 4642 3387 4699 fueritJ
3416 4642 3594 4696 Aliter

1956 4736 2111 4792 enim
2149 4752 2264 4790 non
2309 4739 2444 4790 sunt
2484 4737 2605 4790 haec
2642 4736 2886 4806 agenda,
2927 4751 3031 4790 nec
3070 4734 3178 4789 rite
3217 4733 3588 4799 celebranda,

1957 4830 2190 4885 docente
2221 4845 2327 4884 nos
2361 4830 2513 4883 Novo
2545 4834 2602 4884 et
2641 4828 2828 4883 Veteri
2870 4829 3252 4883 Testamento.
3282 4829 3410 4882 Haec
3450 4843 3590 4898 apo-

1957 4923 2084 4978 stoli
2105 4940 2138 4978 a
2159 4922 2397 4978 Domino
2419 4925 2782 4994 acceperunt,
2808 4925 2863 4977 et
2884 4921 3045 4976 nobis
3065 4920 3448 4991 tradiderunt,
3474 4922 3593 4975 hinc

1959 5033 2064 5071 nos
2085 5017 2374 5084 docemus,
2393 5016 2666 5089 vobisque
2687 5021 2742 5072 et
2767 5015 3033 5070 omnibus
3053 5015 3266 5086 absque
3286 5015 3595 5086 reprehen-

1958 5109 2118 5165 sione
2146 5113 2343 5165 tenere
2371 5115 2428 5165 et
2457 5111 2661 5165 docere
2689 5109 2897 5180 quibus
2919 5109 3210 5179 agendum
3239 5112 3326 5164 est
3349 5109 3590 5164 manda-

1956 5219 2117 5274 mus,
2167 5220 2523 5276 unaquzeque
2565 5202 2776 5258 etenim
2815 5218 2905 5258 res
2950 5207 3177 5274 tempus
3216 5220 3384 5258 suum
3419 5203 3596 5258 habet

1956 5299 2014 5352 et
2037 5297 2244 5351 locum.
2275 5297 2527 5367 Operum
2557 5296 2649 5350 hic
2679 5297 2834 5351 locus
2863 5300 2967 5366 est,
2995 5303 3221 5367 tempus
3252 5312 3386 5349 vero
3415 5295 3591 5350 meri-

1956 5394 2145 5444 torum
2175 5392 2262 5444 est
2291 5389 2560 5443 saeculum
2596 5389 2876 5445 futurum.
2906 5391 2986 5445 Ne
3016 5405 3153 5460 ergo
3185 5388 3592 5461 impediamur.

1959 5482 2222 5538 ordinem
2249 5484 2503 5537 locorum
2523 5499 2587 5538 ac
2612 5488 2937 5555 temporum
2957 5488 3377 5555 permutantes;
3399 5482 3591 5555 primo

1955 5592 2080 5647 quae
2126 5577 2200 5630 sit
2234 5575 2333 5631 Dei
2368 5575 2592 5647 justitia
2632 5577 3026 5649 requiramus,
3075 5581 3132 5632 et
3167 5581 3442 5648 tanquam
3485 5574 3594 5628 iter

1956 5668 2140 5723 acturi
2175 5668 2487 5723 abundanti
2514 5669 2718 5725 viatico
2748 5670 2910 5725 bonis
2942 5670 3208 5742 operibus
3236 5670 3587 5739 repleamur,

1955 5778 2069 5834 quo
2091 5761 2376 5832 possimus
2397 5762 2469 5818 ad
2493 5779 2738 5835 regnum
2760 5763 2985 5819 Domini
3001 5767 3272 5834 tanquam
3294 5760 3366 5814 ad
3386 5759 3590 5815 urbem

1957 5855 2269 5910 maximam
2333 5857 2650 5927 pervenire.
2716 5859 2860 5912 Deus
2923 5856 3073 5911 enim
3129 5855 3217 5909 his
3271 5853 3368 5925 qui
3437 5859 3585 5908 recte
