4068 6316
491 325 550 380 51
1389 339 1666 394 APPEND.
1709 339 1794 395 AD
1832 339 1988 394 SrEC.
2035 339 2120 392 IX.
2155 367 2223 376 —-
2262 338 2972 401 lSlDORIMERCATORIS
3788 346 3856 401 52

485 432 739 492 sentiunt
763 453 865 510 per
891 437 1009 510 ipsa
1036 456 1208 514 opera
1239 447 1440 502 mundi
1471 462 1596 517 quae
1622 447 1760 502 facit
1783 448 2115 504 manifestus
2136 456 2196 530 Α
2214 432 2587 530 ηοιὶιὶωη.βί
2627 448 2783 502 enim
2820 449 2994 502 sciam
3021 448 3156 520 quia
3185 448 3244 503 in
3274 448 3360 504 his
3397 451 3469 506 de
3504 449 3710 522 quibus
3734 468 3855 508 non

486 534 589 596 est,
631 531 805 602 ipsius
848 539 1122 592 creaturae
1160 555 1274 593 sua:
1309 543 1473 594 utens
1511 541 1852 610 testimonio,
1895 543 2114 614 et.ideo

486 639 620 679 cum
645 625 714 681 de
742 627 854 682 Deo
882 629 1156 686 dubitatio
1185 648 1305 687 esse
1331 649 1444 687 non
1472 633 1693 700 debeat,
1717 637 1787 692 de
1815 637 1930 691 sola
1963 653 2115 694 nunc

487 717 610 786 ejus
639 718 857 788 justitia
894 723 1256 794 requiramus
1299 729 1355 780 et
1396 743 1595 798 regno.
1637 729 1763 784 ldeo
1794 732 2114 801 persuadeo

482 810 737 880 primum
779 813 1062 884 justitiam
1105 818 1226 887 ejus
1271 835 1391 874 esse
1437 820 1865 892 requirendam,
1910 829 1972 879 ut
2013 841 2117 896 per

486 902 634 960 hanc
655 905 765 962 iter
781 913 1034 978 agentes,
1053 912 1110 963 et
1126 910 1185 964 in
1204 911 1291 965 via
1308 912 1564 989 veritatis
1586 916 1755 986 positi
1770 932 1968 972 verum
1990 935 2116 989 pro-

483 998 720 1067 phetam
756 999 1007 1056 invenire
1049 998 1382 1081 possimus/
1389 1022 1508 1061 non
1549 1007 1844 1064 velocitate
1879 1011 2111 1081 pedum,

482 1091 583 1145 sed
620 1092 901 1148 bonorum
941 1110 1184 1164 operum
1214 1091 1512 1154 velécitate
1542 1106 1852 1169 currentes,
1893 1108 1955 1158 ut
1992 1104 2114 1176 ipso

481 1183 624 1238 duce
663 1185 767 1251 usi,
809 1187 1033 1240 nullum
1077 1189 1182 1243 viae
1222 1190 1393 1260 hujus
1427 1193 1715 1264 patiamur
1743 1211 2016 1252 errorem.
2057 1198 2116 1252 Si

481 1276 637 1330 enim
684 1277 874 1348 ipsum
919 1287 1222 1350 sequentes
1263 1283 1488 1356 ingredi
1518 1288 1926 1359 meruerimus,
1956 1289 2113 1346 illam

480 1384 592 1439 quo
635 1371 932 1440 pervenire
979 1374 1243 1444 cupimus
1291 1377 1590 1447 civitatem,
1641 1382 1832 1436 omnia
1863 1382 1985 1452 jam
2024 1384 2112 1451 (de

481 1462 688 1531 quibus
707 1465 1000 1535 quaeritur)
1027 1468 1202 1522 oculis
1224 1469 1544 1526 videbimus
1563 1477 1835 1545 tanquam
1857 1477 2114 1531 haeredes

482 1555 743 1610 omnium
761 1557 915 1613 facti.
940 1561 1241 1631 lntelligite
1263 1563 1455 1634 itaque
1480 1566 1629 1620 viam
1656 1584 1778 1621 esse
1807 1564 1960 1623 hunc
1986 1570 2113 1624 vitae

480 1652 691 1702 nostrae
716 1665 964 1729 cursum,
991 1652 1234 1708 viatores
1259 1656 1356 1727 qui
1386 1675 1489 1712 nos
1514 1659 1821 1729 instruunt,
1851 1663 1938 1716 vel
1960 1662 2114 1717 bona

481 1667 691 1702 nosuae
716 1667 884 1705 cursu
952 1694 964 1718 ,
991 1667 1234 1708 Viatores
1259 1673 1356 1727 qur
1386 1675 1489 1712 nos
1514 1667 1821 1729 instruunt,
1851 1667 1938 1716 vel
1960 1667 2114 1717 bona

481 1757 658 1811 opera
689 1667 1165 1848 geruntjportam
1194 1765 1327 1804 vero
1353 1751 1716 1822 Prophetam,
1745 1754 1815 1809 de
1841 1771 1954 1826 quo
1981 1755 2115 1810 dici-

2213 544 2399 612 potest
2423 540 2667 596 dubitari
2685 541 2839 612 quod
2863 541 3014 596 bona
3045 541 3180 610 sint,
3204 543 3540 599 emendatus
3570 550 3655 600 est
3679 548 3737 602 et
3760 545 3852 602 in-

2215 633 2528 705 culpabilis,
2552 635 2658 689 hoc
2684 638 2769 689 est
2786 633 2831 689 si
2860 634 3102 703 sobrius,
3129 636 3177 690 si
3203 637 3548 705 misericors,
3575 639 3622 693 si
3642 639 3853 709 justus,

2215 727 2262 780 si
2303 727 2456 781 mitis
2489 733 2545 782 et
2579 728 2878 794 humanus,
2911 744 3038 798 qua;
3077 729 3278 800 utique
3315 730 3464 786 bona
3501 747 3622 786 esse
3663 733 3856 788 nullus

2215 819 2474 890 ambigit,
2501 823 2639 874 tunc
2669 836 3026 892 consequens
3059 822 3344 878 videbitur
3379 827 3446 879 ut
3480 825 3533 879 ei
3567 826 3663 897 qui
3704 825 3850 880 obti-

2214 916 2312 968 net
2335 913 2489 968 bona
2522 913 2798 969 virtutum
2835 913 3010 970 etiam
3046 915 3195 986 quod
3231 916 3392 971 deest
3423 917 3555 972 ﬁdei
3585 922 3641 973 et
3665 919 3852 973 scien-

2215 1005 2308 1060 tiae
2347 1006 2690 1075 conferatur,
2727 1011 2783 1061 et
2819 1006 2880 1061 in
2915 1007 3122 1078 quibus
3157 1009 3436 1065 maculari
3467 1010 3692 1066 videtur
3729 1012 3855 1082 ejus

2211 1099 2346 1166 vita,
2385 1115 2514 1170 quae
2548 1103 2631 1154 est
2666 1099 2727 1154 in
2766 1099 2999 1172 reliquis
3038 1101 3368 1171 probabilis,
3401 1103 3752 1158 emendetur.
3792 1104 3855 1159 Si

2212 1207 2348 1247 vero
2366 1191 2426 1247 in
2453 1191 2540 1246 his
2563 1209 2690 1264 qua:
2712 1192 2901 1263 palam
2922 1197 3056 1248 sunt
3070 1199 3299 1265 peccata
3319 1195 3606 1251 involutus
3626 1213 3853 1268 perma-

2213 1289 2312 1340 net
2336 1285 2686 1356 inquinatus,
2715 1301 2830 1340 non
2857 1301 2950 1340 me
2979 1289 3203 1356 oportet
3229 1287 3446 1358 aliquid
3475 1288 3545 1343 de
3583 1288 3852 1344 secretio-

2214 1377 2370 1432 ribus
2397 1381 2454 1432 et
2480 1377 2715 1432 remotis
2735 1376 2942 1433 divinas
2969 1378 3217 1434 scientiae
3238 1380 3522 1451 proloqui,
3545 1381 3644 1436 sed
3664 1382 3856 1453 magis

2212 1470 2509 1542 protestari
2545 1474 2603 1525 et
2636 1470 2937 1526 convenire
2968 1488 3150 1544 eum,
3169 1477 3232 1527 ut
3272 1489 3505 1544 peccare
3533 1475 3756 1530 desinat
3793 1479 3858 1530 et

2211 1566 2367 1618 actus
2404 1578 2534 1617 suos
2569 1580 2603 1617 a
2643 1563 2789 1618 vitiis
2830 1563 3116 1631 emende].
3144 1565 3303 1629 Quod
3339 1565 3386 1619 si
3424 1565 3729 1637 ingesserit
3766 1583 3852 1636 se,

2214 1661 2272 1711 et
2318 1655 2707 1727 provocaverit
2748 1672 2852 1711 nos
2897 1656 3085 1712 dicere
3123 1673 3253 1728 quae
3297 1674 3430 1713 eum
3473 1659 3663 1714 minus
3700 1665 3856 1715 recte

2215 1753 2484 1820 agentem
2506 1765 2624 1804 non
2651 1753 2908 1820 oporteat
2930 1749 3148 1819 audire,
3178 1751 3494 1820 prudenter
3519 1768 3652 1806 eum
3681 1753 3855 1808 debe-

482 1850 630 1900 mus,
671 1836 877 1891 urbem
915 1819 1160 1909 i-egnum
1203 1859 1324 1896 esse
1366 1843 1424 1897 in
1460 1861 1574 1915 quo
1605 1846 1817 1902 residet
1848 1849 2112 1920 omnipo-
2134 1819 2192 1891 B
2215 1857 2340 1896 mus
2365 1841 2613 1897 eludere.
2641 1843 2780 1896 Nam
2807 1842 2944 1896 nihil
2977 1843 3216 1898 omnino
3244 1845 3608 1915 respondere,
3638 1845 3858 1900 audito-

482 1932 608 1982 tens
635 1929 822 1993 Pater,
854 1947 1026 2001 quem
1059 1934 1165 1988 soli
1193 1935 1385 1990 videre
1415 1942 1652 2008 possunt
1680 1939 1738 1994 hi
1771 1941 1867 2011 qui
1900 1942 2115 1996 mundo

483 2029 613 2079 sunt
635 2026 827 2082 corde.
859 2029 979 2083 Non
1011 2046 1146 2102 ergo
1178 2033 1342 2087 nobis
1377 2033 1620 2089 difficilis
1659 2035 1921 2092 videatur
1943 2039 2115 2110 hujus

482 2116 701 2172 itineris
727 2121 906 2188 labor,
935 2123 1070 2193 quia
1096 2125 1153 2178 in
1185 2126 1295 2180 ﬁne
1333 2127 1454 2197 ejus
1481 2129 1706 2199 requies
1734 2131 1861 2185 erit.
1890 2132 2030 2186 Nam
2060 2139 2117 2187 et

482 2209 602 2279 ipse
641 2228 807 2267 verus
842 2216 1118 2286 Propheta
1157 2219 1228 2272 ab
1267 2219 1428 2274 initio
1465 2222 1665 2276 mundi
1703 2239 1809 2294 per
1844 2209 2130 2280 saeculum.

483 2319 736 2371 currens,
769 2307 998 2364 festinat
1024 2310 1096 2363 ad
1126 2313 1400 2382 requiem.
1426 2314 1598 2369 Adest
1625 2316 1778 2371 enim
1805 2318 1968 2372 nobis
1997 2335 2115 2372 om-

479 2395 648 2451 nibus
677 2398 896 2468 diebus,
931 2405 989 2455 et
1026 2405 1070 2457 si
1117 2406 1344 2474 quando
1380 2423 1608 2463 necesse
1644 2414 1728 2464 est
1764 2415 2020 2480 apparet,
2057 2415 2114 2466 et

481 2491 716 2560 corrigit
753 2509 874 2560 nos,
915 2499 979 2549 ut
1015 2496 1474 2568 obtemperantes
1517 2501 1622 2555 sibi
1665 2503 1735 2556 ad
1769 2504 1938 2558 vitam
1979 2521 2109 2575 per-

479 2581 645 2638 ducat
682 2589 980 2643 mternam.
1024 2591 1101 2644 De
1131 2591 1219 2644 his
1259 2595 1453 2647 autem
1496 2595 1593 2665 qui
1631 2596 1931 2667 negligant
1963 2599 2110 2652 viam

477 2691 594 2730 sum
639 2678 866 2747 salutis,
912 2685 967 2736 et
1011 2684 1195 2738 adhuc
1236 2702 1351 2740 non
1395 2686 1540 2742 bene
1584 2688 1812 2758 ﬁdeles,
1861 2693 1919 2744 et
1962 2708 2108 2762 pree-

477 2769 654 2838 ceptis
703 2772 828 2840 ejus
867 2791 1215 2848 suorumque
1257 2779 1591 2848 pontiﬁcum
1629 2782 1978 2851 jussionibus
2022 2785 2110 2837 in-

476 2853 819 2919 obedientes'
850 2868 939 2921 vel
989 2873 1351 2926 contumaces
1389 2872 1469 2926 eis
1514 2873 1796 2943 existunt,
1837 2877 2110 2931 Dominus

477 2959 671 3009 noster
728 2959 884 3013 Iesus
955 2961 1212 3016 Christus
1272 2965 1508 3019 mittens
1573 2967 1878 3039 discipulos
1942 2986 2106 3036 suos,

475 3050 747 3120 praecepit
795 3053 985 3122 nobis,
1039 3055 1258 3126 dicens,
1313 3062 1374 3112 ut
1415 3058 1472 3112 in
1523 3076 1928 3133 quamcunque
1973 3063 2105 3117 civi-

2212 1950 2342 1988 rum
2357 1950 2545 2001 causa,
2567 1935 2703 1990 utile
2724 1951 2841 1990 non
2863 1935 3107 2002 videtur,
3131 1952 3202 1990 ne
3227 1937 3375 1992 forte
3398 1937 3726 1994 existiment
3744 1955 3857 1994 nos

2212 2027 2592 2098 responsionis
2628 2027 2867 2099 penuria
2911 2029 3201 2084 declinare
3245 2036 3572 2100 certamen,
3615 2036 3671 2086 et
3712 2032 3856 2087 ﬁdes

2214 2137 2414 2175 eorum
2455 2121 2712 2187 laedatur,
2753 2137 2869 2176 non
2905 2121 3282 2192 intelligentia
3321 2123 3600 2195 propositi
3643 2125 3851 2180 nostri.

2212 2215 2409 2284 Magna
2439 2215 2787 2269 contumelia
2816 2219 2874 2270 et
2908 2231 3075 2284 grave
3111 2215 3274 2270 nobis
3312 2217 3422 2271 erit
3453 2221 3770 2287 peccatum,
3801 2219 3853 2272 si

2212 2307 2290 2360 ita
2317 2307 2668 2378 desipiamus
2696 2313 2762 2362 ut
2785 2308 3076 2363 videamus
3107 2324 3237 2362 eum
3269 2309 3367 2380 qui
3395 2310 3545 2366 idola
3573 2311 3707 2366 colit
3733 2327 3856 2366 esse

2212 2400 2483 2468 sobrium,
2512 2417 2615 2455 nos
2641 2400 2741 2472 qui
2780 2402 2966 2456 Deum
2995 2401 3232 2456 colimus
3268 2402 3442 2457 sobrii
3469 2419 3590 2458 esse
3622 2419 3854 2460 recuse-

2213 2509 2361 2547 mus.
2382 2493 2501 2547 Non
2527 2493 2634 2548 hoc
2665 2493 2738 2548 sit
2763 2493 2912 2548 inter
2949 2511 3074 2563 nos,
3106 2495 3203 2550 sed
3233 2511 3510 2567 magnum
3537 2496 3858 2551 habeamus

2212 2585 2486 2655 studium,
2507 2589 2571 2640 ut
2590 2585 2634 2638 si
2657 2586 2739 2639 illi
2755 2587 2855 2657 qui
2875 2592 3071 2642 errant
3084 2587 3456 2643 homicidium
3476 2605 3594 2644 non
3610 2589 3854 2658 faciunt,

2211 2696 2316 2734 nos
2342 2695 2413 2733 ne
2439 2680 2752 2734 irascamur
2779 2680 3034 2751 quidem.
3069 2683 3136 2737 Et
3172 2682 3218 2735 si
3247 2682 3328 2736 illi
3359 2682 3706 2738 adulterium
3735 2699 3856 2738 non

2210 2773 2594 2839 committunt,
2612 2789 2717 2827 nos
2736 2789 2838 2828 nec
2857 2773 3325 2845 concupiscamus
3347 2775 3583 2846 quidem
3598 2776 3850 2832 alienam

2209 2865 2530 2921 mulierem.
2563 2867 2621 2922 Si
2654 2866 2733 2921 illi
2769 2870 2964 2922 amant
2997 2868 3286 2939 proximos
3315 2885 3466 2936 suos,
3502 2885 3604 2923 nos
3638 2869 3852 2941 diliga-

2208 2975 2336 3013 mus
2371 2959 2543 3014 etiam
2586 2960 2843 3015 inimicos
2872 2965 3116 3016 nostros.
3155 2962 3211 3017 Si
3249 2961 3331 3016 illi
3365 2966 3568 3018 mutuo
3594 2963 3732 3018 dant
3760 2963 3854 3018 his

2208 3053 2306 3123 qui
2352 3053 2568 3108 habent
2609 3054 2762 3108 unde
2800 3055 3058 3122 reddant,
3094 3071 3196 3109 nos
3239 3055 3412 3110 etiam
3449 3056 3538 3110 his
3578 3057 3780 3112 demus
3817 3075 3855 3112 a

479 3144 656 3197 tatem
700 3149 798 3200 aut
839 3147 1072 3203 domum
1113 3150 1529 3221 introierimus,
1571 3153 1826 3208 dicamus
1869 3172 1881 3210 ε
1926 3175 1954 3206 ‹‹
1996 3145 2412 3253 Paquuibus
2455 3147 2708 3218 recipere
2746 3164 2862 3201 non
2907 3164 3222 3218 speramus.
3254 3151 3319 3204 Et
3359 3166 3464 3220 per
3506 3150 3701 3204 omnia
3745 3167 3855 3206 nos

474 3235 605 3289 huic
642 3238 855 3294 domui.
896 3243 962 3296 Et
999 3243 1044 3296 si
1087 3243 1340 3314 quidem,
1371 3245 1577 3318 inquit,
1609 3248 1782 3303 fuerit
1815 3249 1921 3303 tibi
1958 3250 2105 3305 ﬁlius

474 3328 643 3397 pacis,
685 3332 874 3389 veniet
913 3352 1084 3406 super
1127 3354 1260 3392 eum
1303 3355 1406 3409 pax
1451 3345 1658 3395 vestra.
1709 3341 1767 3396 Si
1811 3359 1945 3397 vero
1989 3359 2101 3398 non

468 3422 663 3489 fuerit,
698 3442 808 3495 pax
848 3432 1029 3484 vestra
1058 3430 1130 3484 ad
1169 3448 1267 3486 vos
1303 3437 1638 3490 revertetur.
1686 3438 1964 3491 Exeuntes
1999 3453 2102 3492 au-

472 3520 584 3570 tem
626 3518 695 3572 de
736 3521 904 3576 domo
933 3523 1019 3578 vel
1059 3525 1128 3579 de
1175 3525 1399 3582 civitate
1440 3527 1558 3596 illa,
1598 3529 1772 3584 etiam
1810 3530 2104 3601 pulverem

468 3624 596 3679 qua:
629 3613 935 3671 adhaaserit
971 3618 1208 3688 pedibus
1242 3621 1440 3675 vestris
1469 3623 1762 3678 excutiatis
1789 3641 1958 3694 super
1987 3641 2099 3680 eos.

467 3703 836 3762 Tolerabilius
871 3711 979 3764 erit
1008 3715 1176 3766 terrze
1203 3714 1582 3770 Sodomorum
1612 3720 1668 3770 et
1700 3716 2100 3771 Gomorrhaeo-

469 3813 600 3851 rum
644 3799 703 3852 in
749 3801 838 3856 die
874 3802 1110 3873 judicii,
1157 3822 1329 3876 quam
1377 3807 1459 3860 illi
1510 3807 1726 3862 civitati
1773 3809 1862 3862 vel
1908 3809 2102 3864 domui

470 3889 685 3953 (Matth.
715 3908 768 3961 x,
801 3897 863 3947 l2
892 3898 942 3949 ct
969 3896 1121 3967 seq.).
1146 3918 1174 3944 ι)
1197 3898 1360 3961 Quod
1390 3899 1586 3970 utique
1613 3899 1690 3954 ita
1717 3901 1950 3956 demum
1979 3901 2102 3956 fieri

469 3985 756 4054 prmcepit,
779 3985 823 4040 si
843 3986 1000 4058 prius
1022 3989 1080 4044 in
1101 3989 1326 4045 civitate
1343 3992 1428 4046 vel
1453 3992 1624 4048 domo
1645 3993 1891 4049 veritatis
1911 4011 2100 4049 sermo

466 4077 825 4146 praedicetur,
867 4097 932 4134 ex
969 4098 1082 4154 quo
1123 4082 1460 4154 recipientes
1493 4087 1743 4140 veritatis
1781 4086 1954 4141 ﬁdem
1996 4088 2101 4142 ﬁlii

467 4169 620 4239 pacis
661 4177 716 4226 et
759 4173 861 4227 filii
900 4175 1124 4230 Domini
1165 4176 1328 4244 ﬁant,
1367 4179 1452 4232 vel
1486 4196 1600 4234 non
1635 4180 1970 4250 recipientes
2006 4196 2098 4236 ar-

468 4267 647 4329 guant
673 4265 830 4335 quasi
857 4267 1075 4322 inimici
1103 4269 1256 4340 pacis
1288 4273 1345 4324 et
1371 4271 1613 4328 Domini.
1643 4275 1725 4326 Ita
1751 4289 1889 4344 ergo
1917 4278 1972 4328 et
1999 4290 2101 4329 nos

468 4356 727 4426 magistri
763 4358 1018 4414 instituta
1047 4365 1324 4417 sectantes
1350 4381 1552 4434 pacem
1589 4383 1974 4437 proponamus
1997 4385 2099 4422 au-

468 4447 767 4519 ditoribus,
809 4456 874 4506 ut
917 4454 1130 4526 absque
1174 4457 1288 4510 ulla
1335 4459 1762 4529 perturbatione
1802 4459 1979 4530 possit
2012 4460 2100 4514 via

2207 3240 2304 3311 qui
2333 3241 2527 3296 aeterni
2565 3241 2760 3295 saeculi
2798 3241 3196 3296 haereditatem
3227 3258 3538 3313 speramus,
3573 3243 3856 3299 debemus

2205 3333 2528 3404 praaeedere
2546 3351 2640 3389 eos
2662 3334 2759 3405 qui
2779 3351 3030 3404 praesens
3047 3338 3239 3390 tamen
3258 3336 3526 3390 smculum
3539 3341 3850 3405 noverunt,

2203 3426 2446 3482 scientes
2475 3427 2605 3498 quia
2629 3427 2676 3482 si
2711 3443 2887 3497 opera
2917 3428 3150 3483 illorum
3185 3428 3392 3483 nostris
3419 3429 3686 3499 operibus
3715 3431 3841 3484 col-

2203 3520 2336 3587 lata,
2359 3520 2418 3574 in
2445 3521 2534 3576 die
2553 3520 2753 3592 judicii
2783 3521 2990 3575 similia
3018 3521 3382 3577 inveniantur
3409 3538 3474 3576 ac
3500 3522 3679 3593 paria,
3707 3539 3847 3578 con-

2203 3613 2346 3668 fusio
2367 3613 2528 3667 nobis
2551 3615 2660 3669 erit
2682 3613 2835 3684 quod
2860 3615 3111 3684 aequales
3136 3614 3465 3668 invenimur
3488 3614 3545 3668 in
3571 3615 3846 3686 operibus

2204 3707 2309 3774 his,
2340 3722 2468 3775 quin
2488 3710 2721 3776 propter
2735 3705 3120 3775 ignorantiam
3141 3705 3617 3774 condemnantur,
3643 3713 3702 3762 et
3720 3711 3853 3764 nul-

2203 3800 2322 3853 lam
2341 3814 2503 3868 spem
2519 3797 2699 3852 futuri
2715 3797 2908 3851 saaculi
2928 3797 3276 3853 habuerunt.
3292 3800 3357 3854 Et
3371 3816 3502 3854 vere
3520 3801 3697 3870 digna
3712 3819 3851 3857 con-

2205 3890 2350 3946 fusio
2381 3896 2484 3958 est,
2521 3891 2622 3945 ubi
2645 3890 2790 3945 nihil
2823 3891 3068 3962 amplius
3105 3891 3384 3962 gessimus
3421 3893 3492 3947 ab
3518 3893 3607 3948 his
3637 3894 3849 3966 quibus

2204 3984 2449 4056 amplius
2484 3984 2888 4039 intelleximus.
2928 3985 3084 4048 Quod
3123 3985 3170 4038 si
3206 3985 3466 4040 confusio
3505 3986 3666 4042 nobis
3709 3989 3845 4054 erit,

2203 4081 2452 4153 aequales
2497 4081 2585 4135 his
2634 4081 2880 4136 inveniri
2919 4081 2978 4134 in
3023 4081 3292 4152 operibus
3324 4082 3512 4149 bonis,
3554 4084 3690 4155 quid
3733 4086 3850 4140 erit

2200 4175 2367 4230 nobis
2394 4174 2441 4228 si
2467 4173 2764 4229 inferiores
2792 4190 2897 4228 nos
2923 4189 2988 4228 ac
3020 4173 3330 4228 deteriores
3369 4176 3714 4230 examinatio
3748 4177 3843 4231 fu-

2200 4273 2325 4323 tura
2348 4267 2632 4339 reperiat?
2660 4267 2864 4322 Audite
2891 4283 3028 4338 ergo
3060 4267 3347 4339 quomodo
3379 4267 3448 4322 de
3477 4269 3566 4322 his
3591 4285 3694 4323 nos
3718 4269 3847 4340 ipse

2199 4377 2365 4416 verus
2391 4361 2674 4431 Propheta
2698 4361 2977 4415 docuerit.

2269 4455 2356 4509 Ad
2389 4471 2484 4510 eos
2514 4460 2704 4510 autem
2740 4453 2838 4526 qui
2873 4453 3171 4526 negligunt
3197 4454 3394 4510 audire
3421 4455 3589 4510 verba
3615 4455 3844 4526 sapien-

466 4544 662 4598 salutis
687 4546 938 4617 agnosci.
970 4547 1129 4612 Quod
1161 4549 1206 4603 si
1235 4550 1361 4621 quis
1388 4552 1546 4622 pacis
1575 4553 1743 4607 verba
1769 4570 1885 4607 non
1919 4553 2094 4608 susci-
2116 4544 2176 4616 D
2198 4547 2293 4603 tite
2323 4548 2402 4603 ita
2421 4547 2501 4602 ait
2527 4565 2540 4602 :
2569 4567 2595 4598 «
2625 4547 2844 4618 Regina
2865 4548 3041 4603 austri
3063 4552 3262 4618 surget
3282 4548 3339 4602 in
3353 4547 3572 4619 judicio
3594 4565 3724 4603 cum
3748 4565 3850 4619 ge-

465 4636 565 4707 pit,
598 4656 784 4712 neque
822 4642 1126 4714 acquiescit
1149 4644 1393 4713 veritati,
1435 4645 1644 4700 scimus
1671 4647 1938 4701 adversus
1965 4664 2099 4702 eum

464 4749 719 4803 pugnam
744 4736 902 4790 verbi
931 4753 1181 4806 movere,
1212 4741 1268 4794 et
1287 4755 1525 4811 arguere
1547 4740 1732 4794 acrius
1754 4740 2100 4795 confutando

465 4826 868 4895 ignorantiam,
889 4835 944 4885 et
963 4832 1358 4902 redarguendo
1378 4837 1627 4902 peccata.
1657 4832 1976 4887 Necessario
2000 4832 2101 4902 igi-

465 4923 561 4973 tur
598 4935 796 4988 pacem
835 4925 1230 4994 proponimus,
1276 4928 1337 4978 ut
1373 4925 1418 4978 si
1454 4925 1580 4996 quis
1624 4930 1710 4979 est
1744 4925 1893 4978 ﬁlius
1927 4924 2096 4995 pacis,

467 5028 576 5082 pax
601 5017 789 5067 nostra
807 5016 993 5070 veniat
1009 5033 1178 5088 super
1200 5034 1354 5085 eum,
1377 5017 1446 5071 ab
1469 5033 1534 5071 eo
1558 5020 1748 5072 autem
1771 5017 1872 5088 qui
1892 5033 1951 5071 se
1972 5018 2100 5072 alie-

469 5121 608 5158 num
626 5105 776 5176 pacis
791 5107 1472 5181 eﬁ'ecerit,regredietur1
1490 5109 1537 5181 1
1552 5110 1624 5163 ad
1640 5126 1741 5163 nos
1754 5127 1863 5180 pax
1881 5114 2096 5165 nostra.

467 5201 533 5253 Et
561 5199 766 5254 iterum
789 5200 846 5254 in
868 5202 1152 5256 mandatis
1172 5203 1466 5268 habemus,
1491 5207 1553 5257 ut
1572 5202 1864 5257 venientes
1881 5203 1951 5258 ad
1971 5203 2102 5257 civi-

466 5297 641 5348 tatem
669 5293 950 5350 discamus
979 5296 1104 5366 quis
1134 5295 1194 5350 in
1233 5313 1301 5350 ea
1331 5296 1538 5365 dignus
1569 5296 1659 5364 sit,
1699 5300 1759 5349 ut
1793 5297 1940 5366 apud
1967 5313 2099 5352 eum

466 5387 656 5441 cibum
687 5404 997 5455 sumamus,
1028 5393 1088 5443 ut
1116 5393 1328 5460 quanto
1355 5387 1539 5458 magis
1571 5389 1836 5444 convenit
1868 5406 2099 5444 noscere

467 5481 596 5553 quis
620 5482 800 5552 qualis
821 5483 1045 5553 priusve
1067 5483 1139 5537 sit
1161 5483 1207 5536 is
1229 5481 1317 5535 cui
1340 5481 1780 5537 immortalitatis
1799 5483 1969 5538 verba
1985 5499 2102 5539 cre—

467 5576 658 5630 denda
696 5581 845 5630 sunt.
881 5574 1114 5631 Solliciti
1148 5573 1302 5628 enim
1334 5577 1391 5629 et
1416 5575 1574 5630 valde
1605 5575 1828 5631 solliciti
1855 5593 1975 5632 esse
2001 5577 2096 5631 de-

461 5671 683 5741 bemuso,
714 5685 787 5724 ne.
820 5689 848 5721 ‹‹
879 5668 1218 5742 margaritas
1243 5672 1466 5723 nostras
1493 5669 1789 5724 mittamus
1816 5673 1948 5725 ante
1970 5686 2100 5742 por-

467 5779 558 5815 cos
585 5763 800 5831 (Matth.
830 5780 924 5829 vn,
955 5765 1026 5833 6).
1060 5782 1087 5814 ι)

537 5856 641 5910 Sed
682 5861 735 5910 et
765 5857 898 5912 alias
927 5858 996 5912 ob
1036 5873 1226 5911 causas
1265 5856 1400 5912 utile
1436 5861 1513 5910 est
1552 5855 1652 5912 viri
1688 5857 1858 5925 hujus
1884 5857 2096 5912 habere

2202 4641 2498 4695 neratione
2524 4641 2648 4711 hac,
2677 4647 2736 4696 et
2759 4641 3165 4696 condemnabit
3191 4657 3341 4711 eam,
3367 4641 3504 4712 quia
3527 4642 3682 4696 venit
3706 4659 3740 4696 a
3769 4643 3840 4698 ﬁ-

2202 4734 2369 4789 nibus
2403 4738 2568 4790 t‘erraa
2605 4734 2802 4789 audire
2839 4733 3174 4805 sapientiam
3214 4734 3554 4790 Salomonis.
3593 4736 3660 4789 Et
3707 4751 3840 4792 ecce

2200 4829 2504 4899 plusquam
2542 4829 2815 4882 Salomon
2853 4827 2945 4882 hic
2981 4832 3038 4882 et
3072 4844 3187 4882 non
3222 4827 3465 4882 audiunt
3491 4827 3704 4898 (Matth.
3736 4845 3838 4899 xu,

2201 4921 2308 4992 42).
2331 4940 2359 4971 ››
2383 4921 2465 4975 Ad
2488 4937 2586 4976 eos
2609 4937 2741 4974 vero
2768 4920 2867 4991 qui
2893 4921 2965 4975 de
2994 4921 3160 4974 malis
3182 4920 3402 4975 actibus
3424 4936 3621 4991 gerere
3650 4920 3839 4977 detra-

2199 5014 2428 5069 ctabant
2445 5013 2858 5085 paenitentiam,
2880 5014 2961 5068 ita
2984 5014 3064 5068 ait
3087 5029 3100 5068 ε
3127 5035 3154 5062 ‹‹
3182 5013 3298 5067 Viri
3319 5012 3576 5067 Ninivitae
3599 5018 3844 5084 surgent

2199 5107 2258 5161 in
2291 5107 2504 5178 judicio
2545 5123 2674 5162 cum
2711 5106 3084 5178 generatione
3123 5107 3246 5177 hac,
3279 5110 3336 5161 et
3373 5105 3848 5165 condemnabunt

2200 5216 2347 5267 eam,
2377 5201 2510 5272 quia
2532 5201 2926 5271 paenitentiam
2951 5204 3196 5272 egerunt
3219 5200 3279 5254 in
3305 5198 3710 5270 praedicatione
3735 5202 3836 5256 Jo-

2199 5311 2309 5362 nze,
2343 5299 2399 5349 et
2429 5309 2556 5349 ecce
2591 5295 2897 5366 plusquam
2923 5296 3096 5349 Jonas
3129 5293 3225 5348 hic
3259 5293 3407 5362 (Luc.
3435 5309 3514 5359 ιι,
3543 5293 3650 5363 32).
3680 5313 3710 5342 »
3743 5294 3843 5348 Vi-

2199 5387 2343 5442 detis
2360 5403 2496 5458 ergo
2515 5387 2804 5458 quomodo
2827 5404 2924 5442 eos
2943 5387 3044 5458 qui
3063 5385 3472 5441 erudiebantur
3490 5401 3561 5439 ex
3579 5385 3725 5456 lege,
3743 5387 3845 5442 ad-

2200 5480 2384 5534 ductis
2422 5480 2494 5535 ad
2534 5481 2867 5553 exemplum
2905 5480 3014 5534 illis
3052 5479 3151 5550 qui
3177 5494 3246 5534 ex
3284 5478 3483 5549 gentili
3513 5477 3846 5548 ignorantia

2199 5573 2522 5642 veniebant,
2546 5577 2603 5630 et
2629 5575 2932 5630 ostendens
2953 5589 3050 5628 eos
3072 5588 3176 5628 nec
3198 5571 3450 5643 tequales
3467 5570 3576 5624 illis
3595 5586 3716 5628 esse
3739 5574 3844 5643 qui

2199 5666 2261 5720 in
2287 5683 2482 5722 errore
2509 5668 2676 5739 positi
2701 5667 3057 5733 videbantur,
3085 5683 3159 5721 ex
3182 5666 3307 5737 ipsa
3321 5669 3518 5720 tamen
3544 5679 3845 5735 compara-

2201 5760 2353 5815 tione
2373 5761 2799 5818 condemnatos.
2830 5763 2907 5816 Ex
2932 5759 3139 5832 quibus
3166 5759 3430 5814 omnibus
3449 5773 3638 5814 sermo
3661 5775 3840 5830 quem

2198 5856 2606 5926 proposuimus
2632 5854 3000 5928 approbatur,
3025 5857 3088 5910 ut
3113 5852 3439 5910 testimonia
3467 5869 3596 5924 quae
3621 5851 3843 5924 aliqua-
