  <div class='ocr_page' id='page_1' title='image "/cluster/home/n/w/nwhite01/storage/ocr_20150623/130/umn.319510024774230/058.png"; bbox 0 0 4068 6316; ppageno 0'>
   <div class='ocr_carea' id='block_1_1' title="bbox 243 333 3609 409">
    <p class='ocr_par' dir='ltr' id='par_1_1' title="bbox 243 333 3609 409">
     <span class='ocr_line' id='line_1_1' title="bbox 243 333 3609 409; baseline 0.008 -26"><span class='ocrx_word' id='word_1_1' title='bbox 243 333 308 383; x_wconf 81' lang='grc'><strong>53</strong></span> <span class='ocrx_word' id='word_1_2' title='bbox 1457 342 1929 400; x_wconf 79' lang='lat' dir='ltr'><strong>DECRETALIUM</strong></span> <span class='ocrx_word' id='word_1_3' title='bbox 1966 347 2352 404; x_wconf 84' lang='lat' dir='ltr'><strong>COLLECTIO.</strong></span> <span class='ocrx_word' id='word_1_4' title='bbox 3545 355 3609 409; x_wconf 67' lang='grc'><strong>54</strong></span> 
     </span>
    </p>
   </div>
   <div class='ocr_carea' id='block_1_2' title="bbox 240 435 3610 538">
    <p class='ocr_par' dir='ltr' id='par_1_2' title="bbox 240 435 3610 538">
     <span class='ocr_line' id='line_1_2' title="bbox 240 435 3610 538; baseline 0.008 -49"><span class='ocrx_word' id='word_1_5' title='bbox 240 438 409 538; x_wconf 75' lang='lat' dir='ltr'><strong>tenus</strong></span> <span class='ocrx_word' id='word_1_6' title='bbox 433 435 692 538; x_wconf 82' lang='lat' dir='ltr'><strong>etiamab</strong></span> <span class='ocrx_word' id='word_1_7' title='bbox 711 440 801 496; x_wconf 85' lang='lat' dir='ltr'><strong>his</strong></span> <span class='ocrx_word' id='word_1_8' title='bbox 813 441 981 538; x_wconf 83' lang='lat' dir='ltr'><strong>quiin</strong></span> <span class='ocrx_word' id='word_1_9' title='bbox 993 459 1186 501; x_wconf 87' lang='lat' dir='ltr'><strong>errore</strong></span> <span class='ocrx_word' id='word_1_10' title='bbox 1206 451 1338 503; x_wconf 91' lang='lat' dir='ltr'><strong>sunt</strong></span> <span class='ocrx_word' id='word_1_11' title='bbox 1350 448 1516 520; x_wconf 82' lang='lat' dir='ltr'><strong>positi</strong></span> <span class='ocrx_word' id='word_1_12' title='bbox 1541 451 1873 523; x_wconf 83' lang='lat' dir='ltr'><strong>custoditur,</strong></span> <span class='ocrx_word' id='word_1_13' title='bbox 1897 463 1956 538; x_wconf 79' lang='grc' dir='ltr'><strong>Α</strong></span> <span class='ocrx_word' id='word_1_14' title='bbox 1977 471 2074 509; x_wconf 89' lang='lat' dir='ltr'><strong>mo</strong></span> <span class='ocrx_word' id='word_1_15' title='bbox 2101 455 2290 510; x_wconf 90' lang='lat' dir='ltr'><strong>salvus</strong></span> <span class='ocrx_word' id='word_1_16' title='bbox 2319 471 2439 512; x_wconf 87' lang='lat' dir='ltr'><strong>esse</strong></span> <span class='ocrx_word' id='word_1_17' title='bbox 2465 457 2695 528; x_wconf 88' lang='lat' dir='ltr'><strong>poterit,</strong></span> <span class='ocrx_word' id='word_1_18' title='bbox 2725 455 2833 512; x_wconf 84' lang='lat' dir='ltr'><strong>nisi</strong></span> <span class='ocrx_word' id='word_1_19' title='bbox 2863 456 2950 512; x_wconf 86' lang='lat' dir='ltr'><strong>his</strong></span> <span class='ocrx_word' id='word_1_20' title='bbox 2988 457 3474 514; x_wconf 77' lang='lat' dir='ltr'><strong>observationibus</strong></span> <span class='ocrx_word' id='word_1_21' title='bbox 3506 476 3610 532; x_wconf 89' lang='lat' dir='ltr'><strong>pro</strong></span> 
     </span>
    </p>
   </div>
   <div class='ocr_carea' id='block_1_3' title="bbox 227 530 3609 619">
    <p class='ocr_par' dir='ltr' id='par_1_3' title="bbox 227 530 3609 619">
     <span class='ocr_line' id='line_1_3' title="bbox 227 530 3609 619; baseline 0.008 -36"><span class='ocrx_word' id='word_1_22' title='bbox 227 530 418 614; x_wconf 63' lang='lat' dir='ltr'><strong>inulto</strong></span> <span class='ocrx_word' id='word_1_23' title='bbox 447 532 648 602; x_wconf 90' lang='lat' dir='ltr'><strong>purius</strong></span> <span class='ocrx_word' id='word_1_24' title='bbox 668 537 724 588; x_wconf 90' lang='lat' dir='ltr'><strong>et</strong></span> <span class='ocrx_word' id='word_1_25' title='bbox 749 536 1019 591; x_wconf 77' lang='lat' dir='ltr'><strong>attentius</strong></span> <span class='ocrx_word' id='word_1_26' title='bbox 1045 555 1150 609; x_wconf 90' lang='lat' dir='ltr'><strong>per</strong></span> <span class='ocrx_word' id='word_1_27' title='bbox 1175 540 1426 610; x_wconf 87' lang='lat' dir='ltr'><strong>singulas</strong></span> <span class='ocrx_word' id='word_1_28' title='bbox 1452 543 1710 614; x_wconf 89' lang='lat' dir='ltr'><strong>quisque,</strong></span> <span class='ocrx_word' id='word_1_29' title='bbox 1733 545 1877 600; x_wconf 85' lang='lat' dir='ltr'><strong>sicut</strong></span> <span class='ocrx_word' id='word_1_30' title='bbox 1897 530 1956 538; x_wconf 52' lang='grc' dir='ltr'>η</span> <span class='ocrx_word' id='word_1_31' title='bbox 1975 549 2184 603; x_wconf 88' lang='lat' dir='ltr'><strong>viribus</strong></span> <span class='ocrx_word' id='word_1_32' title='bbox 2221 565 2451 619; x_wconf 85' lang='lat' dir='ltr'><strong>operam</strong></span> <span class='ocrx_word' id='word_1_33' title='bbox 2493 549 2732 605; x_wconf 88' lang='lat' dir='ltr'><strong>dederit.</strong></span> <span class='ocrx_word' id='word_1_34' title='bbox 2767 551 2914 605; x_wconf 87' lang='lat' dir='ltr'><strong>Deus</strong></span> <span class='ocrx_word' id='word_1_35' title='bbox 2936 566 3033 604; x_wconf 88' lang='lat' dir='ltr'><strong>vos</strong></span> <span class='ocrx_word' id='word_1_36' title='bbox 3079 550 3137 604; x_wconf 92' lang='lat' dir='ltr'><strong>in</strong></span> <span class='ocrx_word' id='word_1_37' title='bbox 3183 568 3281 606; x_wconf 87' lang='lat' dir='ltr'><strong>sua</strong></span> <span class='ocrx_word' id='word_1_38' title='bbox 3319 530 3609 609; x_wconf 71' lang='lat' dir='ltr'><strong>voluntate</strong></span> 
     </span>
    </p>
   </div>
   <div class='ocr_carea' id='block_1_4' title="bbox 240 625 1873 706">
    <p class='ocr_par' dir='ltr' id='par_1_4' title="bbox 240 625 1873 706">
     <span class='ocr_line' id='line_1_4' title="bbox 240 625 1873 706; baseline 0.011 -30"><span class='ocrx_word' id='word_1_39' title='bbox 240 638 413 694; x_wconf 85' lang='lat' dir='ltr'><strong>snpra</strong></span> <span class='ocrx_word' id='word_1_40' title='bbox 441 625 814 697; x_wconf 87' lang='lat' dir='ltr'><strong>ostendimus,</strong></span> <span class='ocrx_word' id='word_1_41' title='bbox 847 629 1060 700; x_wconf 88' lang='lat' dir='ltr'><strong>species</strong></span> <span class='ocrx_word' id='word_1_42' title='bbox 1083 648 1117 686; x_wconf 89' lang='lat' dir='ltr'><strong>a</strong></span> <span class='ocrx_word' id='word_1_43' title='bbox 1147 633 1310 688; x_wconf 88' lang='lat' dir='ltr'><strong>nobis</strong></span> <span class='ocrx_word' id='word_1_44' title='bbox 1337 635 1434 706; x_wconf 88' lang='lat' dir='ltr'><strong>qui</strong></span> <span class='ocrx_word' id='word_1_45' title='bbox 1463 637 1759 692; x_wconf 81' lang='lat' dir='ltr'><strong>veritatem</strong></span> <span class='ocrx_word' id='word_1_46' title='bbox 1785 654 1873 693; x_wconf 90' lang='lat' dir='ltr'><strong>se-</strong></span> 
     </span>
    </p>
   </div>
   <div class='ocr_carea' id='block_1_5' title="bbox 239 716 1879 798">
    <p class='ocr_par' dir='ltr' id='par_1_5' title="bbox 239 716 1879 798">
     <span class='ocr_line' id='line_1_5' title="bbox 239 716 1879 798; baseline 0.01 -29"><span class='ocrx_word' id='word_1_47' title='bbox 239 716 472 786; x_wconf 86' lang='lat' dir='ltr'><strong>quimur</strong></span> <span class='ocrx_word' id='word_1_48' title='bbox 501 721 780 788; x_wconf 85' lang='lat' dir='ltr'><strong>teneatur,</strong></span> <span class='ocrx_word' id='word_1_49' title='bbox 802 737 869 775; x_wconf 91' lang='lat' dir='ltr'><strong>eo</strong></span> <span class='ocrx_word' id='word_1_50' title='bbox 890 723 1076 794; x_wconf 88' lang='lat' dir='ltr'><strong>magis</strong></span> <span class='ocrx_word' id='word_1_51' title='bbox 1102 726 1257 796; x_wconf 90' lang='lat' dir='ltr'><strong>quod</strong></span> <span class='ocrx_word' id='word_1_52' title='bbox 1279 728 1431 798; x_wconf 89' lang='lat' dir='ltr'><strong>apud</strong></span> <span class='ocrx_word' id='word_1_53' title='bbox 1451 745 1557 784; x_wconf 84' lang='lat' dir='ltr'><strong>nos</strong></span> <span class='ocrx_word' id='word_1_54' title='bbox 1579 729 1879 786; x_wconf 87' lang='lat' dir='ltr'><strong>observan-</strong></span> 
     </span>
    </p>
   </div>
   <div class='ocr_carea' id='block_1_6' title="bbox 245 809 1879 890">
    <p class='ocr_par' dir='ltr' id='par_1_6' title="bbox 245 809 1879 890">
     <span class='ocr_line' id='line_1_6' title="bbox 245 809 1879 890; baseline 0.011 -27"><span class='ocrx_word' id='word_1_55' title='bbox 245 809 341 864; x_wconf 84' lang='lat' dir='ltr'><strong>tim</strong></span> <span class='ocrx_word' id='word_1_56' title='bbox 367 811 489 882; x_wconf 85' lang='lat' dir='ltr'><strong>ejus</strong></span> <span class='ocrx_word' id='word_1_57' title='bbox 514 814 755 884; x_wconf 76' lang='lat' dir='ltr'><strong>praemia</strong></span> <span class='ocrx_word' id='word_1_58' title='bbox 783 818 992 872; x_wconf 83' lang='lat' dir='ltr'><strong>mterna</strong></span> <span class='ocrx_word' id='word_1_59' title='bbox 1022 822 1154 873; x_wconf 86' lang='lat' dir='ltr'><strong>sunt</strong></span> <span class='ocrx_word' id='word_1_60' title='bbox 1181 820 1384 890; x_wconf 88' lang='lat' dir='ltr'><strong>posita.</strong></span> <span class='ocrx_word' id='word_1_61' title='bbox 1412 822 1590 879; x_wconf 85' lang='lat' dir='ltr'><strong>Aliter</strong></span> <span class='ocrx_word' id='word_1_62' title='bbox 1613 823 1768 880; x_wconf 90' lang='lat' dir='ltr'><strong>enim</strong></span> <span class='ocrx_word' id='word_1_63' title='bbox 1783 841 1879 880; x_wconf 88' lang='lat' dir='ltr'><strong>ne-</strong></span> 
     </span>
    </p>
   </div>
   <div class='ocr_carea' id='block_1_7' title="bbox 1974 643 3606 716">
    <p class='ocr_par' dir='ltr' id='par_1_7' title="bbox 1974 643 3606 716">
     <span class='ocr_line' id='line_1_7' title="bbox 1974 643 3606 716; baseline 0.003 -19"><span class='ocrx_word' id='word_1_64' title='bbox 1974 658 2441 714; x_wconf 88' lang='lat' dir='ltr'><strong>unumquemque</strong></span> <span class='ocrx_word' id='word_1_65' title='bbox 2470 643 2527 698; x_wconf 91' lang='lat' dir='ltr'><strong>in</strong></span> <span class='ocrx_word' id='word_1_66' title='bbox 2555 660 2654 698; x_wconf 91' lang='lat' dir='ltr'><strong>suo</strong></span> <span class='ocrx_word' id='word_1_67' title='bbox 2679 644 2882 698; x_wconf 89' lang='lat' dir='ltr'><strong>ordine</strong></span> <span class='ocrx_word' id='word_1_68' title='bbox 2910 659 3138 716; x_wconf 87' lang='lat' dir='ltr'><strong>semper</strong></span> <span class='ocrx_word' id='word_1_69' title='bbox 3167 645 3463 716; x_wconf 87' lang='lat' dir='ltr'><strong>custodiat,</strong></span> <span class='ocrx_word' id='word_1_70' title='bbox 3489 647 3606 702; x_wconf 85' lang='lat' dir='ltr'><strong>fra-</strong></span> 
     </span>
    </p>
   </div>
   <div class='ocr_carea' id='block_1_8' title="bbox 1978 721 3545 840">
    <p class='ocr_par' dir='ltr' id='par_1_8' title="bbox 1978 721 3545 840">
     <span class='ocr_line' id='line_1_8' title="bbox 1978 721 3545 840; baseline 0.003 -50"><span class='ocrx_word' id='word_1_71' title='bbox 1978 739 2110 803; x_wconf 89' lang='lat' dir='ltr'><strong>tres,</strong></span> <span class='ocrx_word' id='word_1_72' title='bbox 2142 737 2199 790; x_wconf 91' lang='lat' dir='ltr'><strong>et</strong></span> <span class='ocrx_word' id='word_1_73' title='bbox 2225 734 2329 790; x_wconf 88' lang='lat' dir='ltr'><strong>sibi</strong></span> <span class='ocrx_word' id='word_1_74' title='bbox 2356 736 2578 807; x_wconf 88' lang='lat' dir='ltr'><strong>placere</strong></span> <span class='ocrx_word' id='word_1_75' title='bbox 2607 737 2666 792; x_wconf 92' lang='lat' dir='ltr'><strong>in</strong></span> <span class='ocrx_word' id='word_1_76' title='bbox 2690 737 2954 794; x_wconf 88' lang='lat' dir='ltr'><strong>omnibus</strong></span> <span class='ocrx_word' id='word_1_77' title='bbox 2974 738 3264 795; x_wconf 88' lang='lat' dir='ltr'><strong>concedat.</strong></span> <span class='ocrx_word' id='word_1_78' title='bbox 3294 721 3545 840; x_wconf 77' lang='lat' dir='ltr'><strong>Amen/</strong></span> 
     </span>
    </p>
   </div>
   <div class='ocr_carea' id='block_1_9' title="bbox 603 1099 3253 1214">
    <p class='ocr_par' dir='ltr' id='par_1_9' title="bbox 603 1099 3253 1214">
     <span class='ocr_line' id='line_1_9' title="bbox 603 1099 3253 1214; baseline 0.007 -24"><span class='ocrx_word' id='word_1_79' title='bbox 603 1099 1158 1196; x_wconf 75' lang='lat' dir='ltr'><strong>EPISTULA.</strong></span> <span class='ocrx_word' id='word_1_80' title='bbox 1225 1107 1682 1214; x_wconf 87' lang='lat' dir='ltr'><strong>QUARTA</strong></span> <span class='ocrx_word' id='word_1_81' title='bbox 1752 1110 2152 1202; x_wconf 87' lang='lat' dir='ltr'><strong>SANCTI</strong></span> <span class='ocrx_word' id='word_1_82' title='bbox 2220 1111 2854 1205; x_wconf 88' lang='lat' dir='ltr'><strong>CLEMENTIS</strong></span> <span class='ocrx_word' id='word_1_83' title='bbox 2923 1117 3253 1208; x_wconf 63' lang='lat' dir='ltr'><strong>PAPIE</strong></span> 
     </span>
    </p>
   </div>
   <div class='ocr_carea' id='block_1_10' title="bbox 321 1252 3523 1348">
    <p class='ocr_par' dir='ltr' id='par_1_10' title="bbox 321 1252 3523 1348">
     <span class='ocr_line' id='line_1_10' title="bbox 321 1252 3523 1348; baseline 0.005 -32"><span class='ocrx_word' id='word_1_84' title='bbox 321 1252 592 1336; x_wconf 81' lang='lat' dir='ltr'><strong>Scripta</strong></span> <span class='ocrx_word' id='word_1_85' title='bbox 631 1255 964 1340; x_wconf 75' lang='lat' dir='ltr'><strong>discipulis</strong></span> <span class='ocrx_word' id='word_1_86' title='bbox 1004 1261 1163 1338; x_wconf 87' lang='lat' dir='ltr'><strong>suis,</strong></span> <span class='ocrx_word' id='word_1_87' title='bbox 1193 1264 1314 1343; x_wconf 87' lang='lat' dir='ltr'><strong>qui</strong></span> <span class='ocrx_word' id='word_1_88' title='bbox 1353 1264 1683 1348; x_wconf 71' lang='lat' dir='ltr'><strong>malorum</strong></span> <span class='ocrx_word' id='word_1_89' title='bbox 1726 1265 2092 1348; x_wconf 73' lang='lat' dir='ltr'><strong>homimum</strong></span> <span class='ocrx_word' id='word_1_90' title='bbox 2129 1265 2666 1348; x_wconf 60' lang='lat' dir='ltr'><strong>persuasionibus</strong></span> <span class='ocrx_word' id='word_1_91' title='bbox 2706 1266 3116 1348; x_wconf 81' lang='lat' dir='ltr'><strong>aliquatenus</strong></span> <span class='ocrx_word' id='word_1_92' title='bbox 3153 1270 3523 1348; x_wconf 77' lang='lat' dir='ltr'><strong>deviarant,</strong></span> 
     </span>
    </p>
   </div>
   <div class='ocr_carea' id='block_1_11' title="bbox 1324 1345 2536 1427">
    <p class='ocr_par' dir='ltr' id='par_1_11' title="bbox 1324 1345 2536 1427">
     <span class='ocr_line' id='line_1_11' title="bbox 1324 1345 2536 1427; baseline 0.002 -22"><span class='ocrx_word' id='word_1_93' title='bbox 1324 1351 1387 1405; x_wconf 88' lang='lat' dir='ltr'><strong>et</strong></span> <span class='ocrx_word' id='word_1_94' title='bbox 1409 1345 1706 1424; x_wconf 76' lang='lat' dir='ltr'><strong>gentibus</strong></span> <span class='ocrx_word' id='word_1_95' title='bbox 1739 1347 1907 1408; x_wconf 85' lang='lat' dir='ltr'><strong>inter</strong></span> <span class='ocrx_word' id='word_1_96' title='bbox 1940 1363 2108 1427; x_wconf 85' lang='lat' dir='ltr'><strong>quas</strong></span> <span class='ocrx_word' id='word_1_97' title='bbox 2131 1345 2536 1408; x_wconf 76' lang='lat' dir='ltr'><strong>habitabant.</strong></span> 
     </span>
    </p>
   </div>
   <div class='ocr_carea' id='block_1_12' title="bbox 306 1469 1872 1551">
    <p class='ocr_par' dir='ltr' id='par_1_12' title="bbox 306 1469 1872 1551">
     <span class='ocr_line' id='line_1_12' title="bbox 306 1469 1872 1551; baseline 0.009 -28"><span class='ocrx_word' id='word_1_98' title='bbox 306 1469 577 1540; x_wconf 68' lang='lat' dir='ltr'><strong>CLEMENS,</strong></span> <span class='ocrx_word' id='word_1_99' title='bbox 618 1474 892 1530; x_wconf 83' lang='lat' dir='ltr'><strong>Romanm</strong></span> <span class='ocrx_word' id='word_1_100' title='bbox 957 1477 1114 1532; x_wconf 89' lang='lat' dir='ltr'><strong>urbis</strong></span> <span class='ocrx_word' id='word_1_101' title='bbox 1163 1480 1482 1551; x_wconf 89' lang='lat' dir='ltr'><strong>episcopus,</strong></span> <span class='ocrx_word' id='word_1_102' title='bbox 1530 1481 1872 1536; x_wconf 88' lang='lat' dir='ltr'><strong>charissimis</strong></span> 
     </span>
    </p>
   </div>
   <div class='ocr_carea' id='block_1_13' title="bbox 232 1561 1873 1646">
    <p class='ocr_par' dir='ltr' id='par_1_13' title="bbox 232 1561 1873 1646">
     <span class='ocr_line' id='line_1_13' title="bbox 232 1561 1873 1646; baseline 0.009 -31"><span class='ocrx_word' id='word_1_103' title='bbox 232 1561 507 1618; x_wconf 86' lang='lat' dir='ltr'><strong>fratribus</strong></span> <span class='ocrx_word' id='word_1_104' title='bbox 530 1567 688 1623; x_wconf 81' lang='lat' dir='ltr'><strong>JULio</strong></span> <span class='ocrx_word' id='word_1_105' title='bbox 731 1573 787 1623; x_wconf 91' lang='lat' dir='ltr'><strong>et</strong></span> <span class='ocrx_word' id='word_1_106' title='bbox 817 1571 1048 1626; x_wconf 74' lang='lat' dir='ltr'><strong>JULIANO</strong></span> <span class='ocrx_word' id='word_1_107' title='bbox 1089 1589 1152 1628; x_wconf 91' lang='lat' dir='ltr'><strong>ac</strong></span> <span class='ocrx_word' id='word_1_108' title='bbox 1193 1573 1428 1646; x_wconf 86' lang='lat' dir='ltr'><strong>reliquis</strong></span> <span class='ocrx_word' id='word_1_109' title='bbox 1476 1575 1873 1630; x_wconf 87' lang='lat' dir='ltr'><strong>consodalibus</strong></span> 
     </span>
    </p>
   </div>
   <div class='ocr_carea' id='block_1_14' title="bbox 239 1657 1866 1739">
    <p class='ocr_par' dir='ltr' id='par_1_14' title="bbox 239 1657 1866 1739">
     <span class='ocr_line' id='line_1_14' title="bbox 239 1657 1866 1739; baseline 0.01 -31"><span class='ocrx_word' id='word_1_110' title='bbox 239 1657 465 1723; x_wconf 87' lang='lat' dir='ltr'><strong>nostris,</strong></span> <span class='ocrx_word' id='word_1_111' title='bbox 499 1661 881 1733; x_wconf 79' lang='lat' dir='ltr'><strong>gentibusque</strong></span> <span class='ocrx_word' id='word_1_112' title='bbox 920 1680 1049 1734; x_wconf 84' lang='lat' dir='ltr'><strong>qum</strong></span> <span class='ocrx_word' id='word_1_113' title='bbox 1092 1666 1240 1720; x_wconf 88' lang='lat' dir='ltr'><strong>circa</strong></span> <span class='ocrx_word' id='word_1_114' title='bbox 1283 1684 1378 1721; x_wconf 92' lang='lat' dir='ltr'><strong>vos</strong></span> <span class='ocrx_word' id='word_1_115' title='bbox 1421 1671 1571 1722; x_wconf 89' lang='lat' dir='ltr'><strong>sunt.</strong></span> <span class='ocrx_word' id='word_1_116' title='bbox 1618 1669 1866 1739; x_wconf 89' lang='lat' dir='ltr'><strong>Oportet,</strong></span> 
     </span>
    </p>
   </div>
   <div class='ocr_carea' id='block_1_15' title="bbox 233 1748 1869 1830">
    <p class='ocr_par' dir='ltr' id='par_1_15' title="bbox 233 1748 1869 1830">
     <span class='ocr_line' id='line_1_15' title="bbox 233 1748 1869 1830; baseline 0.01 -29"><span class='ocrx_word' id='word_1_117' title='bbox 233 1748 463 1818; x_wconf 85' lang='lat' dir='ltr'><strong>fratres,</strong></span> <span class='ocrx_word' id='word_1_118' title='bbox 495 1769 694 1809; x_wconf 91' lang='lat' dir='ltr'><strong>omnes</strong></span> <span class='ocrx_word' id='word_1_119' title='bbox 728 1755 981 1812; x_wconf 76' lang='lat' dir='ltr'><strong>doctores</strong></span> <span class='ocrx_word' id='word_1_120' title='bbox 1021 1760 1120 1830; x_wconf 87' lang='lat' dir='ltr'><strong>qui</strong></span> <span class='ocrx_word' id='word_1_121' title='bbox 1163 1760 1236 1814; x_wconf 90' lang='lat' dir='ltr'><strong>ad</strong></span> <span class='ocrx_word' id='word_1_122' title='bbox 1279 1761 1520 1817; x_wconf 84' lang='lat' dir='ltr'><strong>salutem</strong></span> <span class='ocrx_word' id='word_1_123' title='bbox 1547 1763 1869 1817; x_wconf 89' lang='lat' dir='ltr'><strong>animarum</strong></span> 
     </span>
    </p>
   </div>
   <div class='ocr_carea' id='block_1_16' title="bbox 1971 1481 3606 1555">
    <p class='ocr_par' dir='ltr' id='par_1_16' title="bbox 1971 1481 3606 1555">
     <span class='ocr_line' id='line_1_16' title="bbox 1971 1481 3606 1555; baseline 0.002 -21"><span class='ocrx_word' id='word_1_124' title='bbox 1971 1481 2156 1536; x_wconf 88' lang='lat' dir='ltr'><strong>ritatis</strong></span> <span class='ocrx_word' id='word_1_125' title='bbox 2186 1483 2378 1537; x_wconf 89' lang='lat' dir='ltr'><strong>lumen</strong></span> <span class='ocrx_word' id='word_1_126' title='bbox 2409 1481 2639 1552; x_wconf 81' lang='lat' dir='ltr'><strong>effulsit,</strong></span> <span class='ocrx_word' id='word_1_127' title='bbox 2667 1481 2818 1554; x_wconf 84' lang='lat' dir='ltr'><strong>ignis</strong></span> <span class='ocrx_word' id='word_1_128' title='bbox 2837 1482 3168 1553; x_wconf 86' lang='lat' dir='ltr'><strong>justissimm</strong></span> <span class='ocrx_word' id='word_1_129' title='bbox 3192 1482 3606 1555; x_wconf 81' lang='lat' dir='ltr'><strong>indignationis</strong></span> 
     </span>
    </p>
   </div>
   <div class='ocr_carea' id='block_1_17' title="bbox 1971 1575 3605 1647">
    <p class='ocr_par' dir='ltr' id='par_1_17' title="bbox 1971 1575 3605 1647">
     <span class='ocr_line' id='line_1_17' title="bbox 1971 1575 3605 1647; baseline 0.001 -17"><span class='ocrx_word' id='word_1_130' title='bbox 1971 1575 2314 1643; x_wconf 89' lang='lat' dir='ltr'><strong>accenditur,</strong></span> <span class='ocrx_word' id='word_1_131' title='bbox 2344 1579 2400 1630; x_wconf 91' lang='lat' dir='ltr'><strong>et</strong></span> <span class='ocrx_word' id='word_1_132' title='bbox 2443 1575 2752 1630; x_wconf 88' lang='lat' dir='ltr'><strong>iracundim</strong></span> <span class='ocrx_word' id='word_1_133' title='bbox 2778 1578 2892 1631; x_wconf 91' lang='lat' dir='ltr'><strong>Deo</strong></span> <span class='ocrx_word' id='word_1_134' title='bbox 2917 1576 3139 1647; x_wconf 84' lang='lat' dir='ltr'><strong>placitm</strong></span> <span class='ocrx_word' id='word_1_135' title='bbox 3166 1576 3316 1631; x_wconf 88' lang='lat' dir='ltr'><strong>intra</strong></span> <span class='ocrx_word' id='word_1_136' title='bbox 3339 1593 3437 1631; x_wconf 90' lang='lat' dir='ltr'><strong>vos</strong></span> <span class='ocrx_word' id='word_1_137' title='bbox 3469 1593 3605 1632; x_wconf 91' lang='lat' dir='ltr'><strong>con-</strong></span> 
     </span>
    </p>
   </div>
   <div class='ocr_carea' id='block_1_18' title="bbox 1967 1668 3605 1739">
    <p class='ocr_par' dir='ltr' id='par_1_18' title="bbox 1967 1668 3605 1739">
     <span class='ocr_line' id='line_1_18' title="bbox 1967 1668 3605 1739; baseline 0.001 -17"><span class='ocrx_word' id='word_1_138' title='bbox 1967 1669 2152 1739; x_wconf 85' lang='lat' dir='ltr'><strong>surgit</strong></span> <span class='ocrx_word' id='word_1_139' title='bbox 2171 1668 2522 1737; x_wconf 90' lang='lat' dir='ltr'><strong>incendium,</strong></span> <span class='ocrx_word' id='word_1_140' title='bbox 2542 1685 2657 1739; x_wconf 87' lang='lat' dir='ltr'><strong>quo</strong></span> <span class='ocrx_word' id='word_1_141' title='bbox 2679 1674 3050 1724; x_wconf 89' lang='lat' dir='ltr'><strong>consumatur</strong></span> <span class='ocrx_word' id='word_1_142' title='bbox 3071 1673 3129 1724; x_wconf 91' lang='lat' dir='ltr'><strong>et</strong></span> <span class='ocrx_word' id='word_1_143' title='bbox 3145 1670 3415 1724; x_wconf 89' lang='lat' dir='ltr'><strong>radicitus</strong></span> <span class='ocrx_word' id='word_1_144' title='bbox 3437 1670 3605 1724; x_wconf 91' lang='lat' dir='ltr'><strong>inter-</strong></span> 
     </span>
    </p>
   </div>
   <div class='ocr_carea' id='block_1_19' title="bbox 1970 1762 3605 1833">
    <p class='ocr_par' dir='ltr' id='par_1_19' title="bbox 1970 1762 3605 1833">
     <span class='ocr_line' id='line_1_19' title="bbox 1970 1762 3605 1833; baseline 0.001 -17"><span class='ocrx_word' id='word_1_145' title='bbox 1970 1766 2061 1816; x_wconf 86' lang='lat' dir='ltr'><strong>eat</strong></span> <span class='ocrx_word' id='word_1_146' title='bbox 2102 1777 2272 1816; x_wconf 90' lang='lat' dir='ltr'><strong>omne</strong></span> <span class='ocrx_word' id='word_1_147' title='bbox 2319 1777 2556 1833; x_wconf 87' lang='lat' dir='ltr'><strong>germen</strong></span> <span class='ocrx_word' id='word_1_148' title='bbox 2593 1762 2748 1833; x_wconf 91' lang='lat' dir='ltr'><strong>quod</strong></span> <span class='ocrx_word' id='word_1_149' title='bbox 2785 1762 2933 1817; x_wconf 88' lang='lat' dir='ltr'><strong>forte</strong></span> <span class='ocrx_word' id='word_1_150' title='bbox 2969 1763 3029 1817; x_wconf 94' lang='lat' dir='ltr'><strong>in</strong></span> <span class='ocrx_word' id='word_1_151' title='bbox 3067 1766 3220 1817; x_wconf 90' lang='lat' dir='ltr'><strong>terra</strong></span> <span class='ocrx_word' id='word_1_152' title='bbox 3256 1764 3420 1818; x_wconf 85' lang='lat' dir='ltr'><strong>malm</strong></span> <span class='ocrx_word' id='word_1_153' title='bbox 3467 1779 3605 1817; x_wconf 91' lang='lat' dir='ltr'><strong>con-</strong></span> 
     </span>
    </p>
   </div>
   <div class='ocr_carea' id='block_1_20' title="bbox 239 1836 3606 1926">
    <p class='ocr_par' dir='ltr' id='par_1_20' title="bbox 239 1836 3606 1926">
     <span class='ocr_line' id='line_1_20' title="bbox 239 1836 3606 1926; baseline 0.004 -31"><span class='ocrx_word' id='word_1_154' title='bbox 239 1842 485 1898; x_wconf 91' lang='lat' dir='ltr'><strong>instituti</strong></span> <span class='ocrx_word' id='word_1_155' title='bbox 513 1851 665 1914; x_wconf 89' lang='lat' dir='ltr'><strong>sunt,</strong></span> <span class='ocrx_word' id='word_1_156' title='bbox 694 1853 753 1903; x_wconf 91' lang='lat' dir='ltr'><strong>et</strong></span> <span class='ocrx_word' id='word_1_157' title='bbox 771 1850 844 1903; x_wconf 88' lang='lat' dir='ltr'><strong>ad</strong></span> <span class='ocrx_word' id='word_1_158' title='bbox 871 1850 1167 1907; x_wconf 86' lang='lat' dir='ltr'><strong>lucrandas</strong></span> <span class='ocrx_word' id='word_1_159' title='bbox 1204 1854 1422 1908; x_wconf 89' lang='lat' dir='ltr'><strong>animas</strong></span> <span class='ocrx_word' id='word_1_160' title='bbox 1455 1854 1706 1926; x_wconf 90' lang='lat' dir='ltr'><strong>episcopi</strong></span> <span class='ocrx_word' id='word_1_161' title='bbox 1740 1836 1946 1910; x_wconf 87' lang='lat' dir='ltr'><strong>suntB</strong></span> <span class='ocrx_word' id='word_1_162' title='bbox 1971 1855 2330 1926; x_wconf 90' lang='lat' dir='ltr'><strong>cupiseentim</strong></span> <span class='ocrx_word' id='word_1_163' title='bbox 2361 1854 2707 1926; x_wconf 82' lang='lat' dir='ltr'><strong>pullulavit?</strong></span> <span class='ocrx_word' id='word_1_164' title='bbox 2736 1856 2894 1910; x_wconf 90' lang='lat' dir='ltr'><strong>Unde</strong></span> <span class='ocrx_word' id='word_1_165' title='bbox 2923 1858 2980 1910; x_wconf 90' lang='lat' dir='ltr'><strong>et</strong></span> <span class='ocrx_word' id='word_1_166' title='bbox 3004 1855 3124 1926; x_wconf 90' lang='lat' dir='ltr'><strong>ipse</strong></span> <span class='ocrx_word' id='word_1_167' title='bbox 3168 1856 3266 1926; x_wconf 90' lang='lat' dir='ltr'><strong>qui</strong></span> <span class='ocrx_word' id='word_1_168' title='bbox 3308 1855 3462 1910; x_wconf 91' lang='lat' dir='ltr'><strong>misit</strong></span> <span class='ocrx_word' id='word_1_169' title='bbox 3505 1872 3606 1909; x_wconf 90' lang='lat' dir='ltr'><strong>nos</strong></span> 
     </span>
    </p>
   </div>
   <div class='ocr_carea' id='block_1_21' title="bbox 239 1939 1870 2018">
    <p class='ocr_par' dir='ltr' id='par_1_21' title="bbox 239 1939 1870 2018">
     <span class='ocr_line' id='line_1_21' title="bbox 239 1939 1870 2018; baseline 0.009 -30"><span class='ocrx_word' id='word_1_170' title='bbox 239 1939 574 2008; x_wconf 89' lang='lat' dir='ltr'><strong>consecrati,</strong></span> <span class='ocrx_word' id='word_1_171' title='bbox 606 1957 711 2011; x_wconf 89' lang='lat' dir='ltr'><strong>pro</strong></span> <span class='ocrx_word' id='word_1_172' title='bbox 739 1943 954 1997; x_wconf 90' lang='lat' dir='ltr'><strong>cunctis</strong></span> <span class='ocrx_word' id='word_1_173' title='bbox 979 1945 1410 2002; x_wconf 88' lang='lat' dir='ltr'><strong>sollicitudinem</strong></span> <span class='ocrx_word' id='word_1_174' title='bbox 1451 1964 1671 2018; x_wconf 87' lang='lat' dir='ltr'><strong>gerere,</strong></span> <span class='ocrx_word' id='word_1_175' title='bbox 1696 1951 1753 2002; x_wconf 91' lang='lat' dir='ltr'><strong>et</strong></span> <span class='ocrx_word' id='word_1_176' title='bbox 1779 1965 1870 2003; x_wconf 89' lang='lat' dir='ltr'><strong>er-</strong></span> 
     </span>
    </p>
   </div>
   <div class='ocr_carea' id='block_1_22' title="bbox 241 2031 1874 2110">
    <p class='ocr_par' dir='ltr' id='par_1_22' title="bbox 241 2031 1874 2110">
     <span class='ocr_line' id='line_1_22' title="bbox 241 2031 1874 2110; baseline 0.009 -27"><span class='ocrx_word' id='word_1_177' title='bbox 241 2034 428 2086; x_wconf 87' lang='lat' dir='ltr'><strong>rantes</strong></span> <span class='ocrx_word' id='word_1_178' title='bbox 457 2031 530 2086; x_wconf 89' lang='lat' dir='ltr'><strong>ad</strong></span> <span class='ocrx_word' id='word_1_179' title='bbox 560 2032 709 2088; x_wconf 90' lang='lat' dir='ltr'><strong>viam</strong></span> <span class='ocrx_word' id='word_1_180' title='bbox 728 2036 980 2091; x_wconf 83' lang='lat' dir='ltr'><strong>veritatis</strong></span> <span class='ocrx_word' id='word_1_181' title='bbox 1016 2043 1072 2094; x_wconf 90' lang='lat' dir='ltr'><strong>et</strong></span> <span class='ocrx_word' id='word_1_182' title='bbox 1113 2039 1188 2094; x_wconf 89' lang='lat' dir='ltr'><strong>ad</strong></span> <span class='ocrx_word' id='word_1_183' title='bbox 1227 2045 1455 2110; x_wconf 89' lang='lat' dir='ltr'><strong>portum</strong></span> <span class='ocrx_word' id='word_1_184' title='bbox 1483 2041 1680 2097; x_wconf 90' lang='lat' dir='ltr'><strong>salutis</strong></span> <span class='ocrx_word' id='word_1_185' title='bbox 1706 2043 1874 2098; x_wconf 89' lang='lat' dir='ltr'><strong>redu-</strong></span> 
     </span>
    </p>
   </div>
   <div class='ocr_carea' id='block_1_23' title="bbox 237 2126 1872 2204">
    <p class='ocr_par' dir='ltr' id='par_1_23' title="bbox 237 2126 1872 2204">
     <span class='ocr_line' id='line_1_23' title="bbox 237 2126 1872 2204; baseline 0.009 -28"><span class='ocrx_word' id='word_1_186' title='bbox 237 2139 392 2178; x_wconf 90' lang='lat' dir='ltr'><strong>cere.</strong></span> <span class='ocrx_word' id='word_1_187' title='bbox 420 2126 487 2180; x_wconf 92' lang='lat' dir='ltr'><strong>Et</strong></span> <span class='ocrx_word' id='word_1_188' title='bbox 523 2126 655 2182; x_wconf 92' lang='lat' dir='ltr'><strong>licet</strong></span> <span class='ocrx_word' id='word_1_189' title='bbox 693 2132 930 2201; x_wconf 84' lang='lat' dir='ltr'><strong>prepter</strong></span> <span class='ocrx_word' id='word_1_190' title='bbox 963 2135 1165 2201; x_wconf 89' lang='lat' dir='ltr'><strong>gentes</strong></span> <span class='ocrx_word' id='word_1_191' title='bbox 1207 2149 1335 2204; x_wconf 86' lang='lat' dir='ltr'><strong>qum</strong></span> <span class='ocrx_word' id='word_1_192' title='bbox 1361 2133 1506 2188; x_wconf 88' lang='lat' dir='ltr'><strong>circa</strong></span> <span class='ocrx_word' id='word_1_193' title='bbox 1530 2151 1627 2189; x_wconf 91' lang='lat' dir='ltr'><strong>vos</strong></span> <span class='ocrx_word' id='word_1_194' title='bbox 1656 2140 1790 2190; x_wconf 88' lang='lat' dir='ltr'><strong>sunt</strong></span> <span class='ocrx_word' id='word_1_195' title='bbox 1813 2137 1872 2190; x_wconf 91' lang='lat' dir='ltr'><strong>in</strong></span> 
     </span>
    </p>
   </div>
   <div class='ocr_carea' id='block_1_24' title="bbox 233 2217 1874 2296">
    <p class='ocr_par' dir='ltr' id='par_1_24' title="bbox 233 2217 1874 2296">
     <span class='ocr_line' id='line_1_24' title="bbox 233 2217 1874 2296; baseline 0.009 -26"><span class='ocrx_word' id='word_1_196' title='bbox 233 2217 463 2273; x_wconf 87' lang='lat' dir='ltr'><strong>modico</strong></span> <span class='ocrx_word' id='word_1_197' title='bbox 478 2235 574 2273; x_wconf 91' lang='lat' dir='ltr'><strong>vos</strong></span> <span class='ocrx_word' id='word_1_198' title='bbox 587 2236 802 2277; x_wconf 88' lang='lat' dir='ltr'><strong>errasse</strong></span> <span class='ocrx_word' id='word_1_199' title='bbox 814 2223 1136 2296; x_wconf 89' lang='lat' dir='ltr'><strong>contigerit,</strong></span> <span class='ocrx_word' id='word_1_200' title='bbox 1150 2225 1355 2281; x_wconf 90' lang='lat' dir='ltr'><strong>melius</strong></span> <span class='ocrx_word' id='word_1_201' title='bbox 1375 2230 1461 2281; x_wconf 87' lang='lat' dir='ltr'><strong>est</strong></span> <span class='ocrx_word' id='word_1_202' title='bbox 1475 2232 1668 2283; x_wconf 89' lang='lat' dir='ltr'><strong>tamen</strong></span> <span class='ocrx_word' id='word_1_203' title='bbox 1687 2228 1874 2283; x_wconf 89' lang='lat' dir='ltr'><strong>redire</strong></span> 
     </span>
    </p>
   </div>
   <div class='ocr_carea' id='block_1_25' title="bbox 240 2310 1874 2393">
    <p class='ocr_par' dir='ltr' id='par_1_25' title="bbox 240 2310 1874 2393">
     <span class='ocr_line' id='line_1_25' title="bbox 240 2310 1874 2393; baseline 0.008 -29"><span class='ocrx_word' id='word_1_204' title='bbox 240 2310 317 2364; x_wconf 89' lang='lat' dir='ltr'><strong>ad</strong></span> <span class='ocrx_word' id='word_1_205' title='bbox 342 2313 596 2367; x_wconf 76' lang='lat' dir='ltr'><strong>veritatis</strong></span> <span class='ocrx_word' id='word_1_206' title='bbox 622 2314 772 2368; x_wconf 91' lang='lat' dir='ltr'><strong>viam</strong></span> <span class='ocrx_word' id='word_1_207' title='bbox 805 2333 975 2387; x_wconf 88' lang='lat' dir='ltr'><strong>quam</strong></span> <span class='ocrx_word' id='word_1_208' title='bbox 1001 2317 1214 2374; x_wconf 90' lang='lat' dir='ltr'><strong>diutius</strong></span> <span class='ocrx_word' id='word_1_209' title='bbox 1237 2319 1297 2374; x_wconf 90' lang='lat' dir='ltr'><strong>in</strong></span> <span class='ocrx_word' id='word_1_210' title='bbox 1322 2320 1444 2392; x_wconf 90' lang='lat' dir='ltr'><strong>ipso</strong></span> <span class='ocrx_word' id='word_1_211' title='bbox 1466 2336 1656 2376; x_wconf 91' lang='lat' dir='ltr'><strong>errore</strong></span> <span class='ocrx_word' id='word_1_212' title='bbox 1685 2339 1874 2393; x_wconf 88' lang='lat' dir='ltr'><strong>perse-</strong></span> 
     </span>
    </p>
   </div>
   <div class='ocr_carea' id='block_1_26' title="bbox 237 2407 1873 2484">
    <p class='ocr_par' dir='ltr' id='par_1_26' title="bbox 237 2407 1873 2484">
     <span class='ocr_line' id='line_1_26' title="bbox 237 2407 1873 2484; baseline 0.009 -28"><span class='ocrx_word' id='word_1_213' title='bbox 237 2407 852 2480; x_wconf 88' lang='lat' dir='ltr'><strong>verare.Quoscunque</strong></span> <span class='ocrx_word' id='word_1_214' title='bbox 880 2411 1034 2466; x_wconf 91' lang='lat' dir='ltr'><strong>enim</strong></span> <span class='ocrx_word' id='word_1_215' title='bbox 1055 2412 1126 2466; x_wconf 91' lang='lat' dir='ltr'><strong>de</strong></span> <span class='ocrx_word' id='word_1_216' title='bbox 1147 2413 1236 2467; x_wconf 88' lang='lat' dir='ltr'><strong>his</strong></span> <span class='ocrx_word' id='word_1_217' title='bbox 1256 2415 1354 2484; x_wconf 91' lang='lat' dir='ltr'><strong>qui</strong></span> <span class='ocrx_word' id='word_1_218' title='bbox 1386 2431 1482 2469; x_wconf 88' lang='lat' dir='ltr'><strong>vos</strong></span> <span class='ocrx_word' id='word_1_219' title='bbox 1509 2431 1701 2471; x_wconf 89' lang='lat' dir='ltr'><strong>errare</strong></span> <span class='ocrx_word' id='word_1_220' title='bbox 1729 2417 1873 2472; x_wconf 83' lang='lat' dir='ltr'><strong>fece-</strong></span> 
     </span>
    </p>
   </div>
   <div class='ocr_carea' id='block_1_27' title="bbox 234 2501 1871 2578">
    <p class='ocr_par' dir='ltr' id='par_1_27' title="bbox 234 2501 1871 2578">
     <span class='ocr_line' id='line_1_27' title="bbox 234 2501 1871 2578; baseline 0.007 -26"><span class='ocrx_word' id='word_1_221' title='bbox 234 2503 393 2564; x_wconf 89' lang='lat' dir='ltr'><strong>runt,</strong></span> <span class='ocrx_word' id='word_1_222' title='bbox 414 2501 503 2554; x_wconf 86' lang='lat' dir='ltr'><strong>vel</strong></span> <span class='ocrx_word' id='word_1_223' title='bbox 525 2501 596 2554; x_wconf 93' lang='lat' dir='ltr'><strong>de</strong></span> <span class='ocrx_word' id='word_1_224' title='bbox 618 2501 706 2556; x_wconf 89' lang='lat' dir='ltr'><strong>his</strong></span> <span class='ocrx_word' id='word_1_225' title='bbox 736 2503 832 2572; x_wconf 91' lang='lat' dir='ltr'><strong>qui</strong></span> <span class='ocrx_word' id='word_1_226' title='bbox 857 2504 1042 2559; x_wconf 89' lang='lat' dir='ltr'><strong>adhuc</strong></span> <span class='ocrx_word' id='word_1_227' title='bbox 1060 2506 1299 2561; x_wconf 85' lang='lat' dir='ltr'><strong>verbum</strong></span> <span class='ocrx_word' id='word_1_228' title='bbox 1320 2508 1734 2578; x_wconf 88' lang='lat' dir='ltr'><strong>prmdicationis</strong></span> <span class='ocrx_word' id='word_1_229' title='bbox 1757 2526 1871 2564; x_wconf 92' lang='lat' dir='ltr'><strong>non</strong></span> 
     </span>
    </p>
   </div>
   <div class='ocr_carea' id='block_1_28' title="bbox 239 2592 1873 2669">
    <p class='ocr_par' dir='ltr' id='par_1_28' title="bbox 239 2592 1873 2669">
     <span class='ocr_line' id='line_1_28' title="bbox 239 2592 1873 2669; baseline 0.009 -24"><span class='ocrx_word' id='word_1_230' title='bbox 239 2592 569 2661; x_wconf 89' lang='lat' dir='ltr'><strong>audierunt,</strong></span> <span class='ocrx_word' id='word_1_231' title='bbox 603 2597 860 2666; x_wconf 90' lang='lat' dir='ltr'><strong>potestis,</strong></span> <span class='ocrx_word' id='word_1_232' title='bbox 889 2598 1182 2654; x_wconf 86' lang='lat' dir='ltr'><strong>vobiscum</strong></span> <span class='ocrx_word' id='word_1_233' title='bbox 1211 2602 1501 2669; x_wconf 90' lang='lat' dir='ltr'><strong>assumite,</strong></span> <span class='ocrx_word' id='word_1_234' title='bbox 1538 2608 1595 2658; x_wconf 90' lang='lat' dir='ltr'><strong>et</strong></span> <span class='ocrx_word' id='word_1_235' title='bbox 1622 2603 1695 2657; x_wconf 90' lang='lat' dir='ltr'><strong>ad</strong></span> <span class='ocrx_word' id='word_1_236' title='bbox 1722 2604 1873 2658; x_wconf 88' lang='lat' dir='ltr'><strong>viam</strong></span> 
     </span>
    </p>
   </div>
   <div class='ocr_carea' id='block_1_29' title="bbox 236 2685 1873 2757">
    <p class='ocr_par' dir='ltr' id='par_1_29' title="bbox 236 2685 1873 2757">
     <span class='ocr_line' id='line_1_29' title="bbox 236 2685 1873 2757; baseline 0.009 -19"><span class='ocrx_word' id='word_1_237' title='bbox 236 2685 496 2742; x_wconf 75' lang='lat' dir='ltr'><strong>veritatis</strong></span> <span class='ocrx_word' id='word_1_238' title='bbox 540 2689 817 2757; x_wconf 90' lang='lat' dir='ltr'><strong>reducite,</strong></span> <span class='ocrx_word' id='word_1_239' title='bbox 863 2708 938 2746; x_wconf 93' lang='lat' dir='ltr'><strong>ne</strong></span> <span class='ocrx_word' id='word_1_240' title='bbox 987 2692 1321 2749; x_wconf 89' lang='lat' dir='ltr'><strong>infructuosi</strong></span> <span class='ocrx_word' id='word_1_241' title='bbox 1346 2695 1584 2750; x_wconf 90' lang='lat' dir='ltr'><strong>Domino</strong></span> <span class='ocrx_word' id='word_1_242' title='bbox 1623 2695 1873 2752; x_wconf 88' lang='lat' dir='ltr'><strong>invenia-</strong></span> 
     </span>
    </p>
   </div>
   <div class='ocr_carea' id='block_1_30' title="bbox 235 2779 1863 2861">
    <p class='ocr_par' dir='ltr' id='par_1_30' title="bbox 235 2779 1863 2861">
     <span class='ocr_line' id='line_1_30' title="bbox 235 2779 1863 2861; baseline 0.008 -29"><span class='ocrx_word' id='word_1_243' title='bbox 235 2779 403 2834; x_wconf 89' lang='lat' dir='ltr'><strong>mini.</strong></span> <span class='ocrx_word' id='word_1_244' title='bbox 433 2781 501 2835; x_wconf 88' lang='lat' dir='ltr'><strong>Et</strong></span> <span class='ocrx_word' id='word_1_245' title='bbox 528 2783 798 2852; x_wconf 87' lang='lat' dir='ltr'><strong>quoniam</strong></span> <span class='ocrx_word' id='word_1_246' title='bbox 837 2785 1070 2855; x_wconf 88' lang='lat' dir='ltr'><strong>quidem</strong></span> <span class='ocrx_word' id='word_1_247' title='bbox 1105 2786 1251 2841; x_wconf 89' lang='lat' dir='ltr'><strong>sicut</strong></span> <span class='ocrx_word' id='word_1_248' title='bbox 1284 2805 1317 2842; x_wconf 90' lang='lat' dir='ltr'><strong>a</strong></span> <span class='ocrx_word' id='word_1_249' title='bbox 1353 2788 1570 2843; x_wconf 93' lang='lat' dir='ltr'><strong>cultore</strong></span> <span class='ocrx_word' id='word_1_250' title='bbox 1599 2791 1863 2861; x_wconf 88' lang='lat' dir='ltr'><strong>neglecta</strong></span> 
     </span>
    </p>
   </div>
   <div class='ocr_carea' id='block_1_31' title="bbox 236 2874 1873 2952">
    <p class='ocr_par' dir='ltr' id='par_1_31' title="bbox 236 2874 1873 2952">
     <span class='ocr_line' id='line_1_31' title="bbox 236 2874 1873 2952; baseline 0.007 -26"><span class='ocrx_word' id='word_1_251' title='bbox 236 2876 391 2927; x_wconf 89' lang='lat' dir='ltr'><strong>terra</strong></span> <span class='ocrx_word' id='word_1_252' title='bbox 408 2874 601 2945; x_wconf 88' lang='lat' dir='ltr'><strong>spinas</strong></span> <span class='ocrx_word' id='word_1_253' title='bbox 616 2881 672 2932; x_wconf 91' lang='lat' dir='ltr'><strong>et</strong></span> <span class='ocrx_word' id='word_1_254' title='bbox 694 2877 936 2934; x_wconf 87' lang='lat' dir='ltr'><strong>tribulos</strong></span> <span class='ocrx_word' id='word_1_255' title='bbox 951 2881 1271 2935; x_wconf 89' lang='lat' dir='ltr'><strong>necessario</strong></span> <span class='ocrx_word' id='word_1_256' title='bbox 1286 2881 1570 2952; x_wconf 89' lang='lat' dir='ltr'><strong>producit,</strong></span> <span class='ocrx_word' id='word_1_257' title='bbox 1584 2883 1660 2937; x_wconf 87' lang='lat' dir='ltr'><strong>ita</strong></span> <span class='ocrx_word' id='word_1_258' title='bbox 1678 2899 1873 2938; x_wconf 90' lang='lat' dir='ltr'><strong>sensus</strong></span> 
     </span>
    </p>
   </div>
   <div class='ocr_carea' id='block_1_32' title="bbox 237 2967 1874 3048">
    <p class='ocr_par' dir='ltr' id='par_1_32' title="bbox 237 2967 1874 3048">
     <span class='ocr_line' id='line_1_32' title="bbox 237 2967 1874 3048; baseline 0.009 -30"><span class='ocrx_word' id='word_1_259' title='bbox 237 2971 426 3020; x_wconf 87' lang='lat' dir='ltr'><strong>vester</strong></span> <span class='ocrx_word' id='word_1_260' title='bbox 457 2967 620 3040; x_wconf 87' lang='lat' dir='ltr'><strong>longi</strong></span> <span class='ocrx_word' id='word_1_261' title='bbox 647 2972 918 3042; x_wconf 84' lang='lat' dir='ltr'><strong>temporis</strong></span> <span class='ocrx_word' id='word_1_262' title='bbox 943 2973 1160 3028; x_wconf 89' lang='lat' dir='ltr'><strong>incuria</strong></span> <span class='ocrx_word' id='word_1_263' title='bbox 1187 2974 1396 3029; x_wconf 87' lang='lat' dir='ltr'><strong>multas</strong></span> <span class='ocrx_word' id='word_1_264' title='bbox 1436 2979 1492 3030; x_wconf 92' lang='lat' dir='ltr'><strong>et</strong></span> <span class='ocrx_word' id='word_1_265' title='bbox 1517 2977 1717 3031; x_wconf 81' lang='lat' dir='ltr'><strong>noxias</strong></span> <span class='ocrx_word' id='word_1_266' title='bbox 1758 2977 1874 3048; x_wconf 88' lang='lat' dir='ltr'><strong>opi-</strong></span> 
     </span>
    </p>
   </div>
   <div class='ocr_carea' id='block_1_33' title="bbox 239 3060 1874 3141">
    <p class='ocr_par' dir='ltr' id='par_1_33' title="bbox 239 3060 1874 3141">
     <span class='ocr_line' id='line_1_33' title="bbox 239 3060 1874 3141; baseline 0.007 -27"><span class='ocrx_word' id='word_1_267' title='bbox 239 3060 439 3116; x_wconf 89' lang='lat' dir='ltr'><strong>niones</strong></span> <span class='ocrx_word' id='word_1_268' title='bbox 463 3077 660 3118; x_wconf 90' lang='lat' dir='ltr'><strong>rerum</strong></span> <span class='ocrx_word' id='word_1_269' title='bbox 690 3067 748 3118; x_wconf 89' lang='lat' dir='ltr'><strong>et</strong></span> <span class='ocrx_word' id='word_1_270' title='bbox 773 3064 1182 3138; x_wconf 88' lang='lat' dir='ltr'><strong>intelligentias</strong></span> <span class='ocrx_word' id='word_1_271' title='bbox 1199 3069 1356 3122; x_wconf 89' lang='lat' dir='ltr'><strong>falsm</strong></span> <span class='ocrx_word' id='word_1_272' title='bbox 1384 3069 1637 3125; x_wconf 73' lang='lat' dir='ltr'><strong>scientiae</strong></span> <span class='ocrx_word' id='word_1_273' title='bbox 1667 3071 1874 3141; x_wconf 88' lang='lat' dir='ltr'><strong>germi-</strong></span> 
     </span>
    </p>
   </div>
   <div class='ocr_carea' id='block_1_34' title="bbox 237 3155 1871 3231">
    <p class='ocr_par' dir='ltr' id='par_1_34' title="bbox 237 3155 1871 3231">
     <span class='ocr_line' id='line_1_34' title="bbox 237 3155 1871 3231; baseline 0.007 -23"><span class='ocrx_word' id='word_1_274' title='bbox 237 3155 419 3225; x_wconf 90' lang='lat' dir='ltr'><strong>navit,</strong></span> <span class='ocrx_word' id='word_1_275' title='bbox 439 3171 583 3227; x_wconf 91' lang='lat' dir='ltr'><strong>opus</strong></span> <span class='ocrx_word' id='word_1_276' title='bbox 609 3160 864 3213; x_wconf 89' lang='lat' dir='ltr'><strong>estnunc</strong></span> <span class='ocrx_word' id='word_1_277' title='bbox 885 3160 1063 3214; x_wconf 89' lang='lat' dir='ltr'><strong>multa</strong></span> <span class='ocrx_word' id='word_1_278' title='bbox 1087 3160 1380 3231; x_wconf 87' lang='lat' dir='ltr'><strong>diligentia</strong></span> <span class='ocrx_word' id='word_1_279' title='bbox 1399 3163 1472 3216; x_wconf 90' lang='lat' dir='ltr'><strong>ad</strong></span> <span class='ocrx_word' id='word_1_280' title='bbox 1499 3164 1871 3219; x_wconf 84' lang='lat' dir='ltr'><strong>excolendum</strong></span> 
     </span>
    </p>
   </div>
   <div class='ocr_carea' id='block_1_35' title="bbox 237 3249 1875 3328">
    <p class='ocr_par' dir='ltr' id='par_1_35' title="bbox 237 3249 1875 3328">
     <span class='ocr_line' id='line_1_35' title="bbox 237 3249 1875 3328; baseline 0.007 -26"><span class='ocrx_word' id='word_1_281' title='bbox 237 3263 336 3302; x_wconf 91' lang='lat' dir='ltr'><strong>rus</strong></span> <span class='ocrx_word' id='word_1_282' title='bbox 382 3249 591 3304; x_wconf 90' lang='lat' dir='ltr'><strong>mentis</strong></span> <span class='ocrx_word' id='word_1_283' title='bbox 625 3255 844 3319; x_wconf 89' lang='lat' dir='ltr'><strong>vestrm,</strong></span> <span class='ocrx_word' id='word_1_284' title='bbox 886 3257 948 3306; x_wconf 92' lang='lat' dir='ltr'><strong>ut</strong></span> <span class='ocrx_word' id='word_1_285' title='bbox 989 3253 1094 3308; x_wconf 92' lang='lat' dir='ltr'><strong>hoc</strong></span> <span class='ocrx_word' id='word_1_286' title='bbox 1137 3270 1322 3309; x_wconf 89' lang='lat' dir='ltr'><strong>sermo</strong></span> <span class='ocrx_word' id='word_1_287' title='bbox 1349 3256 1598 3312; x_wconf 89' lang='lat' dir='ltr'><strong>veritatis</strong></span> <span class='ocrx_word' id='word_1_288' title='bbox 1635 3257 1752 3328; x_wconf 90' lang='lat' dir='ltr'><strong>(qui</strong></span> <span class='ocrx_word' id='word_1_289' title='bbox 1791 3263 1875 3314; x_wconf 87' lang='lat' dir='ltr'><strong>est</strong></span> 
     </span>
    </p>
   </div>
   <div class='ocr_carea' id='block_1_36' title="bbox 236 3342 1872 3418">
    <p class='ocr_par' dir='ltr' id='par_1_36' title="bbox 236 3342 1872 3418">
     <span class='ocr_line' id='line_1_36' title="bbox 236 3342 1872 3418; baseline 0.007 -24"><span class='ocrx_word' id='word_1_290' title='bbox 236 3357 408 3396; x_wconf 88' lang='lat' dir='ltr'><strong>verus</strong></span> <span class='ocrx_word' id='word_1_291' title='bbox 434 3346 491 3397; x_wconf 91' lang='lat' dir='ltr'><strong>et</strong></span> <span class='ocrx_word' id='word_1_292' title='bbox 516 3342 760 3414; x_wconf 89' lang='lat' dir='ltr'><strong>diligens</strong></span> <span class='ocrx_word' id='word_1_293' title='bbox 786 3347 970 3401; x_wconf 89' lang='lat' dir='ltr'><strong>cordis</strong></span> <span class='ocrx_word' id='word_1_294' title='bbox 997 3347 1250 3418; x_wconf 91' lang='lat' dir='ltr'><strong>colonus)</strong></span> <span class='ocrx_word' id='word_1_295' title='bbox 1287 3349 1524 3404; x_wconf 88' lang='lat' dir='ltr'><strong>assiduis</strong></span> <span class='ocrx_word' id='word_1_296' title='bbox 1545 3351 1757 3406; x_wconf 88' lang='lat' dir='ltr'><strong>excolat</strong></span> <span class='ocrx_word' id='word_1_297' title='bbox 1784 3351 1872 3406; x_wconf 92' lang='lat' dir='ltr'><strong>di-</strong></span> 
     </span>
    </p>
   </div>
   <div class='ocr_carea' id='block_1_37' title="bbox 237 3435 1875 3512">
    <p class='ocr_par' dir='ltr' id='par_1_37' title="bbox 237 3435 1875 3512">
     <span class='ocr_line' id='line_1_37' title="bbox 237 3435 1875 3512; baseline 0.007 -23"><span class='ocrx_word' id='word_1_298' title='bbox 237 3435 509 3507; x_wconf 89' lang='lat' dir='ltr'><strong>sciplinis.</strong></span> <span class='ocrx_word' id='word_1_299' title='bbox 542 3437 804 3493; x_wconf 85' lang='lat' dir='ltr'><strong>Vestrum</strong></span> <span class='ocrx_word' id='word_1_300' title='bbox 838 3455 976 3510; x_wconf 89' lang='lat' dir='ltr'><strong>ergo</strong></span> <span class='ocrx_word' id='word_1_301' title='bbox 1008 3445 1093 3496; x_wconf 91' lang='lat' dir='ltr'><strong>est</strong></span> <span class='ocrx_word' id='word_1_302' title='bbox 1118 3442 1375 3512; x_wconf 88' lang='lat' dir='ltr'><strong>prmbere</strong></span> <span class='ocrx_word' id='word_1_303' title='bbox 1402 3443 1786 3499; x_wconf 89' lang='lat' dir='ltr'><strong>obedientiam</strong></span> <span class='ocrx_word' id='word_1_304' title='bbox 1819 3450 1875 3501; x_wconf 90' lang='lat' dir='ltr'><strong>et</strong></span> 
     </span>
    </p>
   </div>
   <div class='ocr_carea' id='block_1_38' title="bbox 241 3529 1870 3608">
    <p class='ocr_par' dir='ltr' id='par_1_38' title="bbox 241 3529 1870 3608">
     <span class='ocr_line' id='line_1_38' title="bbox 241 3529 1870 3608; baseline 0.006 -25"><span class='ocrx_word' id='word_1_305' title='bbox 241 3529 662 3601; x_wconf 89' lang='lat' dir='ltr'><strong>occupationes,</strong></span> <span class='ocrx_word' id='word_1_306' title='bbox 689 3548 753 3587; x_wconf 93' lang='lat' dir='ltr'><strong>ac</strong></span> <span class='ocrx_word' id='word_1_307' title='bbox 774 3533 1184 3590; x_wconf 89' lang='lat' dir='ltr'><strong>sollicitudines</strong></span> <span class='ocrx_word' id='word_1_308' title='bbox 1209 3535 1520 3607; x_wconf 87' lang='lat' dir='ltr'><strong>superﬂuas</strong></span> <span class='ocrx_word' id='word_1_309' title='bbox 1548 3540 1870 3608; x_wconf 86' lang='lat' dir='ltr'><strong>amputare,</strong></span> 
     </span>
    </p>
   </div>
   <div class='ocr_carea' id='block_1_39' title="bbox 242 3622 1872 3702">
    <p class='ocr_par' dir='ltr' id='par_1_39' title="bbox 242 3622 1872 3702">
     <span class='ocr_line' id='line_1_39' title="bbox 242 3622 1872 3702; baseline 0.006 -25"><span class='ocrx_word' id='word_1_310' title='bbox 242 3639 314 3677; x_wconf 89' lang='lat' dir='ltr'><strong>ne</strong></span> <span class='ocrx_word' id='word_1_311' title='bbox 337 3622 555 3679; x_wconf 89' lang='lat' dir='ltr'><strong>bonum</strong></span> <span class='ocrx_word' id='word_1_312' title='bbox 582 3625 738 3680; x_wconf 91' lang='lat' dir='ltr'><strong>verbi</strong></span> <span class='ocrx_word' id='word_1_313' title='bbox 759 3642 954 3682; x_wconf 90' lang='lat' dir='ltr'><strong>semen</strong></span> <span class='ocrx_word' id='word_1_314' title='bbox 982 3634 1178 3684; x_wconf 90' lang='lat' dir='ltr'><strong>enecet</strong></span> <span class='ocrx_word' id='word_1_315' title='bbox 1201 3630 1439 3685; x_wconf 80' lang='lat' dir='ltr'><strong>noxium</strong></span> <span class='ocrx_word' id='word_1_316' title='bbox 1467 3647 1709 3702; x_wconf 85' lang='lat' dir='ltr'><strong>germen</strong></span> <span class='ocrx_word' id='word_1_317' title='bbox 1727 3622 1872 3702; x_wconf 62' lang='grc' dir='ltr'><strong>εἶρο-</strong></span> 
     </span>
    </p>
   </div>
   <div class='ocr_carea' id='block_1_40' title="bbox 239 3717 1875 3796">
    <p class='ocr_par' dir='ltr' id='par_1_40' title="bbox 239 3717 1875 3796">
     <span class='ocr_line' id='line_1_40' title="bbox 239 3717 1875 3796; baseline 0.005 -25"><span class='ocrx_word' id='word_1_318' title='bbox 239 3720 348 3771; x_wconf 88' lang='lat' dir='ltr'><strong>test</strong></span> <span class='ocrx_word' id='word_1_319' title='bbox 375 3717 536 3772; x_wconf 89' lang='lat' dir='ltr'><strong>enim</strong></span> <span class='ocrx_word' id='word_1_320' title='bbox 564 3717 689 3774; x_wconf 86' lang='lat' dir='ltr'><strong>ﬁeri</strong></span> <span class='ocrx_word' id='word_1_321' title='bbox 714 3722 778 3774; x_wconf 92' lang='lat' dir='ltr'><strong>ut</strong></span> <span class='ocrx_word' id='word_1_322' title='bbox 801 3721 966 3776; x_wconf 89' lang='lat' dir='ltr'><strong>multi</strong></span> <span class='ocrx_word' id='word_1_323' title='bbox 987 3723 1266 3794; x_wconf 89' lang='lat' dir='ltr'><strong>temporis</strong></span> <span class='ocrx_word' id='word_1_324' title='bbox 1293 3724 1728 3796; x_wconf 89' lang='lat' dir='ltr'><strong>negligentiam,</strong></span> <span class='ocrx_word' id='word_1_325' title='bbox 1749 3717 1875 3780; x_wconf 80' lang='lat' dir='ltr'><strong>bre-</strong></span> 
     </span>
    </p>
   </div>
   <div class='ocr_carea' id='block_1_41' title="bbox 241 3809 1874 3889">
    <p class='ocr_par' dir='ltr' id='par_1_41' title="bbox 241 3809 1874 3889">
     <span class='ocr_line' id='line_1_41' title="bbox 241 3809 1874 3889; baseline 0.007 -27"><span class='ocrx_word' id='word_1_326' title='bbox 241 3809 322 3864; x_wconf 88' lang='lat' dir='ltr'><strong>vis</strong></span> <span class='ocrx_word' id='word_1_327' title='bbox 356 3813 414 3866; x_wconf 90' lang='lat' dir='ltr'><strong>et</strong></span> <span class='ocrx_word' id='word_1_328' title='bbox 451 3810 678 3866; x_wconf 86' lang='lat' dir='ltr'><strong>assidua</strong></span> <span class='ocrx_word' id='word_1_329' title='bbox 706 3818 931 3884; x_wconf 88' lang='lat' dir='ltr'><strong>reparet</strong></span> <span class='ocrx_word' id='word_1_330' title='bbox 959 3815 1275 3887; x_wconf 88' lang='lat' dir='ltr'><strong>diligentia.</strong></span> <span class='ocrx_word' id='word_1_331' title='bbox 1307 3819 1590 3872; x_wconf 85' lang='lat' dir='ltr'><strong>Incertum</strong></span> <span class='ocrx_word' id='word_1_332' title='bbox 1620 3833 1874 3889; x_wconf 88' lang='lat' dir='ltr'><strong>namque</strong></span> 
     </span>
    </p>
   </div>
   <div class='ocr_carea' id='block_1_42' title="bbox 242 3903 1875 3979">
    <p class='ocr_par' dir='ltr' id='par_1_42' title="bbox 242 3903 1875 3979">
     <span class='ocr_line' id='line_1_42' title="bbox 242 3903 1875 3979; baseline 0.006 -23"><span class='ocrx_word' id='word_1_333' title='bbox 242 3905 328 3958; x_wconf 90' lang='lat' dir='ltr'><strong>est</strong></span> <span class='ocrx_word' id='word_1_334' title='bbox 352 3903 802 3977; x_wconf 86' lang='lat' dir='ltr'><strong>uniuscujusque</strong></span> <span class='ocrx_word' id='word_1_335' title='bbox 827 3910 1054 3979; x_wconf 90' lang='lat' dir='ltr'><strong>tempus</strong></span> <span class='ocrx_word' id='word_1_336' title='bbox 1073 3910 1224 3965; x_wconf 91' lang='lat' dir='ltr'><strong>vitm.</strong></span> <span class='ocrx_word' id='word_1_337' title='bbox 1249 3911 1316 3964; x_wconf 89' lang='lat' dir='ltr'><strong>Et</strong></span> <span class='ocrx_word' id='word_1_338' title='bbox 1341 3910 1468 3966; x_wconf 91' lang='lat' dir='ltr'><strong>ideo</strong></span> <span class='ocrx_word' id='word_1_339' title='bbox 1488 3910 1875 3966; x_wconf 90' lang='lat' dir='ltr'><strong>festinandum</strong></span> 
     </span>
    </p>
   </div>
   <div class='ocr_carea' id='block_1_43' title="bbox 241 3996 1876 4076">
    <p class='ocr_par' dir='ltr' id='par_1_43' title="bbox 241 3996 1876 4076">
     <span class='ocr_line' id='line_1_43' title="bbox 241 3996 1876 4076; baseline 0.007 -27"><span class='ocrx_word' id='word_1_340' title='bbox 241 4000 324 4051; x_wconf 90' lang='lat' dir='ltr'><strong>est</strong></span> <span class='ocrx_word' id='word_1_341' title='bbox 347 3996 420 4051; x_wconf 91' lang='lat' dir='ltr'><strong>ad</strong></span> <span class='ocrx_word' id='word_1_342' title='bbox 449 3997 708 4066; x_wconf 88' lang='lat' dir='ltr'><strong>salutem,</strong></span> <span class='ocrx_word' id='word_1_343' title='bbox 735 4015 808 4054; x_wconf 90' lang='lat' dir='ltr'><strong>ne</strong></span> <span class='ocrx_word' id='word_1_344' title='bbox 839 3999 982 4056; x_wconf 89' lang='lat' dir='ltr'><strong>forte</strong></span> <span class='ocrx_word' id='word_1_345' title='bbox 1013 4006 1373 4058; x_wconf 89' lang='lat' dir='ltr'><strong>cunctantem</strong></span> <span class='ocrx_word' id='word_1_346' title='bbox 1394 4019 1548 4058; x_wconf 91' lang='lat' dir='ltr'><strong>mors</strong></span> <span class='ocrx_word' id='word_1_347' title='bbox 1572 4005 1876 4076; x_wconf 89' lang='lat' dir='ltr'><strong>repentina</strong></span> 
     </span>
    </p>
   </div>
   <div class='ocr_carea' id='block_1_44' title="bbox 241 4091 1876 4166">
    <p class='ocr_par' dir='ltr' id='par_1_44' title="bbox 241 4091 1876 4166">
     <span class='ocr_line' id='line_1_44' title="bbox 241 4091 1876 4166; baseline 0.006 -23"><span class='ocrx_word' id='word_1_348' title='bbox 241 4091 578 4160; x_wconf 86' lang='lat' dir='ltr'><strong>prmveniat;</strong></span> <span class='ocrx_word' id='word_1_349' title='bbox 603 4094 662 4146; x_wconf 91' lang='lat' dir='ltr'><strong>et</strong></span> <span class='ocrx_word' id='word_1_350' title='bbox 687 4091 760 4146; x_wconf 93' lang='lat' dir='ltr'><strong>ob</strong></span> <span class='ocrx_word' id='word_1_351' title='bbox 787 4093 894 4148; x_wconf 92' lang='lat' dir='ltr'><strong>hoc</strong></span> <span class='ocrx_word' id='word_1_352' title='bbox 918 4095 1104 4149; x_wconf 89' lang='lat' dir='ltr'><strong>acrius</strong></span> <span class='ocrx_word' id='word_1_353' title='bbox 1131 4095 1491 4152; x_wconf 89' lang='lat' dir='ltr'><strong>innitendum</strong></span> <span class='ocrx_word' id='word_1_354' title='bbox 1511 4101 1616 4166; x_wconf 90' lang='lat' dir='ltr'><strong>est,</strong></span> <span class='ocrx_word' id='word_1_355' title='bbox 1637 4103 1702 4153; x_wconf 92' lang='lat' dir='ltr'><strong>ut</strong></span> <span class='ocrx_word' id='word_1_356' title='bbox 1719 4098 1876 4166; x_wconf 90' lang='lat' dir='ltr'><strong>(dum</strong></span> 
     </span>
    </p>
   </div>
   <div class='ocr_carea' id='block_1_45' title="bbox 244 4184 1875 4259">
    <p class='ocr_par' dir='ltr' id='par_1_45' title="bbox 244 4184 1875 4259">
     <span class='ocr_line' id='line_1_45' title="bbox 244 4184 1875 4259; baseline 0.006 -23"><span class='ocrx_word' id='word_1_357' title='bbox 244 4187 329 4236; x_wconf 88' lang='lat' dir='ltr'><strong>est</strong></span> <span class='ocrx_word' id='word_1_358' title='bbox 369 4184 647 4256; x_wconf 89' lang='lat' dir='ltr'><strong>temporis</strong></span> <span class='ocrx_word' id='word_1_359' title='bbox 693 4187 956 4259; x_wconf 89' lang='lat' dir='ltr'><strong>spatium)</strong></span> <span class='ocrx_word' id='word_1_360' title='bbox 983 4188 1217 4243; x_wconf 91' lang='lat' dir='ltr'><strong>collecta</strong></span> <span class='ocrx_word' id='word_1_361' title='bbox 1253 4189 1418 4244; x_wconf 88' lang='lat' dir='ltr'><strong>malm</strong></span> <span class='ocrx_word' id='word_1_362' title='bbox 1450 4191 1875 4246; x_wconf 84' lang='lat' dir='ltr'><strong>consuetudinis</strong></span> 
     </span>
    </p>
   </div>
   <div class='ocr_carea' id='block_1_46' title="bbox 243 4277 1871 4356">
    <p class='ocr_par' dir='ltr' id='par_1_46' title="bbox 243 4277 1871 4356">
     <span class='ocr_line' id='line_1_46' title="bbox 243 4277 1871 4356; baseline 0.007 -27"><span class='ocrx_word' id='word_1_363' title='bbox 243 4277 373 4331; x_wconf 84' lang='lat' dir='ltr'><strong>vitia</strong></span> <span class='ocrx_word' id='word_1_364' title='bbox 398 4281 750 4333; x_wconf 88' lang='lat' dir='ltr'><strong>resecentur.</strong></span> <span class='ocrx_word' id='word_1_365' title='bbox 781 4279 944 4344; x_wconf 87' lang='lat' dir='ltr'><strong>Quod</strong></span> <span class='ocrx_word' id='word_1_366' title='bbox 989 4298 1105 4336; x_wconf 91' lang='lat' dir='ltr'><strong>non</strong></span> <span class='ocrx_word' id='word_1_367' title='bbox 1149 4282 1317 4337; x_wconf 86' lang='lat' dir='ltr'><strong>aliter</strong></span> <span class='ocrx_word' id='word_1_368' title='bbox 1363 4283 1547 4339; x_wconf 91' lang='lat' dir='ltr'><strong>facere</strong></span> <span class='ocrx_word' id='word_1_369' title='bbox 1590 4285 1871 4356; x_wconf 89' lang='lat' dir='ltr'><strong>poteritis,</strong></span> 
     </span>
    </p>
   </div>
   <div class='ocr_carea' id='block_1_47' title="bbox 245 4369 1877 4452">
    <p class='ocr_par' dir='ltr' id='par_1_47' title="bbox 245 4369 1877 4452">
     <span class='ocr_line' id='line_1_47' title="bbox 245 4369 1877 4452; baseline 0.006 -28"><span class='ocrx_word' id='word_1_370' title='bbox 245 4369 350 4424; x_wconf 89' lang='lat' dir='ltr'><strong>nisi</strong></span> <span class='ocrx_word' id='word_1_371' title='bbox 368 4374 428 4424; x_wconf 93' lang='lat' dir='ltr'><strong>ut</strong></span> <span class='ocrx_word' id='word_1_372' title='bbox 453 4370 778 4427; x_wconf 89' lang='lat' dir='ltr'><strong>irascamini</strong></span> <span class='ocrx_word' id='word_1_373' title='bbox 803 4374 1229 4444; x_wconf 89' lang='lat' dir='ltr'><strong>quodammodo</strong></span> <span class='ocrx_word' id='word_1_374' title='bbox 1250 4378 1558 4452; x_wconf 89' lang='lat' dir='ltr'><strong>adversum</strong></span> <span class='ocrx_word' id='word_1_375' title='bbox 1577 4378 1877 4450; x_wconf 88' lang='lat' dir='ltr'><strong>vosmetip-</strong></span> 
     </span>
    </p>
   </div>
   <div class='ocr_carea' id='block_1_48' title="bbox 243 4465 1875 4542">
    <p class='ocr_par' dir='ltr' id='par_1_48' title="bbox 243 4465 1875 4542">
     <span class='ocr_line' id='line_1_48' title="bbox 243 4465 1875 4542; baseline 0.006 -25"><span class='ocrx_word' id='word_1_376' title='bbox 243 4479 328 4516; x_wconf 86' lang='lat' dir='ltr'><strong>sos</strong></span> <span class='ocrx_word' id='word_1_377' title='bbox 353 4481 458 4534; x_wconf 93' lang='lat' dir='ltr'><strong>pro</strong></span> <span class='ocrx_word' id='word_1_378' title='bbox 483 4465 573 4520; x_wconf 88' lang='lat' dir='ltr'><strong>his</strong></span> <span class='ocrx_word' id='word_1_379' title='bbox 603 4481 734 4536; x_wconf 90' lang='lat' dir='ltr'><strong>qum</strong></span> <span class='ocrx_word' id='word_1_380' title='bbox 760 4466 1038 4523; x_wconf 89' lang='lat' dir='ltr'><strong>inutiliter</strong></span> <span class='ocrx_word' id='word_1_381' title='bbox 1063 4468 1334 4539; x_wconf 90' lang='lat' dir='ltr'><strong>gessistis,</strong></span> <span class='ocrx_word' id='word_1_382' title='bbox 1365 4487 1428 4525; x_wconf 93' lang='lat' dir='ltr'><strong>ac</strong></span> <span class='ocrx_word' id='word_1_383' title='bbox 1459 4471 1720 4542; x_wconf 89' lang='lat' dir='ltr'><strong>turpiter.</strong></span> <span class='ocrx_word' id='word_1_384' title='bbox 1747 4473 1875 4527; x_wconf 89' lang='lat' dir='ltr'><strong>Hmc</strong></span> 
     </span>
    </p>
   </div>
   <div class='ocr_carea' id='block_1_49' title="bbox 1894 3203 1948 3278">
    <p class='ocr_par' dir='ltr' id='par_1_49' title="bbox 1894 3203 1948 3278">
     <span class='ocr_line' id='line_1_49' title="bbox 1894 3203 1948 3278; baseline 0 0"><span class='ocrx_word' id='word_1_385' title='bbox 1894 3203 1948 3278; x_wconf 87' lang='lat' dir='ltr'>C</span> 
     </span>
    </p>
   </div>
   <div class='ocr_carea' id='block_1_50' title="bbox 1973 1947 3604 2017">
    <p class='ocr_par' dir='ltr' id='par_1_50' title="bbox 1973 1947 3604 2017">
     <span class='ocr_line' id='line_1_50' title="bbox 1973 1947 3604 2017; baseline 0 -15"><span class='ocrx_word' id='word_1_386' title='bbox 1973 1963 2104 2002; x_wconf 91' lang='lat' dir='ltr'><strong>cum</strong></span> <span class='ocrx_word' id='word_1_387' title='bbox 2129 1948 2391 2017; x_wconf 89' lang='lat' dir='ltr'><strong>venisset,</strong></span> <span class='ocrx_word' id='word_1_388' title='bbox 2421 1951 2479 2002; x_wconf 90' lang='lat' dir='ltr'><strong>et</strong></span> <span class='ocrx_word' id='word_1_389' title='bbox 2507 1964 2736 2002; x_wconf 90' lang='lat' dir='ltr'><strong>omnem</strong></span> <span class='ocrx_word' id='word_1_390' title='bbox 2762 1948 3044 2003; x_wconf 88' lang='lat' dir='ltr'><strong>mundum</strong></span> <span class='ocrx_word' id='word_1_391' title='bbox 3073 1948 3300 2004; x_wconf 89' lang='lat' dir='ltr'><strong>vidisset</strong></span> <span class='ocrx_word' id='word_1_392' title='bbox 3337 1949 3408 2003; x_wconf 92' lang='lat' dir='ltr'><strong>ad</strong></span> <span class='ocrx_word' id='word_1_393' title='bbox 3437 1947 3604 2003; x_wconf 85' lang='lat' dir='ltr'><strong>mali-</strong></span> 
     </span>
    </p>
   </div>
   <div class='ocr_carea' id='block_1_51' title="bbox 1971 2041 3607 2112">
    <p class='ocr_par' dir='ltr' id='par_1_51' title="bbox 1971 2041 3607 2112">
     <span class='ocr_line' id='line_1_51' title="bbox 1971 2041 3607 2112; baseline -0.001 -16"><span class='ocrx_word' id='word_1_394' title='bbox 1971 2041 2112 2096; x_wconf 89' lang='lat' dir='ltr'><strong>tiam</strong></span> <span class='ocrx_word' id='word_1_395' title='bbox 2134 2041 2458 2109; x_wconf 90' lang='lat' dir='ltr'><strong>declinasse,</strong></span> <span class='ocrx_word' id='word_1_396' title='bbox 2485 2058 2600 2096; x_wconf 91' lang='lat' dir='ltr'><strong>non</strong></span> <span class='ocrx_word' id='word_1_397' title='bbox 2627 2041 2898 2096; x_wconf 84' lang='lat' dir='ltr'><strong>continuo</strong></span> <span class='ocrx_word' id='word_1_398' title='bbox 2921 2042 2974 2097; x_wconf 92' lang='lat' dir='ltr'><strong>ei</strong></span> <span class='ocrx_word' id='word_1_399' title='bbox 2997 2058 3222 2112; x_wconf 90' lang='lat' dir='ltr'><strong>pacem,</strong></span> <span class='ocrx_word' id='word_1_400' title='bbox 3240 2041 3300 2096; x_wconf 90' lang='lat' dir='ltr'><strong>in</strong></span> <span class='ocrx_word' id='word_1_401' title='bbox 3319 2041 3607 2097; x_wconf 87' lang='lat' dir='ltr'><strong>erroribus</strong></span> 
     </span>
    </p>
   </div>
   <div class='ocr_carea' id='block_1_52' title="bbox 1971 2133 3608 2205">
    <p class='ocr_par' dir='ltr' id='par_1_52' title="bbox 1971 2133 3608 2205">
     <span class='ocr_line' id='line_1_52' title="bbox 1971 2133 3608 2205; baseline -0.001 -16"><span class='ocrx_word' id='word_1_402' title='bbox 1971 2134 2182 2205; x_wconf 89' lang='lat' dir='ltr'><strong>posito,</strong></span> <span class='ocrx_word' id='word_1_403' title='bbox 2205 2134 2380 2202; x_wconf 91' lang='lat' dir='ltr'><strong>dedit,</strong></span> <span class='ocrx_word' id='word_1_404' title='bbox 2405 2150 2476 2188; x_wconf 89' lang='lat' dir='ltr'><strong>ne</strong></span> <span class='ocrx_word' id='word_1_405' title='bbox 2501 2151 2634 2189; x_wconf 91' lang='lat' dir='ltr'><strong>eum</strong></span> <span class='ocrx_word' id='word_1_406' title='bbox 2655 2134 3017 2189; x_wconf 85' lang='lat' dir='ltr'><strong>conﬁrmaret</strong></span> <span class='ocrx_word' id='word_1_407' title='bbox 3041 2133 3102 2189; x_wconf 92' lang='lat' dir='ltr'><strong>in</strong></span> <span class='ocrx_word' id='word_1_408' title='bbox 3126 2134 3308 2202; x_wconf 89' lang='lat' dir='ltr'><strong>malis,</strong></span> <span class='ocrx_word' id='word_1_409' title='bbox 3332 2134 3429 2189; x_wconf 91' lang='lat' dir='ltr'><strong>sed</strong></span> <span class='ocrx_word' id='word_1_410' title='bbox 3449 2134 3608 2205; x_wconf 89' lang='lat' dir='ltr'><strong>igno-</strong></span> 
     </span>
    </p>
   </div>
   <div class='ocr_carea' id='block_1_53' title="bbox 1972 2227 3605 2299">
    <p class='ocr_par' dir='ltr' id='par_1_53' title="bbox 1972 2227 3605 2299">
     <span class='ocr_line' id='line_1_53' title="bbox 1972 2227 3605 2299; baseline -0.001 -18"><span class='ocrx_word' id='word_1_411' title='bbox 1972 2227 2173 2282; x_wconf 90' lang='lat' dir='ltr'><strong>rantim</strong></span> <span class='ocrx_word' id='word_1_412' title='bbox 2219 2227 2341 2298; x_wconf 88' lang='lat' dir='ltr'><strong>ejus</strong></span> <span class='ocrx_word' id='word_1_413' title='bbox 2369 2227 2553 2282; x_wconf 90' lang='lat' dir='ltr'><strong>ruinis</strong></span> <span class='ocrx_word' id='word_1_414' title='bbox 2598 2227 2897 2283; x_wconf 91' lang='lat' dir='ltr'><strong>scientiam</strong></span> <span class='ocrx_word' id='word_1_415' title='bbox 2925 2227 3176 2282; x_wconf 82' lang='lat' dir='ltr'><strong>veritatis</strong></span> <span class='ocrx_word' id='word_1_416' title='bbox 3208 2227 3489 2299; x_wconf 91' lang='lat' dir='ltr'><strong>opposuit,</strong></span> <span class='ocrx_word' id='word_1_417' title='bbox 3526 2230 3605 2294; x_wconf 91' lang='lat' dir='ltr'><strong>ut,</strong></span> 
     </span>
    </p>
   </div>
   <div class='ocr_carea' id='block_1_54' title="bbox 1972 2319 3604 2392">
    <p class='ocr_par' dir='ltr' id='par_1_54' title="bbox 1972 2319 3604 2392">
     <span class='ocr_line' id='line_1_54' title="bbox 1972 2319 3604 2392; baseline 0 -18"><span class='ocrx_word' id='word_1_418' title='bbox 1972 2319 2021 2374; x_wconf 89' lang='lat' dir='ltr'><strong>si</strong></span> <span class='ocrx_word' id='word_1_419' title='bbox 2052 2320 2150 2391; x_wconf 92' lang='lat' dir='ltr'><strong>qui</strong></span> <span class='ocrx_word' id='word_1_420' title='bbox 2177 2320 2318 2376; x_wconf 86' lang='lat' dir='ltr'><strong>forte</strong></span> <span class='ocrx_word' id='word_1_421' title='bbox 2348 2319 2764 2392; x_wconf 89' lang='lat' dir='ltr'><strong>resipiscerent,</strong></span> <span class='ocrx_word' id='word_1_422' title='bbox 2797 2325 2854 2376; x_wconf 91' lang='lat' dir='ltr'><strong>et</strong></span> <span class='ocrx_word' id='word_1_423' title='bbox 2875 2321 3069 2376; x_wconf 89' lang='lat' dir='ltr'><strong>lumen</strong></span> <span class='ocrx_word' id='word_1_424' title='bbox 3097 2320 3348 2376; x_wconf 86' lang='lat' dir='ltr'><strong>veritatis</strong></span> <span class='ocrx_word' id='word_1_425' title='bbox 3388 2319 3604 2391; x_wconf 87' lang='lat' dir='ltr'><strong>aspice-</strong></span> 
     </span>
    </p>
   </div>
   <div class='ocr_carea' id='block_1_55' title="bbox 1971 2414 3606 2486">
    <p class='ocr_par' dir='ltr' id='par_1_55' title="bbox 1971 2414 3606 2486">
     <span class='ocr_line' id='line_1_55' title="bbox 1971 2414 3606 2486; baseline 0.001 -20"><span class='ocrx_word' id='word_1_426' title='bbox 1971 2417 2120 2483; x_wconf 91' lang='lat' dir='ltr'><strong>rent,</strong></span> <span class='ocrx_word' id='word_1_427' title='bbox 2153 2414 2422 2486; x_wconf 89' lang='lat' dir='ltr'><strong>deceptes</strong></span> <span class='ocrx_word' id='word_1_428' title='bbox 2448 2431 2529 2484; x_wconf 90' lang='lat' dir='ltr'><strong>se,</strong></span> <span class='ocrx_word' id='word_1_429' title='bbox 2559 2419 2616 2470; x_wconf 90' lang='lat' dir='ltr'><strong>et</strong></span> <span class='ocrx_word' id='word_1_430' title='bbox 2638 2415 2698 2468; x_wconf 91' lang='lat' dir='ltr'><strong>in</strong></span> <span class='ocrx_word' id='word_1_431' title='bbox 2724 2414 3034 2486; x_wconf 85' lang='lat' dir='ltr'><strong>prmcipitia</strong></span> <span class='ocrx_word' id='word_1_432' title='bbox 3061 2414 3269 2469; x_wconf 85' lang='lat' dir='ltr'><strong>erroris</strong></span> <span class='ocrx_word' id='word_1_433' title='bbox 3297 2414 3606 2468; x_wconf 88' lang='lat' dir='ltr'><strong>abstractos</strong></span> 
     </span>
    </p>
   </div>
   <div class='ocr_carea' id='block_1_56' title="bbox 1971 2506 3602 2577">
    <p class='ocr_par' dir='ltr' id='par_1_56' title="bbox 1971 2506 3602 2577">
     <span class='ocr_line' id='line_1_56' title="bbox 1971 2506 3602 2577; baseline 0 -16"><span class='ocrx_word' id='word_1_434' title='bbox 1971 2506 2175 2562; x_wconf 89' lang='lat' dir='ltr'><strong>merito</strong></span> <span class='ocrx_word' id='word_1_435' title='bbox 2212 2508 2490 2575; x_wconf 90' lang='lat' dir='ltr'><strong>dolerent,</strong></span> <span class='ocrx_word' id='word_1_436' title='bbox 2519 2511 2576 2562; x_wconf 91' lang='lat' dir='ltr'><strong>et</strong></span> <span class='ocrx_word' id='word_1_437' title='bbox 2610 2507 2922 2563; x_wconf 78' lang='lat' dir='ltr'><strong>iracundim</strong></span> <span class='ocrx_word' id='word_1_438' title='bbox 2964 2507 3227 2562; x_wconf 89' lang='lat' dir='ltr'><strong>salutaris</strong></span> <span class='ocrx_word' id='word_1_439' title='bbox 3273 2507 3466 2577; x_wconf 88' lang='lat' dir='ltr'><strong>ignem</strong></span> <span class='ocrx_word' id='word_1_440' title='bbox 3505 2507 3602 2561; x_wconf 90' lang='lat' dir='ltr'><strong>ad-</strong></span> 
     </span>
    </p>
   </div>
   <div class='ocr_carea' id='block_1_57' title="bbox 1971 2599 3602 2671">
    <p class='ocr_par' dir='ltr' id='par_1_57' title="bbox 1971 2599 3602 2671">
     <span class='ocr_line' id='line_1_57' title="bbox 1971 2599 3602 2671; baseline -0.001 -17"><span class='ocrx_word' id='word_1_441' title='bbox 1971 2616 2198 2655; x_wconf 91' lang='lat' dir='ltr'><strong>versum</strong></span> <span class='ocrx_word' id='word_1_442' title='bbox 2227 2600 2600 2671; x_wconf 91' lang='lat' dir='ltr'><strong>deceptrieem</strong></span> <span class='ocrx_word' id='word_1_443' title='bbox 2631 2617 2793 2655; x_wconf 89' lang='lat' dir='ltr'><strong>suam</strong></span> <span class='ocrx_word' id='word_1_444' title='bbox 2813 2601 3179 2671; x_wconf 88' lang='lat' dir='ltr'><strong>conciperent</strong></span> <span class='ocrx_word' id='word_1_445' title='bbox 3200 2599 3602 2671; x_wconf 87' lang='lat' dir='ltr'><strong>ignorantiam.</strong></span> 
     </span>
    </p>
   </div>
   <div class='ocr_carea' id='block_1_58' title="bbox 1973 2692 3602 2765">
    <p class='ocr_par' dir='ltr' id='par_1_58' title="bbox 1973 2692 3602 2765">
     <span class='ocr_line' id='line_1_58' title="bbox 1973 2692 3602 2765; baseline -0.001 -17"><span class='ocrx_word' id='word_1_446' title='bbox 1973 2693 2056 2748; x_wconf 90' lang='lat' dir='ltr'><strong>Ob</strong></span> <span class='ocrx_word' id='word_1_447' title='bbox 2082 2693 2190 2748; x_wconf 94' lang='lat' dir='ltr'><strong>hoc</strong></span> <span class='ocrx_word' id='word_1_448' title='bbox 2217 2694 2411 2765; x_wconf 89' lang='lat' dir='ltr'><strong>itaque</strong></span> <span class='ocrx_word' id='word_1_449' title='bbox 2439 2693 2696 2748; x_wconf 88' lang='lat' dir='ltr'><strong>dicebat:</strong></span> <span class='ocrx_word' id='word_1_450' title='bbox 2726 2715 2754 2742; x_wconf 89' lang='grc'><strong>‹‹</strong></span> <span class='ocrx_word' id='word_1_451' title='bbox 2778 2695 2974 2764; x_wconf 88' lang='lat' dir='ltr'><strong>Ignem</strong></span> <span class='ocrx_word' id='word_1_452' title='bbox 2997 2693 3130 2748; x_wconf 90' lang='lat' dir='ltr'><strong>veni</strong></span> <span class='ocrx_word' id='word_1_453' title='bbox 3155 2693 3382 2748; x_wconf 90' lang='lat' dir='ltr'><strong>mittere</strong></span> <span class='ocrx_word' id='word_1_454' title='bbox 3409 2692 3468 2748; x_wconf 92' lang='lat' dir='ltr'><strong>in</strong></span> <span class='ocrx_word' id='word_1_455' title='bbox 3487 2696 3602 2747; x_wconf 89' lang='lat' dir='ltr'><strong>ter-</strong></span> 
     </span>
    </p>
   </div>
   <div class='ocr_carea' id='block_1_59' title="bbox 1971 2787 3440 2858">
    <p class='ocr_par' dir='ltr' id='par_1_59' title="bbox 1971 2787 3440 2858">
     <span class='ocr_line' id='line_1_59' title="bbox 1971 2787 3440 2858; baseline 0 -18"><span class='ocrx_word' id='word_1_456' title='bbox 1971 2802 2115 2853; x_wconf 89' lang='lat' dir='ltr'><strong>ram,</strong></span> <span class='ocrx_word' id='word_1_457' title='bbox 2148 2803 2320 2858; x_wconf 90' lang='lat' dir='ltr'><strong>quem</strong></span> <span class='ocrx_word' id='word_1_458' title='bbox 2347 2787 2475 2842; x_wconf 90' lang='lat' dir='ltr'><strong>volo</strong></span> <span class='ocrx_word' id='word_1_459' title='bbox 2501 2792 2564 2842; x_wconf 90' lang='lat' dir='ltr'><strong>ut</strong></span> <span class='ocrx_word' id='word_1_460' title='bbox 2591 2787 2934 2842; x_wconf 89' lang='lat' dir='ltr'><strong>accendatur</strong></span> <span class='ocrx_word' id='word_1_461' title='bbox 2963 2787 3112 2857; x_wconf 88' lang='lat' dir='ltr'><strong>(Luc.</strong></span> <span class='ocrx_word' id='word_1_462' title='bbox 3144 2803 3242 2856; x_wconf 83' lang='lat' dir='ltr'><strong>xu,</strong></span> <span class='ocrx_word' id='word_1_463' title='bbox 3270 2787 3378 2857; x_wconf 80' lang='grc'><strong>49).</strong></span> <span class='ocrx_word' id='word_1_464' title='bbox 3411 2807 3440 2835; x_wconf 87' lang='lat'>»</span> 
     </span>
    </p>
   </div>
   <div class='ocr_carea' id='block_1_60' title="bbox 2045 2879 3608 2952">
    <p class='ocr_par' dir='ltr' id='par_1_60' title="bbox 2045 2879 3608 2952">
     <span class='ocr_line' id='line_1_60' title="bbox 2045 2879 3608 2952; baseline -0.002 -16"><span class='ocrx_word' id='word_1_465' title='bbox 2045 2882 2140 2936; x_wconf 90' lang='lat' dir='ltr'><strong>Est</strong></span> <span class='ocrx_word' id='word_1_466' title='bbox 2165 2896 2301 2952; x_wconf 88' lang='lat' dir='ltr'><strong>ergo</strong></span> <span class='ocrx_word' id='word_1_467' title='bbox 2326 2896 2518 2952; x_wconf 90' lang='lat' dir='ltr'><strong>pugna</strong></span> <span class='ocrx_word' id='word_1_468' title='bbox 2547 2880 2810 2950; x_wconf 87' lang='lat' dir='ltr'><strong>qumdam</strong></span> <span class='ocrx_word' id='word_1_469' title='bbox 2846 2895 2976 2951; x_wconf 89' lang='lat' dir='ltr'><strong>qum</strong></span> <span class='ocrx_word' id='word_1_470' title='bbox 3016 2879 3268 2952; x_wconf 89' lang='lat' dir='ltr'><strong>gerenda</strong></span> <span class='ocrx_word' id='word_1_471' title='bbox 3313 2879 3477 2934; x_wconf 87' lang='lat' dir='ltr'><strong>nobis</strong></span> <span class='ocrx_word' id='word_1_472' title='bbox 3521 2882 3608 2933; x_wconf 89' lang='lat' dir='ltr'><strong>est</strong></span> 
     </span>
    </p>
   </div>
   <div class='ocr_carea' id='block_1_61' title="bbox 1971 2972 3604 3028">
    <p class='ocr_par' dir='ltr' id='par_1_61' title="bbox 1971 2972 3604 3028">
     <span class='ocr_line' id='line_1_61' title="bbox 1971 2972 3604 3028; baseline -0.001 -1"><span class='ocrx_word' id='word_1_473' title='bbox 1971 2973 2031 3027; x_wconf 91' lang='lat' dir='ltr'><strong>in</strong></span> <span class='ocrx_word' id='word_1_474' title='bbox 2059 2973 2164 3028; x_wconf 90' lang='lat' dir='ltr'><strong>hac</strong></span> <span class='ocrx_word' id='word_1_475' title='bbox 2194 2973 2326 3028; x_wconf 90' lang='lat' dir='ltr'><strong>vita.</strong></span> <span class='ocrx_word' id='word_1_476' title='bbox 2351 2973 2550 3028; x_wconf 91' lang='lat' dir='ltr'><strong>Sermo</strong></span> <span class='ocrx_word' id='word_1_477' title='bbox 2579 2973 2737 3027; x_wconf 90' lang='lat' dir='ltr'><strong>enim</strong></span> <span class='ocrx_word' id='word_1_478' title='bbox 2765 2973 3011 3028; x_wconf 73' lang='lat' dir='ltr'><strong>veritatis</strong></span> <span class='ocrx_word' id='word_1_479' title='bbox 3045 2975 3103 3028; x_wconf 92' lang='lat' dir='ltr'><strong>et</strong></span> <span class='ocrx_word' id='word_1_480' title='bbox 3126 2972 3382 3028; x_wconf 89' lang='lat' dir='ltr'><strong>scientim</strong></span> <span class='ocrx_word' id='word_1_481' title='bbox 3416 2987 3604 3027; x_wconf 89' lang='lat' dir='ltr'><strong>neces-</strong></span> 
     </span>
    </p>
   </div>
   <div class='ocr_carea' id='block_1_62' title="bbox 1972 3064 3609 3138">
    <p class='ocr_par' dir='ltr' id='par_1_62' title="bbox 1972 3064 3609 3138">
     <span class='ocr_line' id='line_1_62' title="bbox 1972 3064 3609 3138; baseline -0.001 -17"><span class='ocrx_word' id='word_1_482' title='bbox 1972 3066 2122 3121; x_wconf 89' lang='lat' dir='ltr'><strong>sario</strong></span> <span class='ocrx_word' id='word_1_483' title='bbox 2145 3069 2369 3138; x_wconf 90' lang='lat' dir='ltr'><strong>separat</strong></span> <span class='ocrx_word' id='word_1_484' title='bbox 2394 3066 2656 3121; x_wconf 88' lang='lat' dir='ltr'><strong>homines</strong></span> <span class='ocrx_word' id='word_1_485' title='bbox 2681 3066 2751 3121; x_wconf 89' lang='lat' dir='ltr'><strong>ab</strong></span> <span class='ocrx_word' id='word_1_486' title='bbox 2782 3082 2972 3121; x_wconf 89' lang='lat' dir='ltr'><strong>errore</strong></span> <span class='ocrx_word' id='word_1_487' title='bbox 3013 3069 3070 3120; x_wconf 91' lang='lat' dir='ltr'><strong>et</strong></span> <span class='ocrx_word' id='word_1_488' title='bbox 3103 3066 3441 3138; x_wconf 88' lang='lat' dir='ltr'><strong>ignorantia,</strong></span> <span class='ocrx_word' id='word_1_489' title='bbox 3465 3064 3609 3120; x_wconf 89' lang='lat' dir='ltr'><strong>sicut</strong></span> 
     </span>
    </p>
   </div>
   <div class='ocr_carea' id='block_1_63' title="bbox 1973 3159 3606 3231">
    <p class='ocr_par' dir='ltr' id='par_1_63' title="bbox 1973 3159 3606 3231">
     <span class='ocr_line' id='line_1_63' title="bbox 1973 3159 3606 3231; baseline 0 -17"><span class='ocrx_word' id='word_1_490' title='bbox 1973 3176 2121 3231; x_wconf 89' lang='lat' dir='ltr'><strong>smpe</strong></span> <span class='ocrx_word' id='word_1_491' title='bbox 2147 3159 2401 3215; x_wconf 87' lang='lat' dir='ltr'><strong>videmus</strong></span> <span class='ocrx_word' id='word_1_492' title='bbox 2421 3160 2764 3231; x_wconf 85' lang='lat' dir='ltr'><strong>putrefactas</strong></span> <span class='ocrx_word' id='word_1_493' title='bbox 2784 3163 2842 3215; x_wconf 89' lang='lat' dir='ltr'><strong>et</strong></span> <span class='ocrx_word' id='word_1_494' title='bbox 2868 3163 3153 3214; x_wconf 87' lang='lat' dir='ltr'><strong>emortuas</strong></span> <span class='ocrx_word' id='word_1_495' title='bbox 3182 3176 3378 3216; x_wconf 87' lang='lat' dir='ltr'><strong>carnes</strong></span> <span class='ocrx_word' id='word_1_496' title='bbox 3407 3175 3606 3230; x_wconf 92' lang='lat' dir='ltr'><strong>corpo-</strong></span> 
     </span>
    </p>
   </div>
   <div class='ocr_carea' id='block_1_64' title="bbox 1976 3252 3605 3309">
    <p class='ocr_par' dir='ltr' id='par_1_64' title="bbox 1976 3252 3605 3309">
     <span class='ocr_line' id='line_1_64' title="bbox 1976 3252 3605 3309; baseline 0.001 -3"><span class='ocrx_word' id='word_1_497' title='bbox 1976 3253 2052 3307; x_wconf 88' lang='lat' dir='ltr'><strong>ris</strong></span> <span class='ocrx_word' id='word_1_498' title='bbox 2092 3269 2126 3307; x_wconf 88' lang='lat' dir='ltr'><strong>a</strong></span> <span class='ocrx_word' id='word_1_499' title='bbox 2164 3253 2512 3308; x_wconf 88' lang='lat' dir='ltr'><strong>connexione</strong></span> <span class='ocrx_word' id='word_1_500' title='bbox 2559 3252 2874 3308; x_wconf 90' lang='lat' dir='ltr'><strong>viventium</strong></span> <span class='ocrx_word' id='word_1_501' title='bbox 2917 3253 3308 3309; x_wconf 88' lang='lat' dir='ltr'><strong>membrorum</strong></span> <span class='ocrx_word' id='word_1_502' title='bbox 3353 3253 3504 3308; x_wconf 85' lang='lat' dir='ltr'><strong>ferro</strong></span> <span class='ocrx_word' id='word_1_503' title='bbox 3546 3267 3605 3307; x_wconf 92' lang='lat' dir='ltr'><strong>se</strong></span> 
     </span>
    </p>
   </div>
   <div class='ocr_carea' id='block_1_65' title="bbox 1973 3346 3608 3419">
    <p class='ocr_par' dir='ltr' id='par_1_65' title="bbox 1973 3346 3608 3419">
     <span class='ocr_line' id='line_1_65' title="bbox 1973 3346 3608 3419; baseline 0 -19"><span class='ocrx_word' id='word_1_504' title='bbox 1973 3346 2150 3401; x_wconf 88' lang='lat' dir='ltr'><strong>eantis</strong></span> <span class='ocrx_word' id='word_1_505' title='bbox 2205 3347 2474 3417; x_wconf 81' lang='lat' dir='ltr'><strong>separari.</strong></span> <span class='ocrx_word' id='word_1_506' title='bbox 2501 3346 2645 3419; x_wconf 82' lang='lat' dir='ltr'><strong>[l‘ale</strong></span> <span class='ocrx_word' id='word_1_507' title='bbox 2699 3363 2834 3418; x_wconf 90' lang='lat' dir='ltr'><strong>ergo</strong></span> <span class='ocrx_word' id='word_1_508' title='bbox 2889 3347 3105 3419; x_wconf 89' lang='lat' dir='ltr'><strong>aliquid</strong></span> <span class='ocrx_word' id='word_1_509' title='bbox 3157 3349 3255 3402; x_wconf 79' lang='lat' dir='ltr'><strong>est&#39;</strong></span> <span class='ocrx_word' id='word_1_510' title='bbox 3291 3347 3441 3418; x_wconf 90' lang='lat' dir='ltr'><strong>quod</strong></span> <span class='ocrx_word' id='word_1_511' title='bbox 3487 3346 3608 3417; x_wconf 88' lang='lat' dir='ltr'><strong>agit</strong></span> 
     </span>
    </p>
   </div>
   <div class='ocr_carea' id='block_1_66' title="bbox 1974 3346 3606 3586">
    <p class='ocr_par' dir='ltr' id='par_1_66' title="bbox 1974 3346 3606 3586">
     <span class='ocr_line' id='line_1_66' title="bbox 1974 3346 3606 3419; baseline 0 -19"><span class='ocrx_word' id='word_1_512' title='bbox 1974 3346 2150 3401; x_wconf 88' lang='lat' dir='ltr'><strong>cantis</strong></span> <span class='ocrx_word' id='word_1_513' title='bbox 2205 3347 2474 3417; x_wconf 81' lang='lat' dir='ltr'><strong>separari.</strong></span> <span class='ocrx_word' id='word_1_514' title='bbox 2559 3346 2645 3402; x_wconf 89' lang='lat' dir='ltr'><strong>ale</strong></span> <span class='ocrx_word' id='word_1_515' title='bbox 2699 3363 2834 3418; x_wconf 90' lang='lat' dir='ltr'><strong>ergo</strong></span> <span class='ocrx_word' id='word_1_516' title='bbox 2889 3347 3105 3419; x_wconf 89' lang='lat' dir='ltr'><strong>aliquid</strong></span> <span class='ocrx_word' id='word_1_517' title='bbox 3157 3347 3441 3418; x_wconf 86' lang='lat' dir='ltr'><strong>estquod</strong></span> <span class='ocrx_word' id='word_1_518' title='bbox 3487 3346 3606 3417; x_wconf 88' lang='lat' dir='ltr'><strong>agit</strong></span> 
     </span>
     <span class='ocr_line' id='line_1_67' title="bbox 1974 3346 3606 3586; baseline 0 -92"><span class='ocrx_word' id='word_1_519' title='bbox 1974 3439 2222 3494; x_wconf 89' lang='lat' dir='ltr'><strong>veritatis</strong></span> <span class='ocrx_word' id='word_1_520' title='bbox 2248 3346 2743 3586; x_wconf 57' lang='lat' dir='ltr'><strong>agnitio.‘:ecesse</strong></span> <span class='ocrx_word' id='word_1_521' title='bbox 2784 3442 2872 3494; x_wconf 90' lang='lat' dir='ltr'><strong>est</strong></span> <span class='ocrx_word' id='word_1_522' title='bbox 2906 3441 3081 3510; x_wconf 90' lang='lat' dir='ltr'><strong>enim,</strong></span> <span class='ocrx_word' id='word_1_523' title='bbox 3110 3443 3174 3495; x_wconf 88' lang='lat' dir='ltr'><strong>ut</strong></span> <span class='ocrx_word' id='word_1_524' title='bbox 3214 3439 3408 3514; x_wconf 83' lang='lat' dir='ltr'><strong>salutis</strong></span> <span class='ocrx_word' id='word_1_525' title='bbox 3435 3455 3606 3494; x_wconf 86' lang='lat' dir='ltr'><strong>causa</strong></span> 
     </span>
     <span class='ocr_line' id='line_1_68' title="bbox 1974 3532 3606 3586; baseline 0 0"><span class='ocrx_word' id='word_1_526' title='bbox 1974 3533 2122 3586; x_wconf 85' lang='lat' dir='ltr'><strong>filius</strong></span> <span class='ocrx_word' id='word_1_527' title='bbox 2161 3533 2336 3586; x_wconf 86' lang='lat' dir='ltr'><strong>(verbi</strong></span> <span class='ocrx_word' id='word_1_528' title='bbox 2377 3536 2503 3586; x_wconf 64' lang='lat' dir='ltr'><strong>erat</strong></span> <span class='ocrx_word' id='word_1_529' title='bbox 2527 3533 2577 3586; x_wconf 82' lang='lat' dir='ltr'><strong>al</strong></span> <span class='ocrx_word' id='word_1_530' title='bbox 2615 3534 2712 3586; x_wconf 84' lang='lat' dir='ltr'><strong>aui</strong></span> <span class='ocrx_word' id='word_1_531' title='bbox 2759 3549 3084 3586; x_wconf 89' lang='lat' dir='ltr'><strong>sermonem</strong></span> <span class='ocrx_word' id='word_1_532' title='bbox 3140 3533 3419 3586; x_wconf 76' lang='lat' dir='ltr'><strong>receperit</strong></span> <span class='ocrx_word' id='word_1_533' title='bbox 3466 3532 3606 3586; x_wconf 90' lang='lat' dir='ltr'><strong>veri-</strong></span> 
     </span>
    </p>
   </div>
   <div class='ocr_carea' id='block_1_67' title="bbox 1974 3532 3606 3604">
    <p class='ocr_par' dir='ltr' id='par_1_67' title="bbox 1974 3532 3606 3604">
     <span class='ocr_line' id='line_1_69' title="bbox 1974 3532 3606 3604; baseline 0 -17"><span class='ocrx_word' id='word_1_534' title='bbox 1974 3533 2122 3588; x_wconf 86' lang='lat' dir='ltr'><strong>filius</strong></span> <span class='ocrx_word' id='word_1_535' title='bbox 2161 3533 2336 3604; x_wconf 88' lang='lat' dir='ltr'><strong>(verbi</strong></span> <span class='ocrx_word' id='word_1_536' title='bbox 2376 3532 2577 3603; x_wconf 88' lang='lat' dir='ltr'><strong>gratla)</strong></span> <span class='ocrx_word' id='word_1_537' title='bbox 2615 3534 2712 3603; x_wconf 92' lang='lat' dir='ltr'><strong>qui</strong></span> <span class='ocrx_word' id='word_1_538' title='bbox 2759 3549 3084 3588; x_wconf 89' lang='lat' dir='ltr'><strong>sermonem</strong></span> <span class='ocrx_word' id='word_1_539' title='bbox 3140 3533 3419 3603; x_wconf 90' lang='lat' dir='ltr'><strong>receperit</strong></span> <span class='ocrx_word' id='word_1_540' title='bbox 3466 3532 3606 3587; x_wconf 90' lang='lat' dir='ltr'><strong>veri-</strong></span> 
     </span>
    </p>
   </div>
   <div class='ocr_carea' id='block_1_68' title="bbox 1974 3625 3600 3697">
    <p class='ocr_par' dir='ltr' id='par_1_68' title="bbox 1974 3625 3600 3697">
     <span class='ocr_line' id='line_1_70' title="bbox 1974 3625 3600 3697; baseline -0.001 -17"><span class='ocrx_word' id='word_1_541' title='bbox 1974 3625 2105 3682; x_wconf 91' lang='lat' dir='ltr'><strong>tatis</strong></span> <span class='ocrx_word' id='word_1_542' title='bbox 2131 3643 2164 3680; x_wconf 90' lang='lat' dir='ltr'><strong>a</strong></span> <span class='ocrx_word' id='word_1_543' title='bbox 2191 3625 2518 3697; x_wconf 91' lang='lat' dir='ltr'><strong>parentibus</strong></span> <span class='ocrx_word' id='word_1_544' title='bbox 2547 3630 2842 3696; x_wconf 89' lang='lat' dir='ltr'><strong>separetur</strong></span> <span class='ocrx_word' id='word_1_545' title='bbox 2866 3625 3192 3692; x_wconf 90' lang='lat' dir='ltr'><strong>incredulis,</strong></span> <span class='ocrx_word' id='word_1_546' title='bbox 3220 3629 3319 3680; x_wconf 92' lang='lat' dir='ltr'><strong>aut</strong></span> <span class='ocrx_word' id='word_1_547' title='bbox 3354 3641 3600 3694; x_wconf 90' lang='lat' dir='ltr'><strong>rursum,</strong></span> 
     </span>
    </p>
   </div>
   <div class='ocr_carea' id='block_1_69' title="bbox 1971 3718 3608 3791">
    <p class='ocr_par' dir='ltr' id='par_1_69' title="bbox 1971 3718 3608 3791">
     <span class='ocr_line' id='line_1_71' title="bbox 1971 3718 3608 3791; baseline 0 -17"><span class='ocrx_word' id='word_1_548' title='bbox 1971 3723 2136 3791; x_wconf 88' lang='lat' dir='ltr'><strong>pater</strong></span> <span class='ocrx_word' id='word_1_549' title='bbox 2158 3723 2449 3791; x_wconf 90' lang='lat' dir='ltr'><strong>separetur</strong></span> <span class='ocrx_word' id='word_1_550' title='bbox 2475 3735 2509 3773; x_wconf 87' lang='lat' dir='ltr'><strong>a</strong></span> <span class='ocrx_word' id='word_1_551' title='bbox 2533 3718 2670 3787; x_wconf 88' lang='lat' dir='ltr'><strong>ﬁlio,</strong></span> <span class='ocrx_word' id='word_1_552' title='bbox 2701 3722 2800 3774; x_wconf 91' lang='lat' dir='ltr'><strong>aut</strong></span> <span class='ocrx_word' id='word_1_553' title='bbox 2823 3718 2941 3774; x_wconf 87' lang='lat' dir='ltr'><strong>ﬁlia</strong></span> <span class='ocrx_word' id='word_1_554' title='bbox 2965 3736 2999 3773; x_wconf 91' lang='lat' dir='ltr'><strong>a</strong></span> <span class='ocrx_word' id='word_1_555' title='bbox 3028 3723 3231 3774; x_wconf 89' lang='lat' dir='ltr'><strong>matre.</strong></span> <span class='ocrx_word' id='word_1_556' title='bbox 3259 3721 3328 3774; x_wconf 88' lang='lat' dir='ltr'><strong>Et</strong></span> <span class='ocrx_word' id='word_1_557' title='bbox 3355 3719 3464 3774; x_wconf 93' lang='lat' dir='ltr'><strong>hoc</strong></span> <span class='ocrx_word' id='word_1_558' title='bbox 3488 3735 3608 3774; x_wconf 89' lang='lat' dir='ltr'><strong>mo-</strong></span> 
     </span>
    </p>
   </div>
   <div class='ocr_carea' id='block_1_70' title="bbox 1974 3813 3603 3885">
    <p class='ocr_par' dir='ltr' id='par_1_70' title="bbox 1974 3813 3603 3885">
     <span class='ocr_line' id='line_1_72' title="bbox 1974 3813 3603 3885; baseline -0.001 -16"><span class='ocrx_word' id='word_1_559' title='bbox 1974 3813 2048 3868; x_wconf 92' lang='lat' dir='ltr'><strong>do</strong></span> <span class='ocrx_word' id='word_1_560' title='bbox 2072 3813 2224 3868; x_wconf 90' lang='lat' dir='ltr'><strong>inter</strong></span> <span class='ocrx_word' id='word_1_561' title='bbox 2249 3813 2598 3885; x_wconf 90' lang='lat' dir='ltr'><strong>propinquos</strong></span> <span class='ocrx_word' id='word_1_562' title='bbox 2617 3816 2786 3884; x_wconf 88' lang='lat' dir='ltr'><strong>atque</strong></span> <span class='ocrx_word' id='word_1_563' title='bbox 2811 3813 3266 3885; x_wconf 88' lang='lat' dir='ltr'><strong>consanguineos</strong></span> <span class='ocrx_word' id='word_1_564' title='bbox 3293 3813 3603 3879; x_wconf 89' lang='lat' dir='ltr'><strong>credentes,</strong></span> 
     </span>
    </p>
   </div>
   <div class='ocr_carea' id='block_1_71' title="bbox 1976 3906 3608 3979">
    <p class='ocr_par' dir='ltr' id='par_1_71' title="bbox 1976 3906 3608 3979">
     <span class='ocr_line' id='line_1_73' title="bbox 1976 3906 3608 3979; baseline -0.001 -17"><span class='ocrx_word' id='word_1_565' title='bbox 1976 3909 2149 3978; x_wconf 88' lang='lat' dir='ltr'><strong>atque</strong></span> <span class='ocrx_word' id='word_1_566' title='bbox 2175 3907 2518 3975; x_wconf 91' lang='lat' dir='ltr'><strong>incredulos,</strong></span> <span class='ocrx_word' id='word_1_567' title='bbox 2547 3906 2795 3962; x_wconf 90' lang='lat' dir='ltr'><strong>scientim</strong></span> <span class='ocrx_word' id='word_1_568' title='bbox 2821 3909 2991 3979; x_wconf 91' lang='lat' dir='ltr'><strong>atque</strong></span> <span class='ocrx_word' id='word_1_569' title='bbox 3029 3906 3366 3978; x_wconf 83' lang='lat' dir='ltr'><strong>ignorantim</strong></span> <span class='ocrx_word' id='word_1_570' title='bbox 3395 3906 3608 3961; x_wconf 88' lang='lat' dir='ltr'><strong>verita-</strong></span> 
     </span>
    </p>
   </div>
   <div class='ocr_carea' id='block_1_72' title="bbox 1974 3999 3607 4073">
    <p class='ocr_par' dir='ltr' id='par_1_72' title="bbox 1974 3999 3607 4073">
     <span class='ocr_line' id='line_1_74' title="bbox 1974 3999 3607 4073; baseline -0.001 -19"><span class='ocrx_word' id='word_1_571' title='bbox 1974 4000 2159 4071; x_wconf 89' lang='lat' dir='ltr'><strong>tisque</strong></span> <span class='ocrx_word' id='word_1_572' title='bbox 2196 4003 2254 4056; x_wconf 92' lang='lat' dir='ltr'><strong>et</strong></span> <span class='ocrx_word' id='word_1_573' title='bbox 2292 4000 2502 4056; x_wconf 87' lang='lat' dir='ltr'><strong>erroris</strong></span> <span class='ocrx_word' id='word_1_574' title='bbox 2540 4017 2734 4073; x_wconf 88' lang='lat' dir='ltr'><strong>pugna</strong></span> <span class='ocrx_word' id='word_1_575' title='bbox 2770 4000 3044 4056; x_wconf 89' lang='lat' dir='ltr'><strong>consistit.</strong></span> <span class='ocrx_word' id='word_1_576' title='bbox 3074 4002 3141 4056; x_wconf 89' lang='lat' dir='ltr'><strong>Et</strong></span> <span class='ocrx_word' id='word_1_577' title='bbox 3166 4001 3239 4055; x_wconf 94' lang='lat' dir='ltr'><strong>ob</strong></span> <span class='ocrx_word' id='word_1_578' title='bbox 3265 4001 3370 4055; x_wconf 91' lang='lat' dir='ltr'><strong>hoc</strong></span> <span class='ocrx_word' id='word_1_579' title='bbox 3399 3999 3607 4054; x_wconf 88' lang='lat' dir='ltr'><strong>iterum</strong></span> 
     </span>
    </p>
   </div>
   <div class='ocr_carea' id='block_1_73' title="bbox 1976 4093 3609 4165">
    <p class='ocr_par' dir='ltr' id='par_1_73' title="bbox 1976 4093 3609 4165">
     <span class='ocr_line' id='line_1_75' title="bbox 1976 4093 3609 4165; baseline 0 -17"><span class='ocrx_word' id='word_1_580' title='bbox 1976 4093 2202 4148; x_wconf 91' lang='lat' dir='ltr'><strong>dicebat</strong></span> <span class='ocrx_word' id='word_1_581' title='bbox 2231 4093 2330 4164; x_wconf 90' lang='lat' dir='ltr'><strong>qui</strong></span> <span class='ocrx_word' id='word_1_582' title='bbox 2352 4110 2456 4149; x_wconf 89' lang='lat' dir='ltr'><strong>nos</strong></span> <span class='ocrx_word' id='word_1_583' title='bbox 2481 4094 2670 4149; x_wconf 90' lang='lat' dir='ltr'><strong>misit:</strong></span> <span class='ocrx_word' id='word_1_584' title='bbox 2701 4115 2728 4144; x_wconf 86' lang='grc'><em>‹‹</em></span> <span class='ocrx_word' id='word_1_585' title='bbox 2748 4095 2869 4149; x_wconf 86' lang='grc' dir='ltr'>Νοιι</span> <span class='ocrx_word' id='word_1_586' title='bbox 2897 4094 3028 4149; x_wconf 91' lang='lat' dir='ltr'><strong>veni</strong></span> <span class='ocrx_word' id='word_1_587' title='bbox 3059 4110 3256 4165; x_wconf 89' lang='lat' dir='ltr'><strong>pacem</strong></span> <span class='ocrx_word' id='word_1_588' title='bbox 3286 4093 3514 4148; x_wconf 90' lang='lat' dir='ltr'><strong>mittere</strong></span> <span class='ocrx_word' id='word_1_589' title='bbox 3549 4093 3609 4148; x_wconf 92' lang='lat' dir='ltr'><strong>in</strong></span> 
     </span>
    </p>
   </div>
   <div class='ocr_carea' id='block_1_74' title="bbox 1973 4186 3613 4258">
    <p class='ocr_par' dir='ltr' id='par_1_74' title="bbox 1973 4186 3613 4258">
     <span class='ocr_line' id='line_1_76' title="bbox 1973 4186 3613 4258; baseline -0.001 -16"><span class='ocrx_word' id='word_1_590' title='bbox 1973 4192 2207 4254; x_wconf 87' lang='lat' dir='ltr'><strong>terram,</strong></span> <span class='ocrx_word' id='word_1_591' title='bbox 2239 4187 2339 4242; x_wconf 88' lang='lat' dir='ltr'><strong>sed</strong></span> <span class='ocrx_word' id='word_1_592' title='bbox 2380 4187 2633 4258; x_wconf 88' lang='lat' dir='ltr'><strong>gladium</strong></span> <span class='ocrx_word' id='word_1_593' title='bbox 2663 4188 2878 4258; x_wconf 81' lang='lat' dir='ltr'><strong>(Matth.</strong></span> <span class='ocrx_word' id='word_1_594' title='bbox 2907 4205 2963 4256; x_wconf 88' lang='lat' dir='ltr'><strong>x,</strong></span> <span class='ocrx_word' id='word_1_595' title='bbox 2997 4188 3104 4257; x_wconf 76' lang='grc'><strong>34).</strong></span> <span class='ocrx_word' id='word_1_596' title='bbox 3141 4209 3168 4237; x_wconf 88' lang='grc'><strong>››</strong></span> <span class='ocrx_word' id='word_1_597' title='bbox 3205 4187 3367 4252; x_wconf 87' lang='lat' dir='ltr'><strong>Quod</strong></span> <span class='ocrx_word' id='word_1_598' title='bbox 3408 4187 3451 4240; x_wconf 91' lang='lat' dir='ltr'><strong>si</strong></span> <span class='ocrx_word' id='word_1_599' title='bbox 3478 4186 3613 4241; x_wconf 92' lang='lat' dir='ltr'><strong>dicit</strong></span> 
     </span>
    </p>
   </div>
   <div class='ocr_carea' id='block_1_75' title="bbox 1977 4280 3612 4352">
    <p class='ocr_par' dir='ltr' id='par_1_75' title="bbox 1977 4280 3612 4352">
     <span class='ocr_line' id='line_1_77' title="bbox 1977 4280 3612 4352; baseline -0.001 -17"><span class='ocrx_word' id='word_1_600' title='bbox 1977 4281 2180 4352; x_wconf 89' lang='lat' dir='ltr'><strong>aliquis</strong></span> <span class='ocrx_word' id='word_1_601' title='bbox 2209 4297 2222 4335; x_wconf 85' lang='lat'><strong>:</strong></span> <span class='ocrx_word' id='word_1_602' title='bbox 2248 4282 2315 4336; x_wconf 93' lang='lat' dir='ltr'><strong>Et</strong></span> <span class='ocrx_word' id='word_1_603' title='bbox 2337 4281 2624 4352; x_wconf 89' lang='lat' dir='ltr'><strong>quomodo</strong></span> <span class='ocrx_word' id='word_1_604' title='bbox 2639 4281 2861 4352; x_wconf 89' lang='lat' dir='ltr'><strong>justum</strong></span> <span class='ocrx_word' id='word_1_605' title='bbox 2885 4281 3113 4336; x_wconf 90' lang='lat' dir='ltr'><strong>videtur</strong></span> <span class='ocrx_word' id='word_1_606' title='bbox 3137 4280 3384 4352; x_wconf 88' lang='lat' dir='ltr'><strong>separari</strong></span> <span class='ocrx_word' id='word_1_607' title='bbox 3417 4280 3561 4335; x_wconf 84' lang='lat' dir='ltr'><strong>filios</strong></span> <span class='ocrx_word' id='word_1_608' title='bbox 3579 4296 3612 4333; x_wconf 90' lang='lat' dir='ltr'><strong>a</strong></span> 
     </span>
    </p>
   </div>
   <div class='ocr_carea' id='block_1_76' title="bbox 1975 4373 3612 4447">
    <p class='ocr_par' dir='ltr' id='par_1_76' title="bbox 1975 4373 3612 4447">
     <span class='ocr_line' id='line_1_78' title="bbox 1975 4373 3612 4447; baseline -0.001 -19"><span class='ocrx_word' id='word_1_609' title='bbox 1975 4373 2304 4445; x_wconf 88' lang='lat' dir='ltr'><strong>parentibus</strong></span> <span class='ocrx_word' id='word_1_610' title='bbox 2326 4374 2507 4445; x_wconf 81' lang='lat' dir='ltr'><strong>(Ibid.,</strong></span> <span class='ocrx_word' id='word_1_611' title='bbox 2533 4374 2652 4444; x_wconf 74' lang='lat'><strong>35)?</strong></span> <span class='ocrx_word' id='word_1_612' title='bbox 2668 4375 2814 4430; x_wconf 83' lang='lat' dir='ltr'><strong>Audi</strong></span> <span class='ocrx_word' id='word_1_613' title='bbox 2838 4375 3153 4447; x_wconf 87' lang='lat' dir='ltr'><strong>quomodo:</strong></span> <span class='ocrx_word' id='word_1_614' title='bbox 3172 4375 3307 4446; x_wconf 90' lang='lat' dir='ltr'><strong>quia</strong></span> <span class='ocrx_word' id='word_1_615' title='bbox 3327 4390 3457 4428; x_wconf 88' lang='lat' dir='ltr'><strong>cum</strong></span> <span class='ocrx_word' id='word_1_616' title='bbox 3476 4373 3612 4445; x_wconf 89' lang='lat' dir='ltr'><strong>ipsis</strong></span> 
     </span>
    </p>
   </div>
   <div class='ocr_carea' id='block_1_77' title="bbox 1975 4467 3614 4540">
    <p class='ocr_par' dir='ltr' id='par_1_77' title="bbox 1975 4467 3614 4540">
     <span class='ocr_line' id='line_1_79' title="bbox 1975 4467 3614 4540; baseline -0.001 -19"><span class='ocrx_word' id='word_1_617' title='bbox 1975 4467 2021 4522; x_wconf 92' lang='lat' dir='ltr'><strong>si</strong></span> <span class='ocrx_word' id='word_1_618' title='bbox 2060 4468 2120 4522; x_wconf 92' lang='lat' dir='ltr'><strong>in</strong></span> <span class='ocrx_word' id='word_1_619' title='bbox 2159 4483 2349 4522; x_wconf 88' lang='lat' dir='ltr'><strong>errore</strong></span> <span class='ocrx_word' id='word_1_620' title='bbox 2391 4473 2786 4539; x_wconf 87' lang='lat' dir='ltr'><strong>permaneant,</strong></span> <span class='ocrx_word' id='word_1_621' title='bbox 2819 4485 3005 4540; x_wconf 89' lang='lat' dir='ltr'><strong>neque</strong></span> <span class='ocrx_word' id='word_1_622' title='bbox 3043 4467 3152 4523; x_wconf 90' lang='lat' dir='ltr'><strong>illis</strong></span> <span class='ocrx_word' id='word_1_623' title='bbox 3189 4467 3526 4539; x_wconf 90' lang='lat' dir='ltr'><strong>proderunt,</strong></span> <span class='ocrx_word' id='word_1_624' title='bbox 3557 4470 3614 4520; x_wconf 91' lang='lat' dir='ltr'><strong>et</strong></span> 
     </span>
    </p>
   </div>
   <div class='ocr_carea' id='block_1_78' title="bbox 245 4557 3615 4640">
    <p class='ocr_par' dir='ltr' id='par_1_78' title="bbox 245 4557 3615 4640">
     <span class='ocr_line' id='line_1_80' title="bbox 245 4557 3615 4640; baseline 0 -29"><span class='ocrx_word' id='word_1_625' title='bbox 245 4557 395 4612; x_wconf 90' lang='lat' dir='ltr'><strong>enim</strong></span> <span class='ocrx_word' id='word_1_626' title='bbox 424 4562 508 4612; x_wconf 88' lang='lat' dir='ltr'><strong>est</strong></span> <span class='ocrx_word' id='word_1_627' title='bbox 534 4559 690 4613; x_wconf 88' lang='lat' dir='ltr'><strong>utilis</strong></span> <span class='ocrx_word' id='word_1_628' title='bbox 715 4559 848 4628; x_wconf 90' lang='lat' dir='ltr'><strong>vita,</strong></span> <span class='ocrx_word' id='word_1_629' title='bbox 872 4563 928 4616; x_wconf 90' lang='lat' dir='ltr'><strong>et</strong></span> <span class='ocrx_word' id='word_1_630' title='bbox 949 4561 1124 4631; x_wconf 88' lang='lat' dir='ltr'><strong>justa,</strong></span> <span class='ocrx_word' id='word_1_631' title='bbox 1149 4567 1207 4617; x_wconf 91' lang='lat' dir='ltr'><strong>et</strong></span> <span class='ocrx_word' id='word_1_632' title='bbox 1224 4565 1544 4619; x_wconf 89' lang='lat' dir='ltr'><strong>necessaria</strong></span> <span class='ocrx_word' id='word_1_633' title='bbox 1564 4563 1876 4634; x_wconf 90' lang='lat' dir='ltr'><strong>iracundia,</strong></span> <span class='ocrx_word' id='word_1_634' title='bbox 1899 4568 1957 4640; x_wconf 76' lang='grc' dir='ltr'>ι)</span> <span class='ocrx_word' id='word_1_635' title='bbox 1981 4560 2088 4633; x_wconf 89' lang='lat' dir='ltr'><strong>ipsi</strong></span> <span class='ocrx_word' id='word_1_636' title='bbox 2125 4577 2257 4616; x_wconf 92' lang='lat' dir='ltr'><strong>cum</strong></span> <span class='ocrx_word' id='word_1_637' title='bbox 2292 4561 2402 4615; x_wconf 91' lang='lat' dir='ltr'><strong>illis</strong></span> <span class='ocrx_word' id='word_1_638' title='bbox 2453 4561 2666 4632; x_wconf 87' lang='lat' dir='ltr'><strong>pariter</strong></span> <span class='ocrx_word' id='word_1_639' title='bbox 2717 4562 3052 4631; x_wconf 89' lang='lat' dir='ltr'><strong>interibunt,</strong></span> <span class='ocrx_word' id='word_1_640' title='bbox 3086 4562 3305 4632; x_wconf 90' lang='lat' dir='ltr'><strong>justum</strong></span> <span class='ocrx_word' id='word_1_641' title='bbox 3344 4560 3519 4630; x_wconf 86' lang='lat' dir='ltr'><strong>igitur</strong></span> <span class='ocrx_word' id='word_1_642' title='bbox 3557 4565 3615 4613; x_wconf 82' lang='lat' dir='ltr'><strong>el:</strong></span> 
     </span>
    </p>
   </div>
   <div class='ocr_carea' id='block_1_79' title="bbox 242 4651 1876 4730">
    <p class='ocr_par' dir='ltr' id='par_1_79' title="bbox 242 4651 1876 4730">
     <span class='ocr_line' id='line_1_81' title="bbox 242 4651 1876 4730; baseline 0.006 -27"><span class='ocrx_word' id='word_1_643' title='bbox 242 4653 304 4704; x_wconf 90' lang='lat' dir='ltr'><strong>ut</strong></span> <span class='ocrx_word' id='word_1_644' title='bbox 320 4651 711 4724; x_wconf 88' lang='lat' dir='ltr'><strong>unusquisque</strong></span> <span class='ocrx_word' id='word_1_645' title='bbox 731 4653 789 4708; x_wconf 91' lang='lat' dir='ltr'><strong>in</strong></span> <span class='ocrx_word' id='word_1_646' title='bbox 810 4654 1016 4726; x_wconf 89' lang='lat' dir='ltr'><strong>quibus</strong></span> <span class='ocrx_word' id='word_1_647' title='bbox 1042 4656 1249 4712; x_wconf 84' lang='lat' dir='ltr'><strong>erravit</strong></span> <span class='ocrx_word' id='word_1_648' title='bbox 1273 4661 1330 4712; x_wconf 88' lang='lat' dir='ltr'><strong>et</strong></span> <span class='ocrx_word' id='word_1_649' title='bbox 1353 4674 1660 4730; x_wconf 89' lang='lat' dir='ltr'><strong>perperam</strong></span> <span class='ocrx_word' id='word_1_650' title='bbox 1687 4659 1876 4730; x_wconf 90' lang='lat' dir='ltr'><strong>gessit,</strong></span> 
     </span>
    </p>
   </div>
   <div class='ocr_carea' id='block_1_80' title="bbox 244 4743 1878 4824">
    <p class='ocr_par' dir='ltr' id='par_1_80' title="bbox 244 4743 1878 4824">
     <span class='ocr_line' id='line_1_82' title="bbox 244 4743 1878 4824; baseline 0.006 -27"><span class='ocrx_word' id='word_1_651' title='bbox 244 4743 576 4816; x_wconf 90' lang='lat' dir='ltr'><strong>indignetur</strong></span> <span class='ocrx_word' id='word_1_652' title='bbox 602 4749 659 4801; x_wconf 92' lang='lat' dir='ltr'><strong>et</strong></span> <span class='ocrx_word' id='word_1_653' title='bbox 684 4749 1055 4819; x_wconf 89' lang='lat' dir='ltr'><strong>semetipsum</strong></span> <span class='ocrx_word' id='word_1_654' title='bbox 1079 4755 1322 4805; x_wconf 90' lang='lat' dir='ltr'><strong>accuset.</strong></span> <span class='ocrx_word' id='word_1_655' title='bbox 1358 4751 1436 4805; x_wconf 85' lang='lat' dir='ltr'><strong>Ex</strong></span> <span class='ocrx_word' id='word_1_656' title='bbox 1472 4768 1585 4822; x_wconf 89' lang='lat' dir='ltr'><strong>qua</strong></span> <span class='ocrx_word' id='word_1_657' title='bbox 1619 4751 1878 4824; x_wconf 87' lang='lat' dir='ltr'><strong>indigna-</strong></span> 
     </span>
    </p>
   </div>
   <div class='ocr_carea' id='block_1_81' title="bbox 242 4836 1880 4916">
    <p class='ocr_par' dir='ltr' id='par_1_81' title="bbox 242 4836 1880 4916">
     <span class='ocr_line' id='line_1_83' title="bbox 242 4836 1880 4916; baseline 0.006 -26"><span class='ocrx_word' id='word_1_658' title='bbox 242 4836 394 4892; x_wconf 91' lang='lat' dir='ltr'><strong>tione</strong></span> <span class='ocrx_word' id='word_1_659' title='bbox 423 4839 758 4894; x_wconf 90' lang='lat' dir='ltr'><strong>accenditur</strong></span> <span class='ocrx_word' id='word_1_660' title='bbox 801 4840 862 4895; x_wconf 90' lang='lat' dir='ltr'><strong>in</strong></span> <span class='ocrx_word' id='word_1_661' title='bbox 910 4841 1076 4897; x_wconf 88' lang='lat' dir='ltr'><strong>nobis</strong></span> <span class='ocrx_word' id='word_1_662' title='bbox 1117 4843 1270 4914; x_wconf 88' lang='lat' dir='ltr'><strong>ignis</strong></span> <span class='ocrx_word' id='word_1_663' title='bbox 1317 4844 1575 4915; x_wconf 90' lang='lat' dir='ltr'><strong>quidam,</strong></span> <span class='ocrx_word' id='word_1_664' title='bbox 1603 4845 1700 4916; x_wconf 89' lang='lat' dir='ltr'><strong>qui</strong></span> <span class='ocrx_word' id='word_1_665' title='bbox 1727 4847 1880 4900; x_wconf 90' lang='lat' dir='ltr'><strong>velut</strong></span> 
     </span>
    </p>
   </div>
   <div class='ocr_carea' id='block_1_82' title="bbox 242 4931 1876 5008">
    <p class='ocr_par' dir='ltr' id='par_1_82' title="bbox 242 4931 1876 5008">
     <span class='ocr_line' id='line_1_84' title="bbox 242 4931 1876 5008; baseline 0.005 -24"><span class='ocrx_word' id='word_1_666' title='bbox 242 4946 378 5001; x_wconf 86' lang='lat' dir='ltr'><strong>agro</strong></span> <span class='ocrx_word' id='word_1_667' title='bbox 407 4931 588 4986; x_wconf 89' lang='lat' dir='ltr'><strong>sterili</strong></span> <span class='ocrx_word' id='word_1_668' title='bbox 609 4931 918 5002; x_wconf 89' lang='lat' dir='ltr'><strong>immissus,</strong></span> <span class='ocrx_word' id='word_1_669' title='bbox 948 4936 1300 5008; x_wconf 89' lang='lat' dir='ltr'><strong>consumptis</strong></span> <span class='ocrx_word' id='word_1_670' title='bbox 1327 4941 1383 4992; x_wconf 91' lang='lat' dir='ltr'><strong>et</strong></span> <span class='ocrx_word' id='word_1_671' title='bbox 1403 4938 1648 4992; x_wconf 87' lang='lat' dir='ltr'><strong>excoctis</strong></span> <span class='ocrx_word' id='word_1_672' title='bbox 1670 4938 1876 4994; x_wconf 90' lang='lat' dir='ltr'><strong>radici-</strong></span> 
     </span>
    </p>
   </div>
   <div class='ocr_carea' id='block_1_83' title="bbox 243 5023 1876 5097">
    <p class='ocr_par' dir='ltr' id='par_1_83' title="bbox 243 5023 1876 5097">
     <span class='ocr_line' id='line_1_85' title="bbox 243 5023 1876 5097; baseline 0.006 -20"><span class='ocrx_word' id='word_1_673' title='bbox 243 5023 343 5079; x_wconf 88' lang='lat' dir='ltr'><strong>bus</strong></span> <span class='ocrx_word' id='word_1_674' title='bbox 369 5025 636 5097; x_wconf 85' lang='lat' dir='ltr'><strong>pessimm</strong></span> <span class='ocrx_word' id='word_1_675' title='bbox 681 5027 1004 5095; x_wconf 88' lang='lat' dir='ltr'><strong>voluntatis,</strong></span> <span class='ocrx_word' id='word_1_676' title='bbox 1035 5029 1186 5085; x_wconf 89' lang='lat' dir='ltr'><strong>bono</strong></span> <span class='ocrx_word' id='word_1_677' title='bbox 1214 5030 1420 5086; x_wconf 89' lang='lat' dir='ltr'><strong>semini</strong></span> <span class='ocrx_word' id='word_1_678' title='bbox 1446 5031 1620 5086; x_wconf 89' lang='lat' dir='ltr'><strong>verbo</strong></span> <span class='ocrx_word' id='word_1_679' title='bbox 1659 5031 1760 5086; x_wconf 92' lang='lat' dir='ltr'><strong>Dei</strong></span> <span class='ocrx_word' id='word_1_680' title='bbox 1795 5032 1876 5087; x_wconf 83' lang='lat' dir='ltr'><strong>fe-</strong></span> 
     </span>
    </p>
   </div>
   <div class='ocr_carea' id='block_1_84' title="bbox 243 5112 1877 5195">
    <p class='ocr_par' dir='ltr' id='par_1_84' title="bbox 243 5112 1877 5195">
     <span class='ocr_line' id='line_1_86' title="bbox 243 5112 1877 5195; baseline 0.005 -24"><span class='ocrx_word' id='word_1_681' title='bbox 243 5119 568 5176; x_wconf 89' lang='lat' dir='ltr'><strong>cundiorem</strong></span> <span class='ocrx_word' id='word_1_682' title='bbox 623 5120 810 5175; x_wconf 90' lang='lat' dir='ltr'><strong>cordis</strong></span> <span class='ocrx_word' id='word_1_683' title='bbox 856 5127 1146 5194; x_wconf 87' lang='lat' dir='ltr'><strong>prmparet</strong></span> <span class='ocrx_word' id='word_1_684' title='bbox 1203 5112 1447 5195; x_wconf 85' lang='lat' dir='ltr'><strong>glebam.</strong></span> <span class='ocrx_word' id='word_1_685' title='bbox 1489 5126 1632 5181; x_wconf 92' lang='lat' dir='ltr'><strong>Puto</strong></span> <span class='ocrx_word' id='word_1_686' title='bbox 1682 5129 1877 5180; x_wconf 89' lang='lat' dir='ltr'><strong>autem</strong></span> 
     </span>
    </p>
   </div>
   <div class='ocr_carea' id='block_1_85' title="bbox 244 5213 1878 5288">
    <p class='ocr_par' dir='ltr' id='par_1_85' title="bbox 244 5213 1878 5288">
     <span class='ocr_line' id='line_1_87' title="bbox 244 5213 1878 5288; baseline 0.004 -22"><span class='ocrx_word' id='word_1_687' title='bbox 244 5213 392 5282; x_wconf 87' lang='lat' dir='ltr'><strong>quod</strong></span> <span class='ocrx_word' id='word_1_688' title='bbox 439 5213 578 5268; x_wconf 86' lang='lat' dir='ltr'><strong>satis</strong></span> <span class='ocrx_word' id='word_1_689' title='bbox 625 5213 828 5285; x_wconf 90' lang='lat' dir='ltr'><strong>dignas</strong></span> <span class='ocrx_word' id='word_1_690' title='bbox 886 5215 1144 5270; x_wconf 86' lang='lat' dir='ltr'><strong>habeatis</strong></span> <span class='ocrx_word' id='word_1_691' title='bbox 1197 5233 1392 5272; x_wconf 88' lang='lat' dir='ltr'><strong>causas</strong></span> <span class='ocrx_word' id='word_1_692' title='bbox 1439 5218 1765 5288; x_wconf 85' lang='lat' dir='ltr'><strong>iracundim,</strong></span> <span class='ocrx_word' id='word_1_693' title='bbox 1808 5235 1878 5273; x_wconf 83' lang='lat' dir='ltr'><strong>ex</strong></span> 
     </span>
    </p>
   </div>
   <div class='ocr_carea' id='block_1_86' title="bbox 246 5305 1876 5380">
    <p class='ocr_par' dir='ltr' id='par_1_86' title="bbox 246 5305 1876 5380">
     <span class='ocr_line' id='line_1_88' title="bbox 246 5305 1876 5380; baseline 0.005 -21"><span class='ocrx_word' id='word_1_694' title='bbox 246 5305 442 5374; x_wconf 84' lang='lat' dir='ltr'><strong>quibus</strong></span> <span class='ocrx_word' id='word_1_695' title='bbox 459 5305 810 5376; x_wconf 87' lang='lat' dir='ltr'><strong>justissimus</strong></span> <span class='ocrx_word' id='word_1_696' title='bbox 835 5308 987 5378; x_wconf 89' lang='lat' dir='ltr'><strong>ignis</strong></span> <span class='ocrx_word' id='word_1_697' title='bbox 1013 5309 1118 5364; x_wconf 92' lang='lat' dir='ltr'><strong>iste</strong></span> <span class='ocrx_word' id='word_1_698' title='bbox 1145 5311 1446 5380; x_wconf 89' lang='lat' dir='ltr'><strong>coalescat,</strong></span> <span class='ocrx_word' id='word_1_699' title='bbox 1475 5313 1519 5366; x_wconf 92' lang='lat' dir='ltr'><strong>si</strong></span> <span class='ocrx_word' id='word_1_700' title='bbox 1553 5312 1876 5368; x_wconf 89' lang='lat' dir='ltr'><strong>considere-</strong></span> 
     </span>
    </p>
   </div>
   <div class='ocr_carea' id='block_1_87' title="bbox 244 5397 1881 5474">
    <p class='ocr_par' dir='ltr' id='par_1_87' title="bbox 244 5397 1881 5474">
     <span class='ocr_line' id='line_1_89' title="bbox 244 5397 1881 5474; baseline 0.007 -26"><span class='ocrx_word' id='word_1_701' title='bbox 244 5397 310 5450; x_wconf 86' lang='lat' dir='ltr'><strong>tis</strong></span> <span class='ocrx_word' id='word_1_702' title='bbox 337 5399 397 5453; x_wconf 90' lang='lat' dir='ltr'><strong>in</strong></span> <span class='ocrx_word' id='word_1_703' title='bbox 429 5402 675 5470; x_wconf 87' lang='lat' dir='ltr'><strong>quantos</strong></span> <span class='ocrx_word' id='word_1_704' title='bbox 700 5415 800 5454; x_wconf 90' lang='lat' dir='ltr'><strong>vos</strong></span> <span class='ocrx_word' id='word_1_705' title='bbox 828 5417 1047 5457; x_wconf 88' lang='lat' dir='ltr'><strong>errores</strong></span> <span class='ocrx_word' id='word_1_706' title='bbox 1074 5401 1372 5459; x_wconf 83' lang='lat' dir='ltr'><strong>deduxerit</strong></span> <span class='ocrx_word' id='word_1_707' title='bbox 1397 5404 1743 5474; x_wconf 77' lang='lat' dir='ltr'><strong>ignorantim</strong></span> <span class='ocrx_word' id='word_1_708' title='bbox 1765 5422 1881 5460; x_wconf 86' lang='lat' dir='ltr'><strong>ma-</strong></span> 
     </span>
    </p>
   </div>
   <div class='ocr_carea' id='block_1_88' title="bbox 245 5489 1881 5570">
    <p class='ocr_par' dir='ltr' id='par_1_88' title="bbox 245 5489 1881 5570">
     <span class='ocr_line' id='line_1_90' title="bbox 245 5489 1881 5570; baseline 0.007 -27"><span class='ocrx_word' id='word_1_709' title='bbox 245 5489 375 5558; x_wconf 87' lang='lat' dir='ltr'><strong>lum,</strong></span> <span class='ocrx_word' id='word_1_710' title='bbox 404 5497 762 5564; x_wconf 87' lang='lat' dir='ltr'><strong>quantosque</strong></span> <span class='ocrx_word' id='word_1_711' title='bbox 781 5493 972 5565; x_wconf 86' lang='lat' dir='ltr'><strong>lapsus</strong></span> <span class='ocrx_word' id='word_1_712' title='bbox 999 5500 1054 5550; x_wconf 91' lang='lat' dir='ltr'><strong>et</strong></span> <span class='ocrx_word' id='word_1_713' title='bbox 1080 5500 1292 5567; x_wconf 89' lang='lat' dir='ltr'><strong>quanta</strong></span> <span class='ocrx_word' id='word_1_714' title='bbox 1317 5497 1633 5570; x_wconf 87' lang='lat' dir='ltr'><strong>prmcipitia</strong></span> <span class='ocrx_word' id='word_1_715' title='bbox 1656 5498 1728 5553; x_wconf 90' lang='lat' dir='ltr'><strong>ad</strong></span> <span class='ocrx_word' id='word_1_716' title='bbox 1756 5515 1881 5570; x_wconf 88' lang='lat' dir='ltr'><strong>pec-</strong></span> 
     </span>
    </p>
   </div>
   <div class='ocr_carea' id='block_1_89' title="bbox 241 5585 1878 5661">
    <p class='ocr_par' dir='ltr' id='par_1_89' title="bbox 241 5585 1878 5661">
     <span class='ocr_line' id='line_1_91' title="bbox 241 5585 1878 5661; baseline 0.005 -23"><span class='ocrx_word' id='word_1_717' title='bbox 241 5585 487 5640; x_wconf 87' lang='lat' dir='ltr'><strong>candum</strong></span> <span class='ocrx_word' id='word_1_718' title='bbox 523 5585 705 5654; x_wconf 89' lang='lat' dir='ltr'><strong>dedit,</strong></span> <span class='ocrx_word' id='word_1_719' title='bbox 731 5603 766 5641; x_wconf 90' lang='lat' dir='ltr'><strong>a</strong></span> <span class='ocrx_word' id='word_1_720' title='bbox 794 5589 1020 5658; x_wconf 88' lang='lat' dir='ltr'><strong>quantis</strong></span> <span class='ocrx_word' id='word_1_721' title='bbox 1061 5607 1159 5646; x_wconf 88' lang='lat' dir='ltr'><strong>vos</strong></span> <span class='ocrx_word' id='word_1_722' title='bbox 1197 5590 1360 5646; x_wconf 86' lang='lat' dir='ltr'><strong>bonis</strong></span> <span class='ocrx_word' id='word_1_723' title='bbox 1401 5590 1695 5661; x_wconf 78' lang='lat' dir='ltr'><strong>abstraxit,</strong></span> <span class='ocrx_word' id='word_1_724' title='bbox 1726 5596 1784 5647; x_wconf 91' lang='lat' dir='ltr'><strong>et</strong></span> <span class='ocrx_word' id='word_1_725' title='bbox 1818 5592 1878 5646; x_wconf 90' lang='lat' dir='ltr'><strong>in</strong></span> 
     </span>
    </p>
   </div>
   <div class='ocr_carea' id='block_1_90' title="bbox 239 5679 1881 5757">
    <p class='ocr_par' dir='ltr' id='par_1_90' title="bbox 239 5679 1881 5757">
     <span class='ocr_line' id='line_1_92' title="bbox 239 5679 1881 5757; baseline 0.005 -26"><span class='ocrx_word' id='word_1_726' title='bbox 239 5691 363 5746; x_wconf 80' lang='lat' dir='ltr'><strong>qum</strong></span> <span class='ocrx_word' id='word_1_727' title='bbox 403 5679 780 5750; x_wconf 82' lang='lat' dir='ltr'><strong>prmcipitavit</strong></span> <span class='ocrx_word' id='word_1_728' title='bbox 819 5681 992 5751; x_wconf 89' lang='lat' dir='ltr'><strong>mala,</strong></span> <span class='ocrx_word' id='word_1_729' title='bbox 1037 5688 1113 5754; x_wconf 90' lang='lat' dir='ltr'><strong>et,</strong></span> <span class='ocrx_word' id='word_1_730' title='bbox 1152 5685 1305 5757; x_wconf 88' lang='lat' dir='ltr'><strong>quod</strong></span> <span class='ocrx_word' id='word_1_731' title='bbox 1348 5687 1434 5741; x_wconf 88' lang='lat' dir='ltr'><strong>est</strong></span> <span class='ocrx_word' id='word_1_732' title='bbox 1475 5701 1648 5756; x_wconf 89' lang='lat' dir='ltr'><strong>super</strong></span> <span class='ocrx_word' id='word_1_733' title='bbox 1689 5685 1881 5740; x_wconf 88' lang='lat' dir='ltr'><strong>omnia</strong></span> 
     </span>
    </p>
   </div>
   <div class='ocr_carea' id='block_1_91' title="bbox 241 5772 1878 5850">
    <p class='ocr_par' dir='ltr' id='par_1_91' title="bbox 241 5772 1878 5850">
     <span class='ocr_line' id='line_1_93' title="bbox 241 5772 1878 5850; baseline 0.006 -26"><span class='ocrx_word' id='word_1_734' title='bbox 241 5772 484 5840; x_wconf 81' lang='lat' dir='ltr'><strong>gravius,</strong></span> <span class='ocrx_word' id='word_1_735' title='bbox 512 5773 669 5845; x_wconf 86' lang='lat' dir='ltr'><strong>quod</strong></span> <span class='ocrx_word' id='word_1_736' title='bbox 695 5790 791 5828; x_wconf 90' lang='lat' dir='ltr'><strong>vos</strong></span> <span class='ocrx_word' id='word_1_737' title='bbox 829 5775 887 5830; x_wconf 93' lang='lat' dir='ltr'><strong>in</strong></span> <span class='ocrx_word' id='word_1_738' title='bbox 929 5777 1120 5833; x_wconf 84' lang='lat' dir='ltr'><strong>futuro</strong></span> <span class='ocrx_word' id='word_1_739' title='bbox 1164 5781 1373 5834; x_wconf 85' lang='lat' dir='ltr'><strong>smculo</strong></span> <span class='ocrx_word' id='word_1_740' title='bbox 1420 5779 1652 5834; x_wconf 89' lang='lat' dir='ltr'><strong>mternis</strong></span> <span class='ocrx_word' id='word_1_741' title='bbox 1695 5779 1878 5850; x_wconf 86' lang='lat' dir='ltr'><strong>pmnis</strong></span> 
     </span>
    </p>
   </div>
   <div class='ocr_carea' id='block_1_92' title="bbox 239 5863 1878 5940">
    <p class='ocr_par' dir='ltr' id='par_1_92' title="bbox 239 5863 1878 5940">
     <span class='ocr_line' id='line_1_94' title="bbox 239 5863 1878 5940; baseline 0.007 -24"><span class='ocrx_word' id='word_1_742' title='bbox 239 5863 515 5920; x_wconf 73' lang='lat' dir='ltr'><strong>obnoxios</strong></span> <span class='ocrx_word' id='word_1_743' title='bbox 541 5867 691 5921; x_wconf 78' lang='lat' dir='ltr'><strong>fecit.</strong></span> <span class='ocrx_word' id='word_1_744' title='bbox 724 5869 920 5924; x_wconf 84' lang='lat' dir='ltr'><strong>Nonne</strong></span> <span class='ocrx_word' id='word_1_745' title='bbox 955 5888 1055 5940; x_wconf 82' lang='lat' dir='ltr'><strong>pro</strong></span> <span class='ocrx_word' id='word_1_746' title='bbox 1083 5871 1168 5926; x_wconf 89' lang='lat' dir='ltr'><strong>his</strong></span> <span class='ocrx_word' id='word_1_747' title='bbox 1193 5873 1456 5928; x_wconf 87' lang='lat' dir='ltr'><strong>omnibus</strong></span> <span class='ocrx_word' id='word_1_748' title='bbox 1485 5873 1578 5927; x_wconf 90' lang='lat' dir='ltr'><strong>ubi</strong></span> <span class='ocrx_word' id='word_1_749' title='bbox 1609 5872 1763 5928; x_wconf 87' lang='lat' dir='ltr'><strong>vobis</strong></span> <span class='ocrx_word' id='word_1_750' title='bbox 1791 5889 1878 5928; x_wconf 80' lang='lat' dir='ltr'><strong>ve-</strong></span> 
     </span>
    </p>
   </div>
   <div class='ocr_carea' id='block_1_93' title="bbox 1976 4652 3610 4726">
    <p class='ocr_par' dir='ltr' id='par_1_93' title="bbox 1976 4652 3610 4726">
     <span class='ocr_line' id='line_1_95' title="bbox 1976 4652 3610 4726; baseline -0.002 -18"><span class='ocrx_word' id='word_1_751' title='bbox 1976 4654 2140 4709; x_wconf 91' lang='lat' dir='ltr'><strong>valde</strong></span> <span class='ocrx_word' id='word_1_752' title='bbox 2168 4655 2385 4724; x_wconf 89' lang='lat' dir='ltr'><strong>justum</strong></span> <span class='ocrx_word' id='word_1_753' title='bbox 2421 4658 2506 4708; x_wconf 88' lang='lat' dir='ltr'><strong>est</strong></span> <span class='ocrx_word' id='word_1_754' title='bbox 2539 4655 2790 4724; x_wconf 86' lang='lat' dir='ltr'><strong>separari</strong></span> <span class='ocrx_word' id='word_1_755' title='bbox 2812 4671 2944 4709; x_wconf 91' lang='lat' dir='ltr'><strong>eum</strong></span> <span class='ocrx_word' id='word_1_756' title='bbox 2968 4654 3063 4726; x_wconf 89' lang='lat' dir='ltr'><strong>qui</strong></span> <span class='ocrx_word' id='word_1_757' title='bbox 3090 4652 3284 4709; x_wconf 88' lang='lat' dir='ltr'><strong>salvari</strong></span> <span class='ocrx_word' id='word_1_758' title='bbox 3304 4652 3425 4706; x_wconf 91' lang='lat' dir='ltr'><strong>vult</strong></span> <span class='ocrx_word' id='word_1_759' title='bbox 3449 4652 3520 4706; x_wconf 86' lang='lat' dir='ltr'><strong>ab</strong></span> <span class='ocrx_word' id='word_1_760' title='bbox 3543 4669 3610 4706; x_wconf 93' lang='lat' dir='ltr'><strong>eo</strong></span> 
     </span>
    </p>
   </div>
   <div class='ocr_carea' id='block_1_94' title="bbox 1979 4745 3614 4819">
    <p class='ocr_par' dir='ltr' id='par_1_94' title="bbox 1979 4745 3614 4819">
     <span class='ocr_line' id='line_1_96' title="bbox 1979 4745 3614 4819; baseline -0.002 -17"><span class='ocrx_word' id='word_1_761' title='bbox 1979 4748 2077 4819; x_wconf 90' lang='lat' dir='ltr'><strong>qui</strong></span> <span class='ocrx_word' id='word_1_762' title='bbox 2117 4763 2232 4802; x_wconf 91' lang='lat' dir='ltr'><strong>non</strong></span> <span class='ocrx_word' id='word_1_763' title='bbox 2262 4747 2398 4802; x_wconf 93' lang='lat' dir='ltr'><strong>vult.</strong></span> <span class='ocrx_word' id='word_1_764' title='bbox 2428 4747 2536 4802; x_wconf 90' lang='lat' dir='ltr'><strong>Sed</strong></span> <span class='ocrx_word' id='word_1_765' title='bbox 2568 4751 2624 4801; x_wconf 91' lang='lat' dir='ltr'><strong>et</strong></span> <span class='ocrx_word' id='word_1_766' title='bbox 2651 4746 2790 4801; x_wconf 91' lang='lat' dir='ltr'><strong>illud</strong></span> <span class='ocrx_word' id='word_1_767' title='bbox 2822 4747 3072 4814; x_wconf 88' lang='lat' dir='ltr'><strong>adverte,</strong></span> <span class='ocrx_word' id='word_1_768' title='bbox 3099 4746 3232 4818; x_wconf 90' lang='lat' dir='ltr'><strong>quia</strong></span> <span class='ocrx_word' id='word_1_769' title='bbox 3256 4762 3372 4800; x_wconf 92' lang='lat' dir='ltr'><strong>non</strong></span> <span class='ocrx_word' id='word_1_770' title='bbox 3401 4762 3474 4799; x_wconf 83' lang='lat' dir='ltr'><strong>ex</strong></span> <span class='ocrx_word' id='word_1_771' title='bbox 3503 4745 3614 4800; x_wconf 88' lang='lat' dir='ltr'><strong>illis</strong></span> 
     </span>
    </p>
   </div>
   <div class='ocr_carea' id='block_1_95' title="bbox 1979 4838 3611 4912">
    <p class='ocr_par' dir='ltr' id='par_1_95' title="bbox 1979 4838 3611 4912">
     <span class='ocr_line' id='line_1_97' title="bbox 1979 4838 3611 4912; baseline -0.002 -16"><span class='ocrx_word' id='word_1_772' title='bbox 1979 4842 2077 4912; x_wconf 88' lang='lat' dir='ltr'><strong>qui</strong></span> <span class='ocrx_word' id='word_1_773' title='bbox 2101 4841 2308 4896; x_wconf 89' lang='lat' dir='ltr'><strong>rectius</strong></span> <span class='ocrx_word' id='word_1_774' title='bbox 2339 4839 2684 4911; x_wconf 90' lang='lat' dir='ltr'><strong>intelligunt,</strong></span> <span class='ocrx_word' id='word_1_775' title='bbox 2713 4839 2870 4895; x_wconf 88' lang='lat' dir='ltr'><strong>venit</strong></span> <span class='ocrx_word' id='word_1_776' title='bbox 2893 4840 3000 4894; x_wconf 92' lang='lat' dir='ltr'><strong>ista</strong></span> <span class='ocrx_word' id='word_1_777' title='bbox 3025 4839 3326 4912; x_wconf 89' lang='lat' dir='ltr'><strong>separatio,</strong></span> <span class='ocrx_word' id='word_1_778' title='bbox 3345 4839 3427 4894; x_wconf 92' lang='lat' dir='ltr'><strong>illi</strong></span> <span class='ocrx_word' id='word_1_779' title='bbox 3457 4838 3611 4894; x_wconf 90' lang='lat' dir='ltr'><strong>enim</strong></span> 
     </span>
    </p>
   </div>
   <div class='ocr_carea' id='block_1_96' title="bbox 1977 4933 3609 5006">
    <p class='ocr_par' dir='ltr' id='par_1_96' title="bbox 1977 4933 3609 5006">
     <span class='ocr_line' id='line_1_98' title="bbox 1977 4933 3609 5006; baseline -0.001 -17"><span class='ocrx_word' id='word_1_780' title='bbox 1977 4936 2174 4990; x_wconf 85' lang='lat' dir='ltr'><strong>volunt</strong></span> <span class='ocrx_word' id='word_1_781' title='bbox 2200 4951 2317 4990; x_wconf 90' lang='lat' dir='ltr'><strong>esse</strong></span> <span class='ocrx_word' id='word_1_782' title='bbox 2346 4934 2556 5006; x_wconf 88' lang='lat' dir='ltr'><strong>pariter</strong></span> <span class='ocrx_word' id='word_1_783' title='bbox 2575 4939 2632 4988; x_wconf 92' lang='lat' dir='ltr'><strong>et</strong></span> <span class='ocrx_word' id='word_1_784' title='bbox 2652 4934 2919 5006; x_wconf 91' lang='lat' dir='ltr'><strong>prodesse</strong></span> <span class='ocrx_word' id='word_1_785' title='bbox 2937 4933 3023 4988; x_wconf 92' lang='lat' dir='ltr'><strong>his</strong></span> <span class='ocrx_word' id='word_1_786' title='bbox 3051 4938 3108 4988; x_wconf 89' lang='lat' dir='ltr'><strong>et</strong></span> <span class='ocrx_word' id='word_1_787' title='bbox 3128 4933 3331 4990; x_wconf 90' lang='lat' dir='ltr'><strong>docere</strong></span> <span class='ocrx_word' id='word_1_788' title='bbox 3353 4933 3609 4988; x_wconf 90' lang='lat' dir='ltr'><strong>meliora.</strong></span> 
     </span>
    </p>
   </div>
   <div class='ocr_carea' id='block_1_97' title="bbox 1980 5027 3612 5100">
    <p class='ocr_par' dir='ltr' id='par_1_97' title="bbox 1980 5027 3612 5100">
     <span class='ocr_line' id='line_1_99' title="bbox 1980 5027 3612 5100; baseline -0.002 -15"><span class='ocrx_word' id='word_1_789' title='bbox 1980 5029 2091 5085; x_wconf 92' lang='lat' dir='ltr'><strong>Sed</strong></span> <span class='ocrx_word' id='word_1_790' title='bbox 2109 5028 2406 5100; x_wconf 89' lang='lat' dir='ltr'><strong>preprium</strong></span> <span class='ocrx_word' id='word_1_791' title='bbox 2423 5033 2506 5084; x_wconf 87' lang='lat' dir='ltr'><strong>est</strong></span> <span class='ocrx_word' id='word_1_792' title='bbox 2525 5029 2864 5100; x_wconf 88' lang='lat' dir='ltr'><strong>ignorantim</strong></span> <span class='ocrx_word' id='word_1_793' title='bbox 2886 5028 3109 5097; x_wconf 92' lang='lat' dir='ltr'><strong>vitium,</strong></span> <span class='ocrx_word' id='word_1_794' title='bbox 3132 5031 3200 5082; x_wconf 90' lang='lat' dir='ltr'><strong>ut</strong></span> <span class='ocrx_word' id='word_1_795' title='bbox 3224 5027 3612 5083; x_wconf 89' lang='lat' dir='ltr'><strong>confutantem</strong></span> 
     </span>
    </p>
   </div>
   <div class='ocr_carea' id='block_1_98' title="bbox 1978 5121 3616 5193">
    <p class='ocr_par' dir='ltr' id='par_1_98' title="bbox 1978 5121 3616 5193">
     <span class='ocr_line' id='line_1_100' title="bbox 1978 5121 3616 5193; baseline -0.001 -16"><span class='ocrx_word' id='word_1_796' title='bbox 1978 5139 2058 5189; x_wconf 91' lang='lat' dir='ltr'><strong>se,</strong></span> <span class='ocrx_word' id='word_1_797' title='bbox 2085 5123 2337 5178; x_wconf 90' lang='lat' dir='ltr'><strong>veritatis</strong></span> <span class='ocrx_word' id='word_1_798' title='bbox 2363 5122 2548 5177; x_wconf 91' lang='lat' dir='ltr'><strong>lucem</strong></span> <span class='ocrx_word' id='word_1_799' title='bbox 2577 5139 2690 5177; x_wconf 91' lang='lat' dir='ltr'><strong>non</strong></span> <span class='ocrx_word' id='word_1_800' title='bbox 2720 5123 2868 5176; x_wconf 87' lang='lat' dir='ltr'><strong>ferat</strong></span> <span class='ocrx_word' id='word_1_801' title='bbox 2887 5121 3102 5177; x_wconf 89' lang='lat' dir='ltr'><strong>habere</strong></span> <span class='ocrx_word' id='word_1_802' title='bbox 3134 5121 3205 5176; x_wconf 88' lang='lat' dir='ltr'><strong>de</strong></span> <span class='ocrx_word' id='word_1_803' title='bbox 3238 5122 3513 5193; x_wconf 88' lang='lat' dir='ltr'><strong>proximo.</strong></span> <span class='ocrx_word' id='word_1_804' title='bbox 3548 5123 3616 5177; x_wconf 87' lang='lat' dir='ltr'><strong>Et</strong></span> 
     </span>
    </p>
   </div>
   <div class='ocr_carea' id='block_1_99' title="bbox 1978 5214 3613 5287">
    <p class='ocr_par' dir='ltr' id='par_1_99' title="bbox 1978 5214 3613 5287">
     <span class='ocr_line' id='line_1_101' title="bbox 1978 5214 3613 5287; baseline 0 -17"><span class='ocrx_word' id='word_1_805' title='bbox 1978 5215 2108 5270; x_wconf 90' lang='lat' dir='ltr'><strong>ideo</strong></span> <span class='ocrx_word' id='word_1_806' title='bbox 2135 5233 2200 5270; x_wconf 85' lang='lat' dir='ltr'><strong>ex</strong></span> <span class='ocrx_word' id='word_1_807' title='bbox 2229 5215 2337 5271; x_wconf 92' lang='lat' dir='ltr'><strong>illis</strong></span> <span class='ocrx_word' id='word_1_808' title='bbox 2366 5217 2471 5270; x_wconf 88' lang='lat' dir='ltr'><strong>ista</strong></span> <span class='ocrx_word' id='word_1_809' title='bbox 2507 5214 2759 5270; x_wconf 89' lang='lat' dir='ltr'><strong>noscitur</strong></span> <span class='ocrx_word' id='word_1_810' title='bbox 2786 5215 3084 5286; x_wconf 90' lang='lat' dir='ltr'><strong>separatio.</strong></span> <span class='ocrx_word' id='word_1_811' title='bbox 3115 5217 3255 5270; x_wconf 82' lang='lat' dir='ltr'><strong>Nam</strong></span> <span class='ocrx_word' id='word_1_812' title='bbox 3292 5216 3390 5287; x_wconf 87' lang='lat' dir='ltr'><strong>qui</strong></span> <span class='ocrx_word' id='word_1_813' title='bbox 3433 5215 3613 5271; x_wconf 87' lang='lat' dir='ltr'><strong>scien-</strong></span> 
     </span>
    </p>
   </div>
   <div class='ocr_carea' id='block_1_100' title="bbox 1978 5308 3611 5381">
    <p class='ocr_par' dir='ltr' id='par_1_100' title="bbox 1978 5308 3611 5381">
     <span class='ocr_line' id='line_1_102' title="bbox 1978 5308 3611 5381; baseline 0.001 -18"><span class='ocrx_word' id='word_1_814' title='bbox 1978 5309 2122 5364; x_wconf 91' lang='lat' dir='ltr'><strong>tiam</strong></span> <span class='ocrx_word' id='word_1_815' title='bbox 2178 5309 2427 5364; x_wconf 81' lang='lat' dir='ltr'><strong>veritatis</strong></span> <span class='ocrx_word' id='word_1_816' title='bbox 2485 5308 2790 5380; x_wconf 88' lang='lat' dir='ltr'><strong>accipiunt,</strong></span> <span class='ocrx_word' id='word_1_817' title='bbox 2833 5309 2931 5381; x_wconf 88' lang='lat' dir='ltr'><strong>qni</strong></span> <span class='ocrx_word' id='word_1_818' title='bbox 2968 5309 3240 5364; x_wconf 86' lang='lat' dir='ltr'><strong>bonitatis</strong></span> <span class='ocrx_word' id='word_1_819' title='bbox 3293 5310 3462 5380; x_wconf 91' lang='lat' dir='ltr'><strong>plena</strong></span> <span class='ocrx_word' id='word_1_820' title='bbox 3509 5315 3611 5376; x_wconf 87' lang='lat' dir='ltr'><strong>est,</strong></span> 
     </span>
    </p>
   </div>
   <div class='ocr_carea' id='block_1_101' title="bbox 1976 5402 3616 5475">
    <p class='ocr_par' dir='ltr' id='par_1_101' title="bbox 1976 5402 3616 5475">
     <span class='ocr_line' id='line_1_103' title="bbox 1976 5402 3616 5475; baseline 0.001 -18"><span class='ocrx_word' id='word_1_821' title='bbox 1976 5408 2251 5474; x_wconf 88' lang='lat' dir='ltr'><strong>tanquam</strong></span> <span class='ocrx_word' id='word_1_822' title='bbox 2273 5420 2304 5456; x_wconf 92' lang='lat' dir='ltr'><strong>a</strong></span> <span class='ocrx_word' id='word_1_823' title='bbox 2319 5402 2472 5456; x_wconf 92' lang='lat' dir='ltr'><strong>bono</strong></span> <span class='ocrx_word' id='word_1_824' title='bbox 2489 5403 2601 5458; x_wconf 89' lang='lat' dir='ltr'><strong>Deo</strong></span> <span class='ocrx_word' id='word_1_825' title='bbox 2615 5402 3068 5475; x_wconf 90' lang='lat' dir='ltr'><strong>datam,cupiunt</strong></span> <span class='ocrx_word' id='word_1_826' title='bbox 3085 5419 3211 5457; x_wconf 89' lang='lat' dir='ltr'><strong>eam</strong></span> <span class='ocrx_word' id='word_1_827' title='bbox 3225 5403 3269 5457; x_wconf 91' lang='lat' dir='ltr'><strong>si</strong></span> <span class='ocrx_word' id='word_1_828' title='bbox 3285 5403 3410 5459; x_wconf 82' lang='lat' dir='ltr'><strong>ﬁeri</strong></span> <span class='ocrx_word' id='word_1_829' title='bbox 3430 5407 3616 5475; x_wconf 88' lang='lat' dir='ltr'><strong>potest</strong></span> 
     </span>
    </p>
   </div>
   <div class='ocr_carea' id='block_1_102' title="bbox 1979 5495 3615 5568">
    <p class='ocr_par' dir='ltr' id='par_1_102' title="bbox 1979 5495 3615 5568">
     <span class='ocr_line' id='line_1_104' title="bbox 1979 5495 3615 5568; baseline -0.001 -17"><span class='ocrx_word' id='word_1_830' title='bbox 1979 5512 2110 5551; x_wconf 90' lang='lat' dir='ltr'><strong>cum</strong></span> <span class='ocrx_word' id='word_1_831' title='bbox 2136 5495 2397 5550; x_wconf 88' lang='lat' dir='ltr'><strong>omnibus</strong></span> <span class='ocrx_word' id='word_1_832' title='bbox 2415 5495 2624 5552; x_wconf 87' lang='lat' dir='ltr'><strong>habere</strong></span> <span class='ocrx_word' id='word_1_833' title='bbox 2643 5512 3030 5552; x_wconf 90' lang='lat' dir='ltr'><strong>communem.</strong></span> <span class='ocrx_word' id='word_1_834' title='bbox 3055 5496 3239 5552; x_wconf 90' lang='lat' dir='ltr'><strong>Etiam</strong></span> <span class='ocrx_word' id='word_1_835' title='bbox 3261 5514 3391 5552; x_wconf 90' lang='lat' dir='ltr'><strong>cum</strong></span> <span class='ocrx_word' id='word_1_836' title='bbox 3409 5497 3498 5552; x_wconf 87' lang='lat' dir='ltr'><strong>his</strong></span> <span class='ocrx_word' id='word_1_837' title='bbox 3517 5497 3615 5568; x_wconf 91' lang='lat' dir='ltr'><strong>qui</strong></span> 
     </span>
    </p>
   </div>
   <div class='ocr_carea' id='block_1_103' title="bbox 1980 5589 3614 5662">
    <p class='ocr_par' dir='ltr' id='par_1_103' title="bbox 1980 5589 3614 5662">
     <span class='ocr_line' id='line_1_105' title="bbox 1980 5589 3614 5662; baseline -0.001 -18"><span class='ocrx_word' id='word_1_838' title='bbox 1980 5589 2226 5644; x_wconf 89' lang='lat' dir='ltr'><strong>oderunt</strong></span> <span class='ocrx_word' id='word_1_839' title='bbox 2261 5605 2378 5656; x_wconf 91' lang='lat' dir='ltr'><strong>eos,</strong></span> <span class='ocrx_word' id='word_1_840' title='bbox 2420 5592 2476 5644; x_wconf 90' lang='lat' dir='ltr'><strong>et</strong></span> <span class='ocrx_word' id='word_1_841' title='bbox 2526 5593 2968 5662; x_wconf 88' lang='lat' dir='ltr'><strong>persequuntur.</strong></span> <span class='ocrx_word' id='word_1_842' title='bbox 3029 5590 3227 5646; x_wconf 91' lang='lat' dir='ltr'><strong>Sciunt</strong></span> <span class='ocrx_word' id='word_1_843' title='bbox 3273 5590 3426 5646; x_wconf 91' lang='lat' dir='ltr'><strong>enim</strong></span> <span class='ocrx_word' id='word_1_844' title='bbox 3477 5589 3614 5660; x_wconf 88' lang='lat' dir='ltr'><strong>quia</strong></span> 
     </span>
    </p>
   </div>
   <div class='ocr_carea' id='block_1_104' title="bbox 1976 5681 3614 5756">
    <p class='ocr_par' dir='ltr' id='par_1_104' title="bbox 1976 5681 3614 5756">
     <span class='ocr_line' id='line_1_106' title="bbox 1976 5681 3614 5756; baseline -0.001 -18"><span class='ocrx_word' id='word_1_845' title='bbox 1976 5685 2272 5754; x_wconf 90' lang='lat' dir='ltr'><strong>peccatum</strong></span> <span class='ocrx_word' id='word_1_846' title='bbox 2309 5681 2562 5754; x_wconf 90' lang='lat' dir='ltr'><strong>ipsorum</strong></span> <span class='ocrx_word' id='word_1_847' title='bbox 2600 5699 2772 5739; x_wconf 89' lang='lat' dir='ltr'><strong>causa</strong></span> <span class='ocrx_word' id='word_1_848' title='bbox 2807 5684 3152 5756; x_wconf 87' lang='lat' dir='ltr'><strong>ignorantim</strong></span> <span class='ocrx_word' id='word_1_849' title='bbox 3182 5689 3282 5739; x_wconf 91' lang='lat' dir='ltr'><strong>est.</strong></span> <span class='ocrx_word' id='word_1_850' title='bbox 3309 5685 3614 5752; x_wconf 87' lang='lat' dir='ltr'><strong>Propterea</strong></span> 
     </span>
    </p>
   </div>
   <div class='ocr_carea' id='block_1_105' title="bbox 1979 5775 3614 5848">
    <p class='ocr_par' dir='ltr' id='par_1_105' title="bbox 1979 5775 3614 5848">
     <span class='ocr_line' id='line_1_107' title="bbox 1979 5775 3614 5848; baseline -0.001 -17"><span class='ocrx_word' id='word_1_851' title='bbox 1979 5775 2225 5848; x_wconf 90' lang='lat' dir='ltr'><strong>denique</strong></span> <span class='ocrx_word' id='word_1_852' title='bbox 2265 5775 2385 5848; x_wconf 90' lang='lat' dir='ltr'><strong>ipse</strong></span> <span class='ocrx_word' id='word_1_853' title='bbox 2421 5776 2688 5848; x_wconf 85' lang='lat' dir='ltr'><strong>Magister</strong></span> <span class='ocrx_word' id='word_1_854' title='bbox 2724 5794 2857 5834; x_wconf 92' lang='lat' dir='ltr'><strong>cum</strong></span> <span class='ocrx_word' id='word_1_855' title='bbox 2897 5778 2968 5832; x_wconf 90' lang='lat' dir='ltr'><strong>ab</strong></span> <span class='ocrx_word' id='word_1_856' title='bbox 3006 5777 3096 5832; x_wconf 88' lang='lat' dir='ltr'><strong>his</strong></span> <span class='ocrx_word' id='word_1_857' title='bbox 3135 5776 3231 5847; x_wconf 90' lang='lat' dir='ltr'><strong>qui</strong></span> <span class='ocrx_word' id='word_1_858' title='bbox 3269 5775 3614 5846; x_wconf 86' lang='lat' dir='ltr'><strong>ignorabant</strong></span> 
     </span>
    </p>
   </div>
   <div class='ocr_carea' id='block_1_106' title="bbox 1979 5869 3613 5939">
    <p class='ocr_par' dir='ltr' id='par_1_106' title="bbox 1979 5869 3613 5939">
     <span class='ocr_line' id='line_1_108' title="bbox 1979 5869 3613 5939; baseline -0.002 -13"><span class='ocrx_word' id='word_1_859' title='bbox 1979 5886 2109 5927; x_wconf 91' lang='lat' dir='ltr'><strong>eum</strong></span> <span class='ocrx_word' id='word_1_860' title='bbox 2150 5869 2454 5926; x_wconf 86' lang='lat' dir='ltr'><strong>duceretur</strong></span> <span class='ocrx_word' id='word_1_861' title='bbox 2493 5871 2561 5925; x_wconf 86' lang='lat' dir='ltr'><strong>ad</strong></span> <span class='ocrx_word' id='word_1_862' title='bbox 2603 5887 2852 5935; x_wconf 79' lang='lat' dir='ltr'><strong>erucem,</strong></span> <span class='ocrx_word' id='word_1_863' title='bbox 2895 5870 3091 5924; x_wconf 86' lang='lat' dir='ltr'><strong>orabat</strong></span> <span class='ocrx_word' id='word_1_864' title='bbox 3131 5871 3349 5922; x_wconf 86' lang='lat' dir='ltr'><strong>Patrem</strong></span> <span class='ocrx_word' id='word_1_865' title='bbox 3390 5887 3494 5939; x_wconf 87' lang='lat' dir='ltr'><strong>pro</strong></span> <span class='ocrx_word' id='word_1_866' title='bbox 3534 5869 3613 5923; x_wconf 87' lang='lat' dir='ltr'><strong>in-</strong></span> 
     </span>
    </p>
   </div>
  </div>
