4068 6298
471 339 536 393 35
1370 337 1646 392 APPEND.
1689 337 1775 390 ΑΙ)
1813 337 1973 390 SASC.
2017 337 2102 390 l.\'.
2135 365 2201 373 —
2243 335 2483 389 ISIDORI
2523 333 2945 388 MERCATORIS
3768 335 3836 386 56

464 443 866 500 terfectoribus
911 443 1044 514 suis,
1078 448 1137 498 et
1179 443 1402 499 dicebat
1430 460 1443 497 :
1478 465 1504 492 «
1532 445 1714 512 Pater,
1747 443 1968 499 dimitte
2013 444 2095 498 eis
2116 454 2175 527 Α
2197 441 2459 511 diximus,
2490 440 2818 512 pervenitur
2846 439 2916 493 ad
2945 441 3188 494 Patrem.
3221 438 3364 492 Dum
3398 439 3596 493 autem
3634 422 3834 510 perve-

469 541 788 610 peccatum,
828 538 960 610 quia
1007 537 1270 593 nesciunt
1312 537 1446 608 quid
1493 536 1707 592 faciunt
1751 535 1897 607 (Luc.
1941 553 2094 606 xxm,

473 632 580 701 34).
604 628 963 696 ›νΐωὶιειηῐθδ
993 647 1223 703 quoque
1248 628 1506 701 discipuli
1530 629 1890 701 magistrum,
1923 631 2096 685 etiam

471 723 580 794 ipsi
600 740 730 779 cum
743 726 1091 795 paterentur,
1111 721 1367 777 similiter
1382 738 1486 792 pro
1506 721 1965 778 interfectoribus
1986 724 2098 778 suis

467 817 727 872 orabant.
771 817 932 882 Quod
970 817 1013 871 si
1053 815 1346 886 disciplina
1383 815 1548 870 nobis
1587 820 1674 871 est
1713 833 1879 870 orare
1922 816 2096 871 etiam

469 927 576 981 pro
614 909 1062 966 interfectoribus
1099 913 1154 963 et
1190 908 1648 980 persecutoribus
1688 909 1914 979 nostris,
1956 926 2096 980 quo-

469 1003 644 1057 modo
677 1019 794 1059 non
819 1002 986 1057 etiam
1013 1004 1317 1072 parentum
1338 1004 1394 1056 et
1419 1001 1877 1073 propinquorum
1908 1019 2100 1073 perse-

471 1096 726 1150 cutiones
765 1095 933 1162 ferre,
974 1096 1033 1148 et
1082 1111 1188 1165 pro
1251 1093 1623 1149 conversione
1673 1111 1896 1162 eorum,
1939 1111 2098 1150 orare

471 1187 756 1242 credimur
775 1187 804 1241 ?

537 1283 676 1334 Tum
708 1279 917 1334 deinde
942 1279 1117 1334 etiam
1143 1279 1475 1350 diligentius
1510 1279 1936 1335 consideremus
1971 1297 2099 1352 quae

467 1373 540 1429 sit
576 1373 740 1428 nobis
778 1389 949 1426 causa
987 1377 1250 1443 parentes
1290 1371 1583 1443 diligendi,
1623 1389 1728 1444 pro
1769 1389 1857 1441 eo,
1891 1374 2096 1445 inquit,

468 1466 604 1538 quia
618 1466 748 1520 vitae
770 1469 976 1519 nostrae
997 1465 1264 1520 videntur
1282 1470 1559 1521 auctores.
1582 1468 1852 1521 Auctores
1871 1467 2098 1539 quidem

466 1560 598 1613 vitae
631 1562 861 1628 nostrae,
893 1563 1156 1628 parentes
1197 1575 1315 1613 non
1360 1561 1511 1626 sunt,
1552 1559 1650 1614 sed
1678 1559 1944 1614 ministri.
1975 1561 2097 1615 Non

469 1653 628 1706 enim
648 1651 824 1706 vitam
853 1651 1128 1722 praebent,
1153 1653 1249 1707 sed
1278 1651 1636 1722 ingrediendi
1663 1652 1828 1707 nobis
1857 1652 1931 1707 ad
1952 1653 2099 1708 hanc
2143 1712 2146 1714 γ

465 1746 643 1798 vitam
661 1744 935 1799 exhibent
953 1744 1355 1812 ministerium,
1378 1749 1574 1799 auctor
1589 1748 1783 1800 autem
1803 1745 1932 1800 vitm
1952 1763 2101 1800 unus

469 1841 527 1892 et
549 1839 697 1892 solus
723 1841 809 1893 est
827 1839 992 1892 Deus.
1015 1837 1068 1892 Si
1092 1842 1282 1892 autem
1305 1841 1596 1892 auctorem
1615 1838 1741 1894 vita:
1757 1838 1996 1910 diligere
2008 1857 2101 1894 vo-
2120 1817 2178 1888 B

467 1931 678 2000 lumus,
709 1931 869 1985 illum
903 1930 1062 1985 nobis
1083 1947 1202 1986 esse
1235 1931 1588 2001 diligendum
1621 1931 1886 2000 sciamus,
1917 1933 2013 1988 sed
2039 1934 2102 1986 il-

469 2025 609 2091 lum,
642 2023 847 2095 inquit,
879 2038 1218 2095 cognoscere
1260 2041 1373 2079 non
1410 2024 1714 2095 potuimus,
1744 2025 1878 2080 istos
1907 2029 2100 2080 autem

469 2121 526 2170 et
550 2117 828 2184 novimus,
851 2123 908 2172 et
934 2118 993 2172 in
1020 2118 1228 2172 affectu
1255 2118 1556 2172 habemus.
1589 2119 1741 2184 Esto,
1772 2135 1887 2172 non
1913 2118 2096 2190 potui-

469 2209 567 2264 stis
591 2226 932 2281 cognoscere
958 2211 1085 2282 quis
1106 2210 1178 2265 sit
1189 2212 1354 2278 Deus,
1371 2211 1510 2282 quid
1526 2215 1717 2266 tamen
1734 2228 1848 2266 non
1868 2211 1939 2267 sit
1958 2213 2100 2266 Deus

469 2304 735 2374 perfacile
764 2303 906 2358 scire
931 2304 1211 2375 potuistis.
1231 2305 1373 2359 Nam
1394 2305 1682 2376 quomodo
1709 2306 1889 2360 latere
1919 2305 2103 2376 potuit

469 2397 788 2463 hominem,
805 2398 960 2468 quod
973 2398 1193 2468 lignum
1209 2402 1307 2452 aut
1322 2397 1462 2469 lapis
1475 2400 1575 2452 aut
1589 2415 1664 2452 ses
1675 2398 1761 2452 vel
1775 2398 2100 2468 hujusmodi

468 2489 705 2544 materia
721 2491 868 2544 Deus
885 2507 998 2544 non
1020 2490 1128 2545 sit?
1147 2491 1307 2555 Quod
1330 2491 1373 2544 si
1392 2491 1449 2544 in
1472 2491 1559 2544 his
1575 2508 1703 2562 quae
1723 2491 1884 2546 facile
1905 2492 2102 2563 depre-

467 2582 718 2637 hendere
748 2583 1007 2654 potuistis
1034 2583 1291 2637 animum
1311 2584 1383 2637 ad
1405 2583 1822 2638 discutiendum
1848 2585 2100 2639 voluistis

466 2676 787 2744 intendere,
810 2679 1033 2731 certum
1062 2680 1148 2730 est
1184 2676 1321 2747 quia
1358 2682 1413 2731 et
1450 2677 1512 2730 in
1541 2677 1836 2749 agnitione
1866 2677 1966 2732 Dei
1989 2677 2096 2731 im-

465 2769 644 2838 pediti
669 2769 822 2838 estis,
855 2786 969 2824 non
1012 2769 1472 2840 impossibilitatis
1518 2771 1617 2824 sed
1659 2770 1904 2841 ignaviae
1945 2771 2098 2841 vitio,

471 2878 603 2917 nam
629 2862 675 2916 si
697 2863 1008 2918 voluissetis
1041 2879 1106 2918 ex
1146 2863 1233 2917 his
1273 2863 1409 2933 ipsis
1452 2863 1746 2919 inutilibus
1788 2863 2102 2920 simulacris

468 2955 722 3025 profecto
747 2956 1095 3026 accepissetis
1124 2956 1520 3027 intelligentia:
1546 2956 1715 3011 viam.
1745 2957 1973 3013 Certum
1994 2962 2097 3028 est,

469 3047 602 3118 quia
631 3064 732 3118 per
764 3049 981 3102 ferrum
1019 3051 1165 3104 facta
1197 3052 1329 3104 sunt
1371 3050 1689 3118 simulacra,
1723 3051 1942 3106 ferrum
1968 3069 2100 3107 vero

466 3157 568 3212 per
596 3141 791 3212 ignem
817 3143 1134 3198 confectum
1161 3146 1265 3198 est.
1295 3142 1401 3207 Qui
1429 3142 1578 3214 ignis
1616 3160 1762 3216 aqua
1789 3145 2097 3216 exstingui-

467 3239 580 3301 tur,
611 3251 758 3306 aqua
784 3239 975 3291 autem
1000 3252 1103 3307 per
1131 3235 1394 3308 spiritum
1423 3240 1702 3292 movetur.
1728 3237 1970 3308 Spiritus
1996 3255 2098 3292 au-

471 3332 585 3382 tem
605 3344 639 3382 a
665 3330 776 3383 Deo
798 3329 1026 3384 initium
1052 3330 1244 3385 habet.
1267 3330 1358 3385 Sic
1382 3329 1538 3384 enim
1563 3330 1706 3385 dixit
1732 3332 1946 3402 Moyses
1964 3349 2096 3402 pro-

467 3422 639 3490 pheta
671 3440 682 3476 :
717 3444 744 3470 «
771 3425 832 3478 In
861 3423 1142 3495 principio
1179 3423 1312 3478 fecit
1341 3425 1484 3479 Deus
1523 3425 1730 3478 coelum
1771 3429 1829 3479 et
1865 3428 2095 3480 terram.

468 3513 634 3569 Terra
659 3519 850 3571 autem
882 3520 1006 3571 erat
1035 3517 1327 3571 invisibilis
1353 3521 1408 3572 et
1437 3517 1831 3590 incomposita,
1859 3521 1916 3572 et
1939 3524 2097 3575 tene-

468 3608 585 3663 brae
621 3614 783 3665 erant
818 3627 990 3681 super
1022 3611 1229 3667 faciem
1269 3611 1474 3683 abyssi,
1502 3614 1558 3666 et
1587 3612 1830 3683 Spiritus
1857 3612 1953 3668 Dei
1981 3616 2100 3668 erat

469 3719 639 3774 super
677 3720 855 3774 aquas
899 3704 1046 3773 (Gen.
1087 3721 1126 3766 ι,
1168 3708 1215 3772 1,
1258 3705 1329 3774 2).
1372 3728 1398 3754 ››
1443 3704 1551 3768 Qui
1595 3704 1838 3775 Spiritus
1875 3705 2098 3760 Domini

461 3796 624 3866 jussu
655 3796 816 3866 quasi
837 3797 960 3866 ipsa
987 3812 1190 3850 manus
1217 3796 1536 3850 Conditoris
1553 3797 1736 3852 lucem
1769 3797 2047 3868 separavit
2066 3814 2100 3852 a

467 3888 740 3956 tenebris,
759 3893 826 3955 _et
855 3891 983 3960 post
1007 3888 1147 3942 illud
1168 3887 1446 3944 invisibile
1473 3890 1676 3944 coelum
1705 3889 1855 3947 istud
1883 3891 2099 3948 visibile

469 3971 852 4129 produxitﬁut
880 3982 1174 4052 superiora
1201 3981 1432 4053 quidem
1465 3983 1854 4040 habitaculum
1889 3985 2101 4041 faceret

469 4075 707 4129 angelis.
732 4074 746 4128 i
793 4074 1002 4129 feriora
1027 4093 1161 4129 vero
1187 4076 1536 4129 hominibus.
1565 4079 1799 4129 Pronter
1823 4095 1920 4129 vos
1944 4080 2097 4129 iussu

469 4075 707 4145 angelis,
732 4074 1002 4130 inferiora
1027 4093 1161 4131 vero
1187 4076 1536 4132 hominibus.
1565 4079 1799 4150 Propter
1823 4095 1920 4134 vos
1937 4080 2098 4152 jussu

469 4168 566 4223 Dei
599 4185 747 4240 aqua
785 4185 911 4239 quae
951 4172 1071 4223 erat
1109 4187 1279 4242 super
1316 4171 1516 4226 faciem
1555 4176 1724 4227 terrae
1765 4173 2014 4240 secessit,
2033 4177 2100 4228 ut

467 4265 622 4315 terra
650 4262 808 4316 vobis
837 4261 1172 4332 produceret
1200 4264 1434 4318 fructus.
1465 4264 1566 4319 Cui
1589 4265 1762 4321 etiam
1795 4266 2099 4322 humorum

2199 535 2415 603 ueritis,
2443 533 2737 606 agnoscite
2772 533 2919 588 hanc
2949 548 3070 586 esse
3102 533 3450 587 voluntatem
3479 532 3618 602 ejus,
3641 537 3707 587 ut
3731 549 3837 604 per

2197 645 2390 700 aquas,
2419 644 2546 700 quas
2584 627 2785 698 primae
2805 628 3008 682 creata:
3040 631 3189 693 sunt,
3219 625 3406 680 denuo
3430 625 3834 680 renascamini.

2200 722 2310 786 Qui
2328 721 2481 776 enim
2504 725 2877 791 regeneratus
2901 719 3075 774 fuerit
3095 736 3200 791 per
3216 735 3452 790 aquam,
3469 719 3633 774 bonis
3655 720 3838 791 operi-

2197 815 2303 869 bus
2338 815 2608 886 repletus,
2649 814 2830 868 haeres
2869 812 3114 867 efficitur
3151 813 3274 883 ejus
3324 830 3358 866 a
3394 829 3504 884 quo
3543 812 3603 867 in
3641 813 3836 867 incor-

2198 907 2463 978 ruptione
2494 911 2863 978 regeneratus
2888 909 2990 961 est.
3013 907 3253 977 Propter
3278 906 3451 978 quod,
3474 908 3688 977 paratis
3718 907 3840 962 ani-

2201 1001 2311 1055 mis
2331 1000 2599 1067 acceditc,
2621 999 2781 1070 quasi
2802 998 2906 1053 filii
2933 999 3003 1054 ad
3032 1001 3278 1070 patrem,
3307 1001 3370 1053 ut
3399 1004 3629 1070 peccata
3649 1005 3839 1055 vestra

2201 1093 2492 1148 diluantur
2513 1097 2571 1149 et
2597 1109 2761 1148 causa
2783 1108 2987 1147 eorum
3017 1093 3135 1147 sola
3157 1091 3484 1163 ignorantia
3505 1093 3676 1147 fuisse
3700 1110 3836 1164 pro-

2198 1187 2369 1242 betur
2406 1186 2559 1258 apud
2599 1185 2922 1240 Dominum.
2952 1187 3093 1240 Nam
3123 1186 3169 1240 si
3202 1189 3326 1257 post
3356 1185 3711 1257 agnitionem
3737 1187 3841 1241 ho-

2200 1296 2325 1334 rum
2354 1279 2704 1352 permanetis
2725 1280 2782 1334 in
2801 1279 3221 1348 incredulitate,
3244 1279 3401 1333 vobis
3421 1279 3543 1350 jam
3574 1280 3842 1350 perditio-

2199 1373 2287 1428 nis
2302 1376 2501 1429 vestrae
2517 1390 2701 1441 causa,
2725 1379 2783 1428 et
2805 1389 2918 1428 non
2941 1373 3303 1444 ignorantiae,
3319 1373 3706 1444 reputabitur;
3731 1392 3841 1428 nec

2200 1467 2409 1538 putetis
2436 1467 2611 1523 etiam
2641 1467 2796 1538 quod
2824 1467 2868 1521 si
2903 1483 3137 1521 omnem
3178 1465 3448 1537 pietatem
3487 1467 3681 1521 colatis
3710 1484 3838 1522 om-

2202 1577 2450 1632 nemque
2488 1561 2795 1631 justitiam,
2830 1560 3185 1631 baptismum
3214 1575 3345 1614 vero
3378 1575 3493 1613 non
3531 1559 3839 1631 accipiatis,

2199 1670 2360 1725 spem
2398 1653 2621 1724 possitis
2659 1653 2868 1707 habere
2911 1653 3063 1723 apud
3101 1651 3428 1719 Dominum,
3455 1652 3574 1707 imo
3614 1654 3840 1724 majore

2200 1764 2369 1819 paena
2397 1747 2559 1818 digni
2598 1746 2756 1800 eritis
2785 1745 2882 1818 qui
2914 1746 3067 1800 bona
3097 1763 3271 1817 opera
3296 1762 3410 1800 non
3440 1746 3589 1801 bene
3618 1747 3841 1817 operati

2203 1841 2357 1895 estis.
2376 1821 2686 1921 honfertur
2713 1839 2872 1894 enim
2895 1839 3168 1894 meritum
3196 1839 3420 1893 homini
3445 1855 3515 1894 ex
3542 1840 3706 1894 bonis
3735 1858 3838 1911 ge-

2201 1934 2319 2001 stis,
2349 1933 2450 1988 sed
2479 1934 2525 1987 si
2556 1933 2637 1987 ita
2667 1938 2942 2004 gerantur
2969 1933 3114 1987 sicut
3146 1933 3291 1988 Deus
3311 1933 3478 2003 jubet
3509 1950 3521 1987 :
3552 1936 3698 1988 Deus
3731 1951 3835 1988 au-

2200 2031 2316 2080 tem
2341 2026 2510 2097 jussit
2534 2043 2769 2082 omnem
2790 2026 3072 2081 colentem
3100 2041 3159 2079 se
3186 2025 3468 2096 baptismo
3488 2026 3838 2098 consignari.

2199 2120 2359 2184 Quod
2405 2121 2453 2174 si
2491 2137 2588 2174 vos
2633 2119 2958 2186 renueritis,
2989 2125 3052 2174 ut
3085 2124 3290 2173 vestrae
3334 2119 3610 2174 voluntati
3655 2121 3844 2192 magis

2203 2230 2377 2284 quam
2404 2213 2501 2269 Dei
2532 2213 2965 2284 obtemperetis,
2997 2212 3269 2267 contrarii
3297 2212 3419 2266 sine
3445 2213 3619 2268 dubio
3642 2219 3699 2268 et
3723 2214 3838 2268 ini-

2201 2306 2337 2360 mici
2365 2307 2498 2361 estis
2525 2306 2803 2362 voluntati
2839 2306 2980 2377 ejus.
3017 2306 3126 2361 Sed
3153 2305 3350 2361 dicetis
3375 2307 3616 2361 fortasse
3640 2325 3652 2361 :

2269 2399 2416 2465 Quid
2443 2401 2667 2455 confert
2692 2416 2856 2471 aquae
2878 2399 3196 2470 baptismus
3222 2399 3294 2454 ad
3317 2400 3414 2454 Dei
3435 2400 3692 2455 cultum?
3712 2401 3838 2455 Pri-

2200 2510 2295 2548 mo
2340 2493 2593 2564 quidem,
2627 2493 2760 2564 quia
2805 2493 2962 2564 quod
3011 2493 3253 2548 Domino
3293 2493 3505 2564 placuit
3540 2494 3837 2564 impletur.

2201 2587 2484 2654 Secundo,
2512 2585 2645 2656 quia
2693 2590 3031 2656 regenerato
3077 2603 3147 2639 ex
3186 2586 3346 2656 aquis
3383 2589 3441 2640 et
3476 2588 3588 2642 Deo
3634 2591 3841 2643 renato

2199 2679 2478 2751 fragilitas
2504 2678 2706 2750 prioris
2736 2677 3042 2732 nativitatis
3067 2695 3196 2750 quae
3224 2679 3382 2734 vobis
3408 2697 3513 2751 per
3539 2680 3841 2737 hominem

2202 2774 2351 2827 facta
2374 2775 2460 2826 est
2477 2773 2826 2842 amputatur,
2852 2775 2909 2826 et
2928 2771 3008 2826 ita
3029 2771 3265 2826 demum
3293 2773 3595 2844 pervenire
3621 2774 3841 2845 poteri-

2201 2865 2271 2920 tis
2299 2866 2372 2920 ad
2404 2865 2672 2920 salutem.
2702 2864 2883 2919 Aliter
2904 2864 3257 2936 impossibile
3290 2869 3394 2920 est.
3424 2866 3514 2921 Sic
3550 2867 3706 2922 enim
3735 2885 3840 2923 no-

2199 2959 2287 3014 bis
2311 2975 2442 3013 cum
2462 2962 2820 3013 sacramento
2847 2975 3015 3013 verus
3040 2960 3326 3030 Propheta
3350 2962 3591 3037 testatus
3617 2963 3721 3029 est,
3751 2961 3839 3015 di-

2201 3069 2334 3108 cens
2367 3070 2379 3106 :
2427 3075 2454 3101 ‹‹
2496 3054 2698 3122 Amen,
2734 3068 2908 3107 amen
2941 3052 3068 3107 dico
3107 3053 3285 3121 vobis,
3330 3053 3440 3108 nisi
3483 3053 3609 3125 quis
3645 3054 3842 3110 denuo

2199 3150 2433 3201 renatus
2461 3146 2634 3200 fuerit
2662 3163 2734 3200 ex
2753 3162 2903 3216 aqua
2923 3145 3062 3214 viva,
3088 3163 3205 3201 non
3226 3145 3481 3202 introibit
3505 3147 3564 3202 in
3592 3164 3844 3219 regnum

2200 3240 2474 3294 caelorum
2507 3239 2684 3309 (Joan.
2718 3255 2797 3307 ιιι,
2828 3241 2936 3311 3).»
2955 3240 3024 3294 Et
3051 3239 3182 3294 ideo
3205 3241 3535 3295 accelerate.
3561 3242 3658 3295 Est
3681 3242 3841 3297 enim

2199 3333 2258 3387 in
2289 3333 2449 3405 aquis
2474 3332 2594 3388 istis
2620 3331 3016 3388 misericordia
3047 3332 3170 3404 ejus
3196 3333 3460 3404 quaedam
3488 3351 3615 3405 quae
3638 3351 3708 3388 ex
3726 3335 3840 3390 ini-

2199 3426 2278 3481 tio
2326 3425 2613 3482 ferebatur
2653 3443 2826 3497 super
2857 3443 2971 3495 eas,
3001 3430 3059 3480 et
3098 3426 3356 3498 agnoscit
3387 3443 3482 3481 eos
3512 3427 3609 3498 qui
3649 3428 3841 3499 bapti-

2200 3522 2402 3574 zantur
2427 3521 2529 3574 sub
2549 3519 2927 3591 appellatione
2950 3519 3185 3590 triplicis
3210 3519 3570 3590 sacramenti,
3591 3523 3649 3574 et
3669 3522 3844 3592 eripit

2199 3629 2297 3668 eos
2318 3613 2387 3666 de
2410 3612 2719 3683 suppliciis,
2747 3611 2976 3678 futuris,
2999 3610 3159 3682 quasi
3192 3611 3410 3664 donum
3435 3613 3722 3682 quoddam
3747 3615 3837 3668 of-
3933 3682 3939 3687 _

2199 3707 2389 3761 ferens
2417 3706 2532 3759 Deo
2549 3705 2766 3758 animas
2786 3721 2892 3775 per
2906 3703 3252 3774 baptismum
3281 3708 3658 3760 consecratas.
3683 3707 3836 3762 Con-

2200 3798 2381 3870 fugite
2400 3814 2537 3868 ergo
2567 3797 2636 3851 ad
2665 3814 2840 3868 aquas
2867 3796 3021 3859 istas,
3053 3796 3186 3850 solm
3211 3799 3344 3850 sunt
3371 3798 3526 3852 enim
3553 3815 3682 3870 qua:
3709 3817 3840 3872 pos-
3891 3833 3898 3839 -

2199 3894 2331 3947 sunt
2359 3891 2473 3945 vim
2504 3891 2681 3945 futuri
2715 3888 2865 3961 ignis
2899 3888 3274 3959 exstinguere.
3308 3890 3388 3945 Ad
3415 3906 3552 3962 quas
3578 3893 3677 3962 qui
3706 3909 3839 3948 mo-

2199 3989 2360 4040 ratur
2386 3983 2680 4052 accedere,
2708 3985 2934 4037 constat
2960 3982 3021 4036 in
3041 3998 3108 4036 eo
3141 3982 3324 4037 adhuc
3350 3983 3699 4039 infidelitatis
3720 3986 3843 4042 ido-

2198 4080 2320 4133 lum
2371 4092 2732 4149 permanere,
2774 4077 2833 4129 et
2886 4075 2959 4129 ab
3012 4074 3134 4146 ipso
3192 4076 3480 4146 prohiberi
3535 4077 3607 4131 ad
3663 4095 3842 4150 aquas

2197 4186 2509 4244 properare
2535 4185 2663 4241 quae
2690 4168 2933 4222 salutem
2955 4169 3269 4224 conferunt.
3302 4169 3429 4224 Sive
3458 4169 3609 4224 enim
3626 4171 3840 4241 justus,

2199 4265 2313 4320 sive
2330 4264 2400 4318 sit
2414 4263 2680 4334 injustus,
2698 4261 3010 4333 baptismus
3025 4279 3130 4333 per
3147 4263 3338 4317 omnia
3357 4264 3708 4318 necessarius
3731 4269 3839 4336 est,

469 4370 640 4408 venas
681 4355 925 4410 latenter
962 4356 1199 4411 inseruit
1237 4361 1298 4411 ut
1333 4355 1490 4411 vobis
1529 4373 1594 4413 ex
1643 4376 1712 4413 ea
1750 4359 2103 4430 profluerent
2192 4359 2348 4429 justo
2386 4355 2622 4428 quidem
2649 4359 2710 4410 ut
2737 4355 3118 4427 adimpleatur
3147 4355 3205 4410 in
3246 4373 3313 4410 eo
3350 4355 3627 4428 perfectio
3656 4361 3714 4410 et
3741 4375 3840 4412 re-

466 4448 651 4502 fontes
689 4451 744 4502 ct
781 4449 1038 4504 flumina.
1066 4452 1304 4521 Propter
1328 4468 1432 4506 nos
1473 4452 1791 4524 producere
1821 4453 1975 4522 jussa
2014 4455 2100 4506 est

2199 4453 2508 4520 generetur
2533 4450 2670 4516 Deo,
2693 4449 2903 4519 injusto
2925 4465 3057 4503 vero
3089 4453 3151 4503 ut
3175 4454 3541 4520 peccatorum
3565 4466 3691 4520 quae
3717 4467 3844 4522 ges-

466 4541 780 4598 animantia
805 4547 861 4598 et
903 4543 1096 4599 omnia
1141 4561 1269 4615 qua:
1307 4548 1501 4600 nostro
1544 4545 1672 4599 usui
1716 4545 2099 4615 voluntatique
2117 4542 2176 4614 D
2201 4544 2272 4598 sit
2295 4542 2554 4597 remissio
2583 4543 2946 4597 concedatur.
2977 4542 3254 4598 Omnibus
3279 4558 3418 4613 ergo
3445 4543 3842 4601 festinandum

468 4636 764 4692 servirent.
793 4639 878 4692 An
909 4655 1022 4693 non
1047 4642 1284 4710 propter
1308 4655 1402 4694 vos
1428 4637 1581 4692 venti
1625 4637 1841 4709 spirant
1859 4637 1887 4691 ‘?
1933 4639 1995 4690 ut
2032 4653 2098 4691 ex

466 4729 605 4800 ipsis
631 4731 956 4802 concipiens
985 4732 1197 4788 fructus
1225 4733 1385 4787 vobis
1414 4736 1570 4786 terra
1597 4729 1920 4802 parturiat?
1950 4730 2097 4784 Non-

468 4837 540 4875 ne
566 4828 796 4893 propter
820 4841 918 4878 vos
948 4825 1157 4880 imbres
1197 4827 1487 4896 profluunt
1511 4827 1569 4877 et
1595 4827 1858 4894 tempora
1887 4821 2096 4877 vicissi-

466 4915 692 4969 tudines
719 4918 984 4973 mutant?
1016 4920 1162 4972 Num
1190 4921 1424 4989 propter
1451 4933 1549 4970 vos
1575 4916 1655 4970 sol
1687 4916 1886 4983 oritur,
1921 4919 1977 4970 et
2003 4933 2098 4970 oc-

466 5006 619 5074 cidit,
661 5011 720 5061 et
755 5011 1100 5065 mutationes
1149 5011 1286 5066 luna
1334 5009 1695 5082 perpetitur?
1732 5013 1966 5081 propter
2001 5026 2101 5064 vos

469 5116 630 5154 mare
682 5102 906 5156 exhibet
949 5103 1284 5159 famulatum
1337 5120 1522 5171 suum,
1569 5107 1635 5158 ut
1671 5102 1828 5157 vobis
1865 5103 2100 5174 ingratis

467 5198 670 5249 cuncta
687 5195 1012 5266 subjaceant
1027 5197 1054 5250 ‘?
1076 5198 1272 5252 Nonne
1299 5214 1404 5268 pro
1425 5196 1514 5251 his
1535 5196 1800 5251 omnibus
1817 5197 1971 5267 justa
1993 5197 2103 5252 erit

465 5287 698 5342 ultionis
712 5305 901 5358 pcena,
917 5290 1049 5361 quia
1068 5291 1272 5346 horum
1289 5291 1550 5345 omnium
1571 5291 1905 5362 largitorem
1925 5307 2098 5363 quem

468 5385 599 5436 ante
629 5381 821 5436 omnia
843 5388 895 5438 et
919 5399 1228 5455 agnoscere
1250 5387 1308 5439 et
1324 5383 1588 5440 venerari
1611 5383 1900 5453 debuistis,
1917 5386 2100 5439 solum

467 5473 596 5548 12
629 5492 747 5547 pra:
772 5477 986 5532 caeteris
1013 5478 1332 5550 ignoratis?
1359 5479 1468 5534 Sed
1515 5481 1572 5533 et
1608 5495 1762 5533 nunc
1806 5495 1911 5550 per
1945 5478 2098 5534 idem

462 5586 563 5624 vos
582 5569 768 5624 adhuc
791 5569 850 5624 in
869 5569 1304 5643 intelligentiam
1328 5573 1451 5644 ejus
1471 5572 1638 5628 duco.
1653 5572 1862 5627 Videtis
1884 5573 2098 5628 etenim

467 5663 622 5735 quod
643 5663 834 5720 omnia
855 5664 1173 5737 gignuntur
1197 5682 1261 5722 ex
1297 5666 1476 5738 aquis,
1501 5683 1647 5738 aqua
1673 5683 1805 5722 vero
1834 5683 1938 5738 per
1960 5664 2097 5721 Uni-

466 5758 721 5828 genitum
749 5777 812 5815 ex
845 5760 1009 5815 initio
1040 5761 1190 5816 facta
1219 5765 1322 5828 est,
1353 5761 1638 5833 Unigeniti
1665 5778 1799 5816 vero
1835 5760 2099 5831 omnipo-

467 5856 593 5905 tens
625 5853 770 5909 Deus
795 5859 963 5926 caput
995 5859 1096 5925 est,
1127 5871 1231 5926 per
1259 5872 1429 5927 quem
1464 5855 1561 5910 tali
1595 5855 1816 5925 ordine,
1838 5859 1902 5910 ut
1935 5870 2103 5925 supra

2202 4639 2288 4691 est
2319 4635 2441 4691 sine
2469 4653 2630 4691 mora
2661 4635 2885 4691 renasci
2914 4637 3051 4703 Deo,
3072 4640 3129 4691 et
3153 4635 3387 4690 demum
3419 4636 3742 4707 consignari
3766 4639 3842 4693 ab

2202 4730 2488 4801 episcopo,
2512 4730 2568 4785 id
2589 4735 2691 4798 est,
2712 4729 3105 4801 septiformem
3134 4729 3375 4800 gratiam
3397 4729 3639 4800 Spiritus
3657 4732 3842 4785 sancti

2200 4823 2512 4896 percipere,
2553 4823 2683 4895 quia
2729 4823 2978 4878 incertus
3029 4826 3114 4878 est
3157 4822 3601 4895 uniuscujusque
3653 4823 3840 4878 exitus

2201 4917 2346 4972 vita}.
2378 4918 2517 4972 Cum
2557 4920 2748 4972 autem
2791 4918 3163 4986 regeneratus
3191 4915 3362 4971 fuerit
3388 4899 3492 4986 per
3517 4932 3749 4987 aquam,
3781 4923 3842 4974 et

2200 5011 2566 5083 postmodum
2595 5009 2940 5080 scptiformis
2966 5008 3208 5079 Spiritus
3237 5008 3422 5080 gratia
3442 5009 3511 5063 ab
3541 5009 3836 5081 episcopo,

2200 5107 2664 5160 utmemoratum
2687 5106 2790 5170 est,
2812 5102 3203 5170 confirmatus,
3217 5102 3350 5173 quia
3371 5101 3535 5157 aliter
3549 5103 3842 5174 perfectus

2201 5215 2323 5253 esse
2375 5197 2722 5252 Christianus
2778 5211 3148 5266 nequaquam
3206 5195 3440 5267 poterit,
3483 5211 3586 5250 nec
3635 5195 3841 5252 sedem

2200 5292 2413 5347 habere
2450 5291 2601 5346 inter
2637 5289 2916 5361 perfectos
2969 5288 3014 5342 si
3051 5305 3170 5343 non
3208 5288 3563 5358 necessitate,
3605 5288 3705 5342 sed
3745 5289 3842 5344 in-

2200 5385 2358 5441 curia
2394 5387 2491 5438 aut
2527 5383 2815 5437 voluntate
2855 5381 3211 5448 remanserit,
3255 5386 3315 5436 ut
3367 5398 3400 5435 a
3454 5381 3619 5436 beato
3675 5383 3848 5438 Petro

2203 5479 2461 5550 apostolo
2491 5476 2815 5547 accepimus
2845 5479 2902 5529 et
2930 5475 3123 5530 caeteri
3153 5475 3329 5529 sancti
3359 5474 3597 5546 apostoli
3635 5475 3844 5545 praeci-

2203 5572 2398 5644 piente
2427 5570 2669 5625 Domino
2693 5568 3027 5638 docuerunt,
3045 5571 3103 5623 ct
3120 5568 3357 5623 demum
3371 5585 3436 5622 ex
3456 5567 3722 5640 operibus
3739 5567 3845 5624 bo-

2206 5665 2294 5720 nis
2309 5663 2572 5720 ostendat
2588 5662 2645 5717 in
2663 5678 2722 5718 se
2742 5661 3176 5718 similitudinem
3193 5661 3334 5733 ejus,
3349 5661 3447 5733 qui
3463 5677 3596 5717 eum
3618 5662 3845 5733 genuit,

2201 5758 2397 5814 Patris.
2427 5758 2561 5812 Post
2584 5756 2707 5812 haec
2735 5772 2865 5811 vero
2897 5759 3172 5827 agnoscat
3202 5755 3512 5811 Dominum
3541 5755 3844 5825 honorare,

2203 5853 2392 5908 honor
2427 5854 2621 5906 autem
2664 5850 2785 5920 ejus
2825 5852 2929 5919 est,
2973 5851 3035 5903 ut
3072 5847 3147 5903 ita
3187 5847 3336 5904 vivat
3373 5847 3516 5904 sicut
3543 5847 3660 5920 ipse
3691 5849 3841 5919 vult;
