4068 6322
245 339 309 390 57
1509 335 1982 398 DECRETALIUM
2019 343 2404 400 COLLECTIO.
3545 361 3610 412 53

241 444 364 498 vult
387 444 544 500 enim
564 460 1033 518 unumquemque
1057 443 1139 501 ita
1155 446 1365 514 vivere,
1393 450 1458 501 ut
1487 447 1878 516 homicidium,
1901 461 1961 533 Α
1980 450 2090 521 26).
2111 450 2196 504 Ad
2221 451 2502 522 quosdam
2527 468 2667 524 ergo
2695 468 2764 508 ex
2781 453 2938 525 ipsis,
2966 471 3079 510 non
3107 457 3178 511 ad
3203 473 3422 530 omnes,
3453 461 3605 518 dice-

244 542 299 592 et
340 537 689 594 adulterium
729 538 964 609 nesciat,
1006 539 1202 594 odium
1243 545 1300 595 et
1339 539 1635 595 avaritiam
1677 541 1878 612 fugiat,

1980 542 2079 598 bat
2109 559 2123 597 :
2154 543 2248 597 Vae
2276 544 2453 612 vobis,
2487 545 2699 600 Scribat
2737 551 2793 602 et
2821 547 3085 603 Pharisaei
3115 550 3444 622 hypocritae,
3475 554 3611 625 quia

242 630 414 698 iram,
454 632 799 703 superbiam,
827 632 1164 703 jactantiam
1193 638 1426 706 respuat
1453 639 1510 688 et
1536 630 1935 713 exsecretur/
1982 635 2271 690 mundatis
2290 637 2474 692 calicis
2500 641 2557 694 et
2580 639 2896 711 paropsidis
2916 642 3066 712 quod
3096 643 3309 699 deforis
3330 648 3434 713 est,
3455 645 3608 702 intus

241 724 518 779 Invidiam
553 741 778 797 quoque
816 729 874 780 et
910 728 1112 781 caetera
1138 727 1227 781 his
1265 727 1474 781 similia
1497 729 1732 799 penitus
1759 745 1793 782 a
1822 715 1881 783 se

243 817 416 872 ducat
439 817 644 874 aliena.
677 821 773 874 Est
801 835 934 874 sana
960 820 1193 892 propria
1223 821 1485 892 quasdam
1510 826 1717 876 nostra:
1743 821 1881 876 reli-

244 910 432 981 gionis
462 909 836 979 observantia,
864 928 994 984 quae
1019 929 1138 968 non
1165 916 1282 967 tam
1307 912 1622 984 imponitur
1641 913 1884 968 homini-

239 1003 351 1058 bus
381 1020 555 1076 quam
578 1005 809 1076 proprie
848 1005 918 1060 ab
947 1021 1294 1078 unoquoque
1330 1007 1636 1061 Dominum
1665 1007 1880 1062 colente

242 1112 414 1151 causa
437 1097 698 1168 puritatis
727 1099 1026 1170 expetitur,
1059 1099 1128 1154 de
1154 1099 1501 1154 castimoniae
1520 1099 1642 1154 dico
1668 1100 1883 1154 cautela

241 1191 409 1260 cuius
450 1191 664 1263 species
706 1191 904 1247 multae
946 1197 1095 1248 sunt.
1145 1192 1251 1248 Sed
1290 1197 1358 1247 ut
1396 1192 1580 1264 primo
1625 1193 1884 1248 observet

241 1284 656 1357 unusquisque,
680 1301 752 1340 ne
779 1288 1148 1340 menstruatze
1176 1285 1403 1340 mulieri
1428 1286 1751 1356 misceatur,
1775 1287 1884 1340 hoc

243 1375 402 1430 enim
428 1377 768 1434 exsecrabile
785 1377 940 1433 ducit
959 1379 1050 1433 lex
1071 1377 1314 1434 Domini.
1337 1379 1496 1442 Quod
1519 1379 1561 1432 si
1587 1378 1678 1433 lex
1700 1378 1770 1433 de
1791 1379 1880 1433 his

242 1485 360 1524 non
385 1469 750 1541 admonisset,
773 1487 878 1525 nos
899 1476 960 1526 ut
984 1471 1156 1526 catuli
1177 1471 1419 1526 libenter
1439 1473 1800 1526 volveremur
1818 1471 1879 1526 in

242 1566 511 1618 stercore.
544 1563 826 1619 Debemus
862 1564 1077 1636 aliquid
1111 1564 1353 1636 amplius
1384 1565 1591 1620 habere
1620 1563 1876 1618 animali-

242 1655 371 1724 bus,
397 1661 592 1728 utpote
627 1657 982 1713 rationabiles
1011 1657 1273 1712 homines
1315 1660 1372 1712 et
1409 1657 1720 1712 caelestium
1749 1673 1875 1712 sen-

245 1765 415 1802 suum
455 1765 710 1820 capaces,
751 1750 956 1822 quibus
988 1751 1198 1805 summi
1241 1749 1413 1804 studii
1458 1766 1577 1805 esse
1608 1750 1776 1805 debet
1808 1749 1878 1804 ab

1982 730 2174 783 autem
2210 729 2380 798 plena
2417 736 2548 787 sunt
2587 731 2868 787 sordibus.
2900 734 3180 790 Pharisaae
3205 752 3370 806 cecc,
3398 740 3609 794 munda

1980 820 2140 892 prius
2165 822 2321 893 quod
2347 823 2501 878 intus
2531 829 2634 893 est,
2667 829 2726 880 et
2755 827 2906 896 quod
2943 827 3151 882 deforis
3181 834 3267 884 est
3295 830 3402 886 erit
3435 847 3602 886 mun-

1983 910 2144 967 dum.
2177 914 2317 968 Vere
2355 913 2510 968 enim
2550 915 2596 968 si
2629 931 2792 970 mens
2821 917 3136 972 mundetur
3170 919 3296 974 luce
3336 920 3602 990 scientiae,

1981 1019 2111 1059 cum
2130 1004 2251 1076 ipsa
2269 1005 2440 1061 fuerit
2464 1008 2678 1062 munda
2701 1024 2766 1063 ac
2786 1009 3104 1079 splendida,
3127 1015 3262 1066 tunc
3288 1013 3459 1068 etiam
3485 1015 3606 1086 ejus

1982 1097 2080 1168 qui
2097 1097 2303 1152 deforis
2320 1102 2406 1153 est
2419 1099 2667 1154 hominis
2685 1100 2804 1171 ipsa
2820 1104 3138 1158 necessario
3155 1121 3348 1159 curam
3365 1106 3534 1178 gerit,
3547 1108 3606 1162 id

1981 1195 2067 1245 est
2084 1190 2267 1245 carnis
2286 1208 2421 1261 suae,
2437 1196 2498 1246 ut
2518 1192 2637 1262 ipsa
2658 1193 3007 1264 puriﬁcetur;
3027 1197 3124 1250 ubi
3139 1201 3333 1252 autem
3352 1199 3459 1254 ista
3475 1215 3608 1272 quae

1981 1282 2191 1338 deforis
2227 1288 2313 1340 est
2347 1284 2666 1355 puriﬁcatio
2697 1286 2880 1340 carnis
2910 1287 3235 1360 negligitur,
3269 1293 3490 1346 certum
3521 1298 3608 1347 est

1980 1392 2166 1448 neque
2192 1377 2262 1432 de
2291 1377 2540 1448 puritate
2565 1379 2775 1434 mentis
2802 1396 2866 1434 ac
2892 1381 3170 1435 munditia
3194 1384 3378 1438 cordis
3405 1401 3604 1440 curam

1980 1469 2120 1541 geri.
2154 1472 2236 1524 lta
2266 1487 2404 1542 ergo
2448 1471 2511 1526 ﬁt
2553 1476 2614 1526 ut
2647 1472 2694 1526 is
2731 1472 2830 1544 qui
2867 1473 3206 1528 intrinsecus
3233 1477 3483 1531 mundus
3521 1481 3606 1533 est

1979 1563 2290 1618 mundetur
2331 1563 2451 1618 sine
2490 1564 2663 1620 dubio
2706 1568 2764 1619 et
2805 1565 3188 1636 extrinsecus;
3224 1584 3344 1622 non
3383 1585 3604 1641 semper

1979 1659 2171 1710 autem
2187 1656 2232 1711 is
2249 1657 2346 1728 qui
2367 1658 2677 1713 mandatur
2695 1658 3062 1730 extrinsecus,
3082 1660 3254 1716 etiam
3269 1661 3606 1718 intrinsecus

1979 1750 2231 1804 mundus
2269 1753 2372 1818 est,
2411 1750 2671 1807 videlicet
2707 1768 2837 1806 cum
2879 1753 2998 1823 agit
3026 1753 3150 1808 haec
3186 1757 3253 1808 ut
3285 1754 3606 1811 hominibus

243 1843 406 1896 omni
444 1841 879 1914 inquinamento
921 1843 1103 1898 cordis
1143 1842 1540 1898 conscientiam
1572 1817 1954 1925 custodire/3
1976 1842 2211 1914 placeat,
2253 1844 2355 1897 sed
2399 1849 2457 1899 et
2491 1845 2604 1918 illa,
2628 1846 2841 1916 species
2877 1846 3226 1901 castimoniae
3262 1848 3609 1904 observanda

243 1935 469 1990 Bonum
494 1937 577 1990 est
603 1941 796 1990 autem
825 1940 884 1990 et
909 1936 1144 2007 puritati
1175 1936 1522 1991 conveniens
1549 1935 1726 1991 etiam
1752 1952 1875 1990 cor-

240 2044 350 2098 pus
373 2044 522 2099 aqua
553 2028 787 2084 diluere.
816 2029 1038 2084 Bonum
1067 2046 1203 2084 vero
1231 2030 1356 2084 dico
1385 2046 1500 2084 non
1530 2029 1692 2100 quasi
1719 2029 1876 2100 prin-

241 2121 426 2192 cipale
453 2121 592 2176 illud
611 2122 672 2177 in
700 2139 813 2194 quo
834 2139 997 2177 mens
1015 2123 1369 2194 puriﬁcatur,
1389 2123 1489 2177 sed
1510 2121 1664 2194 quod
1685 2139 1880 2194 seque-

239 2213 302 2268 la
329 2214 404 2269 sit
430 2214 579 2270 illius
605 2215 742 2270 boni
757 2216 884 2286 hoc,
907 2217 967 2270 in
987 2232 1101 2288 quo
1123 2232 1253 2270 caro
1282 2215 1538 2282 diluitur,
1558 2215 1704 2270 sicut
1725 2215 1879 2270 enim

242 2311 304 2362 et
326 2307 590 2379 Magister
617 2314 807 2364 noster
834 2309 1112 2382 quosdam
1138 2309 1552 2364 Pharisaeorum
1583 2313 1640 2364 et
1669 2308 1880 2364 Scriba-

239 2417 396 2470 rum,
423 2403 523 2474 qui
539 2401 878 2458 videbantur
901 2419 1023 2458 esse
1045 2403 1263 2458 caeteris
1287 2402 1549 2457 meliores
1574 2406 1634 2457 et
1659 2419 1690 2456 a
1709 2402 1879 2474 vulgo

240 2496 508 2568 separati,
543 2496 893 2568 increpabat,
927 2496 1118 2552 dicens
1147 2512 1243 2550 eos
1272 2496 1612 2567 hypocritas,
1646 2494 1783 2566 quia
1814 2511 1880 2550 eo

239 2590 602 2645 solummodo
648 2606 778 2662 quae
820 2590 1146 2644 hominibus
1191 2589 1563 2657 videbantur,
1613 2589 1878 2661 puriﬁca-

237 2683 401 2754 bant,
444 2683 622 2738 corda
655 2700 813 2753 vero,
855 2699 984 2754 qua;
1025 2682 1178 2737 solus
1221 2683 1368 2736 Deus
1412 2681 1643 2754 aspicit,
1685 2681 1879 2753 inqui-

237 2781 374 2833 nata
431 2776 830 2849 relinquebant
881 2781 937 2832 et
996 2775 1225 2830 sordida
1280 2774 1496 2847 (Matth.
1551 2791 1714 2844 xxm,
1771 2779 1877 2843 25,

1977 1941 2081 2004 est,
2111 1936 2198 1992 uti
2226 1953 2298 1991 ne
2334 1938 2544 2008 passim
2582 1942 2638 1993 et
2671 1938 2926 1993 libidinis
2957 1939 3130 1995 solius
3171 1956 3342 1996 causa
3379 1941 3604 1996 feminis

1977 2033 2138 2084 coeat
2175 2030 2324 2100 quis,
2357 2031 2454 2085 sed
2488 2031 2834 2102 posteritatis
2868 2033 3202 2104 reparanda;
3235 2034 3434 2105 gratia,
3476 2051 3606 2106 quae

1979 2121 2337 2177 observantia
2348 2139 2414 2177 cu
2424 2139 2476 2177 m
2492 2123 2735 2179 etiamin
2747 2124 3029 2180 nonnullis
3039 2125 3350 2197 pecudibus
3359 2127 3607 2182 invenia-

1977 2219 2090 2286 tur,
2117 2215 2348 2287 pudoris
2370 2221 2454 2271 est
2479 2217 2522 2270 si
2553 2233 2669 2272 non
2700 2217 2770 2271 ab
2796 2218 3060 2273 omnibus
3088 2219 3522 2275 rationabilibus
3551 2225 3609 2275 et

1980 2308 2160 2363 Deum
2193 2310 2506 2365 colentibus
2537 2310 2887 2366 observetur.
2924 2313 3071 2384 Ergo
3107 2329 3305 2368 omnes
3335 2329 3603 2384 peccave-

1978 2407 2133 2472 runt,
2163 2407 2221 2458 et
2240 2407 2415 2474 egent
2434 2404 2644 2459 auxilio
2670 2405 2788 2459 Dei.
2818 2406 3055 2477 Propter
3073 2407 3247 2478 quod,
3270 2407 3603 2477 charissimi,

1979 2496 2272 2550 sectamini
2294 2512 2520 2569 semper
2549 2497 2884 2552 charitatem
2911 2501 2969 2552 et
2994 2499 3345 2554 semulamini
3369 2499 3607 2554 meliora

1980 2591 2037 2644 et
2066 2587 2403 2660 spiritualia,
2446 2593 2505 2644 et
2541 2589 2801 2660 adjuvate
2840 2607 2938 2646 vos
2974 2591 3235 2660 invicem,
3263 2597 3329 2647 ut
3359 2593 3604 2647 Domino

1980 2696 2206 2753 semper
2231 2681 2289 2737 in
2319 2682 2583 2738 omnibus
2612 2683 2832 2753 placere
2861 2683 3106 2740 valeatis.
3138 2687 3339 2741 Amen.

621 3079 1177 3172 EPISTULA
1244 3079 1664 3187 QUINTA
1731 3079 2132 3173 SANCTI
2201 3079 2835 3173 CLEMENTIS
2902 3081 3232 3175 PAPfE

484 3265 584 3329 De
641 3265 977 3328 communi
1023 3266 1162 3327 vita
1176 3312 1199 3342 ,
1257 3263 1528 3346 reliqz‘u’s
1566 3265 1704 3328 suis
1757 3263 2093 3346 discipulis
2143 3265 2385 3347 scripta
2445 3264 3041 3347 Hz’erosolymz'sque
3095 3266 3362 3330 directa.

313 3438 702 3495 Dilectissimis
727 3440 1012 3511 fratribus,
1045 3443 1104 3496 et
1135 3441 1534 3514 condiscipulis
1560 3441 1878 3512 Hierosoly-
1901 3451 1956 3526 ρ
1981 3441 2176 3496 domos
2196 3442 2280 3496 vel
2308 3457 2474 3512 agros
2491 3440 2854 3512 possidebant
2876 3440 3199 3496 vendebant
3215 3456 3329 3509 eos,
3349 3445 3407 3496 et
3423 3443 3608 3513 pretia

241 3533 353 3588 mis
377 3549 510 3588 cum
541 3532 871 3589 charissimo
901 3534 1080 3590 fratre
1116 3534 1320 3591 Jacobo
1349 3534 1685 3607 coepiscopo
1711 3533 1874 3589 habi-

245 3627 518 3698 tantibus,
548 3623 796 3684 CLEust
822 3627 1138 3700 episcopus.

313 3719 652 3776 Communis
675 3720 806 3790 vita,
830 3721 1050 3789 fratres,
1074 3720 1337 3777 omnibus
1356 3719 1677 3776 necessaria
1697 3723 1802 3791 est,
1822 3724 1879 3775 et

244 3813 494 3869 maxime
519 3813 610 3868 his
635 3813 735 3885 qui
764 3814 880 3870 Deo
905 3814 1482 3887 irreprehensibiliter
1506 3814 1750 3870 militare
1777 3829 1875 3868 cu-

246 3908 432 3978 piunt,
456 3910 514 3962 et
531 3906 710 3963 vitam
729 3908 1119 3980 apostolorum
1138 3923 1446 3979 eorumque
1467 3907 1879 3979 discipulorum

248 3999 460 4056 imitari
489 4001 707 4056 volunt.
743 4001 1071 4057 Communis
1102 4001 1257 4057 enim
1289 4017 1422 4056 usus
1453 4000 1712 4055 omnium
1749 4016 1878 4072 quae

249 4097 376 4148 sunt
401 4094 464 4148 in
489 4094 602 4150 hoc
626 4095 845 4150 mundo
877 4095 1139 4150 omnibus
1165 4110 1285 4150 esse
1308 4094 1635 4149 hominibus
1662 4093 1876 4162 debuit,

250 4187 348 4242 sed
380 4204 486 4259 per
526 4187 885 4259 iniquitatem
920 4188 1064 4244 alius
1095 4204 1263 4244 suum
1299 4203 1418 4243 esse
1453 4186 1615 4256 dixit,
1649 4191 1704 4242 et
1736 4187 1880 4242 alius

251 4280 420 4351 istud,
443 4285 498 4337 et
525 4279 602 4335 sic
631 4281 780 4337 inter
804 4283 1074 4338 mortales
1098 4283 1248 4338 facta
1273 4281 1471 4337 divisio
1498 4285 1599 4336 est.
1625 4280 1877 4352 Denique

251 4374 576 4430 Graecorum
623 4375 857 4447 quidem
896 4375 1368 4460 sapientissimus,
1415 4375 1537 4430 haec
1583 4374 1662 4429 ita
1700 4374 1880 4430 sciens

1978 3551 2176 3592 eorum
2203 3537 2259 3588 et
2286 3533 2537 3605 reliquas
2565 3549 2656 3588 res
2680 3549 2822 3604 quas
2848 3533 3148 3603 habebant,
3170 3532 3485 3588 afferebant
3502 3552 3606 3605 po-

1978 3631 2177 3684 nentes
2195 3631 2325 3682 ante
2345 3627 2518 3698 pedes
2535 3627 2922 3697 apostolorum
2947 3626 3086 3696 (Act.
3115 3642 3188 3694 1v,
3211 3627 3300 3696 32,
3321 3627 3410 3694 34,
3431 3629 3541 3696 35),
3573 3649 3602 3677 ››

1977 3722 2121 3777 sicut
2141 3720 2442 3776 nobiscum
2477 3719 2714 3791 quidam
2737 3723 2989 3774 vestrum
3015 3723 3404 3790 cognoverunt
3438 3722 3497 3774 et
3520 3719 3605 3774 vi-

1979 3815 2189 3870 derunt
2204 3831 2218 3883 ;
2235 3818 2291 3869 et
2306 3813 2634 3869 dividebant
2652 3812 2906 3884 singulis,
2917 3814 3090 3884 prout
3103 3812 3310 3884 cuique
3325 3828 3468 3884 opus
3486 3818 3610 3869 erat

1979 3909 2136 3979 (Ibid.
2169 3909 2280 3980 35).
2314 3928 2342 3958 »
2371 3907 2618 3962 Ananias
2651 3909 2846 3962 autem
2870 3905 2958 3961 vir
2981 3911 3261 3975 austerus,
3288 3909 3346 3961 et
3368 3906 3610 3978 Zaphira

1979 4019 2118 4057 uxor
2143 4001 2284 4073 ejus,
2315 4001 2413 4073 qui
2438 3999 2668 4056 mentiti
2692 4005 2824 4055 sunt
2849 4000 3112 4072 apostolis
3134 4000 3204 4056 de
3229 4001 3412 4072 pretio
3436 4017 3607 4072 agro-

1977 4111 2109 4150 rum
2128 4111 2363 4150 suorum
2384 4110 2526 4165 quos
2544 4093 2942 4164 vendiderant,
2962 4093 3126 4148 nobis
3149 4094 3524 4165 praesentibus
3548 4095 3611 4149 in

1980 4193 2284 4260 conspectu
2308 4187 2565 4243 omnium
2591 4187 2917 4255 astantium,
2940 4203 2974 4242 a
3002 4190 3306 4259 conspectu
3334 4188 3611 4260 apostolo-

1980 4299 2111 4338 rum
2144 4287 2374 4354 propter
2400 4285 2697 4353 peccatum
2727 4297 2947 4350 eorum,
2977 4286 3034 4336 et
3061 4281 3428 4336 mendacium
3457 4282 3610 4354 quod

1978 4376 2255 4446 fecerunt,
2269 4375 2480 4430 mortui
2497 4373 2668 4429 delati
2681 4379 2814 4429 sunt
2827 4374 2992 4429 ambo
3006 4374 3148 4444 (Act.
3162 4391 3215 4442 v,
3237 4379 3258 4429 1
3277 4375 3609 4447 etseq.).C£e-

249 4484 388 4537 esse,
428 4468 511 4524 ait
541 4469 868 4525 communia
899 4471 1103 4526 debere
1149 4485 1269 4525 esse
1313 4468 1630 4524 amicorum
1667 4467 1914 4556 omnia,
1982 4472 2102 4524 tera
2117 4485 2246 4541 quae
2262 4469 2333 4524 de
2351 4467 2556 4523 talibus
2575 4467 2949 4540 cognovimus
2966 4467 3415 4539 etvidimus,nec
3429 4485 3611 4525 recor-

252 4564 310 4618 ln
351 4563 618 4618 omnibus
660 4567 853 4619 autem
891 4569 1022 4620 sunt
1049 4565 1170 4620 sine
1201 4563 1372 4619 dubio
1403 4567 1459 4618 et
1493 4563 1782 4636 conjuges.
1814 4563 1883 4617 Et

249 4657 390 4712 sicut
417 4673 537 4712 non
566 4660 774 4728 potest,
809 4657 1016 4730 inquit,
1062 4657 1237 4713 dividi
1265 4673 1364 4712 aer
1391 4672 1579 4728 neque
1617 4657 1882 4728 splendor

251 4750 394 4818 solis,
423 4750 505 4805 ita
528 4766 635 4806 nec
663 4750 883 4823 reliqua
908 4768 1036 4824 quae
1055 4751 1432 4807 communiter
1455 4751 1515 4806 in
1534 4751 1641 4805 hoc
1667 4750 1881 4806 mundo

250 4844 514 4900 omnibus
541 4843 674 4900 data
703 4849 836 4900 sunt
861 4846 931 4901 ad
963 4846 1294 4902 habendum
1322 4844 1496 4900 dividi
1523 4844 1749 4914 debere,
1781 4844 1882 4898 sed
1899 4833 1960 4906 D
1983 4843 2254 4898 mandata
2303 4857 2440 4898 eoru

251 4936 520 4995 habenda
540 4954 664 4994 esse
689 4939 1035 4995 communia.
1058 4939 1217 4996 Unde
1242 4943 1300 4995 et
1323 4939 1601 4994 Dominus
1625 4955 1730 5009 per
1752 4954 1883 5010 pro-

255 5032 484 5103 phetam
494 5031 770 5104 loquitur,
785 5033 978 5089 dicens
993 5051 1044 5089 :«
1056 5035 1198 5089 Ecce
1211 5049 1383 5106 quam
1393 5034 1630 5100 bonum,
1645 5035 1702 5087 et
1713 5048 1884 5104 quam

247 5126 588 5198 jucundum,
602 5127 863 5182 habitare
877 5127 1083 5184 fratres
1095 5129 1157 5183 in
1171 5143 1355 5184 unum
1367 5127 1530 5198 (Psal.
1547 5143 1745 5194 cxxxu,
1766 5129 1835 5197 1),
1853 5147 1879 5176 »

255 5225 308 5276 et
328 5223 574 5295 reliqua.
612 5221 777 5277 Istius
807 5221 962 5277 enim
991 5221 1421 5278 consuetudinis
1451 5237 1612 5277 more
1641 5223 1882 5290 retento,

256 5315 418 5371 etiam
435 5315 683 5388 apostoli
705 5331 1019 5388 eorumque
1041 5315 1302 5388 discipuli
1324 5315 1406 5387 (ut
1420 5315 1760 5388 praedictum
1782 5315 1884 5386 est)

1982 4563 2224 4632 datione,
2248 4577 2352 4616 nec
2372 4561 2853 4617 demonstratione
2880 4561 3055 4632 digna
3081 4565 3234 4617 sunt.
3255 4563 3610 4634 Quapropter

1981 4656 2103 4710 haec
2128 4655 2287 4711 vobis
2313 4656 2562 4710 cavenda
2587 4655 2948 4722 mandamus,
2979 4657 3038 4708 et
3056 4655 3322 4709 doctrinis
3343 4661 3399 4709 et
3423 4671 3611 4710 exem-

1979 4749 2088 4820 plis
2128 4749 2516 4821 apostolorum
2560 4747 2790 4802 obedire
2829 4747 3210 4818 praecipimus,
3242 4747 3375 4818 quia
3413 4747 3472 4802 hi
3511 4750 3611 4821 qui

2546 4843 2920 4913 postponunt,
2971 4857 3086 4895 non
3135 4841 3320 4895 solum
3361 4841 3466 4911 rei,
3511 4842 3614 4898 sed

1984 4941 2238 4993 extorres
2265 4933 2604 5004 ﬁunt.|Quze
2642 4951 2761 4990 non
2801 4935 2986 4990 solum
3020 4933 3183 4990 nobis
3219 4936 3482 5004 cavenda,
3514 4937 3611 4992 sed

1985 5031 2249 5088 omnibus
2272 5030 2636 5103 praedicanda
2661 5034 2813 5084 sunt.

2054 5126 2317 5181 Relatum
2338 5129 2423 5180 est
2441 5125 2613 5180 etiam
2636 5123 2788 5196 quod
2810 5121 3041 5195 quidam
3060 5123 3120 5179 in
3139 5125 3338 5180 vestris
3357 5124 3612 5198 partibus

1985 5223 2432 5290 commorantes,
2465 5219 2830 5274 adversantur
2858 5217 3008 5272 sanis
3041 5218 3330 5291 doctrinis,
3359 5225 3416 5275 et
3442 5225 3614 5292 prout

1985 5313 2064 5370 eis
2092 5314 2337 5383 videtur,
2364 5329 2480 5368 non
2505 5311 2816 5368 secundum
2841 5312 3210 5369 traditionem
3236 5315 3488 5386 Patrum,
3515 5316 3612 5370 sed

257 5409 679 5465 nnanobiscum
695 5408 1058 5465 etvobiscum
1072 5424 1439 5465 communem
1455 5409 1628 5465 vitam
1649 5408 1883 5476 duxere,
1980 5407 2146 5478 juxta
2176 5423 2409 5462 sensum
2453 5423 2622 5461 suum
2662 5406 2865 5463 docere
2897 5406 3180 5462 videntur.
3215 5407 3412 5464 Multas
3455 5409 3613 5464 enim

254 5502 400 5559 unde
428 5502 514 5574 (ut
534 5502 686 5558 bene
717 5502 911 5576 nostis)
942 5524 969 5553 «
1003 5506 1128 5558 erat
1151 5502 1535 5559 multitudinis
1565 5518 1763 5558 eorum
1790 5518 1888 5556 cor
1985 5500 2241 5572 quidam,
2261 5504 2323 5556 ut
2343 5499 2678 5571 audivimus,
2695 5505 3014 5557 vestrarum
3033 5500 3280 5574 partium
3301 5502 3613 5558 secundum

255 5612 428 5651 unum
465 5600 523 5652 et
548 5595 742 5650 anima
777 5612 909 5664 una,
940 5612 1042 5651 nec
1079 5597 1379 5669 quisquam
1414 5613 1617 5652 eorum
1653 5601 1753 5652 aut
1779 5613 1886 5651 no-
1986 5594 2284 5666 ingenium
2309 5593 2613 5648 hominum
2633 5609 2702 5649 ex
2723 5594 2810 5649 his
2837 5611 2966 5667 quas
2986 5595 3204 5668 legunt,
3227 5596 3610 5651 verisimilitu-

251 5694 428 5745 strum
456 5689 527 5745 de
553 5689 644 5744 his
669 5705 797 5762 quae
824 5689 1154 5761 possidebat
1172 5689 1386 5762 aliquid
1407 5706 1575 5746 suum
1601 5707 1720 5746 esse
1741 5690 1888 5746 dice-
1989 5687 2152 5742 dines
2178 5687 2425 5759 capiunt,
2461 5692 2517 5743 et
2545 5688 2672 5743 ideo
2710 5688 3022 5760 diligenter
3059 5690 3474 5746 observandum
3504 5693 3608 5755 est,

255 5781 367 5852 bat,
408 5782 510 5839 sed
544 5781 738 5838 omnia
772 5783 886 5838 illis
919 5785 978 5838 et
1003 5782 1168 5838 nobis
1204 5786 1369 5839 erant
1407 5785 1750 5853 communia,
1782 5799 1888 5840 nec
1989 5785 2052 5837 ut
2079 5785 2136 5837 et
2160 5781 2251 5836 lex
2279 5781 2380 5836 Dei
2407 5797 2538 5836 cum
2566 5781 2724 5853 legit,
2745 5798 2863 5837 non
2890 5783 3200 5838 secundum
3225 5772 3514 5853 propriam
3534 5783 3614 5837 in-

257 5877 559 5951 quisquam
599 5892 777 5950 egens
815 5880 938 5934 erat
976 5877 1125 5934 inter
1158 5893 1281 5932 nos.
1314 5879 1520 5936 Omnes
1563 5883 1754 5937 autem
1791 5877 1889 5950 qui
1991 5875 2145 5950 genii
2171 5875 2608 5951 intelligentiam
2631 5877 2855 5949 legatur
2879 5877 2968 5932 vel
2989 5877 3272 5933 doceatur.
3290 5877 3431 5932 Sunt
3458 5878 3612 5936 enim
