4068 6304
450 323 515 374 59
1341 317 1624 373 APPEND.
1663 315 1750 371 AD
1787 317 1946 372 S/EC.
1991 317 2075 370 IX.
2105 345 2173 354 —
2213 315 2461 372 lSIDORl
2500 317 2924 372 MERCATORIS
3741 325 3811 377 60

443 429 626 483 multa
654 427 829 482 verba
856 426 917 480 in
944 425 1250 498 Scripturis
1276 425 1480 481 divinis
1501 441 1628 496 quae
1657 429 1894 495 possunt
1923 425 2076 480 trahi
2097 439 2157 512 Α
2177 443 2302 496 pus,
2324 427 2553 482 senibus
2579 429 2770 480 autem
2790 427 2910 497 jam
2941 441 3047 480 nec
3076 425 3359 480 incertum
3379 428 3482 496 est,
3511 442 3627 481 non
3653 428 3812 481 enim

448 523 518 576 ad
546 538 679 576 eum
710 536 937 576 sensum
965 536 1136 592 quem
1166 519 1270 574 sibi
1296 519 1683 592 unusqpisque
1711 521 1910 589 sponte
1935 536 2078 590 prae-

448 535 518 576 aa
546 538 679 576 eum
710 536 937 576 sensum
965 536 1136 592 quem
1166 535 1270 574 sim
1296 535 1442 573 unus
1525 535 1683 589 isque
1711 535 1910 589 sponte
1935 536 2078 590 prae-

446 614 706 684 sumpsit,
730 613 846 674 sed
884 613 1010 667 fieri
1050 629 1164 668 non
1199 535 1614 712 Oportetyiﬁion
1654 611 1812 665 enim
1853 628 2082 667 sensum

445 723 618 778 quem
667 706 1010 761 extrinsecus
1061 705 1426 771 adulteratis,‘
1471 705 1725 759 alienum
1780 709 1837 760 et
1894 709 2078 759 extra-

445 815 623 854 neum
649 799 864 854 debetis
891 814 1170 870 quaerere,
1200 801 1299 852 aut
1325 798 1610 868 quomodo
1637 797 1828 869 ipsum
1856 814 1921 852 ex
1944 798 2083 854 Scri-

445 898 744 963 pturarum
773 892 1100 946 auctoritate
1127 890 1506 959 conﬁrmetis,
1539 891 1639 945 sed
1670 907 1737 944 ex
1770 891 1904 962 ipsis
1930 891 2077 947 Scri-

446 986 632 1056 pturis
652 1001 879 1040 sensum
906 998 1104 1054 capere
1130 983 1402 1062 veritatis.
1428 985 1495 1038 Et
1517 983 1646 1038 ideo
1674 988 1896 1056 oportet
1919 984 1989 1038 ab
2010 1001 2078 1038 eo

448 1077 889 1148 intelligentiam
917 1067 1136 1130 discere
1149 1063 1582 1146 'Scripturarum
1611 1077 1710 1146 qui
1739 1093 1867 1130 eam
1897 1093 1929 1130 a
1954 1094 2076 1131 ma-

441 1170 659 1240 joribus
706 1169 1020 1224 secundum
1069 1169 1367 1223 veritatem
1419 1169 1522 1222 sibi
1565 1169 1832 1224 traditam
1878 1174 2077 1240 servat,

447 1269 510 1318 ut
537 1267 594 1316 et
627 1261 747 1332 ipse
773 1261 953 1333 possit
978 1277 1044 1315 ea
1075 1277 1205 1334 quae
1230 1266 1378 1316 recte
1417 1261 1664 1333 suscepit
1691 1265 2082 1333 competenter

445 1371 716 1410 asserere.
770 1357 915 1411 Cum
967 1353 1122 1409 enim
1177 1370 1248 1408 ex
1306 1354 1510 1409 divinis
1569 1354 1869 1426 Scripturis
1930 1355 2077 1410 inte-

448 1464 610 1519 gram
643 1448 772 1518 quis
811 1452 868 1501 et
909 1446 1137 1501 ﬁrmam
1173 1446 1438 1518 regulam
1469 1446 1718 1502 veritatis
1750 1449 2078 1519 susceperit,

447 1540 762 1595 absurdum
789 1556 908 1594 non
943 1539 1070 1606 erit,
1110 1539 1156 1593 si
1197 1539 1410 1610 aliquid
1444 1539 1616 1593 etiam
1659 1555 1728 1594 ex
1763 1540 2080 1596 eruditione

442 1633 734 1688 communi
756 1650 820 1687 ac
844 1632 1172 1686 liberalibus
1196 1632 1397 1687 studiis
1421 1648 1548 1703 quae
1573 1632 1719 1688 forte
1746 1633 1805 1687 in
1834 1635 2081 1705 pueritia

447 1726 657 1797 attigit,
699 1726 770 1780 ad
811 1725 1180 1780 assertionem
1218 1725 1339 1779 veri
1379 1726 1661 1797 dogmatis
1692 1727 1970 1797 conferat,
2003 1728 2082 1783 ita

2180 519 2469 574 dubitatur
2490 520 2628 590 quin
2654 524 3157 591 quantumcunque
3184 522 3269 572 est
3297 520 3447 590 quod
3473 523 3706 591 putatur
3723 537 3815 575 su-

2177 627 2405 683 peresse
2434 612 2604 668 breve
2635 613 2724 666 sit.
2753 614 2820 668 Et
2858 612 2987 667 ideo
3019 616 3137 667 tam
3168 612 3408 682 juvenes
3437 629 3613 684 quam
3651 629 3814 668 senes

2180 708 2404 776 oportet
2451 688 2521 760 de
2570 705 2937 761 conversione
2986 709 3042 760 et
3095 705 3428 775 poenitentia
3480 706 3638 760 valde
3689 723 3813 761 esse

2179 797 2466 868 sollicitos,
2491 802 2549 853 et
2574 799 2706 853 satis
2728 815 2899 870 agere
2920 802 2985 853 ut
3005 799 3072 853 de
3096 797 3314 870 reliquo
3337 803 3544 855 ornent
3562 799 3814 854 animam

2179 906 2343 946 suam
2372 893 2720 948 ornamentis
2745 892 3112 963 dignissimis,
3134 891 3191 946 id
3219 897 3303 946 est
3326 893 3690 963 dogmatibus
3718 909 3810 947 ve-

2182 983 2378 1052 ritatis,
2404 985 2607 1040 decore
2627 984 2940 1057 pudicitiae,
2971 985 3270 1056 splendore
3289 985 3542 1056 justitiaa,
3569 987 3814 1041 candore

2179 1077 2427 1148 pietatis,
2466 1079 2704 1149 aliisque
2748 1079 3030 1149 omnibus,
3078 1078 3284 1150 quibus
3326 1083 3609 1150 comptam
3652 1079 3817 1135 decet

2179 1186 2300 1226 esse
2319 1170 2714 1226 rationabilem
2744 1177 3019 1227 mentem.
3053 1173 3231 1241 Unde,
3265 1171 3561 1227 consilium
3589 1172 3812 1242 dantes,

2176 1268 2422 1318 vestram
2451 1264 2722 1336 pudicam
2744 1265 3106 1337 prudentiam
3132 1265 3449 1334 hortamur,
3485 1269 3548 1320 ut
3575 1265 3644 1322 ab
3675 1283 3812 1337 apo-

2178 1356 2386 1412 stolicis
2415 1357 2632 1428 regulis
2655 1375 2770 1413 non
2804 1358 3098 1425 recedatis,
3129 1359 3224 1412 sed
3252 1374 3618 1413 communem
3639 1359 3815 1413 vitam

2177 1450 2447 1506 ducentes
2495 1455 2553 1506 et
2590 1451 2908 1522 Scripturas
2949 1455 3172 1506 sanctas
3217 1451 3635 1523 intelligentes,
3681 1469 3815 1524 quae

2182 1543 2419 1598 Domino
2457 1544 2702 1612 vovistis,
2741 1545 3056 1616 adimplere
3095 1545 3384 1616 satagatis.
3426 1547 3645 1600 Etcum
3685 1563 3816 1600 ora-

2178 1637 2333 1690 tione
2370 1637 2594 1692 assidua
2626 1637 2882 1693 obtinere
2915 1638 3256 1708 merueritis,
3293 1642 3448 1708 tunc,
3485 1639 3604 1694 sine
3637 1639 3820 1710 suspi-

2183 1729 2342 1784 cione
2380 1731 2519 1785 mali
2552 1731 2837 1798 interitus,
2873 1735 3002 1786 vota
3037 1731 3254 1802 possint
3283 1731 3551 1787 celebrari
3593 1731 3812 1788 festiva.

450 1824 642 1874 tamen
685 1823 748 1872 ut
782 1818 882 1873 ubi
920 1835 1054 1872 vera
1092 1818 1308 1888 didicit,
1341 1818 1479 1874 falsa
1513 1823 1571 1873 et
1605 1819 1868 1875 simulata
1906 1821 2078 1876 decli-
2100 1803 2158 1875 B
2179 1823 2328 1879 Deus
2357 1829 2548 1880 autem
2579 1824 2733 1895 pacis
2762 1825 2834 1880 sit
2861 1841 2992 1880 cum
3021 1825 3284 1880 omnibus
3313 1825 3486 1881 vobis.
3515 1827 3714 1882 Amen.

453 1915 571 1967 net.
604 1915 888 1967 Incertum
927 1916 1013 1966 est
1049 1911 1203 1966 enim
1237 1911 1408 1967 etiam
1436 1913 1739 1985 juvenibus
1764 1914 1894 1970 vitae
1931 1917 2080 1970 tem-

931 2241 1562 2340 INCIPIUNT
1638 2243 2202 2342 DECRETA
2275 2248 2881 2345 ANACLETI
2969 2250 3324 2346 PAPPE

453 2414 549 2479 De
593 2412 1001 2497 oppressione
1042 2417 1514 2506 episcoporum,
1547 2425 1608 2506 et_
1646 2418 1724 2481 de
1763 2421 2173 2506 accusatione
2214 2422 2685 2506 episcoporum,
2719 2429 2780 2484 et
2821 2423 2899 2486 de
2939 2424 3347 2506 ordinatione
3382 2425 3813 2506 archiepisco-

994 2497 1263 2576 porum,
1295 2505 1356 2560 et
1383 2497 1462 2559 de
1492 2499 1890 2579 primatibus
1919 2509 1982 2563 et
2011 2501 2090 2564 de
2111 2497 2511 2583 patrz'archis
2549 2497 2901 2584 eorumque
2931 2505 3268 2568 ministris.

1315 2632 1431 2694 (Hic
1461 2632 1559 2684 fuit
1582 2648 1720 2686 anno
1746 2636 1934 2687 Christi
1961 2639 2074 2698 104,
2098 2640 2336 2700 tempore
2361 2636 2559 2700 Trajani
2590 2637 2953 2704 imperatoris.)

521 2937 854 3004 ANACLETUS,
895 2953 1089 2992 servus
1117 2937 1323 2994 Christi
1357 2939 1509 3007 Jesu,
1548 2940 1609 2993 in
1647 2939 1781 2996 sede
1819 2941 2078 3011 apostoli-

451 3046 517 3082 ca
561 3030 801 3084 Domino
837 3031 1104 3099 serviens,
1136 3032 1412 3103 episcopis
1448 3033 1734 3101 omnibus,
1770 3036 1827 3087 et
1865 3035 2083 3089 caeteris

450 3122 664 3176 cunctis
703 3122 964 3178 ﬁdelibus
1011 3125 1109 3194 qui
1158 3126 1507 3196 coaequalem
1558 3126 1856 3180 nobiscum
1905 3127 2085 3182 sortiti

2181 2942 2413 3012 vidistis,
2454 2943 2723 3015 quoniam
2759 2943 3077 2998 misericors
3116 2949 3173 2998 et
3211 2943 3512 2998 miserator
3540 2942 3816 2999 Dominus

2183 3040 2268 3090 est
2294 3037 2475 3106 (Ibid.,
2510 3038 2708 3108 10-12).
2732 3059 2759 3088 »
2788 3037 3197 3093 Tribulationes
3235 3043 3443 3093 vestras
3469 3038 3813 3104 audivimus,

2181 3128 2401 3200 fratres,
2423 3134 2540 3184 tam
2563 3147 2665 3202 per
2684 3133 2907 3185 nostros
2933 3147 3105 3202 quam
3127 3134 3183 3185 et
3210 3147 3314 3201 per
3332 3131 3573 3185 aliorum
3601 3131 3818 3202 apocri-

451 3219 585 3269 sunt
627 3214 818 3285 iidem,
865 3216 1046 3286 gratia
1085 3218 1238 3272 vobis
1282 3222 1340 3272 et
1380 3235 1508 3289 pax,
1557 3224 1728 3291 atque
1774 3220 2082 3276 consolatio
2112 3280 2155 3296 Α
2184 3222 2379 3291 sarios,
2409 3239 2580 3296 super
2603 3223 2810 3295 quibus
2836 3224 2999 3278 valde
3035 3225 3316 3292 dolemus,
3344 3224 3612 3296 vobisque
3652 3241 3814 3278 com-

452 3306 862 3376 multiplicetur
891 3324 925 3362 a
951 3310 1189 3364 Domino
1219 3310 1278 3363 in
1307 3313 1534 3366 saecula.

525 3399 858 3454 Benedictus
882 3401 1025 3456 Deus
1052 3407 1106 3456 et
1132 3404 1297 3458 Pater
1318 3404 1539 3459 Domini
1564 3406 1741 3460 nostri
1768 3407 1898 3461 Jesu
1919 3407 2083 3462 Chri-

453 3492 544 3560 sti,
573 3492 671 3563 qui
698 3493 1010 3549 secundum
1040 3511 1313 3567 magnam
1339 3497 1793 3554 misericordiam
1815 3516 1978 3555 suam
2004 3517 2088 3557 re-

454 3587 752 3657 generavit
786 3605 893 3642 nos
932 3587 992 3641 in
1030 3605 1190 3660 spem
1221 3590 1426 3659 vivam,
1467 3608 1570 3663 per
1607 3594 2086 3649 resurrectionem

451 3681 578 3734 Jesu
614 3680 820 3734 Christi
848 3697 913 3734 ex.
947 3682 1188 3736 mortuis
1222 3683 1284 3737 in
1315 3684 1710 3740 hazreditatem
1739 3685 2082 3757 incorrupti-

449 3771 643 3839 bilem,
681 3777 737 3826 et
763 3773 1269 3830 incontaminatam
1293 3781 1350 3831 et
1384 3777 1930 3848 immarcessibilem,
1958 3795 2088 3833 con-

452 3869 732 3919 servatam
759 3865 817 3920 in
847 3866 1019 3935 caelis,
1047 3868 1108 3922 in
1145 3868 1301 3922 vobis
1327 3869 1425 3940 qui
1450 3870 1510 3924 in
1535 3869 1743 3926 virtute
1771 3871 1872 3925 Dei
1898 3876 2083 3928 custo-

452 3956 653 4012 dimini
694 3975 797 4029 per
837 3959 1008 4016 ﬁdem
1055 3960 1115 4015 in
1163 3961 1410 4017 salutem
1450 3966 1705 4033 paratam
1750 3964 1990 4019 revelari
2026 3966 2087 4020 in

451 4059 707 4121 tempore
750 4052 1077 4121 novissimo,
1118 4053 1177 4108 in
1214 4071 1328 4126 quo
1377 4056 1759 4124 exsultabitis,
1792 4057 2086 4113 modicum

449 4159 604 4199 nunc
633 4144 676 4198 si
707 4150 928 4216 oportet
955 4146 1276 4202 contristari
1307 4147 1368 4203 in
1405 4149 1571 4204 variis
1607 4148 2083 4220 tribulationibus,

453 4242 514 4292 ut
550 4238 810 4308 probatio
849 4242 1050 4294 vestrae
1089 4239 1223 4296 ﬁdei
1259 4242 1440 4297 multo
1474 4242 1780 4313 pretiosior
1817 4243 1889 4298 sit
1923 4259 2082 4314 auro,

450 4331 680 4402 quando
718 4348 823 4402 per
855 4331 1052 4402 ignem
1095 4334 1371 4404 probatur
1397 4335 1445 4406 (Ι
1463 4336 1610 4391 Petr.
1650 4351 1688 4404 ι,
1716 4337 1746 4390 3
1776 4341 1824 4391 et
1859 4337 2014 4407 seq.),
2040 4337 2087 4392 si

449 4427 678 4479 tantum
696 4425 1154 4482 tribulationibus
1194 4429 1412 4499 experti
1432 4428 1659 4501 probati
1690 4429 2079 4487 inveniamini.

453 4515 501 4590 1
517 4516 579 4591 3
610 4538 638 4568 «
664 4508 949 4575 Patientes
973 4524 1152 4576 estote
1177 4524 1375 4592 (Jac.v,
1400 4524 1474 4594 7),
1507 4544 1535 4572 »
1565 4523 1932 4595 dilectissimi,
1953 4525 2086 4596 quia

2104 3280 2159 3354 Ο
2185 3280 2449 3385 patimur,
2476 3280 2534 3371 et
2552 3280 2829 3372 auxilium
2853 3317 3021 3384 ferre,
3051 3322 3222 3388 prout
3239 3280 3360 3387 ipse
3386 3280 3623 3388 largitus
3645 3317 3821 3373 fuerit

2184 3407 2282 3479 qui
2309 3425 2412 3479 pro
2437 3409 2600 3464 nobis
2628 3426 2745 3465 non
2774 3410 2957 3464 solum
2987 3409 3310 3475 tribulatus,
3344 3411 3440 3464 sed
3478 3411 3649 3464 etiam
3682 3427 3814 3480 pas-

2186 3518 2280 3556 sus
2319 3506 2423 3572 est,
2460 3504 2646 3574 parati
2685 3520 2902 3557 sumus.
2946 3523 2973 3554 «
3006 3503 3190 3558 Nolite
3229 3503 3442 3572 mirari,
3478 3503 3816 3570 charissimi,

2187 3595 2286 3666 qui
2309 3596 2734 3667 persecutiones
2758 3596 3040 3668 patimini,
3069 3596 3232 3666 quasi
3259 3596 3392 3650 novi
3422 3596 3580 3650 vobis
3603 3596 3820 3668 aliquid

2185 3689 2510 3760 contingat;
2557 3690 2656 3744 sed
2693 3689 3174 3743 communicantes
3215 3687 3420 3744 Christi
3459 3689 3819 3760 passionibus

2186 3781 2451 3851 gaudete,
2472 3787 2538 3836 ut
2565 3781 2626 3836 in
2650 3781 2988 3836 revelatione
3016 3781 3214 3853 gloriae
3240 3781 3362 3852 ejus
3389 3783 3685 3853 gaudeatis
3711 3799 3816 3839 ex-

2186 3874 2476 3930 sultantes.
2507 3875 2564 3930 Si
2597 3874 3020 3946 exprobramini
3048 3874 3109 3929 in
3143 3875 3379 3931 nomine
3406 3876 3634 3947 Christi,
3662 3877 3821 3933 beati

2186 3967 2358 4038 eritis,
2388 3968 2657 4040 quoniam
2683 3969 2832 4040 quod
2866 3971 2948 4023 est
2977 3969 3229 4036 honoris,
3263 3969 3480 4041 gloriae,
3512 3973 3570 4024 et
3592 3969 3821 4024 virtutis

2185 4061 2428 4129 Domini,
2452 4065 2510 4115 et
2527 4061 2625 4134 qui
2645 4065 2731 4116 est
2757 4063 2879 4133 ejus
2904 4062 3154 4134 spiritus,
3183 4079 3353 4135 super
3371 4079 3469 4118 vos
3489 4063 3815 4134 requiescit.

2185 4154 2361 4208 Nemo
2391 4159 2582 4210 autem
2609 4159 2863 4210 vestrum
2894 4155 3145 4227 patiatur
3171 4156 3332 4229 quasi
3368 4156 3687 4224 homicida,
3718 4164 3821 4213 aut

2185 4248 2294 4316 fur,
2324 4253 2425 4303 aut
2458 4249 2767 4317 maleﬁcus,
2807 4254 2904 4304 aut
2937 4249 3254 4306 alienorum
3293 4250 3591 4322 appetitor.
3620 4249 3673 4305 Si
3709 4267 3815 4305 au-

2189 4345 2302 4396 tem
2327 4347 2391 4396 ut
2420 4342 2783 4414 Christianus,
2816 4359 2930 4398 non
2967 4343 3284 4415 erubeecat,
3316 4343 3593 4415 gloriﬁcet
3622 4347 3819 4400 autem

2189 4345 2302 4396 tem
2327 4347 2391 4396 ut
2420 4343 2783 4414 Christianus,
2816 4359 2930 4398 non
2967 4362 2996 4399 e
3111 4349 3284 4410 cecat,
3316 4343 3593 4415 gloriﬁcet
3622 4347 3819 4400 autem

2188 4430 2491 4494 Dominum
2525 4431 2584 4485 in
2622 4431 2728 4486 isto
2762 4343 3320 4581 nomimﬁbuoniam
3359 4436 3591 4504 tempus
3628 4438 3715 4488 est
3748 4441 3820 4489 ut

2188 4523 2418 4581 incipiat
2436 4524 2718 4581 judicium
2741 4527 2810 4581 de
2836 4527 2970 4581 dom
3031 4525 3277 4581 Domini.
3297 4527 3354 4580 Si
3375 4531 3569 4581 autem
3591 4543 3626 4580 a
3649 4527 3820 4581 nobis

2187 4523 2418 4595 incipiat
2435 4524 2718 4596 judicium
2741 4527 2810 4582 de
2836 4523 3007 4581 domo
3031 4525 3277 4581 Domini.
3297 4527 3354 4580 Si
3375 4531 3569 4582 autem
3591 4543 3626 4580 a
3649 4527 3821 4582 nobis

451 4633 480 4660 «
519 4611 797 4684 patientia
846 4613 1246 4685 probationem
1294 4621 1565 4688 operatur
1583 4658 1597 4685 ,
1648 4617 1906 4688 probatio
1949 4634 2083 4674 vero
2102 4646 2162 4720 D
2184 4617 2453 4689 primum,
2478 4619 2605 4691 quis
2631 4619 2758 4675 ﬁnis
2777 4637 2974 4676 eorum
2998 4619 3096 4692 qui
3115 4637 3230 4675 non
3251 4620 3493 4675 credunt
3513 4621 3614 4675 Dei
3638 4622 3820 4676 Evan-

448 4721 641 4777 spem,
692 4723 818 4778 spes
867 4715 1060 4764 autem
1107 4726 1222 4765 non
1271 4710 1571 4766 confundit
1621 4711 1787 4781 (Rom.
1849 4728 1915 4781 v;
1963 4715 2081 4768 Jac.

453 4800 503 4866 1,
533 4802 608 4867 3).
636 4819 664 4852 »
691 4819 720 4852 α
745 4803 883 4856 Ecce
915 4803 1164 4874 agricola
1189 4808 1472 4875 exspectat
1499 4805 1816 4875 pretiosum
1834 4805 2081 4862 fructum

449 4896 638 4958 terrae,
661 4893 945 4962 patienter
961 4896 1171 4966 ferens,
1191 4897 1371 4952 donec
1392 4897 1627 4968 accipiat
1646 4901 2082 4968 temporaneum

450 4989 507 5039 et
539 4986 853 5040 serotinum
888 4988 1017 5057 (Jac.
1048 5007 1103 5057 v,
1136 4991 1210 5061 7).
1247 5011 1274 5040 ››
1307 4989 1365 5046 Si
1402 4989 1668 5061 agricolae
1702 4991 1826 5046 haec
1860 4993 2082 5063 patien-

449 5082 537 5133 ter
559 5078 754 5132 ferunt
779 5095 884 5150 pro
906 5083 1314 5153 temporalibus
1337 5083 1632 5153 fructibus,
1657 5088 1873 5156 quanto
1899 5087 2084 5158 magis

451 5186 546 5227 vos
581 5188 684 5242 pro
723 5172 950 5228 aeternis
981 5177 1256 5244 patientes
1284 5194 1407 5233 esse
1439 5176 1658 5232 debetis
1677 5177 1704 5232 ‘2
1730 5179 1919 5234 Estote
1947 5196 2083 5252 ergo

450 5264 748 5338 patientes,
777 5269 836 5321 et
859 5268 1195 5323 conﬁrmate
1221 5272 1389 5326 corda
1420 5276 1625 5341 vestra,
1657 5276 1723 5327 ut
1749 5272 2084 5332 adveniente

443 5359 637 5432 judice
664 5358 907 5431 Christo,
932 5361 1052 5416 laeti
1080 5363 1138 5415 et
1163 5362 1381 5433 probati
1408 5380 1527 5420 esse
1554 5365 1808 5422 valeatis.
1844 5387 1871 5420 α
1900 5368 2083 5424 Nolite

449 5453 824 5525 ingemiscere
854 5454 914 5509 in
942 5455 1303 5524 alterutrum,
1332 5461 1396 5512 ut
1420 5474 1536 5512 non
1557 5458 1920 5531 judicemini.
1944 5463 2082 5517 Ecce

443 5548 624 5620 judex
647 5551 780 5603 ante
805 5548 1046 5619 januam
1071 5549 1296 5606 assistit.
1325 5552 1664 5623 Exemplum
1682 5554 1936 5626 accipite,
1956 5555 2086 5610 cha-

453 5642 678 5712 rissimi,
705 5641 915 5697 laboris
942 5647 999 5698 et
1025 5643 1317 5715 patientiae
1347 5646 1670 5718 prophetas,
1699 5647 1798 5718 qui
1825 5648 1996 5703 locuti
2023 5647 2084 5703 in

454 5732 689 5792 nomine
715 5737 944 5821 [Domini
972 5742 1124 5794 sunt.
1146 5738 1227 5793 En
1252 5738 1638 5796 beatiﬁcamus
1669 5757 1764 5796 eos
1789 5742 1889 5814 qui
1912 5742 2081 5798 susti-

454 5821 1147 5907 nuerunt.i§ufferentiam
1171 5835 1272 5892 Job
1293 5834 1548 5907 audistis,
1577 5841 1632 5892 et
1649 5834 1826 5892 finem
1859 5835 2084 5892 Domini

739 5903 766 5966 ἢ

2187 4712 2378 4783 gelio?
2407 4714 2472 4767 Et
2504 4714 2552 4767 si
2577 4713 2668 4768 vix
2688 4715 2875 4785 justus
2915 4714 3248 4781 salvabitur,
3279 4714 3488 4786 impius
3525 4719 3580 4770 et
3612 4731 3814 4786 pecca-

2182 4809 2275 4860 tor
2299 4805 2398 4860 ubi
2428 4807 2754 4878 parebunt?
2785 4807 2832 4877 (Ι
2855 4811 2998 4863 Petr.
3031 4824 3102 4874 ιν,
3135 4809 3346 4879 12-18).
3381 4829 3410 4858 ››
3444 4810 3636 4879 Itaque
3665 4813 3722 4862 et
3752 4809 3817 4864 hi

2185 4900 2284 4971 qui
2321 4901 2634 4972 patiuntur,
2675 4901 2828 4955 ﬁdeli
2862 4900 3112 4956 Creatori
3152 4902 3564 4957 commendent
3597 4901 3819 4957 animas

2183 4979 2329 5048 suas.
2361 4996 2673 5051 secundum
2715 4995 3068 5049 voluntatem
3118 4995 3340 5050 Domini
3380 4995 3439 5050 in
3483 4995 3813 5052 benefactis.

2182 5088 2326 5143 Nam
2371 5089 2452 5158 (ut
2491 5091 2572 5142 ait
2607 5089 2808 5143 beatus
2845 5087 3107 5142 Clemens
3140 5089 3462 5159 praedictus,
3493 5095 3818 5144 antecessor

2181 5184 2397 5254 noster)
2417 5182 2617 5236 similis
2637 5186 2722 5236 est
2745 5181 2930 5236 omnis
2949 5183 3200 5237 ecclesiae
3219 5187 3395 5238 status
3414 5183 3543 5237 navi
3561 5199 3811 5254 magnae,

2183 5292 2310 5346 quae
2337 5291 2440 5347 per
2466 5275 2750 5329 undosum
2770 5275 3008 5346 pelagus
3031 5275 3265 5332 diversis
3287 5294 3316 5330 e
3343 5277 3476 5331 locis
3496 5282 3553 5332 et
3571 5277 3818 5348 regioni-

2184 5368 2288 5421 bus
2307 5368 2451 5422 viros
2475 5371 2682 5440 portat,
2708 5368 2780 5423 ad
2801 5384 2972 5423 uuam
2999 5369 3244 5439 potentis
3268 5370 3433 5441 regni
3459 5369 3665 5424 urbem
3687 5385 3815 5441 pro-

2182 5476 2385 5532 perare
2409 5461 2717 5530 cupientes.
2748 5461 2830 5517 Sit
2851 5477 2988 5534 ergo
3016 5461 3175 5516 navis
3195 5465 3394 5517 auctor
3419 5462 3590 5533 hujus
3619 5463 3813 5517 omni-

2182 5558 2386 5624 potens
2413 5553 2534 5623 ipse
2558 5555 2726 5624 Deus,
2758 5555 3104 5626 gubernator
3123 5571 3258 5611 vero
3285 5555 3358 5610 sit
3383 5556 3654 5626 Chitistus,
3687 5561 3815 5612 tum

2185 5645 2392 5700 deinde
2412 5649 2654 5717 proretaa
2670 5647 2919 5704 ofﬁcium
2933 5649 3232 5721 episcopus
3250 5645 3818 5722 impleatlpresbyter

2185 5742 2510 5810 nautarum,
2541 5740 2765 5798 diaconi
2784 5743 3238 5815 dispensatorum
3263 5743 3454 5798 locum
3477 5747 3726 5813 teneant,
3752 5744 3814 5800 hi

2186 5834 2283 5911 qui
2344 5835 2687 5894 catechizant
2745 5837 3066 5911 nautologis
3119 5837 3504 5895 conferantur.
3563 5837 3814 5913 Epibatis
