4068 6344
222 335 270 388 6i
1453 329 1928 390 DECRETALIUM
1967 335 2352 392 COLLECTIO.

3494 345 3562 398 6'2

222 447 388 498 autem
403 443 575 498 totius
586 442 962 499 fraternitatis
979 440 1290 498 multitudo
1307 443 1381 498 sit
1395 442 1621 498 similis.
1637 445 1831 515 Ipsum
1851 457 1912 528 Α
1932 450 2124 500 autem
2149 445 2538 501 misericordia
2555 447 2839 517 judicium
2861 449 2994 518 (Jac.
3021 465 3080 516 ιι,
3109 449 3214 520 10),
3245 470 3274 498 ››
3302 452 3360 504 et
3376 449 3568 504 Domi-

223 551 427 608 quoque
455 552 618 591 mare
646 535 740 591 hic
759 536 1011 592 mundus
1027 531 1327 592 habeatur.
1356 537 1672 592 Ventorum
1692 553 1828 591 vero

220 629 500 684 varietates
528 632 585 684 et
610 630 910 686 turbinum
937 630 1173 686 diversis
1201 629 1612 685 tentationibus
1645 630 1834 684 confe-

220 728 429 789 rantur;
470 723 916 794 persecutiones,
965 722 1367 778 tribulationes
1412 723 1529 778 sive
1575 722 1832 794 pericula

218 814 460 870 ﬂuctibus
499 819 902 887 exsequantur.
941 816 1179 871 Terreni
1201 831 1338 870 vero
1366 814 1598 886 spiritus
1617 815 1714 887 qui
1743 814 1833 869 vel

219 907 281 963 de
302 908 667 976 torrentibus,
694 909 782 963 vel
815 909 885 964 de
925 909 1278 964 convallibus
1315 909 1553 980 spirant,
1583 907 1831 979 pseudo-

216 1001 609 1071 prophetarum
656 1003 716 1056 et
773 1001 1135 1057 seductorum
1178 1018 1280 1056 seu
1323 1017 1516 1072 prava;
1557 999 1832 1055 doctrinae

216 1094 373 1149 verba
393 1094 699 1161 docentur;
721 1095 1117 1166 promontoria
1129 1110 1260 1150 vero
1282 1098 1341 1149 et
1356 1095 1482 1149 loca
1497 1094 1836 1165 confragosa

215 1185 270 1240 hi
295 1186 385 1257 qui
428 1187 488 1242 in
515 1187 886 1259 potestatibus
923 1189 1119 1243 saeculi
1157 1191 1291 1242 sunt
1325 1187 1568 1258 judices,
1597 1191 1654 1242 et
1675 1187 1831 1257 peri-

215 1279 329 1332 cula
354 1279 649 1335 minantur
674 1296 739 1335 ac
767 1283 1018 1349 mortes;
1052 1280 1364 1335 dithalassa
1393 1296 1528 1334 vero
1559 1279 1682 1334 loca
1707 1295 1834 1349 quae

214 1371 518 1442 duplicibus
546 1373 716 1429 undae
745 1373 959 1428 fallacis
984 1373 1216 1429 aestibus
1246 1373 1624 1427 verberantur
1648 1371 1833 1428 dubiis

214 1468 394 1518 mente
449 1469 508 1520 et
553 1465 622 1522 de
671 1466 1182 1538 repromissionum
1219 1466 1457 1522 veritate
1504 1465 1834 1520 nutantibus

214 1557 587 1626 conferantur,
628 1563 798 1631 atque
839 1559 929 1613 his
965 1559 1065 1631 qui
1101 1557 1479 1614 irrationabili
1508 1557 1684 1612 ﬁdem
1725 1574 1833 1612 no-

214 1576 587 1626 conierantur,
628 1576 798 1631 atque
839 1576 929 1613 ms
965 1576 1004 1631 q
1046 1577 1065 1613 1
1101 1576 1479 1614 irrationanm
1508 1576 1684 1612 uuem
1725 1576 1833 1612 no-

212 1654 377 1704 stram
416 1650 640 1707 ratione
680 1576 1369 1777 discutiuntXHypocritae
1405 1667 1540 1706 vero
1573 1655 1630 1706 et
1654 1649 1834 1705 dolosi

212 1743 394 1777 ηἷιιοιίρ
439 1743 646 1777 similem
688 1745 1005 1777 ludum-unm
1066 1746 1178 1777 lam
1216 1760 1352 1777 νοιςη
1379 1744 1611 1777 ναηῖι-Ιιειε
1637 1747 1830 1777 υονιιον

211 1743 397 1814 piratis
439 1743 649 1799 similes
687 1745 1022 1800 habeantur.

1931 554 2038 592 nus
2061 539 2140 592 ait
2179 556 2193 593 :
2241 559 2269 588 «
2310 539 2447 593 Nolo
2475 545 2727 595 mortem
2770 542 3099 612 peccatoris,
3149 542 3249 597 sed
3279 545 3342 596 ut
3380 543 3565 613 magis

1930 633 2312 699 convertatur,
2353 635 2412 686 et
2439 632 2591 687 vivat
2625 633 2830 704 (Ezech.
2860 650 3052 702 xxxm,
3089 634 3196 706 ll).
3229 653 3258 688 »
3290 637 3357 690 Et
3386 635 3564 690 multa

1930 724 2068 779 talia
2097 725 2304 778 horum
2347 724 2572 780 similia.
2616 744 2644 777 «
2675 728 2852 781 Nemo
2880 728 3036 782 enim
3082 727 3284 800 (inquit
3320 731 3562 799 Aposto-

1929 816 2056 887 lus),
2085 819 2336 870 vestrum
2365 816 2470 871 sibi
2507 818 2659 887 vivit,
2705 824 2760 874 et
2796 835 2967 875 nemo
2993 820 3101 876 sibi
3126 821 3400 890 moritur;
3449 821 3564 876 sive

1932 925 2070 980 ergo
2098 909 2355 976 vivimus,
2386 909 2502 964 sive
2529 911 2832 981 morimur,
2867 913 3093 968 Domini
3115 930 3330 969 sumus.
3363 917 3424 968 In
3453 915 3563 969 hoc

1931 1001 2087 1057 enim
2111 1001 2362 1057 Christus
2389 1005 2647 1057 mortuus
2669 1007 2754 1058 est
2780 1008 2836 1059 et
2864 1005 3086 1076 revixit,
3117 1009 3185 1061 ut
3216 1010 3275 1061 et
3301 1007 3561 1062 vivorum
3617 1025 3625 1033 ’

1933 1099 1992 1150 et
2017 1101 2376 1150 mortuorum
2425 1076 2802 1184 dominetur/
2816 1099 2898 1152 Tu
2945 1102 3138 1153 autem
3179 1100 3318 1169 quid
3337 1100 3564 1170 judicas

1931 1187 2166 1243 fratrem
2193 1193 2379 1258 tuum,
2424 1192 2524 1242 aut
2550 1193 2610 1243 tu
2637 1205 2812 1260 quare
2843 1191 3060 1261 spernis
3094 1193 3330 1246 fratrem
3357 1193 3563 1247 tuum?

1933 1279 2145 1336 Omnes
2184 1281 2340 1336 enim
2383 1282 2611 1335 stabunt
2649 1285 2783 1336 ante
2830 1282 3078 1337 tribunal
3119 1284 3385 1353 Domini;
3424 1286 3560 1339 scri-

1931 1376 2096 1444 ptum
2122 1377 2207 1428 est
2224 1374 2382 1428 enim
2408 1391 2421 1429 :
2449 1394 2477 1426 «
2507 1374 2639 1429 Vivo
2661 1391 2791 1446 ego,
2817 1375 2955 1430 dicit
2973 1375 3268 1445 Dominus,
3290 1376 3561 1447 quoniam

1932 1466 2190 1520 ﬂectetur
2209 1467 2354 1520 mihi
2376 1483 2545 1522 omne
2569 1483 2740 1538 genu,
2772 1471 2829 1522 et
2854 1468 3040 1522 omnis
3057 1467 3256 1539 lingua
3270 1469 3562 1524 conﬁtebi-

1934 1562 2028 1613 tur
2065 1558 2326 1614 Domino.
2374 1561 2568 1631 Itaque
2625 1561 3009 1632 unusquisque
3053 1564 3305 1614 vestrum
3353 1576 3457 1632 per
3503 1578 3562 1616 se

1933 1651 2211 1706 rationem
2240 1653 2439 1707 reddet
2463 1653 2724 1707 Domino.
2757 1674 2786 1702 «
2815 1654 2935 1707 Non
2969 1669 3108 1725 ergo
3142 1653 3390 1725 amplius
3418 1654 3562 1708 invi-

1058 1746 1182 1799 Iam
1216 1760 1353 1799 vero
1379 1744 1614 1815 rapidus
1637 1747 1834 1798 vertex
1854 1815 1889 1818 ᾉ
1935 1760 2058 1800 cem
2077 1744 2417 1815 judicemus,
2448 1746 2548 1800 sed
2572 1745 2684 1800 hoc
2702 1745 2953 1816 judicate
2979 1746 3184 1816 magis,
3212 1762 3318 1801 nec
3343 1747 3566 1818 ponatis

211 1842 267 1891 et
300 1841 543 1891 tartarea
595 1837 889 1909 charybdis
933 1841 990 1893 et
1033 1837 1186 1892 saxis
1232 1837 1378 1892 illisa
1417 1836 1717 1908 naufragia
1769 1815 1910 1890 acB
1936 1837 2342 1893 oﬂ‘endiculum
2361 1838 2519 1893 fratri
2534 1839 2619 1894 vel
2634 1815 2966 1894 scandalum
2989 1815 3158 1910 (Roin.
3182 1855 3290 1908 XIV,
3317 1815 3562 1911 lii-13).»

212 1929 515 1984 mortiferas
530 1929 968 1997 submersiones,
995 1930 1136 2002 quid
1162 1930 1318 1985 aliud
1338 1929 1675 1984 aestimanda
1703 1932 1836 1984 sunt

208 2038 377 2095 quam
426 2027 658 2094 peccata
679 2023 706 2077 ‘l
752 2024 949 2078 Restat
991 2022 1169 2094 igitur
1203 2029 1269 2078 ut
1298 2024 1420 2078 haec
1461 2022 1623 2078 navis
1665 2037 1835 2077 cursu

209 2131 473 2188 prospero
487 2118 613 2171 tuta
625 2115 804 2186 possit
821 2120 1054 2187 portum
1076 2115 1408 2171 desideratas
1420 2116 1578 2170 urbis
1597 2115 1832 2183 intrare,

210 2213 267 2264 et
281 2210 356 2264 ita
373 2209 614 2264 Domino
631 2225 833 2280 pacem
847 2209 1110 2278 fundere,
1128 2213 1190 2264 ut
1203 2209 1542 2280 navigantes
1563 2224 1832 2263 merean-

207 2307 304 2356 tur
340 2301 544 2356 audiri.
581 2301 878 2370 Audimus,
917 2302 1145 2370 fratres,
1183 2302 1331 2373 quod
1367 2301 1602 2372 quidam
1645 2301 1832 2357 detra-

207 2396 354 2450 hunt
385 2399 441 2449 et
477 2399 743 2450 accusant
777 2395 1096 2449 sacerdotes
1139 2394 1381 2462 Domini,
1418 2395 1711 2466 cupientes
1740 2410 1835 2449 eos

206 2487 488 2555 damnari,
516 2504 634 2542 non
651 2486 1039 2558 intelligentes
1068 2487 1304 2543 forsitan
1334 2488 1488 2559 quod
1512 2487 1724 2558 injuria
1743 2503 1833 2541 sa-

204 2581 499 2652 cerdotum
528 2581 599 2636 ad
632 2581 923 2637 Christum
948 2581 1219 2652 pertinet,
1249 2581 1408 2651 cujus
1432 2580 1554 2634 vice
1577 2580 1833 2652 fungun-

205 2597 300 2636 cer
376 2584 499 2635 tum
528 2581 599 2636 ad
632 2581 923 2637 Christum
948 2581 1219 2652 pertinet,
1249 2581 1408 2651 cujus
1432 2581 1554 2634 vice
1577 2581 1833 2652 fungun-

205 2581 455 2766 turit‘lec
482 2675 588 2730 hoc
620 2673 905 2745 aspiciunt
928 2673 1083 2745 quod
1111 2674 1312 2728 beatus
1339 2675 1540 2728 Petrus
1566 2674 1834 2745 princeps

205 2763 607 2840 apostolorum,
650 2767 959 2822 instructor
999 2771 1212 2835 noster,
1253 2767 1372 2822 ait:
1415 2787 1444 2817 «
1481 2769 1838 2838 Deponentes

203 2862 380 2932 igitur
402 2877 636 2916 omnem
660 2860 968 2930 malitiam,
986 2865 1042 2916 et
1059 2876 1292 2916 omnem
1320 2860 1518 2915 dolum
1536 2864 1592 2915 et
1611 2859 1841 2915 simula-

203 2954 390 3009 tiones
420 2959 476 3010 et
501 2954 743 3009 invidias
775 2957 833 3008 et
857 2969 1058 3008 omnes
1078 2953 1477 3023 detractiones,
1502 2953 1646 3009 sicut
1661 2953 1837 3009 modo

203 3047 386 3120 geniti
405 3048 674 3117 infantes,
689 3048 1043 3115 rationabile,
1060 3047 1179 3102 sine
1196 3048 1322 3102 dolo
1337 3048 1423 3102 lac
1436 3047 1836 3118 concupiscite,

201 3145 267 3197 ut
296 3143 356 3196 in
384 3158 453 3197 eo
475 3141 744 3198 crescatis
769 3141 828 3196 in
862 3141 1102 3196 salutem
1131 3142 1176 3211 (1
1201 3144 1347 3196 Petr.
1376 3158 1438 3211 ιι,
1469 3141 1540 3212 l),
1577 3161 1603 3192 »
1635 3143 1692 3195 et
1723 3141 1834 3195 Do-
1857 3185 1912 3260 Ο

203 3235 391 3260 ._.:_.--
413 3251 516 3260 ..-κ
541 3236 877 3260 ..-Α...ὶ..Α1.........
909 3235 1093 3260 ἔκρουζι
1123 3251 1136 3260 .
1175 3253 1199 3260 -.
1227 3235 1327 3260 n.-:
1361 3235 1479 3260 -.ηιι
1507 3234 1681 3260 ..ζιηΜ
1720 3234 1810 3260 All:

199 3235 394 3290 minus
413 3251 516 3308 per
541 3236 883 3308 prophetam
909 3235 1096 3306 inquit
1123 3251 1136 3290 :
1172 3253 1199 3286 α
1227 3235 1333 3299 Qui
1361 3235 1482 3289 vult
1507 3234 1686 3289 vitam
1717 3234 1838 3288 dili-

201 3345 340 3400 gere
364 3333 423 3384 et
451 3330 640 3384 videre
668 3329 790 3383 dies
811 3329 1013 3396 bonos,
1037 3333 1295 3383 coerceat
1322 3328 1580 3399 linguam
1613 3343 1773 3382 suam
1804 3343 1838 3381 a

198 3424 377 3492 malo,
414 3427 473 3478 et
501 3422 651 3478 labia
682 3423 804 3494 ejus
834 3439 907 3476 ne
937 3422 1245 3494 loquantur
1282 3421 1480 3476 dolum
1512 3421 1562 3492 (Ι
1589 3424 1724 3476 Pet-r.
1751 3437 1835 3488 ιιι,

201 3519 312 3586 10),
343 3537 372 3566 ››
405 3521 513 3571 etc.
547 3516 650 3580 Qui
679 3519 874 3570 autem
898 3515 1004 3569 ista
1031 3514 1558 3586 transgrediuntur,
1581 3515 1837 3584 profecto

199 3614 662 3682 transgressores
684 3608 830 3681 legis
868 3608 1098 3663 Domini
1122 3611 1180 3662 et
1211 3611 1640 3679 contemptores
1667 3610 1840 3678 atque

196 3703 601 3759 inobedientes
623 3703 747 3774 ejus
773 3702 1071 3774 prmeeptis
1096 3701 1362 3757 existunt.
1384 3701 1543 3756 Unde
1569 3705 1624 3756 et
1642 3701 1840 3755 beatus

196 3797 444 3852 Iacobus
471 3797 764 3868 apostolus
796 3796 877 3850 ait
905 3813 920 3849 :
957 3816 985 3845 ‹‹
1025 3795 1083 3851 Si
1113 3794 1350 3866 diligitis
1378 3794 1663 3865 proximos
1700 3793 1843 3848 sicut

200 3891 476 3962 vosipsos,
507 3890 655 3945 bene
692 3889 897 3944 facitis.
942 3888 1000 3944 Si
1037 3894 1232 3943 autem
1266 3904 1537 3958 personas
1567 3886 1838 3958 accipitis,

197 3988 505 4055 peccatum
534 3981 882 4054 operamini,
914 3981 1203 4053 redarguti
1233 3997 1267 4035 a
1296 3981 1426 4053 lege
1463 3980 1624 4053 quasi
1650 3983 1838 4035 trans-

199 4092 494 4148 gressores
540 4065 674 4151 (Ιᾱοι
719 4093 780 4146 n,
831 4076 907 4147 9),
955 4096 984 4125 »
1034 4079 1140 4130 etc.
1177 4076 1244 4129 Et
1285 4074 1480 4130 beatus
1524 4074 1841 4145 praedeces-

198 4187 298 4225 sor
330 4176 533 4226 noster
576 4170 860 4239 Clemens,
898 4169 986 4224 vir
1025 4166 1365 4240 apostolicus
1403 4172 1462 4222 et
1492 4167 1692 4239 spiritu
1729 4167 1839 4221 Do-

153 4325 156 4327 ,
197 4263 351 4318 mini
378 4263 610 4335 plenus,
653 4279 767 4318 una
791 4279 921 4317 cum
950 4261 1185 4334 reliquis
1221 4261 1431 4316 sanctis
1468 4260 1700 4332 collegis
1728 4259 1844 4314 suis

195 4357 422 4428 statuit,
453 4357 651 4411 dicens
681 4373 696 4412 :
737 4355 1054 4412 Accusandi
1099 4356 1187 4411 vel
1230 4354 1576 4410 testiﬁcandi
1614 4353 1845 4409 licentia

198 4451 530 4522 denegetur
549 4450 819 4506 omnibus
843 4450 943 4522 qui
976 4449 1312 4506 Christianae
1337 4447 1628 4521 religionis
1654 4451 1712 4504 et
1737 4463 1843 4502 no-

1932 1931 2149 1987 Scimus
2197 1931 2352 1986 enim
2405 1932 2542 2002 quia
2600 1933 2845 1986 multum
2905 1933 3202 2004 derogatio
3256 1933 3561 2004 praevalet,

1932 1937 2149 1987 Scimus
2197 1937 2352 1986 enim
2405 1937 2542 2002 quia
2600 1937 2845 1986 multum
2905 1937 3119 2004 deroga
3150 1937 3202 1986 ὀ
3256 1937 3561 2004 praevalet,

1931 2024 2163 2096 quando
2185 2024 2492 2096 derogator
2506 2024 2753 2080 creditur
2769 2025 2882 2079 fide
2903 1937 3319 2109 dignusndeo,
3341 2025 3562 2093 fratres,

1933 2116 2098 2172 variis
2125 2117 2565 2173 detractionibus
2602 2121 2658 2172 et
2694 2117 3148 2173 accusationibus
3190 2135 3302 2173 non
3344 2123 3567 2190 oportet

1932 2209 2253 2265 labefactari
2275 2210 2497 2282 judices
2538 2213 2596 2266 et
2620 2211 2893 2283 primates
2932 2211 3211 2280 Ecclesiae,
3241 2211 3342 2266 sed
3379 2211 3565 2282 magis

1935 2305 2321 2374 apostolorum
2351 2309 2408 2359 et
2437 2305 2732 2359 doctorum
2758 2304 2968 2376 regulis
2993 2305 3292 2360 informari
3321 2307 3380 2358 et
3404 2305 3568 2360 robo-

1933 2397 2066 2464 rari,
2107 2397 2258 2452 unde
2299 2398 2520 2468 justum
2549 2400 2633 2453 est
2661 2414 2858 2453 omnes
2887 2398 2946 2452 in
2983 2398 3244 2453 universo
3278 2399 3564 2454 Romano-

1934 2506 2064 2545 rum
2090 2491 2226 2545 orbe
2257 2491 2518 2546 doctores
2545 2490 2708 2562 legis,
2739 2507 2804 2545 ea
2832 2508 2961 2563 quae
2979 2491 3124 2562 legis
3149 2495 3282 2546 sunt
3311 2495 3463 2546 recta
3482 2509 3567 2546 sa-

1933 2599 2068 2655 pere
2094 2586 2152 2638 et
2187 2583 2431 2655 operari,
2478 2587 2534 2638 et
2558 2600 2676 2638 non
2722 2584 2952 2655 regulas
2988 2583 3270 2639 nascentis
3315 2582 3566 2639 ecclesiae

1935 2676 2225 2745 confundi,
2255 2680 2356 2732 aut
2383 2676 2558 2732 ﬁdem
2587 2681 2686 2732 aut
2720 2677 3038 2732 doctrinam
3070 2677 3458 2748 apostolorum
3476 2693 3565 2731 va-

1935 2769 2036 2824 riis
2053 2770 2338 2825 maculare
2364 2769 2654 2841 doctrinis,
2687 2786 2795 2825 nec
2819 2771 3022 2825 fratres
3048 2770 3334 2824 infestare.
3371 2769 3430 2825 Si
3461 2787 3562 2824 auc

1937 2867 2054 2918 tem
2094 2862 2288 2918 omnia
2317 2863 2378 2918 in
2421 2863 2527 2918 hoc
2574 2863 2780 2918 saeculo
2805 2862 3090 2917 vindicata
3131 2865 3336 2932 essent,
3380 2863 3570 2918 locum

1937 2955 2128 3010 divina
2160 2955 2381 3026 judicia
2423 2972 2539 3010 non
2565 2955 2864 3026 haberent,
2911 2954 3274 3027 supervacuis
3312 2955 3466 3010 enim
3495 2955 3567 3010 ad

1937 3047 2216 3104 beneﬁcia
2241 3048 2464 3104 laborat
2492 3049 2815 3120 impendiis,
2840 3048 2938 3121 qui
2959 3050 3134 3104 solem
3161 3050 3344 3103 certat
3355 3047 3569 3103 facibus

1938 3142 2241 3213 adjuvare;
2281 3142 2410 3197 ideo
2437 3142 2482 3197 si
2525 3141 2730 3213 aliquis
2764 3145 2927 3213 putat
2951 3141 3194 3196 Domino
3228 3142 3287 3195 in
3315 3141 3420 3195 hoc
3443 3141 3566 3212 pla-

1936 3252 2063 3290 cere
2088 3235 2243 3308 quod
2271 3252 2458 3291 servos
2496 3252 2624 3290 suos
2663 3240 2907 3302 accusat,
2942 3239 2999 3289 et
3031 3238 3097 3290 ut
3121 3234 3384 3290 meliores
3407 3235 3568 3302 ﬁant,

1936 3329 2071 3384 dicit
2101 3346 2160 3384 se
2186 3329 2292 3384 hoc
2319 3346 2512 3400 agere,
2541 3329 2600 3384 in
2627 3345 2838 3383 vanum
2869 3328 3084 3383 laborat
3108 3333 3165 3382 et
3191 3329 3316 3398 plus
3343 3327 3572 3383 invidiae

1936 3422 2177 3476 stimulis
2205 3422 2455 3494 agitatur
2486 3438 2664 3494 quam
2702 3420 3012 3488 charitatis,
3056 3421 3328 3492 quoniam
3376 3422 3572 3491 gratia:

1936 3513 2235 3584 plenitudo
2271 3514 2588 3585 adjectione
2626 3530 2740 3568 non
2778 3513 3019 3584 indiget,
3059 3529 3162 3568 nec
3189 3514 3305 3568 ulla
3327 3513 3574 3584 requirit

1939 3606 2451 3662 commendationis
2481 3610 2811 3678 augmenta.
2861 3605 3106 3675 Erigunt
3135 3622 3276 3678 ergo
3315 3607 3572 3660 doctores

1940 3699 2308 3756 conscientias
2349 3716 2494 3769 suas,
2527 3698 2656 3754 etsi
2708 3697 2938 3769 quando
2983 3698 3214 3753 incertis
3247 3702 3573 3770 temporum

1940 3793 2164 3848 ﬂatibus
2181 3799 2569 3866 opponuntur,
2591 3791 2871 3846 sustinent
2896 3792 3048 3846 mala
3068 3807 3197 3863 quae
3215 3792 3433 3847 saeculis
3447 3809 3569 3848 ma-

1943 3887 2030 3959 gis
2055 3892 2188 3942 sunt
2213 3886 2550 3942 ascribenda
2582 3902 2754 3958 quam
2788 3885 3026 3941 meritis.
3069 3886 3267 3940 Datam
3295 3886 3452 3941 enim
3475 3887 3576 3942 sci-

1941 3997 2069 4036 mus
2094 3981 2321 4037 Satanae
2341 3983 2702 4051 potestatem,
2735 3984 2800 4034 ut
2830 3995 3018 4034 servos
3042 3966 3572 4049 Christi'cribraret,

1940 4077 2007 4130 ut
2041 4074 2193 4146 quod
2217 4074 2286 4128 de
2318 4073 2506 4128 tritico
2527 4072 2770 4128 inveniri
2794 4078 3005 4144 posset,
3039 4072 3262 4128 horreis
3291 4071 3577 4143 ingerere-

1941 4171 2064 4237 tur;
2099 4170 2156 4222 et
2182 4166 2333 4238 quod
2352 4166 2422 4221 de
2437 4166 2634 4237 paleis,
2661 4183 2724 4220 ac
2751 4165 2972 4238 ignium
3003 4167 3275 4222 alimenta
3290 4167 3573 4222 transiret.

1941 4261 2025 4317 Ad
2050 4277 2146 4315 vos
2168 4259 2485 4332 specialiter
2504 4259 2719 4314 dictum
2741 4264 2825 4314 est
2856 4276 2869 4314 :
2903 4282 2930 4309 «
2962 4260 3145 4315 Nolite
3170 4260 3379 4315 timere
3405 4261 3578 4333 pusil-

1944 4355 2031 4409 lus
2067 4370 2237 4426 grex,
2279 4352 2492 4424 placuit
2531 4353 2681 4408 Patri
2720 4358 2907 4409 vestro
2954 4353 3091 4408 dare
3122 4353 3292 4434 .vobis
3332 4370 3580 4426 regnum

1945 4448 2086 4518 (Luc.
2121 4464 2215 4514 xu,
2247 4447 2356 4517 32),
2402 4465 2430 4498 »
2461 4446 2616 4501 venit
2639 4446 2793 4502 inter
2817 4463 2916 4502 vos
2945 4447 3174 4517 gladius
3201 4448 3574 4519 perfidorum,

197 4545 382 4598 minis
412 4544 781 4616 dignitatem,
806 4549 866 4600 et
889 4561 1007 4599 suae
1032 4543 1178 4615 legis
1191 4543 1280 4600 vel
1302 4543 1390 4598 sui
1407 4541 1681 4615 propositi
1704 4559 1840 4597 nor-
1862 4555 1921 4627 D
1947 4545 2007 4596 ut
2033 4540 2280 4595 marcida
2322 4540 2583 4595 Ecclesiae
2611 4541 2867 4596 membra
2892 4545 3190 4610 resecaret,
3219 4545 3276 4595 et
3311 4541 3384 4594 ad
3413 4543 3572 4596 cmle-

196 4654 365 4693 mam
391 4642 493 4694 aut
524 4638 872 4710 regulariter
896 4637 1188 4710 prohibita
1219 4638 1616 4709 neglexerunt.
1648 4637 1850 4692 Trans-

197 4747 498 4802 gressores
521 4732 675 4788 enim
706 4734 910 4804 sponte
935 4732 1080 4803 legis
1112 4748 1248 4803 suae,
1287 4731 1525 4802 ejusque
1554 4730 1848 4786 violatores

199 4827 259 4879 et
299 4825 668 4893 recedentes,
715 4828 989 4897 apostatae
1030 4825 1422 4881 nominentur.
1465 4823 1661 4880 Omnis
1687 4824 1848 4879 enim

194 4921 464 4990 apostata
494 4918 831 4975 refutandus
847 4923 932 4975 est
957 4924 1090 4975 ante
1113 4919 1501 4974 reversionem
1529 4933 1709 4987 suam,
1735 4934 1849 4973 non

195 5011 263 5066 in
287 5012 661 5068 accusatione
691 5015 845 5068 recte
876 5011 1195 5085 agentium,
1218 5016 1318 5068 aut
1338 5011 1664 5068 testimonio
1681 5011 1853 5066 susci-

199 5105 474 5176 piendus,
501 5106 637 5178 quia
653 5106 738 5161 vir
753 5106 961 5178 duplex
974 5106 1166 5162 animo
1187 5105 1516 5162 inconstans
1537 5108 1622 5162 est
1639 5106 1698 5161 in
1721 5122 1847 5160 om-

195 5197 376 5254 nibus
395 5199 501 5255 viis
522 5200 658 5255 suis.
692 5221 720 5250 «
747 5200 1081 5272 Quicunque
1113 5204 1308 5256 autem
1336 5200 1420 5270 (ut
1454 5199 1534 5254 ait
1559 5199 1850 5272 apostolus

195 5293 465 5365 Iacobus)
496 5297 680 5349 totam
711 5294 901 5365 legem
930 5295 1259 5365 servaverit,
1289 5293 1540 5350 offendat
1565 5298 1760 5349 autem
1789 5293 1850 5348 in

195 5401 339 5455 uno,
372 5387 561 5443 factus
595 5391 683 5442 est
707 5403 840 5443 reus
863 5388 1142 5443 omnium.
1173 5388 1279 5452 Qui
1306 5393 1495 5444 autem
1537 5386 1700 5456 dixit,
1725 5390 1850 5444 Non

193 5481 610 5550 mechaberis,
634 5481 776 5537 dixit
796 5484 873 5551 et,
897 5482 1021 5537 Non
1041 5481 1280 5538 occides.
1303 5481 1464 5546 Quod
1496 5481 1542 5535 si
1569 5497 1686 5536 non
1708 5497 1849 5536 moe-

191 5573 486 5646 chaberis,
510 5574 737 5630 occidas
756 5579 973 5646 autem,
995 5576 1175 5631 factus
1193 5591 1254 5632 es
1274 5579 1661 5646 transgressor
1685 5574 1849 5646 legis.

193 5667 286 5723 Sic
310 5668 632 5742 loquimini
657 5673 718 5724 et
744 5668 825 5723 sic
848 5668 1041 5740 facite,
1064 5669 1145 5724 sic
1163 5673 1232 5725 ut
1245 5686 1351 5741 per
1370 5670 1558 5741 legem
1577 5668 1853 5724 libertatis

191 5762 548 5836 incipientes
575 5763 847 5835 judicari.
876 5763 1162 5820 Iudicium
1197 5764 1353 5820 enim
1379 5762 1501 5819 sine
1529 5762 1851 5818 misericor-

1948 4639 2089 4690 stem
2119 4633 2357 4706 gloriam
2383 4633 2740 4704 perduceret.
2765 4635 2913 4697 Quos
2943 4634 3151 4688 habeat
3184 4633 3438 4688 Christus
3464 4634 3575 4688 mi-

1946 4727 2089 4798 lites,
2119 4731 2407 4783 certamen
2438 4727 2704 4794 ostendit,
2737 4727 2836 4797 qui
2867 4725 3224 4796 triumphum
3252 4731 3581 4782 mereantur

1946 4838 2050 4894 per
2072 4821 2223 4877 bella
2249 4824 2688 4892 cognoscuntur.
2717 4819 2934 4874 Scimus
2963 4823 3157 4874 autem
3184 4819 3394 4874 multos
3423 4820 3496 4875 ob
3520 4821 3578 4877 id

1949 4914 2214 4971 infestare
2244 4915 2523 4983 doctores,
2551 4916 2618 4968 ut
2645 4929 2740 4968 eos
2767 4913 3008 4985 perdant
3025 4915 3082 4968 et
3106 4912 3358 4985 prapriae
3386 4913 3582 4970 volun-

1948 5010 2078 5066 tatis
2094 5007 2301 5082 placita
2315 5007 2684 5081 adimpleant.
2705 5007 2830 5062 Non
2851 5011 3155 5078 propterea
3177 5011 3373 5063 tamen
3393 5007 3585 5069 doctou

1949 5120 2041 5159 res
2065 5104 2407 5176 inquantum
2439 5101 2586 5157 vires
2618 5103 2931 5173 suppetunt
2956 5116 2989 5154 a
3015 5103 3170 5156 recta
3195 5100 3581 5180 aamulatione,

1952 5203 2010 5253 et
2036 5198 2187 5253 bona
2229 5197 2551 5253 intentione
2589 5194 2856 5250 recedere
2899 5194 3127 5267 debent,
3173 5197 3410 5255 scientes
3449 5202 3586 5274 quia

1953 5311 1982 5344 (ί
1998 5291 2147 5347 beati
2166 5291 2264 5364 qui
2277 5289 2735 5364 persecutionem
2746 5287 3047 5360 patiuntur
3064 5297 3298 5363 propter
3302 5293 3324 5364 j
3335 5295 3583 5350 ustitiam

1955 5351 2254 5453 (Matthfv,
2277 5351 2456 5532 ³1οὝ
2491 5383 2639 5438 Nihil
2675 5351 2868 5438 autem
2900 5383 3000 5439 illo
3040 5351 3124 5440 est
3158 5351 3382 5456 pastore
3409 5389 3582 5444 mise-

1955 5479 2070 5532 rius
2098 5479 2196 5532 aui
2219 5479 2392 5532 lunor
2431 5494 2490 5532 m
2517 5477 2783 5532 laudibus
2821 5477 3114 5532 gloriatur.
3147 5479 3361 5532 Ouibus
3394 5483 3437 5532 si
3463 5485 3582 5532 nla-

1951 5479 2070 5534 rius
2098 5479 2196 5550 qui
2219 5477 2490 5550 luporum
2517 5477 2783 5532 laudibus
2821 5477 3114 5548 gloriatur.
3147 5479 3361 5558 Quibus
3394 5483 3439 5537 si
3463 5485 3583 5555 pla-

1952 5589 2080 5629 cere
2119 5572 2364 5628 voluerit
2405 5575 2575 5644 atque
2627 5571 2699 5626 ab
2749 5570 2839 5625 his
2897 5571 3075 5626 amari
3117 5572 3430 5646 delegerit,
3479 5579 3588 5632 erit

1953 5666 2087 5721 hinc
2111 5665 2310 5720 ovibus
2335 5681 2547 5737 magna
2575 5663 2877 5736 pernicies.
2908 5665 3107 5720 Nullus
3126 5681 3264 5738 ergo
3292 5673 3585 5739 pastorum

1953 5761 2178 5834 placere
2202 5758 2353 5831 lupis
2379 5764 2434 5815 et
2462 5758 2731 5831 gregibus
2758 5758 2946 5814 ovium
2975 5762 3175 5830 potest,
3213 5761 3400 5831 perdit
3429 5764 3584 5821 enim

195 5856 296 5915 dia
313 5859 420 5916 ﬁet
438 5858 526 5915 illi
550 5856 651 5936 qui
673 5873 794 5914 non
812 5857 943 5916 fecit
959 5857 1428 5928 misericordiam,
1459 5855 1860 5930 superexcellit
1956 5853 2162 5913 laboris
2177 5853 2518 5912 memoriam
2537 5870 2700 5912 mens
2713 5853 2954 5911 terrenis
2977 5851 3226 5926 obligata
3243 5856 3582 5926 carceribus,
