4068 6342
499 512 800 580 instantia,
845 511 922 565 ita
960 526 1205 564 noverca
1243 505 1575 563 eruditionis
1620 507 1706 559 est
1748 504 2121 576 negligentia.

497 605 693 659 Nullus
729 620 866 674 ergo
893 602 1290 674 praejudicium
1324 599 1484 655 alteri
1520 598 1714 666 faciat,
1742 613 1931 668 neque
1973 597 2125 668 quod

497 698 600 752 sibi
638 697 759 768 ﬁeri
786 713 901 751 non
927 697 1050 750 vult
1079 697 1349 751 exerceat.
1384 693 1560 746 Nemo
1603 691 1815 745 dictum
1841 690 1910 744 de
1936 690 2125 760 aliquo

498 791 765 860 inveniat,
815 789 969 860 quod
1011 789 1072 843 in
1110 788 1230 858 ejus
1270 785 1484 840 actibus
1531 800 1646 838 non
1689 788 1974 855 agnoscat.
2009 784 2125 853 Ego

496 888 687 938 autem
701 883 1110 948 labefactatam,
1129 895 1242 932 non
1265 877 1451 932 solum
1463 876 1717 948 quietem
1735 892 1942 945 meam,
1958 875 2055 930 sed
2070 880 2128 930 et

498 977 742 1031 salutem
757 975 1118 1029 inimicorum
1137 971 1460 1026 valetudine
1478 975 1535 1024 et
1549 985 1847 1023 rumorum
1866 968 2126 1039 procellis

500 1084 764 1140 agnosco.
808 1068 1010 1121 Potens
1040 1069 1125 1120 est
1153 1063 1416 1118 divinitas
1462 1063 1747 1116 immensa
1773 1061 2122 1132 tempestatis

499 1161 711 1216 incerta
739 1160 890 1214 bono
919 1157 1245 1213 serenitatis
1277 1171 1562 1210 amovere.
1609 1156 1675 1230 Et
1715 1153 1851 1225 quid
1889 1153 2042 1207 aliud
2077 1153 2124 1206 si

501 1273 529 1305 ‹‹
575 1251 828 1308 Christus
871 1267 1070 1322 passus
1103 1253 1188 1304 est
1223 1265 1328 1319 pro
1359 1247 1543 1317 nobis,
1583 1246 1747 1302 nobis
1793 1245 2123 1318 relinquens

495 1344 842 1416 exemplum,
886 1346 952 1397 ut
981 1357 1290 1413 sequamur
1332 1340 1566 1411 vestigia
1608 1341 1731 1410 ejus
1777 1339 1826 1409 (Ι
1863 1342 2008 1394 Petr.
2058 1355 2120 1408 ιι,

493 1438 604 1508 21),
638 1457 666 1486 ››
693 1441 751 1491 et
774 1436 1014 1506 apostoli
1050 1435 1202 1506 passi
1245 1439 1394 1502 sunt,
1435 1438 1737 1504 sequentes
1771 1433 1894 1503 ejus
1926 1447 2120 1486 exem-

493 1531 675 1601 plum,
709 1533 768 1584 et
807 1528 1010 1600 reliqui
1053 1530 1262 1599 patres,
1309 1527 1417 1581 nisi
1446 1529 1512 1581 ut
1546 1541 1852 1596 sequamur
1889 1524 2125 1596 vestigia

496 1623 639 1692 ejus,
665 1626 785 1676 tam
811 1621 1128 1676 doctrinam
1154 1635 1354 1675 eorum
1387 1635 1559 1689 quam
1585 1618 1934 1689 exemplum,
1959 1620 2124 1688 etpa-

495 1714 712 1770 tiamur
740 1713 971 1768 adversa
1008 1729 1109 1784 pro
1153 1711 1392 1781 Christo,
1423 1715 1479 1765 et
1503 1727 1634 1766 cum
1668 1711 1927 1782 patribus
1952 1713 2122 1781 atque

1393 307 1674 363 APPEND.
1714 305 1802 359 AD
1838 306 1997 360 SIEC.
2043 304 2127 360 lX.
2159 335 2226 344 —
2266 306 2507 361 lSIDORl
2544 305 2968 362 MERCATORIS
3787 303 3854 359 64

533 420 652 474 icut
679 418 891 474 artium
927 418 988 471 in
1019 433 1121 472 suo
1161 429 1384 488 quoque
1424 428 1593 484 opere
1636 411 1920 466 invenitur
1943 413 2126 466 mater
2147 426 2207 498 Α
2226 413 2376 468 oculi
2401 414 2689 483 dicuntur,
2718 418 2774 468 et
2803 413 3192 483 subdiaconos,
3217 415 3386 482 atque
3405 411 3651 482 reliquos
3679 411 3854 466 mini-

2226 510 2372 561 stros
2399 523 2592 561 secum
2622 506 2852 576 habeat,
2884 506 2982 577 qui
3002 505 3172 560 sacris
3198 505 3383 560 induti
3409 505 3761 560 vestimentis
3791 507 3853 560 in

2225 600 2410 655 fronte
2441 603 2497 654 et
2524 616 2558 653 a
2581 602 2763 670 tergo,
2793 603 2850 654 et
2872 599 3191 670 presbyteri
3219 615 3249 653 e
3278 599 3513 670 regione
3543 598 3740 654 dextra
3767 599 3852 653 le-

2224 710 2428 764 vaque,
2461 692 2706 748 contrito
2735 693 2907 747 corde
2930 697 2988 747 et
3011 692 3313 747 humilia'to
3340 692 3562 762 spiritu,
3587 708 3651 745 ac
3671 708 3852 762 prono

2225 789 2378 839 stent
2397 787 2575 855 vultu,
2596 785 2981 840 custodientes
2994 802 3127 840 eum
3151 803 3184 839 a
3204 784 3482 840 malivolis
3505 785 3853 851 hominibus,

2224 885 2281 934 et
2314 895 2656 933 consensum
2688 879 2809 948 ejus
2837 879 3135 950 praebeant
3160 877 3454 945 sacriﬁcio,
3488 881 3722 949 peracta
3747 895 3852 932 au-

2223 976 2341 1027 tem
2368 971 2816 1040 consecratione,
2851 988 3055 1027 omnes
3079 971 3505 1026 communicent
3534 971 3632 1042 qui
3658 971 3855 1025 nolue-

2224 1064 2339 1119 rint
2380 1063 2766 1119 ecclesiasticis
2813 1081 3008 1119 carere
3061 1064 3379 1118 liminibus.
3451 1063 3542 1118 Sic
3600 1063 3754 1118 enim
3799 1069 3857 1118 et

2226 1157 2462 1228 apostoli
2491 1159 2831 1224 statuerunt,
2869 1161 2925 1212 et
2963 1161 3157 1211 sancta
3182 1158 3440 1212 Romana
3468 1159 3630 1210 tenet
3658 1157 3853 1211 Eccle-

2223 1249 2326 1304 sia.
2347 1271 2374 1300 «
2387 1250 2624 1320 Servite,
2649 1270 2676 1301 »
2700 1250 2888 1321 inquit
2900 1251 3172 1304 Dominus
3184 1267 3289 1321 per
3302 1250 3641 1320 prophetam
3655 1248 3829 1303 David
3839 1291 3854 1318 ,

2228 1365 2255 1393 ((
2275 1343 2335 1397 in
2355 1343 2578 1410 timore,
2594 1343 2931 1398 etexsultate
2951 1343 3004 1397 ei
3023 1359 3152 1397 cum
3171 1348 3418 1398 tremore
3441 1343 3603 1412 (Psal.
3625 1359 3680 1409 ιι,
3709 1344 3854 1410 ll),»

2226 1436 2452 1491 adorate
2468 1451 2630 1506 pure,
2652 1453 2724 1490 ne
2747 1437 2976 1507 quando
2997 1437 3288 1503 irascatur,
3306 1439 3363 1490 et
3382 1435 3628 1506 pereatis
3651 1435 3722 1488 de
3741 1435 3854 1491 via.

2221 1529 2318 1584 Ille
2360 1529 2516 1583 enim
2560 1545 2678 1584 non
2710 1529 2860 1600 perit
2901 1530 2969 1584 de
3020 1530 3111 1583 via
3142 1529 3240 1599 qui
3283 1533 3436 1583 recte
3483 1528 3762 1599 graditur,
3796 1533 3857 1582 et

2221 1624 2504 1693 praecepta
2515 1621 2762 1676 custodit
2777 1621 3084 1691 majorum.
3103 1622 3298 1675 Doccri
3316 1636 3452 1692 ergo
3467 1637 3668 1675 omnes
3688 1637 3857 1690 opor-

2224 1718 2307 1768 tet
2351 1715 2450 1786 qui
2491 1714 2718 1768 Domini
2763 1714 3073 1769 sacerdotio
3119 1715 3472 1784 funguntur,
3513 1719 3576 1767 ut
3617 1718 3856 1768 caeteros

497 1823 629 1862 cum
659 1807 901 1862 fratibus
939 1821 1165 1860 crucem
1202 1808 1516 1876 portemus,
1559 1819 1869 1874 eorumque
1899 1791 2200 1862 tribula-B
2223 1807 2505 1863 instruant
2541 1812 2598 1862 et
2643 1807 2745 1862 sibi
2788 1807 3108 1878 proﬁciant,
3153 1807 3428 1878 scripturn
3475 1813 3560 1861 est
3607 1809 3804 1861 autem
3836 1826 3850 1862 :

493 1900 743 1955 tionibus
768 1899 1201 1970 compatiamur,
1222 1901 1283 1952 ut
1301 1896 1506 1954 Christi
1533 1897 1650 1952 veri
1681 1895 1944 1967 discipuli
1970 1895 2122 1951 inve-

492 1993 740 2060 niamur,
764 1993 861 2063 qui
880 1992 1019 2046 dixit
1047 2011 1060 2046 :
1091 1991 1197 2055 Qui
1225 1991 1345 2045 vult
1372 1994 1504 2062 post
1521 2005 1614 2045 me
1636 1989 1854 2060 venire,
1876 1989 2123 2059 abneget

493 2086 903 2156 semetipsum,_
933 2090 988 2139 et
1035 2083 1198 2139 tollat
1244 2098 1468 2138 crucem
1519 2097 1685 2137 suam
1745 2086 1803 2135 et
1849 2084 2124 2152 sequatur

141 2255 160 2262 __
211 2177 762 2252 /__,_,....--me-(Luc.
810 2193 886 2244 IX,
923 2180 1034 2246 23),
1077 2196 1105 2228 »
1152 2180 1209 2230 et
1242 2176 1502 2247 reliqua?
1537 2175 1913 2245 Praesumptio
1957 2179 2041 2230 est
2076 2173 2121 2227 si

491 2271 854 2327 dominorum
880 2269 1154 2324 beneﬁcia
1175 2267 1378 2323 famuli
1401 2284 1518 2323 non
1544 2270 1872 2338 sequantur.

562 2363 912 2434 Obsequium
925 2377 1062 2434 ergo
1076 2361 1481 2416 aestimandum
1497 2365 1636 2432 puto
1645 2403 1659 2430 ,
1673 2360 1824 2431 quod
1836 2360 2123 2431 pariturus

491 2457 780 2528 impendo.
823 2456 966 2520 Quid
1008 2460 1094 2510 est
1138 2454 1314 2524 enim,
1362 2454 1514 2525 quod
1553 2455 1680 2524 plus
1727 2453 1977 2507 creditur
2022 2452 2124 2507 ﬁlii

489 2550 828 2606 vocabulum
852 2549 1036 2604 valere
1054 2563 1228 2620 quam
1248 2547 1602 2618 obsequium,
1635 2549 1693 2601 et
1713 2563 1829 2601 non
1849 2546 2125 2618 quaeritur

489 2644 629 2716 quid
659 2644 719 2697 in
741 2642 952 2696 amoris
982 2642 1146 2695 lance
1175 2656 1530 2712 promoveas,
1553 2639 1654 2694 sed
1687 2639 1856 2710 quale
1879 2640 1950 2694 ad
1971 2656 2119 2710 pree-

486 2735 764 2807 judicium
826 2734 1128 2789 aestimanti
1193 2749 1406 2788 nomen
1459 2748 1727 2803 apponas,
1787 2748 1916 2786 cum
1971 2731 2124 2803 apud

491 2830 802 2901 prudentes
845 2827 1052 2882 frustra
1096 2827 1352 2882 sobolem
1391 2825 1654 2894 diximus,
1699 2825 1810 2879 nisi
1859 2824 2125 2879 exhibeat

495 2923 648 2994 quod
685 2922 923 2976 videtur.
970 2923 1086 2993 Ego
1124 2936 1258 2976 vero
1306 2921 1435 2974 nolo
1498 2935 1689 2974 errore
1733 2934 1863 2972 meo
1909 2918 2122 2973 alienas

491 3017 684 3086 culpas
721 3030 992 3086 asserere,
1056 3019 1120 3069 ut
1163 3014 1376 3068 factum
1420 3013 1573 3084 quod
1613 3010 1783 3066 doleo
1829 3011 2122 3066 admisisse

492 3077 809 3164 convincar.
824 3077 889 3195 β’
893 3077 1088 3177 Odisti,
1119 3107 1304 3178 inquit
1320 3077 1596 3162 Dominus
1623 3120 1726 3176 per
1753 3105 2116 3176 prophetam,

494 3218 692 3256 omnes
719 3205 1012 3272 operantes
1036 3200 1417 3272 iniquitatem,
1437 3200 1637 3271 perdes
1653 3198 1950 3270 loquentes
1966 3214 2120 3252 men-

495 3295 741 3350 dacium.
775 3293 966 3349 Virum
1001 3293 1343 3365 sanguinum
1373 3298 1432 3347 et
1461 3293 1726 3348 dolosum
1761 3291 2117 3346 abominabi-

490 3392 587 3442 tur
601 3387 871 3442 Dominus
885 3405 902 3456 ;
924 3402 1032 3458 ego
1049 3391 1243 3441 autem
1261 3386 1320 3440 in
1334 3385 1700 3441 multitudine
1717 3383 2121 3439 misericordiae

491 3487 607 3536 tute
627 3481 871 3536 introibo
895 3481 954 3535 in
985 3480 1220 3536 domum
1237 3483 1413 3547 tuam,
1443 3478 1805 3550 adoraboque
1825 3477 1886 3532 in
1906 3478 2119 3548 templo

489 3581 681 3631 sancto
722 3579 844 3644 tuo,
893 3574 953 3629 in
981 3573 1189 3629 timore
1237 3576 1336 3627 tuo
1380 3573 1542 3642 (Psal.
1574 3589 1629 3640 v,
1661 3573 1733 3644 7).
1784 3591 1811 3623 »
1860 3571 2117 3641 Domine,

489 3668 670 3724 deduc
698 3684 790 3724 me
823 3669 884 3722 in
904 3667 1127 3737 justitia
1156 3670 1255 3719 tua
1279 3668 1510 3735 propter
1538 3665 1916 3720 incantatores
1940 3680 2116 3731 meos,

490 3762 673 3831 dirige
696 3765 828 3815 ante
854 3758 1058 3813 faciem
1097 3763 1259 3812 tuam
1289 3756 1439 3810 viam
1465 3772 1682 3824 meam,
1702 3773 1818 3811 non
1853 3761 1938 3810 est
1967 3756 2120 3809 enim

488 3855 552 3909 in
578 3869 673 3907 ore
703 3867 905 3908 eorum
931 3854 1174 3916 rectum,
1213 3848 1489 3902 interiora
1518 3863 1715 3902 eorum
1748 3847 1989 3903 insidiae.
2020 3849 2119 3902 Se-

488 3947 755 4020 pulcrum
783 3948 984 4015 patens
1013 3947 1096 3998 est
1117 3944 1316 4013 guttur
1334 3957 1552 4010 eorum,
1583 3940 1841 4012 linguam
1869 3957 2027 3994 suam
2047 3941 2121 3996 le-

489 4039 743 4094 niﬁcant.
785 4037 1116 4091 Condemna
1153 4051 1270 4104 eos,
1315 4035 1478 4101 Deus,
1523 4033 1791 4088 decidant
1815 4051 1847 4088 a
1879 4033 2120 4089 consiliis

487 4133 602 4192 suis
615 4150 631 4201 ;
642 4132 808 4203 juxta
819 4129 1244 4184 multitudinem
1261 4128 1536 4183 scelerum
1555 4143 1758 4182 eorum
1773 4128 1985 4199 expelle
2000 4145 2117 4198 eos,

491 4226 766 4299 quoniam
802 4227 1246 4295 provocaverunt
1288 4225 1360 4276 te.
1403 4223 1469 4276 Et
1504 4221 1768 4276 laetentur
1803 4238 1997 4276 omnes
2023 4221 2122 4294 qui

488 4323 718 4392 sperant
746 4318 806 4372 in
839 4322 914 4387 te,
947 4317 1006 4372 in
1049 4320 1328 4370 aeternum
1356 4315 1668 4370 laudabunt
1695 4332 1905 4372 nomen
1936 4321 2116 4371 tuum.

487 4413 557 4470 Et
576 4417 840 4484 proteges
866 4395 979 4481 eos,
1011 4413 1069 4466 et
1096 4410 1440 4465 laetabuntur
1459 4409 1520 4464 in
1545 4413 1599 4464 te
1629 4410 1726 4481 qui
1755 4409 1997 4481 diligunt
2023 4427 2121 4465 no-

486 4522 621 4562 men
659 4510 846 4576 tuum,
891 4505 1167 4578 quoniam
1214 4509 1278 4560 tu
1314 4504 1612 4560 benedices
1637 4503 1815 4574 justo.
1867 4504 2116 4574 Domine,

488 4605 554 4658 ut
571 4601 729 4658 hasta
740 4599 1132 4673 placabilitatis
1152 4598 1450 4654 coronabis
1466 4615 1598 4654 eum
1616 4597 1792 4670 (Ibid)
1805 4639 1818 4653 .
1838 4598 1950 4653 Deo
1967 4599 2120 4654 enim

487 4696 869 4752 sacriﬁcantes
884 4693 1152 4766 perfecte,
1175 4709 1291 4747 non
1308 4692 1516 4747 debent
1536 4691 1746 4762 vexari,
1767 4691 1864 4747 sed
1884 4693 2116 4764 portari,

488 4790 793 4859 consolari,
824 4794 994 4860 atque
1018 4787 1090 4841 ab
1121 4785 1448 4841 hominibus
1473 4785 1756 4841 venerari.
1781 4786 1893 4856 Ipsi
1929 4790 2119 4842 autem

488 4883 717 4956 quando
756 4882 998 4937 Domino
1027 4879 1345 4936 sacriﬁcant
1384 4896 1500 4934 non
1539 4879 1641 4934 soli
1682 4879 1793 4934 hoc
1817 4896 1990 4951 agere
2028 4881 2120 4936 de-

486 4974 643 5044 bent,
670 4976 766 5030 sed
794 4979 962 5030 testes
997 4990 1188 5030 secum
1227 4973 1552 5040 adhibeant,
1581 4977 1647 5027 ut
1679 4973 1918 5027 Domino
1942 4974 2120 5045 perfe-

487 5074 575 5124 cte
613 5069 672 5123 in
703 5069 934 5124 sacratis
981 5070 1094 5123 Deo
1132 5067 1446 5122 sacriﬁcare
1478 5066 1612 5120 locis
1658 5037 2011 5175 probentur.‘
2031 5068 2120 5124 Ait

487 5179 734 5234 namque
761 5161 1065 5218 auctoritas
1089 5161 1236 5232 legis
1260 5161 1468 5216 divinae
1492 5179 1504 5216 :
1540 5160 1678 5216 Vide
1705 5177 1778 5216 ne
1800 5160 2117 5218 oﬁ‘eras'ho-

417 5297 425 5302 -
486 5258 733 5314 locausta
760 5261 856 5310 tua
881 5256 943 5310 in
973 5254 1131 5308 omni
1157 5255 1280 5309 loco
1310 5272 1482 5326 quem
1509 5255 1738 5326 videris,
1769 5256 1865 5312 sed
1901 5255 1960 5310 in
1992 5257 2114 5311 loco

485 5365 659 5423 quem
685 5350 856 5421 elegit
873 5347 1149 5403 Dominus
1179 5349 1323 5402 Deus
1352 5353 1500 5404 tuus.
1539 5349 1852 5421 Episcopus
1881 5349 2114 5404 Domino

483 5443 824 5513 sacriﬁcans,
867 5446 1039 5497 testes
1077 5441 1160 5511 (ut
1196 5442 1489 5513 praeﬁxum
1522 5445 1620 5512 est)
1652 5459 1844 5498 secum
1886 5442 2112 5512 habeat,

483 5543 542 5594 et
564 5537 756 5609 plures
785 5552 957 5608 quam
994 5535 1135 5590 alius
1172 5536 1453 5591 sacerdos.
1501 5535 1655 5591 Sicut
1700 5535 1857 5590 enim
1883 5535 2114 5606 majoris

481 5631 714 5689 honoris
749 5630 928 5702 gradu
955 5628 1181 5698 fruitur,
1213 5629 1290 5684 sic
1316 5629 1547 5700 majoris
1585 5627 1895 5683 testimonii
1926 5629 2110 5684 incre-

482 5725 827 5783 mentatione
859 5723 1092 5797 indiget.
1123 5726 1185 5778 In
1213 5721 1647 5778 solemnioribus
1671 5721 1882 5795 quippe
1913 5723 2112 5778 diebus

482 5826 577 5882 aut
601 5824 837 5893 septem,
874 5822 972 5879 aut
1002 5819 1277 5893 quinque,
1300 5821 1400 5873 aut
1425 5818 1538 5873 tres
1557 5815 1842 5889 diaconos,
1866 5817 1964 5888 qui
1991 5817 2111 5891 ejus

2225 1923 2252 1949 ι(
2283 1900 2386 1964 Qui
2418 1900 2567 1955 docti
2597 1900 2828 1967 fuerint,
2860 1900 3162 1971 fulgebunt
3187 1900 3346 1970 quasi
3371 1899 3642 1971 splendor
3661 1900 3858 1954 ﬁrma-

2221 1977 2592 2064 menti,etqui
2609 1994 2678 2048 ad
2685 1993 2967 2064 justitiam
2980 1993 3251 2047 erudiunt
3265 1993 3661 2063 multos,quasi
3678 1994 3859 2048 stellae

2222 2086 2284 2140 in
2302 2090 2609 2157 perpetuas
2631 2086 2978 2142 aaternitates
2998 2086 3156 2157 (Dan.
3180 2101 3276 2156 xu,
3301 2087 3408 2156 3).»
3428 2087 3496 2139 Et
3515 2086 3678 2140 alibi:
3702 2105 3730 2138 ‹‹
3744 2089 3856 2141 Po-

2222 2179 2388 2250 pulus
2402 2186 2590 2234 autem
2601 2179 2787 2234 sciens
2798 2179 3105 2234 Dominum
3119 2195 3287 2233 suum
3302 2179 3584 2233 obtinebit
3594 2185 3650 2234 et
3659 2180 3857 2247 faciet,

2224 2277 2282 2326 et
2310 2273 2459 2328 docti
2489 2273 2548 2327 in
2567 2273 2780 2344 populo
2805 2273 3088 2328 docebunt
3109 2272 3386 2343 plurimos
3406 2273 3563 2343 (Dan.
3589 2288 3662 2340 XI,
3687 2275 3800 2342 3'2).
3827 2296 3855 2322 ››

2225 2367 2350 2436 Ipsa
2371 2366 2527 2420 enim
2546 2366 2751 2420 veritas
2775 2365 2823 2437 1
2840 2366 2900 2436 4
2928 2382 3036 2438 per
3055 2382 3112 2420 se
3137 2365 3310 2420 infert
3329 2369 3386 2421 ct
3406 2365 3574 2420 dicit:
3601 2385 3630 2417 ε(
3653 2367 3862 2421 Beatus

2222 2459 2320 2528 qui
2352 2475 2466 2513 non
2505 2459 2678 2513 fuerit
2703 2459 3111 2513 scandalizatus
3141 2459 3200 2512 in
3233 2475 3325 2513 me
3358 2459 3502 2529 (Luc.
3536 2475 3634 2528 vn,
3666 2459 3786 2530 23);
3828 2480 3857 2512 »

2224 2551 2317 2606 ille
2341 2552 2537 2622 procul
2558 2551 2729 2605 dubio
2750 2551 3157 2606 scandalizatus
3185 2552 3350 2606 estin
3376 2553 3555 2606 Deum
3581 2552 3681 2624 qui
3699 2559 3860 2608 recte

2222 2659 2337 2697 non
2355 2643 2536 2709 docet,
2556 2649 2613 2698 et
2627 2644 2723 2714 qui
2737 2644 2860 2713 ejus
2873 2645 3212 2700 scandalizat
3227 2644 3558 2715 episcopum
3569 2645 3657 2699 vel
3671 2661 3863 2700 sacer-

2223 2736 2436 2791 dotem.
2462 2736 2638 2807 lmpie
2665 2753 2916 2808 namque
2938 2741 3174 2808 agentes
3195 2743 3327 2792 sunt
3345 2738 3531 2808 impii,
3551 2754 3739 2809 neque
3760 2738 3857 2792 in-

2221 2829 2489 2901 telligunt
2504 2845 2702 2884 omnes
2722 2829 2904 2901 impii,
2925 2847 3100 2902 porro
3121 2830 3274 2886 docti
3289 2830 3633 2902 intelligent,
3649 2847 3862 2886 omnes

2224 2921 2378 2976 enim
2400 2922 2641 2977 invicem
2660 2923 3048 2978 humilitatem
3071 2924 3378 2991 insinuate,
3405 2947 3432 2973 ‹‹
3455 2925 3586 2994 quia
3604 2925 3751 2980 Deus
3767 2942 3863 2979 su-

2223 3011 2412 3081 perbis
2435 3012 2667 3078 resistit,
2699 3012 3009 3067 humilibus
3031 3016 3225 3068 autem
3251 3013 3349 3068 dat
3369 3013 3609 3084 gratiam
3635 3016 3681 3085 (1
3702 3016 3857 3070 Petr.

2224 3120 2277 3173 v,
2308 3106 2380 3175 ὅ).
2416 3124 2443 3157 ››
2479 3127 2507 3154 ‹‹
2540 3106 2745 3173 Nolite,
2770 3105 2955 3178 inquit
2971 3107 3217 3161 Joannes
3244 3107 3550 3178 apostolus,
3569 3107 3725 3161 omni
3747 3109 3864 3178 spi-

2238 3152 2244 3154 '
2264 3152 2277 3173 7
2310 3152 2380 3175 'I'
2416 3152 2438 3157 "
2487 3152 2507 3154 "
2541 3152 2745 3173 ""'“'7
2771 3152 3216 3178 “"1“"""""""'""
3244 3152 3550 3178 *ι’νυνν·“ν›
3572 3152 3725 3161 Vm-
3747 3152 3837 3178 "1"

2140 3152 2195 3227 Ο
2220 3196 2354 3252 ritui
2388 3199 2643 3266 credere,
2684 3200 2783 3254 sed
2821 3199 3058 3270 probate
3097 3200 3328 3271 spiritus
3373 3201 3423 3254 si
3456 3217 3524 3254 ex
3552 3201 3670 3255 Deo
3697 3205 3860 3258 sunt.

2221 3291 2507 3353 Quoniam
2559 3292 3080 3365 pseudoprophetaa
3137 3293 3403 3348 exierunt
3456 3293 3516 3347 in
3569 3294 3862 3349 mundum

2221 3383 2270 3454 (Ι
2295 3387 2452 3440 Joan.
2483 3402 2558 3453 IV,
2597 3387 2652 3457 ι).
2689 3408 2716 3436 ››
2752 3387 2820 3441 Et
2846 3387 3000 3442 idem
3030 3387 3154 3458 ipse
3181 3386 3314 3442 alibi
3342 3387 3422 3441 ait
3455 3403 3468 3441 :
3501 3409 3527 3436 «
3556 3388 3667 3442 Vos
3698 3389 3862 3458 quod

2222 3477 2454 3532 audistis
2495 3479 2564 3534 ab
2610 3479 2791 3547 initio,
2839 3480 2898 3534 in
2937 3480 3096 3535 vobis
3119 3485 3486 3552 permaneat;
3533 3481 3580 3534 si
3610 3480 3670 3535 in
3697 3481 3863 3536 vobis

2220 3573 2603 3642 permanserit
2632 3573 2785 3644 quod
2816 3573 2886 3626 ab
2920 3573 3081 3627 initio
3114 3574 3368 3643 audistis,
3408 3578 3464 3629 et
3495 3590 3593 3628 vos
3622 3573 3683 3628 in
3711 3575 3861 3631 Filio

2221 3667 2277 3718 et
2321 3666 2487 3719 Patre
2530 3665 2850 3720 manebitis.
2886 3666 2952 3719 Et
2991 3665 3113 3719 haec
3143 3671 3226 3721 est
3268 3667 3634 3737 repromissio
3675 3684 3863 3739 quam

2219 3755 2340 3826 ipse
2361 3757 2644 3826 pollicitus
2671 3760 2757 3810 est
2784 3757 2944 3811 vobis
2973 3757 3147 3813 vitam
3175 3763 3468 3814 aeternam.
3497 3762 3626 3816 Haec
3652 3761 3862 3834 scripsi

2221 3848 2378 3902 vobis
2413 3850 2482 3903 de
2514 3851 2605 3904 his
2637 3850 2736 3921 qui
2766 3850 3044 3905 seducunt
3079 3868 3194 3907 vos.
3228 3855 3296 3908 Et
3331 3869 3426 3907 vos
3454 3853 3642 3908 unctio
3673 3871 3861 3926 quam

2219 3942 2507 4013 accepistis
2543 3943 2613 3998 ab
2645 3959 2734 4011 eo,
2778 3950 3012 4000 maneat
3049 3945 3110 4000 in
3149 3946 3324 4001 vobis.
3367 3949 3434 4001 Et
3473 3963 3587 4001 non
3618 3963 3862 4005 necesse
3914 3943 3918 3945 Α

2220 4034 2445 4090 habetis
2480 4040 2545 4091 ut
2581 4037 2786 4110 aliquis
2816 4038 3012 4094 doceat
3040 4056 3159 4108 vos,
3196 4041 3293 4095 sed
3326 4041 3469 4096 sicut
3497 4041 3689 4095 unctio
3727 4043 3861 4113 ejus

2220 4129 2386 4184 docet
2398 4146 2495 4184 vos
2526 4130 2596 4184 de
2625 4131 2889 4186 omnibus
2905 4137 2962 4188 et
2981 4149 3179 4189 verum
3210 4137 3313 4198 est,
3346 4141 3402 4189 et
3427 4151 3546 4189 non
3569 4139 3654 4189 est
3671 4152 3864 4192 mem-

2222 4222 2468 4292 dacium,
2498 4229 2554 4279 et
2578 4224 2720 4280 sicut
2746 4225 2936 4280 docuit
2963 4244 3082 4296 vos,
3111 4231 3342 4283 manete
3370 4227 3426 4280 in
3462 4245 3548 4282 eo.
3581 4229 3650 4282 Et
3674 4246 3858 4300 nunc,

2220 4315 2401 4385 ﬁlioli,
2434 4322 2666 4374 manete
2703 4319 2760 4374 in
2793 4335 2882 4389 eo,
2918 4325 2980 4375 ut
3009 4338 3138 4375 cum
3178 4320 3506 4392 apparuerit
3535 4321 3862 4380 habeamus

2219 4409 2507 4480 ﬁduciam,
2527 4415 2584 4466 et
2604 4430 2718 4467 non
2737 4413 3158 4469 confundamur
3174 4414 3246 4469 ab
3268 4430 3336 4469 eo
3355 4413 3414 4468 in
3437 4412 3688 4470 adventu
3703 4417 3857 4487 ejus.

2221 4503 2276 4558 Si
2302 4504 2453 4559 scitis
2479 4507 2751 4577 quoniam
2776 4507 2964 4578 justus
2990 4511 3092 4577 est,
3117 4509 3312 4564 scitote
3336 4509 3610 4579 quoniam
3632 4513 3690 4564 et
3719 4528 3854 4567 om-

2223 4597 2309 4651 nis
2332 4598 2428 4669 qui
2445 4599 2584 4654 facit
2600 4601 2909 4671 justitiam,
2935 4619 3001 4656 ex
3018 4601 3141 4672 ipso
3173 4605 3339 4656 natus
3367 4605 3470 4656 est.
3495 4603 3688 4658 Videte
3712 4620 3860 4674 qua-

2218 4692 2334 4746 lem
2366 4693 2703 4750 charitatem
2732 4695 2890 4750 dedit
2916 4695 3080 4750 nobis
3110 4697 3294 4765 Pater,
3330 4700 3390 4750 ut
3411 4696 3511 4750 ﬁlii
3540 4697 3640 4752 Dei
3666 4699 3861 4753 nomi-

2218 4801 2430 4841 nemur
2450 4792 2507 4843 et
2527 4789 2721 4857 simus,
2745 4793 2980 4860 propter
3005 4789 3113 4844 hoc
3134 4789 3383 4844 mundus
3402 4806 3521 4844 non
3537 4790 3697 4844 novit
3717 4808 3856 4864 nos,

2221 4880 2355 4951 quia
2371 4898 2484 4936 non
2500 4883 2657 4938 novit
2677 4899 2828 4937 eum.
2861 4882 3203 4952 Charissimi,
3230 4900 3380 4938 nunc
3404 4883 3506 4938 ﬁlii
3528 4884 3629 4940 Dei
3650 4901 3860 4942 sumus

2219 4978 2274 5029 et
2305 4976 2558 5031 nondum
2589 4975 2854 5046 apparuit
2885 4975 3040 5045 quod
3062 4975 3291 5030 erimus.
3326 4977 3544 5032 Scimus
3575 4979 3859 5049 quoniam

2217 5084 2348 5123 cum
2375 5068 2723 5140 apparuerit,
2748 5067 2962 5122 similes
2990 5069 3042 5123 ei
3072 5070 3302 5139 erimus,
3336 5074 3612 5142 quoniam
3640 5071 3864 5130 videbi-

2217 5178 2345 5216 mus
2372 5178 2502 5216 eum
2535 5161 2699 5216 sicuti
2729 5165 2833 5217 est.
2867 5162 2935 5216 Et
2965 5162 3153 5217 omnis
3179 5163 3277 5235 qui
3315 5164 3490 5220 habet
3517 5181 3676 5237 spem
3704 5166 3863 5223 hanc

2215 5254 2275 5308 in
2305 5271 2393 5323 eo,
2422 5254 2729 5309 sanctificat
2747 5272 2827 5324 se,
2859 5254 3004 5310 sicut
3033 5260 3092 5310 et
3121 5257 3216 5311 ille
3253 5262 3476 5313 sanctus
3513 5262 3614 5314 est.
3653 5258 3864 5316 Omnis

2215 5347 2314 5418 qui
2341 5347 2476 5400 facit
2498 5351 2818 5418 peccatum,
2843 5353 2900 5404 et
2915 5349 3277 5422 iniquitatem
3295 5352 3449 5421 facit,
3479 5355 3538 5407 et
3555 5358 3863 5424 peccatum

2215 5444 2300 5495 est
2327 5440 2616 5511 iniquitas.
2647 5443 2716 5496 Et
2749 5443 2900 5498 scitis
2926 5443 3061 5515 quia
3097 5444 3190 5498 ille
3230 5446 3496 5517 apparuit
3522 5451 3583 5501 ut
3616 5452 3865 5518 peccata

2215 5533 2459 5601 tolleret,
2488 5539 2545 5589 et
2568 5541 2868 5606 peccatum
2899 5537 2959 5592 in
2991 5554 3058 5592 eo
3088 5555 3202 5594 non
3236 5544 3340 5594 est.
3366 5539 3564 5596 Omnis
3583 5541 3682 5614 qui
3703 5541 3765 5597 in
3787 5560 3861 5599 eo

2213 5632 2427 5696 manet,
2461 5644 2574 5682 non
2614 5634 2830 5702 peccat,
2867 5635 2924 5686 et
2962 5633 3150 5687 omnis
3180 5633 3280 5706 qui
3309 5641 3523 5704 peccat,
3560 5651 3673 5689 non
3703 5635 3858 5694 vidit

2214 5737 2369 5792 eum,
2401 5738 2504 5778 nec
2537 5726 2803 5796 cognovit
2828 5743 2980 5782 eum.
3024 5726 3223 5796 Filioli,
3255 5743 3430 5784 nemo
3462 5745 3560 5785 vos
3591 5729 3854 5790 seducat.

2186 5796 2322 5911 ‘Qui
2346 5817 2481 5874 facit
2503 5817 2782 5892 justitiam
2807 5821 2995 5894 justus
3026 5825 3129 5890 est,
3159 5821 3302 5879 sicut
3330 5829 3386 5880 et
3411 5823 3504 5880 ille
3527 5824 3716 5900 justus
3743 5832 3855 5893 est,
