4068 6300
126 358 190 408 65
1353 353 1822 412 DECRETALIUM
1860 356 2242 412 COLLECTIO.
2692 389 2698 398 -
3419 359 3484 414 66

123 461 221 527 Qui
243 461 379 517 facit
405 465 701 533 peccatum
725 477 791 516 ex
814 460 1040 518 diabolo
1063 464 1168 529 est,
1189 461 1460 534 quoniam
1488 463 1557 517 ab
1584 462 1747 517 initio
1771 490 1829 562 Α
1850 463 1936 516 sui
1957 463 2273 518 Conditoris
2294 461 2521 529 amissa,
2544 462 2613 516 ad
2634 460 2943 516 informem
2961 465 3018 516 et
3036 461 3486 517 irrationabilem

123 555 373 610 diabolus
398 559 616 626 peccat.
653 557 713 610 ln
753 555 862 610 hoc
898 555 1163 626 apparuit
1194 555 1364 610 Filius
1391 555 1511 623 Dei,
1540 561 1604 610 ut
1634 556 1746 610 dis-

119 649 289 703 solvat
318 663 492 719 opera
519 648 752 703 diaboli.
788 649 983 703 Omnis
1012 648 1110 720 qui
1147 650 1316 703 natus
1363 651 1450 703 est
1492 664 1556 704 ex
1608 649 1745 717 Deo,

118 746 405 814 peccatum
449 758 564 796 non
607 742 760 811 facit,
793 741 1064 812 quoniam
1114 757 1312 796 semen
1357 741 1533 813 ipsius
1581 741 1639 796 in
1682 758 1749 796 eo

120 839 329 901 manet,
353 837 410 888 et
430 851 544 888 non
566 837 752 905 potest
779 849 1035 905 peccare,
1059 834 1334 906 quoniam
1357 851 1422 888 ex
1438 836 1557 890 Deo
1587 839 1750 889 natus

120 931 220 982 est.
264 929 320 981 ln
363 927 472 981 hoc
511 927 800 982 manifesti
845 931 977 981 sunt
1022 927 1126 981 ﬁlii
1170 927 1266 981 Dei
1298 932 1354 982 et
1380 928 1479 982 filii
1519 926 1746 982 diaboli.

121 1022 314 1076 Omnis
357 1021 452 1092 qui
496 1037 610 1075 non
655 1024 738 1075 est
777 1021 984 1091 justus,
1012 1037 1131 1076 non
1157 1025 1244 1076 est
1285 1038 1356 1075 ex
1391 1022 1540 1088 Deo,
1572 1023 1629 1074 et
1655 1020 1751 1091 qui

119 1131 230 1169 non
259 1115 445 1185 diligit
472 1116 711 1169 fratrem
739 1131 926 1182 suum,
955 1114 1233 1185 quoniam
1263 1115 1384 1169 haec
1416 1119 1500 1168 est
1524 1129 1747 1168 annun-

121 1208 298 1275 tiatio,
332 1223 505 1278 quam
538 1207 772 1262 audistis
809 1207 878 1260 ab
916 1207 1100 1276 initio,
1142 1212 1205 1262 ut
1240 1207 1540 1278 diligamus
1579 1206 1750 1262 alter-

121 1304 332 1368 utrum,
357 1318 471 1355 non
495 1300 639 1355 sicut
661 1301 796 1355 Cain
818 1300 917 1370 qui
942 1317 1008 1354 ex
1029 1299 1282 1372 maligno
1309 1304 1449 1370 erat,
1469 1303 1524 1355 et
1551 1299 1754 1355 occidit

121 1396 354 1449 fratrem
389 1411 578 1463 suum,
602 1395 657 1449 et
682 1396 920 1465 propter
940 1393 1047 1448 hoc
1068 1393 1272 1448 occidit
1295 1410 1448 1462 eum,
1475 1393 1752 1464 quoniam

123 1503 291 1558 opera
311 1487 432 1560 ejus
459 1487 718 1558 maligna
745 1491 923 1554 erant,
949 1487 1141 1542 fratris
1162 1492 1353 1542 autem
1372 1487 1541 1558 justa.
1573 1487 1754 1542 Nolite

121 1581 332 1647 mirari,
353 1581 574 1648 fratres,
597 1580 642 1635 si
671 1580 794 1635 odit
816 1597 916 1634 vos
945 1580 1212 1635 mundus.
1245 1581 1354 1635 Nos
1393 1580 1602 1635 scimus
1623 1596 1756 1652 quo-

121 1675 272 1729 niam
303 1675 556 1730 translati
586 1690 780 1729 sumus
812 1674 882 1728 de
911 1677 1095 1729 morte
1133 1674 1207 1728 ad
1237 1673 1432 1743 vitam,
1467 1673 1600 1745 quia
1629 1673 1753 1727 dili-

122 1768 307 1839 gimus
337 1768 556 1823 fratres.
585 1769 690 1832 Qui
718 1784 835 1822 non
868 1767 1053 1838 diligit
1075 1771 1268 1822 manet
1292 1768 1353 1822 in
1381 1772 1597 1837 morte;
1630 1783 1753 1821 om-

1848 555 2171 625 brutorum,
2180 555 2695 627 jumentorumque
2715 554 3147 610 similitudinem
3164 555 3489 611 delabatur?

1852 649 2205 720 Quapropter
2225 649 2468 720 quisque
2484 649 2817 721 diligentius
2837 649 3099 704 attendat
3122 649 3324 720 primae
3345 665 3483 704 con-

1852 742 2086 798 ditionis
2124 759 2241 796 suae
2281 743 2699 810 excellentiam,
2741 746 2796 797 et
2833 743 3226 798 venerandam
3278 746 3490 797 sancta!

1850 835 2134 890 Trinitatis
2155 835 2214 889 in
2238 835 2420 906 seipso
2447 835 2758 907 imaginem
2781 841 3072 908 agnoscat,
3090 835 3488 906 honoremque

1852 928 2238 983 similitudinis
2259 928 2465 984 divinae
2495 930 2564 984 ad
2584 946 2753 1000 quam
2773 933 2993 985 creatus
3019 932 3105 984 est
3124 928 3486 984 nobilitatem

1851 1038 2098 1090 morum,
2128 1021 2550 1077 exsecutionem
2574 1022 2868 1091 virtutum,
2893 1023 3236 1094 dignitatem
3263 1022 3490 1078 merito—

1852 1131 1982 1170 rum
2011 1115 2223 1171 habere
2249 1115 2579 1183 contendat,
2607 1120 2668 1170 ut
2693 1117 2916 1187 quando
2943 1115 3276 1187 apparuerit
3310 1115 3492 1187 qualis

1854 1209 1944 1275 sit,
1975 1212 2111 1263 tunc
2137 1207 2338 1263 similis
2365 1208 2416 1264 ei
2445 1211 2719 1280 appareat
2748 1208 2846 1280 qui
2875 1224 2933 1262 se
2960 1207 3297 1264 mirabiliter
3320 1207 3392 1264 ad
3415 1209 3491 1262 si-

1853 1301 2233 1357 militudinem
2264 1318 2428 1356 suam
2453 1301 2513 1356 in
2538 1301 2730 1373 primo
2759 1300 2939 1356 Adam
2966 1301 3237 1368 condidit,
3261 1301 3491 1357 mirabi-

1853 1395 2074 1466 liusque
2094 1395 2154 1450 in
2174 1395 2423 1450 secundo
2447 1394 2794 1450 reformavit.
2826 1394 3022 1449 Omnis
3047 1411 3184 1465 ergo
3205 1394 3379 1449 homo
3395 1395 3491 1466 qui

1855 1488 1926 1542 ad
1965 1488 2278 1560 imaginem
2325 1488 2424 1544 Dei
2469 1488 2652 1543 factus
2699 1492 2800 1556 est,
2836 1487 2997 1542 illum
3046 1487 3217 1542 debet
3261 1487 3492 1556 imitari,

1854 1584 2013 1654 cujus
2054 1585 2125 1638 ad
2167 1583 2480 1656 imaginem
2531 1583 2786 1639 conditus
2822 1587 2926 1648 est,
2954 1583 3105 1638 illius
3132 1582 3301 1637 debet
3331 1583 3488 1654 sequi

1853 1677 2114 1747 vestigia,
2144 1678 2242 1749 qui
2272 1694 2403 1732 eum
2437 1678 2510 1733 ad
2535 1677 2848 1748 imaginem
2875 1677 2961 1730 sui
2993 1675 3264 1731 condidit.
3297 1675 3488 1730 Consi-

1855 1770 2078 1824 liarium
2097 1787 2231 1825 vero
2258 1787 2321 1825 ac
2347 1774 2733 1842 protectorem
2765 1770 3066 1826 meliorem
3099 1768 3347 1840 reperire
3372 1785 3490 1824 non

124 1862 208 1916 nis
255 1863 352 1932 qui
397 1861 520 1917 odit
564 1861 798 1916 fratrem
839 1877 1027 1930 suum,
1057 1859 1345 1916 homicida
1378 1864 1482 1916 est.
1513 1862 1577 1915 Et
1603 1860 1755 1914 scitis
1775 1858 1832 1931 B
1854 1863 2082 1935 poterit,
2113 1880 2288 1935 quam
2319 1864 2480 1918 illum
2507 1863 2605 1936 qui
2632 1880 2764 1918 eum
2797 1862 2870 1918 ad
2897 1862 3210 1933 imaginem
3246 1861 3332 1916 sui
3362 1878 3494 1918 con-

122 1956 393 2026 quoniam
413 1954 600 2010 omnis
621 1954 910 2008 homicida
936 1969 1050 2008 non
1070 1954 1248 2008 habet
1271 1954 1448 2008 vitam
1477 1957 1752 2008 teternam

121 2048 177 2102 in
207 2047 517 2119 semetipso
548 2050 898 2102 manentem.
928 2049 988 2103 ln
1024 2048 1132 2103 hoc
1159 2047 1532 2118 cognovimus
1566 2047 1751 2101 chari-

123 2147 290 2197 tatem
323 2141 440 2208 Dei,
473 2141 744 2212 quoniam
787 2141 882 2196 ille
925 2157 1028 2212 pro
1083 2141 1244 2197 nobis
1291 2141 1542 2196 animam
1589 2157 1752 2196 suam

123 2235 331 2307 posuit,
351 2240 407 2290 et
424 2252 530 2290 nos
557 2234 834 2289 debemus
864 2251 966 2305 pro
992 2235 1261 2290 fratribus
1280 2236 1499 2290 animas
1515 2251 1752 2306 ponere.

123 2329 227 2393 Qui
268 2328 531 2384 habuerit
575 2327 947 2383 substantiam
992 2328 1162 2397 hujus
1209 2328 1435 2394 mundi,
1466 2334 1522 2382 et
1550 2327 1756 2383 viderit

122 2423 356 2478 fratrem
403 2437 570 2476 suum
616 2421 1008 2476 necessitatem
1045 2421 1275 2491 habere,
1307 2424 1363 2477 et
1392 2420 1657 2477 clauserit
1681 2421 1757 2474 vi-

123 2532 281 2571 scera
299 2532 404 2570 sua
435 2515 503 2570 ab
525 2531 610 2586 eo,
633 2515 928 2586 quomodo
953 2514 1203 2570 charitas
1229 2515 1324 2570 Dei
1359 2518 1559 2570 manet
1579 2514 1756 2570 ineo?

127 2609 328 2677 Filioli,
352 2626 468 2664 non
486 2609 787 2679 diligamus
809 2609 999 2676 verbo,
1027 2624 1213 2680 neque
1235 2609 1448 2681 lingua,
1469 2608 1570 2664 sed
1589 2624 1756 2679 Opere

124 2708 176 2756 et
204 2701 463 2758 veritate.
494 2704 556 2756 In
586 2702 693 2756 hoc
718 2701 1086 2773 cognovimus
1122 2702 1392 2772 quoniam
1423 2719 1493 2756 ex
1521 2701 1756 2756 veritate

124 2809 342 2865 sum’ns,
371 2799 427 2850 et
455 2796 513 2849 in
541 2799 839 2866 conspectu
880 2795 1002 2866 ejus
1044 2795 1405 2852 suadebimus
1447 2795 1607 2850 cordi
1649 2811 1755 2849 no-

123 2894 257 2957 stro,
291 2888 566 2960 quoniam
617 2889 664 2944 si
711 2887 1152 2961 reprehenderit
1198 2905 1302 2943 nos
1341 2905 1439 2944 cor
1474 2893 1754 2956 nostrum,

125 2983 311 3054 major
350 2987 437 3037 est
466 2983 613 3037 Deus
640 2983 808 3037 corde
837 2987 1050 3049 nostro,
1080 2985 1137 3036 et
1175 2982 1332 3036 novit
1373 2982 1584 3036 omnia.
1612 2982 1757 3036 Cha-

127 3075 353 3143 rissimi,
402 3075 447 3129 si
483 3091 581 3130 cor
602 3079 863 3131 nostrum
902 3092 1018 3130 non
1055 3075 1427 3146 reprehendit
1462 3091 1587 3143 nos,
1619 3075 1759 3129 ﬁdu-

127 3170 267 3224 ciam
303 3168 579 3224 habemus
607 3169 678 3224 ad
711 3170 912 3236 Deum,
935 3172 992 3224 et
1018 3168 1297 3240 quidquid
1317 3168 1650 3240 petierimus
1665 3185 1758 3222 ac-

127 3263 404 3335 cipiemus
429 3262 500 3317 ab
527 3279 619 3333 eo,
649 3262 694 3318 si
717 3262 991 3317 mandata
1019 3262 1141 3333 ejus
1174 3262 1541 3332 custodimus,
1574 3267 1630 3318 et
1671 3279 1756 3328 ea,

128 3374 252 3428 qua:
274 3361 411 3412 sunt
433 3355 635 3428 placita
661 3373 852 3412 coram
896 3372 982 3426 eo,
1007 3355 1265 3411 facimus.
1289 3357 1356 3411 Et
1373 3355 1478 3410 hoc
1498 3359 1583 3411 est
1601 3372 1763 3411 man-

129 3450 329 3506 datum
367 3449 510 3521 ejus,
537 3454 599 3504 ut
639 3450 944 3504 credamus
979 3449 1037 3504 in
1069 3449 1307 3504 nomine
1337 3449 1440 3503 ﬁlii
1469 3449 1590 3521 ejus
1629 3451 1762 3505 Jesu

128 3543 332 3599 Christi
358 3548 417 3598 et
447 3543 753 3614 diligamus
779 3543 1141 3611 alterutrum,
1169 3543 1316 3598 sicut
1341 3542 1495 3598 dedit
1520 3544 1760 3598 manda-

129 3644 248 3692 tum
280 3636 466 3692 nobis.
494 3637 562 3691 Et
599 3637 697 3708 qui
726 3640 911 3691 servat
941 3635 1218 3690 mandata
1244 3635 1385 3706 ejus,
1419 3635 1478 3691 in
1512 3635 1608 3691 illo
1640 3652 1760 3691 ma-

133 3735 246 3799 net,
275 3734 338 3785 et
360 3729 482 3802 ipse
508 3729 568 3783 in
595 3745 681 3797 eo,
710 3734 768 3784 et
800 3729 859 3783 in
903 3730 1007 3784 hoc
1032 3730 1241 3784 scimus
1269 3729 1539 3800 quoniam
1567 3733 1766 3784 manet

133 3825 187 3878 in
201 3823 368 3879 nobis
386 3824 456 3879 de
477 3822 695 3894 Spiritu
717 3839 890 3894 quem
913 3822 1069 3877 dedit
1095 3822 1259 3878 nobis
1288 3822 1331 3893 (1
1355 3826 1512 3878 Joan.
1533 3839 1593 3893 ιι,
1616 3823 1760 3894 24).»

135 3918 196 3970 Et
219 3917 365 3972 sicut
385 3918 529 3972 Deus
548 3917 787 3971 Creator
811 3916 911 3988 qui
926 3917 1224 3971 hominem
1246 3917 1314 3972 ad
1337 3917 1762 3972 similitudinem

137 4027 294 4064 suam
326 4010 560 4079 creavit,
583 4013 670 4064 est
687 4009 952 4075 Charitas,
973 4015 1058 4064 est
1074 4010 1279 4077 bonus,
1302 4010 1508 4081 justus,
1527 4010 1764 4081 patiens,

137 4108 302 4175 atque
341 4103 499 4158 mitis
527 4106 586 4156 et
619 4103 956 4172 misericors,
990 4107 1048 4157 et
1074 4105 1279 4158 caetera
1317 4107 1636 4159 sanctarum
1661 4102 1767 4157 vir-

136 4202 313 4252 tutem
342 4195 611 4268 insignia,
634 4212 764 4267 quae
791 4197 859 4251 de
887 4213 955 4251 eo
986 4197 1276 4267 leguntur,
1307 4197 1385 4252 ita
1417 4197 1588 4252 homo
1618 4213 1768 4252 crea-

1853 1956 2014 2024 didit,
2049 1957 2145 2029 qui
2194 1974 2328 2028 eum
2373 1957 2624 2028 pretioso
2675 1956 2952 2029 sanguine
2999 1973 3101 2012 suo
3147 1955 3412 2024 redemit,
3443 1961 3497 2010 et

1851 2053 2087 2122 propter
2110 2067 2241 2106 eum
2271 2051 2446 2106 homo
2473 2050 2597 2105 ﬁeri
2646 2067 2758 2105 non
2798 2055 2880 2104 est
2905 2049 3247 2122 dedignatus
3272 2065 3284 2103 :
3316 2065 3486 2120 quem

1853 2144 2048 2214 procul
2099 2144 2272 2198 dubio
2315 2143 2563 2199 inveniet
2596 2144 2640 2198 si
2673 2143 2730 2198 in
2759 2160 2889 2198 eum
2917 2146 3095 2198 totam
3128 2159 3286 2214 spem
3328 2143 3490 2213 juxta

1853 2237 2166 2292 Psalmistaa
2210 2253 2405 2292 vocem
2454 2237 2786 2308 projecerit;
2842 2237 2920 2291 ait
2963 2252 3234 2308 namque,
3276 2235 3492 2307 projice

1860 2351 1887 2379 ‹‹
1914 2347 2084 2402 super
2110 2331 2414 2385 Dominum
2441 2347 2634 2386 curam
2663 2334 2845 2400 tuam,
2881 2333 2934 2385 et
2959 2331 3078 2402 ipse
3125 2334 3178 2384 te
3223 2329 3490 2397 enutriet,

1854 2439 1961 2479 nec
1990 2423 2148 2478 dabit
2175 2424 2232 2478 in
2257 2428 2537 2479 aeternum
2568 2424 2992 2479 ﬂuctuationem
3012 2423 3169 2494 justo
3192 2421 3357 2492 (Psal.
3381 2439 3488 2490 Liv,

1856 2519 1962 2587 23).
1989 2539 2013 2565 n
2041 2517 2239 2571 Omnis
2274 2518 2429 2572 enim
2459 2517 2629 2571 homo
2651 2518 2710 2570 in
2737 2533 2836 2570 sua
2862 2532 3032 2570 causa
3061 2515 3418 2582 deficiens,et
3434 2515 3493 2568 in

1857 2610 1971 2665 suis
1989 2609 2256 2665 haesitans
2279 2609 2527 2665 consiliis
2544 2609 2750 2681 quaerit
2766 2609 2872 2663 sibi
2895 2609 3143 2663 amicum
3165 2608 3416 2678 ﬁdelem,
3431 2607 3492 2663 in

1856 2703 2015 2774 cujus
2044 2703 2289 2758 consiliis
2316 2703 2584 2771 conﬁdat,
2617 2703 2714 2774 qui
2745 2702 2804 2757 in
2834 2701 2948 2757 suis
2979 2701 3290 2768 difﬁdebat,
3325 2703 3382 2755 et
3415 2705 3493 2757 ta-

1858 2798 1968 2851 lem
1995 2795 2261 2851 ﬁduciam
2290 2796 2459 2851 habet
2502 2796 2558 2850 in
2608 2796 2721 2862 illo,
2755 2798 2817 2849 ut
2858 2811 3026 2849 omne
3079 2797 3360 2850 secretum
3405 2793 3490 2849 sui

1856 2890 2099 2960 pectoris
2127 2889 2180 2945 ei
2204 2889 2419 2960 pandat
2445 2894 2500 2944 et
2531 2889 2769 2960 aperiat.

1928 2982 2073 3048 Quid
2103 2982 2322 3037 dulcius
2353 2986 2437 3036 est
2465 2996 2639 3053 quam
2671 2985 2733 3035 ut
2762 2980 2969 3036 habeas
3006 2981 3169 3036 illum
3203 2997 3334 3036 cum
3382 2997 3494 3054 quo

1860 3077 2052 3131 omnia
2074 3077 2252 3147 possis
2275 3076 2428 3147 loqui
2458 3079 2524 3131 ut
2546 3080 2737 3130 tecum
2756 3074 2784 3130 ‘?
2807 3075 2860 3130 Si
2882 3074 2991 3130 ista
3013 3091 3141 3130 cum
3161 3074 3495 3132 hominibus

1859 3170 2023 3240 ﬁunt,
2052 3173 2265 3241 quanto
2298 3169 2482 3241 magis
2506 3186 2636 3224 cum
2662 3169 2776 3223 Deo
2799 3169 2904 3223 hoc
2941 3172 3026 3223 est
3056 3169 3365 3242 agendpm,
3395 3169 3493 3242 qui

1862 3186 2023 3240 nunt,
2052 3186 2265 3241 quanto
2298 3186 2482 3241 magis
2506 3186 2636 3224 cum
2662 3186 2776 3223 ueo
2799 3186 2904 3223 noc
2941 3186 3026 3223 εει
3056 3186 3244 3241 agenu
3287 3186 3365 3236 m,
3395 3186 3493 3242 qui

1862 3280 2062 3319 omnes
2089 3264 2208 3319 vult
2232 3264 2415 3318 salvos
2440 3263 2563 3318 ﬁeri
2589 3267 2644 3318 et
2669 3261 2964 3317 neminem
2991 3261 3178 3334 perire
3195 3262 3222 3316 ‘?
3238 3186 3418 3352 Flam,
3450 3263 3495 3317 si

1862 3357 2137 3412 veraciter
2161 3358 2342 3412 Deum
2373 3355 2679 3424 credimus,
2713 3371 2959 3427 eumque
2993 3355 3285 3426 diligimus
3313 3361 3380 3411 ut
3404 3356 3497 3411 de-

1860 3450 2084 3520 bemus,
2110 3455 2166 3506 et
2192 3449 2480 3522 proximos
2508 3450 2653 3504 sicut
2680 3448 3072 3520 nosmetipsos,
3109 3448 3167 3502 in
3199 3465 3330 3502 eum
3357 3464 3494 3520 quo-

1862 3559 1973 3615 que
2000 3546 2178 3598 totam
2203 3559 2362 3614 spem
2388 3542 2796 3614 projecerimus
2813 3546 3092 3608 nostram,
3116 3541 3236 3611 ipse
3264 3557 3364 3595 nos
3392 3543 3498 3596 eri-

1863 3637 1984 3709 piet
2011 3643 2068 3692 et
2109 3635 2512 3702 consolabitur.
2547 3637 2632 3702 Et,
2667 3635 2810 3689 sicut
2852 3649 2958 3706 per
3003 3633 3274 3705 angelum
3323 3650 3493 3688 suum

1864 3730 2120 3786 Habacuc
2142 3730 2483 3802 prophetam
2518 3744 2647 3784 cum
2692 3727 2932 3800 prandio
2966 3727 3024 3782 in
3052 3727 3233 3782 lacum
3264 3727 3496 3783 leonum

1863 3824 1935 3879 ad
1963 3823 2253 3879 Danielem
2278 3826 2466 3878 vatem
2511 3821 2682 3888 misit,
2711 3826 2770 3876 et
2813 3820 3165 3893 Philippum,
3208 3837 3386 3876 unum
3425 3821 3495 3876 de

1865 3921 2083 3990 septem
2128 3916 2477 3986 diaconibus,
2505 3916 2576 3971 ad
2616 3915 2977 3983 Eunuchum,
3008 3915 3086 3969 ita
3133 3915 3288 3970 dabit
3333 3915 3500 3971 nobis

1866 4011 2316 4066 consolationem
2345 4015 2402 4065 et
2426 4009 2841 4065 liberationem.
2873 4010 3001 4063 Haec
3031 4008 3347 4080 sectamini,
3371 4009 3502 4064 cha-

1867 4104 2093 4172 rissimi,
2127 4108 2184 4159 et
2217 4103 2358 4158 nulli
2389 4119 2643 4174 unquam
2671 4105 2891 4158 nocete.
2927 4103 3151 4158 Fratres
3176 4102 3328 4173 estis,
3356 4101 3498 4156 invi-

1869 4213 1990 4254 cem
2020 4215 2117 4252 vos
2146 4196 2365 4268 diligite
2402 4201 2468 4251 ut
2497 4197 2613 4251 veri
2662 4196 2763 4251 Dei
2807 4195 3061 4267 discipuli
3106 4196 3251 4251 efﬁci
3292 4211 3502 4252 merea-

135 4294 220 4345 tus
255 4296 364 4357 est,
411 4296 475 4345 ut
519 4289 856 4345 charitatem
899 4289 1153 4359 haberet,
1196 4294 1260 4345 ut
1297 4290 1478 4346 bonus
1519 4295 1669 4346 esset
1713 4294 1769 4346 et
1869 4291 2029 4346 mini.
2060 4292 2202 4346 Nam
2228 4291 2326 4362 qui
2356 4289 2591 4345 rancida
2620 4289 2794 4345 corda
2823 4289 3072 4344 virorum
3113 4289 3310 4358 inﬁcit,
3344 4289 3504 4345 mali-

130 4383 334 4454 justus,
352 4387 420 4438 ut
445 4383 669 4455 patiens
695 4389 866 4455 atque
888 4383 1060 4451 mitis,
1082 4384 1350 4454 mundus,
1373 4388 1428 4439 et
1450 4385 1768 4440 misericors
1867 4385 2008 4439 tiam
2044 4385 2198 4438 inter
2226 4384 2490 4438 homines
2512 4383 2748 4454 spargit,
2778 4388 2834 4438 et
2864 4383 2961 4454 qui
2993 4383 3241 4438 detrahit
3265 4384 3502 4438 fratrem

137 4478 301 4532 foret.
337 4479 490 4542 Quas
529 4476 770 4532 virtutes
801 4482 1016 4548 quanto
1052 4477 1178 4548 plus
1209 4477 1450 4549 quisque
1481 4478 1539 4533 in
1583 4479 1769 4550 seipso
1870 4493 2059 4543 suum,
2092 4477 2184 4532 hic
2226 4477 2510 4531 homicida
2550 4483 2652 4532 est.
2683 4477 2750 4530 Et
2799 4477 2895 4548 qui
2939 4476 3235 4530 abstulerit
3280 4475 3499 4547 aliquid

141 4569 326 4638 habet,
359 4573 522 4624 tanto
573 4570 808 4640 propior
851 4572 937 4623 est
981 4569 1094 4625 Deo
1143 4573 1200 4625 et
1241 4570 1424 4640 major
1461 4575 1566 4641 est,
1589 4587 1652 4625 ac
1683 4569 2015 4670 suiDpatri
2053 4572 2137 4625 vel
2183 4571 2377 4640 matri,
2413 4570 2658 4642 dicitque
2703 4570 2810 4624 hoc
2849 4573 3146 4640 peccatum
3194 4586 3310 4623 non
3356 4585 3497 4635 esse,

138 4664 462 4718 Conditoris
488 4664 637 4734 gerit
666 4661 1120 4719 similitudinem.
1153 4663 1209 4718 Si
1239 4679 1371 4718 vero
1401 4665 1571 4735 (quod
1602 4665 1766 4735 absit)
1787 4661 1837 4670 ”
1869 4664 2165 4720 homicidae
2183 4663 2469 4736 particeps
2491 4667 2592 4718 est.
2613 4664 2781 4716 Pater
2796 4667 2990 4716 noster
3006 4662 3125 4716 sine
3153 4661 3324 4715 dubio
3357 4661 3499 4716 Deus

139 4756 340 4828 aliquis
367 4773 476 4828 per
502 4755 665 4811 devia
688 4756 957 4811 vitiorum
997 4761 1054 4811 et
1088 4756 1330 4812 divortia
1367 4758 1670 4812 criminum
1699 4759 1769 4813 ab
1871 4763 1972 4827 est,
2016 4757 2112 4830 qui
2162 4773 2266 4811 nos
2313 4756 2552 4820 creavit;
2601 4759 2786 4809 mater
2825 4758 3015 4814 nostra
3056 4770 3189 4808 vero
3234 4753 3499 4823 Ecclesia,

138 4849 241 4904 hac
270 4850 628 4906 nobilissima
658 4849 743 4904 sui
768 4849 1082 4905 Conditoris
1110 4850 1476 4906 similitudine
1525 4852 1772 4923 degener
1870 4869 1999 4924 quae
2027 4868 2128 4908 nos
2153 4852 2211 4905 in
2242 4849 2524 4922 baptismo
2554 4847 2924 4922 spiritualiter
2950 4847 3328 4919 regeneravit.
3351 4849 3501 4920 Ergo

138 4943 380 5012 aberrat,
409 4949 547 4998 tunc
578 4943 679 4998 ﬁet
705 4943 775 4998 de
797 4959 864 4998 eo
891 4943 1047 5014 quod
1077 4943 1350 5016 scriptum
1385 4949 1508 4999 est:
1543 4947 1772 5000 «Homo
1871 4947 1970 5019 qui
2013 4945 2218 5002 Christi
2262 4943 2533 5016 pecunias
2575 4947 2631 4998 et
2670 4941 2929 4998 Ecclesiae
2975 4940 3143 5011 rapit,
3180 4942 3386 5009 aufert,
3414 4943 3501 4996 vel

140 5054 266 5091 cum
304 5038 365 5092 in
396 5038 614 5092 honore
649 5041 792 5092 esset
824 5052 940 5092 non
974 5035 1272 5108 intellexit,
1300 5044 1661 5109 comparatus
1692 5041 1773 5094 est
1871 5041 2119 5109 fraudat,
2138 5039 2422 5094 homicida
2453 5043 2554 5104 est,
2574 5042 2744 5108 atque
2776 5035 3058 5090 homicida
3095 5039 3225 5090 ante
3267 5052 3500 5108 conspe-

133 5130 410 5200 jumentis
433 5129 857 5202 insipientibus,
878 5136 935 5186 et
955 5130 1154 5184 similis
1172 5131 1354 5185 factus
1373 5137 1458 5187 est
1476 5132 1586 5186 illis
1607 5133 1771 5204 (Psal.
1874 5138 2031 5189 ctum
2058 5133 2195 5205 justi
2226 5132 2434 5189 Judicis
2465 5148 2586 5186 esse
2617 5129 3007 5202 deputabitur;
3041 5128 3138 5200 qui
3165 5129 3316 5201 rapit
3342 5145 3506 5201 pecu-

140 5240 320 5293 xum,
353 5225 465 5298 21).
501 5246 530 5274 ››
562 5222 702 5288 Quis
733 5223 917 5295 major
953 5224 1137 5278 honor
1177 5226 1365 5295 potuit
1397 5226 1615 5281 homini
1656 5242 1775 5282 esse
1873 5228 2028 5284 niam
2059 5225 2302 5298 proximi
2331 5225 2435 5292 sui,
2469 5224 2830 5296 iniquitatem
2856 5225 3145 5295 Operatur,
3176 5223 3277 5294 qui
3314 5227 3506 5279 autem

141 5334 308 5388 quam
332 5322 406 5374 ut
437 5317 514 5372 ad
545 5316 922 5372 similitudem
962 5318 1048 5372 sui
1089 5317 1318 5373 factoris
1352 5320 1692 5375 conderetur
1719 5323 1777 5374 et
1875 5321 2172 5394 pecuniam
2221 5319 2306 5374 vel
2349 5335 2438 5374 res
2481 5316 2742 5372 Ecclesiae
2787 5315 3101 5385 abstulerit,
3147 5315 3510 5388 sacrilegium

140 5411 348 5492 eisdem
390 5412 692 5466 virtutum.
713 5410 1065 5466 vestimentis
1107 5417 1428 5482 ornaretur,
1468 5413 1676 5484 quibus
1720 5417 1777 5467 et
1875 5409 2371 5492 facit.\Privilegia
2414 5411 2566 5466 enim
2613 5409 2993 5465 Ecclesiarum
3050 5415 3106 5466 et
3160 5411 3509 5466 sacerdotum

138 5506 448 5561 Conditor?
479 5504 553 5560 de
580 5520 696 5576 quo
722 5503 934 5576 legitur
961 5521 974 5559 :
1013 5526 1040 5555 ς(
1075 5505 1353 5560 Dominus
1381 5506 1662 5577 regnavit,
1686 5507 1779 5563 de-
1877 5503 2324 5578 sancti'apostoli
2345 5505 2508 5576 jussu
2540 5503 2840 5559 Salvatoris
2870 5503 3208 5559 intemerata
3243 5508 3300 5559 et
3327 5505 3507 5560 invio-

140 5615 324 5655 corem
371 5599 618 5655 indutus
661 5602 748 5652 est
784 5598 950 5668 (Psal.
983 5615 1108 5665 xcn,
1143 5600 1211 5670 1),
1243 5621 1270 5650 ››
1303 5599 1360 5656 id
1385 5603 1485 5671 est,
1517 5601 1776 5656 omnium
1879 5605 1993 5658 lata
2010 5601 2274 5656 omnibus
2297 5598 2676 5653 decreverunt
2694 5611 2928 5652 manere
2943 5598 3508 5670 temporibus.Leges

141 5692 414 5749 virtutum
448 5691 757 5765 splendore
779 5695 838 5747 et
875 5691 1050 5746 totius
1080 5691 1356 5748 bonitatis
1381 5695 1582 5750 decore
1606 5711 1776 5750 orna-
1879 5694 2141 5751 Ecclesiae
2183 5691 2486 5765 apostolica
2529 5691 2830 5746 ﬁrmamus
2868 5691 3197 5747 auctoritate
3241 5695 3296 5746 et
3344 5706 3507 5762 pere-

144 5791 244 5853 tus,
269 5789 381 5855 vel,
401 5784 564 5859 quod
592 5783 783 5856 majus
806 5783 1025 5840 homini
1053 5786 1241 5857 potest
1269 5803 1390 5842 esse
1421 5785 1663 5844 dedecus
1683 5793 1780 5844 aut
1883 5789 2048 5862 grina
2081 5786 2296 5860 judicia
2324 5785 2751 5855 submovemus,
2780 5785 2932 5840 unde
2963 5787 3019 5840 et
3058 5782 3329 5839 Dominus
3357 5799 3513 5839 men-

149 5878 420 5938 infelicior
445 5877 711 5948 miseria,
745 5893 919 5948 quam
949 5881 1013 5932 ut
1051 5878 1158 5934 hac
1191 5879 1571 5937 similitudinis
1597 5883 1781 5952 gloria
1882 5883 2096 5939 tionem
2123 5881 2340 5937 faciens
2370 5881 2510 5936 Loth
2551 5896 2657 5954 per
2686 5880 2907 5952 Moysen
2955 5876 3224 5949 loquitur,
3269 5875 3461 5931 dicens
3493 5891 3510 5940 ξ

551 5977 831 6044 ΡΑτιηοιι.
880 5975 1105 6044 CXXX.

3079 5977 3113 6041 3
