4068 6368
519 330 583 381 67
1307 283 1319 300 ⁸
1410 322 1688 379 APPEND.
1731 321 1816 376 Al)
1854 322 2016 378 SASC.
2061 323 2145 376 IX.
2172 351 2238 360 —
2277 323 2522 379 lSlDORl
2565 323 2987 379 MERCATOBIS
3813 322 3880 373 68

523 456 550 484 ‹‹
575 436 868 505 Ingressus
919 449 978 486 es
1009 431 1257 504 (quidam
1303 431 1589 503 inquiunt)
1627 434 1687 484 ut
1729 431 1966 500 advena,
2002 447 2146 484 nun-
2167 445 2226 517 Α
2248 449 2417 488 carne
2435 432 2816 501 ambulantes,
2838 449 2954 485 non
2973 431 3289 485 secundum
3305 444 3534 484 carnem
3549 429 3880 483 militamus.

517 527 653 598 quid
702 529 764 582 ut
799 525 1066 598 judices?
1113 526 1263 597 (Gen.
1302 542 1408 593 x1x,
1440 527 1509 595 9.)
1543 546 1569 573 ››
1603 525 1967 596 Unaquaeque
2008 541 2142 596 pro-

516 619 697 673 vincia
726 623 844 673 tam
882 620 1047 690 juxta
1089 618 1486 673 ecclesiasticas
1529 634 1706 689 quam
1744 618 1913 688 juxta
1963 618 2148 672 saeculi

516 713 674 783 leges
699 729 829 767 suos
844 713 1014 767 debet
1031 713 1217 784 justos
1237 717 1292 766 et
1309 728 1421 765 non
1435 711 1662 782 iniquos
1677 711 1890 765 habere
1905 711 2144 782 judices,

519 812 574 861 et
603 823 719 860 non
750 809 1032 874 externos,
1069 806 1172 860 nisi
1204 805 1522 876 apostolicae
1553 804 1712 859 Sedis
1756 804 1925 875 hujus
1962 804 2147 859 decre-

516 899 663 953 verit
686 899 1008 968 auctoritas,
1034 903 1312 969 quatenus
1332 899 1662 970 quicunque
1689 914 1918 952 causam
1934 898 2144 953 habue-

518 992 592 1046 rit
639 992 792 1063 apud
835 1009 965 1045 suos
1001 991 1226 1061 judices
1264 991 1574 1063 judicetur,
1610 995 1666 1046 et
1692 1008 1806 1045 non
1830 991 1901 1044 ad
1931 991 2148 1045 alienos

519 1103 685 1139 causa
709 1084 952 1155 vagandi
978 1084 1305 1140 stimulante
1331 1089 1564 1156 propter
1584 1101 1750 1138 suam
1776 1083 1950 1138 vitam
1968 1085 2150 1156 despi-

517 1179 667 1234 ciens
709 1177 955 1248 patriam
987 1180 1260 1232 transeat.
1305 1177 1416 1233 Sed
1447 1178 1519 1232 ad
1547 1177 1848 1232 duodecim
1891 1178 2146 1248 ejusdem

512 1271 820 1344 provincia:
833 1271 1076 1342 judices,
1095 1271 1168 1325 ad
1191 1287 1437 1343 quorum
1446 1270 1728 1341 judicium
1747 1287 1946 1325 omnes
1963 1287 2146 1325 causa:

512 1365 805 1419 civitatum
831 1364 1182 1432 referuntur,
1210 1363 1498 1420 deferatur
1523 1364 1838 1436 negotium.
1869 1364 1926 1419 Si
1957 1369 2149 1418 autem

511 1458 685 1513 fuerit
726 1457 1140 1513 ecclesiasticus
1193 1458 1346 1529 apud
1395 1457 1708 1528 episcopos,
1738 1457 2147 1512 interveniente

513 1551 780 1623 primate,
806 1550 1084 1623 siquidem
1109 1551 1297 1621 major
1317 1567 1482 1605 causa
1505 1551 1705 1619 fuerit;
1727 1551 1769 1604 si
1796 1567 1930 1605 vero
1958 1550 2150 1606 minor

512 1644 982 1716 metropolitano;
1007 1643 1052 1698 si
1067 1660 1196 1699 vero
1221 1644 1393 1699 fuerit
1412 1644 1703 1714 saeculare,
1718 1644 1871 1714 apud
1893 1644 2147 1715 ejusdem

516 1739 732 1793 ordinis
758 1738 905 1792 viros
928 1737 1141 1808 judicio
1168 1742 1288 1793 tam
1317 1737 1733 1809 episcoporum,
1758 1754 1889 1792 cum
1912 1739 2148 1808 Aposto-

2245 528 2417 580 Arma
2447 525 2600 581 enim
2632 525 2854 580 militia:
2879 529 3107 592 nostrae,
3128 541 3242 579 non
3264 523 3530 591 carnalia,
3555 523 3650 577 sed
3675 525 3884 594 poten-

2247 619 2327 673 tia
2355 621 2463 674 Deo
2494 621 2563 674 ad
2592 619 3040 672 destructionem
3079 618 3469 672 munitionum
3510 617 3744 671 consilia
3786 617 3885 670 de-

2248 716 2530 768 struentes
2556 717 2610 768 et
2635 729 2866 767 omnem
2895 712 3291 766 exaltationem
3318 711 3677 767 extollentem
3702 726 3758 765 se
3790 710 3884 764 ad-

2246 823 2440 860 versus
2479 805 2772 860 scientiam
2801 805 2922 873 Dei,
2956 806 3094 860 etin
3129 804 3510 877 captivitatem
3553 804 3884 875 redigentes

2247 917 2478 954 omnem
2505 900 2934 970 cogitationem,
2963 899 3020 953 in
3051 899 3386 970 obsequium
3415 899 3639 955 Christo
3667 898 3879 968 perdu-

2248 997 2438 1048 centes
2465 994 2541 1065 (II
2563 995 2681 1050 Cor.
2713 1009 2766 1059 x,
2801 992 2875 1063 3).
2908 1014 2933 1041 ››
2965 1015 2991 1040 α
3022 993 3100 1046 De
3132 997 3356 1060 caetero,
3397 993 3619 1059 fratres,
3659 991 3886 1045 confor-

2247 1086 2454 1141 tamini
2495 1087 2554 1140 in
2592 1086 2834 1140 Domino
2878 1090 2931 1140 et
2971 1086 3028 1139 in
3067 1085 3325 1156 potentia
3368 1084 3715 1140 fortitudinis
3761 1084 3884 1155 ejus

2249 1181 2460 1250 (Ephes.
2511 1197 2586 1246 γι,
2639 1180 2745 1250 10),
2791 1199 2817 1229 ››
2867 1185 2926 1233 ut
2969 1196 3076 1250 pax
3121 1178 3275 1233 vobis
3315 1179 3495 1233 multa
3537 1183 3593 1233 et
3631 1177 3813 1249 gratia
3851 1196 3884 1230 a

2250 1275 2365 1327 Deo
2414 1277 2471 1326 et
2516 1273 2750 1326 Domino
2797 1275 2989 1326 nostro
3035 1273 3166 1326 Jesu
3223 1271 3444 1328 Christo
3502 1271 3891 1340 ministretur.

2248 1365 2658 1437 Amplectimur
2669 1371 2723 1420 et
2740 1365 3070 1419 osculamur
3085 1382 3147 1420 ac
3161 1365 3208 1418 si
3223 1370 3534 1436 praesentes
3549 1363 3885 1419 charitatem

2247 1465 2491 1515 vestram
2541 1459 2601 1514 in
2653 1459 2868 1514 unitate
2927 1447 3176 1530 spiritus,
3224 1458 3282 1512 in
3329 1459 3553 1513 vinculo
3607 1457 3781 1529 pacis,
3830 1462 3884 1512 et

2248 1554 2536 1608 charitatis
2579 1553 2804 1608 Christi.
2853 1575 2881 1601 «
2918 1554 3155 1623 Propter
3196 1552 3369 1624 quod,
3409 1551 3745 1620 charissimi,
3791 1569 3888 1606 ex-

2249 1649 2585 1718 spectantes,
2611 1645 2850 1716 satagite
2879 1645 3237 1700 immaculati
3266 1649 3322 1699 et
3354 1644 3603 1699 inviolati
3643 1644 3885 1700 inveniri

2248 1739 2307 1793 in
2337 1756 2493 1810 pace,
2529 1743 2586 1792 et
2617 1738 2842 1792 Domini
2889 1739 3066 1792 nostri
3107 1737 3602 1810 longanimitatem
3644 1739 3888 1792 salutem

511 1832 602 1887 lus
625 1832 975 1903 privatorum
995 1830 1446 1886 Christianorum
1467 1847 1658 1885 causas
1683 1830 1870 1902 magis
1891 1830 2149 1885 Ecclesiis
2168 1817 2226 1888 Β
2251 1832 2629 1887 arbitramini.
2658 1831 2815 1887 Sicut
2851 1836 2908 1886 ct
2936 1832 3300 1886 charissimus
3343 1837 3539 1887 noster
3575 1833 3780 1885 Paulus
3807 1848 3889 1886 se-

512 1925 747 1996 deferri,
781 1928 836 1980 et
861 1924 1072 1980 ibidem
1100 1924 1439 1979 sacerdotali
1472 1923 1688 1994 judicio
1723 1923 2021 1978 terminari
2050 1941 2145 1979 vo-

510 2019 632 2073 luit.
668 2018 867 2072 Omnis
911 2019 1064 2072 enim
1121 2035 1418 2089 oppressus
1466 2018 1643 2073 libere
1688 2017 2064 2084 sacerdotum,
2103 2017 2150 2071 si

511 2112 768 2182 voluerit,
803 2111 1053 2184 appellet
1089 2111 1378 2182 judicium
1421 2115 1476 2166 et
1504 2129 1537 2166 a
1566 2112 1722 2166 nullo
1756 2111 2145 2182 prohibeatur,

513 2207 612 2261 sed
641 2207 712 2260 ab
744 2206 832 2260 his
860 2205 1126 2260 fulciatur
1155 2207 1209 2260 et
1251 2205 1545 2260 liberetur.
1577 2205 1635 2260 Si
1666 2208 1856 2260 autem
1891 2205 2148 2258 difﬁciles

512 2317 694 2354 causa:
723 2305 822 2355 aut
849 2299 1067 2371 majora
1101 2299 1334 2370 negotia
1360 2304 1483 2354 orta
1512 2299 1744 2362 fuerint,
1772 2299 1842 2352 ad
1870 2299 2146 2368 majorem

512 2393 712 2448 sedem
742 2393 1083 2461 referantur,
1115 2397 1170 2447 et
1198 2393 1241 2447 si
1272 2392 1381 2447 illic
1420 2392 1584 2448 facile
1625 2392 1870 2446 discerni
1910 2409 2022 2447 non
2052 2409 2149 2464 po-

513 2487 730 2542 tuerint
758 2491 855 2541 aut
884 2487 1038 2558 juste
1079 2485 1394 2556 terminari,
1426 2486 1524 2540 ubi
1565 2485 1741 2540 fuerit
1788 2502 2144 2540 summorum

512 2584 860 2653 congregata
888 2580 1279 2652 congregatio,
1302 2596 1430 2652 quae
1451 2596 1554 2651 per
1585 2579 1838 2650 singulos
1867 2596 2046 2634 annos
2061 2579 2147 2633 bis

509 2674 634 2730 ﬁeri
657 2675 802 2729 solet
827 2677 885 2727 et
913 2674 1102 2743 debet,
1123 2674 1274 2745 juste
1313 2676 1371 2728 et
1411 2673 1526 2727 Deo
1566 2673 1769 2745 placite
1809 2690 2005 2728 coram
2042 2690 2141 2744 pa-

511 2768 762 2822 triarcha
782 2771 880 2821 aut
909 2767 1151 2838 primate
1183 2766 1562 2823 ecclesiastico
1587 2769 1644 2821 et
1673 2783 1864 2821 coram
1905 2765 2144 2837 patricio

513 2860 766 2915 saeculari
802 2859 1127 2931 judicentur
1165 2860 1398 2931 negotia
1445 2859 1505 2914 in
1543 2876 1873 2915 commune.
1906 2859 2070 2922 Quod
2101 2859 2146 2913 si

513 2953 860 3010 difﬁciliores
881 2958 1016 3008 ortae
1036 2944 1250 3009 fuerint
1265 2953 1608 3024 quaestiones
1630 2959 1728 3008 aut
1743 2953 2145 3024 epiSCOporum

513 3049 596 3102 vel
627 3048 909 3120 majorum
940 3047 1156 3119 judicia
1182 3053 1280 3102 aut
1309 3037 1558 3119 majores
1587 3063 1770 3101 causae
1797 3045 2032 3116 fuerint,
2072 3046 2144 3100 ad

513 3141 723 3197 Sedem
749 3141 1137 3214 apostolicam,
1153 3141 1198 3195 si
1219 3142 1566 3212 appellatum
1586 3140 1780 3210 fuerit,
1806 3141 2143 3208 referantur,
2167 3184 2221 3258 C

521 3237 774 3258 .___-_1-_.
811 3234 1041 3258 ‘..,._1,.'|:
1072 3235 1178 3258 ιιι.
1209 3237 1529 3258 -ι..ι.-,.....--ι
1551 3233 1799 3258 ζηηηεηκιι
1822 3233 2120 3258 Cain—“Inui,

513 3237 781 3308 quoniam
807 3234 1045 3307 apostoli
1072 3235 1181 3289 hoc
1208 3237 1532 3288 statuerunt
1544 3233 1801 3305 jussione
1822 3233 2144 3301 Salvatoris,

514 3335 574 3386 ut
599 3331 849 3402 majores
875 3333 931 3384 et
954 3328 1209 3383 difﬁciles
1230 3327 1575 3399 quaestiones
1602 3343 1833 3398 semper
1851 3329 1920 3382 ad
1943 3328 2146 3382 Sedem

514 3423 847 3478 deferantur
872 3421 1263 3494 apostolicam,
1298 3436 1468 3491 super
1510 3437 1681 3490 quam
1724 3420 1978 3476 Christus
2019 3421 2144 3475 uni-

513 3534 733 3574 versam
767 3515 1077 3572 construxit
1103 3512 1432 3581 Ecclesiam,
1447 3512 1669 3569 dicente
1690 3515 1814 3586 ipso
1836 3515 1906 3569 ad
1917 3513 2146 3569 beatum

511 3611 827 3685 principem
873 3609 1267 3682 apostolorum
1309 3608 1585 3662 Petrum:
1629 3629 1656 3657 «
1699 3610 1778 3663 Tu
1820 3624 1876 3663 es
1922 3608 2141 3680 (inquit)

509 3708 728 3776 Petrus,
761 3708 820 3758 et
861 3720 1031 3774 super
1061 3703 1208 3756 hanc
1251 3705 1476 3772 petram
1517 3700 1806 3756 aediﬁcabo
1851 3703 2147 3757 ecclesiam

512 3813 702 3852 meam
729 3797 942 3867 (Matth.
970 3811 1079 3862 XVI,
1117 3794 1224 3864 18),
1245 3815 1272 3843 »
1289 3796 1345 3848 et
1368 3793 1607 3865 reliqua.
1639 3794 1723 3849 Sit
1742 3810 1897 3865 ergo,
1922 3796 2144 3863 fratres,

510 3889 832 3951 constantia
859 3893 1049 3942 nostra
1076 3887 1343 3942 adversus
1385 3886 1782 3942 contentiones
1824 3904 2024 3943 eorum
2050 3889 2147 3960 qui

512 3985 746 4039 adversa
777 3981 1006 4054 sapiunt
1031 3985 1088 4036 et
1112 3996 1228 4035 non
1259 3996 1386 4052 quae
1416 3981 1517 4036 Dei
1543 3985 1675 4036 sunt
1703 3981 1952 4051 sapiunt,
1968 3986 2024 4036 et
2039 3982 2148 4036 erit

513 4077 713 4132 fortior
740 4078 903 4147 petra
940 4073 1257 4129 constantia
1296 4077 1506 4140 nostra,
1541 4073 1684 4128 sicut
1725 4073 1998 4144 scriptum
2043 4077 2144 4143 est,

515 4187 587 4226 ne
613 4168 918 4228 timueritis
943 4168 1014 4222 ab
1035 4168 1136 4236 eis,
1160 4184 1346 4238 neque
1375 4166 1702 4222 terreamini
1732 4167 1920 4222 afacie
1947 4184 2148 4223 eorum

515 4264 612 4336 qui
649 4278 855 4334 corpus
901 4261 1183 4328 occidunt,
1220 4260 1470 4315 animam
1514 4264 1706 4314 autem
1750 4277 1869 4315 non
1911 4266 2148 4332 possunt

516 4356 789 4412 occidere.
826 4355 988 4418 Quod
1017 4358 1208 4409 autem
1236 4355 1297 4409 in
1323 4370 1460 4409 aure
1502 4353 1727 4422 auditis,
1761 4353 2061 4425 praedicate
2086 4355 2146 4410 in

515 4450 750 4519 lumine,
773 4448 938 4503 illum
955 4448 1222 4504 timentes
1251 4447 1348 4520 qui
1368 4449 1554 4519 potest
1570 4447 1826 4502 animam
1856 4451 1915 4503 et
1942 4465 2145 4521 corpus

513 4543 787 4612 occidere,
817 4547 872 4600 et
897 4543 1127 4599 mittere
1155 4542 1213 4597 in
1241 4542 1586 4614 gehennam.
1622 4542 1842 4599 Fratres
1866 4543 2001 4612 mei,
2028 4564 2055 4592 ‹‹
2083 4543 2145 4597 in

2250 1927 2499 1982 cundum
2540 1926 2735 1979 datam
2775 1925 2880 1979 sibi
2929 1926 3266 1997 sapientiam
3296 1925 3519 1996 scripsit
3543 1924 3696 1980 vobis
3740 1925 3891 1979 sicut

2249 2024 2305 2076 et
2330 2020 2389 2074 in
2420 2019 2683 2074 omnibus
2708 2019 2960 2090 epistolis
2988 2019 3230 2090 loquens
3257 2019 3313 2072 in
3342 2019 3421 2074 eis
3447 2019 3518 2072 de
3544 2019 3650 2086 his,
3675 2018 3733 2072 in
3765 2018 3890 2088 qui-

2247 2114 2352 2167 bus
2383 2116 2514 2167 sunt
2537 2113 2798 2184 quaedam
2827 2112 3082 2166 difﬁcilia
3107 2111 3417 2181 intellectu,
3447 2128 3575 2182 quae
3594 2111 3811 2166 indocti
3831 2114 3891 2166 et

2247 2206 2536 2261 instabiles
2567 2206 2890 2277 depravant,
2920 2205 3063 2259 sicut
3089 2210 3146 2259 et
3185 2208 3419 2260 czeteras
3457 2205 3786 2276 scripturas,
3816 2205 3889 2258 ad

2249 2317 2412 2355 suam
2450 2299 2855 2371 perditionem.
2897 2299 3007 2352 Vos
3055 2314 3214 2369 ergo,
3265 2300 3487 2368 fratres,
3521 2299 3890 2370 praescientes

2249 2393 2525 2448 custodite
2549 2409 2619 2447 ne
2643 2392 3038 2464 insipientium
3073 2409 3263 2448 errore
3294 2392 3536 2447 traducti
3566 2391 3836 2447 excidatis
3856 2409 3892 2446 a

2246 2486 2479 2558 propria
2525 2485 2814 2540 ﬁrmitate.
2864 2485 3108 2540 Crescite
3157 2502 3289 2540 vero
3349 2485 3408 2539 in
3462 2485 3646 2556 gratia
3689 2489 3749 2540 et
3797 2501 3894 2539 co-

2248 2579 2502 2649 gnitione
2549 2579 2778 2633 Domini
2820 2579 2999 2632 nostri
3041 2581 3173 2634 Jesu
3225 2578 3432 2634 Christi
3479 2581 3535 2632 et
3578 2577 3894 2633 Salvatoris

2249 2673 2321 2740 (II
2342 2675 2490 2727 Petr.
2521 2688 2602 2741 III,
2635 2673 2783 2744 14).»
2809 2695 2837 2721 ‹‹
2857 2673 2966 2726 Vos
2995 2678 3204 2740 autem,
3233 2671 3570 2741 charissimi,
3599 2688 3894 2726 memores

2248 2769 2425 2820 estote
2459 2765 2785 2832 verborum,
2818 2782 2946 2837 quae
2995 2765 3272 2836 praedicta
3318 2770 3449 2819 sunt
3493 2765 3564 2819 ab
3613 2766 3895 2835 apostolis

2247 2859 2478 2914 Domini
2513 2859 2689 2914 nostri
2723 2862 2856 2915 Jesu
2883 2859 3110 2926 Christi,
3143 2860 3240 2931 qui
3270 2859 3528 2914 dicebant
3554 2858 3714 2913 vobis
3747 2876 3896 2930 quo-

2247 2954 2404 3008 niam
2435 2954 2494 3009 in
2519 2953 2824 3008 novissimo
2851 2956 3113 3024 tempore
3137 2953 3367 3008 venient
3392 2953 3652 3007 illusores
3687 2969 3898 3007 secun-

2249 3047 2385 3102 dum
2414 3047 2693 3103 desideria
2716 3064 2820 3102 sua
2850 3047 3211 3102 ambulantes
3236 3047 3296 3100 in
3327 3047 3640 3118 impietate.
3664 3045 3733 3100 Hi
3752 3051 3899 3100 sunt

2248 3141 2344 3212 qui
2368 3146 2672 3213 segregant
2687 3140 3038 3212 semetipsos,
3060 3140 3358 3207 animales,
3373 3140 3634 3212 spiritum
3657 3157 3770 3194 non
3794 3140 3899 3194 ha-

2248 3235 2464 3304 bentes,
2492 3252 2591 3290 vos
2615 3239 2829 3302 autem,
2855 3235 3192 3302 charissimi,
3224 3234 3738 3305 superaediﬁcantes
3765 3251 3901 3289 vos-

2247 3329 2520 3400 metipsos
2545 3329 2924 3396 sanctissimae
2951 3332 3152 3383 vestrae
3182 3328 3314 3382 ﬁdei
3354 3327 3413 3382 in
3441 3327 3651 3399 Spiritu
3690 3334 3900 3383 sancto

2249 3427 2497 3478 orantes.
2533 3425 2687 3494 Ipsos
2711 3439 2807 3478 vos
2844 3423 2902 3478 in
2943 3422 3243 3479 dilectione
3269 3421 3492 3477 Domini
3525 3425 3764 3491 servate,
3801 3441 3901 3478 ex-

2247 3519 2567 3587 spectantes
2593 3516 3046 3572 misericordiam
3074 3515 3297 3571 Domini
3324 3514 3503 3570 nostri
3527 3516 3654 3570 Jesu
3679 3515 3901 3571 Christi

2248 3610 2305 3663 in
2333 3609 2506 3664 vitam
2536 3613 2832 3664 aeternam.
2862 3612 2928 3664 Et
2953 3610 3056 3664 hos
3079 3608 3309 3679 quidem
3335 3608 3556 3678 arguite
3578 3607 3899 3680 judicatos,

2246 3702 2368 3756 illos
2398 3701 2446 3774 1
2464 3702 2522 3774 5
2545 3719 2675 3758 vero
2706 3703 2913 3757 salvate
2943 3703 3012 3756 de
3042 3701 3177 3772 ignc
3206 3700 3516 3771 rapientes,
3548 3701 3668 3756 aliis
3693 3708 3902 3759 autem

2249 3795 2598 3867 miseremini
2619 3796 2679 3850 in
2694 3795 2927 3867 timore,
2947 3795 3200 3850 odientes
3221 3811 3349 3849 eam
3379 3811 3507 3866 quae
3539 3796 3787 3851 carnalis
3807 3803 3906 3854 est

2246 3890 2587 3944 maculatam
2617 3888 2980 3961 tunicamJEi
3028 3890 3222 3943 autem
3266 3888 3365 3961 qui
3413 3893 3615 3960 potens
3661 3894 3746 3945 est
3789 3908 3902 3946 vos

2247 3997 2582 4036 conservare
2613 3982 2732 4037 sine
2758 3988 3009 4054 peccato,
3040 3985 3097 4037 et
3121 3981 3463 4036 constituere
3489 3987 3618 4037 ante
3645 3999 3899 4056 conspe-

2248 4081 2403 4130 ctum
2432 4076 2628 4146 glorias
2660 4093 2776 4130 suae
2807 4076 3204 4131 immaculatos
3249 4075 3308 4130 in
3355 4076 3754 4145 exsultatione,
3784 4080 3906 4134 soli

2247 4169 2359 4223 Deo
2392 4169 2662 4225 Salvatori
2689 4174 2882 4225 nostro
2911 4188 3014 4242 per
3035 4172 3226 4226 Jesum
3252 4169 3539 4228 Christum
3576 4171 3907 4227 Dominum

2247 4268 2508 4317 nostrum
2537 4263 2738 4333 gloria,
2773 4265 3220 4336 magniﬁcentia,
3256 4267 3314 4318 et
3339 4263 3666 4335 imperium,
3695 4269 3756 4320 et
3793 4283 3910 4337 po-

2246 4361 2421 4412 testas
2441 4360 2572 4411 ante
2601 4358 2797 4412 omnia
2818 4359 3044 4428 saecula,
3073 4375 3225 4414 nunc
3251 4361 3308 4414 et
3337 4373 3438 4429 per
3468 4358 3657 4414 omnia
3683 4361 3908 4416 saecula

2247 4451 2606 4506 saeculorum.
2639 4455 2839 4508 Amen.
2869 4453 3013 4524 (Iud.
3046 4469 3084 4522 1,
3120 4451 3224 4523 17).
3259 4475 3284 4500 ››
3380 4451 3386 4456 ’

1370 4885 1598 4957 ΙΤΕΜ
1662 4882 2120 4960 EPISTOLA
2171 4887 2653 4960 ANACLETI
2718 4886 3022 4958 PAPZE.
3112 4912 3120 4920 '

595 5032 687 5100 De
721 5033 1131 5100 ordinatione
1159 5033 1794 5120 archiepiscoporum
1818 5048 1879 5103 et
1906 5039 2307 5122 reliquorum
2337 5042 2809 5123 episcoporum,
2853 5045 3048 5119 atque
3075 5035 3505 5099 sacerdotum.
3539 5033 3634 5098 De
3653 5031 3807 5113 ﬁde,

1873 5141 2244 5223 ceterisque
2289 5141 2526 5203 causis.

584 5300 906 5353 ANACLETUS
957 5298 1254 5371 episcopus
1299 5302 1572 5360 universis
1597 5305 1873 5379 episcopis
1904 5306 1963 5362 in
1996 5309 2149 5364 [talia
2167 5320 2228 5394 D
2251 5307 2470 5361 honore
2500 5307 2558 5360 et
2584 5303 2876 5359 sanctitate
2907 5301 3157 5358 minores
3183 5317 3327 5370 esse,
3356 5304 3411 5356 et
3441 5303 3750 5372 propterea
3773 5317 3927 5356 om—

514 5391 850 5448 constitutis.

581 5485 859 5551 Quoniam
915 5486 1234 5557 apostolica:
1297 5488 1426 5546 Sedi
1479 5490 1726 5549 debitam
1769 5494 2148 5551 reverentiam

509 5598 646 5653 erga
671 5597 762 5635 me
792 5579 1036 5635 Charitas
1064 5585 1251 5637 vestra
1290 5583 1600 5655 distribuit,
1636 5588 1771 5656 quia
1810 5588 2144 5658 plurimum,

510 5674 821 5729 charissimi
866 5675 987 5743 ﬁlii,
1044 5676 1381 5746 prtebuistis.
1424 5679 1564 5731 Nam
1604 5677 1735 5731 licet
1789 5681 2046 5737 Ecclesiae
2088 5680 2149 5734 in

511 5785 621 5839 qua
647 5772 873 5823 sanctus
903 5769 1190 5838 apostolus
1218 5769 1469 5822 residens
1506 5769 1698 5824 docuit
1722 5773 2146 5844 quodammodo

512 5878 612 5916 nos
657 5860 1039 5927 gubernacula
1089 5865 1408 5927 teneamus,
1436 5864 1625 5918 tamen
1669 5869 2006 5936 proﬁtemur
2042 5885 2147 5923 nos

2249 5399 2388 5455 nino
2438 5397 2792 5465 festinamus,
2835 5400 2896 5452 ut
2939 5397 3010 5454 ad
3059 5397 3300 5468 gloriam
3347 5393 3467 5466 ejus
3518 5392 3931 5451 beatitudinis

2249 5492 2546 5565 pervenire
2595 5491 2894 5564 possimus.
2925 5491 3104 5562 Igitur
3146 5487 3654 5546 consultationibus
3688 5488 3930 5545 vestris

2251 5585 2473 5658 plenius
2497 5585 2977 5658 respondissemus
3015 5584 3061 5639 si
3098 5585 3365 5650 licuisset,
3401 5582 3495 5637 sed
3537 5579 3930 5639 inﬁrmitatis

2249 5697 2312 5734 ac
2342 5679 2691 5753 reliquarum
2722 5680 3158 5752 oppressionum
3185 5693 3358 5733 onere
3389 5674 3586 5746 pressi,
3616 5673 3924 5740 breviter,

2247 5774 2420 5845 prout
2450 5774 2721 5830 Dominus
2745 5774 2962 5840 tribuit,
2998 5777 3055 5830 et
3085 5777 3151 5828 ut
3175 5789 3208 5827 a
3234 5772 3402 5826 beato
3426 5771 3592 5825 Petro
3629 5767 3931 5840 principe

2247 5870 2635 5939 apostolorum
2683 5887 2877 5924 sumus
2921 5867 3198 5937 instructi,
3243 5884 3275 5920 ει
3323 5881 3438 5938 quo
3488 5867 3544 5918 et
3591 5861 3935 5935 presbyter
