4068 6340
183 381 237 429 69

1394 378 1862 433 DECRETALIUM
1901 379 2284 436 COLLECTIO.

3457 386 3523 435 70

181 498 289 536 sum
335 482 652 552 ordinatus,
693 481 938 538 scribere
984 484 1162 555 vobis,
1195 484 1339 540 sicut
1381 485 1624 558 petistis,
1674 503 1792 541 non
1813 487 2138 571 Ajudicate
2177 489 2364 560 magis
2402 504 2475 542 ne
2519 487 2744 558 ponatis
2788 485 3198 542 oﬂ‘endiculum
3243 486 3405 542 fratri
3434 490 3518 543 vel

181 574 586 646 denegavimus.
609 575 1006 632 Ordinationes
1035 578 1436 650 episcoporum
1460 579 1795 636 auctoritate

180 669 472 739 apostolica
503 670 573 724 ab
611 669 876 724 omnibus
906 671 1002 742 qui
1044 671 1102 726 in
1151 672 1356 727 eadem
1401 673 1616 728 fuerint
1661 692 1795 746 pro-

178 761 347 816 vincia
377 763 671 834 episcopis,
707 769 837 818 sunt
867 764 1241 821 celebrandae.
1269 766 1372 830 Qui
1402 766 1570 820 simul
1599 784 1797 824 conve-

178 855 386 910 nientes
405 855 738 911 scrutinium
760 857 1058 928 diligenter
1075 863 1246 930 agant
1251 859 1330 931 jej
1340 859 1652 932 uniumque
1670 878 1798 916 cum

176 948 426 1002 omnibus
470 949 758 1005 celebrent
781 951 1065 1022 precibus,
1095 957 1150 1008 et
1181 969 1387 1008 manus
1416 971 1546 1008 cum
1591 955 1799 1010 sanctis

177 1041 504 1112 Erangeliis,
535 1059 663 1114 qua:
691 1045 1046 1114 praedicaturi
1076 1050 1230 1117 sunt,
1265 1046 1648 1118 imponentes,
1682 1050 1794 1103 Do-

175 1133 369 1188 minica
399 1135 491 1190 die
534 1135 675 1190 hora
703 1137 873 1193 tertia
903 1141 1154 1207 orantes,
1185 1157 1459 1212 sacraque
1508 1142 1794 1213 unctione,

175 1228 424 1298 exemplo
449 1229 858 1299 prophetarum
876 1234 932 1286 et
953 1248 1154 1303 regum
1180 1233 1366 1304 capita
1393 1251 1616 1302 eorum,
1637 1252 1795 1290 more

175 1321 574 1391 apostolorum,
594 1327 651 1377 et
669 1323 874 1394 Moysis
901 1332 1201 1397 tingentes,
1225 1327 1358 1399 quia
1385 1328 1569 1382 omnis
1597 1329 1799 1383 sancti-

172 1413 348 1468 ficatio
397 1418 618 1470 constat
660 1417 720 1471 in
763 1417 974 1488 Spiritu
1014 1423 1228 1489 sancto,
1258 1420 1416 1491 cujus
1442 1421 1618 1476 virtus
1653 1421 1792 1476 invi-

173 1506 338 1561 sibilis
382 1511 576 1562 sancto
625 1510 917 1566 chrismati
965 1516 1051 1567 est
1097 1514 1396 1584 permista,
1429 1518 1488 1570 et
1533 1516 1639 1570 hoc
1683 1515 1796 1570 ritu

172 1601 480 1656 solemnem
521 1603 808 1660 celebrent
851 1605 1296 1662 ordinationem.
1329 1609 1488 1672 Quod
1534 1609 1578 1663 si
1629 1609 1796 1663 simul

172 1710 360 1750 omnes
378 1697 685 1752 convenire
699 1698 940 1753 minime
961 1701 1274 1770 potuerint,
1291 1718 1582 1758 assensum
1603 1708 1798 1758 tamen

170 1788 280 1841 suis
339 1789 606 1860 precibus
655 1791 969 1862 praebeant,
1025 1799 1088 1848 ut
1137 1795 1207 1849 ab
1259 1795 1378 1866 ipsa
1435 1795 1795 1852 ordinatione

1899 583 2226 637 scandalum
2301 582 2468 651 (Rom.
2545 599 2656 649 xw,
2715 581 2819 653 l3).
2863 602 2890 630 »
2942 581 3009 635 Et
3081 579 3352 634 Dominus
3423 596 3527 653 per

1900 675 2242 746 prophetam
2299 673 2484 746 inquit
2533 691 2544 728 :
2598 697 2624 723 ‹‹
2664 675 2768 738 Qui
2799 690 2894 728 vos
2933 673 3136 744 tangit,
3186 673 3370 743 tangit
3417 690 3544 744 pum

1900 769 2099 838 pillam
2127 767 2272 822 oculi
2305 766 2417 821 mei
2447 767 2624 838 (Zach.
2655 784 2713 837 ιι,
2745 768 2818 838 8).
2851 789 2877 815 ››
2912 768 3053 821 Nam
3081 766 3124 820 si
3153 766 3352 837 aliquis
3378 783 3528 820 nunc

1899 861 1957 915 in
1985 862 2202 915 malum
2240 861 2430 915 oculos
2458 860 2695 932 alicujus
2721 859 2993 931 principis
3023 858 3220 931 incipit
3263 861 3524 927 tractare,

1899 953 2200 1008 manifeste
2228 970 2360 1008 rcus
2383 954 2695 1024 majestatis
2715 953 3025 1024 judicatur,
3055 956 3111 1007 et
3141 951 3370 1007 infamis
3403 953 3527 1006 effi-

1899 1047 2064 1117 citur,
2094 1051 2193 1101 aut
2234 1047 2423 1118 potius
2469 1047 2700 1118 capitali
2748 1046 3041 1101 sententiae
3073 1043 3593 1127 διιὺάαοψᾷ

1899 1142 2122 1209 fratres,
2145 1141 2306 1196 valde
2329 1139 2580 1195 cavenda
2605 1144 2754 1207 sunt,
2780 1144 2836 1194 et
2861 1139 3016 1211 quod
3042 1139 3305 1194 homines
3329 1141 3530 1194 nolunt

1899 1234 2002 1288 sibi
2032 1235 2154 1288 fieri
2186 1235 2299 1288 Deo
2329 1235 2568 1289 deorum
2614 1250 2729 1288 non
2773 1233 2981 1288 debent
3016 1233 3245 1302 inferre,
3278 1249 3351 1287 ne
3380 1232 3525 1286 forte

1895 1329 2175 1384 irascatur
2201 1327 2492 1396 Dominus,
2519 1331 2575 1382 et
2593 1326 2760 1381 faciat
2780 1325 3084 1380 vindictam
3115 1342 3334 1393 eorum,
3356 1325 3528 1379 etiam

1898 1423 1956 1477 in
1987 1439 2084 1477 eos
2125 1421 2221 1494 qui
2261 1439 2378 1477 non
2420 1425 2818 1493 peccaverunt,
2851 1419 2986 1492 quia
3024 1418 3174 1490 perit
3221 1419 3527 1490 saepissime

1890 1516 2078 1587 justus
2096 1533 2199 1587 pro
2229 1515 2423 1588 impio.
2450 1515 2767 1570 Imitandus
2794 1518 2877 1567 est
2910 1513 3083 1567 etiam
3111 1512 3404 1582 propheta,
3428 1529 3530 1582 per

1899 1625 2069 1680 quem
2117 1609 2385 1664 Dominus
2428 1609 2506 1664 ait
2545 1626 2558 1662 :
2602 1606 3012 1662 Perambulabo
3059 1605 3119 1659 in
3169 1604 3530 1675 simplicitate

1897 1703 2084 1757 cordis
2113 1703 2247 1772 mei,
2274 1702 2330 1757 in
2359 1701 2554 1756 medio
2580 1701 2784 1756 domus
2812 1717 2977 1768 meae,
3002 1715 3115 1752 non
3138 1697 3530 1769 preponebam

1897 1813 2091 1852 coram
2107 1797 2283 1851 oculis
2296 1796 2439 1850 meis
2456 1795 2691 1850 verbum
2713 1793 2900 1860 Belial,
2917 1792 3311 1847 detrahentem
3331 1791 3390 1845 in
3411 1791 3534 1846 abs-

168 1882 351 1937 animo
369 1899 484 1938 non
502 1883 708 1939 desint.
734 1887 905 1940 Porro
925 1892 982 1943 et
999 1887 1557 1960 Hierosolymitarum
1577 1891 1796 1962 primus
1816 1876 1872 1948 B
1897 1889 2125 1944 condito
2164 1889 2413 1944 sodalem
2454 1904 2642 1955 suum,
2686 1888 2837 1940 hunc
2891 1884 3317 1950 interficiebam,
3362 1889 3419 1938 et
3470 1883 3531 1938 hi

169 1975 620 2048 archiepiscopus
642 1978 842 2034 beatus
865 1980 1104 2036 Iacobus
1142 1982 1238 2053 qui
1263 1983 1452 2054 justus
1482 1983 1794 2054 dicebatur,

170 2072 220 2123 et
238 2069 556 2125 secundum
579 2087 827 2140 carnem,
857 2074 1083 2130 Domini
1111 2082 1466 2148 nuncupatus
1493 2081 1578 2131 est
1601 2078 1794 2148 frater,

169 2180 197 2215 ει
230 2164 414 2229 Petro,
447 2152 654 2219 Iacobo
691 2171 746 2221 et
772 2168 988 2223 Joanne
1033 2170 1303 2240 apostolis
1346 2177 1430 2225 est
1479 2171 1794 2240 ordinatus,

169 2256 582 2311 successoribus
625 2258 886 2315 videlicet
928 2262 1124 2336 dantes
1171 2264 1419 2318 formam
1464 2281 1686 2332 eorum,
1733 2268 1799 2319 ut

170 2366 276 2403 non
339 2350 533 2405 minus
583 2369 756 2424 quam
803 2371 836 2407 a
884 2355 1063 2409 tribus
1108 2356 1406 2430 episcopis,
1451 2358 1796 2430 reliquisque

169 2441 432 2497 omnibus
459 2460 752 2500 assensum
778 2447 1165 2518 praebentibus
1194 2451 1474 2507 ullatenus
1502 2451 1797 2523 episcopus

166 2537 476 2608 ordinetur,
511 2544 566 2593 et
613 2542 905 2595 communi
950 2546 1076 2598 voto
1126 2544 1408 2599 ordinatio
1457 2545 1792 2601 celebretur.

169 2630 387 2701 Reliqui
422 2648 557 2686 vero
604 2635 924 2690 sacerdotes
955 2653 988 2690 a
1015 2638 1246 2709 proprio
1297 2637 1632 2694 ordinentur
1673 2639 1795 2710 epi-

165 2741 358 2796 scopo,
393 2725 474 2780 ita
505 2730 566 2780 ut
591 2727 735 2782 cives
765 2733 821 2784 et
848 2730 943 2784 alii
970 2731 1290 2787 sacerdotes
1327 2748 1618 2788 assensum
1646 2748 1794 2803 prte-

165 2818 353 2888 beant,
367 2823 426 2874 et
434 2819 762 2891 jejunantes
777 2822 1200 2897 ordinationem
1221 2825 1800 2897 celebrent,similiter

166 2840 353 2888 beant,
367 2840 762 2891 etJeJunantes
777 2840 808 2876 0
839 2840 1200 2884 oinauonem
1221 2840 1800 2897 ceteorent,snmn1ter

166 2917 216 2965 et
226 2912 454 2966 diaconi
477 2840 1189 3002 ordinenturglasterorum
1211 2924 1404 2975 autem
1426 2920 1707 2990 graduum
1721 2919 1800 2974 di-

166 3005 491 3060 stributioni
511 3006 681 3063 trium
693 3010 982 3065 veracium
997 3012 1390 3068 testimonium
1407 3029 1536 3068 cum
1549 3013 1798 3085 episCOpi

165 3099 371 3154 scilicet
390 3101 728 3171 probatione
748 3103 1004 3161 sufﬁcere
1031 3109 1238 3176 potest.
1255 3108 1550 3163 Accusatio
1570 3123 1798 3180 quoque

165 3209 360 3248 eorum
400 3210 572 3266 super
605 3212 717 3268 qua
752 3214 870 3252 non
910 3201 1205 3254 consulere
1231 3201 1503 3271 voluistis,
1533 3218 1650 3256 non
1691 3201 1798 3255 nisi

161 3286 226 3339 ab
266 3287 491 3342 idoneis
540 3293 597 3343 et
636 3289 1050 3360 probatsisimis
1096 3292 1250 3361 viris,
1279 3295 1378 3366 qui
1425 3299 1480 3350 et
1525 3293 1796 3366 suspicio-

163 3379 324 3434 nibus
341 3385 398 3436 et
419 3381 728 3438 sceleribus
745 3390 998 3454 careant,
1017 3386 1140 3443 ﬁeri
1160 3387 1347 3457 debet,
1371 3387 1507 3460 quia
1523 3388 1798 3443 Dominus

163 3475 306 3529 sacri
335 3475 424 3529 sui
456 3475 711 3546 corporis
740 3481 1078 3534 tractatores
1105 3480 1359 3536 avilibus
1385 3485 1442 3536 et
1467 3481 1722 3553 reprobis
1744 3486 1800 3536 et

161 3584 275 3622 non
305 3568 527 3624 idoneis
548 3570 807 3640 personis
825 3572 1092 3628 infamari
1121 3575 1299 3629 noluit
1329 3591 1431 3631 nec
1457 3575 1800 3631 calumniari

164 3662 439 3733 permisit,
465 3663 565 3718 sed
594 3664 713 3735 ipse
739 3666 973 3738 proprio
1004 3668 1230 3740 flagello
1274 3672 1572 3742 peccantes
1614 3685 1794 3724 sacer-

163 3755 316 3811 dotes
342 3773 376 3810 a
404 3757 629 3828 templo
657 3759 842 3829 ejecit,
869 3761 1024 3816 unde
1053 3763 1233 3834 liquet
1261 3763 1412 3836 quod
1453 3763 1664 3818 summi
1709 3779 1794 3816 sa-

165 3849 446 3919 derdotes,
478 3851 538 3905 id
572 3855 676 3922 est,
705 3853 971 3926 episcopi,
995 3856 1160 3912 aDeo
1192 3862 1324 3912 sunt
1339 3856 1652 3928 judicandi,
1679 3874 1797 3912 non

163 3945 230 3999 ab
259 3946 533 4002 humanis
581 3951 681 4003 aut
721 3965 911 4020 pravae
953 3950 1082 4004 vita!
1124 3950 1452 4006 hominibus
1490 3950 1794 4016 lacerandi,

163 4040 255 4093 sed
298 4041 496 4111 potius
545 4041 617 4096 ab
665 4042 991 4098 hominibus
1037 4043 1300 4100 ﬁdelibus
1347 4044 1636 4116 portandi,
1674 4044 1798 4116 ipso

160 4132 400 4189 Domino
450 4136 781 4207 exemplum
827 4137 1018 4206 dante,
1049 4139 1279 4209 quando
1320 4155 1422 4209 per
1452 4138 1700 4209 seipsum
1744 4142 1799 4193 et

160 4244 270 4280 non
301 4245 411 4300 per
441 4229 621 4283 alium
649 4229 960 4286 vendentes
984 4237 1042 4286 et
1076 4235 1330 4288 ementes
1357 4232 1528 4302 ejecit
1555 4233 1624 4287 de
1653 4237 1793 4287 tem-

158 4321 270 4389 plo,
290 4326 353 4376 et
373 4337 604 4377 mensas
618 4324 1138 4380 nummulariorum
1159 4328 1216 4380 et
1235 4325 1534 4381 cathedras
1555 4326 1798 4381 venden-

156 4414 298 4468 tium
330 4415 573 4487 proprio
603 4418 805 4472 evertit
829 4418 1056 4489 ﬂagello
1086 4423 1142 4474 et
1169 4419 1334 4490 ejecit
1365 4419 1436 4474 de
1466 4420 1699 4491 templo.
1731 4421 1798 4474 Et

158 4508 298 4564 sicut
325 4509 470 4564 alibi
493 4509 614 4565 ait:
654 4512 854 4566 «Deus
893 4512 1047 4568 stetit
1096 4512 1154 4567 in
1197 4529 1491 4586 synagoga
1533 4513 1794 4580 deorum,

1821 3248 1875 3322 C

1899 1983 2129 2037 cavendi
2149 1987 2300 2052 sunt,
2331 1982 2400 2036 de
2428 1981 2633 2053 quibus
2659 1981 2926 2035 Salomon
2951 1978 3029 2032 ait
3056 1995 3069 2033 :
3104 2001 3129 2027 ‹‹
3154 1976 3309 2032 Sicut
3329 1975 3532 2031 noxius

1899 2080 1982 2131 est
2023 2076 2119 2148 qui
2166 2075 2340 2130 mittit
2365 2077 2587 2130 lanceas
2618 2079 2674 2129 et
2704 2073 2930 2144 sagittas
2957 2072 3016 2125 in
3047 2075 3312 2141 mortem,
3346 2069 3422 2124 sic
3448 2070 3532 2124 vir

1898 2170 1994 2241 qui
2034 2169 2428 2224 fraudulenter
2469 2171 2637 2223 nocet
2683 2167 2868 2222 amico
2918 2182 3038 2232 suo,
3081 2168 3138 2220 et
3182 2181 3310 2219 cum
3359 2163 3532 2218 fuerit

1897 2264 2308 2335 deprehensus,
2338 2263 2474 2318 dicit
2502 2280 2515 2317 :
2556 2261 2782 2316 Ludens
2812 2260 2934 2315 feci.
2967 2259 3120 2314 Sicut
3167 2259 3434 2312 carbones
3464 2257 3534 2312 ad

1899 2373 2131 2428 prunas,
2162 2360 2220 2411 et
2243 2357 2403 2427 ligna
2429 2356 2499 2410 ad
2531 2355 2747 2426 ignem,
2778 2352 2854 2407 sic
2885 2353 3060 2408 homo
3103 2352 3406 2410 iracundus
3436 2367 3529 2404 su-

1900 2450 2062 2504 scitat
2082 2450 2256 2516 rixas,
2279 2451 2453 2503 verba
2486 2447 2808 2503 susurronis
2835 2446 2994 2518 quasi
3023 2444 3318 2516 simplicia,
3339 2449 3395 2499 et
3415 2444 3537 2515 ipsa

1899 2543 2242 2616 perveniunt
2287 2543 2358 2596 ad
2405 2542 2606 2596 intima
2630 2541 2846 2594 ventris
2873 2540 3049 2609 (Prov.
3083 2555 3230 2607 xxvi,
3263 2537 3368 2608 l8).
3399 2559 3427 2586 ››
3469 2540 3537 2593 Et

1899 2637 1944 2690 si
1981 2637 2324 2692 detractores
2369 2650 2729 2707 quorumque
2767 2633 3014 2704 graviter
3034 2631 3363 2702 judicantur
3388 2635 3444 2684 et
3473 2629 3534 2684 in

1897 2729 2234 2802 perditionis
2264 2730 2537 2799 laqueum
2567 2726 2799 2793 cadunt,
2830 2725 3012 2779 multo
3044 2723 3231 2794 magis
3264 2723 3536 2777 lacerato-

1900 2840 1989 2877 res
2017 2827 2074 2877 et
2104 2823 2446 2878 detractores
2486 2826 2657 2891 atque
2701 2821 3057 2874 accusatores
3083 2820 3534 2872 memoratorum

1901 2918 2022 2988 ejus
2051 2917 2463 2971 famulorumat
2487 2931 2596 2986 que
2627 2915 3057 2986 persecutorum
3079 2911 3452 2981 damnantur,
3477 2913 3534 2964 et

1902 3010 1958 3065 in
1997 3011 2307 3079 baratrum,
2351 3008 2456 3064 nisi
2494 3025 2552 3062 se
2602 3007 2959 3062 correxerint
2986 3010 3042 3061 et
3082 3022 3184 3077 per
3222 3019 3423 3060 eorum
3453 3020 3537 3058 sa-

1900 3105 2280 3159 tisfactionem
2327 3102 2674 3175 condignam
2721 3101 2943 3174 egerint
2986 3097 3404 3171 paenitentiam,
3442 3095 3534 3151 in-

1901 3198 2230 3253 dubitanter
2253 3197 2470 3252 vadunt
2497 3199 2554 3250 et
2579 3194 2891 3250 vindicibus
2918 3193 3168 3248 flammis
3196 3196 3530 3248 exuruntur.

1902 3292 2258 3363 Quapropter
2301 3293 2523 3362 oportet
2577 3304 2777 3344 omnes
2824 3287 2894 3342 ab
2937 3287 3026 3342 his
3071 3303 3290 3357 cavere,
3323 3288 3381 3340 et
3419 3301 3534 3340 non

1900 3386 2082 3441 solum
2114 3401 2229 3439 non
2271 3385 2476 3452 facere,
2505 3383 2605 3438 sed
2656 3399 2760 3436 nec
2808 3380 3145 3436 facientibus
3193 3380 3534 3450 consentire,

1901 3480 2032 3550 quia
2079 3495 2194 3533 non
2244 3477 2431 3532 solum
2479 3477 2577 3548 qui
2628 3475 2845 3530 faciunt
2888 3475 3250 3540 damnantur,
3297 3474 3394 3528 sed
3439 3473 3534 3544 qui

1901 3572 2263 3627 consentiunt
2292 3569 2666 3637 facientibus;
2701 3568 2772 3622 de
2797 3567 3002 3621 talibus
3035 3570 3093 3620 et
3121 3566 3210 3620 his
3254 3565 3536 3619 similibus

1901 3666 2022 3737 ipsa
2043 3664 2261 3720 Veritas
2289 3663 2368 3718 ait
2391 3681 2404 3718 :
2438 3662 2693 3733 «Vulpes
2720 3661 2909 3716 foveas
2939 3659 3171 3728 habent,
3196 3662 3252 3712 et
3278 3658 3535 3713 volucres

1899 3759 2022 3814 coeli
2068 3759 2254 3828 nidos,
2300 3757 2473 3812 Filius
2521 3759 2712 3810 autem
2756 3752 3010 3809 hominis
3057 3769 3174 3808 non
3219 3750 3390 3806 habet
3440 3749 3536 3806 ubi

1899 3857 2067 3926 caput
2094 3869 2262 3909 suum
2289 3851 2527 3908 reclinet
2554 3849 2768 3922 (Matth.
2802 3865 2918 3914 vui,
2950 3850 3019 3901 2O
3037 3864 3053 3915 ;
3081 3848 3208 3902 Luc.
3258 3863 3332 3915 IX,
3361 3845 3469 3916 58),
3505 3867 3532 3892 ››

1901 3947 1958 4002 id
2003 3951 2104 4015 est,
2150 3947 2210 4002 in
2253 3945 2458 4001 talibus
2502 3960 2617 3999 non
2667 3943 2890 3997 habitat
2932 3940 3227 4007 Dominus,
3283 3954 3383 3994 nec
3431 3938 3535 4010 ipsi

1900 4043 2140 4096 manent
2189 4040 2246 4094 in
2293 4056 2388 4108 eo;
2418 4041 2474 4093 et
2511 4038 2783 4093 Salomon
2816 4035 3069 4107 loquitur
3095 4033 3286 4089 dicens
3321 4050 3333 4087 :
3370 4053 3396 4084 «
3428 4033 3534 4097 Qui

1900 4133 2044 4188 fodit
2067 4134 2312 4200 foveam,
2345 4131 2560 4186 incidet
2586 4131 2645 4184 in
2677 4146 2821 4199 eam,
2855 4131 2912 4184 et
2943 4128 3038 4200 qui
3069 4127 3242 4182 volvit
3285 4125 3536 4198 lapidem

1900 4230 2219 4283 revertetur
2243 4227 2316 4282 ad
2351 4241 2500 4282 eum.
2531 4223 2753 4295 Lingua
2792 4223 2958 4278 fallax
3001 4238 3116 4276 non
3153 4225 3307 4276 amat
3331 4219 3531 4275 verita-

1897 4326 2033 4391 tem,
2075 4326 2132 4376 et
2174 4338 2235 4375 os
2277 4318 2560 4374 lubricum
2605 4319 2879 4388 operatur
2917 4314 3110 4370 ruinas
3157 4313 3332 4384 (Prov.
3385 4329 3531 4381 xxw,

1899 4415 2008 4486 57).
2045 4435 2071 4462 »
2101 4414 2278 4468 Grave
2324 4417 2409 4467 est
2455 4427 2655 4466 saxum
2697 4415 2753 4464 et
2800 4425 3045 4464 onerosa
3095 4424 3287 4478 arena,
3319 4409 3416 4463 sed
3452 4408 3536 4462 ira

1899 4508 2056 4563 stulti
2091 4511 2337 4580 utroque
2383 4505 2631 4577 gravior,
2665 4504 2962 4558 hominem
3008 4502 3106 4573 qui
3153 4501 3534 4556 calumniatur

157 4602 216 4655 in
244 4602 442 4659 medio
483 4608 677 4659 autem
713 4605 848 4660 deos
874 4606 1041 4676 (Ρεαι,
1074 4623 1253 4674 ιχχχι,
1286 4610 1329 4675 1)
1366 4629 1392 4657 ››
1429 4606 1695 4662 decernit.
1731 4609 1875 4692 EtD
1897 4603 2104 4658 anima:
2133 4600 2490 4672 sanguinem,
2516 4598 2560 4652 si
2591 4614 2768 4668 usque
2796 4598 2866 4651 ad
2892 4597 3076 4650 lacum
3107 4594 3336 4665 fugerit,
3362 4610 3534 4647 nemo

159 4696 290 4750 alibi
325 4715 340 4750 :
380 4717 408 4747 ιι
455 4698 576 4768 Ego
620 4698 756 4768 dixi,
799 4699 877 4754 dii
921 4700 1052 4755 estis
1097 4703 1153 4755 et
1195 4699 1298 4754 ﬁlii
1344 4701 1550 4755 excelsi
1601 4717 1798 4756 omnes

158 4791 325 4859 (Psal.
357 4807 543 4861 Lxxx1,
576 4792 652 4863 6);
695 4815 723 4842 »
759 4793 950 4848 nullus
993 4793 1149 4849 enim
1191 4795 1272 4865 (ut
1314 4795 1464 4865 reor)
1511 4795 1800 4850 invenitur

158 4883 309 4940 inter
336 4903 443 4940 nos
469 4886 571 4956 qui
602 4886 736 4941 velit
761 4904 929 4942 suum
955 4905 1183 4944 servum
1211 4890 1281 4944 ab
1322 4889 1430 4944 alio
1471 4905 1645 4960 quam
1679 4905 1713 4943 a
1741 4905 1800 4943 se

153 4977 417 5046 judicari.
451 4979 618 5044 Quod
639 4980 687 5034 si
713 4987 1127 5054 praesumptum
1146 4983 1339 5052 fuerit,
1358 4987 1456 5038 aut
1479 4983 1661 5037 multa
1679 4982 1799 5052 ipse

159 5071 557 5144 indignatione
599 5074 876 5143 irascitur,
909 5079 1007 5130 aut
1048 5077 1234 5148 potius
1275 5077 1555 5132 ultionem
1599 5075 1803 5147 quaerit

157 5182 329 5236 super
359 5184 448 5222 eo.
479 5167 557 5242 [Si
595 5184 726 5223 vero
771 5169 878 5224 hoc
917 5171 1068 5225 inter
1106 5171 1366 5227 homines
1410 5170 1620 5242 agitur,
1661 5168 1801 5241 quid

159 5261 369 5327 putatis
399 5261 571 5316 faciet
611 5261 756 5316 Deus
792 5263 1048 5332 deorum,
1080 5267 1138 5319 et
1181 5264 1458 5320 Dominus
1501 5263 1797 5320 dominan-

157 5350 316 5424 tium,
332 5356 437 5426 qui
453 5355 733 5411 ultionem
754 5372 986 5414 suorum
1006 5357 1272 5431 promisit
1292 5375 1408 5414 non
1438 5357 1666 5413 differre
1689 5373 1802 5412 ser-

159 5450 407 5504 vorum?
436 5450 598 5506 Unde
642 5453 700 5505 et
724 5450 845 5522 ipse
890 5467 994 5523 per
1032 5453 1378 5524 Prophetam
1419 5451 1690 5524 loquitur,
1724 5450 1803 5504 di-

159 5556 330 5596 cens:
389 5566 416 5593 ‹‹
463 5545 614 5600 Deus
661 5544 944 5600 ultionum
987 5545 1280 5617 Dominus,
1329 5548 1476 5601 Deus
1522 5545 1804 5601 ultionum

158 5632 329 5691 libere
361 5636 486 5708 egit
515 5638 680 5707 (Psal.
714 5654 862 5706 xcm,
898 5641 968 5710 l),
999 5661 1026 5688 ››
1062 5644 1119 5696 et
1160 5641 1404 5712 reliqua.
1455 5641 1522 5696 Et
1567 5641 1801 5711 Aposto-

155 5726 259 5799 lus,
289 5729 481 5802 inquit
512 5747 525 5786 :
566 5753 594 5782 «
620 5733 704 5787 Tu
746 5731 872 5805 quis
901 5750 962 5788 es
1001 5735 1099 5806 qui
1140 5735 1365 5806 judicas
1412 5750 1637 5789 servum
1666 5733 1804 5788 alie.

158 5825 333 5878 num?
380 5842 488 5881 suo
528 5825 687 5881 enim
733 5827 976 5883 Domino
1023 5833 1134 5884 stat
1175 5834 1271 5884 aut
1312 5829 1461 5884 cadit
1489 5828 1655 5899 (Rom.
1692 5843 1800 5893 xxv,

157 5915 226 5986 ἓν,
264 5943 290 5966 η
335 5928 394 5977 et
435 5921 560 5993 ipse
592 5937 604 5974 :
640 5946 666 5968 ιι
715 5921 897 5977 Nolite
941 5923 1196 5993 judicare
1246 5923 1508 5992 invicem,
1550 5923 1644 5977 sed
1699 5922 1804 5976 hoc

1901 4696 2165 4766 sustinet;
2199 4693 2296 4766 qui
2328 4711 2385 4746 se
2407 4693 2583 4762 jactat
2615 4693 2670 4744 et
2697 4690 2911 4757 dilatat,
2934 4687 3126 4758 jurgia
3146 4686 3532 4757 concitat;qui

1900 4792 2086 4862 sperat
2112 4789 2170 4843 in
2203 4785 2464 4853 Domino,
2495 4782 2814 4850 sanabitur;
2858 4780 2953 4851 qui
2985 4779 3218 4834 conlidit
3256 4777 3316 4832 in
3359 4777 3530 4833 corde

1902 4901 2002 4938 suo
2030 4884 2230 4937 stultus
2261 4882 2364 4947 est,
2401 4877 2500 4950 qui
2540 4879 2733 4931 autem
2781 4873 3040 4946 graditur
3074 4873 3380 4944 sapienter,
3411 4872 3532 4944 ipse

1902 4976 2240 5045 salvabitur;
2270 4972 2368 5047 qui
2399 4970 2620 5028 fortiter
2648 4967 2859 5041 premit
2892 4966 3064 5022 ubera
3090 4966 3161 5021 ad
3189 4966 3532 5022 eliciendum

1901 5073 2006 5142 lac,
2042 5069 2311 5142 exprimit
2357 5067 2659 5139 butyrum;
2701 5062 2796 5134 qui
2835 5061 3203 5116 vehementer
3250 5061 3530 5133 emungit,

1901 5165 2054 5221 elicit
2107 5162 2463 5234 sanguinem,
2516 5163 2572 5214 et
2619 5157 2715 5229 qui
2772 5157 3034 5228 provocat
3096 5153 3228 5223 iras,
3275 5155 3536 5227 producit

1902 5257 2230 5314 discordias.

2437 5323 2578 5379 Ordo
2625 5323 3002 5378 accusationis.

1974 5448 2102 5501 Haec
2127 5449 2184 5500 et
2210 5441 2318 5498 alia
2348 5438 2661 5512 periculosa
2687 5437 3106 5494 considerantes
3136 5438 3396 5509 apostoli,
3424 5443 3533 5495 sta-

1903 5541 2155 5606 tuerunt,
2188 5553 2260 5592 ne
2287 5533 2451 5590 facile
2477 5537 2973 5588 commoverentur
3009 5535 3106 5586 aut
3151 5531 3537 5588 lacerarentur

1906 5635 1988 5689 vel
2023 5631 2421 5688 accusarentur
2447 5627 2727 5682 columnae
2759 5629 2967 5681 sanctae
2989 5624 3086 5680 Dei
3109 5625 3384 5697 Ecclesias,
3407 5643 3532 5698 qum

1906 5655 1988 5689 VB]
2023 5655 2421 5688 accusat-exitur
2447 5655 2727 5682 cunuiuuu:
2759 5655 2967 5681 nanctus
2991 5655 3086 5680 um
3109 5655 3384 5697 nummum,
3407 5655 3532 5698 qua:

1905 5725 2144 5802 apostoli
2172 5727 2227 5781 et
2252 5738 2598 5778 successores
2630 5735 2831 5775 eorum
2862 5736 2977 5775 non
3010 5719 3300 5776 immerito
3345 5655 3692 5792 dicun-/

1906 5829 2015 5882 tur.
2047 5821 2155 5878 Sed
2187 5818 2233 5888 si
2262 5815 2388 5890 quis
2419 5815 2690 5872 adversus
2739 5831 2838 5870 eos
2881 5813 2967 5869 vel
3011 5813 3287 5869 Ecclesias
3332 5827 3534 5869 eorum

1908 5920 2225 5973 commotus
2272 5913 2459 5972 fuerit.
2491 5915 2588 5965 aut
2617 5926 2814 5963 caiisas
2844 5908 3125 5975 habuerit,
3155 5905 3310 5978 prius
3338 5905 3409 5961 ad
3443 5924 3536 5961 eos
