4068 6312
524 327 582 379 71
1416 322 1697 377 ΑΡΡΕΝΙ).
1737 319 1824 376 AD
1861 321 2022 376 SEC.
2065 321 2151 375 IX.

2282 319 2520 375 lSlDORl
2561 318 2990 375 MERCATORIS
3820 318 3894 373 7'2

522 436 775 487 recurrat
793 428 1081 485 charitatis
1101 430 1389 498 studio,ut
1411 429 1674 484 familiari
1701 429 1982 500 colloquio
2001 444 2150 484 com-
2171 429 2472 514 AMoysen
2506 445 2520 484 :
2554 449 2582 478 «
2617 427 2820 499 Accipe
2863 426 3079 497 (inquit)
3118 427 3312 481 Aaron
3356 429 3414 480 et
3457 425 3606 479 ﬁlios
3651 425 3793 496 ejus,
3833 431 3899 480 et
4005 493 4011 497 ,

522 525 728 579 moniti
759 541 827 579 ea
856 529 1059 579 sanent
1085 540 1212 596 quae
1243 522 1490 578 sananda
1534 527 1682 591 sunt,
1721 527 1778 577 et
1819 522 2148 578 charitative
2249 522 2562 594 applicabis
2583 522 2657 576 ad
2679 523 2887 576 ostium
2905 519 3255 575 tabernaculi
3274 519 3607 574 testimonii.
3631 520 3894 590 Cumque

523 618 831 672 emendent
844 634 970 688 quae
977 615 1500 687 justeemendanda
1515 616 1946 686 agnoverint.Si
1959 619 2150 670 autem
2246 616 2452 671 laveris
2478 619 2700 686 patrem
2731 631 2861 669 cum
2894 613 3024 668 ﬁliis
3068 629 3236 684 aqua,
3266 612 3471 667 indues
3497 615 3681 667 Aaron
3719 612 3893 667 vesti-

525 711 700 782 aliqiii
736 727 852 777 eos,
888 710 1224 782 priusquam
1269 709 1494 779 egerint
1537 709 1675 777 haec,
1702 709 1967 778 lacerare,
1995 725 2150 763 accu-

523 820 668 872 sare,
685 807 784 858 aut
798 804 1064 858 infestare
1084 802 1568 874 praesumpserint,
1587 801 2152 858 excommunicentur

525 901 584 951 et
605 897 842 952 minime
859 897 1220 951 absolvantur
1237 900 1546 966 antequam
1564 911 1666 966 per
1684 896 2146 963 satisfactionem,

522 994 589 1045 ut
611 991 734 1061 jam
755 990 966 1044 dictum
986 991 1090 1058 est,
1109 988 1460 1060 condignam
1491 989 1714 1060 egerint
1733 988 2147 1059 paenitentiam,

525 1083 800 1154 quoniam
825 1082 1030 1151 injuria
1058 1097 1277 1154 eorum
1292 1082 1365 1135 ad
1393 1082 1679 1139 Christum
1699 1082 1966 1154 pertinet,
1992 1081 2152 1152 cujus

523 1175 807 1247 legatione
832 1174 1300 1254 funguntur’éc
1315 1175 1425 1230 hoc
1449 1175 1680 1244 mirum,
1699 1175 1832 1247 quia
1849 1175 1896 1254 s_i
1914 1174 2151 1246 quisque

522 1271 780 1323 nostrum
807 1267 1035 1323 cuidam
1067 1283 1360 1322 servorum
1404 1269 1755 1341 legationem
1797 1268 2148 1339 injungeret,

522 1366 580 1416 et
604 1379 637 1416 a
661 1377 955 1432 quoquam
981 1360 1356 1431 impediretur
1379 1363 1478 1415 aut
1516 1361 1875 1418 subditorum
1917 1377 2150 1415 suorum

521 1454 928 1526 despiceretur,
962 1469 1094 1508 mox
1122 1453 1452 1524 indignatus
1482 1454 1842 1519 irasceretur,
1866 1458 1966 1509 aut
1992 1454 2149 1521 talia,

521 1551 693 1620 prout
721 1550 927 1618 posset,
961 1546 1295 1616 vindicaret,
1329 1553 1385 1603 et
1423 1547 1496 1602 ad
1534 1548 1802 1619 injuriam
1847 1548 1920 1602 ad
1961 1551 2153 1602 contu-

520 1641 755 1696 meliam
783 1656 940 1695 suam
966 1641 1076 1695 hoc
1104 1640 1316 1694 factum
1344 1645 1654 1712 reputaret,
1688 1645 1745 1695 et
1779 1640 2070 1707 talionem,
2106 1639 2151 1694 si

523 1734 584 1789 in
606 1734 1006 1805 praesentinon
1033 1736 1240 1804 posset,
1260 1733 1464 1788 futuris
1491 1734 1843 1805 temporibus
1862 1733 2148 1788 redderet.

523 1829 686 1895 Nam,
721 1827 766 1882 si
806 1826 866 1882 in
909 1827 1159 1883 hominis
1201 1843 1367 1883 causa
1414 1827 1535 1881 haec
1577 1828 1742 1893 ﬁunt,
1770 1826 1906 1898 quid
1941 1805 2228 1897 putatisB

523 1923 667 1978 Deus
691 1919 863 1976 faciet
892 1919 963 1974 de
992 1920 1108 1975 suis
1137 1919 1232 1991 qui
1265 1936 1368 1975 nec
1410 1920 1678 1992 capillum
1725 1919 1924 1990 capitis
1951 1935 2151 1976 eorum

524 2014 708 2086 perire
754 2012 999 2068 dixerit?
1045 2013 1197 2069 unde
1240 2016 1298 2067 et
1335 2013 1611 2069 Dominus
1641 2029 1747 2084 per
1769 2013 1995 2067 Nahum
2026 2029 2155 2083 pro-

525 2108 758 2178 phetam
794 2106 1048 2178 loquitur
1084 2106 1280 2161 dicens
1311 2123 1324 2160 :
1363 2128 1390 2155 «
1419 2108 1566 2160 Deus
1602 2107 1902 2161 temulator
1926 2109 1984 2160 et
2011 2105 2150 2160 ulci-

527 2217 689 2256 scens
709 2200 1003 2268 Dominus,
1031 2203 1089 2254 et
1112 2200 1332 2257 habens
1351 2200 1640 2268 furorem;
1671 2199 1947 2255 ulciscens
1972 2199 2154 2254 Domi-

527 2309 634 2348 nus
659 2293 717 2348 in
748 2293 938 2348 hostes
975 2308 1128 2363 suos,
1160 2297 1218 2348 et
1262 2292 1514 2348 irascens
1554 2293 1673 2365 ipse
1711 2291 1959 2347 inimicis
1999 2292 2148 2361 suis;

527 2391 660 2442 ante
690 2385 896 2441 faciem
923 2385 1340 2457 indignationis
1377 2387 1502 2457 ejus
1545 2385 1670 2456 quis
1709 2385 1892 2450 stabit,
1926 2388 1984 2439 et
2027 2384 2153 2456 quis

524 2479 751 2534 resistet
775 2479 834 2533 in
855 2479 942 2534 ira
963 2447 1172 2534 furoris
1197 2479 1244 2549 ej
1255 2496 1317 2532 us
1333 2447 1705 2569 illbdignatio
1735 2479 1785 2548 ej
1795 2496 1856 2532 us
1877 2447 2064 2533 effusa
2071 2483 2155 2534 est

523 2573 666 2627 sicut
694 2571 844 2644 ignis
869 2574 928 2625 et
952 2576 1131 2642 petrae
1156 2571 1444 2626 dissoluta:
1474 2575 1606 2626 sunt
1630 2572 1700 2626 ab
1727 2588 1816 2626 eo.
1851 2574 2039 2626 Bonus
2069 2575 2156 2626 est

523 2665 799 2720 Dominus
830 2668 887 2718 et
917 2665 1247 2719 confortans
1271 2664 1330 2718 in
1361 2664 1452 2720 die
1481 2665 1862 2719 tribulationis
1889 2669 1946 2719 et
1970 2665 2155 2719 sciens

527 2763 826 2830 sperantes
856 2757 917 2812 in
947 2774 1005 2811 se
1028 2757 1286 2827 (Nahum.
1319 2774 1357 2824 ι,
1391 2759 1464 2828 2),
1493 2778 1519 2806 ››
1540 2763 1596 2812 et
1614 2758 1850 2828 reliqua.
1875 2757 2154 2820 Quaedam

524 2857 720 2907 autem
766 2867 832 2904 ex
872 2850 960 2904 his
999 2850 1124 2920 jam
1166 2850 1292 2904 aliis
1340 2850 1609 2904 fratribus
1653 2850 1999 2922 scripsimus,
2029 2865 2155 2921 quas

524 2944 696 3000 toties
723 2946 858 2998 sunt
883 2943 1213 3014 replicanda
1257 2942 1520 3014 quotiens
1562 2943 1776 3000 fuerint
1812 2943 2151 3000 necessaria.

525 3037 873 3109 Ejectionem
900 3051 1130 3107 quoque
1159 3035 1244 3107 (ut
1273 3053 1445 3108 supra
1464 3041 1851 3093 memoratum
1881 3037 1983 3108 est)
2009 3053 2157 3091 sum-

523 3147 754 3188 morum
797 3130 1154 3186 sacerdotum
1203 3130 1308 3185 sibi
1349 3130 1623 3186 Dominus
1664 3130 1993 3198 reservavit,
2025 3130 2158 3186 licet
2175 3172 2229 3248 Ο

531 3225 864 3248 ΑΙ--ι;,...-...
892 3240 1083 3248 ..Α-.-.κ
1105 3222 1267 3248 ιλιι..
1292 3224 1677 3248 ,Αλλκλλιέιιηη
1704 3229 1754 3248 ιιι
1772 3223 2152 3248 -..ε..;ι.-,.ι;ιι.--

525 3225 870 3280 electionem
889 3240 1089 3278 eorum
1104 3222 1270 3278 bonis
1291 3224 1680 3280 sacerdotibus
1701 3229 1756 3279 et
1771 3223 2155 3294 spiritualibus

525 3317 749 3390 populis
765 3317 1152 3373 concessisset.
1173 3317 1525 3390 Ejectionem
1546 3317 1702 3372 enim
1719 3317 1950 3372 illorum
1969 3317 2156 3373 taliter

525 3412 817 3484 apostolus
832 3411 956 3467 ﬁeri
968 3411 1136 3482 jubet
1157 3409 1222 3472 νά
1246 3410 1304 3466 Si
1319 3411 1446 3482 quis
1467 3411 1592 3466 sine
1611 3410 1849 3466 crimine
1867 3413 1970 3479 est,
1983 3409 2155 3466 unius

527 3506 713 3562 uxoris
739 3505 925 3561 virum
945 3503 1092 3560 ﬁlios
1117 3504 1428 3560 habentem
1447 3503 1665 3572 ﬁdeles,
1695 3520 1814 3559 non
1843 3503 1905 3560 in
1933 3520 2156 3559 accusa-

526 3600 682 3656 tione
711 3599 965 3666 luxuriae,
993 3601 1092 3653 aut
1115 3614 1233 3654 non
1259 3598 1512 3654 subditos
1541 3598 1671 3667 (Tit.
1701 3615 1739 3665 ι,
1769 3599 1844 3668 6),
1879 3617 1907 3650 ››
1940 3603 1998 3653 et
2021 3597 2151 3652 reli-

525 3708 657 3765 qua.
682 3693 740 3748 Si
759 3693 918 3748 enim
940 3691 1063 3745 sine
1093 3691 1334 3744 crimine
1365 3691 1633 3745 sacerdos
1650 3691 1785 3761 eligi
1804 3690 2153 3761 praecipitur,

526 3786 854 3840 nullatenus
881 3784 952 3838 ab
980 3783 1314 3837 hominibus
1341 3781 1676 3840 criminibus
1703 3781 1955 3836 irretitus
1988 3797 2153 3836 accu-

526 3799 854 3840 nuuatenus
881 3799 952 3838 an
980 3799 1314 3837 nominibus
1341 3799 1606 3837 criminin
1651 3799 1676 3835 s
1703 3799 1955 3836 irretitus
1988 3799 2153 3836 accu-

524 3877 636 3933 sari
662 3881 762 3931 aut
789 3875 1128 3931 calumniari
1170 3799 1679 3961 permittitur/{sic
1720 3874 1792 3929 ab
1829 3874 1954 3930 aliis
1982 3889 2157 3945 quam

528 3971 600 4026 ab
639 3970 727 4025 his
775 3969 874 4040 qui
915 3968 1038 4022 sine
1079 3967 1319 4022 crimine
1367 3973 1518 4038 sunt,
1564 3971 1623 4022 et
1657 3968 1815 4039 justa
1857 3967 2155 4035 electione,

529 4065 576 4119 si
615 4063 916 4119 necessitas
958 4061 1150 4128 fuerit,
1184 4064 1285 4116 aut
1323 4061 1428 4133 ipsi
1471 4061 1713 4116 volendo
1761 4061 2006 4117 Domino
2045 4077 2158 4116 ser-

525 4157 646 4212 vire
681 4155 980 4226 elegerint,
1009 4154 1443 4226 sacerdotesque
1485 4154 1606 4210 sine
1641 4155 1879 4210 crimine
1924 4154 2050 4209 ﬁeri
2101 4159 2159 4209 et

529 4249 786 4305 ordinari
822 4248 1060 4320 possint,
1106 4251 1164 4302 et
1199 4249 1336 4304 tales
1365 4265 1470 4320 per
1496 4249 1687 4304 omnia
1713 4248 1928 4304 fuerint
1962 4249 2158 4319 quales

530 4265 786 4305 ordinari
822 4265 1060 4320 pOSSlnI,
1106 4265 1164 4302 et
1199 4265 1336 4304 tales
1407 4265 1470 4303 er
1496 4265 1687 4304 omnia
1713 4265 1928 4304 ruerint
1962 4265 2158 4319 quales

530 4343 667 4414 eligi
693 4342 1015 4412 sacerdotes
1033 4265 1530 4498 jubentulr/gorro
1553 4347 1612 4397 et
1633 4342 1804 4414 Moysi
1835 4342 2160 4413 praecipitur

531 4441 594 4492 ut
622 4437 800 4498 eligat
822 4435 1203 4498 presbyteros,
1233 4453 1269 4489 u
1317 4436 1386 4491 de
1416 4440 1474 4491 et
1501 4437 1559 4491 in
1586 4435 1902 4491 Proverbiis
1929 4435 2156 4498 dicitur,

531 4441 594 4492 ut
622 4437 800 4508 eligat
822 4435 1203 4506 presbyteros,
1233 4435 1386 4498 mide
1416 4440 1474 4491 et
1501 4437 1559 4491 in
1586 4435 1902 4491 Proverbiis
1929 4435 2156 4506 dicitur,

2250 708 2458 763 mentis
2485 708 2619 774 suis,
2640 707 2696 762 id
2721 712 2824 777 est,
2844 707 3058 760 lineam
3079 705 3326 760 tunicam
3347 709 3404 760 et
3419 705 3896 777 superhumerale

2252 805 2308 855 et
2328 801 2606 855 rationale
2628 800 2781 872 quod
2799 799 3152 870 constringes
3170 798 3382 868 balteo,
3401 801 3458 856 et
3481 814 3661 870 pones
3683 798 3896 853 tiaram

2248 894 2307 950 in
2337 895 2523 965 capite
2553 894 2695 964 ejus,
2716 899 2774 950 et
2797 893 3077 950 laminam
3107 897 3363 948 sanctam
3390 908 3561 962 super
3585 891 3818 957 tiaram,
3835 895 3896 947 et

2252 989 2442 1044 oleum
2468 986 2756 1042 unctionis
2783 986 2989 1041 fundes
3017 1002 3189 1059 super
3212 990 3385 1058 caput
3417 985 3557 1056 ejus,
3585 989 3756 1056 atque
3784 985 3895 1038 hoc

2251 1082 2363 1137 ritu
2389 1079 2813 1136 consecrabitur
2845 1080 3107 1135 Domino.
3142 1079 3314 1134 Filios
3345 1094 3573 1150 quoque
3604 1077 3755 1134 illius
3787 1095 3891 1148 ap-
3953 1148 3964 1154 _

2250 1174 2488 1247 plicabis
2525 1179 2582 1228 et
2625 1173 2831 1229 indues
2875 1172 3085 1227 tunicis
3130 1172 3298 1227 lineis
3346 1171 3651 1244 cingesque
3699 1171 3893 1225 balteo

2250 1271 2436 1322 Aaron
2465 1271 2522 1320 et
2551 1267 2758 1323 liberos
2784 1267 2906 1337 ejus
2939 1271 2994 1321 et
3027 1268 3290 1336 impones
3320 1264 3522 1320 mitras
3553 1265 3655 1333 eis,
3687 1267 3894 1318 erunt-

2254 1378 2365 1433 que
2391 1360 2717 1417 sacerdotes
2741 1360 2886 1416 mihi
2912 1359 3188 1430 religione
3218 1362 3493 1430 perpetua
3515 1359 3708 1426 (Exod.
3742 1373 3892 1424 mx,

2251 1455 2325 1525 4).
2359 1477 2386 1505 ››
2423 1454 2548 1518 Quo
2575 1455 2700 1509 loco
2724 1452 3102 1524 contemplari
3131 1456 3354 1524 oportet
3382 1454 3566 1508 Aaron
3594 1467 3894 1506 summum

2253 1547 2630 1617 sacerdotem,
2671 1546 2729 1601 id
2774 1551 2858 1602 est
2906 1546 3236 1617 episcopum
3278 1545 3472 1615 fuisse,
3519 1562 3692 1617 porro
3741 1544 3896 1600 ﬁlios

2253 1641 2378 1712 ejus
2394 1641 2859 1712 presbyterorum
2878 1639 3300 1694 demonstrasse
3316 1640 3584 1710 ﬁguram.
3602 1640 3716 1693 Hoc
3735 1639 3894 1693 enim

2253 1735 2361 1790 fuit
2387 1733 2536 1789 inter
2564 1736 2756 1789 Aaron
2786 1749 3075 1788 summum
3116 1733 3470 1788 sacerdotem
3501 1736 3558 1785 et
3597 1731 3738 1786 ﬁlios
3766 1731 3898 1801 ejus

2253 1827 2348 1899 qui
2393 1828 2708 1884 sacerdotes
2757 1830 2940 1895 erant,
2987 1827 3139 1898 quod
3187 1830 3377 1881 Aaron
3418 1839 3593 1896 super
3632 1825 3893 1879 tunicam

2254 1921 2566 1992 accipiebat
2615 1920 2910 1992 poderem,
2959 1921 3165 1975 stolam
3209 1925 3478 1988 sanctam,
3520 1924 3576 1974 et
3618 1934 3896 1974 coronam

2253 2031 2511 2083 auream,
2541 2014 2772 2068 mitram
2801 2019 2858 2068 et
2893 2030 3100 2069 zonam
3139 2030 3396 2079 auream,
3426 2016 3481 2069 et
3509 2012 3893 2084 superhume-

2252 2109 2392 2176 rale,
2421 2111 2479 2162 et
2505 2107 2722 2178 reliqua
2747 2123 2875 2178 quae
2901 2106 3134 2178 praeﬁxa
3153 2110 3316 2161 sunt:
3343 2105 3445 2160 ﬁlii
3473 2109 3666 2162 autem
3698 2107 3893 2159 Aaron

2253 2217 2424 2272 super
2466 2200 2687 2256 tunicas
2731 2200 2912 2256 lineas
2959 2200 3128 2255 cincti
3181 2198 3581 2254 tantummodo
3611 2202 3667 2253 et
3703 2197 3898 2253 tiarati

2253 2294 2594 2350 assistebant
2624 2293 2896 2348 sacriﬁcio
2928 2292 3184 2361 Domini;
3212 2293 3274 2347 in
3301 2294 3454 2348 Novo
3490 2295 3682 2347 autem
3709 2291 3898 2345 Testa-

2253 2392 2449 2444 mento
2489 2392 2619 2458 post
2663 2387 2952 2442 Christum
2994 2385 3304 2442 Dominum
3346 2389 3609 2441 nostrum
3654 2401 3687 2439 a
3726 2386 3896 2440 Petro

2253 2481 2615 2536 sacerdotalis
2644 2481 2810 2552 coepit
2837 2481 3002 2547 ordo,
3027 2480 3163 2551 quia
3188 2479 3295 2551 ipsi
3315 2479 3500 2550 primo
3527 2477 3897 2550 pontiﬁcatus

2254 2575 2312 2628 in
2360 2574 2605 2629 Ecclesia
2650 2573 2857 2630 Christi
2903 2573 3067 2628 datus
3114 2577 3216 2641 est,
3259 2573 3483 2628 dicente
3531 2572 3770 2626 Domino
3819 2571 3892 2625 ad

2255 2684 2390 2722 eum
2419 2686 2433 2722 :
2466 2686 2493 2719 ς(
2521 2669 2602 2722 Tu
2635 2684 2696 2721 es
2722 2667 2945 2738 (inquit)
2975 2669 3175 2721 Petrus
3204 2672 3261 2722 et
3291 2682 3464 2737 super
3487 2666 3635 2719 hanc
3665 2668 3896 2736 petram

2255 2760 2546 2816 mdiﬁcabo
2597 2761 2905 2816 Ecclesiam
2950 2777 3161 2828 meam,
3209 2765 3266 2814 et
3311 2764 3492 2831 portae
3547 2758 3716 2812 inferi
3775 2774 3898 2812 non

2254 2855 2644 2925 praevalebunt
2666 2854 2938 2910 adversus
2964 2870 3111 2921 eam,
3142 2857 3200 2909 et
3226 2853 3508 2925 tibi.dabo
3546 2853 3731 2907 claves
3763 2849 3814 2922 1
3833 2850 3894 2923 6

2254 2904 2422 3019 ;egni
2463 2949 2734 3004 calorum
2762 2949 2976 3016 (Matth.
3016 2904 3129 3014 xvi,
3165 2949 3268 3018 l8).
3301 2904 3456 3094 illic
3495 2962 3634 3018 ergo
3671 2904 3892 3016 liga-udi

2256 3047 2426 3094 atque
2447 3042 2706 3094 solvendi
2732 3045 3079 3094 notestatem
3104 3041 3324 3094 primus
3379 3039 3560 3094 ccenit
3576 3055 3610 3094 a
3628 3038 3891 3094 Domino.

2256 3047 2426 3114 atque
2447 3042 2706 3098 solvendi
2732 3045 3079 3114 potestatem
3104 3041 3324 3112 primus
3341 3038 3560 3110 decepit
3576 3055 3610 3094 a
3628 3038 3891 3102 Domino,

2255 3135 2587 3206 primusque
2610 3135 2681 3190 ad
2702 3135 2876 3190 ﬁdem
2896 3135 3173 3206 populum
3202 3134 3383 3205 gratia
3406 3133 3521 3200 Dei,
3543 3133 3752 3187 virtute
3774 3148 3893 3187 sua!

2253 3229 2673 3300 praedicationis
2731 3229 2985 3284 adduxit.
3031 3228 3230 3283 Caeteri
3281 3243 3414 3282 vero
3469 3226 3706 3298 apostoli
3761 3242 3894 3280 cum

2254 3323 2455 3378 eodem
2483 3322 2608 3394 pari
2635 3321 2923 3380 consortio
2952 3322 3234 3376 honorem
3276 3324 3332 3375 et
3361 3322 3703 3392 potestatem
3733 3334 3894 3374 acce-

2254 3421 2480 3487 perunt,
2515 3416 2820 3488 ipsumque
2847 3415 3167 3487 principem
3195 3430 3397 3470 eorum
3423 3429 3542 3470 esse
3571 3413 3891 3468 voluerunt.

2256 3509 2365 3574 Qui
2403 3509 2596 3579 etiam,
2628 3509 2867 3581 jubente
2917 3508 3176 3575 Domino,
3218 3507 3277 3560 in
3318 3511 3438 3562 toto
3476 3506 3612 3562 orbe
3652 3505 3894 3578 dispersi

2254 3603 2624 3674 Evangelium
2666 3601 3138 3674 praedicaverunt,
3166 3600 3302 3669 ipsis
3329 3616 3558 3670 quoque
3605 3599 3893 3655 deceden-

2256 3695 2406 3749 tibus
2433 3696 2492 3749 in
2532 3696 2720 3750 locum
2773 3709 2973 3749 eorum
3024 3695 3412 3746 successerunt
3457 3693 3725 3764 episcopi,
3759 3709 3897 3764 quo-

2255 3803 2385 3842 rum
2409 3787 2692 3842 ordinatio
2714 3788 3024 3858 prmtaxato
3045 3785 3166 3841 ﬁeri
3184 3785 3356 3840 debet
3375 3754 3578 3840 ordine
3601 3754 3666 3839 et
3682 3754 3860 3842 modo

2257 3895 2399 3952 quos
2425 3879 2522 3951 qui
2555 3879 2758 3951 recipit
2786 3884 2842 3935 et
2870 3879 3040 3934 verba
3071 3894 3289 3948 eorum,
3323 3879 3636 3934 Dominum
3663 3879 3897 3951 recipit.

2256 3974 2363 4042 Qui
2404 3977 2594 4028 autem
2636 3989 2730 4028 eos
2778 3973 3014 4044 spernit,
3053 3989 3186 4026 eum
3230 3990 3263 4028 a
3293 3989 3407 4044 quo
3453 3971 3609 4026 missi
3650 3977 3805 4038 sunt,
3842 3977 3904 4027 et

2251 4069 2417 4139 cujus
2467 4067 2788 4138 funguntur
2824 4067 3111 4138 legatione
3157 4066 3375 4138 spernit
3414 4071 3472 4120 et
3509 4065 3630 4138 ipse
3672 4066 3903 4121 indubi-

2259 4164 2450 4216 tanter
2476 4164 2780 4232 spernetur
2807 4177 2841 4215 a
2881 4160 3140 4215 Domino.

2326 4254 2594 4310 Videntes
2621 4258 2814 4309 autem
2839 4253 2948 4325 ipsi
2967 4252 3210 4324 apostoli
3233 4268 3478 4306 messem
3502 4268 3624 4306 esse
3648 4251 3902 4308 multam

2260 4352 2318 4402 et
2352 4347 2636 4419 operarios
2674 4363 2902 4418 paucos,
2948 4351 3295 4418 rogaverunt
3335 4345 3643 4419 Dominum
3692 4347 3904 4401 messis

2259 4445 2323 4496 ut
2347 4441 2600 4496 mitteret
2627 4440 2912 4512 operarios
2949 4440 3007 4494 in
3049 4455 3294 4494 messem
3322 4438 3531 4506 suam]
3541 4439 3697 4494 Unde
3727 4438 3902 4495 electi

530 4529 712 4603 gloria
731 4545 936 4585 senum
963 4529 1218 4620 canities.
1242 4530 1372 4584 Haec
1399 4545 1533 4585 vero
1559 4529 1797 4586 canities
1822 4530 2158 4601 sapientiam
2176 4540 2236 4614 D
2257 4540 2391 4591 sunt
2433 4535 2504 4589 ab
2553 4535 2634 4590 eis
2671 4534 3032 4606 septuaginta
3080 4533 3361 4605 discipuli,
3402 4549 3646 4604 quorum
3688 4536 3904 4603 typum

531 4624 813 4696 designat,
859 4623 930 4677 de
977 4639 1090 4695 qua
1129 4622 1401 4694 scriptum
1442 4626 1547 4678 est.
1580 4624 1826 4679 Canities
1855 4623 2162 4680 hominum
2262 4633 2469 4701 gerunt
2494 4628 2829 4700 presbyteri,
2864 4634 3037 4698 atque
3066 4628 3124 4682 in
3151 4643 3352 4681 eorum
3383 4626 3573 4681 locum
3601 4631 3733 4680 sunt
3753 4643 3905 4682 con-

527 4718 836 4790 prudentia
865 4721 971 4785 est,
993 4732 1236 4788 cumque
1262 4720 1591 4788 nongentos
1621 4721 1679 4772 et
1708 4718 1951 4790 amplius
1979 4736 2162 4775 annos

529 4813 602 4867 ab
627 4813 812 4867 Adam
841 4827 1018 4884 usque
1045 4811 1120 4865 ad
1142 4811 1432 4865 Abraham
1465 4811 1664 4866 vixisse
1703 4812 1970 4867 homines
2003 4814 2159 4885 lege-

531 4905 734 4973 rimus,
761 4905 950 4960 nullus
978 4904 1121 4959 alius
1150 4903 1370 4975 primus
1395 4905 1715 4975 appellatus
1737 4908 1822 4959 est
1839 4906 2157 4978 presbyter,

533 4997 594 5052 id
620 5000 708 5052 est
727 4997 936 5070 senior,
962 4997 1070 5052 nisi
1097 4997 1388 5052 Abraham
1432 4997 1530 5068 qui
1573 4998 1751 5052 multo
1798 4998 2160 5069 paucioribus

533 5091 732 5145 vixisse
760 5089 925 5145 annis
954 5091 1311 5146 convincitur
1337 5107 1350 5147 :
1375 5107 1493 5146 non
1525 5107 1662 5162 ergo
1698 5095 1934 5163 propter
1961 5093 2155 5149 decre-

534 5183 712 5256 pitam
734 5188 1101 5251 senectutem,
1117 5185 1214 5238 sed
1234 5189 1468 5257 propter
1487 5185 1825 5256 sapientiam
1845 5188 2160 5259 presbyteri

535 5278 928 5334 nominantur.
980 5276 1210 5333 Initium
1255 5278 1410 5333 enim
1455 5277 1756 5335 sacerdotii
1797 5283 1983 5336 Aaron
2011 5282 2157 5349 fuit,

536 5369 1122 5440 licetlllelchisedech
1171 5371 1328 5442 prior
1375 5372 1645 5428 obtulerit
1696 5373 2054 5443 sacriﬁcium,
2105 5378 2162 5428 et

534 5469 663 5538 post
687 5465 838 5520 hunc
865 5465 1172 5532 Abraham,
1204 5466 1352 5521 Isaac
1380 5471 1437 5522 et
1465 5468 1654 5523 Jacob.
1690 5468 1802 5523 Sed
1839 5467 1896 5522 hi
1931 5471 2158 5539 sponta-

534 5577 644 5618 nea
670 5560 964 5632 voluntate
993 5575 1111 5616 non
1138 5561 1468 5616 sacerdotali
1491 5562 1848 5629 auctoritate,
1879 5561 1984 5616 ista
2008 5561 2160 5616 fece-

475 5677 480 5680 ·
533 5654 1004 5726 runt/Caeterum
1050 5659 1232 5710 Aaron
1275 5654 1492 5726 primus
1538 5654 1596 5709 in
1636 5655 1765 5726 lege
1811 5655 2164 5711 sacerdotale

535 5747 751 5806 nomien
781 5749 1001 5820 accepit
1024 5749 1354 5819 primusque
1386 5747 1694 5818 pontiﬁcali
1735 5751 1877 5803 stola
1911 5750 2160 5817 indutus,

532 5844 788 5900 victimas
834 5842 1057 5909 obtulit,
1094 5841 1328 5915 jubente
1381 5840 1621 5895 Domino
1665 5857 1726 5896 ac
1777 5843 2042 5914 loquente
2092 5845 2161 5898 ad

2259 4723 2439 4778 stituti
2467 4723 2525 4777 in
2553 4722 2820 4790 Ecclesia,
2863 4722 2934 4776 de
2971 4737 3219 4794 quorum
3266 4719 3644 4784 ordinatione,
3671 4722 3728 4794 et
3761 4721 3903 4774 reli-

2259 4723 2439 4778 stituti
2467 4723 2525 4777 in
2553 4722 2820 4790 Ecclesia,
2863 4722 2934 4776 de
2971 4737 3219 4794 quorum
3266 4722 3644 4784 ordinatione,
3761 4722 3902 4774 reli-

2259 4833 2505 4888 quorum
2538 4817 2952 4883 ministrorum,
2981 4815 3190 4870 dixisse
3218 4829 3390 4884 supra
3422 4722 3728 4960 sufﬁciai
3717 4813 3902 4868 Porro

2259 4911 2409 4960 quod
2439 4911 2735 4960 enisconus
2765 4926 2882 4960 non
2911 4909 2983 4960 ab
3012 4925 3146 4960 uno.
3167 4907 3264 4960 sed
3293 4924 3326 4960 ει
3357 4906 3592 4960 cunctis.
3611 4922 3640 4960 c
3682 4921 3902 4960 nsensu

2259 4911 2410 4982 quod
2439 4911 2735 4982 episcopus
2765 4926 2882 4964 non
2911 4909 2983 4963 ab
3012 4925 3146 4976 uno,
3167 4907 3264 4962 sed
3293 4924 3326 4961 a
3357 4906 3592 4972 cunctis,
3611 4906 3902 4962 cdnsensu

2262 5008 2360 5059 aut
2406 5002 2711 5075 praesentia
2759 4999 3323 5073 comprovincialium
3385 5005 3470 5054 est
3516 4999 3902 5065 ordinandus,

2261 5103 2317 5152 et
2342 5097 2662 5151 nullatenus
2692 5094 2882 5149 minus
2919 5111 3092 5166 quam
3130 5111 3164 5149 a
3195 5093 3376 5148 tribus
3401 5092 3618 5148 caeteris
3650 5108 3903 5148 consen-

2260 5188 2532 5246 tientibus
2577 5188 2814 5255 cunctis,
2845 5188 3076 5258 idcirco,
3108 5187 3440 5242 instituente
3477 5184 3737 5252 Domino,
3770 5186 3907 5241 ﬁeri

2255 5283 2508 5354 jubetur,
2558 5298 2631 5337 ne
2686 5282 2898 5354 aliquid
2954 5286 3148 5337 contra
3184 5281 3378 5336 ﬁdem'
3404 5279 3666 5334 Ecclesiae
3728 5279 3908 5334 unius

2261 5375 2556 5447 tyrannica
2593 5375 2897 5431 auctoritas
2938 5376 3259 5444 moliretur,
3293 5378 3348 5430 et
3391 5374 3590 5444 regula
3627 5373 3714 5428 vel
3752 5371 3906 5427 ﬁdes

2263 5469 2711 5524 confunderetur
2733 5469 3113 5525 credentium.
3147 5466 3454 5525 Provinciis
3483 5471 3674 5522 autem
3713 5466 3908 5522 multo

2263 5568 2393 5619 ante
2423 5562 2630 5618 Christi
2655 5563 2960 5620 adventum
2985 5568 3243 5635 tempore
3277 5561 3466 5617 divisae
3490 5565 3622 5615 sunt
3648 5559 3907 5616 maxima

2263 5673 2332 5711 ex
2364 5658 2542 5727 parte,
2575 5659 2632 5710 et
2659 5661 2853 5728 postea
2892 5657 2961 5711 ab
2992 5656 3278 5728 apostolis,
3307 5659 3364 5710 et
3400 5654 3571 5708 beato
3602 5653 3904 5710 Clemente

2264 5749 2668 5821 praedecessore
2694 5753 2909 5818 nostro,
2942 5751 3061 5821 ipsa
3087 5749 3285 5804 divisio
3317 5752 3402 5803 est
3442 5751 3727 5816 renovata,
3752 5750 3812 5800 et
3841 5747 3906 5805 in

2264 5843 2442 5916 capite
2466 5843 3026 5916 provinciammmbi
3042 5842 3254 5902 dudum
3273 5843 3545 5915 primates
3574 5841 3712 5912 legis
3728 5846 3904 5920 erant
