4068 6326
180 355 234 413 73
1393 361 1860 420 DECRETALIUM
1897 364 2281 424 COLLECTIO.
3449 371 3516 432 7i

181 470 352 527 saeculi
377 485 443 528 ac
459 469 644 544 prima
662 469 1267 543 judiciariapotestas,
1295 473 1364 527 ad
1396 489 1540 545 quos
1565 475 1662 546 qui
1688 491 1791 547 per
1812 493 1870 566 Α
1889 479 2134 533 tenenda
2161 479 2510 551 temporibus
2553 479 2852 551 mittimus,
2897 486 2953 537 et
2977 463 3212 556 reliquis
3245 465 3516 542 fratribus

181 565 408 638 reliquas
419 565 672 620 civitates
683 565 1202 633 commorabantur,
1219 566 1450 638 quando
1466 566 1547 622 eis
1560 584 1794 624 necesse

180 662 288 713 erat
309 659 408 732 qui
421 659 496 713 ad
511 660 704 714 aulam
731 659 1166 731 imperatorum,
1180 663 1243 715 ut
1262 676 1467 732 regum
1481 661 1792 734 confugere

181 769 284 807 non
313 756 592 823 poterant,
623 752 711 808 vel
734 752 937 824 quibus
963 753 1303 824 permissum
1335 770 1453 809 non
1481 758 1624 825 erat,
1655 771 1791 810 con-

179 845 460 917 fugiebant
501 863 606 918 pro
655 845 1114 918 oppressionibus
1159 846 1310 917 suis,
1361 847 1450 902 vel
1499 847 1793 919 injustitiis

177 939 300 1005 suis,
327 939 593 1011 ipsosque
623 939 1006 1011 appellabant,
1048 940 1271 1011 quoties
1307 957 1450 1012 opus
1475 944 1618 1008 erat,
1651 942 1794 998 sicut

177 1033 231 1086 in
250 1034 366 1104 lege
395 1049 596 1088 eorum
626 1036 978 1104 praeceptum
1006 1037 1145 1102 erat,
1166 1033 1305 1105 ipsis
1331 1051 1559 1106 quoque
1575 1035 1636 1090 in
1655 1036 1788 1090 civi-

175 1126 371 1181 tatibus
412 1128 500 1182 vel
548 1126 684 1181 locis
724 1126 952 1194 nostris,
997 1127 1345 1198 patriarchas
1385 1127 1474 1183 vel
1517 1128 1792 1200 primates

175 1221 265 1291 qui
289 1236 461 1275 unam
482 1221 729 1276 formam
758 1224 974 1289 tenent,
996 1220 1132 1275 licet
1151 1219 1374 1276 diversa
1396 1221 1512 1276 sint
1531 1222 1788 1290 nomina,

174 1315 321 1384 leges
366 1313 574 1368 divinae
617 1316 675 1368 et
715 1295 1108 1368 ecclesiasticae
1163 1315 1297 1384 poni
1334 1317 1414 1370 .et
1456 1330 1578 1370 esse
1616 1316 1790 1387 jussa

174 1411 316 1476 sunt,
333 1406 405 1461 ad
419 1423 565 1478 quos
580 1406 852 1478 episcopi,
870 1406 914 1460 si
931 1423 1161 1462 necesse
1182 1406 1375 1474 fuerit,
1393 1408 1788 1480 confugerent,

174 1515 376 1570 eosque
409 1498 789 1571 appellarent,
821 1504 879 1555 et
902 1499 1010 1571 ipsi
1036 1499 1352 1570 primatum
1376 1500 1613 1558 nomine
1639 1501 1790 1557 frue-

175 1595 382 1660 rentur,
425 1595 483 1646 et
529 1608 645 1648 non
699 1591 814 1647 alii.
855 1592 1110 1664 Reliquae
1154 1609 1290 1650 vero
1338 1594 1792 1666 metropolitana

172 1685 438 1752 civitates,
475 1701 605 1756 qua
640 1685 890 1741 minores
925 1685 1146 1756 judices
1173 1686 1484 1755 habebant,
1514 1687 1649 1743 licet
1674 1692 1811 1744 ma-'

163 1780 310 1849 jores
372 1778 676 1834 comitibus
725 1781 932 1848 essent,
991 1779 1274 1836 haberent
1321 1781 1792 1854 metropolitanos

1890 572 2261 643 pradicanda,
2319 590 2384 628 ac
2433 575 2647 631 cunctis
2689 574 2950 632 ﬁdelibus
3008 578 3288 635 tradenda
3344 597 3516 636 man-

1890 665 2109 733 damus,
2138 683 2211 722 ne
2237 670 2531 737 pastorum
2556 668 2844 740 imperitia
2874 671 2974 743 qui
3008 675 3324 743 sequuntur
3349 674 3514 729 dete-

1891 759 2072 815 riores
2101 758 2262 828 ﬁant,
2281 759 2503 816 dicente
2525 746 2775 816 Domind
2788 780 2896 835 per
2919 765 3258 837 prophetam
3292 785 3305 823 :
3345 788 3372 816 «
3403 762 3513 839 Ipsi

1891 854 2148 924 pastores
2163 852 2570 924 ignoraverunt
2593 855 3033 928 intelligentiam
3057 859 3206 928 (Isai.
3224 877 3330 927 LVI,
3353 865 3374 916 1
3389 862 3513 931 1),»

1891 962 2032 1016 quos
2051 962 2245 1001 rursus
2268 945 2538 1002 Dominus
2557 947 2888 1018 detestatur,
2921 951 3116 1008 dicens
3139 969 3153 1007 :
3181 975 3210 1003 «
3237 955 3306 1010 Et
3323 957 3517 1012 tenen-

1890 1043 1976 1094 tes
2013 1040 2202 1110 legem
2230 1038 2550 1094 nescierunt
2587 1057 2681 1095 me
2712 1041 2840 1112 (Jer.
2871 1059 2930 1114 ιι,
2961 1047 3034 1115 8).
3068 1065 3097 1094 ››
3127 1045 3338 1102 Nesciri
3375 1027 3513 1120 ergo

1891 1131 2097 1187 veritas
2121 1148 2182 1186 se
2210 1132 2280 1186 ab
2303 1131 2383 1187 eis
2404 1133 2790 1204 conqueritur,
2812 1140 2869 1191 et
2898 1137 3115 1194 nescire
3142 1155 3201 1193 se
3232 1140 3517 1212 principa-

1890 1228 2014 1280 tum
2041 1224 2420 1281 nescientium
2435 1228 2801 1296 protestetur,
2821 1227 2951 1298 quia
2971 1231 3221 1301 profecto
3242 1231 3301 1287 hi
3329 1233 3428 1305 qui
3451 1251 3518 1290 ea

1892 1335 2021 1389 qua
2055 1323 2186 1374 sunt
2228 1318 2459 1374 Domini
2487 1319 2761 1388 nesciunt,
2807 1337 2841 1375 a
2873 1321 3118 1378 Domino
3164 1325 3516 1394 nesciuntur,

1889 1411 2064 1468 Paulo
2096 1414 2420 1480 attestante,
2456 1412 2554 1484 qui
2597 1411 2712 1468 ait:
2751 1434 2778 1463 «
2810 1413 2870 1469 Si
2911 1414 3038 1486 quis
3081 1416 3325 1489 ignorat,
3357 1419 3518 1491 igno-

1892 1501 2108 1556 rabitur
2138 1500 2187 1571 (I
2225 1501 2345 1557 Cor.
2397 1517 2506 1569 x1v,
2554 1501 2642 1572 38)
2673 1519 2686 1557 :
2716 1521 2744 1556 »
2797 1502 2932 1560 hinc
2975 1509 3034 1560 et
3067 1506 3367 1562 Psalmista
3404 1526 3517 1565 non

1891 1593 2140 1665 optantis
2165 1593 2379 1662 animo,
2411 1594 2512 1649 sed
2553 1596 2944 1666 prophetantis
2974 1599 3264 1670 mysterio,
3298 1601 3519 1656 denun-

1891 1687 2014 1757 tiat,
2039 1687 2232 1746 dicens
2256 1703 2268 1743 :
2295 1706 2323 1740 «
2341 1687 2724 1744 Obscurentur
2743 1689 3102 1749 oculieorum
3111 1709 3185 1749 ne
3205 1693 3450 1763 videant,
3466 1699 3524 1752 et

1893 1781 2128 1837 dorsum
2168 1797 2370 1837 eorum
2402 1797 2635 1854 semper
2661 1781 2894 1838 incurva
2934 1783 3100 1855 (Psal.
3129 1802 3314 1855 vam,
3342 1788 3427 1856 24)
3444 1806 3460 1859 ;
3489 1809 3518 1840 ››

171 1888 315 1941 suos,
339 1872 436 1944 qui
455 1871 744 1944 pradictis
765 1872 918 1943 juste
943 1871 1242 1929 obedirent
1264 1873 1622 1945 primatibus,
1649 1876 1794 1930 sicut
1812 1857 1868 1930 Β
1892 1874 2204 1937 obscuratis
2242 1890 2381 1946 ergo
2420 1874 2614 1942 oculis,
2665 1875 2899 1934 dorsum
2938 1877 3204 1948 ﬂectitur,
3249 1857 3521 1953 quoniam

169 1967 223 2019 in
247 1965 468 2036 legibus
495 1965 686 2020 saculi
714 1965 850 2020 olim
879 1965 1207 2021 ordinatum
1237 1971 1382 2037 erat,
1409 1967 1510 2038 qui
1531 1985 1646 2022 non
1676 1968 1793 2040 pri-

170 2061 403 2125 matum,
442 2059 545 2114 sed
589 2061 689 2112 aut
724 2059 1325 2130 metropolitanorum,
1375 2065 1474 2116 aut
1509 2061 1790 2134 archiepi-

169 2168 465 2224 scoporum
508 2151 743 2207 nomine
770 2151 1127 2221 fruerentur;
1158 2155 1217 2208 et
1245 2153 1378 2208 licet
1406 2154 1645 2224 singulae
1679 2171 1796 2211 me-

170 2245 411 2317 tropoles
450 2244 706 2300 civitates
745 2261 875 2300 suas
909 2245 1232 2317 provincias
1273 2246 1546 2316 habeant,
1580 2251 1638 2302 et
1666 2265 1794 2303 suos

166 2338 635 2411 metropolitanos
669 2338 888 2410 judices
930 2337 1141 2394 habere
1189 2339 1439 2396 debeant
1483 2341 1792 2412 episcopos,

166 2434 304 2488 sicut
325 2431 487 2504 prius
513 2431 992 2504 metropolitanos
1004 2432 1227 2503 judices
1253 2433 1539 2490 habebant
1559 2436 1792 2489 sacula-

167 2543 266 2595 res,
289 2525 567 2598 primates
589 2529 803 2594 tamen,
824 2529 888 2581 ut
904 2527 1204 2598 praeﬁxum
1215 2531 1318 2595 est,
1333 2530 1392 2583 et
1413 2531 1547 2582 tunc
1563 2533 1620 2584 et
1641 2545 1795 2583 nunc

165 2621 369 2676 habere
387 2620 563 2690 jussa
591 2623 742 2688 sunt,
771 2619 843 2674 ad
869 2636 1014 2691 quos
1039 2607 1177 2781 Vt
1202 2621 1397 2676 sedem
1423 2622 1794 2692 apostolicam

165 2731 386 2769 summa
429 2713 662 2781 negotia
694 2713 1035 2768 conveniant
1093 2717 1156 2768 ut
1187 2713 1400 2769 ibidem
1437 2715 1642 2781 quibus
1688 2733 1792 2769 ne-

165 2731 386 2769 summa
429 2713 662 2785 negotia
694 2713 1089 2781 conveniant/
1093 2717 1156 2768 ut
1187 2713 1400 2769 ibidem
1437 2715 1642 2786 quibus
1688 2733 1792 2769 ne-

164 2823 313 2862 cesse
365 2806 560 2876 fuerit,
609 2807 956 2873 releventur,
1006 2810 1063 2861 et
1103 2806 1258 2877 juste
1307 2807 1694 2875 restituantur,
1739 2811 1796 2863 et

166 2900 219 2954 hi
271 2900 371 2971 qui
440 2899 652 2971 injuste
715 2899 1137 2971 opprimuntur,
1187 2901 1340 2971 juste
1406 2901 1798 2957 reformentur

163 2999 331 3065 atque
348 2992 679 3062 fulciantur,
702 2993 1211 3065 episcoporumque
1233 3009 1437 3062 causae,
1459 2997 1516 3050 et
1535 3011 1794 3049 summo-

163 3103 290 3141 rum
333 3087 701 3157 negotiorum
745 3086 964 3157 judicia
1019 3087 1205 3156 (salva
1259 3088 1586 3159 apostolica
1636 3087 1798 3143 Sedis

160 3181 511 3250 auctoritate)
551 3180 866 3250 justissime
903 3180 1310 3235 terminentur.
1365 3182 1491 3236 Hac
1534 3181 1605 3236 ab
1647 3181 1794 3236 anti-

165 3274 312 3345 quis,
338 3274 462 3327 hac
487 3272 558 3327 ab
584 3273 872 3345 apostolis,
906 3273 1027 3328 hac
1057 3289 1091 3328 a
1117 3273 1325 3328 sanctis
1353 3273 1608 3345 patribus
1631 3290 1792 3329 acce-

162 3367 369 3438 pimus,
405 3365 674 3438 vobisque
708 3369 788 3435 (ut
824 3366 1162 3438 postulastis)
1199 3367 1464 3423 rimanda
1500 3370 1559 3422 et
1590 3367 1794 3423 futuris

1815 3225 1870 3299 C

1893 1985 2024 2023 cum
2041 1969 2239 2023 lumen
2253 1967 2503 2023 scientia
2519 1969 2770 2039 perdunt
2793 1970 2888 2042 qui
2907 1977 3190 2043 praeunt,
3211 1973 3332 2030 sine
3346 1975 3520 2031 dubio

1892 2062 1965 2116 ad
1989 2061 2269 2134 portanda
2302 2067 2662 2133 peccatorum
2699 2079 2874 2118 onera
2899 2063 3244 2123 inclinantur
3273 2084 3519 2140 sequen-

1891 2159 1994 2210 tes.
2050 2154 2150 2209 Hic
2195 2170 2333 2226 ergo
2392 2155 2544 2211 inter
2596 2172 2804 2211 manus
2852 2157 3166 2229 latronum,
3220 2163 3278 2216 et
3322 2161 3522 2218 dentes

1894 2247 2210 2304 furentium
2238 2249 2501 2320 luporum
2523 2252 2814 2320 utcunque
2834 2266 3142 2308 versamur.
3161 2253 3295 2308 Ideo
3318 2254 3525 2310 docere

1895 2341 2034 2396 alios
2062 2345 2121 2397 et
2142 2341 2420 2412 nosipsos,
2451 2344 2628 2413 prout
2653 2343 2926 2399 Dominus
2955 2345 3196 2415 dederit,
3224 2347 3523 2418 providere

1893 2435 2188 2491 debemus.
2233 2435 2379 2489 Sane
2429 2451 2725 2506 percussor
2773 2436 2868 2494 ille
2913 2437 3119 2494 dicitur
3160 2439 3381 2508 doctor,
3426 2441 3521 2513 qui

1893 2543 2158 2583 sermone
2188 2526 2378 2583 inutili
2413 2527 2823 2586 conscientiam
2863 2530 3107 2599 percutit
3139 2531 3519 2588 infirmorum.

1892 2621 2020 2676 Ideo
2063 2625 2257 2676 tenere
2297 2636 2397 2675 vos
2440 2623 2500 2675 et
2540 2636 2741 2675 omnes
2767 2622 2964 2677 ﬁdeles
2990 2626 3216 2695 oportet
3253 2641 3384 2681 eum
3423 2626 3521 2696 qui

1893 2713 2205 2768 secundum
2235 2712 2551 2769 doctrinam
2579 2715 2665 2768 est
2691 2713 2920 2770 ﬁdelem
2948 2732 3299 2784 sermonem,
3325 2721 3388 2772 ut
3416 2735 3519 2789 po-

1895 2811 2021 2867 tens
2061 2806 2135 2860 sit
2173 2806 2458 2862 consolari
2495 2805 2755 2861 doctrina
2787 2811 3003 2877 sancta,
3051 2811 3109 2864 et
3137 2810 3524 2866 contradicen-

1894 2904 1978 2954 tes
2006 2900 2376 2971 redarguere,
2406 2904 2462 2955 et
2482 2903 2634 2956 recte
2661 2901 2910 2956 viventes
2932 2904 3103 2973 atque
3118 2905 3329 2958 rectam
3351 2903 3522 2959 ﬁdem

1893 2997 2155 3048 tenentes
2175 2993 2547 3048 consolidare.
2570 2994 2683 3050 lllis
2701 3011 2837 3066 ergo
2855 2995 2952 3066 qui
2973 2995 3168 3051 dicunt
3184 2997 3336 3068 quod
3350 2997 3523 3052 Filius

1894 3087 1954 3142 in
1993 3104 2062 3142 eo
2101 3086 2291 3142 minor
2339 3091 2459 3157 est,
2511 3087 2646 3158 quia
2697 3089 2978 3160 propheta
3017 3090 3232 3161 inquit,
3281 3091 3521 3146 verbum

1895 3179 2060 3236 faciet
2081 3180 2351 3236 Dominus
2369 3180 2687 3236 breviatum
2712 3182 2976 3238 universo
3005 3183 3153 3254 orbi,
3185 3183 3265 3239 ita
3290 3201 3522 3259 respon-

1895 3273 2150 3330 dendum
2177 3278 2260 3330 est
2286 3273 2492 3330 divinis
2514 3274 2875 3331 testimoniis.

245 3667 363 3735 DE
415 3665 886 3755 EPISCOPIS,
937 3669 1048 3737 ET
1094 3669 1622 3740 PBJMATIBUS
1670 3671 1781 3739 ET
1825 3668 2408 3739 PATBIABCHIS
2464 3667 2943 3751 EORUMQUE
2998 3667 3432 3772 MINlSTBJS

227 3841 478 3896 Verbum
522 3840 842 3896 breviatum
883 3843 1038 3913 quod
1081 3843 1354 3898 Dominus
1410 3845 1582 3900 faciet
1623 3861 1798 3917 super

161 3938 372 3989 terram
405 3951 520 3989 non
549 3934 933 3990 minutionem
964 3937 1186 3991 deitatis
1217 3937 1276 3992 in
1313 3937 1454 3993 Filio
1486 3939 1586 3993 Dei
1614 3937 1794 4008 signi-

158 4027 305 4094 ﬁcat,
331 4027 434 4082 sed
452 4027 936 4098 dispensationem
960 4033 1233 4101 suscepta
1248 4031 1432 4085 carnis
1450 4030 1788 4098 annuntiat;

157 4120 212 4174 in
254 4121 412 4192 quali
454 4121 877 4192 dispensatione
923 4139 1041 4177 non
1093 4124 1282 4178 solum
1326 4126 1486 4195 patre
1543 4124 1794 4181 hominis

158 4214 359 4282 filium,
377 4214 476 4268 sed
500 4215 676 4269 etiam
693 4215 911 4287 angelis
925 4216 1198 4288 legimus,
1221 4217 1593 4286 minoratum,
1620 4219 1794 4272 Paulo

154 4310 465 4362 attestante
509 4307 782 4378 apostolo.
831 4310 973 4363 Eum
1024 4315 1251 4377 autem,
1310 4310 1514 4382 inquit,
1572 4311 1794 4366 modice

153 4401 346 4456 minus
375 4400 448 4455 ab
488 4401 709 4472 angelis
739 4401 1092 4458 minoratum
1132 4403 1374 4459 vidimus
1409 4405 1620 4474 Jesum,
1658 4421 1792 4477 pro-

157 4497 281 4563 pter
299 4493 633 4565 passionem
659 4495 864 4550 mortis
890 4497 1072 4567 gloria
1103 4500 1162 4552 et
1188 4497 1411 4553 honore
1439 4503 1789 4553 coronatum.

152 4587 217 4641 Et
257 4587 416 4642 infra
458 4604 474 4640 :
513 4589 749 4659 Propter
784 4605 958 4660 quam
998 4606 1233 4646 causam
1266 4607 1385 4646 non
1429 4591 1797 4647 confunditur

152 4679 362 4735 fratres
407 4696 507 4735 eos
551 4697 776 4748 vocare,
823 4681 1015 4737 dicens
1063 4700 1076 4737 :
1125 4683 1486 4739 Annuntiabo
1516 4706 1545 4735 «
1582 4701 1793 4741 nomen

155 4777 315 4828 tuum
359 4772 648 4828 fratribus
680 4774 855 4844 meis,
904 4775 965 4830 in
1007 4775 1195 4831 medio
1238 4777 1503 4832 Ecclesia
1546 4777 1794 4833 laudabo

154 4871 205 4920 te
233 4867 410 4935 (Psal.
438 4883 557 4934 χχι,
585 4869 697 4937 23),
721 4889 751 4917 )›
786 4873 844 4923 et
871 4869 1157 4940 propheta
1184 4870 1410 4942 inquit:
1451 4892 1478 4920 «
1507 4870 1795 4926 Minorasti

153 4974 283 5014 eum
313 4961 494 5032 paulo
522 4961 717 5015 minus
738 4961 808 5016 ab
839 4963 1076 5033 angelis,
1110 4963 1294 5033 gloria
1319 4967 1379 5018 et
1406 4964 1624 5019 honore
1639 4980 1796 5042 coro-

153 5053 300 5108 uasti
332 5069 471 5109 eum
512 5055 694 5122 (Hebr.
734 5070 794 5124 ιι,
837 5056 910 5125 7),
944 5075 972 5107 υ
1017 5058 1076 5111 et
1104 5059 1170 5112 ut
1206 5056 1444 5111 verbum
1477 5057 1576 5111 Dei
1613 5057 1795 5112 Patris

1896 3860 2014 3898 esse
2049 3843 2368 3911 doceretur,
2403 3842 2615 3909 intulit,
2656 3842 2849 3898 dicens
2879 3858 2892 3896 :
2929 3858 2956 3894 «
2997 3841 3220 3897 Paravit
3249 3841 3523 3897 Dominus

1893 3937 2193 3992 brachium
2220 3938 2477 3990 sanctum
2490 3952 2657 3991 suum
2673 3935 2734 3989 in
2750 3935 2925 3990 oculis
2949 3935 3215 3990 omnium
3239 3917 3523 4008 gentium,

1895 4033 1952 4086 et
1974 4029 2249 4085 videbunt
2287 4045 2488 4083 omnes
2529 4029 2670 4084 ﬁnes
2703 4033 2874 4084 terra
2917 4029 3166 4084 salutare
3207 4029 3328 4100 ejus
3366 4029 3521 4101 (Isai.

1896 4140 1988 4192 LII,
2025 4121 2132 4194 10).
2166 4143 2194 4172 ››
2229 4122 2372 4176 Nam
2401 4127 2458 4177 et
2479 4121 2538 4176 in
2571 4121 2876 4176 novissimo
2902 4125 3164 4201 tempore
3201 4121 3294 4177 hic
3322 4139 3520 4178 sensus

1894 4233 2013 4272 non
2057 4215 2307 4270 inaniter
2342 4215 2552 4286 poterit
2585 4215 2858 4286 coaptari,
2898 4215 2957 4270 in
2989 4232 3101 4287 quo
3134 4217 3394 4288 tempore
3423 4217 3525 4271 Do-

1894 4310 2085 4364 minus
2119 4325 2187 4363 ex
2230 4309 2446 4364 coelesti
2485 4309 2617 4363 aula
2656 4325 2720 4363 ac
2762 4308 3019 4380 empireo
3060 4308 3348 4364 domicilio
3391 4326 3523 4381 pes-

1894 4403 2024 4458 simi
2067 4403 2346 4457 damonis
2375 4403 2499 4474 jam
2544 4402 2696 4456 ferre
2733 4402 3047 4473 dedignaris
3075 4403 3435 4474 tyrannidem
3465 4403 3526 4458 in

1894 4498 2176 4552 creaturas
2237 4511 2367 4550 suas
2424 4494 2818 4550 crudelissime
2874 4494 3203 4550 savientem
3266 4496 3522 4566 plasmati

1894 4589 2223 4655 condolens,
2264 4605 2327 4642 ac
2370 4605 2485 4644 sua
2517 4589 2816 4643 immensa
2853 4587 3144 4643 charitatis
3184 4589 3521 4642 thesaurum

1894 4698 2148 4737 reserare
2173 4682 2385 4751 volens,
2413 4681 2472 4735 in
2515 4679 2845 4735 castissima
2882 4680 3121 4750 virginis
3150 4679 3521 4750 purissimum

1897 4780 2123 4830 uterum
2167 4774 2356 4829 omnis
2411 4773 2524 4828 tori
2577 4771 2752 4827 virilis
2827 4771 3083 4827 nescium
3155 4771 3524 4826 inenarrabili

1896 4867 2186 4940 mysterio,
2240 4884 2344 4939 pro
2391 4865 2791 4938 redemptione
2844 4867 3036 4920 nostra
3083 4881 3314 4920 carnem
3350 4866 3525 4920 susci-

1895 4963 2057 5034 piens
2117 4961 2385 5031 advenit,
2451 4964 2516 5015 ut
2575 4964 2632 5016 et
2676 4959 2838 5014 illum
2889 4959 2987 5031 qui
3031 4959 3280 5034 habebat
3325 4961 3526 5016 mortis

1896 4963 2057 5034 piens
2117 4961 2385 5031 advenit,
2451 4964 2516 5015 ut
2575 4964 2632 5016 et
2676 4959 2838 5014 illum
2889 4959 2987 5031 qui
3031 4959 3070 5014 h

1896 5056 2205 5127 imperium
2275 5072 2376 5110 sua
2445 5059 2630 5109 morte
2700 5053 3018 5109 destrueret
3041 4959 3142 5200 ,Ϊέ

1898 5147 1959 5200 in
1979 5148 2232 5200 tenebris
2257 5151 2313 5200 et
2328 5148 2533 5200 umbra
2559 5147 2762 5200 mortis
2786 5145 3038 5200 captivos
3093 5146 3142 5200 ul

154 5146 482 5202 breviatum
521 5148 584 5201 in
620 5147 760 5202 Filio
795 5164 909 5203 non
949 5165 1070 5203 esse
1103 5149 1430 5216 doceamus,
1464 5150 1616 5205 hanc
1642 5149 1798 5205 Isaia
1815 5125 1876 5199 D
1898 5147 1959 5203 in
1979 5148 2232 5204 tenebris
2257 5151 2313 5203 et
2328 5148 2533 5203 umbra
2559 5147 2762 5202 mortis
2786 5145 3038 5217 captivos
3063 5125 3389 5218 subegerat,
3411 5148 3524 5202 vir-

156 5239 455 5310 propheta
467 5239 762 5295 volumine
773 5241 1152 5313 approbemus
1164 5243 1574 5298 sententiam.N
1581 5261 1654 5297 un
1661 5243 1798 5315 quid

159 5330 526 5389 abbreviatus
558 5333 743 5388 factus
768 5337 855 5388 est
887 5351 1073 5390 sermo
1116 5352 1302 5406 meus,
1332 5341 1429 5390 aut
1454 5335 1534 5391 ita
1568 5353 1794 5407 parvus,

157 5428 218 5478 ut
245 5441 364 5481 non
389 5426 618 5499 possim
648 5426 952 5498 redimere,
977 5433 1076 5484 aut
1091 5445 1209 5484 non
1233 5432 1319 5484 est
1336 5429 1396 5483 in
1417 5445 1514 5484 me
1532 5429 1707 5484 virtus
1727 5429 1798 5485 ad

155 5515 553 5590 liberandum,
583 5519 720 5575 dicit
742 5521 1012 5576 Dominus
1043 5521 1422 5594 omnipotens,
1459 5526 1518 5577 et
1547 5522 1792 5578 iterum:

159 5610 281 5666 Haec
309 5613 454 5668 dicit
500 5612 779 5668 Dominus
819 5613 1182 5686 omnipotens
1222 5634 1236 5670 :
1279 5615 1548 5687 Nunquid
1590 5615 1795 5672 abbre-

133 5703 308 5760 -viata
335 5710 429 5761 est
468 5722 682 5761 manus
719 5722 868 5778 mea,
911 5711 977 5762 ut
1002 5709 1220 5763 salvere
1255 5725 1371 5763 non
1400 5708 1612 5780 possim
1631 5709 1658 5762 Τ
1687 5711 1800 5764 Aut

160 5812 274 5852 non
298 5803 491 5870 potest
520 5799 808 5856 viviﬁcare
833 5816 929 5855 cor
957 5801 1261 5857 humilium
1287 5805 1346 5856 et
1370 5801 1633 5874 spiritum
1663 5818 1796 5857 con-

165 5889 426 5948 tritorum
437 5893 468 5947 ?
478 5893 552 5948 Et
562 5895 627 5948 ut
637 5892 936 5951 brachium
947 5894 1125 5951 Patris
1141 5911 1270 5968 qua
1280 5911 1482 5951 manus
1495 5900 1580 5951 est
1595 5895 1798 5950 Filium

1899 5241 2035 5297 tutis
2061 5259 2178 5296 sua
2202 5242 2475 5313 potentia,
2505 5241 2565 5294 in
2584 5240 2708 5310 ipso
2728 5255 2906 5311 parvo
2928 5242 2985 5295 et
3010 5239 3216 5310 exiguo
3247 5241 3524 5312 temporis

1897 5335 2102 5406 spatio,
2121 5335 2404 5390 liberaret.
2428 5334 2506 5387 De
2521 5333 2631 5387 hoc
2647 5331 2824 5387 etiam
2840 5333 3048 5404 exiguo
3069 5336 3332 5404 tempore
3357 5334 3524 5389 disci-

1894 5430 2058 5499 pulos
2077 5427 2411 5496 instruebat,
2434 5427 2573 5481 dum
2595 5441 2694 5480 eos
2712 5424 2772 5479 in
2791 5425 2980 5480 lucem
3004 5427 3150 5496 (cum
3171 5427 3361 5482 adhuc
3381 5432 3525 5483 tem-

1896 5538 2002 5592 pus
2025 5519 2318 5591 haberent)
2339 5518 2607 5574 incedere
2625 5519 3044 5589 pramonebat.
3067 5539 3097 5572 α
3118 5519 3286 5576 Pueri
3303 5520 3523 5592 (inquit)

1895 5613 2198 5669 novissima
2217 5614 2360 5668 hora
2380 5614 2466 5667 est
2483 5612 2692 5682 (IJoan.
2719 5611 2800 5681 ιι),
2823 5630 2851 5663 ››
2869 5633 2897 5662 ‹‹
2919 5611 3059 5667 dum
3075 5613 3262 5668 lucem
3283 5612 3522 5678 habetis,

1895 5707 2183 5762 ambulate
2210 5706 2269 5761 in
2287 5706 2496 5773 lucem,
2524 5721 2597 5761 ne
2625 5721 2723 5760 vos
2752 5705 3009 5760 tenebrae
3029 5703 3527 5776 comprehendant

1901 5802 2068 5868 (Ioan.
2101 5815 2200 5868 xu,
2234 5801 2340 5866 35).
2374 5817 2404 5852 »
2433 5801 2500 5855 Et
2529 5799 2590 5854 in
2631 5798 2914 5854 canonicis
2937 5797 3341 5868 Apostolorum
3375 5795 3523 5866 legi-

1898 5899 1993 5949 tur
2021 5892 2274 5966 epistolis
2302 5909 2316 5949 :
2349 5891 2551 5960 Filioli,
2582 5891 2887 5948 novissima
2917 5891 3056 5946 hora
3080 5893 3182 5956 est,
3205 5887 3341 5960 quia
3361 5889 3525 5943 multi

3120 5057 3178 5108 et
3232 5069 3330 5108 eos
3385 5070 3527 5126 quos
3605 5068 3622 5084 ν
