4068 6312
551 340 618 388 75
1479 330 1756 383 APPEND.
1800 329 1883 380 ΑΙ)
1922 326 2079 380 S.-liC.
2125 326 2208 380 IX.
2239 357 2303 364 ——
2347 326 2584 381 lSll)()Rl
2627 325 3047 380 MERCATORIS
3841 329 3915 382 76

553 441 1092 514 pseudo-propheta:
1111 437 1387 507 exierunt,
1409 438 1466 491 in
1484 438 1636 492 hunc
1655 435 1936 491 mundum
1957 435 2002 505 (1
2013 437 2169 490 Joan.
2197 449 2256 522 Α
2276 437 2333 490 in
2355 451 2542 491 servos
2573 451 2726 490 meos
2752 435 3076 522 prophetas,
3105 449 3233 488 ecce
3263 435 3484 491 adsum.
3516 437 3580 491 Et
3607 436 3748 492 alius
3778 453 3916 509 pro-

554 553 614 605 n,
642 538 733 600 18;
757 552 831 601 1v,
860 534 922 606 l).
956 557 982 583 ››
1014 535 1080 588 Et
1107 533 1316 588 Paulus
1339 532 1622 603 apostolus
1652 549 1665 585 :
1699 549 1726 582 «
1755 531 2000 600 Tempus
2021 528 2177 583 enim

554 629 724 684 breve
767 633 851 683 est
889 628 933 698 (1
982 631 1100 685 Cor.
1153 643 1246 694 vu,
1292 627 1401 696 29).
1450 646 1478 673 ››
1514 625 1581 678 Et
1620 624 1873 678 iterum:
1923 622 2178 677 Praeterit

553 723 707 778 enim
754 722 938 792 ﬁgura
986 720 1154 792 hujus
1191 718 1393 773 mundi
1446 717 1630 788 (Ibid.,
1684 717 1768 785 3t)
1825 733 1838 770 :
1885 738 1909 764 ››
1961 718 2027 772 Et
2073 715 2174 771 ite-

553 832 680 870 rum
710 832 722 869 :
752 815 956 870 Omnia
997 814 1066 868 ad
1095 811 1502 867 correctionem
1535 815 1792 865 nostram
1836 810 1986 864 facta
2024 813 2175 877 sunt,

551 910 611 964 in
635 925 775 981 quos
805 909 946 964 fines
973 907 1304 961 saaculorum
1338 905 1710 960 obvenerunt.
1737 905 1878 958 Nam
1909 904 2177 958 Dominus

553 1005 614 1058 in
642 1003 760 1074 ipsa
804 1001 1051 1055 oratione
1083 997 1382 1054 Dominica
1434 997 1706 1052 breviavit
1743 997 1911 1051 nobis
1955 1013 2174 1052 sermo-

557 1112 711 1163 nem,
731 1096 866 1149 dum
886 1110 988 1148 nos
1010 1091 1411 1164 amultiloquio
1423 1091 1754 1163 prohibens,
1781 1106 1960 1162 pauca
1979 1091 2180 1146 docue-

554 1189 627 1244 rit
654 1205 778 1260 quce
805 1187 1095 1259 pertinent
1130 1186 1201 1240 ad
1229 1187 1490 1240 salutem.
1537 1185 1674 1239 Cum
1717 1184 1893 1239 oratis
1935 1185 2175 1256 (inquit),

557 1307 581 1331 ‹‹
617 1281 789 1336 nolite
819 1281 1067 1334 multum
1093 1278 1248 1350 loqui
1275 1278 1489 1348 (Matth.
1521 1295 1594 1346 v1,
1624 1279 1693 1346 7).
1723 1298 1748 1328 »
1774 1280 1839 1332 Et
1859 1278 2042 1332 infra:
2073 1279 2179 1331 Vos

553 1378 741 1432 autem
757 1390 889 1428 cum
901 1372 1096 1440 oratis,
1117 1371 1311 1426 dicite:
1333 1395 1358 1420 α
1374 1374 1537 1425 Pater
1558 1377 1749 1426 noster
1761 1371 1858 1443 qui
1877 1388 1936 1425 es
1953 1371 2009 1425 in
2027 1370 2179 1425 caelis

553 1469 715 1531 Ibid.,
747 1469 820 1539 9),
848 1489 874 1514 ››
897 1469 1005 1521 etc.
1027 1465 1148 1520 Non
1173 1465 1325 1520 enim
1346 1465 1629 1537 propheta
1645 1465 1846 1519 Filium
1876 1465 1969 1520 Dei
1989 1465 2047 1518 in
2072 1465 2179 1519 hoc

555 1562 800 1634 capitulo
844 1561 1189 1615 minoratum
1225 1558 1542 1630 designavit
1576 1558 1636 1613 in
1666 1558 1864 1625 verbo,
1907 1557 2179 1630 quoniam

558 1657 676 1727 ipse
715 1655 772 1709 in
831 1652 1119 1726 prephetis
1175 1656 1324 1708 retro
1377 1656 1634 1724 tempore
1673 1651 2006 1723 loquebatur
2030 1694 2042 1718 ,
2083 1652 2180 1723 qui

557 1750 726 1804 etiam
753 1765 904 1802 nunc
930 1764 1030 1819 per
1059 1747 1345 1818 apostolos
1378 1750 1436 1800 et
1468 1746 1800 1817 apostolicos
1826 1745 1975 1800 viros
2003 1745 2181 1800 novis-

2275 531 2488 602 pheta:
2525 548 2551 580 «
2583 529 2739 585 Sicut
2762 519 2847 584 est
2876 529 2947 583 ab
2970 527 3135 582 initio
3182 546 3358 600 usque
3393 529 3452 585 in
3483 532 3775 598 saeculum,
3807 547 3915 585 ne-

2277 640 2388 695 que
2417 623 2700 694 adjectum
2727 627 2810 676 est
2837 623 2908 691 ei,
2928 639 3113 694 neque
3141 622 3429 678 minuetur
3456 622 3536 678 illi
3562 624 3742 691 (Eccli.
3774 641 3913 691 XLII,

2277 719 2393 787 21),
2457 738 2483 763 ι)
2533 716 2806 788 quoniam
2847 715 2965 787 ipse
3002 719 3086 770 est
3137 716 3409 770 Dominus
3455 721 3726 772 creaturze
3766 735 3910 772 sum.

2276 812 2415 865 Ecce
2443 811 2611 881 quale
2637 810 2874 864 verbum
2895 809 3209 864 breviatum
3227 810 3362 865 fecit
3389 811 3663 865 Dominus
3682 812 3742 865 in
3773 812 3914 866 orbe

2279 907 2581 974 terrarum,
2611 920 2725 958 non
2755 905 2908 975 quia,
2944 909 3004 958 ut
3030 904 3111 958 illi
3139 907 3360 975 putant,
3394 904 3729 960 inferiorem
3755 907 3915 960 Patri

2277 998 2569 1052 intimaret
2612 997 2942 1052 hominibus
2991 964 3357 1070 Filiumﬂed
3401 997 3498 1071 qui
3542 999 3915 1054 novissimum

2279 1093 2400 1163 ejus
2430 1091 2793 1146 annuntiaret
2830 1091 3156 1146 adventum.
3199 1091 3258 1147 Si
3284 1109 3441 1164 ergo,
3480 1097 3542 1146 ut
3568 1093 3910 1164 prmdictum

2283 1190 2384 1254 est,
2421 1186 2610 1238 Aaron
2649 1184 2749 1238 filii
2795 1183 3257 1256 presbyterorum
3293 1185 3536 1256 figuram
3579 1186 3911 1257 gestabant,

2281 1283 2338 1332 et
2361 1281 2550 1332 Aaron
2595 1278 2805 1332 summi
2845 1278 3172 1346 sacerdotis,
3203 1278 3258 1333 id
3285 1283 3370 1334 est
3401 1279 3668 1350 episcopi,
3696 1280 3914 1350 Moyses

2281 1371 2666 1426 indubitanter
2675 1371 2879 1426 Christi
2900 1373 3128 1426 tenebat
3142 1372 3404 1441 formam,
3425 1373 3700 1443 quoniam
3721 1372 3829 1427 fuit
3844 1373 3916 1425 si-

2280 1465 2544 1520 militudo
2571 1464 2899 1520 mediatoris
2926 1464 3154 1520 Domini
3181 1465 3302 1532 Dei,
3331 1465 3430 1537 qui
3456 1470 3540 1521 est
3557 1466 3707 1520 inter
3728 1467 3914 1521 Deum

2282 1563 2338 1612 et
2361 1558 2659 1612 hominem
2684 1559 2842 1613 Jesus
2864 1558 3137 1628 Christus,
3156 1559 3253 1630 qui
3267 1564 3348 1614 est
3365 1576 3533 1614 verus
3545 1560 3657 1614 dux
3676 1562 3918 1631 populo-

2282 1668 2408 1706 rum
2419 1694 2432 1719 ,
2445 1655 2501 1706 et
2512 1668 2677 1707 verus
2689 1651 2954 1723 princeps
2966 1653 3347 1723 sacerdotum,
3365 1657 3422 1708 et
3438 1653 3711 1708 Dominus
3724 1653 3916 1724 ponti-

2283 1745 2476 1813 ﬁcum,
2510 1745 2601 1800 cui
2627 1750 2712 1802 est
2737 1747 2922 1800 honor
2945 1750 3001 1801 et
3033 1745 3214 1818 gloria
3246 1745 3304 1802 in
3322 1747 3529 1802 saecula
3551 1746 3910 1802 saeculorum.

560 1843 702 1898 simo
745 1848 1002 1914 tempore
1033 1841 1302 1913 loquitur.
1347 1841 1466 1911 Ego
1508 1839 1729 1912 (inquit)
1774 1839 1870 1912 qui
1909 1825 2257 1912 loquebarB
2281 1840 2486 1892 Amen.

1268 2109 1694 2182 EJUSDEM
1749 2107 2228 2180 ANACLETI
2280 2108 2740 2180 EPISTOLA
2794 2110 3199 2180 ALTERA.

558 2253 652 2316 De
673 2252 1077 2334 patrz'archz's
1117 2258 1180 2314 et
1208 2250 1604 2330 primatibus
1641 2268 1716 2312 ac
1758 2249 2028 2342 reliquis
2064 2249 2415 2393 e%sc?pz's;
2445 2257 2506 2310 et
2535 2249 2716 2389 qugd
2741 2248 3033 2314 Ecclesia
3061 2249 3360 2314 Romana
3389 2251 3586 2314 cardo
3631 2261 3691 2316 et
3719 2264 3922 2335 caput

1781 2348 2077 2392 ommum
2171 2347 2239 2392 cc
2265 2347 2555 2392 eszarum
2579 2347 2633 2391 ει
2673 2376 2685 2388 .

1781 2348 2077 2392 ommum
2106 2347 2555 2392 Leoteszarum
2579 2347 2685 2391 εῖτ.

625 2485 939 2537 ANACLETUS
969 2496 1159 2535 servus
1183 2478 1390 2534 Christi
1417 2480 1568 2548 Jesu,
1601 2480 1660 2533 in
1691 2479 2000 2550 apostolica
2036 2478 2181 2533 Sede

555 2595 588 2631 a
623 2574 865 2631 Domino
908 2573 1265 2640 constitutus,
1305 2577 1361 2627 et
1401 2589 1433 2627 a
1473 2575 1666 2628 sancto
1699 2575 1864 2628 Petro
1903 2572 2184 2644 apostolo-

552 2685 682 2724 rum
706 2667 965 2740 principe
1001 2667 1296 2738 presbyter
1329 2666 1641 2733 ordinatus,
1680 2666 1942 2720 omnibus
1975 2665 2182 2736 episco-

553 2763 638 2834 pis
667 2779 732 2816 ac
752 2759 982 2832 reliquis
1011 2758 1219 2815 Christi
1243 2759 1622 2814 sacerdotibus
1649 2761 1908 2814 salutem.

629 2876 655 2906 α
693 2853 1030 2909 Benedictus
1063 2854 1229 2922 Deus,
1278 2855 1334 2908 et
1372 2854 1536 2907 Pater
1577 2853 1804 2907 Domini
1832 2852 2011 2907 nostri
2050 2854 2180 2907 Jesu

555 2947 794 3017 Christi,
840 2946 940 3018 qui
980 2946 1274 3001 benedixit
1326 2962 1426 3000 nos
1471 2946 1528 3000 in
1577 2946 1737 3000 omni
1786 2945 2180 3000 benedictione

554 3040 830 3114 spirituali
858 3040 915 3094 in
959 3039 1275 3096 cmlestibus
1310 3040 1371 3094 in
1405 3039 1647 3096 Christo.
1693 3039 1848 3094 Sicut
1877 3038 2050 3108 elegit
2078 3055 2181 3092 nos

547 3136 611 3214 in
641 3136 763 3208 ipso
793 3138 925 3189 ante
955 3133 1156 3188 mundi
1183 3133 1669 3202 constitutionem,
1692 3137 1756 3188 ut
1781 3148 2030 3188 essemus
2051 3149 2180 3187 san-

554 3230 627 3284 eti
671 3232 728 3283 et
770 3227 1116 3282 immaculati
1157 3227 1216 3280 in
1265 3231 1572 3298 conspectu
1617 3227 1739 3297 ejus
1785 3227 1845 3280 in
1888 3225 2178 3294 charitate,

553 3321 963 3394 praedestinans
993 3337 1093 3375 nos
1118 3320 1174 3374 in
1209 3320 1576 3390 adoptionem
1603 3319 1847 3374 filiorum
1869 3335 1970 3390 per
1988 3320 2181 3374 Jesum

553 3415 858 3482 Christum,
893 3415 950 3468 in
975 3415 1164 3485 ipsum
1194 3412 1506 3467 secundum
1538 3413 1899 3484 propositum
1924 3413 2182 3468 volunta-

555 3509 624 3563 tis
650 3525 785 3575 suze,
812 3507 871 3562 in
892 3507 1119 3561 laudem
1148 3505 1366 3576 gloriae,
1392 3506 1588 3576 gratiae
1617 3523 1755 3574 suae,
1785 3505 1845 3560 in
1864 3522 1976 3578 qua
2006 3506 2180 3576 grati-

554 3602 748 3657 ﬁcatus
769 3605 852 3656 est
877 3599 1041 3655 nobis
1063 3599 1122 3652 in
1143 3599 1347 3653 dilecto
1376 3599 1517 3653 Filio
1546 3615 1667 3664 suo,
1691 3599 1749 3653 in
1774 3616 1885 3670 quo
1906 3599 2182 3653 habemus

553 3694 1010 3765 redemptionem
1061 3708 1163 3762 per
1203 3690 1546 3762 sanguinem
1593 3693 1744 3760 ejus,
1787 3691 2179 3746 remissionem

551 3789 917 3857 peccatorum
976 3783 1294 3838 secundum
1357 3783 1575 3837 divitias
1626 3782 1822 3853 gratiae
1867 3783 2016 3852 ejus,
2059 3754 2260 3853 quiec

555 3878 860 3934 abundavit
885 3877 944 3930 in
973 3876 1152 3945 nobis,
1180 3874 1239 3929 in
1266 3874 1420 3928 omni
1455 3874 1752 3945 sapientia,
1779 3879 1835 3928 et
1857 3875 2182 3944 prudentia,

555 3977 617 4027 ut
635 3975 837 4026 notum
868 3969 1031 4024 nobis
1056 3969 1270 4022 faceret
1295 3972 1715 4022 sacramentum
1735 3967 2041 4022 voluntatis
2067 3985 2184 4024 suae

557 4064 868 4120 secundum
893 4061 1314 4133 beneplacitum
1349 4061 1493 4131 ejus,
1525 4046 1674 4131 quod
1695 4061 1993 4132 proposuit
2012 4061 2071 4116 in
2091 4079 2180 4133 eo,

556 4158 614 4219 in
642 4155 1061 4228 dispensatione
1091 4153 1461 4225 plenitudinis
1487 4158 1830 4225 temporum,
1865 4153 2184 4211 instaurare

557 4251 746 4306 omnia
787 4250 848 4304 in
900 4248 1144 4316 Christo,
1190 4264 1318 4318 quae
1363 4247 1423 4301 in
1469 4249 1632 4317 coelo,
1675 4252 1732 4303 et
1774 4264 1899 4318 quae
1932 4248 1989 4302 in
2033 4253 2185 4304 terra

558 4347 689 4398 sunt
707 4344 767 4397 in
796 4343 935 4414 ipso.
971 4345 1031 4396 In
1060 4357 1171 4412 quo
1197 4341 1367 4396 etiam
1394 4345 1544 4396 sorte
1575 4340 1754 4396 vocati
1789 4358 2004 4411 sumus,
2033 4359 2180 4414 prae-

556 4436 818 4492 destinati
846 4436 1156 4490 secundum
1185 4435 1542 4506 propositum
1573 4435 1692 4505 ejus
1724 4435 1820 4506 qui
1847 4436 2038 4491 omnia
2058 4453 2185 4508 ope-

555 4534 713 4585 ratur
747 4530 1058 4585 secundum
1083 4527 1381 4582 consilium
1409 4528 1716 4582 voluntatis
1743 4545 1875 4595 sum,
1915 4532 1977 4583 ut
2006 4529 2184 4594 simus

551 4625 610 4678 in
641 4624 862 4679 laudem
891 4622 1088 4695 gloriae
1119 4622 1246 4695 ejus
1272 4622 1369 4693 qui
1391 4626 1522 4676 ante
1554 4621 1907 4692 speravimus
1935 4623 1992 4676 in
2019 4623 2181 4679 Chri-

554 4641 610 4678 m
641 4637 862 4679 laudem
891 4637 1088 4695 gloriae
1119 4639 1210 4692 eju
1272 4638 1369 4693 qu1
1391 4637 1522 4676 ante
1554 4637 1907 4692 speravimus
1935 4640 1992 4676 ιη
2019 4637 2181 4679 Chri-

554 4723 637 4772 sto
684 4718 896 4789 (Ephes.
943 4734 980 4785 Ι,
1022 4715 1186 4786 3-12).
1215 4637 1263 4862 1)
1316 4716 1392 4769 De
1435 4714 1799 4786 primatibus,
1849 4715 2181 4781 charissimi,

554 4827 725 4862 super
763 4811 968 4862 auibus
1002 4827 1096 4862 me
1143 4826 1217 4862 nu
1243 4809 1375 4862 dam
1414 4812 1663 4862 vestrum
1693 4809 2103 4862 consuluerunt
2129 4813 2181 4862 et

553 4827 725 4880 super
763 4811 968 4881 quibus
1002 4827 1096 4863 me
1143 4809 1375 4879 quidam
1414 4812 1663 4862 vestrum
1693 4809 2103 4864 consuluerunt
2129 4813 2184 4862 et

552 4903 874 4973 apostolicae
917 4900 1267 4957 auctoritatis
1312 4901 1443 4971 (qua
1496 4899 1625 4953 licet
1672 4899 1896 4970 indigni
1945 4901 2184 4956 Domino

555 4993 918 5064 dispensante
957 4995 1270 5066 fungimur)
1308 4993 1596 5048 decretum
1628 4993 2056 5063 postulaverunt
2085 5001 2186 5051 aut

554 5085 598 5140 si
624 5103 744 5143 esse
771 5087 1062 5158 deberent,
1093 5090 1189 5142 aut
1214 5103 1352 5155 non,
1385 5090 1663 5158 quantum
1694 5085 1967 5142 hactenus
1995 5088 2064 5143 de
2095 5088 2183 5144 his

2281 2495 2314 2532 a
2355 2478 2522 2533 beato
2561 2479 2728 2532 Petro
2773 2478 3100 2549 apostolico,
3145 2483 3200 2534 et
3236 2495 3268 2532 a
3298 2479 3528 2552 reliquis
3569 2483 3917 2553 apostolicis,

2281 2587 2345 2625 ac
2374 2587 2407 2624 a
2434 2570 2598 2625 beato
2629 2571 2921 2626 Clemente
2963 2575 3158 2626 nostro
3189 2577 3380 2628 sancto
3423 2573 3837 2644 praedeCessore
3864 2584 3922 2632 et

2283 2668 2535 2735 martyre
2563 2663 2825 2718 novimus
2858 2668 3157 2732 statutum,
3183 2665 3463 2738 denegare
3490 2669 3646 2723 vobis
3676 2670 3921 2727 minime

2281 2775 2602 2828 possumus.
2645 2752 2712 2812 Et
2757 2759 2883 2829 quis
2932 2763 3017 2813 est
3062 2759 3160 2829 qui
3212 2761 3600 2831 quaerentibus
3648 2763 3923 2820 fratribus

2284 2851 2571 2923 denegare
2611 2851 2787 2924 possit
2825 2851 3234 2922 dubitationes,
3277 2855 3360 2909 vel
3414 2856 3778 2912 necessitates
3818 2876 3919 2914 eo-

2283 2961 2412 2998 rum
2437 2945 2464 2999 ‘1’

2352 3038 2749 3107 Sacerdotum,
2780 3039 2998 3107 fratres,
3041 3041 3182 3095 ordo
3215 3041 3516 3112 bipertitus
3546 3049 3647 3112 est,
3682 3051 3740 3100 et
3775 3047 3924 3103 sicut

2284 3131 2551 3186 Dominus
2581 3133 2744 3187 illum
2775 3133 3086 3202 constituit,
3117 3151 3149 3189 a
3175 3136 3333 3190 nullo
3369 3136 3536 3192 debet
3563 3139 3920 3209 perturbari.

2281 3225 2445 3280 Scitis
2486 3230 2678 3281 autem
2721 3243 2755 3279 a
2799 3227 3040 3282 Domino
3106 3229 3386 3299 apostolos
3443 3248 3564 3285 esse
3609 3233 3818 3288 electos
3864 3240 3922 3290 et

2282 3318 2646 3386 constitutos,
2691 3322 2748 3374 et
2787 3326 2987 3391 postea
3030 3337 3134 3392 per
3179 3322 3424 3378 diversas
3478 3325 3798 3395 provincias
3847 3331 3922 3385 ad

2281 3411 2710 3484 praedicandum
2753 3412 3050 3483 dispersos.
3087 3416 3229 3470 Cum
3270 3433 3403 3471 vero
3437 3419 3631 3478 messis
3660 3423 3926 3493 coepisset

2282 3522 2553 3572 crescere,
2599 3505 2796 3560 videns
2832 3524 3047 3577 paucos
3094 3525 3218 3562 esse
3266 3511 3575 3581 operarios,
3604 3515 3677 3568 ad
3718 3531 3922 3573 eorum

2283 3598 2687 3668 adjumentum
2720 3599 3080 3669 septuaginta
3096 3601 3250 3671 eligi,
3281 3605 3555 3674 praecepit
3585 3608 3918 3680 discipulos.

2284 3689 2543 3760 Episcopi
2572 3705 2702 3744 vero
2730 3690 2956 3744 Domini
2987 3694 3393 3762 apostolorum,
3428 3699 3742 3771 presbyteri
3771 3721 3920 3774 quo-

2286 3797 2395 3852 que
2418 3781 2779 3852 septuaginta
2798 3781 3199 3854 discipulorum
3221 3787 3406 3843 locum
3422 3793 3639 3848 tenent.
3656 3795 3926 3869 Episcopi

2285 3876 2477 3928 autem
2495 3891 2608 3928 non
2632 3874 2690 3928 in
2711 3875 2971 3943 castellis,
2994 3881 3093 3931 aut
3108 3880 3340 3934 modicis
3367 3883 3685 3940 civitatibus
3706 3888 3928 3947 debent

2286 3967 2570 4036 constitui,
2613 3968 2710 4022 sed
2753 3969 3066 4040 presbyteri
3117 3989 3222 4042 per
3266 3977 3524 4046 castella,
3566 3983 3623 4032 et
3663 3983 3927 4039 modicas

2286 4059 2537 4114 civitates
2567 4065 2736 4132 atque
2777 4062 2934 4116 villas
2982 4064 3192 4120 debent
3229 4068 3298 4121 ab
3341 4070 3614 4142 episcopis
3661 4074 3924 4132 ordinari

2287 4158 2344 4208 et
2370 4154 2524 4224 poni,
2554 4154 2768 4225 singuli
2802 4160 2996 4211 tamen
3031 4175 3134 4228 per
3167 4160 3417 4230 singulos
3449 4163 3641 4218 titulos
3669 4183 3821 4223 suos.
3855 4173 3927 4226 Et

2286 4247 2581 4318 episc0pus
2602 4264 2718 4302 non
2737 4249 2807 4302 ab
2833 4266 2966 4318 uno,
2989 4251 3082 4305 sed
3111 4269 3143 4306 a
3171 4252 3428 4322 pluribus
3449 4256 3616 4311 debet
3633 4259 3925 4334 episcopis

2286 4340 2554 4410 ordinari,
2587 4346 2661 4410 et,
2697 4346 2758 4396 ut
2799 4341 3008 4398 dictum
3052 4349 3155 4410 est,
3187 4363 3298 4400 non
3345 4347 3417 4402 ad
3453 4351 3737 4406 modicam
3779 4356 3924 4410 civi-

2284 4439 2484 4504 tatem,
2516 4451 2586 4489 ne
2610 4435 2837 4490 vilescat
2871 4453 3084 4491 nomen
3125 4439 3396 4511 episcopi,
3427 4448 3524 4497 aut
3558 4445 3787 4512 alicubi,
3822 4452 3925 4506 sed

2285 4528 2356 4581 ad
2381 4528 2771 4583 honorabilem
2813 4527 2934 4600 17
2976 4531 3175 4586 urbem
3221 4533 3527 4590 titulandus
3560 4541 3616 4591 et
3649 4539 3924 4597 denomi-

2288 4618 2511 4672 nandus
2541 4624 2642 4674 est.
2684 4619 2986 4690 Presbyter
3021 4638 3152 4675 vero
3180 4623 3252 4676 ad
3291 4641 3690 4698 quemcunque
3727 4631 3926 4688 locum

2286 4716 2371 4770 vel
2411 4717 2704 4771 ecclesiam
2745 4718 2802 4772 in
2848 4734 2914 4772 eo
2957 4720 3324 4775 constitutam
3369 4727 3453 4780 est
3490 4725 3926 4796 praeﬁciendus,

2284 4812 2452 4880 atque
2491 4810 2549 4865 in
2589 4827 2653 4865 ea
2690 4810 2890 4865 diebus
2947 4812 3072 4865 vitm
3125 4831 3240 4867 sum
3281 4816 3624 4884 duraturus;
3674 4822 3929 4892 amplius

2285 4919 2457 4974 quam
2482 4903 2573 4958 isti
2600 4904 2710 4958 duo
2737 4903 2963 4958 ordines
2988 4908 3367 4975 sacerdotum,
3399 4927 3500 4965 nec
3542 4913 3706 4977 nobis
3733 4930 3767 4967 a
3799 4915 3922 4969 Den

2285 4995 2472 5052 collati
2501 5001 2650 5064 sunt,
2679 5013 2784 5050 nec
2812 4998 3047 5067 apostoli
3073 5000 3403 5057 docuerunt.

1168 5336 1291 5406 DE
1359 5336 1716 5408 ORDINE
1791 5338 2452 5410 EPISCOPORUM
2524 5338 2712 5408 VEL
2785 5341 3316 5415 PRIMATUM.

625 5483 1024 5556 Episcoporum
1045 5499 1177 5540 vero
1203 5501 1351 5540 unus
1376 5489 1460 5541 est
1484 5488 1644 5551 ordo,
1675 5488 1807 5543 licet
1823 5489 1938 5544 sint
1959 5487 2175 5560 prima-
2197 5502 2256 5576 D
2279 5491 2470 5542 sancto
2486 5489 2796 5557 Clemente,
2820 5507 2921 5546 seu
2938 5509 2972 5547 a
2994 5493 3156 5548 nobis
3175 5495 3461 5551 constituti
3487 5501 3638 5564 sunt,
3656 5514 3771 5554 non
3794 5517 3918 5556 om-

552 5583 635 5633 tes
663 5577 764 5645 illi,
795 5578 893 5648 qui
937 5577 1147 5649 primas
1188 5579 1439 5636 civitates
1477 5585 1691 5649 tenent,
1733 5581 1831 5651 qui
1865 5584 1923 5635 et
1959 5580 2019 5635 in
2047 5582 2175 5652 qui-

2277 5598 2378 5636 nes
2404 5581 2675 5652 primates
2695 5585 2781 5638 vel
2799 5585 3132 5656 patriarcha:
3155 5605 3274 5643 esse
3302 5593 3556 5660 possunt,
3578 5593 3916 5650 sed'illaaur-

550 5672 788 5726 busdam
820 5671 953 5726 locis
995 5671 1325 5742 patriarcha:
1362 5691 1396 5729 a
1435 5673 1726 5729 nonnullis
1768 5678 2052 5730 vocantur.
2095 5676 2176 5730 llli
2276 5675 2394 5741 bes,
2419 5691 2547 5747 quae
2574 5678 2820 5748 praefatis
2840 5685 2895 5734 et
2913 5681 3109 5752 priscis
3130 5683 3482 5754 temporibus
3503 5684 3816 5756 primatum
3839 5693 3913 5744 te-

549 5770 743 5820 autem
771 5765 869 5835 qui
896 5765 952 5819 in
981 5767 1282 5838 metropoli
1307 5783 1341 5821 a
1369 5767 1532 5821 beato
1557 5769 1719 5820 Petro
1739 5767 2013 5837 apostolo,
2031 5768 2177 5823 ordi-

2278 5786 2310 5822 u
2321 5769 3361 5844 uere,episcoporum,patriarcharum
3375 5782 3473 5832 aut
3485 5779 3797 5849 primatum
3816 5800 3914 5837 no-

548 5861 720 5911 nante
755 5858 1011 5928 Domino,
1058 5864 1114 5914 et
1156 5877 1186 5914 a
1219 5860 1626 5930 praedecessore
1665 5864 1856 5914 nostro
1905 5861 2173 5930 praedicto
2273 5861 2428 5918 mine
2455 5863 2732 5934 fruantur,
2757 5867 3135 5938 reliqumvero
3162 5873 3907 5946 metropolesarchiepisco-
