4068 6326
1254 431 1260 439 ἱ
1460 366 1929 425 DECRETALIUM
1967 370 2354 426 COLLECTIO.
3519 379 3582 430 78

215 492 448 547 porum,
489 479 586 530 aut
623 431 1313 546 metropolitanorumjet
1346 492 1458 530 non
1496 445 1930 565 patriarcha-'A
1950 479 2138 534 citudo
2186 481 2514 551 pertineret.
2569 481 2707 535 Nam
2764 486 2819 538 et
2871 483 3022 538 inter
3061 483 3256 538 beatos
3305 487 3586 556 apostolos

215 586 366 639 rum,
412 573 508 623 aut
549 567 858 640 primatum
895 573 1128 624 utantur
1171 569 1516 638 nominibus,
1561 569 1693 642 quia
1726 572 1848 627 haec

215 663 419 718 eadem
448 667 504 718 et
526 663 679 734 leges
705 662 896 718 saeculi
921 663 982 718 in
1021 663 1135 718 suis
1160 663 1450 719 continent
1475 664 1844 736 principibus,

213 756 340 812 alim
377 763 569 812 autem
605 757 809 828 prima:
841 755 1088 813 civitates
1128 773 1266 828 quas
1302 757 1457 812 vobis
1502 759 1848 831 conscriptas

215 849 273 906 in
287 851 536 923 quodam
549 854 702 906 tomo
714 850 1015 920 mittimus,
1029 867 1062 904 a
1075 850 1278 906 sanctis
1294 851 1554 923 apostolis
1569 857 1624 908 et
1637 869 1670 907 a
1683 852 1848 909 beato

212 945 521 1013 Clemente,
555 943 668 999 sive
697 961 730 999 a
755 943 940 1014 nobis,
969 944 1238 1016 primates
1261 945 1660 1016 praedicatores
1687 963 1846 1003 acce-

211 1043 443 1110 perunt.
471 1040 597 1094 Haac
628 1054 760 1094 vero
791 1041 1138 1094 sacrosancta
1168 1039 1429 1094 Romana
1455 1042 1511 1094 et
1541 1041 1848 1112 apostolica

213 1132 460 1187 Ecclesia
471 1148 588 1187 non
603 1131 673 1185 ab
686 1131 970 1204 apostolis,
985 1131 1080 1188 sed
1092 1132 1162 1187 ab
1178 1132 1300 1202 ipso
1312 1132 1550 1188 Domino
1570 1133 1848 1189 Salvatore

212 1229 410 1280 nostro
435 1225 742 1297 primatum
771 1225 1036 1294 obtinuit,
1067 1229 1123 1280 et
1151 1225 1528 1281 eminentiam
1557 1227 1850 1297 potestatis

213 1336 385 1392 super
400 1319 692 1374 universas
715 1318 1007 1390 Ecclesias,
1033 1336 1097 1374 ac
1115 1322 1302 1374 totum
1322 1319 1625 1374 Christiani
1652 1321 1847 1393 populi

213 1429 458 1485 gregem
486 1416 740 1470 assecuta
763 1416 866 1482 est,
891 1413 1036 1468 sicut
1060 1413 1182 1485 ipse
1205 1413 1374 1468 beato
1401 1415 1568 1468 Petro
1593 1415 1846 1486 apostolo

211 1507 359 1562 dixit
389 1524 402 1561 :
437 1529 464 1556 ί(
494 1508 573 1561 Tu
614 1523 673 1561 es
702 1509 919 1573 Petrus,
951 1511 1006 1562 et
1035 1523 1208 1578 super
1242 1507 1392 1562 hanc
1417 1511 1638 1578 petram
1668 1508 1845 1563 aediﬁ-

211 1600 351 1655 cabo
376 1592 680 1655 Ecclesiam
707 1616 913 1668 meam,
944 1604 1001 1655 et
1031 1603 1208 1671 portae
1233 1598 1401 1655 inferi
1430 1617 1545 1654 non
1571 1602 1848 1672 praevale-

210 1694 358 1748 bunt
387 1693 648 1749 adversus
686 1709 832 1762 eam,
867 1698 923 1749 et
953 1692 1054 1748 tibi
1086 1693 1229 1748 dabo
1269 1694 1450 1748 claves
1478 1695 1642 1766 regni
1673 1696 1846 1750 coelo-

209 1804 366 1842 rum.
399 1789 468 1842 Et
504 1803 857 1860 quaecunque
895 1787 1161 1860 ligaveris
1203 1803 1374 1859 super
1412 1789 1648 1858 terram,
1682 1793 1850 1843 erunt

212 1979 452 2041 terram,
483 1979 652 2030 erunt
694 1975 877 2030 soluta
912 1978 968 2029 et
1008 1975 1065 2028 in
1107 1975 1245 2030 coelo
1284 1975 1496 2045 (Matth.
1531 1992 1640 2042 xvi,
1680 1978 1782 2045 18).
1819 1999 1844 2025 n

209 2068 480 2124 Adhibita
506 2073 592 2123 est
625 2068 800 2124 etiam
827 2068 1065 2124 societas
1095 2069 1153 2123 in
1190 2069 1387 2124 eadem
1427 2071 1682 2125 Romana
1708 2070 1849 2125 urbe

208 2161 518 2218 beatissimi
539 2162 775 2234 apostoli
795 2162 954 2218 Pauli
975 2162 1118 2217 vasis
1143 2162 1456 2233 electionis,
1475 2163 1572 2235 qui
1592 2180 1708 2218 uno
1732 2165 1844 2232 die,

206 2272 327 2312 uno
364 2272 593 2328 quoque
639 2260 925 2328 tempore,
967 2255 1211 2327 gloriosa
1251 2260 1466 2324 morte,
1508 2273 1638 2311 cum
1681 2257 1848 2313 beato

208 2352 395 2417 Petro,
417 2350 522 2405 sub
547 2349 800 2422 principe
833 2351 1053 2405 Nerone
1082 2349 1385 2422 agonizans
1411 2355 1715 2406 coronatus
1741 2355 1844 2417 est,

209 2447 268 2498 et
295 2443 463 2499 ambo
486 2447 736 2498 sanctam
766 2445 1079 2498 Romanam
1099 2443 1407 2500 Ecclesiam
1425 2448 1844 2512 consecrarunt,

207 2536 448 2609 aliisque
474 2537 740 2592 omnibus
771 2537 1024 2605 urbibus,
1064 2537 1122 2591 in
1155 2536 1418 2593 universo
1448 2537 1688 2605 mundo,
1720 2555 1847 2592 eam

207 2647 312 2685 sua
340 2630 642 2703 praesentia
681 2634 850 2702 atque
885 2631 1213 2685 venerando
1247 2631 1540 2702 triumpho
1571 2631 1844 2702 praetule-

208 2729 366 2780 runt.
405 2727 489 2793 Et,
527 2724 654 2779 licet
679 2741 782 2795 pro
811 2724 1076 2779 omnibus
1103 2724 1328 2779 assidua
1351 2725 1501 2795 apud
1531 2724 1844 2780 Dominum

208 2817 471 2872 omnium
499 2820 824 2872 sanctorum
848 2817 1122 2872 fundatur
1149 2816 1353 2885 oratio,
1378 2816 1467 2870 his
1495 2819 1684 2873 tamen
1717 2835 1844 2873 ver-

207 2911 296 2965 bis
337 2911 543 2965 Paulus
581 2910 936 2966 beatissimus
978 2912 1265 2981 apostolus
1303 2910 1572 2965 Romanis
1614 2911 1846 2982 proprio

208 3005 594 3076 chirographo
620 3003 940 3075 pollicetur,
977 3004 1170 3060 dicens
1198 3021 1210 3058 :
1246 3025 1272 3056 «
1303 3005 1481 3076 Testis
1518 3003 1673 3059 enim
1702 3004 1842 3059 mihi

210 3102 296 3152 est
332 3100 500 3163 Deus,
548 3097 640 3152 cui
685 3097 867 3152 servio
905 3097 965 3152 in
1006 3097 1206 3168 spiritu
1255 3113 1386 3151 meo
1433 3097 1492 3152 in
1536 3098 1844 3169 Evangelio

1951 573 2219 644 quaedam
2253 573 2360 628 fuit
2397 573 2681 630 discretio.
2717 578 2784 632 Et
2819 575 2955 632 licet
2996 594 3191 633 omnes
3233 584 3418 634 essent
3455 597 3587 651 apo-

1949 666 2099 734 stoli,
2130 668 2296 722 Petro
2325 671 2518 723 tamen
2544 685 2577 722 a
2612 669 2852 724 Domino
2889 673 2974 726 est
3002 687 3354 740 concessum,
3393 678 3450 728 et
3479 673 3586 746 ipsi

1948 759 2098 814 inter
2144 776 2203 813 se
2252 759 2499 831 idipsum
2546 763 2881 830 voluerunt,
2931 767 2996 818 ut
3042 765 3280 836 reliquis
3321 766 3586 821 omnibus

1950 855 2218 925 prazesset
2247 854 2534 924 apostolis,
2564 858 2620 910 et
2648 857 2888 928 Cephas,
2917 857 2976 912 id
3001 862 3084 913 est
3114 861 3299 931 caput,
3333 863 3389 914 et
3421 844 3586 930 prin;

1951 947 2162 1019 cipium
2188 951 2408 1020 teneret
2435 949 2793 1020 apostolatus.
2826 951 2931 1016 Qui
2965 956 3020 1006 et
3054 953 3315 1008 eamdem
3340 952 3586 1008 formam

1951 965 2162 1019 Clplllm
2188 965 2282 1004 ten
2352 965 2408 1003 et
2435 965 2793 1020 apostomus.
2826 965 2931 1016 uni
2965 965 3020 1006 et
3054 965 3315 1008 eamdem
3340 965 3586 1008 formam

1950 1040 2063 1096 suis
2104 965 2518 1120 succyzshrihus
2569 1047 2626 1097 et
2671 1042 2905 1115 reliquis
2950 1044 3224 1116 episcopis
3278 1047 3586 1102 tenendam

1949 1134 2203 1190 tradidit.
2235 1136 2304 1191 Et
2330 1152 2445 1191 non
2475 1136 2662 1190 solum
2691 1137 2797 1190 hoc
2833 1137 2892 1191 in
2924 1139 3074 1193 Novo
3102 1140 3465 1195 Testamento
3503 1142 3588 1196 est

1950 1228 2337 1296 constitutum,
2363 1229 2462 1284 sed
2489 1229 2664 1285 etiam
2687 1229 2744 1284 in
2764 1231 2952 1285 Veteri
2975 1231 3099 1286 fuit.
3125 1233 3284 1287 Unde
3312 1233 3587 1305 scriptum

1952 1327 2078 1378 est:
2116 1345 2141 1373 ‹‹
2172 1325 2386 1395 Moyses
2423 1327 2478 1378 et
2507 1323 2697 1378 Aaron
2736 1322 2796 1377 in
2834 1324 3216 1380 sacerdotibus
3257 1326 3376 1397 ejus
3419 1327 3583 1398 (Psal.

1951 1434 2146 1487 xcvm,
2195 1418 2276 1488 6),
2334 1438 2362 1466 »
2414 1415 2472 1470 id
2522 1420 2608 1471 est
2653 1415 2824 1487 primi
2876 1415 3026 1472 inter
3071 1434 3165 1472 eos
3220 1419 3472 1475 fuerunt.
3521 1421 3589 1476 Et

1950 1509 2208 1582 quamvis
2247 1509 2328 1564 ita
2372 1509 2696 1563 ordinatum
2737 1508 2931 1579 fuerit,
2979 1526 3148 1564 nemo
3191 1513 3389 1566 tamen
3431 1513 3585 1583 quod

1949 1619 2116 1658 suum
2146 1605 2249 1669 est,
2275 1604 2512 1674 quaerat,
2537 1602 2636 1657 sed
2654 1602 2809 1674 quod
2835 1603 3088 1673 alterius,
3114 1603 3265 1658 unde
3290 1604 3369 1659 ait
3387 1604 3587 1660 beatus

1949 1697 2230 1769 apostolus
2265 1697 2470 1750 Paulus
2509 1712 2522 1750 :
2566 1715 2593 1747 «
2631 1695 3032 1767 Unusquisque
3072 1697 3290 1767 placeat
3327 1697 3587 1769 proximo

1913 1780 1916 1782 ⁷
1950 1808 2050 1846 suo
2080 1791 2141 1845 in
2180 1791 2398 1845 bonum
2439 1789 2510 1844 ad
2549 1788 2980 1845 aediﬁcationem
3011 1789 3177 1861 (Rom.
3219 1807 3307 1858 xv,
3343 1793 3416 1862 2).
3457 1812 3485 1841 »
3524 1792 3590 1847 Et

209 1882 394 1952 ligata
439 1885 496 1936 et
546 1881 606 1936 in
652 1882 826 1951 coelo,
881 1886 938 1935 et
993 1897 1348 1954 quaecunque
1396 1881 1624 1937 solveris
1680 1860 1926 1954 superB

1949 1883 2094 1938 sicut
2131 1883 2252 1955 ipse
2297 1882 2548 1938 Salvator
2585 1881 2698 1936 suis
2739 1882 2818 1938 ait
2851 1870 3137 1954 discipulis
3167 1901 3179 1937 :
3213 1905 3239 1933 ‹‹
3269 1884 3373 1948 Qui
3408 1885 3591 1956 major

1951 1982 2035 2033 est
2060 1981 2334 2042 vestrum,
2361 1976 2470 2030 erit
2495 1975 2759 2030 minister
2782 1979 2969 2032 vester
2989 1975 3204 2047 (Matth.
3233 1993 3388 2047 χχιιι,
3426 1979 3531 2047 ll),
3559 1999 3585 2027 »

1951 2074 2006 2125 et
2044 2070 2281 2141 reliqua.
2324 2070 2393 2124 Et
2429 2069 2560 2124 licet
2603 2085 2774 2141 super
2813 2069 2899 2123 his
2939 2070 3132 2141 aliqua
3171 2069 3316 2125 dicta
3351 2070 3584 2136 fuerint,

1951 2166 2272 2236 repetentes
2302 2167 2498 2218 tamen
2528 2162 2755 2233 stepius,
2781 2147 3154 2218 admonemus
3183 2167 3247 2218 ut
3271 2179 3497 2235 semper
3525 2163 3585 2218 in

1951 2257 2236 2324 omnibus,
2267 2258 2324 2312 et
2349 2256 2418 2311 ab
2441 2256 2706 2311 omnibus
2725 2255 2972 2311 vitentur
2997 2255 3274 2312 elationes
3298 2256 3506 2313 mentis
3533 2262 3590 2314 et

1949 2349 2218 2422 corporis.
2242 2351 2310 2404 Et
2340 2351 2556 2422 quanto
2578 2349 2762 2420 major
2789 2348 3175 2421 unusquisque
3199 2350 3422 2406 videtur
3442 2367 3582 2419 esse,

1950 2446 2108 2498 tanto
2157 2443 2228 2498 sit
2263 2442 2554 2511 humilior,
2599 2443 2741 2497 sicut
2787 2442 3060 2497 Dominus
3105 2443 3356 2498 Salvator
3395 2449 3587 2500 noster

1947 2553 2066 2592 non
2107 2536 2260 2592 venit
2302 2535 2632 2603 ministrari,
2673 2535 2770 2590 sed
2811 2535 3156 2590 ministrare.
3206 2538 3291 2602 Et,
3329 2537 3374 2590 si
3414 2538 3586 2592 frater

1947 2631 2150 2703 aliquis
2176 2633 2598 2701 prmoecupatus
2625 2628 2797 2683 fuerit
2822 2629 2880 2682 in
2901 2628 3089 2700 aliquo
3117 2629 3341 2697 delicto,
3366 2647 3462 2683 vos
3485 2631 3584 2701 qui

1947 2723 2264 2796 spirituales
2303 2722 2454 2792 estis,
2495 2721 2759 2776 instruite
2804 2737 2938 2776 eum
2977 2715 3035 2775 in
3078 2722 3279 2794 spiritu
3313 2721 3577 2778 lenitatis.

1948 2817 2002 2872 Si
2040 2833 2168 2888 quae
2203 2831 2335 2871 vero
2373 2815 2498 2870 aliae
2536 2831 2721 2869 causae
2761 2813 3100 2870 difﬁciliores
3128 2814 3279 2870 inter
3307 2831 3405 2870 vos
3445 2821 3585 2871 ortae

1945 2909 2175 2978 fuerint,
2208 2910 2278 2964 ad
2314 2909 2484 2980 hujus
2519 2909 2729 2963 sancta
2760 2907 2914 2963 Sedis
2949 2907 3168 2979 apicem
3197 2923 3292 2963 eas
3319 2907 3479 2979 quasi
3515 2911 3584 2964 ad

1947 3007 2114 3075 caput
2161 3002 2400 3070 referte,
2453 3005 2515 3056 ut
2554 3001 2862 3074 apostolico
2909 3000 3292 3057 terminentur
3328 3001 3545 3073 judicio
3569 3044 3583 3069 ,

1945 3097 2080 3169 quia
2115 3096 2192 3152 sic
2235 3095 2545 3151 Dominum
2587 3096 2725 3151 velle
2765 3094 2837 3150 ab
2879 3111 3058 3166 eoque
3101 3096 3179 3150 ita
3215 3095 3583 3152 constitutum

208 3192 309 3246 lilii
376 3191 537 3262 ejus,
616 3191 771 3263 quod
833 3190 955 3245 sine
1023 3189 1441 3246 intermissione
1502 3191 1922 3299 memoriamC
1950 3207 2070 3245 esse
2125 3189 2423 3246 antedictis
2473 3188 2818 3245 testimoniis
2880 3190 3218 3245 declaratur.
3273 3191 3399 3245 Haec
3446 3206 3580 3246 vero

209 3286 376 3340 vestri
441 3284 586 3339 facio
637 3300 863 3356 semper
923 3284 982 3338 in
1043 3283 1395 3340 orationibus
1458 3284 1602 3340 meis
1666 3285 1842 3355 (Rom.

209 3397 244 3442 ι,
281 3381 353 3450 9).
393 3397 422 3429 η

762 3451 835 3504 De
871 3449 993 3504 sede
1029 3451 1287 3506 Romana.

278 3564 469 3620 Prima
516 3580 653 3636 ergo
701 3564 862 3620 sedes
915 3567 1000 3620 est
1042 3563 1251 3619 caelesti
1305 3563 1580 3620 beneficio
1633 3567 1845 3620 Roma-

209 3675 298 3714 nae
350 3657 641 3727 Ecclesiae,
692 3673 865 3729 quam
914 3658 1008 3727 (ut
1050 3661 1426 3713 memoratum
1475 3659 1583 3728 est)
1635 3657 1844 3713 beatis-

209 3752 335 3807 simi
371 3754 591 3819 Petrus,
621 3753 678 3806 et
714 3752 940 3821 Paulus,
981 3768 1083 3807 suo
1120 3751 1391 3823 martyrio
1427 3757 1844 3828 consecrarunt.

212 3846 298 3901 Sic
345 3848 551 3914 Roma,
601 3861 730 3916 quae
775 3845 933 3916 prius
982 3848 1103 3900 erat
1151 3844 1563 3900 cacodaemonis
1609 3844 1846 3901 artificio

211 3939 471 3994 omnium
514 3955 780 3993 errorum
825 3941 1008 3994 mater
1053 3941 1111 3993 et
1152 3939 1346 4006 altrix,
1399 3939 1644 3994 excussis
1688 3944 1845 3994 tene-

213 4033 342 4100 bris,
361 4038 417 4088 et
439 4032 599 4087 vanis
619 4031 1082 4104 superstitionum
1105 4031 1305 4087 ritibus
1325 4032 1574 4104 abjectis,
1595 4033 1845 4088 filiorum

213 4126 325 4195 Dei,
363 4130 562 4182 exorto
589 4126 704 4182 sole
732 4125 990 4198 justitiae,
1024 4126 1167 4180 facta
1204 4130 1288 4181 est
1322 4125 1550 4198 copiosa
1575 4143 1846 4199 propaga-

214 4219 341 4274 trix.

697 4293 770 4343 De
802 4291 924 4345 sede
961 4290 1363 4346 Alexandrina.

280 4406 542 4461 Secunda
589 4409 782 4459 autem
830 4404 987 4460 sedes
1039 4405 1190 4476 apud
1242 4406 1637 4461 Alexandriam
1695 4405 1844 4462 beati

216 4499 359 4553 Petri
389 4497 629 4553 nomine
661 4514 695 4552 a
725 4499 905 4553 Marco
935 4498 1055 4569 ejus
1088 4497 1362 4570 discipulo
1393 4503 1564 4570 atque
1596 4500 1847 4571 Evange-

1947 3284 2252 3356 apostolica
2292 3283 2462 3339 Sedes
2503 3283 2676 3338 cardo
2719 3288 2775 3338 et
2817 3285 2990 3354 caput
3029 3283 3243 3339 factum
3287 3289 3370 3340 est
3409 3300 3443 3338 a
3483 3284 3584 3339 Do-

1949 3378 2148 3447 mino,
2201 3382 2257 3432 et
2303 3393 2420 3432 non
2475 3377 2544 3431 ab
2592 3376 2699 3432 alio
2759 3377 3100 3445 constituta,
3161 3383 3218 3434 et
3270 3377 3414 3433 sicut
3454 3394 3580 3432 car-

1949 3470 2082 3526 dine
2111 3471 2318 3525 ostium
2350 3469 2587 3542 regitur.
2620 3469 2710 3525 Sic
2741 3469 2913 3541 hujus
2953 3473 3160 3526 sanetae
3199 3470 3358 3526 Sedis
3388 3476 3582 3526 aucto-

1948 3563 2115 3618 ritate
2169 3579 2368 3618 omnes
2419 3562 2720 3631 Ecclesia),
2771 3562 3008 3618 Domino
3063 3563 3431 3635 disponente,
3487 3580 3578 3619 re-

1950 3661 2181 3729 guntur.

2019 3751 2380 3806 Accusatores
2421 3753 2612 3805 autem
2660 3752 2718 3804 et
2768 3753 2940 3805 testes
2978 3765 3099 3805 esse
3149 3765 3266 3804 non
3309 3755 3578 3821 possunt,

1947 3844 2044 3916 qui
2072 3847 2204 3900 ante
2232 3843 2567 3899 hesternum
2606 3843 2757 3898 diem
2798 3846 2895 3898 aut
2927 3841 3340 3899 nudiustertius
3367 3843 3583 3900 inimici

1947 3937 2185 4006 fuerint,
2233 3954 2306 3993 ne
2350 3936 2479 3992 irati
2529 3952 2732 3992 nocere
2778 3936 3039 4008 cupiant,
3089 3937 3175 3991 vel
3228 3936 3351 3992 laesi
3387 3937 3582 3994 ulcisci

1947 4031 2136 4087 velint.
2193 4030 2504 4088 Inoffensus
2557 4031 2734 4102 igitur
2785 4035 3179 4086 accusatorum
3235 4036 3290 4087 et
3352 4032 3581 4087 testium

1946 4124 2178 4180 affectus
2215 4124 2557 4196 quaerendus
2593 4127 2697 4191 est,
2737 4128 2792 4179 et
2835 4141 2952 4179 non
2990 4129 3302 4196 suspectus.
3343 4125 3583 4180 Causam

1947 4219 2100 4275 enim
2120 4221 2369 4274 vestram
2391 4217 2577 4274 alieno
2597 4216 2771 4273 nolite
2792 4217 3145 4274 committere
3159 4217 3401 4289 judicio,
3423 4218 3583 4274 valde

1947 4312 2103 4367 enim
2122 4311 2383 4384 iniquum
2404 4316 2489 4367 est
2506 4314 2571 4365 ut
2585 4311 2808 4367 omissis
2821 4311 2956 4379 suis,
2971 4311 3066 4365 alii
3080 4310 3318 4383 quilibet
3335 4311 3581 4367 aliorum

1948 4424 2006 4462 se
2032 4406 2212 4461 causis
2237 4405 2615 4473 immisceant,
2655 4405 2924 4477 quoniam
2952 4404 3122 4460 nullis
3151 4405 3213 4459 in
3248 4403 3385 4460 locis
3423 4405 3585 4477 spiri-

1945 4498 2111 4556 tualis
2155 4515 2289 4554 cura
2324 4497 2528 4567 deﬁcit,
2573 4499 2669 4554 sed
2710 4514 2767 4553 se
2812 4515 2916 4570 per
2959 4498 3170 4567 omnia,
3213 4515 3328 4570 qua
3372 4515 3580 4554 nomen

218 4593 337 4647 lista
364 4594 694 4647 consecrata
717 4596 820 4660 est,
850 4565 978 4662 quia
1006 4591 1124 4663 ipse
1154 4595 1210 4647 et
1228 4565 1297 4646 in
1329 4565 1566 4664 IEgypto
1594 4565 1849 4664 primum
1867 4603 1926 4675 D
1953 4592 2180 4646 Domini
2204 4565 2561 4664 praedicatur,
2595 4565 3254 4654 extendit/Studendum
3283 4597 3366 4646 est
3396 4591 3578 4646 omni-

219 4685 448 4740 verbum
504 4684 753 4740 veritatis
807 4684 1056 4739 directus
1103 4701 1135 4738 a
1192 4687 1355 4741 Petro
1409 4685 1736 4758 praedicavit
1793 4693 1851 4743 et

219 4778 523 4847 gloriosum
551 4776 795 4849 suscepit
823 4776 1182 4849 martyrium.
1219 4778 1319 4833 Cui
1351 4779 1689 4834 venerabilis
1718 4796 1845 4835 suc-

218 4872 376 4927 cessit
400 4871 642 4927 Abilius.

726 4953 801 5005 De
829 4951 950 5006 sede
981 4951 1340 5006 Antiochena.

284 5058 473 5113 Tertia
503 5061 697 5113 autem
720 5057 879 5113 sedes
906 5057 1060 5130 apud
1095 5057 1454 5113 Antiochiam
1483 5056 1763 5128 ejusdem,
1793 5059 1850 5113 id

221 5155 298 5205 est
339 5151 487 5206 beati
537 5149 685 5205 Petri
732 5151 969 5222 apostoli
1013 5151 1256 5207 habetur
1297 5151 1676 5221 honorabilis,
1720 5151 1853 5222 quia

223 5244 345 5314 illic,
372 5244 710 5317 priusquam
743 5244 983 5298 Romam
1009 5243 1247 5312 veniret,
1275 5244 1566 5315 habitavit,
1602 5248 1658 5300 et
1684 5246 1847 5316 lgna-

223 5338 355 5393 tium
385 5338 722 5410 episcopum
753 5337 1065 5406 constituit,
1103 5341 1160 5392 et
1195 5337 1309 5393 illic
1345 5338 1600 5410 primum
1636 5355 1853 5394 nomen

221 5431 664 5487 Christianorum
690 5431 928 5486 novellae
956 5430 1142 5502 gentis
1169 5436 1434 5488 exortum
1462 5435 1565 5487 est.
1587 5432 1852 5504 Reliquas

223 5541 366 5592 vero,
393 5528 457 5580 ut
481 5523 871 5597 praediximus,
900 5525 959 5578 in
987 5525 1239 5595 quodam
1264 5529 1437 5592 torno,
1466 5524 1854 5596 prolixitatem

222 5617 452 5674 vitantes
484 5617 767 5690 epistolae,
793 5617 953 5672 vobis
981 5618 1332 5691 conscriptas
1360 5619 1688 5674 direximus.
1718 5620 1854 5675 Inde
1877 5666 1879 5668 .

222 5728 466 5785 namque
496 5715 554 5768 et
576 5711 735 5766 beati
762 5711 1010 5784 Apostoli
1035 5712 1186 5768 inter
1212 5729 1270 5767 se
1297 5716 1616 5768 statuerunt
1638 5715 1702 5767 ut
1730 5713 1851 5784 epi-

222 5807 369 5878 scopi
415 5805 777 5877 singularum
821 5806 1031 5863 scirent
1073 5805 1350 5877 gentium,
1389 5806 1516 5878 quis
1562 5806 1718 5862 inter
1758 5823 1855 5862 eos

224 5899 439 5969 primus
469 5901 618 5955 esset
651 5915 664 5953 :
695 5901 972 5971 quatenus
1001 5899 1070 5956 ad
1095 5916 1228 5957 eum
1262 5899 1445 5972 potior
1475 5916 1671 5956 eorum
1703 5900 1851 5956 solli-

1949 4685 2070 4754 bus,
2110 4702 2183 4739 ne
2224 4684 2307 4756 (ut
2344 4685 2493 4755 sunt)
2534 4683 2925 4739 aemulationes
2965 4684 3150 4751 malae,
3192 4683 3286 4737 sed
3319 4684 3432 4754 pia:
3471 4684 3584 4739 sint

1947 4780 2096 4834 inter
2121 4795 2217 4833 vos
2249 4777 2594 4845 dilectiones,
2624 4775 2759 4848 quia
2783 4775 2842 4830 in
2872 4777 2981 4831 hoc
3009 4793 3105 4830 vos
3134 4791 3334 4831 omnes
3357 4776 3585 4832 Domini

1952 4871 2252 4943 discipulos
2279 4888 2398 4928 esse
2421 4887 2582 4928 veros
2605 4870 2887 4940 noverint,
2917 4869 2961 4924 si
2988 4869 3346 4926 dilectionem
3375 4871 3584 4928 habue-

1950 4967 2070 5022 ritis
2119 4966 2455 5022 adinvicem.
2501 4967 2582 5020 Ex
2646 4963 2804 5020 omni
2859 4981 2996 5037 ergo
3052 4979 3260 5036 genere
3306 4965 3585 5038 plurimos

1950 5061 2099 5115 Deus
2154 5060 2422 5133 dignatur
2483 5060 2799 5126 attrahere,
2853 5075 2995 5130 quos
3053 5058 3234 5114 exitus
3291 5059 3361 5114 de
3422 5063 3582 5131 pote-

1953 5157 2096 5209 state
2162 5154 2536 5210 tenebrarum
2616 5151 2915 5208 transferat
3005 5151 3062 5207 in
3156 5169 3405 5224 regnum
3484 5152 3584 5207 ﬁlii

1952 5247 2236 5302 charitatis
2273 5264 2423 5317 suae,
2465 5251 2521 5302 et
2561 5245 2631 5300 de
2671 5244 2815 5300 vasis
2850 5244 2952 5300 irae
2995 5245 3160 5301 faciat
3190 5263 3321 5301 vasa
3361 5247 3584 5303 miseri-

1953 5340 2181 5396 cordiae.

2023 5434 2180 5489 Unde
2226 5431 2387 5488 nobis
2434 5447 2797 5504 summopere
2839 5433 3187 5489 studendum
3230 5438 3346 5503 est,
3393 5436 3456 5489 ut
3499 5451 3588 5489 co-

1954 5530 2274 5598 operatores
2289 5525 2465 5580 simus
2485 5525 2686 5598 gratiae
2702 5524 2820 5594 Dei,
2835 5527 2970 5598 quia
2987 5527 3059 5582 ad
3074 5527 3182 5582 hoc
3197 5527 3378 5584 vocati
3394 5544 3588 5582 sumus

1954 5620 2187 5690 ejusque
2230 5619 2495 5674 familiari
2544 5619 2827 5691 colloquio
2877 5619 3110 5691 sociati,
3165 5625 3222 5676 et
3276 5620 3589 5676 sacerdotes

1955 5711 2196 5780 sacrati,
2241 5714 2308 5767 ut
2347 5713 2663 5769 fructuosos
2703 5713 2787 5768 illi
2829 5714 3151 5786 manipulos
3197 5717 3548 5784 reportamus
3572 5755 3586 5782 ,

1957 5809 2299 5878 cooperante
2324 5807 2511 5879 gratia
2537 5807 2676 5878 ejus.
2701 5809 2940 5863 Necesse
2962 5811 3046 5863 est
3071 5807 3226 5862 enim
3251 5808 3316 5859 ut
3341 5808 3588 5860 rectores

1959 5918 1991 5956 a
2040 5899 2275 5956 subditis
2317 5900 2654 5969 timeantur,
2701 5902 2770 5956 ab
2814 5901 3058 5972 ipsisque
3108 5897 3485 5969 corrigantur,
3530 5904 3589 5952 ut
