4068 6328
454 315 520 373 '79
1345 316 1630 404 APPEND'.
1673 315 1758 368 AD
1799 313 1962 369 sese.
1996 315 2082 368 1x.
2115 343 2182 352 η-
2215 279 2459 368 1311mm
2496 312 2921 370 MERCATORIS
3753 311 3827 367 eo

450 422 704 478 humana
733 419 1035 479 formidine
1058 439 1293 494 peccare
1312 409 1713 519 metuant,(ﬂui
1732 421 2082 492 divinajudi-
2103 435 2162 506 Α
2181 437 2312 476 cum
2337 421 2446 478 ista
2469 426 2629 477 extra
2654 438 2759 478 nos
2779 421 2912 489 sint,
2939 421 3034 476 illa
3063 436 3198 476 vero
3229 422 3289 476 in
3321 421 3500 476 nobis.
3525 421 3832 477 Sententia

453 516 539 572 cia
556 532 670 571 non
695 515 1043 576 formidant:
1069 517 1376 574 deteriores
1396 515 1607 587 quippe"
1624 519 1757 572 sunt
1773 516 1873 587 qui
1894 515 2083 571 docto-

455 626 586 665 rum
615 609 812 677 vitam,
840 626 1144 682 moresque
1169 613 1565 680 corrumpunt,
1591 609 1677 666 his
1701 609 1800 681 qui
1831 609 2087 665 substan-

457 703 564 758 tias
585 702 844 770 aliorum,
861 703 1189 774 praediaque
1211 702 1503 774 diripiunt,
1528 702 1634 774 ipsi
1654 705 1848 758 autem
1871 718 1937 758 ea
1958 719 2087 774 qua:

457 799 610 851 extra
634 813 758 866 nos,
795 795 927 852 licet
959 801 1150 871 nostra
1175 797 1303 862 sint,
1333 796 1620 865 auferunt,
1651 796 1829 850 nostri
1861 812 2086 867 quoque

455 890 799 945 detractores
843 896 899 945 et
935 906 1160 944 morum
1200 895 1559 960 corruptores
1598 892 1926 946 nostrorum
1967 891 2085 945 sive

452 984 553 1056 qui
592 983 855 1038 adversus
896 999 998 1037 nos
1039 986 1356 1051 armantur,
1386 983 1615 1054 proprie
1650 983 1904 1055 nosipsos
1945 983 2089 1038 deci-

452 1076 634 1147 piunt.
691 1079 756 1133 Et
802 1075 925 1132 ideo
964 1075 1118 1146 juste
1172 1075 1413 1132 infames
1458 1082 1609 1144 sunt,
1661 1079 1717 1131 et
1765 1077 1967 1132 merito
2017 1077 2086 1132 ab

452 1169 697 1227 Ecclesia
727 1174 977 1224 extorres
1006 1169 1171 1224 ﬁunt.

519 1264 624 1317 Pro
644 1262 863 1318 meritis
884 1278 1022 1333 ergo
1045 1260 1226 1332 plebis
1250 1278 1397 1333 saepe
1427 1268 1678 1334 pastores
1705 1264 2086 1333 depravantur

451 1353 731 1423 Ecclesiae,
760 1360 825 1410 ut
861 1355 1166 1426 proclivius
1195 1361 1459 1410 corruant
1487 1356 1585 1426 qui
1614 1360 1950 1427 sequuntur.
1983 1357 2084 1412 Ca-

449 1450 565 1521 pite
595 1448 863 1503 videlicet
889 1449 1306 1520 languescente,
1335 1448 1552 1504 facilius
1579 1450 1797 1520 reliqua
1831 1449 2088 1505 membra

449 1543 700 1614 corporis
727 1542 1079 1609 inﬁciuntur,
1107 1545 1172 1597 ut
1197 1541 1472 1614 scriptum
1499 1547 1582 1598 est
1610 1560 1622 1597 :
1657 1566 1684 1592 α
1707 1543 1887 1598 Omne
1917 1549 2088 1614 caput

448 1635 810 1706 languidum,
859 1638 915 1690 et
955 1651 1125 1690 omne
1165 1651 1263 1689 cor
1308 1651 1570 1702 moerens,
1615 1653 1647 1689 a
1691 1637 1882 1707 planta
1924 1636 2087 1706 pedis

455 1745 632 1800 usque
675 1728 747 1782 ad
792 1728 1057 1782 verticem
1101 1728 1337 1799 capitis,
1379 1745 1496 1784 non
1544 1731 1628 1784 est
1670 1728 1727 1783 in
1772 1745 1839 1784 eo
1879 1729 2086 1784 sanitas

2187 532 2414 587 quoque
2465 515 2642 572 Cham
2696 515 2795 570 filii
2846 516 2961 571 Noe
3012 516 3375 583 damnantur,
3431 515 3530 587 qui
3583 531 3828 570 suorum

2187 609 2486 664 doctorum
2519 609 2606 665 vel
2637 608 3074 680 praepositorum
3106 609 3334 682 culpam
3376 610 3644 680 produnt,
3679 611 3831 664 sicut

2187 702 2366 757 Cham
2403 702 2504 772 qui
2541 702 2718 772 patris
2754 702 3019 772 pudenda
3056 719 3170 758 non
3209 703 3454 774 operuit,
3495 702 3595 757 sed
3640 703 3828 774 magis

2188 795 2494 850 deridenda
2552 796 2906 850 monstravit.
2975 797 3176 852 Doctor
3229 799 3423 852 autem
3479 798 3563 851 vel
3627 799 3829 868 pastor

2188 888 2477 953 Ecclesiae,
2531 889 2577 943 si
2620 906 2655 943 a
2695 889 2809 945 ﬁde
2853 889 3288 958 exorbitaverit,
3337 891 3445 945 erit
3491 907 3526 944 a
3568 889 3830 946 ﬁdelibus

2187 981 2579 1052 corrigendus,
2631 982 2732 1036 sed
2782 999 2884 1053 pro
2925 983 3183 1055 reprobis
3217 983 3471 1038 moribus
3515 984 3700 1055 magis
3742 988 3831 1038 est

2189 1075 2517 1130 tolerandus
2538 1092 2714 1147 quam
2740 1076 3189 1148 distringendus,
3215 1077 3349 1149 quia
3373 1079 3621 1132 rectores
3642 1076 3831 1132 Eccle-

2187 1167 2282 1222 sim
2304 1186 2338 1223 a
2365 1169 2481 1222 Deo
2499 1168 2793 1239 judicandi
2821 1173 2972 1237 sunt,
2996 1170 3141 1224 sicut
3165 1170 3246 1225 ait
3274 1170 3556 1240 Propheta
3581 1187 3594 1224 :
3624 1192 3651 1221 «
3675 1172 3828 1226 Deus

2184 1262 2335 1316 stetit
2375 1262 2433 1316 in
2475 1278 2766 1332 synagoga
2802 1262 3074 1328 deorum,
3124 1264 3183 1317 in
3225 1263 3416 1319 medio
3450 1267 3643 1318 autem
3686 1264 3828 1319 deos

2187 1355 2458 1425 dijudicat
2501 1357 2666 1424 (Psal.
2713 1372 2898 1424 LXXXI,
2949 1357 3025 1427 l);
3079 1379 3106 1406 ››
3160 1356 3309 1411 unde
3357 1362 3580 1428 oportet
3622 1373 3831 1412 unum-

2185 1464 2470 1520 quemque
2512 1447 2766 1516 ﬁdelem,
2798 1450 2844 1504 si
2884 1449 3090 1506 viderit
3131 1455 3230 1505 aut
3275 1440 3604 1521 cognoverit
3632 1451 3830 1522 plebes

2188 1559 2312 1596 suas
2333 1542 2604 1597 adversus
2625 1546 2921 1612 pastorem
2943 1559 3110 1598 suum
3131 1546 3467 1613 tumescere,
3488 1549 3586 1601 aut
3603 1544 3828 1599 clerum

2187 1635 2601 1690 detractoribus
2630 1651 2847 1703 vacare,
2875 1636 2983 1691 hoc
3015 1637 3215 1691 vitium
3246 1654 3350 1708 pro
3383 1637 3596 1695 viribus
3608 1638 3828 1710 ‘exstir-

2185 1745 2326 1800 pare
2352 1729 2776 1801 prudenterque
2801 1730 3088 1799 corrigere
3118 1733 3355 1801 satagat,
3374 1747 3475 1786 nec
3503 1731 3584 1786 cis
3611 1730 3670 1787 in
3702 1731 3829 1803 qui-

453 1799 600 1890 (lsdi.
648 1838 685 1890 ι,
725 1823 797 1891 Ei).
837 1842 862 1870 n
898 1821 1255 1892 Quapropter
1284 1821 1651 1876 manifestum
1683 1826 1766 1877 est
1793 1799 2162 1879 diabolumB
2185 1822 2518 1895 buscunque
2555 1799 2798 1894 negotiis
2836 1823 3082 1892 misceri,
3125 1823 3170 1878 si
3207 1799 3616 1896 incorrigibiles
3650 1799 3831 1897 appa-

456 1915 575 1986 (qui
610 1914 753 1969 sicut
781 1914 870 1971 leo
906 1913 1139 1986 rugiens
1165 1914 1382 1982 circuit,
1415 1931 1682 1986 quaerens
1711 1931 1883 1987 quem
1912 1916 2088 1987 possit
2186 1915 2412 1972 ruerint
2431 1918 2738 1986 antequam
2761 1932 2862 1970 suo
2890 1915 3332 1972 reconcilientur
3357 1917 3591 1984 doctori,
3615 1933 3834 1989 praesu-

454 2009 740 2076 devorare)
792 2006 1056 2063 cordibus
1099 2007 1355 2078 plebium
1404 2008 1679 2078 suadere,
1729 2014 1790 2064 ut
1833 2009 2090 2064 doctores
2186 2014 2326 2079 mat,
2361 2008 2638 2080 quoniam
2672 2013 2791 2063 tam
2830 2009 3149 2066 sacerdotes
3190 2025 3362 2080 quam
3399 2009 3601 2082 reliqui
3628 2009 3833 2065 ﬁdeles

451 2106 622 2172 atque
685 2103 938 2172 pastores
1005 2117 1135 2155 suos
1205 2101 1614 2156 detractoribus
1679 2102 1942 2172 irrogent
2003 2103 2089 2158 vel
2188 2117 2386 2158 omnes
2433 2101 2642 2158 debent
2685 2102 2895 2158 habere
2939 2119 3223 2158 summam
3263 2119 3461 2158 curam
3499 2103 3569 2158 de
3607 2103 3699 2158 his
3730 2102 3834 2174 qui

453 2197 722 2249 accusent
779 2197 841 2248 ut
896 2193 1154 2264 plebibus
1209 2194 1739 2266 languescentibus,
1794 2196 1881 2250 vel
1940 2196 2092 2250 mala

453 2287 784 2364 agentibus,
836 2303 950 2342 non
1011 2287 1334 2344 tenentibus
1387 2288 1713 2360 pastoribus
1766 2288 1928 2344 frena
1991 2305 2088 2344 eo-

451 2397 584 2436 rum
629 2381 922 2437 lasciviant
958 2385 1129 2454 atque
1169 2381 1233 2436 in
1279 2382 1398 2446 im.a
1443 2387 1632 2438 ruant.
1671 2382 1908 2437 Multum
1955 2399 2088 2438 vero

453 2474 666 2531 distant
683 2475 893 2534 damna
911 2491 1142 2532 morum
1159 2491 1193 2532 a
1208 2474 1432 2531 damnis
1449 2491 1642 2547 rerum
1662 2475 2085 2550 temporalium,

2188 2199 2454 2267 pereunt,
2505 2199 2783 2267 quatenus
2822 2211 3023 2251 eorum
3059 2196 3484 2267 redargutione,
3515 2199 3614 2251 aut
3648 2197 3833 2251 corri-

2191 2293 2400 2361 gantur
2427 2306 2461 2343 a
2484 2288 2745 2360 peccatis,
2775 2295 2874 2344 aut
2903 2289 2948 2344 si
2987 2289 3403 2362 incorrigibiles
3433 2290 3831 2363 apparuerint,

2191 2382 2262 2437 ab
2292 2381 2534 2439 Ecclesia
2562 2385 2920 2456 separentur.

711 2763 823 2831 DE
878 2762 1327 2832 SUBJECTIS
1375 2763 1520 2845 QUI
1569 2764 1812 2833 AMICI
1861 2762 2085 2832 SUNT
2132 2761 2486 2831 INIMICIS
2534 2762 3138 2834 EPISCOPORUM
3185 2764 3565 2835 SUOBUM.

526 2956 618 3012 Ait
653 2972 789 3028 ergo
824 2957 1022 3012 beatus
1060 2956 1326 3029 princeps
1363 2959 1754 3029 apostolorum
1786 2958 1985 3012 Petrus
2023 2956 2092 3012 de
2114 2969 2169 3042 ρ
2195 2955 2364 3012 etiam
2409 2955 2594 3010 omnis
2641 2956 2842 3026 ﬁdelis,
2886 2973 2959 3012 ne
3003 2957 3326 3029 derogando
3368 2957 3517 3028 quod
3559 2957 3618 3011 in
3660 2958 3834 3012 domo

454 3055 651 3105 sancto
677 3050 1094 3122 praedecessore
1120 3055 1316 3106 nostro
1342 3052 1634 3107 Clemente
1659 3050 1920 3122 plebibus
1949 3066 2093 3122 prae-

456 3143 722 3211 dicando,
747 3143 974 3214 quando
1001 3143 1240 3199 docebat
1268 3160 1360 3199 eas
1390 3145 1634 3216 qualiter
1658 3144 1707 3198 ei
1732 3143 1965 3216 obedire
1992 3143 2089 3197 de-

456 3143 722 3211 dicando,
747 3143 974 3214 quando
1001 3143 1240 3199 docebat
1268 3160 1360 3199 eas
1390 3145 1634 3216 qualiter
1658 3144 1707 3198 ei
1732 3144 1803 3198 ob
1888 3143 1965 3198 're
1992 3143 2089 3197 de-

453 3236 676 3308 berent,
693 3252 938 3308 eumque
958 3237 1255 3293 observare
1278 3237 1428 3292 inter
1452 3241 1681 3303 caetera,
1701 3237 1780 3292 ait
1798 3143 2094 3324 τε.ςῖἱηὶῐηὶ-

453 3347 553 3386 cus
580 3333 664 3385 est
687 3331 853 3386 alicui
880 3347 984 3401 pro
1013 3330 1232 3385 actibus
1258 3330 1392 3398 suis,
1415 3347 1516 3384 vos
1542 3329 1718 3386 nolite
1747 3335 2090 3402 exspectare,

455 3429 517 3480 ut
552 3423 670 3496 ipse
710 3423 867 3478 vobis
907 3424 1076 3490 dicat,
1108 3439 1238 3477 cum
1275 3422 1374 3477 illo
1406 3423 1584 3477 nolite
1620 3423 1790 3478 amici
1821 3439 1961 3491 esse,
1997 3423 2094 3478 sed

450 3518 768 3589 prudenter
782 3517 1077 3572 observare
1104 3515 1339 3582 debetis,
1362 3519 1417 3571 et
1435 3516 1716 3571 voluntati
1739 3517 1862 3588 ejus
1879 3517 2092 3588 absque

453 3610 965 3666 communicatione
995 3609 1400 3679 obsecundare,
1425 3615 1482 3665 et
1510 3616 1764 3666 avertere
1790 3628 1889 3666 vos
1909 3611 1978 3665 ab
2005 3627 2089 3678 eo,

452 3705 544 3760 cui
569 3705 759 3776 ipsum
779 3703 1000 3757 sentitis
1020 3702 1342 3770 adversum,
1363 3703 1461 3758 sed
1483 3719 1585 3758 nec
1606 3705 1762 3775 loqui
1782 3704 1869 3758 his
1889 3704 2094 3776 quibus

450 3798 571 3869 ipse
595 3813 714 3850 non
744 3796 997 3866 loquitur
1025 3813 1038 3849 :
1074 3798 1138 3849 ut
1176 3796 1562 3868 unusquisque
1587 3797 1685 3867 qui
1715 3797 1806 3850 hic
1838 3797 1896 3850 in
1927 3797 2095 3866 culpa

457 3893 563 3958 est,
593 3889 732 3942 dum
761 3888 916 3958 cupit
945 3888 1204 3943 omnium
1230 3889 1415 3944 virum
1445 3888 1716 3943 amicitias
1747 3890 1913 3959 ferre,
1942 3889 2093 3944 festi-

455 3987 560 4038 net
587 3981 752 4036 citius
777 3981 1125 4036 reconciliari
1155 3982 1207 4036 ei
1238 3981 1338 4053 qui
1362 3982 1626 4037 omnibus
1658 3985 1881 4053 praeest,
1909 3986 1966 4037 et
1994 3998 2095 4053 per

455 4077 562 4130 hoc
593 4075 792 4129 redeat
820 4075 893 4128 ad
927 4075 1190 4144 salutem,
1220 4091 1351 4130 cum
1388 4075 1618 4131 obedire
1645 4076 1876 4147 coeperit
1903 4075 2091 4130 moni-

451 4168 525 4224 tis
561 4167 939 4240 praasidentis.
972 4169 1027 4224 Si
1069 4185 1199 4224 vero
1239 4169 1366 4240 quis
1400 4169 1615 4224 amicus
1651 4169 1825 4224 fuerit
1853 4169 1943 4223 his
1974 4169 2094 4240 qui-

451 4262 558 4316 bus
586 4261 710 4333 ipse
745 4260 964 4316 amicus
993 4277 1106 4317 non
1149 4267 1252 4332 est,
1287 4266 1345 4317 et
1372 4264 1525 4318 locus
1559 4263 1734 4318 fuerit
1763 4263 1851 4317 his
1888 4262 2095 4335 quibus

2193 3049 2530 3121 cujusquam
2559 3050 2768 3120 agitur,
2804 3050 2913 3104 alia
2956 3050 3157 3105 domus
3192 3067 3297 3121 per
3336 3065 3468 3105 eum
3505 3057 3834 3120 cognoscat,

2193 3142 2293 3197 sed
2334 3143 2594 3197 omnium
2633 3143 3084 3198 Christianorum
3128 3144 3328 3198 domos
3375 3143 3537 3214 quasi
3574 3145 3838 3216 proprias

2192 3237 2364 3291 amet.
2411 3237 2589 3290 Nemo
2638 3236 2792 3290 enim
2832 3237 3008 3291 invito
3056 3236 3302 3291 auditori
3357 3236 3600 3291 libenter
3633 3237 3835 3305 refert,

2195 3328 2376 3400 sitque
2427 3329 2874 3401 uniuscujusque
2921 3328 3206 3397 studium,
3249 3346 3366 3385 non
3411 3331 3596 3384 solum
3641 3331 3838 3386 oculos

2195 3426 2374 3477 castos
2405 3437 2649 3490 servare,
2683 3422 2777 3477 sed
2821 3427 2878 3477 et
2921 3423 3197 3493 linguam.
3232 3425 3339 3477 Vos
3369 3425 3581 3490 autem,
3619 3424 3834 3478 charis-

2193 3515 2341 3584 simi,
2372 3516 2469 3587 qui
2501 3515 2635 3570 estis
2669 3516 2772 3570 sub
2808 3516 3106 3586 disciplina
3137 3516 3366 3571 Domini
3406 3516 3712 3583 constituti,
3756 3517 3838 3572 sic

2194 3624 2288 3664 vos
2327 3608 2612 3675 exhibete,
2644 3611 2707 3663 ut
2734 3609 2854 3662 veri
2889 3608 3140 3662 ministri
3170 3614 3227 3662 et
3257 3608 3673 3678 dispensatores
3701 3627 3836 3681 my-

2195 3701 2496 3768 steriorum
2550 3701 2705 3771 ejus,
2754 3703 2816 3754 ut
2869 3717 2985 3755 non
3035 3700 3389 3770 vituperetur
3448 3702 3838 3758 ministerium

2194 3797 2464 3862 vestrum,
2496 3809 2568 3847 ne
2594 3793 2696 3848 ﬁat
2721 3793 2780 3847 in
2814 3793 2970 3848 vobis
3001 3793 3143 3848 sicut
3174 3794 3448 3865 scriptum
3475 3800 3561 3850 est
3591 3813 3604 3850 :
3637 3819 3664 3845 ‹‹
3694 3798 3838 3852 Ecce

2195 3886 2338 3941 sicut
2365 3886 2605 3957 populus
2629 3886 2707 3941 sic
2739 3886 3000 3941 sacerdos
3028 3886 3175 3956 (Isai.
3207 3903 3358 3954 xxn’,
3391 3890 3466 3959 '2).
3499 3910 3526 3937 »
3559 3889 3650 3944 Sic
3676 3890 3838 3945 enim

2195 3995 2289 4034 vos
2327 3983 2652 4050 vestrosque
2689 3984 2745 4034 et
2783 3983 3016 4034 cunctos
3051 3981 3336 4052 corrigite,
3378 3986 3441 4036 ut
3470 3982 3687 4037 nemini
3731 4001 3837 4039 no-

2195 4073 2387 4140 ceatis,
2420 4075 2701 4144 quatenus
2732 4078 2790 4128 et
2819 4073 2888 4126 ab
2919 4073 3252 4129 hominibus
3283 4075 3494 4129 bonam
3523 4075 3836 4146 acquiratis

2194 4167 2405 4220 famam
2434 4165 2560 4238 18
2594 4172 2653 4221 et
2685 4183 2720 4220 a
2753 4167 2865 4221 Deo
2895 4167 3174 4223 mercedis
3203 4169 3508 4239 praemium
3533 4168 3590 4222 in
3618 4173 3839 4225 aeterna

2193 4259 2540 4314 beatitudine
2569 4259 2863 4329 percipere
2889 4261 3244 4315 mereamini.
3281 4261 3347 4314 Et
3371 4261 3416 4314 si
3447 4261 3582 4332 quid
3608 4261 3834 4318 adversi

453 4355 573 4426 ipse
609 4371 728 4408 non
771 4355 1040 4425 loquitur,
1089 4371 1233 4411 unus
1287 4360 1371 4411 est
1411 4374 1424 4411 :
1472 4361 1528 4412 et
1570 4357 1690 4428 ipse
1732 4373 1797 4412 ex
1840 4357 1952 4411 illis
1995 4356 2172 4437 quiD
2195 4352 2266 4407 de
2306 4353 2520 4407 unitate
2560 4353 2823 4407 Ecclesiae
2862 4353 3147 4423 acciderit,
3183 4353 3448 4409 radicitus
3480 4359 3832 4426 amputetur,

455 4447 837 4503 exterminare
870 4448 971 4502 Dei
1012 4449 1314 4505 Ecclesiam
1353 4449 1584 4517 volunt,
1629 4453 1686 4504 et
1723 4450 1960 4521 reliqua.
2003 4450 2095 4505 His

455 4540 690 4612 aliisque
707 4542 1149 4613 quamplurimis
1162 4543 1510 4598 documentis
1527 4543 1687 4598 facile
1701 4543 2095 4614 unusquisque

453 4635 741 4690 advertere
782 4639 985 4706 potest,
1026 4636 1272 4707 qualiter
1313 4636 1566 4703 obedire,
1605 4639 1662 4691 et
1701 4636 2092 4708 obtemperare

455 4728 620 4784 debet
648 4729 967 4801 praepositis
994 4729 1129 4798 suis,
1160 4734 1216 4785 et
1235 4730 1480 4802 qualiter
1500 4731 1653 4785 circa
1684 4746 1779 4785 eos
1807 4731 2096 4801 agendum

451 4822 544 4887 sit,
586 4822 787 4892 quibus
818 4823 924 4894 ipsi
964 4827 1062 4878 aut
1091 4823 1259 4878 amici
1297 4827 1430 4878 sunt
1469 4827 1570 4877 aut
1607 4823 1844 4877 inimici.
1881 4823 1936 4878 Si
1969 4824 2096 4894 quis

453 4914 608 4969 enim
654 4915 776 4969 hinc
829 4921 1114 4987 praecepta
1159 4933 1278 4970 non
1334 4916 1742 4983 observaverit,
1791 4916 1969 4970 hostis
2011 4921 2097 4971 est

455 5005 666 5060 animae
690 5023 828 5072 suae,
856 5012 912 5061 et
939 5025 1057 5062 non
1093 5013 1320 5064 tantum
1359 5008 1606 5075 infamis,
1635 5008 1731 5085 sed
1775 5011 1832 5062 et
1869 5025 2092 5063 excom-

459 5098 784 5154 municatus
795 5103 963 5169 atque
985 5101 1202 5156 alienus
1217 5102 1286 5157 ab
1300 5101 1543 5157 Ecclesia
1558 5101 2097 5173 efficitur,quoniam

461 5207 692 5247 necesse
711 5195 798 5247 est
816 5208 882 5247 ea
893 5192 1032 5246 vitia
1052 5193 1202 5249 ferro
1216 5195 1546 5252 abscindere
1567 5211 1694 5267 quae
1712 5195 1832 5250 aliis
1853 5196 2098 5251 medica-

455 5284 707 5339 minibus
739 5301 851 5340 non
879 5290 1166 5341 sanantur.
1193 5289 1394 5344 Parcat
1421 5289 1811 5362 unusquisque
1838 5308 1870 5344 a
1894 5290 2097 5345 lacera-

461 5378 634 5445 tione,
671 5379 754 5434 vel
785 5378 1131 5434 detractione
1155 5380 1366 5452 linguaa
1401 5401 1540 5452 suae,
1569 5386 1873 5455 caveatque
1897 5400 1969 5438 ne
1998 5387 2096 5437 aut

449 5471 737 5542 linguam,
761 5476 858 5527 aut
885 5489 1050 5529 aures
1081 5473 1288 5529 habeat
1311 5479 1652 5549 prurientes,
1682 5477 1741 5532 id
1767 5481 1869 5542 est,
1899 5491 1970 5530 ne
1999 5482 2097 5531 aut

453 5565 574 5620 aliis
619 5565 885 5637 deroget,
934 5567 1315 5640 detrahatque
1359 5586 1758 5643 quoscunque,
1807 5572 1906 5622 aut
1954 5568 2095 5624 alios

449 5659 642 5715 audiat
705 5661 1045 5732 derogantes
1099 5664 1185 5718 vel
1247 5664 1612 5720 detrahentes
1635 5704 1652 5730 ,
1712 5661 2104 5733 custodiatque

459 5753 704 5824 quisque
735 5771 1026 5810 sermones
1065 5773 1216 5823 suos,
1249 5759 1307 5810 et
1341 5757 1479 5810 sciat
1511 5755 1645 5825 quia
1682 5754 2008 5828 quicunque
2035 5756 2104 5810 de

2198 4452 2258 4501 ut
2285 4445 2381 4500 Dei
2407 4446 2652 4501 Ecclesia
2673 4447 3005 4520 fructusque
3024 4462 3318 4502 servorum
3342 4451 3610 4503 maneant
3630 4448 3835 4504 incon-

2196 4556 2374 4595 cussa.
2401 4541 2687 4611 «Propter
2707 4541 2882 4611 quod,
2905 4540 3239 4608 charissimi,
3263 4545 3657 4612 exspectantes
3684 4547 3842 4597 sata-

2197 4633 2313 4705 gite
2338 4633 2690 4689 immaculati
2715 4634 2767 4689 ei
2793 4633 3034 4688 inveniri
3060 4633 3120 4688 in
3143 4651 3298 4705 pace,
3327 4641 3384 4690 et
3404 4634 3632 4689 Domini
3654 4638 3842 4692 nostri

2196 4728 2326 4782 Jesu
2377 4727 2584 4781 Christi
2631 4727 3130 4798 longanimitatem
3179 4727 3423 4783 salutem
3473 4728 3842 4784 arbitremini

2198 4821 2271 4888 (Π
2303 4823 2447 4876 Petr.
2494 4837 2573 4887 ιιι,
2623 4821 2730 4891 14).
2766 4842 2792 4870 ››
2836 4840 2863 4872 «
2898 4823 3081 4875 Estote
3124 4837 3259 4892 ergo
3301 4821 3630 4892 prudentes,
3663 4824 3861 4893 atque.

2201 4913 2427 4985 vigilate
2456 4914 2514 4968 in
2545 4913 2916 4980 orationibus,
2947 4917 3079 4969 ante
3111 4914 3304 4969 omnia
3345 4917 3538 4970 autem
3575 4919 3844 4972 mutuam

2199 5007 2259 5062 in
2307 5006 2720 5078 vobismetipsis
2774 5006 3103 5062 charitatem
3151 5008 3481 5063 continuam
3526 5008 3838 5078 habentes,

2199 5100 2335 5172 quia
2352 5099 2593 5155 Charitas
2615 5098 2800 5170 operit
2815 5098 3239 5155 multitudinem
3255 5104 3635 5172 peccatorum,
3652 5102 3844 5172 hospi-

2199 5195 2338 5248 tales
2393 5191 2635 5247 invicem
2693 5191 2813 5246 sine
2873 5195 3346 5249 murmuratione.
3401 5195 3797 5266 Unusquisque
3823 5239 3838 5265 ,

2201 5287 2347 5340 sicut
2378 5285 2597 5356 accepit
2635 5284 2897 5356 gratiam,
2930 5285 2989 5340 in
3028 5287 3370 5343 alterutrum
3407 5288 3558 5342 illam
3600 5288 3845 5344 admini-

2204 5382 2464 5444 strantes,
2488 5376 2632 5433 sicut
2655 5377 2787 5432 boni
2809 5378 3226 5449 dispensatores
3251 5381 3618 5437 multiformis
3639 5382 3841 5453 gratim

2204 5472 2341 5540 Dei;
2382 5471 2427 5525 si
2469 5471 2594 5542 quis
2631 5471 2878 5542 loquitur
2917 5473 3076 5544 quasi
3117 5490 3407 5530 sermones
3451 5475 3584 5544 Dei,
3626 5475 3670 5529 si
3709 5477 3842 5546 quis

2205 5564 2490 5620 ministrat
2545 5568 2819 5635 tanquam
2871 5581 2936 5620 ex
2993 5567 3200 5623 virtute
3254 5584 3430 5639 quam
3481 5567 3843 5624 administrat

2204 5660 2368 5723 Deus,
2399 5659 2465 5711 ut
2489 5655 2548 5711 in
2577 5657 2841 5713 omnibus
2867 5658 3278 5718 honoriﬁcetur
3310 5663 3477 5731 Deus,
3506 5677 3610 5733 per
3643 5663 3841 5717 Jesum

2204 5750 2508 5819 Christum,
2541 5751 2632 5805 cui
2660 5755 2744 5806 est
2781 5753 2962 5823 gloria
2990 5758 3046 5809 et
3072 5754 3377 5826 imperium
3409 5755 3468 5810 in
3498 5755 3705 5810 saecula
3731 5773 3838 5809 sae-

446 5843 572 5899 aliis
633 5845 920 5917 loquitur,
977 5865 1079 5903 sua
1137 5848 1416 5902 sententia
1475 5848 1844 5918 judicabitur.
1903 5851 2107 5905 Caveat
2207 5845 2482 5902 culorum.
2513 5847 2688 5901 Amen
2720 5845 2766 5915 (Ι
2793 5848 2932 5903 Petr.
2967 5863 3037 5916 ιν,
3062 5848 3136 5916 7.)
3170 5869 3195 5894 ››
