4068 6352
2730 23 2946 34 _________

281 375 341 427 81
1508 378 1984 438 DECRETALIUM
2023 383 2408 439 COLLECTIO.
2613 340 2617 346 ι
3579 399 3646 454 82

283 520 3620 556 _______.________________._____________________________

818 642 1393 773 INCIPIUNT
1495 674 2019 774 DECRETA
2106 683 2632 780 EVARISTI
2716 689 3081 783 PAPIE.

277 842 372 906 De
405 842 819 907 ordinatione
852 844 1282 910 diaconorum
1326 854 1388 910 et
1429 847 1716 929 legitimo
1760 829 2086 990 ctorliiugio,
2117 857 2316 991 (egique
2354 852 2432 915 de
2463 854 2592 932 ﬁde
2635 863 2695 917 et
2733 873 2864 918 non
2901 857 3301 938 injuriandis
3329 859 3644 940 episcopis

1688 946 1778 990 au
1871 946 2113 991 aceran
2164 949 2236 991 ες.

1688 946 1806 990 aut
1850 946 2236 992 lacerandas.

976 1060 1088 1123 (Hic
1114 1062 1367 1113 successit
1397 1065 1646 1114 Anacleto
1674 1076 1810 1114 anno
1840 1063 2046 1114 Domini
2075 1068 2185 1128 110,
2213 1067 2309 1117 sub
2332 1067 2558 1132 Traiano
2585 1069 2950 1134 imperatore.)

1761 1209 2138 1222 ——_

247 1340 250 1342 ν
343 1318 731 1376 Dilectissimis
769 1321 1038 1378 fratribus
1085 1323 1358 1381 universis
1405 1327 1605 1384 Africae
1661 1331 1909 1402 regionis
1933 1339 1992 1412 Α
2013 1329 2138 1384 Haec
2164 1333 2364 1385 cuncta
2389 1330 2680 1388 recitanda
2707 1347 2810 1402 per
2828 1347 3025 1386 omnes
3052 1333 3322 1390 Ecclesias
3349 1335 3641 1391 Africanas

269 1414 546 1486 episcOpis
583 1416 912 1473 EVABISTUS.

339 1509 769 1566 Consulentibus
794 1511 968 1578 vobis,
990 1512 1191 1568 fratres
1218 1514 1554 1587 charissimi,
1573 1517 1708 1590 quid
1736 1536 1905 1592 super

270 1601 378 1670 his,
395 1619 524 1674 quae
543 1603 605 1658 in
624 1603 819 1660 vestris
841 1605 1273 1664 continebantur
1297 1609 1520 1682 scriptis
1540 1611 1722 1668 visum
1740 1620 1901 1682 esset,

268 1695 350 1750 vel
382 1696 519 1767 quid
557 1697 753 1752 docilis
783 1699 923 1753 ratio
961 1701 1345 1772 persuaderet,
1374 1706 1473 1758 aut
1496 1704 1634 1776 quid
1666 1722 1699 1760 a
1725 1706 1904 1763 beatis

265 1789 534 1860 apostolis
561 1790 723 1846 nobis
753 1791 1042 1859 traditum,
1069 1796 1170 1848 aut
1193 1796 1534 1852 custoditum
1559 1805 1900 1870 remaneret,

265 1886 528 1952 optantes
561 1887 642 1944 (ut
670 1884 956 1957 retulistis)
978 1887 1183 1942 nostris
1207 1886 1424 1944 institui
1453 1890 1820 1948 documentis.
1845 1893 1903 1949 Si

265 1975 500 2046 quidem
521 1976 747 2034 dilectio
764 1982 948 2034 vestra
959 1996 1220 2034 normam
1241 1987 1432 2037 secuta
1450 1985 1819 2056 prudentium
1831 1987 1903 2042 ad

263 2069 460 2124 sedem
488 2071 863 2141 Apostolicam
904 2073 1116 2130 referre
1165 2074 1385 2144 maluit,
1423 2078 1581 2150 quasi
1610 2079 1682 2134 ad
1712 2085 1899 2152 caput,

262 2162 404 2233 quid
430 2163 664 2220 deberet
689 2164 758 2220 de
794 2164 963 2221 rebus
996 2166 1182 2222 dubiis
1207 2169 1483 2228 custodire
1511 2171 1698 2244 potius
1727 2190 1902 2246 quam

264 2257 636 2329 usurpatione
672 2275 1038 2330 praesumere.

551 2354 624 2407 De
657 2352 998 2408 ordinatione
1023 2359 1223 2425 septem
1251 2357 1612 2415 diaconorum.

336 2443 569 2499 Diaconi
596 2444 711 2517 (qui
739 2446 897 2517 quasi
935 2447 1080 2502 oculi
1109 2448 1374 2505 videntur
1400 2467 1520 2508 esse
1547 2453 1813 2526 episcopi)
1841 2456 1900 2511 in

257 2552 614 2610 unaquaque
639 2539 863 2595 civitate
884 2541 1050 2612 juxta
1077 2543 1461 2614 apostolorum
1490 2547 1791 2602 constituta
1820 2565 1902 2604 se-

258 2635 421 2702 ptem
449 2631 656 2687 debent
681 2649 823 2701 esse,
852 2634 949 2705 qui
989 2636 1308 2692 custodiant
1343 2637 1668 2710 episcopum
1697 2641 1900 2712 praedi-

256 2729 506 2792 cantem,
533 2741 606 2781 ne
637 2731 736 2781 aut
762 2727 882 2798 ipse
909 2729 980 2783 ab
1015 2707 1440 2786 insidiatoribus
1469 2707 1718 2804 quoquo
1731 2737 1898 2791 modo
1918 2707 1976 2781 B

259 2819 580 2885 infestetur,
610 2825 709 2874 aut
743 2820 980 2876 laedatur
1006 2839 1039 2876 a
1077 2823 1210 2891 suis,
1239 2829 1339 2880 aut
1376 2825 1543 2880 verba
1577 2827 1768 2882 divina
1811 2829 1902 2884 de-

255 2913 538 2968 trahendo
585 2916 687 2967 aut
733 2913 1048 2970 insidiando
1090 2917 1439 2990 polluantur,
1470 2920 1551 2974 vel
1595 2921 1903 2992 despician-

253 3012 372 3076 tur,
406 3007 501 3061 sed
531 3006 736 3062 veritas
762 3007 1038 3078 spirituali
1067 3010 1317 3067 redoleat
1342 3011 1580 3082 fervore,
1609 3031 1721 3086 pax
1760 3033 1902 3088 prte-

254 3099 448 3155 dicata
473 3099 638 3155 labiis
666 3100 842 3155 animi
881 3119 1012 3156 cum
1041 3104 1326 3160 voluntate
1365 3107 1685 3163 concordet.

711 3182 739 3295 λ
767 3195 1112 3295 lle-conjugio
1145 3199 1398 3295 legitimo.

330 3286 602 3342 Similiter
623 3286 965 3343 custoditum
985 3294 1041 3344 et
1059 3290 1335 3346 traditum
1363 3292 1656 3362 habemus,
1674 3299 1738 3350 ut
1757 3311 1901 3350 uxor

253 3380 511 3452 legitime
535 3381 657 3435 viro
677 3381 974 3452 jungatur.
1003 3383 1180 3439 Aliter
1206 3385 1358 3439 enim
1389 3386 1740 3458 legitimum,
1773 3393 1836 3444 ut
1865 3407 1900 3444 a

251 3473 515 3530 Patribus
540 3474 881 3546 accepimus,
905 3480 961 3531 et
985 3493 1018 3531 a
1037 3479 1244 3533 sanctis
1271 3480 1558 3550 apostolis,
1589 3497 1899 3554 eorumque

252 3567 673 3624 successoribus
717 3568 1014 3638 traditum,
1054 3571 1395 3640 invenimus,
1431 3590 1546 3628 non
1591 3576 1654 3629 ﬁt
1695 3575 1895 3647 conju-

253 3660 436 3732 gium,
469 3660 578 3714 nisi
603 3660 674 3714 ab
707 3660 796 3715 his
821 3662 920 3734 qui
947 3679 1117 3734 super
1137 3663 1318 3736 ipsam
1345 3665 1620 3721 feminam
1649 3668 1898 3723 domina-

253 3754 476 3808 tionem
503 3754 773 3808 videntur
797 3754 1024 3823 habere,
1046 3761 1102 3812 et
1118 3773 1148 3811 a
1170 3757 1376 3829 quibus
1399 3761 1730 3831 custoditur,
1755 3778 1899 3816 uxor

252 3851 504 3917 petatur,
527 3852 584 3901 et
610 3865 642 3900 a
663 3848 990 3918 parentibus
1019 3855 1118 3905 aut
1146 3852 1651 3924 propinquioribus
1671 3871 1899 3926 sponse-

251 3946 367 4010 tur,
401 3946 459 3996 et
483 3941 708 4013 legibus
736 3941 919 4010 detur,
950 3947 1004 3998 et
1031 3960 1134 3998 suo
1165 3947 1422 4017 tempore
1453 3948 1894 4016 sacerdotaliter,

251 4039 314 4088 ut
346 4052 471 4090 mos
503 4038 609 4102 est,
628 4051 760 4089 cum
785 4035 1045 4107 precibus
1070 4041 1127 4092 et
1149 4038 1526 4094 oblationibus
1551 4058 1584 4094 a
1610 4043 1897 4097 sacerdote
1917 4073 1971 4148 C

251 4129 621 4148 L-_-,g-_.,_,_
676 4131 716 4148 ,ι
750 4145 767 4148 _
803 4146 925 4148 ,μμ
1122 4131 1176 4148 ι.
1297 4135 1306 4148 .
1550 4140 1558 4148 .
1627 4135 1642 4148 .
1729 4135 1744 4148 .
1855 4139 1865 4148 .

249 4129 642 4196 benedicatur,
666 4131 722 4183 et
743 4145 777 4182 a
802 4131 1226 4203 paranymphis,
1250 4135 1315 4186 ut
1335 4135 1684 4190 consuetudo
1713 4135 1894 4204 docet,

250 4221 532 4278 custodita
561 4225 619 4277 et
646 4223 856 4278 sociata
879 4223 1207 4295 a'proximis
1235 4229 1488 4298 tempore
1520 4245 1772 4301 congruo
1796 4246 1895 4300 pe-

249 4319 352 4370 tita
376 4315 606 4386 legibus
633 4316 818 4384 detur,
849 4321 904 4372 et
928 4318 1260 4373 solemniter
1287 4320 1616 4392 accipiatur,
1640 4326 1698 4378 et
1723 4322 1896 4378 biduo

250 4409 336 4464 vel
357 4409 546 4464 triduo
561 4409 916 4464 orationibus
932 4415 1132 4466 vacent
1146 4415 1203 4467 et
1220 4413 1538 4469 castitatem
1556 4415 1892 4487 custodiant,

253 4506 312 4556 ut
345 4503 512 4557 bonae
549 4502 767 4558 soboles
808 4508 1172 4574 generentur,
1204 4509 1261 4560 et
1302 4507 1541 4563 Domino
1584 4508 1643 4563 in
1679 4510 1896 4565 actibus

257 4595 368 4650 suis
390 4597 670 4668 placeant.
698 4596 903 4652 Taliter
927 4597 1082 4653 enim
1121 4604 1178 4654 et
1221 4600 1463 4656 Domino
1491 4602 1812 4673 placebunt,
1841 4608 1897 4658 et

259 4689 397 4744 ﬁlios
421 4707 540 4745 non
568 4690 810 4762 spurios,
835 4691 934 4746 sed
961 4691 1269 4764 legitimos,
1289 4697 1457 4766 atque
1480 4695 1896 4752 haareditabiles

260 4784 631 4855 generabunt.
677 4784 1056 4857 Quapropter,
1087 4785 1187 4840 ﬁlii
1225 4787 1560 4858 charissimi,
1593 4792 1651 4843 et
1694 4791 1894 4844 merito

259 4876 499 4933 illustres
529 4877 642 4932 ﬁde
671 4877 944 4933 catholica
979 4879 1346 4952 suffragante,
1376 4880 1452 4935 ita
1487 4886 1716 4953 peracta
1751 4883 1890 4955 legi-

259 4970 389 5026 tima
419 4971 622 5026 scitote
665 4987 784 5026 esse
827 4973 1107 5044 conjugis.
1150 4973 1331 5029 Aliter
1371 4991 1501 5030 vero
1546 4980 1895 5048 praesumpta

259 5081 366 5119 non
393 5064 690 5137 conjugia,
721 5065 816 5120 sed
837 5069 935 5120 aut
955 5067 1248 5136 adulteria,
1270 5073 1369 5123 aut
1387 5068 1772 5137 contubernia,
1793 5073 1894 5124 aut

259 5162 465 5230 stupra,
495 5159 585 5214 vel
610 5157 1008 5215 fornicationes
1042 5161 1232 5232 potius
1266 5179 1437 5234 quam
1477 5162 1731 5235 legitima
1756 5181 1888 5218 con-

252 5251 406 5323 jugia
435 5269 557 5308 esse
588 5269 705 5307 non
734 5252 1006 5324 dubitate,
1032 5254 1141 5309 nisi
1161 5255 1416 5310 voluntas
1436 5256 1664 5329 propria
1689 5256 1889 5312 suffra-

262 5349 380 5416 gata
403 5346 584 5402 fuerit
620 5351 677 5402 et
706 5350 838 5402 vota
871 5348 1253 5404 succurrerint
1293 5349 1565 5422 legitima.
1597 5351 1737 5404 Nam
1779 5333 1894 5406 fru-

2006 1422 2214 1494 scripta
2242 1421 2492 1493 dirigite,
2519 1427 2574 1480 et
2604 1423 2723 1480 istis
2752 1425 3089 1493 connectite,
3109 1443 3248 1498 quas
3277 1427 3640 1498 adiunximus

2004 1515 2219 1595 litteras
2245 1516 2645 1588 perfectorum,
2674 1521 2738 1572 ut
2765 1518 2835 1573 de
2854 1518 2942 1573 his
2957 1536 3086 1590 quae
3110 1519 3303 1591 inique
3325 1521 3640 1576 laudantur

2006 1607 2069 1680 (si
2100 1609 2236 1680 quid
2257 1610 2368 1666 tale
2395 1610 2624 1680 probari
2647 1611 2872 1683 poterit)
2881 1611 3164 1682 judicium
3187 1612 3304 1680 ﬁat,
3321 1618 3377 1669 et
3393 1613 3639 1669 inhibita

2003 1705 2389 1771 coerceantur,
2419 1708 2475 1760 et
2513 1705 2806 1775 praeterita
2848 1706 3013 1773 mala,
3041 1709 3098 1761 et
3129 1705 3320 1760 illicita
3353 1706 3638 1778 conjugia,

2003 1793 2048 1849 si
2076 1795 2386 1850 doceantur
2416 1795 2679 1864 admissa,
2708 1797 2883 1869 digna
2913 1798 3206 1853 severitate
3239 1798 3638 1870 corripiantur.

2001 1889 2079 1943 De
2107 1893 2312 1945 caetero
2338 1905 2469 1944 vero
2497 1893 2804 1945 caveantur
2821 1891 2956 1947 talia
2982 1907 3084 1963 per
3109 1908 3309 1947 omnes
3347 1892 3637 1958 Ecclesias,

2005 1997 2077 2035 ne
2107 1980 2370 2037 Ecclesiae
2399 1983 2660 2038 sanctitas
2681 2001 2786 2055 per
2809 1987 3062 2040 nostram
3090 1985 3328 2056 fatigata
3345 1981 3640 2056 negligen-

2002 2073 2164 2141 tiam,
2197 2075 2400 2147 perdat
2421 2075 2711 2148 privilcgia
2735 2093 2861 2150 qua:
2882 2081 2964 2133 est
2990 2094 3092 2150 per
3109 2077 3257 2133 viros
3284 2079 3638 2134 venerabiles

2003 2170 2326 2223 consecuta.
2945 2230 2948 2232 γ

2073 2261 2148 2315 De
2175 2261 2264 2315 his
2299 2277 2430 2317 vero
2478 2262 2699 2334 quibus.
2722 2263 2793 2318 ab
2838 2263 3259 2320 insidiatoribus
3295 2264 3634 2338 fatigamini,

2005 2354 2154 2410 unde
2183 2360 2240 2410 et
2269 2372 2370 2410 nos
2406 2357 2722 2424 consulere,
2748 2361 2804 2413 et
2838 2375 2871 2412 a
2909 2357 3070 2413 nobis
3096 2358 3317 2414 edoceri
3352 2358 3501 2413 inter
3526 2374 3632 2412 cae-

2001 2449 2124 2501 tera
2159 2448 2431 2516 voluistis,
2469 2465 2534 2525 eo
2569 2451 2718 2521 quod
2754 2451 2867 2506 sint
2896 2452 3133 2524 quidam
3167 2453 3265 2524 qui
3290 2451 3637 2507 arbitrantur

1998 2541 2068 2595 de
2105 2543 2269 2596 Patre
2315 2542 2432 2596 solo
2491 2542 2706 2597 dictum
2749 2559 2887 2613 esse,
2930 2545 3063 2616 quia
3107 2545 3224 2616 ipse
3266 2546 3418 2600 solus
3466 2545 3638 2600 habet

1999 2633 2488 2690 immortalitatem
2521 2639 2576 2690 et
2601 2635 2786 2692 lucem
2813 2636 3034 2692 habitat
3062 2637 3532 2703 inaccessibilem,
3555 2636 3636 2692 ita

2002 2745 2097 2782 eos
2120 2728 2438 2800 apostolicis
2463 2729 2739 2800 percutite
2762 2730 2975 2798 ferulis,
2999 2733 3057 2786 et
3085 2730 3288 2786 divinis
3313 2731 3636 2803 redarguite

2002 2822 2294 2894 praeceptis
2326 2839 2338 2876 :
2369 2823 2491 2877 Non
2521 2823 2677 2877 enim
2719 2823 2872 2877 solus
2918 2825 3081 2878 Pater
3110 2823 3232 2880 sine
3271 2825 3410 2879 Filio
3447 2826 3635 2880 lucem

2001 2915 2451 2970 inaccessibilem
2482 2916 2719 2983 habitat,
2750 2915 2884 2988 quia
2909 2915 3004 2970 ubi
3035 2918 3200 2972 Pater
3229 2923 3332 2987 est,
3359 2917 3438 2971 ibi
3463 2917 3637 2974 etiam

2002 3009 2207 3063 Filium
2238 3025 2360 3063 esse
2391 3008 2756 3064 indubitabili
2777 3009 2888 3064 ﬁde
2917 3009 3263 3065 credendum
3284 3016 3394 3080 est;
3424 3028 3556 3065 nam
3587 3011 3635 3065 si

2001 3101 2151 3155 solus
2178 3103 2340 3156 Pater
2382 3101 2501 3156 sine
2541 3101 2676 3156 Filio
2704 3101 2878 3174 (quod
2907 3103 3090 3158 dicere
3127 3104 3288 3158 nefas
3318 3104 3417 3174 est)
3447 3105 3637 3159 lucem

1999 3195 2220 3250 habitat
2245 3194 2716 3263 inaccessibilem,
2745 3212 2969 3250 necesse
3007 3200 3093 3251 est
3125 3202 3191 3252 ut
3220 3200 3636 3270 sequestratam

2000 3292 2166 3346 Pater
2193 3306 2226 3343 a
2265 3289 2404 3343 Filio
2447 3289 2647 3343 habeat
2690 3289 3084 3360 mansionem;
3132 3291 3282 3362 quod
3325 3290 3367 3344 si
3409 3291 3487 3345 ita
3531 3296 3634 3360 est,

1999 3400 2254 3457 quonam
2275 3383 2446 3437 modo
2468 3383 2617 3436 idem
2646 3382 2818 3437 Filius
2841 3383 2910 3437 ad
2933 3383 3225 3438 dexteram
3246 3384 3423 3439 Patris
3448 3389 3635 3439 astans

1997 3495 2029 3532 a
2062 3478 2227 3532 beato
2268 3478 2520 3546 martyre
2548 3476 2833 3546 Stephano
2865 3476 3073 3531 dicitur
3101 3477 3368 3548 conspici,
3399 3477 3444 3532 si
3470 3480 3636 3532 Pater

2000 3571 2314 3625 secundum
2340 3585 2437 3624 eos
2467 3570 2620 3622 solus
2647 3568 2856 3623 dicitur
2881 3569 3110 3623 sedibus
3145 3569 3284 3623 lucis
3326 3570 3628 3624 contineri.

1997 3664 2158 3718 Absit
2183 3664 2290 3718 hoc
2321 3680 2354 3717 a
2388 3678 2554 3716 sensu
2600 3661 2854 3716 ﬁdelium
2886 3661 3110 3716 Christo
3138 3662 3197 3715 in
3241 3662 3453 3717 unitate
3499 3662 3632 3717 ﬁdei

1996 3756 2432 3822 adhaerentium,
2467 3753 2738 3827 quoniam
2783 3754 2927 3809 sicut
2963 3771 3082 3809 non
3117 3755 3275 3810 obest
3313 3755 3456 3810 Filio
3501 3772 3632 3810 cum

1997 3851 2148 3906 solus
2181 3849 2389 3905 dicitur
2427 3851 2593 3903 Pater
2626 3848 2816 3902 lucem
2863 3847 3307 3902 inaccessibilem
3350 3848 3630 3918 habitare,

1999 3943 2074 4000 ita
2116 3961 2231 3998 non
2278 3943 2437 3998 obest
2472 3941 2625 3997 Patri
2674 3957 2806 3995 cum
2851 3941 3151 4012 sapientia,
3179 3958 3306 4014 quae
3333 3945 3417 3997 est
3440 3941 3630 4008 Filius,

1997 4037 2202 4093 dicitur
2227 4053 2430 4109 gyrum
2461 4035 2585 4090 coeli
2620 4036 2734 4089 sola
2767 4035 3034 4105 circuire;
3066 4037 3236 4090 Pater
3259 4035 3472 4107 itaque,
3502 4052 3633 4090 cum

2000 4131 2070 4186 sit
2124 4131 2415 4186 invisibilis
2482 4133 2538 4183 et
2585 4128 2873 4200 ingenitus
2931 4128 2992 4183 in
3048 4146 3128 4198 se,
3175 4129 3233 4182 in
3297 4129 3435 4184 Filio
3482 4130 3635 4184 visus

1997 4225 2246 4297 Apostoli
2289 4223 2612 4281 testimonio
2665 4222 3099 4294 comprobatur,
3129 4228 3185 4277 et
3226 4222 3282 4277 in
3327 4223 3461 4278 Filio
3506 4241 3539 4277 a
3576 4241 3634 4277 se

1996 4316 2450 4373 inenarrabiliter
2479 4316 2665 4387 genito
2697 4316 2969 4371 mansisse
3001 4332 3063 4370 ac
3102 4315 3440 4387 requievisse
3469 4333 3629 4371 mon-

1998 4415 2226 4481 stratur,
2257 4411 2377 4482 ipso
2417 4410 2555 4464 Filio
2587 4411 2642 4463 in
2675 4410 2956 4480 propheta
2998 4409 3269 4481 loquente
3304 4427 3316 4464 :
3349 4430 3376 4461 «
3405 4409 3512 4474 Qui
3538 4427 3632 4466 me

1998 4505 2218 4577 genuit,
2252 4503 2527 4576 requievit
2571 4503 2627 4557 in
2657 4503 3048 4558 tabernaculo
3092 4519 3220 4557 meo
3259 4503 3440 4573 (Eccli.
3482 4519 3628 4569 xxxv,

2001 4602 2105 4670 l2);
2137 4618 2164 4649 »
2193 4602 2249 4653 et
2271 4599 2330 4652 in
2358 4596 2663 4668 Evangelio
2700 4614 2711 4650 :
2757 4619 2784 4645 (ι
2811 4597 2978 4651 Pater
3008 4596 3067 4650 in
3097 4613 3190 4650 me
3221 4612 3459 4650 manens
3493 4597 3631 4650 facit

1999 4709 2173 4764 opera
2212 4692 2332 4746 haec
2366 4694 2538 4758 (Joan.
2568 4705 2680 4754 x1v,
2713 4689 2816 4760 10),
2853 4709 2877 4738 ››
2919 4691 2995 4756 et,
3031 4709 3059 4738 «
3087 4690 3268 4743 Deum
3298 4704 3468 4742 nemo
3493 4688 3633 4744 vidit
3669 4764 3671 4767 ι

1999 4793 2268 4857 unquam,
2302 4783 2409 4837 nisi
2440 4781 2765 4853 unigenitus
2798 4780 2966 4834 Filius
3003 4781 3099 4851 qui
3147 4783 3234 4834 est
3270 4781 3326 4834 in
3374 4780 3500 4835 sinu
3531 4783 3632 4836 Pa-

1999 4879 2095 4933 tris
2147 4879 2320 4948 (Joan.
2373 4894 2410 4946 1,
2461 4877 2583 4945 l8);
2632 4899 2658 4924 ››
2707 4874 2750 4929 si
2803 4875 2955 4929 enim
3006 4874 3064 4928 in
3107 4874 3234 4929 sinu
3280 4873 3459 4929 Patris
3511 4879 3633 4930 erat

1997 4972 2168 5027 Filius
2212 4971 2282 5026 ab
2324 4970 2507 5038 initio,
2537 4974 2591 5026 et
2621 4987 2690 5024 ex
2720 4969 2889 5024 corde
2925 4967 3104 5023 Patris
3129 4968 3368 5023 verbum
3413 4968 3630 5024 bonum

1995 5070 2310 5122 eructatum
2349 5068 2453 5135 est,
2488 5064 2779 5136 quomodo
2809 5079 2922 5118 non
2952 5062 3013 5116 in
3041 5063 3211 5117 corde
3238 5065 3475 5134 paterno
3503 5080 3635 5117 con-

1996 5159 2193 5216 sistens
2225 5161 2408 5215 lucem
2447 5175 2577 5213 cum
2620 5158 2821 5213 eodem
2865 5156 3304 5212 inaccessibilem
3348 5156 3632 5212 habitasse

1994 5253 2306 5310 credendus
2333 5251 2459 5328 est?
2504 5250 2770 5323 Nunquid
2805 5252 2972 5305 Pater
3006 5250 3218 5322 absque
3260 5251 3374 5305 ulla
3410 5249 3536 5305 luce
3574 5251 3632 5307 in

1995 5346 2132 5401 Filio
2173 5346 2357 5418 potuit
2400 5360 2787 5411 commanere,
2841 5347 2942 5399 aut
2988 5344 3049 5399 in
3093 5343 3462 5399 tabernaculo
3508 5344 3631 5399 Filii

262 5444 370 5494 ctus
397 5440 625 5497 divinus
651 5443 738 5495 est
762 5445 1043 5513 praecepta
1071 5441 1261 5497 divina
1299 5444 1600 5499 custodire.
1639 5445 1719 5498 Ea
1761 5461 1896 5516 quo-
1913 5440 1973 5513 Ι)
1997 5440 2116 5496 sine
2143 5440 2344 5495 eadem
2371 5437 2553 5508 potuit
2578 5437 2955 5508 requiescere,
2975 5454 3107 5493 cum
3139 5437 3290 5493 idem
3317 5438 3488 5494 Filius
3506 5455 3630 5493 can-

259 5548 358 5602 que
385 5534 653 5590 deserere
677 5535 1184 5606 praesumptionem
1203 5535 1325 5592 ﬁeri
1353 5536 1495 5592 nulli
1521 5537 1760 5593 dubium
1786 5543 1888 5593 est.

258 5627 361 5682 Cur
383 5644 522 5700 ergo
547 5627 855 5698 indignum
883 5631 967 5683 est
993 5628 1270 5684 unitatem
1301 5629 1558 5686 Ecclesiae
1584 5631 1892 5686 custodiri?

258 5719 522 5794 idemque
532 5737 734 5777 omnes
745 5721 958 5793 pariter
969 5726 1025 5777 et
1038 5723 1888 5796 sentiamus,etpronuntiemus.

259 5813 308 5868 Si
333 5816 488 5870 enim
516 5815 686 5870 aliter
715 5817 1070 5888 praesumpta
1099 5817 1334 5887 fuerint,
1361 5819 1608 5890 perdunt
1638 5819 1890 5892 profecto

261 5906 352 5977 ipsi
371 5913 826 5980 transgressores
847 5909 1060 5980 seipsos
1079 5911 1213 5982 quia
1226 5912 1561 5984 semetipsos
1577 5912 1884 5983 decipiunt.

1993 5533 2096 5588 dor
2122 5532 2192 5586 sit
2221 5535 2450 5586 aeternae
2479 5529 2639 5596 lucis,
2671 5534 2728 5585 et
2756 5532 3048 5601 speculum
3080 5531 3200 5586 sine
3240 5532 3465 5587 macula
3504 5531 3627 5608 dei-

1991 5626 2143 5694 tatis,
2162 5641 2335 5697 quam
2357 5624 2622 5678 Salomon
2643 5639 2815 5695 super
2834 5625 3076 5678 salutem
3105 5641 3269 5679 suam
3289 5624 3551 5679 dilexisse
3569 5609 3627 5676 se

1994 5719 2147 5786 dicit,
2170 5718 2229 5772 in
2256 5717 2415 5789 cujus
2442 5733 2601 5788 spem
2627 5733 2854 5790 semper
2879 5717 3144 5774 delectari
3171 5718 3394 5788 gestivit
3417 5733 3429 5772 :
3454 5732 3627 5787 super

1991 5815 2228 5872 salutem
2272 5818 2329 5871 et
2370 5832 2528 5888 spem
2571 5814 2790 5889 (inquit)
2831 5815 3002 5871 dilexi
3052 5815 3226 5882 illam,
3259 5817 3316 5868 et
3358 5830 3460 5885 pro
3499 5814 3627 5869 luce

1992 5909 2260 5983 proposui
2304 5910 2514 5965 habere
2553 5927 2700 5977 eam,
2735 5908 3006 5980 quoniam
3054 5905 3510 5977 inexstinguibilc
3541 5912 3627 5961 est

3653 486 3807 626 /.

3648 633 3684 652 ς

3693 655 3846 722 ’Χ
