4068 6364
433 408 498 464 83
1315 406 1600 463 ᾹΡΡΕΝΙ).
1648 406 1734 459 ΑΒ
1774 404 1938 459 8ᾹΞΟ.
1986 405 2071 458 IX.

2200 402 2446 458 ISIDOBI
2488 403 2916 459 MERCATORIS
3460 430 3463 439 λ
3735 406 3802 464 84

428 514 631 572 lumen
658 516 801 589 ejus.
832 516 988 573 Hanc
1020 534 1157 587 ergo
1190 516 1362 572 David
1394 516 1669 588 propheta
1706 513 1889 567 lucem
1917 512 2065 566 desi-
2093 524 2151 596 Α

435 610 639 665 derans
683 611 881 666 anxius
924 611 1253 683 proclamat,
1284 611 1516 665 dicens:
1561 630 1587 655 ‹‹
1632 607 1839 663 Emitte
1880 606 2068 661 lucem

430 708 591 758 tuam
636 708 692 760 et
728 704 1023 760 veritatem
1068 708 1230 760 tuam
1269 702 1432 774 (Psal.
1489 717 1619 768 XLII,
1668 704 1742 772 3),
1788 723 1814 750 »
1870 704 1927 754 et
1969 699 2068 754 ite-

430 813 560 851 rum
583 813 595 851 :
624 820 651 847 «
680 800 743 853 In
761 778 979 853 lumine
1008 802 1105 853 tuo
1131 797 1449 852 videbimus
1477 795 1677 850 lumen
1705 795 1873 866 (Psal.
1901 810 2063 856 xxxv,

438 890 542 960 10).
576 911 604 939 ››
656 893 719 945 In
771 892 939 962 hujus
987 892 1163 962 igitur
1206 888 1437 944 luminis
1476 888 1729 944 claritate
1772 887 1945 942 Filius
1987 903 2067 941 se-

431 982 623 1053 ipsum
658 983 719 1038 in
752 988 948 1039 monte
988 983 1168 1037 tribus
1204 982 1491 1053 discipulis
1540 980 1931 1053 praeostendit,
1970 979 2066 1050 qui

432 1080 592 1130 metu
627 1076 826 1131 mortis
856 1075 1161 1146 perterriti,
1191 1075 1570 1147 prostratique
1603 1074 1663 1129 in
1707 1073 1929 1140 faciem,
1962 1072 2067 1127 sibi

434 1168 561 1223 vitae
588 1169 759 1224 finem
779 1168 973 1233 adesse
994 1172 1325 1224 senserunt:
1343 1169 1508 1234 hanc,
1534 1168 1791 1239 inquam,
1807 1169 1988 1222 lucem
2006 1168 2065 1222 in

431 1278 493 1316 se
536 1262 705 1317 fuisse
746 1262 1150 1317 demonstrans
1185 1261 1355 1316 Filius
1390 1262 1798 1333 proclamabat,
1828 1265 1884 1316 et
1920 1266 1981 1315 ut
2008 1261 2068 1314 in

434 1354 637 1409 eadem
674 1354 1021 1423 incederent,
1051 1354 1358 1425 discipulos
1395 1355 1784 1426 praemonebat
1815 1372 1828 1409 :
1865 1375 1893 1403 ‹‹
1922 1357 2069 1410 Dum

434 1448 620 1503 lucem
644 1447 866 1502 habetis
900 1447 1140 1519 (inquit),
1169 1447 1455 1503 ambulate
1486 1449 1543 1503 in
1569 1449 1753 1503 lucem
1774 1448 1950 1519 (Joan.
1971 1465 2065 1516 xu,

436 1542 542 1612 35);
575 1562 603 1590 »
631 1543 689 1596 et
718 1540 928 1595 iterum
960 1558 972 1595 :
1007 1560 1034 1592 «
1067 1543 1184 1612 Ego
1211 1558 1339 1595 sum
1364 1541 1462 1597 lux
1488 1540 1707 1596 mundi.
1736 1542 1845 1606 Qui
1874 1543 2064 1614 sequi-

434 1637 528 1688 tur
559 1650 653 1688 me
680 1650 795 1689 non
824 1634 1077 1689 ambulat
1104 1636 1160 1688 in
1190 1635 1458 1701 tenebris,
1496 1635 1590 1690 sed
1618 1634 1851 1690 habebit
1874 1636 2068 1691 lumen

436 1727 566 1782 vitae
597 1730 824 1783 aeterna:
857 1729 1164 1799 (Joan.vm,
1189 1730 1292 1797 t2);
1327 1749 1354 1777 ››
1393 1735 1449 1783 et
1481 1729 1864 1800 evangelista:
1894 1730 2069 1783 «Erat

435 1820 532 1875 lux
570 1837 721 1888 vera,
754 1821 851 1889 ait,
885 1839 1012 1893 quas
1052 1821 1338 1878 illuminat
1378 1839 1609 1877 omnem
1653 1822 1944 1878 hominem
1980 1838 2069 1878 ve-

437 1914 713 1970 nientiem
761 1915 821 1969 in
871 1890 1026 1970 hunc
1068 1917 1351 1972 mundum
1397 1915 1569 1989 (Joan.
1603 1934 1641 1984 ι,
1675 1918 1804 1989 9).»
1848 1916 1905 1972 Si
1947 1890 2145 1972 haecB

435 2007 551 2075 lux,
607 2024 734 2079 qua:
808 2008 1168 2064 credentibus
1240 2008 1610 2080 promittitur,
1651 2010 1708 2064 in
1763 2010 1898 2065 Filio
1948 2027 2069 2065 esse

434 2100 731 2172 probatur,
760 2105 817 2156 et
844 2117 975 2157 cum
1013 2105 1231 2157 aaterno
1274 2107 1489 2158 aeterna
1525 2119 1646 2158 esse
1678 2103 1903 2171 dicitur,
1932 2120 2071 2176 quo-

340 2232 345 2237 ι
434 2193 607 2249 modo
648 2211 682 2249 a
725 2195 883 2249 vobis
930 2195 1301 2251 inaccessibili
1340 2196 1464 2251 luce
1490 2197 1672 2251 Patris
1708 2197 1877 2251 Filius
1906 2214 2067 2269 sepa-

431 2290 603 2341 ratur.
635 2287 691 2343 Si
718 2288 872 2343 enim
896 2289 1068 2344 Filius
1097 2291 1244 2345 Deus
1273 2296 1439 2345 verus
1470 2295 1525 2346 et
1559 2290 1673 2345 vita
1711 2294 1927 2345 aeterna
1965 2296 2066 2360 est,

434 2380 555 2435 sine
594 2380 768 2435 dubio
809 2381 870 2437 in
907 2382 1014 2437 hac
1057 2384 1179 2437 luce
1223 2383 1390 2439 simul
1427 2401 1556 2438 cum
1601 2386 1766 2439 Patre
1811 2383 2069 2439 habitare

434 2474 749 2530 credendus
786 2480 889 2543 est,
918 2493 1089 2547 quam
1116 2477 1307 2531 nullus
1358 2478 1528 2533 modo
1576 2481 1836 2533 nostrum
1876 2478 1933 2532 in
1964 2478 2071 2532 hoc

436 2568 665 2643 mortali
695 2585 931 2640 corpore
973 2569 1309 2625 constitutus
1347 2575 1530 2642 potest
1558 2571 1912 2643 aliquatenus
1933 2588 2066 2626 con-

435 2660 747 2734 tueri.|Sed
790 2662 926 2717 dum
966 2663 1313 2734 apparuerit,
1339 2668 1472 2719 tunc
1508 2681 1637 2720 vere
1664 2664 1825 2719 illum
1855 2664 2071 2719 videbit

436 2754 603 2809 sicuti
618 2754 732 2823 'est,
762 2754 859 2827 qui
887 2756 1009 2827 ejus
1038 2758 1436 2828 conspectibus
1473 2758 1647 2813 fuerit
1675 2758 1885 2830 dignus
1909 2774 2071 2829 coap-

438 2847 564 2918 tari,
605 2853 662 2903 et
699 2865 815 2904 non
850 2849 993 2904 sicut
1029 2851 1244 2922 Moyses
1284 2851 1586 2923 caeterique
1632 2853 1927 2923 prophetas
1967 2868 2072 2923 per

437 2940 747 3013 aenigmata
772 2945 830 2996 et
855 2942 1122 3013 figuram,
1158 2944 1254 2999 sed
1284 2944 1468 3015 ipsam
1497 2943 1775 2999 veraciter
1813 2944 1873 2999 in
1912 2942 2067 3011 Filio,

436 3035 746 3090 secundum
796 3036 1143 3108 Apostolum,
1190 3038 1553 3093 contuebitur
1600 3037 1825 3093 deitatis
1862 3037 2067 3109 imagi-

436 3146 592 3184 nem.
651 3129 786 3183 Nam
842 3130 887 3184 si
944 3131 1097 3186 hunc
1161 3132 1563 3204 eamdemque,
1616 3130 1911 3202 prophetas
1966 3132 2070 3185 sub

432 3222 786 3290 testimonio,
808 3224 1191 3297 subsequente
1231 3242 1432 3280 sereno
1472 3223 1683 3279 mentis
1727 3223 1955 3287 intuitu,
1990 3224 2071 3279 in-

436 3317 715 3388 vestigare
747 3317 1012 3386 volueris,
1033 3318 1287 3374 invenies
1313 3318 1521 3372 Filium
1546 3334 1665 3372 non
1691 3334 1852 3388 posse
1871 3318 1941 3371 ab
1961 3317 2070 3372 hac

435 3410 558 3465 luce
585 3411 768 3465 Patris
787 3411 1015 3484 penitus
1041 3410 1312 3484 separari,
1333 3411 1603 3482 quoniam
1624 3428 1753 3465 cum
1782 3412 1969 3466 solum
1987 3412 2072 3467 Fi-

438 3503 579 3557 lium
605 3504 810 3559 dixerit
837 3505 895 3560 in
929 3508 1080 3560 terra
1114 3521 1244 3559 cum
1283 3504 1615 3560 hominibus
1653 3508 2066 3572 conversatum,

440 3599 664 3653 Patrem
691 3598 761 3654 ab
795 3599 895 3654 illo
934 3616 1049 3654 non
1099 3602 1181 3654 est
1227 3597 1578 3654 credendum
1628 3597 1750 3654 ﬁeri
1795 3599 2066 3666 alienum,

2247 535 2273 561 ‹‹
2300 514 2358 569 Si
2383 513 2771 568 testimonium
2801 513 2957 569 enim
2982 514 3281 569 hominum
3301 515 3630 588 accipimus,
3656 519 3806 573 testi‘

2167 606 2428 662 monium
2444 605 2544 660 Dei
2564 606 2749 677 majus
2765 609 2877 661 est:
2899 606 3176 678 quoniam
3192 608 3302 663 hoc
3316 613 3400 665 est
3411 610 3803 667 testimonium

2167 700 2266 755 Dei
2307 698 2459 771 quod
2508 699 2695 770 majus
2735 701 2838 769 est,
2874 699 3005 771 quia
3047 700 3372 757 testificatus
3425 706 3510 758 est
3555 704 3625 759 de
3667 706 3804 765 Filio

2167 810 2291 849 suo.
2321 792 2427 857 Qui
2478 792 2660 847 credit
2699 793 2758 847 in
2804 793 3008 848 Filium
3054 794 3175 862 Dei,
3205 795 3383 850 habet
3409 796 3798 854 testimonium

2170 886 2271 942 Dei
2298 886 2357 940 in
2384 903 2474 953 se;
2509 885 2609 957 qui
2639 901 2754 941 non
2785 886 2967 942 credit
2995 888 3053 941 in
3083 886 3285 942 Filium
3310 889 3650 945 mendacem
3674 891 3807 947 facit

2168 996 2318 1048 eum,
2349 979 2485 1051 quia
2523 995 2641 1034 non
2686 979 2865 1034 credit
2904 980 2963 1035 in
2991 982 3388 1037 testimonium
3420 983 3578 1054 quod
3607 984 3803 1040 testiﬁ-

2168 1076 2326 1127 catus
2351 1078 2436 1127 est
2460 1073 2610 1127 Deus
2639 1072 2711 1127 de
2742 1073 2881 1128 Filio
2905 1091 3026 1131 suo.
3049 1076 3117 1130 Et
3139 1075 3246 1130 hoc
3267 1076 3659 1132 testimonium
3692 1083 3799 1150 est,

2170 1166 2445 1238 quoniam
2482 1164 2657 1221 vitam
2703 1168 2981 1222 aeternam
3028 1167 3183 1224 dedit
3231 1168 3416 1240 nobis,
3445 1174 3502 1226 et
3548 1171 3667 1227 haec
3695 1172 3809 1228 vita

2171 1263 2255 1313 est
2298 1259 2358 1313 in
2404 1258 2542 1313 Filio
2588 1260 2756 1330 ejus:
2795 1259 2895 1332 qui
2939 1260 3111 1317 habet
3154 1261 3380 1332 Filium,
3414 1264 3588 1320 habet
3629 1264 3804 1321 vitam

2169 1356 2464 1421 aeternam,
2481 1351 2579 1424 qui
2598 1369 2711 1407 non
2730 1352 2902 1408 habet
2920 1353 3124 1409 Filium
3139 1355 3259 1423 Dei,
3280 1372 3397 1411 non
3420 1356 3590 1413 habet
3603 1359 3803 1414 vitam.

2170 1448 2297 1501 Haec
2342 1446 2525 1501 scribo
2574 1446 2751 1516 vobis,
2779 1452 2846 1501 ut
2885 1447 3073 1503 sciatis
3104 1448 3376 1521 quoniam
3405 1451 3579 1507 vitam
3626 1453 3806 1508 habe-

2172 1539 2239 1594 tis
2286 1543 2583 1607 aaternam,
2626 1539 2723 1612 qui
2768 1540 2997 1597 creditis
3041 1541 3101 1596 in
3148 1544 3385 1599 nomine
3423 1545 3548 1601 Filii
3597 1546 3712 1601 Dei.
3742 1549 3811 1603 Et

2169 1632 2291 1687 haec
2318 1634 2402 1687 est
2427 1631 2634 1688 ﬁducia
2658 1648 2832 1705 quam
2875 1633 3158 1690 habemus
3184 1636 3257 1690 ad
3280 1653 3434 1705 eum,
3464 1638 3596 1710 quia
3620 1640 3804 1710 quod-

2169 1742 2396 1797 cunque
2416 1726 2750 1797 petierimus
2771 1727 3087 1783 secundum
3111 1730 3465 1786 voluntatem
3494 1732 3617 1802 ejus
3643 1732 3811 1789 audit

2170 1835 2294 1886 nos,
2329 1823 2386 1877 et
2418 1819 2626 1875 scimus
2657 1821 2793 1893 quia
2816 1820 2974 1876 audit
3001 1838 3104 1876 nos
3134 1823 3416 1895 quidquid
3450 1824 3806 1896 petierimus,

2170 1912 2377 1967 scimus
2395 1912 2668 1985 quoniam
2691 1914 2966 1970 habemus
2978 1915 3281 1987 petitiones
3298 1934 3437 1989 quas
3452 1921 3810 1990 postulamus

2172 2005 2241 2060 ab
2290 2022 2380 2060 eo.
2406 1996 2531 2124 ΙΟΠί
2574 2008 2680 2062 scit
2726 2008 2966 2063 fratrem
3004 2026 3173 2064 suum
3218 2026 3455 2082 peccare
3501 2016 3805 2084 peccatum

2175 2116 2284 2124 ...ηκ
2321 2099 2387 2124 ..Δ
2434 2102 2672 2124 ...Α.Λ-...
2725 2104 2881 2124 ..-1-1.
2938 2106 2985 2124 ,ι
3033 2102 3255 2124 .¹Ι.ι.ΞΔ...Δ
3303 2109 3348 2124 ,1
3391 2105 3490 2124 --ΞιΑ
3563 2123 3568 2124 ,
3766 2108 3805 2124 ι·

2172 2116 2289 2154 non
2319 2099 2698 2171 ad'mortem,
2725 2104 2902 2173 petat,
2932 2106 2988 2157 et
3026 2102 3257 2158 dabitur
3296 2109 3353 2159 et
3391 2105 3503 2160 vita
3544 2108 3810 2178 peccanti

2170 2194 2287 2247 non
2313 2192 2384 2247 ad
2407 2197 2675 2249 mortem.
2702 2196 2799 2250 Est
2829 2198 3128 2266 peccatum
3157 2197 3225 2252 ad
3254 2202 3526 2270 mortem,
3552 2216 3670 2255 non
3700 2218 3806 2272 pro

2170 2286 2265 2341 illo
2292 2286 2417 2342 dico
2446 2291 2507 2343 ut
2525 2291 2693 2358 roget
2706 2288 2832 2359 quis
2852 2305 2865 2343 :
2883 2288 3081 2344 Omnis
3097 2289 3365 2361 iniquitas
3386 2297 3681 2363 peccatum
3698 2297 3806 2361 est,

2170 2382 2227 2434 et
2255 2382 2339 2434 est
2366 2385 2663 2451 peccatum
2692 2381 2766 2435 ad
2796 2386 3063 2437 mortem.
3096 2382 3315 2438 Scimus
3344 2385 3476 2457 quia
3498 2387 3686 2442 omnis
3707 2388 3808 2460 qui

2171 2475 2339 2528 natus
2366 2478 2450 2529 est
2476 2491 2542 2529 ex
2572 2475 2689 2530 Deo
2718 2491 2834 2530 non
2864 2478 3077 2546 peccat,
3109 2477 3207 2532 sed
3235 2478 3531 2549 generatio
3558 2480 3657 2535 Dei
3674 2497 3811 2536 con-

2171 2571 2353 2622 servat
2394 2584 2546 2636 eum,
2588 2571 2645 2622 et
2686 2568 2974 2640 malignus
3002 2587 3119 2625 non
3164 2571 3345 2643 tangit
3394 2589 3549 2629 eum.
3584 2573 3808 2630 Scimus

2170 2660 2438 2732 quoniam
2469 2678 2533 2715 ex
2561 2661 2675 2716 Deo
2694 2677 2888 2716 sumus
2917 2665 2974 2717 et
3001 2663 3247 2719 mundus
3277 2667 3425 2720 totus
3458 2667 3516 2721 in
3547 2668 3808 2740 maligno

2170 2754 2391 2825 positus
2421 2757 2525 2809 est.
2563 2756 2632 2809 Et
2662 2754 2873 2810 scimus
2911 2757 3186 2828 quoniam
3227 2758 3396 2813 Filius
3425 2760 3526 2815 Dei
3549 2761 3721 2830 venit,
3749 2768 3813 2819 et

2171 2847 2333 2902 dedit
2358 2847 2523 2902 nobis
2546 2864 2798 2917 sensum,
2826 2854 2891 2905 ut
2915 2866 3334 2922 cognoscamus
3362 2868 3564 2908 verum
3602 2855 3805 2926 Deum,

2170 2945 2226 2997 et
2250 2940 2429 2995 simus
2453 2940 2512 2995 in
2539 2957 2674 2997 vero
2706 2941 2845 2997 Filio
2875 2942 3016 3015 ejus.
3041 2944 3141 2999 Hic
3165 2948 3250 3000 est
3268 2962 3434 3001 verus
3452 2948 3601 3002 Deus
3622 2951 3680 3002 et
3694 2947 3811 3004 vita

2173 3033 2609 3104 acterna(IJoan,
2628 3051 2683 3102 v,
2703 3036 2902 3107 9-20).»
2924 3037 3053 3091 Haec
3074 3054 3227 3105 vero,
3243 3039 3464 3107 fratres,
3480 3040 3809 3111 praedicate,

2171 3127 2293 3182 hazc
2318 3127 2581 3182 omnibus
2614 3128 2914 3197 nuntiate;
2949 3147 3045 3184 vos
3084 3147 3218 3186 vero
3257 3132 3502 3188 invicem
3543 3135 3812 3191 exhorta-

2170 3221 2335 3289 mini,
2355 3221 2595 3292 perfecti
2618 3225 2819 3292 estote,
2839 3239 3182 3297 semperque
3203 3227 3469 3296 gaudete,
3488 3244 3688 3298 pacem
3711 3245 3812 3283 au-

2169 3317 2286 3369 tem
2315 3314 2614 3369 sectamini
2640 3314 2697 3370 in
2721 3332 2940 3385 omnes,
2964 3322 3022 3373 et
3049 3319 3193 3373 Deus
3220 3318 3377 3390 pacis
3401 3322 3457 3375 et
3486 3320 3811 3377 dilectionis

2172 3407 2279 3462 erit
2302 3407 2624 3479 vobiscum;
2656 3409 2771 3464 Deo
2803 3412 2994 3466 autem
3022 3414 3079 3466 et
3115 3412 3265 3467 Patri
3306 3417 3500 3469 nostro
3531 3414 3717 3486 gloria
3748 3415 3809 3471 in

2170 3502 2372 3557 saecula
2403 3503 2764 3558 saeculorum.
2796 3507 2997 3558 Amen.

1319 3871 1548 3943 ITEM
1602 3870 2059 3943 EPISTOLA
2112 3870 2555 3942 EVARISTI
2607 3871 2914 3941 PAPAE.

442 4012 637 4092 Quod
665 4012 962 4077 Christus
988 4014 1074 4075 sit
1115 4021 1315 4095 caput
1350 4022 1414 4077 et
1452 4032 1726 4095 sponsus
1764 4012 2094 4090 Ecclesia,
2128 4020 2190 4076 et
2230 4013 2514 4095 qualiter
2554 4012 2915 4077 sacerdotes
2937 4030 3090 4076 suas
3120 3983 3414 4078 ecclesias
3442 4024 3505 4079 et
3530 4017 3812 4082 ecclesia

1633 4130 1861 4174 eorum
1889 4128 1993 4174 eos
2032 4111 2307 4175 debeant
2336 4112 2628 4193 diligere.

510 4250 807 4303 Evamsrcs
861 4245 1014 4301 urbis
1063 4249 1259 4302 Romae
1310 4249 1609 4320 episcopus
1652 4246 1917 4302 omnibus
1967 4252 2072 4318 per

437 4343 742 4412 zEgyptnm
835 4339 1241 4411 conglutinatis
1338 4341 1607 4397 fratribus
1695 4341 1753 4395 in
1830 4339 2072 4395 Domino

438 4435 702 4490 salutem.

506 4528 693 4583 Unum
742 4544 863 4598 nos,
895 4530 1119 4598 fratres,
1151 4531 1361 4584 sentire
1407 4532 1631 4600 oportet
1674 4526 1732 4584 et
1781 4544 1977 4600 agere,
2007 4532 2074 4583 ut

438 4621 597 4693 (sicut
616 4622 877 4696 legimus)
906 4623 968 4677 in
991 4624 1156 4679 nobis
1180 4640 1361 4678 unum
1390 4639 1490 4678 cor
1516 4625 1572 4677 et
1597 4638 1713 4677 una
1736 4622 1931 4678 anima
1952 4638 2071 4677 esse

435 4717 728 4787 probetur.
764 4717 990 4772 Scimus
1016 4734 1286 4789 namque,
1323 4717 1467 4772 sicut
1499 4734 1532 4770 a
1558 4715 1816 4770 Patribus
1849 4716 2069 4788 accepi-

438 4827 586 4877 mus,
609 4811 895 4867 Christum
926 4828 1049 4867 esse
1080 4814 1267 4883 caput,
1297 4811 1456 4882 cujus
1484 4813 1541 4864 et
1568 4809 1828 4863 membra
1852 4826 2067 4863 sumus.

435 4906 559 4973 lpse
588 4904 742 4958 enim
771 4908 855 4958 est
886 4922 1146 4976 sponsus,
1179 4908 1237 4958 et
1267 4903 1512 4958 Ecclesia
1541 4919 1770 4974 sponsa,
1791 4903 1950 4974 cujus
1972 4902 2073 4957 ﬁlii

438 5013 542 5050 nos
573 5013 785 5051 sumus.
821 4999 886 5051 Et
915 4998 1045 5054 ideo
1081 5014 1257 5053 unum
1284 4998 1508 5051 Patrem
1537 4996 1814 5051 habemus
1833 4995 1892 5050 in
1918 4997 2074 5051 caelis

437 5089 766 5144 Dominum.
818 5091 1153 5147 Sacerdotes
1189 5107 1324 5146 vero
1363 5090 1482 5146 vice
1530 5089 1738 5146 Christi
1785 5090 2074 5162 legatione

434 5184 758 5254 funguntur
783 5183 839 5237 in
872 5185 1132 5239 Ecclesia.
1163 5187 1229 5240 Et
1256 5184 1404 5239 sicut
1429 5184 1482 5239 ei
1512 5200 1612 5238 sua
1654 5183 1957 5255 conjuncta
1990 5188 2074 5240 est

435 5293 662 5347 sponsa,
722 5276 779 5331 id
835 5279 920 5331 est
973 5278 1235 5346 Ecclesia,
1294 5278 1371 5333 sic
1421 5278 1701 5351 episcopis
1749 5277 2076 5351 junguntur

435 5370 697 5424 Ecclesiae
739 5369 1043 5442 unicuique
1086 5388 1190 5443 pro
1234 5372 1500 5443 portione
1552 5389 1673 5427 sua.
1706 5373 1775 5425 Et
1816 5372 1961 5427 sicut
1988 5371 2075 5424 vir

437 5481 553 5518 non
602 5462 773 5518 debet
820 5464 1111 5536 negligere
1166 5482 1402 5521 uxorem
1454 5482 1639 5533 suam,
1693 5465 1786 5519 sed
1833 5464 2075 5535 diligere

2170 4246 2403 4308 obedire
2424 4262 2669 4318 eumque
2696 4247 2933 4319 diligere
2960 4251 3016 4303 et
3037 4263 3250 4318 amare,
3272 4252 3334 4304 ut
3359 4248 3615 4304 animam
3640 4265 3811 4306 suam

2172 4340 2362 4408 debet,
2388 4340 2520 4412 quia
2540 4341 2681 4395 illud
2704 4341 2768 4396 fit
2793 4341 3113 4410 carnaliter,
3132 4342 3281 4396 istud
3300 4342 3699 4414 spiritualiter;
3724 4349 3805 4414 et,

2172 4436 2314 4490 sicut
2330 4435 2416 4489 vir
2440 4452 2556 4490 non
2583 4434 2757 4511 debet~
2783 4435 3102 4491 adulterare
3128 4452 3364 4491 uxorem
3396 4452 3575 4503 suam,
3596 4435 3676 4492 ita
3698 4454 3811 4493 nec

2171 4527 2467 4601 episcopus
2491 4529 2799 4585 Ecclesiam
2828 4544 3010 4597 suam,
3045 4528 3102 4583 id
3129 4533 3232 4596 est,
3265 4533 3325 4584 ut
3358 4528 3515 4584 illam
3553 4529 3812 4587 dimittat

2173 4622 2245 4677 ad
2270 4638 2441 4693 quam
2465 4626 2715 4677 sacratus
2738 4628 2841 4692 est,
2864 4622 3079 4693 absque
3106 4621 3417 4677 inevitabili
3447 4621 3811 4691 necessitate,

2171 4718 2270 4770 aut
2298 4716 2627 4788 apostolica,
2659 4716 2748 4771 vel
2788 4715 3040 4788 regulari
3074 4716 3412 4783 mutatione,
3443 4718 3499 4770 et
3533 4715 3696 4770 alteri
3723 4734 3810 4783 se,

2172 4808 2414 4864 ambitus
2461 4826 2646 4876 causa,
2693 4809 3023 4881 conjungat.
3070 4810 3137 4863 Et
3179 4808 3322 4863 sicut
3360 4808 3523 4863 uxori
3572 4824 3688 4862 non
3735 4810 3813 4864 li-

2173 4904 2263 4957 cet
2290 4900 2414 4975 19
2445 4903 2732 4958 dimittere
2754 4902 2944 4957 virum
2972 4918 3158 4972 suum,
3190 4905 3251 4956 ut
3286 4901 3450 4957 alteri
3479 4918 3536 4956 se
3562 4901 3815 4974 (vivente

2174 4997 2260 5067 eo)
2288 4996 2657 5051 matrimonio
2683 4995 2875 5061 societ,
2910 4998 3009 5049 aut
3035 5012 3167 5050 eum
3196 4995 3496 5063 adulteret,
3526 4994 3656 5050 licet
3686 4996 3812 5051 for-

2176 5090 2395 5144 nicatus
2437 5089 2508 5143 sit
2538 5089 2622 5141 vir
2650 5088 2792 5158 ejus,
2824 5088 2926 5142 sed
2965 5089 3129 5159 juxta
3168 5089 3521 5159 Apostolum,
3553 5091 3652 5142 aut
3683 5089 3814 5145 viro

2175 5200 2274 5237 suo
2319 5181 2673 5236 reconciliari
2717 5180 2907 5252 debet,
2958 5187 3058 5237 aut
3101 5197 3337 5237 manere
3389 5181 3632 5253 innupta
3673 5199 3686 5236 :
3732 5183 3817 5238 ita

2176 5274 2432 5329 Ecclesia:
2481 5290 2597 5327 non
2640 5272 2775 5328 licet
2818 5273 3109 5328 dimittere
3140 5277 3241 5329 aut
3268 5275 3337 5328 ab
3378 5291 3447 5329 ea
3503 5290 3815 5347 segregare

2176 5368 2506 5439 episcopum
2552 5382 2739 5434 suum,
2778 5372 2838 5423 ut
2877 5366 3122 5423 alterum
3155 5367 3395 5438 (vivente
3431 5368 3519 5440 eo)
3546 5367 3813 5440 accipiat,

2177 5461 2277 5515 sed
2315 5465 2413 5514 aut
2442 5460 2629 5531 ipsum
2666 5460 2896 5530 habeat,
2933 5464 3031 5516 aut
3062 5462 3306 5534 innupta
3333 5465 3584 5531 maneat,
3617 5462 3676 5516 id
3704 5467 3815 5531 est,

436 5562 493 5613 et
537 5560 689 5614 caste
741 5558 1042 5628 custodire,
1093 5558 1170 5614 sic
1212 5558 1508 5632 episcopus
1553 5563 1610 5614 et
1663 5557 1842 5611 multo
1891 5522 2153 5629 magisD
2177 5571 2248 5609 ne
2302 5553 2546 5608 alterum
2596 5552 2952 5626 episcopum,
3001 5571 3102 5610 suo
3145 5555 3388 5623 vivente,
3435 5555 3690 5626 accipiat,
3742 5573 3819 5612 ne

431 5652 737 5719 custodire,
767 5654 825 5707 et
854 5669 1068 5721 amare,
1099 5657 1270 5725 atque
1302 5653 1611 5724 prudenter
1656 5665 1858 5720 regere
1900 5650 2076 5706 debet

434 5745 762 5800 Ecclesiam.
796 5746 882 5816 Et,
915 5747 1066 5801 velut
1104 5763 1247 5800 uxor
1291 5760 1419 5816 quae
1460 5744 1564 5797 sub
1608 5759 1782 5797 manu
1824 5745 1909 5797 est
1945 5742 2071 5809 viri,

2174 5645 2571 5702 fornicationis
2592 5651 2691 5703 aut
2712 5648 2977 5704 adulterii
3001 5648 3086 5703 sui
3117 5647 3333 5703 crimen
3354 5648 3624 5703 incurrat.
3647 5648 3819 5719 Nam,

2178 5740 2220 5794 si
2271 5740 2591 5796 adulterata
2636 5742 2826 5813 fuerit,
2868 5741 2928 5797 id
2977 5747 3081 5810 est,
3120 5741 3167 5797 si
3224 5758 3283 5796 se
3330 5740 3497 5797 alteri
3544 5740 3821 5813 episc0po

432 5838 665 5893 obedire
695 5839 866 5893 debet
894 5839 1013 5893 viro
1042 5856 1164 5905 suo,
1195 5853 1446 5907 eumque
1478 5835 1716 5907 diligere
1756 5839 1813 5892 et
1852 5851 2068 5905 amare,
2167 5833 2444 5906 junxerit,
2471 5838 2569 5890 aut
2590 5852 2758 5908 super
2778 5853 2838 5891 se
2864 5836 3105 5892 alterum
3130 5834 3465 5908 episcopum
3484 5830 3813 5904 adduxerit,

431 5932 504 5985 ita
540 5932 726 6002 potius
754 5932 1001 5985 Ecclesia
1045 5930 1217 5985 etiam
1251 5929 1518 6000 episeopo
1561 5946 1661 5985 suo
1708 5929 1763 5985 in
1806 5929 2075 5985 omnibus

2175 5932 2272 5983 aut
2317 5944 2434 5983 esse
2482 5929 2681 5984 fecerit
2725 5930 2811 5984 vel
2856 5926 3282 6000 desideraverit,
3324 5945 3432 6001 per
3468 5928 3815 5985 acerrimam
