4068 6302
291 343 360 400 85
1525 347 1997 407 DECRETALIUM
2035 353 2419 412 COLLECTIO.
3580 361 3645 417 86

288 469 710 542 pcenitentiam,
755 477 852 529 aut
899 490 1000 528 suo
1047 445 1444 531 reconcilietur
1494 477 1780 549 episc0po,
1825 483 1922 533 aut
1941 490 2001 564 Α
2091 480 2215 534 Νοη
2247 485 2330 536 est
2355 482 2544 552 itaque
2570 499 2603 536 a
2634 481 2801 553 plebe
2836 487 2934 538 aut
2961 454 3286 556 vulgaribus
3323 483 3648 540 hominibus

291 566 538 640 innupta
586 571 933 639 permaneat.
965 569 1122 625 Unde
1169 573 1224 625 et
1266 569 1541 625 Dominus
1581 571 1832 642 loquitur
1862 573 1922 626 in

289 661 619 733 Evangelio,
650 662 884 718 dicens:
923 683 950 712 «
999 662 1056 718 Si
1098 663 1223 734 quis
1261 663 1462 719 viderit
1505 665 1806 720 mulierem
1849 665 1922 720 ad

291 755 825 827 concupiscendum,
853 757 979 829 jam
1023 758 1336 813 moechatus
1376 761 1460 812 est
1496 773 1625 813 eam
1655 758 1713 813 in
1754 759 1922 814 corde

289 865 392 903 suo
419 849 632 920 (Matth.
663 868 713 920 v,
743 851 850 922 28).
885 872 912 900 ››
947 851 1285 922 Episcopum
1312 868 1445 906 vero
1472 855 1696 922 oportet
1719 869 1923 924 oppor-

285 946 428 996 tune
475 949 646 1015 atque
683 944 802 999 sine
841 944 1260 999 intermissione
1291 945 1597 999 Ecclesiam
1625 961 1786 1000 suam
1815 945 1920 1000 d0-

291 1051 441 1102 cere,
471 1053 714 1108 eamque
743 1039 1059 1109 prudenter
1087 1054 1286 1109 regere
1313 1042 1368 1094 et
1393 1055 1603 1107 amare,
1628 1042 1690 1093 ut
1713 1056 1746 1094 a
1773 1038 1922 1093 vitiis

291 1145 352 1183 se
383 1130 665 1186 abstineat
709 1135 766 1186 et
810 1134 1047 1186 salutem
1095 1131 1367 1204 consequi
1411 1131 1588 1203 possit
1627 1136 1917 1188 aeternam.

287 1223 358 1277 Et
389 1224 486 1279 illa
511 1242 640 1280 cum
670 1229 828 1280 tanta
869 1225 1186 1280 reverentia
1227 1225 1350 1297 ejus
1394 1225 1716 1280 doctrinam
1752 1226 1922 1282 debet

291 1319 598 1389 suscipere,
640 1335 886 1390 eumque
931 1331 1122 1373 amare
1167 1323 1224 1374 et
1257 1318 1517 1390 diligere,
1553 1323 1618 1374 ut
1660 1320 1918 1391 legatum

290 1412 390 1467 Dei
419 1417 478 1466 et
517 1425 837 1484 praeconem
863 1413 1134 1480 veritatis,
1167 1413 1320 1484 quia,
1352 1415 1597 1468 testante
1627 1414 1872 1468 Veritate
1903 1430 1915 1468 :

295 1529 320 1554 ‹‹
336 1506 702 1579 Quaecunque
716 1506 1160 1578 ligaveritsuper
1173 1509 1401 1577 terram,
1419 1510 1588 1561 erunt
1604 1507 1776 1578 ligata
1789 1513 1844 1561 et
1861 1507 1917 1560 in

290 1602 454 1666 ccelo,
497 1605 554 1655 et
597 1616 956 1672 quaecunque
993 1600 1224 1655 solverit
1265 1617 1435 1672 super
1473 1605 1711 1670 terram,
1751 1603 1921 1654 erunt

290 1694 474 1748 soluta
515 1696 572 1748 et
611 1694 670 1748 in
699 1693 837 1748 caelo
865 1693 1080 1764 (Matth.
1111 1710 1220 1764 xvr,
1255 1695 1359 1764 19).
1393 1717 1419 1742 ››
1453 1693 1629 1748 Nimis
1667 1693 1920 1748 timenda

293 1791 398 1854 est,
445 1789 665 1855 fratres,
714 1788 836 1842 haec
893 1788 1197 1858 sententia,
1243 1791 1300 1842 et
1354 1788 1780 1860 praevidendum
1836 1793 1920 1844 est

289 1881 446 1936 vobis
468 1899 538 1936 ne
561 1881 865 1937 oﬁendatis
895 1899 993 1936 eos
1015 1881 1114 1953 qui
1139 1885 1356 1936 tantam
1381 1900 1412 1936 a
1445 1883 1682 1937 Domino
1709 1882 1922 1938 habent
1941 1864 1996 1936 B
2023 1894 2200 1949 quam
2244 1895 2445 1934 eorum
2495 1880 2830 1936 discutiatur
2873 1898 2920 1935 ae

293 1977 659 2045 potestatem.
687 1976 758 2029 Et
789 1974 920 2030 ideo
960 1973 1145 2046 potius
1189 1975 1508 2044 obediendi,
1543 1975 1834 2046 diligendi,
1869 1979 1924 2030 et

293 2085 658 2140 summopere
681 2068 987 2124 venerandi
1007 2073 1157 2136 sunt,
1181 2086 1297 2123 non
1319 2069 1658 2124 detrahendi
1680 2071 1762 2123 vel
1787 2071 1924 2122 lace-

291 2163 458 2218 randi
496 2167 596 2218 aut
641 2162 927 2234 ejiciendi,
961 2165 1058 2218 sed
1103 2163 1362 2234 portandi
1409 2168 1466 2217 et
1514 2161 1766 2229 amandi,
1804 2161 1924 2234 ipso

293 2257 516 2312 dicente
557 2257 794 2312 Domino
822 2275 835 2311 :
872 2277 900 2310 «
928 2257 1034 2321 Qui
1069 2273 1166 2310 vos
1211 2256 1386 2324 audit,
1414 2273 1506 2310 me
1538 2255 1713 2323 audit,
1744 2259 1801 2311 et
1827 2257 1926 2327 qui

291 2367 392 2406 vos
417 2351 652 2422 spernit,
671 2367 767 2404 me
794 2349 1012 2421 spernit
1029 2349 1174 2420 (Luc.
1201 2367 1254 2418 x,
1287 2349 1389 2420 16).
1416 2371 1443 2398 ››
1467 2349 1596 2403 Ideo
1622 2349 1744 2402 haec
1766 2347 1925 2402 vobis

294 2449 350 2500 et
379 2443 644 2500 omnibus
687 2443 947 2498 ﬁdelibus
987 2441 1301 2512 scribimus,
1366 2443 1590 2508 fratres,
1622 2444 1684 2495 ut
1721 2441 1792 2496 ab
1837 2441 1926 2495 his

291 2555 392 2593 vos
435 2538 699 2604 caveatis,
742 2541 801 2592 et
845 2537 1088 2608 posteris
1135 2535 1334 2592 vestris
1381 2552 1498 2590 non
1549 2537 1784 2600 malum,
1830 2535 1926 2590 sed

293 2634 510 2688 bonum
538 2631 870 2703 exemplum
901 2630 1257 2701 relinquatis,
1282 2629 1552 2700 quoniam
1574 2629 1786 2700 injuria
1814 2628 1927 2699 epi-

294 2741 600 2797 scoporum
625 2725 696 2779 ad
727 2724 1010 2780 Christum
1041 2723 1310 2794 pertinet,
1341 2723 1499 2794 cujus
1529 2722 1648 2776 vice
1682 2723 1929 2794 fungun-

297 2825 408 2875 tur.
438 2818 772 2874 Audivimus
802 2817 956 2872 enim
989 2817 1265 2888 quosdam
1294 2834 1328 2870 a
1357 2817 1518 2871 vobis
1545 2815 1851 2871 infamatos
1871 2821 1928 2871 et

296 2914 634 2969 dilaceratos
655 2911 966 2984 episcopos,
989 2927 1054 2965 ac
1072 2927 1101 2965 e
1119 2909 1438 2964 civitatibus
1453 2909 1697 2981 propriis
1715 2911 1924 2981 pulsos,

294 3007 430 3079 quia
471 3006 604 3061 alibi
648 3006 898 3077 episcopi
949 3003 1214 3059 constitui
1259 3020 1374 3058 non
1426 3005 1682 3074 possunt,
1719 3003 1828 3057 nisi
1869 3002 1927 3057 in

295 3101 611 3156 civitatibus
647 3116 765 3154 non
807 3098 1081 3167 minimis,
1110 3101 1166 3153 et
1194 3097 1336 3152 alios
1365 3096 1422 3151 in
1457 3096 1536 3152 eis
1571 3097 1707 3168 ipsis
1733 3095 1927 3152 viven-

295 3195 444 3250 tibus
467 3193 816 3248 constitntos.
849 3193 982 3248 ldeo
1014 3192 1136 3246 haec
1164 3191 1324 3246 vobis
1352 3189 1669 3258 scribimus,
1699 3193 1760 3244 ut
1786 3190 1928 3244 scia-
1949 3231 2005 3304 Ο

299 3289 331 3304 ιο
415 3289 428 3304 1
572 3285 690 3304 οῖ]
741 3301 805 3304 Α-
901 3285 1065 3304 1!--d-
1134 3285 1222 3304 __J
1265 3283 1523 3304 ,-u__--2_,
1577 3283 1822 3304 __-____-._!
1881 3289 1928 3304 -1.

291 3289 366 3343 tis
415 3289 522 3342 hoc
569 3285 694 3340 ﬁeri
739 3301 856 3340 non
901 3285 1094 3354 licere,
1128 3285 1226 3339 sed
1265 3283 1528 3356 proprios
1577 3283 1824 3338 revocari
1875 3289 1932 3338 et

295 3377 662 3452 integerrime
683 3377 904 3434 restitui
927 3379 1152 3445 debere,
1171 3377 1298 3432 illos
1320 3393 1453 3431 vero
1481 3376 1577 3448 qui
1607 3377 1930 3432 adulterina

297 3473 531 3530 fed'itate
561 3489 792 3544 sponsas
823 3489 950 3526 suas
979 3489 1118 3544 quas
1157 3473 1213 3526 et
1237 3487 1440 3525 uxores
1468 3487 1668 3525 eorum
1697 3471 1927 3541 praafixo

295 3575 498 3624 tenore
541 3585 662 3622 esse
701 3565 1092 3636 intelligimus,
1127 3569 1346 3632 tenent,
1383 3563 1508 3634 ejici
1543 3565 1603 3616 ut
1643 3563 1930 3618 adulteros

297 3667 468 3734 atque
511 3661 760 3716 infames
801 3659 948 3728 ﬁeri,
978 3675 1188 3730 eosque
1225 3659 1296 3713 ab
1329 3657 1714 3712 ecclesiasticis
1745 3657 1927 3711 hono-

295 3757 452 3812 ribus
475 3755 657 3810 arceri
676 3755 968 3825 jubemus.
987 3753 1046 3807 Si
1067 3755 1254 3807 autem
1276 3751 1541 3806 adversus
1564 3767 1657 3805 eos
1675 3751 1928 3822 aliquam

296 3852 588 3922 querelam
613 3847 944 3914 habueritis,
973 3845 1062 3900 his
1093 3844 1356 3917 peractis,
1385 3844 1794 3916 inquirendum
1825 3845 1932 3900 erit

296 3949 352 3999 et
379 3942 717 3998 auctoritate
745 3941 914 4011 hujus
943 3943 1148 3995 sanctae
1179 3938 1337 3994 Sedis
1365 3938 1810 3993 terminandum.
1841 3940 1927 4005 Et,

293 4055 367 4093 ne
409 4037 604 4092 omnia
647 4051 800 4090 nunc
843 4033 1131 4104 sigillatim
1174 4033 1377 4099 dicam,
1408 4049 1578 4086 omne
1617 4032 1832 4086 bonum
1863 4031 1930 4100 (si

295 4132 420 4203 ipsa
447 4147 552 4202 per
586 4147 644 4183 se
687 4129 744 4183 in
779 4128 937 4183 vobis
979 4126 1170 4196 fuerit)
1204 4109 1449 4180 charitas
1477 4127 1791 4182 facerevos
1827 4125 1926 4180 do-

293 4225 465 4292 cebit,
499 4223 646 4278 sicut
681 4239 710 4276 e
745 4221 1030 4276 contrario
1063 4236 1157 4274 eos
1183 4220 1336 4291 quia
1365 4219 1544 4274 salute
1573 4219 1744 4273 alieni
1777 4223 1926 4284 sunt,

295 4335 468 4372 omne
499 4317 718 4372 malum
750 4317 949 4380 facere,
979 4313 1176 4368 odium
1214 4313 1398 4368 docet.
1433 4313 1592 4368 Unde
1620 4317 1685 4367 ut
1709 4329 1808 4366 vos
1833 4313 1926 4384 qui

295 4413 416 4467 veri
447 4410 549 4466 Dei
594 4409 727 4464 estis
772 4407 1054 4479 discipuli,
1081 4406 1303 4478 abjicite
1351 4423 1384 4460 a
1426 4405 1690 4461 cordibus
1735 4406 1931 4461 vestris

297 4511 426 4561 ante
452 4505 648 4559 omnia
695 4501 1006 4556 discordias
1050 4504 1106 4555 et
1147 4499 1388 4554 aliorum
1435 4499 1833 4566 dissensiones,
1866 4516 1930 4554 ex

2020 573 2361 643 arguendus,
2390 574 2478 628 vel
2505 575 2854 631 accusandus
2884 575 3199 649 episcopus,
3237 579 3368 634 licet
3403 579 3475 634 sit
3501 579 3650 634 inor-

2023 665 2410 737 dinatus,quia
2421 684 2523 738 pro
2539 668 2758 724 meritis
2771 670 3127 727 subditorum
3147 671 3472 744 disponitur
3487 689 3520 727 a
3535 673 3649 726 Deo

2021 759 2136 813 vita
2165 763 2476 828 rectorum,
2505 763 2762 834 exemplo
2795 763 2968 818 David
3004 765 3289 836 peccantis
3328 765 3402 820 ad
3427 781 3651 836 compa-

2021 853 2300 908 rationem
2331 853 2656 926 principum
2694 856 2790 926 qui
2819 873 2884 910 ex
2923 859 3127 912 merito
3167 858 3348 930 plebis
3383 857 3648 930 praevari-

2021 949 2244 1000 cantur.
2279 947 2608 1002 Sacerdotes
2641 949 2798 1003 enim
2843 951 3136 1021 exquirere
3175 951 3387 1006 debent
3423 954 3651 1022 peccata

2019 1040 2385 1110 populorum,
2429 1045 2484 1096 et
2526 1042 2715 1111 sagaci
2757 1043 3136 1099 sollicitudine
3176 1059 3648 1116 unumquemque

2021 1131 2284 1203 probare,
2319 1133 2482 1203 juxta
2523 1133 2912 1190 testimonium
2949 1137 3177 1192 Domini
3224 1137 3296 1192 ad
3343 1137 3649 1194 Jeremiam

2019 1225 2301 1296 loquentis
2330 1243 2342 1281 :
2370 1247 2398 1276 «
2423 1227 2786 1283 Probatorem
2809 1229 3028 1301 (inquit)
3053 1231 3184 1285 dedi
3204 1235 3258 1286 te
3277 1231 3492 1302 populo
3517 1247 3648 1285 meo

2019 1318 2336 1388 robustum,
2381 1323 2438 1374 et
2483 1321 2623 1376 scies
2668 1324 2726 1376 et
2770 1322 3036 1396 probabis
3077 1324 3226 1378 viam
3276 1339 3474 1378 eorum
3521 1323 3648 1394 (Jer.

2021 1429 2093 1481 v1,
2126 1412 2238 1483 27).
2263 1435 2290 1463 ››
2325 1413 2455 1468 Ideo
2487 1412 2596 1469 ista
2624 1415 2770 1484 dico,
2801 1414 2935 1486 quia
2961 1415 3254 1471 insidiator
3276 1417 3428 1472 bona
3455 1417 3648 1489 sapis—

2019 1505 2160 1560 sime
2186 1507 2328 1562 solet
2353 1512 2682 1564 convertere
2719 1508 2779 1562 in
2812 1510 3048 1576 malum,
3079 1511 3138 1562 et
3167 1509 3226 1563 in
3259 1510 3449 1564 electis
3487 1510 3653 1582 ponit

2019 1599 2324 1654 maculam.
2353 1601 2510 1656 Unde
2541 1601 2588 1655 si
2620 1601 2718 1673 qui
2759 1606 2894 1656 sunt
2919 1603 3338 1673 vituperatores
3364 1607 3462 1658 aut
3489 1619 3651 1657 accu—

2019 1693 2236 1747 satores
2277 1693 2700 1765 episcoporum,
2731 1695 2816 1750 vel
2865 1695 3222 1766 reliquorum
3271 1696 3650 1762 sacerdotum,

2023 1801 2139 1839 non
2166 1790 2394 1858 oportet
2421 1803 2515 1842 eos
2557 1805 2592 1842 a
2620 1755 3206 1935 judieibusfﬁcclesia}
3250 1789 3456 1858 audiri,
3491 1791 3649 1844 ante-

2023 1894 2200 1935 quam
2244 1895 2445 1934 eorum
2495 1880 2830 1935 discutiatur
2873 1898 2920 1935 a2
2953 1881 3271 1935 timationis
3297 1881 3538 1935 susnicio
3569 1883 3649 1935 vel

2953 1881 3271 1936 timationis
3297 1881 3538 1954 suspicio
3569 1883 3652 1936 vel

2025 1971 2242 2042 opinio,
2277 1989 2387 2043 qua
2425 1973 2763 2041 intentione,
2797 1991 2912 2045 qua
2951 1975 3081 2044 ﬁde,
3115 1991 3226 2046 qua
3255 1974 3509 2046 veritate,
3543 1992 3658 2047 qua

2025 2063 2156 2134 vita,
2191 2081 2304 2136 qua
2328 2066 2692 2134 conscientia,
2725 2084 2910 2138 quove
2936 2067 3164 2136 merito,
3194 2069 3238 2122 si
3265 2085 3369 2140 pro
3395 2069 3534 2140 Deo,
3558 2071 3656 2124 aut

2024 2175 2127 2230 pro
2153 2175 2300 2214 vana
2329 2159 2530 2230 gloria,
2564 2162 2662 2214 aut
2704 2159 3024 2229 inimicitia,
3056 2161 3144 2216 vel
3173 2162 3324 2231 odio,
3353 2166 3452 2216 aut
3493 2163 3654 2233 cupi-

2028 2251 2204 2307 ditate
2249 2252 2356 2308 ista
2399 2254 2750 2325 sumpserint
2778 2271 2976 2310 necne.
3007 2256 3138 2310 Haec
3174 2254 3368 2310 omnia
3413 2255 3659 2310 ﬁdeliter

2027 2349 2160 2400 sunt
2197 2347 2612 2418 perscrutanda
2651 2351 2707 2402 et
2735 2347 3038 2421 diligenter
3073 2349 3489 2421 pertractanda.
3517 2350 3656 2403 Nam

2026 2443 2160 2493 sunt
2199 2441 2458 2494 nonnulli
2510 2442 2608 2512 qui
2653 2443 2985 2514 praepositos
3016 2459 3147 2498 suos
3174 2459 3435 2514 perverse
3463 2459 3652 2515 repre-

2027 2532 2312 2603 hendunt,
2364 2533 2410 2587 si
2456 2535 2538 2588 vel
2593 2551 2796 2606 parum
2845 2536 2978 2606 ipsis
3037 2536 3262 2592 molesti
3319 2535 3653 2590 exstiterint.

2029 2625 2242 2681 Idcirco
2273 2629 2427 2681 recto
2459 2628 2622 2682 oculo
2671 2627 3006 2699 primatibus
3046 2629 3422 2684 Ecclesiarum
3467 2628 3654 2700 provi—

2029 2719 2284 2774 dendum
2315 2723 2418 2790 est,
2443 2738 2514 2776 ne
2544 2721 2842 2793 quisquam
2879 2739 3078 2776 eorum
3117 2723 3390 2778 innocens
3431 2725 3659 2777 vexetur

2031 2815 2128 2868 aut
2155 2813 2584 2884 scandalizetur,
2620 2815 3048 2870 intendentibus
3095 2816 3392 2872 sententiae
3433 2815 3659 2870 Domini

2031 2923 2142 2978 qua
2171 2907 2249 2961 ait
2275 2923 2288 2962 :
2327 2929 2354 2956 ‹‹
2382 2907 2436 2963 Si
2470 2907 2596 2979 quis
2639 2908 3100 2964 scandalizaverit
3134 2925 3315 2964 unum
3343 2909 3412 2964 de
3441 2909 3661 2980 pusillis

2029 3000 2166 3068 istis,
2211 3000 2412 3056 melius
2455 3005 2540 3056 est
2585 3001 2666 3056 illi
2711 3006 2773 3056 ut
2806 3003 3181 3074 suspendatur
3220 3003 3368 3057 mola
3413 3002 3662 3057 asinaria

2031 3094 2177 3148 00110
2196 3095 2244 3165 ej
2255 3097 2402 3166 us,et
2421 3095 2788 3167 demergatur
2801 3095 2860 3150 in
2881 3097 3232 3168 profundum
3255 3096 3430 3151 maris
3445 3097 3656 3166 (Matth.

2031 3205 2182 3258 xvxu,
2233 3189 2303 3260 6),
2351 3210 2377 3236 ››
2432 3192 2490 3242 et
2542 3189 2778 3261 reliqua.
2837 3191 2982 3244 Deus
3036 3194 3228 3245 autem
3281 3190 3659 3262 omnipotens,

2033 3286 2092 3336 ut
2116 3297 2220 3336 nos
2249 3299 2281 3335 a
2311 3281 2676 3353 przecipitatas
2723 3283 3018 3338 sententiae
3058 3284 3394 3355 probatione
3426 3301 3658 3356 compe-

2030 3380 2208 3430 sceret
2237 3375 2385 3446 (cum
2415 3377 2612 3430 omnia
2649 3378 2797 3432 nuda
2837 3379 2894 3431 et
2929 3381 3126 3448 aperta
3154 3378 3268 3432 sint
3293 3377 3465 3432 oculis
3496 3377 3658 3448 ejus),

2030 3470 2184 3522 mala
2210 3473 2401 3523 tamen
2437 3463 2700 3524 SOdomze
2729 3470 2914 3524 noluit
2952 3471 3145 3524 audita
3175 3469 3434 3540 judicare
3475 3472 3658 3542 prius-

2031 3577 2204 3633 quam
2235 3561 2532 3617 manifeste
2575 3567 2907 3632 agnosceret
2948 3580 3074 3633 quee
3120 3563 3471 3630 dicebantur,
3507 3564 3662 3617 unde

2030 3654 2150 3726 ipse
2181 3655 2258 3709 ait
2292 3671 2305 3708 :
2346 3677 2372 3704 ‹‹
2405 3655 2756 3710 Descendam
2796 3659 2852 3710 et
2875 3655 3079 3710 videbo
3117 3660 3308 3711 utrum
3350 3656 3662 3711 clamorem

2033 3748 2130 3820 qui
2159 3748 2314 3802 venit
2339 3749 2407 3803 ad
2439 3765 2555 3818 me,
2578 3765 2749 3820 opere
2775 3748 3204 3822 compleverint,
3231 3767 3304 3804 an
3335 3767 3452 3804 non
3480 3753 3565 3805 est
3583 3751 3664 3805 ita

2033 3846 2094 3896 ut
2138 3841 2312 3896 sciam
2356 3842 2504 3914 (Gen.
2555 3859 2701 3910 xvm,
2735 3843 2846 3914 21.)
2877 3866 2902 3893 ››
2951 3844 3098 3898 Deus
3148 3844 3533 3916 omnipotens,
3573 3845 3662 3899 cui

2033 3935 2174 3991 nihil
2201 3937 2593 3991 absconditum
2619 3941 2721 4006 est,
2755 3937 2854 3992 sed
2881 3937 3076 3992 omnia
3103 3937 3156 3992 ei
3181 3937 3482 3994 manifesta
3511 3943 3661 4006 sunt,

2033 4030 2207 4085 etiam
2230 4033 2538 4102 antequam
2559 4030 2720 4100 ﬁant,
2741 4048 2854 4086 non
2880 4031 2951 4086 ob
2977 4031 3130 4086 aliud
3147 4033 3266 4087 haec
3287 4037 3342 4088 et
3358 4033 3467 4087 alia
3488 4031 3666 4106 multa

2037 4127 2178 4196 (quae
2209 4124 2298 4178 hic
2329 4124 2707 4195 prolixitatem
2736 4125 2981 4180 vitantes
3019 4143 3132 4180 non
3175 4107 3665 4292 inseruimusgper

2037 4235 2090 4272 se
2117 4217 2406 4289 inquirere
2438 4217 2706 4290 dignatus
2733 4225 2834 4286 est,
2871 4219 2978 4274 nisi
3021 4223 3086 4274 ut
3127 4221 3292 4275 nobis
3336 4237 3500 4275 exem
3564 4238 3662 4275 um

2032 4235 2090 4272 se
2117 4217 2406 4289 inquirere
2438 4217 2706 4290 dignatus
2733 4225 2834 4286 est,
2871 4219 2978 4274 nisi
3021 4223 3086 4274 ut
3127 4221 3292 4275 nobis
3336 4217 3662 4290 exemplum

2035 4312 2195 4365 daret
2213 4327 2284 4366 ne
2315 4311 2636 4383 praecipites
2663 4312 2722 4366 in
2749 4313 3117 4368 discutiendis
3148 4317 3202 4368 et
3224 4313 3550 4386 judicandis
3570 4331 3666 4369 ne-

2033 4404 2200 4476 gotiis
2212 4407 2628 4472 essemus,etne
2641 4407 2789 4460 mala
2801 4407 3180 4477 quorumdam
3193 4407 3348 4479 prius
3361 4407 3666 4480 quisquam

2031 4499 2344 4570 praesumat
2384 4499 2616 4553 credere
2657 4517 2830 4570 quam
2877 4500 3142 4570 probare.
3185 4501 3354 4572 Cujus
3403 4503 3663 4570 exemplo

299 4599 502 4670 quibus
530 4613 702 4651 omne
731 4612 873 4666 opus
893 4595 1134 4660 malum,
1154 4592 1426 4664 procedit,
1451 4597 1506 4648 et
1525 4593 1932 4664 benignitatem
1955 4599 2013 4672 D
2037 4607 2363 4660 monemur,
2395 4609 2466 4646 ne
2499 4593 2568 4647 ad
2597 4594 3002 4664 proferendam
3043 4595 3386 4648 sententiam
3415 4610 3666 4665 unquam

297 4711 356 4746 ac
382 4690 812 4762 simplicitatem
855 4692 972 4743 tota
1019 4689 1211 4741 mente
1259 4689 1502 4741 servate.
1537 4689 1936 4741 Verumtamen

298 4785 496 4842 scitote
523 4783 712 4838 cuncti
737 4781 887 4853 quod
919 4797 1091 4852 supra
1119 4795 1316 4834 omnes
1341 4795 1436 4833 vos
1465 4779 1690 4834 laboret
1720 4779 1934 4852 episco-

299 4895 422 4950 pus,
449 4877 584 4949 quia
615 4875 1006 4946 unusquisque
1025 4877 1285 4928 ‘vestrum
1317 4889 1477 4927 suum
1507 4873 1804 4943 proprium
1831 4875 1940 4928 fert

299 4973 572 5041 laborem,
607 4969 698 5024 ille
727 4985 858 5023 vero
889 4970 946 5023 et
987 4983 1152 5022 suum
1197 4971 1254 5021 et
1296 4965 1673 5038 singulorum.
1705 4967 1774 5020 Et
1811 4967 1937 5022 ideo

303 5067 440 5121 sicut
467 5065 560 5119 ille
591 5080 696 5135 pro
723 5062 882 5117 vobis
916 5061 1205 5127 omnibus,
1233 5060 1312 5115 ita
1342 5065 1398 5115 et
1423 5077 1521 5114 vos
1552 5075 1752 5114 omnes
1781 5077 1936 5114 sum-

301 5175 532 5231 mopere
579 5157 842 5211 laborare
895 5171 997 5227 pro
1044 5171 1111 5208 eo
1157 5153 1393 5220 debetis,
1444 5153 1729 5208 intantum
1780 5158 1840 5208 ut
1893 5155 1938 5208 si

304 5253 468 5308 etiam
495 5266 730 5306 necesse
759 5248 950 5317 fuerit,
983 5247 1204 5301 animas
1230 5249 1446 5302 vestras
1471 5264 1574 5317 pro
1602 5265 1667 5301 eo
1695 5249 1935 5318 ponatis,

303 5347 441 5401 sicut
485 5348 544 5401 et
585 5345 707 5415 ipse
748 5343 1002 5397 animam
1048 5357 1210 5394 suam
1258 5357 1360 5412 pro
1406 5341 1582 5406 vobis,
1620 5341 1664 5394 si
1711 5357 1940 5396 necesse

300 5439 484 5510 fuerit,
507 5453 724 5510 ponere
747 5435 934 5502 debet,
957 5435 1082 5506 ipso
1106 5433 1330 5489 dicente
1353 5433 1639 5488 Salvatore
1663 5452 1673 5488 :
1703 5457 1728 5484 ‹‹
1752 5435 1940 5490 Bonus

300 5537 488 5603 pastor
517 5530 772 5586 animam
813 5545 972 5584 suam
1012 5529 1111 5583 dat
1151 5543 1255 5598 pro
1297 5527 1494 5582 ovibus
1526 5527 1638 5581 suis
1672 5527 1849 5597 (Joan.
1885 5546 1934 5598 Χ,

305 5629 402 5696 lt),
445 5649 472 5674 ιι
525 5641 626 5678 vos
671 5639 805 5677 vero
854 5621 1080 5676 obedite
1130 5620 1230 5686 eis,
1280 5625 1336 5676 et
1388 5619 1619 5691 vigilate
1673 5637 1776 5692 pro
1835 5622 1934 5688 eis,

299 5720 428 5790 quia
461 5719 570 5790 ipsi
602 5733 706 5788 pro
735 5715 893 5771 vobis
917 5713 1173 5786 vigilant,
1198 5714 1356 5786 quasi
1389 5713 1670 5768 rationem
1701 5731 1802 5786 pro
1824 5716 1940 5770 ani-

301 5814 502 5868 mabus
527 5811 732 5865 vestris
753 5807 1051 5876 reddituri,
1085 5811 1150 5862 ut
1178 5823 1304 5862 cum
1343 5807 1552 5880 gaudio
1581 5808 1692 5864 hoc
1731 5808 1942 5865 faciant

302 5911 351 5960 et
387 5923 501 5960 non
530 5905 847 5975 gementes.

2035 4685 2351 4757 praecipites
2395 4685 2588 4752 simus,
2632 4689 2730 4739 aut
2777 4691 3017 4755 temere,
3059 4686 3536 4758 indiligenterque
3579 4688 3664 4741 in-

2037 4779 2282 4833 discussa
2323 4795 2564 4850 quaeque
2615 4779 3019 4850 quoquomodo
3067 4779 3412 4850 judicemus,
3442 4779 3665 4836 dicente

2037 4872 2300 4927 Veritatis
2329 4889 2464 4927 voce
2494 4889 2505 4926 :
2543 4895 2568 4920 ‹‹
2594 4872 2775 4927 Nolite
2796 4871 3053 4943 judicare
3081 4879 3144 4928 ut
3170 4890 3286 4928 non
3307 4873 3667 4946 judicemini,

2039 4965 2095 5020 in
2109 4983 2221 5038 quo
2239 4966 2394 5020 enim
2403 4966 2624 5037 judicio
2636 4965 3029 5037 judicaveritis
3036 4966 3434 5038 judicabimini
3452 4971 3666 5038 (Matth.
3721 5039 3724 5044 ι

2039 5077 2132 5127 vn,
2183 5061 2254 5131 1),
2307 5083 2333 5109 η
2381 5064 2438 5115 et
2485 5061 2725 5131 reliqua.
2787 5062 2929 5114 Nam
2983 5063 3132 5115 mala
3197 5062 3391 5117 audita
3443 5063 3668 5118 nullum

2039 5159 2326 5224 moveant,
2354 5171 2460 5208 nec
2485 5153 2695 5226 passim
2725 5153 2876 5208 dicta
2901 5153 3112 5226 absque
3145 5159 3301 5210 certa
3329 5145 3672 5227 probatione

2041 5248 2344 5320 quisquam
2363 5264 2616 5319 unquam
2635 5247 2854 5314 credat;
2880 5247 2978 5303 sed
2999 5254 3130 5305 ante
3151 5249 3346 5304 audita
3367 5251 3674 5322 diligenter

2039 5341 2314 5413 inquirat,
2353 5357 2424 5395 ne
2469 5340 2877 5411 praecipitando
2918 5341 3228 5414 quidquam
3271 5344 3474 5416 aliquis
3522 5350 3669 5415 agat.

2041 5434 2100 5488 Si
2127 5433 2280 5488 enim
2317 5434 2584 5488 Dominus
2621 5434 2877 5490 omnium
2907 5435 3288 5491 Sodomorum
3329 5438 3496 5507 mala,
3533 5455 3670 5509 quo-

2040 5543 2168 5580 rum
2214 5529 2424 5581 clamor
2469 5527 2539 5581 ad
2588 5529 2794 5582 ccelum
2845 5547 3019 5601 usque
3065 5535 3422 5602 pervenerat,
3478 5531 3676 5585 omnia

2041 5620 2239 5686 sciens,
2270 5619 2426 5690 prius
2453 5621 2683 5677 credere
2723 5639 2827 5676 nec
2865 5623 3122 5694 judicare
3150 5625 3323 5678 voluit
3353 5640 3523 5694 quam
3556 5624 3674 5694 ipse

2041 5729 2106 5768 ea
2126 5730 2256 5768 cum
2277 5713 2538 5770 ﬁdelibus
2559 5715 2798 5771 testibus
2827 5715 3130 5789 diligenter
3155 5718 3522 5787 investigans,
3545 5733 3674 5788 quas

2039 5807 2301 5862 audierat
2313 5811 2370 5863 et
2386 5825 2556 5881 opere
2573 5811 2852 5865 veraciter
2862 5813 3234 5881 cognosceret
3256 5828 3270 5863 :
3291 5809 3472 5864 multo
3489 5810 3674 5880 magis

2042 5917 2162 5970 nos,
2187 5901 2424 5958 humani
2447 5907 2502 5957 et
2521 5909 2845 5974 peccatores
2863 5903 3139 5968 homines,
3162 5901 3365 5970 quibus
3389 5895 3674 5971 incognita
