4068 6320
410 360 476 417 87
1305 364 1588 420 APPEND.
1630 362 1718 418 AD
1757 362 1915 416 sec.
1961 361 2045 415 IX.

2149 390 2152 398 -
2179 359 2426 414 lSlDORl
2466 356 2890 413 MERCATORIS
3709 350 3776 406 88

408 466 546 524 sunt
574 467 791 528 occulta
808 468 1025 542 judicia
1053 471 1172 538 Dei,
1203 476 1260 526 et
1301 472 1422 526 haec
1458 486 1800 542 praecavere,
1835 473 1892 523 et
1920 469 2042 522 nul-
2064 482 2123 556 Α
2143 468 2275 521 dine
2305 466 2540 538 plenum
2567 469 2671 531 est,
2703 452 2921 517 veloces
2947 462 3121 533 pedes
3151 474 3356 515 eorum
3384 457 3457 515 ad
3485 456 3778 515 effunden-

409 563 532 619 lum
562 567 695 618 ante
723 579 914 620 veram
950 561 1281 637 justamqu'e
1325 563 1718 635 probationem
1760 561 2040 633 judicare,

414 661 515 710 aut
539 657 814 712 damnare
849 657 1144 724 debemus,
1177 657 1473 712 manifeste
1510 656 1776 727 Apostolo
1822 655 2043 712 dicente

419 750 591 805 Paulo
623 750 722 820 qui
750 751 830 806 ait
853 769 867 806 :
895 772 924 800 «
943 752 1023 806 Tu
1051 751 1175 822 quis
1201 767 1261 805 es
1291 750 1388 821 qui
1408 749 1631 820 judicas
1662 765 1887 804 servum
1917 749 2048 802 alie-

413 844 597 898 num?
621 860 722 899 suo
754 844 908 900 enim
942 844 1177 900 Domino
1212 842 1381 898 stabit
1407 847 1507 896 aut
1539 843 1701 897 cadet
1726 842 1892 908 (Rom.
1932 858 2042 911 x1v,

413 937 491 1005 l1);
520 956 549 984 »
579 937 729 992 unde
766 941 823 993 et
853 953 955 1008 per
988 936 1324 1008 prophetam
1359 935 1531 990 David
1562 935 1837 990 Dominus
1860 934 2044 1006 loqui-

419 1031 512 1085 tur
556 1029 748 1086 dicens
788 1047 803 1083 :
848 1050 876 1078 «
916 1029 1094 1084 Nolite
1137 1029 1384 1084 exaltare
1427 1029 1488 1082 in
1537 1029 1816 1084 excelsum
1868 1043 2048 1084 cornu

413 1125 666 1176 vestrum
699 1122 861 1192 (Ρεαι.
908 1137 1086 1190 Lxx1v,
1112 1123 1163 1192 6)
1194 1141 1221 1169 η
1263 1121 1558 1192 loquentes
1600 1121 1660 1176 in
1705 1120 1916 1176 cervice
1949 1136 2044 1173 ve-

417 1213 540 1280 teri,
570 1213 700 1284 quia
731 1229 917 1284 neque
941 1214 1012 1268 ab
1040 1214 1275 1282 oriente,
1308 1229 1493 1285 neque
1524 1213 1833 1280 occidente,
1863 1228 2048 1283 neque

415 1321 446 1357 a
461 1305 764 1362 solitudine
784 1307 1096 1372 montium,
1113 1305 1213 1360 sed
1230 1305 1503 1360 Dominus
1509 1305 1684 1378 judex
1703 1306 1854 1360 hunc
1866 1304 2050 1359 humi-

415 1397 575 1452 liabit
617 1403 675 1453 et
711 1399 1000 1467 exaltabit,
1035 1398 1170 1471 quia
1207 1398 1349 1452 calix
1395 1398 1453 1452 iu
1501 1414 1682 1454 manu
1724 1397 1952 1453 Domini
1983 1413 2048 1451 ex

409 1491 544 1545 vino
570 1507 795 1546 meraco
824 1491 896 1546 ad
922 1492 1159 1562 plenum
1186 1491 1405 1560 mistus,
1435 1496 1491 1546 et
1514 1491 1844 1563 propinabit
1869 1507 1937 1545 ex
1959 1507 2045 1558 eo,

414 1587 816 1639 verumtamen
856 1585 1029 1640 faeces
1082 1585 1202 1656 ejus
1239 1585 1518 1655 potabunt
1557 1584 1812 1640 bibentes
1851 1599 2049 1639 omnes

417 1676 579 1748 impii
597 1681 788 1732 terrae.
803 1677 919 1748 Ego
942 1681 1133 1732 autem
1155 1677 1509 1733 annuntiabo
1532 1677 1590 1731 in
1613 1677 2046 1749 sempiternum,

413 1769 656 1842 psallam
699 1771 812 1825 Deo
859 1771 1045 1826 Jacob.
1096 1773 1164 1827 Et
1205 1771 1339 1825 alibi
1387 1770 1539 1826 idem
1589 1771 1669 1826 ait
1711 1770 1990 1841 PrOpheta
2033 1787 2045 1824 :

2145 561 2284 615 dum
2309 559 2666 630 sanguinem,
2686 556 2953 612 contritio
2980 560 3038 610 et
3054 553 3350 610 infelicitas
3365 553 3425 608 in
3452 553 3554 610 viis
3575 569 3777 609 eorum

2147 656 2204 708 et
2229 651 2375 706 viam
2416 651 2570 723 pacis
2609 667 2722 705 non
2769 651 3172 721 cognoverunt,
3202 664 3316 702 non
3342 649 3428 702 est
3463 646 3637 703 timor
3663 648 3776 701 Do-

2145 746 2288 800 mini
2335 750 2468 800 ante
2516 744 2710 799 oculos
2750 759 2967 798 eorum.
3014 742 3234 798 Scimus
3283 745 3474 796 autem
3503 741 3777 812 quoniam

2146 854 2501 910 quaecunque
2527 838 2617 894 lex
2642 837 2894 908 loquitur
2918 834 3010 891 his
3037 835 3134 906 qui
3165 835 3224 890 in
3271 835 3401 906 lege
3438 839 3570 889 sunt
3603 834 3781 905 loqui-

2146 937 2258 999 tur,
2286 935 2352 985 ut
2378 947 2550 986 omne
2579 946 2642 984 os
2677 929 3003 984 obstruatur
3045 933 3102 982 et
3147 928 3406 982 subditus
3450 927 3552 983 ﬁat
3593 928 3782 983 omnis

2147 1023 2396 1079 mundus
2425 1025 2556 1090 Deo,
2580 1021 2858 1094 quoniam
2885 1040 2952 1076 ex
2983 1021 3250 1094 operibus
3276 1020 3420 1092 legis
3445 1037 3558 1075 non
3576 1020 3780 1091 justiﬁ-

2147 1117 2365 1172 cabitur
2389 1115 2577 1172 omnis
2602 1131 2730 1171 caro
2759 1131 2950 1170 coram
2980 1115 3110 1180 illo;
3144 1131 3249 1186 per
3277 1113 3470 1185 legem
3499 1113 3651 1168 enim
3678 1130 3779 1168 co-

2148 1209 2328 1281 gnitio
2362 1209 2600 1280 peccati.
2631 1210 2790 1264 Nunc
2837 1213 3034 1263 autem
3077 1207 3197 1262 sine
3245 1208 3371 1279 lege
3417 1206 3639 1278 justitia
3681 1205 3783 1261 Dei

2149 1302 2508 1359 manifestata
2550 1306 2637 1357 est
2681 1305 2740 1358 et
2785 1301 3081 1358 testificata
3123 1318 3156 1355 a
3193 1300 3322 1370 lege
3367 1302 3424 1356 et
3469 1299 3779 1372 prophetis.

2146 1395 2368 1451 Justitia
2415 1398 2609 1456 autem
2655 1394 2754 1449 Dei
2803 1410 2905 1466 per
2952 1393 3127 1449 ﬁdem
3175 1394 3307 1448 Jesu
3358 1392 3564 1448 Christi
3613 1407 3786 1464 super

2151 1505 2350 1545 omnes
2378 1487 2476 1560 qui
2504 1488 2760 1544 credunt.
2791 1487 2916 1543 Non
2941 1487 3097 1542 enim
3126 1489 3212 1544 est
3237 1485 3543 1542 distinctio.
3573 1485 3787 1542 Omnes

2149 1583 2303 1637 enim
2347 1584 2723 1654 peccaverunt
2771 1585 2828 1634 et
2883 1585 3057 1652 egent
3108 1579 3292 1652 gloria
3326 1579 3450 1646 Dei,
3491 1578 3785 1650 justiﬁcati

2150 1675 2322 1746 gratis
2347 1691 2453 1747 per
2478 1673 2718 1746 gratiam
2747 1673 2942 1746 ipsius,
2967 1689 3072 1746 per
3095 1672 3548 1745 redemptionem
3575 1688 3704 1744 quae
3724 1673 3786 1727 in

2149 1768 2372 1826 Christo
2411 1769 2563 1837 Jesu,
2596 1783 2770 1838 quem
2823 1765 3120 1839 proposuit
3159 1766 3312 1822 Deus
3351 1765 3785 1837 propitiatorem

420 1883 448 1909 ‹‹
483 1862 568 1916 Ab
597 1862 988 1934 increpatione
1022 1869 1121 1918 tua
1157 1865 1303 1918 Deus
1331 1863 1500 1918 Jacob
1534 1865 1695 1932 (Psal.
1728 1879 1886 1932 Lxxv,
1913 1862 1989 1933 7),
2016 1884 2044 1912 η
2068 1845 2125 1917 Β
2149 1878 2251 1934 per
2275 1861 2446 1916 ﬁdem
2469 1861 2530 1916 in
2549 1860 2828 1932 sanguine
2846 1860 3042 1932 ipsius,
3059 1859 3132 1913 ad
3154 1859 3785 1930 ostensionemjustitiaa

415 1956 740 2026 consopitus
779 1959 866 2011 est
912 1962 968 2012 et
1005 1973 1202 2010 currus
1242 1960 1298 2010 et
1330 1972 1531 2027 equus.
1559 1958 1641 2010 'I‘u
1669 1955 1939 2011 terribilis
1968 1972 2045 2022 es,

415 2051 472 2102 et
500 2049 624 2119 quis
652 2048 822 2103 stabit
845 2049 1145 2104 adversum
1171 2049 1268 2104 te?
1293 2050 1374 2103 Ex
1395 2053 1530 2104 tunc
1551 2049 1638 2103 ira
1662 2052 1778 2118 tua,
1809 2049 1879 2104 de
1910 2048 2050 2103 coelo

412 2146 607 2196 autem
630 2142 809 2196 facisti
827 2142 1130 2212 judicium,
1162 2146 1314 2197 terra
1340 2142 1574 2207 timens,
1604 2145 1661 2196 et
1687 2141 1896 2197 tacebit
1919 2158 2049 2196 cum

417 2235 742 2304 surrexerit,
783 2235 856 2289 ad
889 2235 1262 2306 judicandum
1311 2236 1482 2309 Deus,
1522 2239 1585 2290 ut
1616 2235 1796 2290 salvos
1842 2235 2052 2290 faceret

415 2343 617 2382 omnes
657 2327 824 2383 mites
853 2333 1042 2382 terrae.
1091 2330 1160 2382 Et
1200 2328 1498 2398 Apostolus
1525 2327 1604 2382 ait
1645 2345 1658 2380 :
1694 2327 1884 2382 «Mihi
1925 2327 2047 2382 vin-

415 2420 644 2490 dictam,
673 2437 778 2492 ego
821 2421 1132 2476 retribuam
1161 2421 1328 2491 (Rom.
1361 2437 1456 2488 xn,
1488 2423 1594 2490 l9).
1627 2441 1654 2469 ››
1687 2421 1755 2474 Et
1790 2419 1924 2474 alibi
1957 2421 2048 2474 in-

414 2513 538 2584 quit
557 2513 707 2568 idem
728 2516 1016 2586 apostolus
1041 2531 1053 2570 :
1082 2515 1350 2570 «Sufﬁcit
1377 2514 1684 2585 unicuique
1729 2513 2050 2586 objurgatio

412 2623 537 2677 quae
566 2607 630 2662 ﬁt
661 2624 695 2662 a
720 2608 999 2679 plurimis,
1032 2608 1108 2663 ita
1143 2614 1205 2663 ut
1241 2609 1426 2680 magis
1451 2607 1676 2663 donetis
1709 2611 1767 2661 et
1791 2607 2048 2663 console-

2149 1971 2286 2022 suae,
2300 1957 2540 2026 propter
2551 1953 2946 2008 remissionem
2959 1952 3406 2024 praecedentium
3421 1952 3757 2008 delictorum
3768 1993 3784 2019 ,

2147 2048 2207 2102 in
2237 2046 2704 2103 sustentationem
2732 2046 2853 2117 Dei,
2881 2046 2954 2100 ad
2979 2045 3359 2102 ostensionem
3396 2045 3631 2116 justitiae
3662 2045 3788 2116 ejus

2150 2141 2207 2195 in
2238 2141 2348 2195 hoc
2375 2145 2656 2212 tempore,
2686 2143 2748 2195 ut
2772 2139 2846 2195 sit
2870 2139 2990 2210 ipse
3009 2140 3197 2210 justus
3227 2142 3286 2194 et
3303 2137 3622 2210 justiﬁcans
3651 2155 3787 2194 eum

2151 2234 2249 2305 qui
2297 2251 2368 2288 ex
2409 2233 2520 2288 ﬁde
2566 2239 2651 2289 est
2689 2235 2820 2289 Jesu
2863 2232 3074 2288 Christi
3121 2233 3288 2302 (Rom.
3329 2249 3412 2302 In,
3463 2232 3534 2302 3).
3573 2253 3600 2280 »
3647 2234 3787 2288 Item

2150 2327 2304 2382 idem
2340 2343 2352 2380 :
2389 2348 2416 2377 ‹‹
2447 2326 2584 2390 Quis
2612 2325 2902 2381 accusabit
2927 2326 3196 2380 adversus
3233 2326 3437 2381 electos
3475 2325 3615 2380 Dei?
3640 2326 3789 2380 Deus

2150 2419 2248 2492 qui
2267 2419 2559 2491 justiﬁcat.
2589 2419 2726 2484 Quis
2757 2423 2842 2474 est
2866 2420 2966 2491 qui
2991 2418 3382 2474 condemnet?
3409 2418 3664 2474 Christus
3689 2420 3784 2474 Je-

2151 2530 2243 2568 sus
2296 2512 2394 2584 qui
2442 2516 2700 2568 mortuus
2754 2516 2857 2580 est,
2911 2513 3028 2568 imo
3075 2515 3132 2569 et
3180 2511 3506 2581 resurrexit,
3553 2512 3650 2582 qui
3703 2515 3790 2566 est

2151 2607 2222 2661 ad
2253 2606 2542 2661 dexteram
2570 2605 2685 2672 Dei,
2715 2605 2812 2677 qui
2858 2605 3028 2661 etiam
3073 2604 3401 2676 interpellat
3445 2621 3548 2676 pro
3594 2605 3785 2660 nobis.

411 2700 574 2770 mini,
604 2717 676 2756 ne
706 2702 850 2756 forte
894 2701 1298 2756 abundantiori
1335 2700 1567 2757 tristitia
1603 2701 1976 2756 absorbeatur
2004 2701 2050 2755 is
2106 2695 2289 2813 ,Quis
2316 2714 2454 2769 ergo
2487 2714 2593 2752 nos
2619 2698 2901 2770 separabit
2936 2715 2971 2752 a
2999 2698 3277 2753 charitate
3305 2698 3509 2754 Christi
3529 2699 3555 2752 ?
3584 2697 3785 2752 Tribu-

411 2793 508 2864 qui
554 2793 614 2847 in
659 2794 924 2864 angustia
966 2797 1068 2849 est.
1099 2796 1340 2866 Propter
1383 2794 1538 2866 quod
1582 2793 1817 2848 obsecro
1852 2809 1948 2847 vos
1990 2798 2052 2848 ut
2106 2791 2122 2813 '
2151 2792 2304 2858 latio,
2331 2809 2404 2845 an
2433 2791 2715 2862 angustia,
2745 2808 2820 2846 an
2859 2791 3201 2863 persecutio,
3230 2808 3304 2846 an
3336 2792 3534 2860 fames,
3571 2808 3647 2846 an
3675 2808 3786 2846 nu-

416 2887 766 2940 conﬁrmetis
811 2887 870 2941 in
915 2888 1009 2942 illo
1054 2888 1387 2943 charitatem
1433 2888 1507 2958 (II
1550 2889 1670 2946 Cor.
1715 2903 1773 2953 ιι,
1815 2889 1885 2956 6.)
1918 2908 1945 2935 ››
1984 2888 2052 2942 Et
2153 2885 2322 2952 ditas,
2345 2901 2418 2938 an
2446 2885 2785 2955 periculum,
2811 2902 2884 2940 an
2911 2885 3173 2955 gladius?
3195 2885 3339 2940 sicut
3365 2885 3638 2956 scriptum
3667 2890 3784 2940 est:

413 2977 692 3034 Dominus
716 2981 776 3034 in
797 2981 1095 3051 Evangelio
1122 2982 1237 3036 ait:
1265 2981 1523 3052 «Diliges
1543 2980 1850 3035 Dominum
1871 2980 2051 3034 Deum
2149 2977 2290 3042 Quia
2337 2981 2572 3048 propter
2618 2982 2674 3033 te
2723 2978 3137 3033 mortiﬁcamur
3187 2982 3306 3033 tota
3354 2979 3466 3045 die,
3519 2977 3788 3033 aestimati

413 3080 579 3127 tuum
629 3091 698 3128 ex
737 3078 857 3129 toto
904 3075 1070 3128 corde
1109 3079 1226 3143 tuo,
1257 3078 1313 3129 et
1349 3091 1418 3128 ex
1455 3077 1573 3128 tota
1617 3073 1814 3128 anima
1848 3076 1964 3140 tua,
1997 3075 2054 3128 et
2152 3087 2345 3125 sumus
2370 3072 2515 3125 sicut
2543 3087 2674 3125 oves
2705 3071 3019 3138 occisionis,
3053 3071 3153 3126 sed
3188 3072 3247 3126 in
3278 3071 3366 3125 his
3397 3071 3662 3126 omnibus
3689 3088 3786 3126 su-

416 3183 485 3220 ex
525 3167 789 3221 omnibus
813 3167 1025 3222 viribus
1056 3167 1188 3236 tuis,
1219 3171 1276 3220 et
1322 3167 1648 3237 proximum
1699 3170 1863 3220 tuum
1907 3165 2053 3218 sicut
2071 3208 2122 3237 η
2150 3180 2418 3235 peramus
2455 3169 2686 3235 propter
2721 3181 2854 3220 eum
2898 3165 2997 3236 qui
3039 3165 3236 3220 dilexit
3276 3181 3402 3220 nos.
3433 3166 3630 3220 Certus
3661 3183 3789 3221 sum

417 3208 485 3220 νι.
525 3208 789 3221 sum...“
823 3208 1025 3222 ...μων
1061 3208 1188 3236 ......,
1219 3208 1276 3220 νυ
1323 3208 1648 3237 remum..-
1703 3208 1863 3220 ...μω
1907 3208 2053 3218 μυ..-
2151 3208 2417 3235 ,ιη-...ων
2455 3208 2676 3235 pur.-.
2722 3208 2854 3220 π...
2899 3208 2997 3236 ιιι.-
3040 3208 3236 3220 κων..-
3276 3208 3402 3220 μνη.
3437 3208 3630 3220 πων
3661 3208 3788 3221 μμ..

416 3259 662 3330 teipsum
684 3260 807 3327 (Luc
849 3277 902 3326 x,
926 3259 1034 3330 27).
1061 3278 1088 3310 »
1119 3259 1350 3314 Dilectio
1378 3258 1532 3312 enim
1560 3257 1808 3328 proximi
1835 3257 2050 3311 malum
2071 3208 2126 3282 C
2151 3258 2303 3314 enim
2339 3258 2474 3329 quia
2518 3274 2706 3330 neque
2746 3275 2920 3327 mors,
2948 3275 3134 3330 neque
3182 3259 3315 3327 vita,
3340 3275 3529 3328 neque
3572 3261 3788 3330 angeli,

414 3368 531 3406 non
563 3358 850 3422 operatur.
883 3355 1117 3423 Propter
1150 3353 1301 3423 quod
1337 3352 1498 3422 juxta
1524 3351 1858 3421 Apostolum
1889 3351 2046 3405 inex-

340 3424 356 3441 ⁶
415 3445 674 3500 cusabilis
700 3462 776 3513 es,
802 3463 834 3500 o
861 3447 1034 3500 homo
1059 3444 1244 3498 omnis
1265 3444 1361 3515 qui
1385 3443 1608 3514 judicas
1624 3461 1641 3512 ;
1670 3444 1729 3498 in
1755 3460 1868 3515 quo
1896 3445 2048 3499 enim

407 3539 627 3611 judicas
653 3539 898 3594 alterum
931 3539 1180 3609 teipsum
1221 3537 1597 3604 condemnas,
1635 3538 1838 3592 eadem
1869 3554 2049 3609 agens

414 3649 543 3703 quae
559 3633 800 3703 judicas.
823 3632 1045 3686 Scimus
1072 3631 1228 3684 enim
1249 3631 1518 3701 quoniam
1540 3630 1822 3701 judicium
1845 3631 1944 3685 Dei
1966 3635 2051 3686 est

414 3727 728 3780 secundum
756 3725 1058 3780 veritatem
1095 3724 1154 3777 in
1185 3740 1283 3777 eos
1315 3724 1413 3794 qui
1446 3724 1583 3778 talia
1611 3730 1808 3795 agunt.
1845 3724 2048 3780 Existi-

411 3837 535 3873 mas
557 3822 752 3873 autem
776 3818 904 3885 hoc,
931 3833 964 3870 ο
992 3818 1164 3871 homo
1194 3817 1377 3870 omnis
1422 3817 1521 3888 qui
1559 3816 1778 3887 judicas
1818 3833 1912 3871 eos
1951 3817 2047 3887 qui

411 3911 550 3965 talia
576 3915 756 3980 agunt
771 3913 827 3964 et
847 3909 984 3963 facis
1006 3926 1092 3976 ea,
1118 3909 1253 3980 quia
1272 3914 1333 3964 tu
1352 3910 1588 3980 effugies
1611 3910 1891 3980 judicium
1913 3910 2049 3965 Dei?

413 4009 499 4059 An
528 4003 750 4057 divitias
788 4002 1053 4057 bonitatis
1081 4003 1220 4073 ejus,
1255 4007 1312 4057 et
1350 4003 1660 4074 patientiae,
1693 4007 1750 4059 et
1789 4003 2046 4075 longani-

414 4096 629 4151 mitatis
655 4095 1011 4150 contemnis?
1036 4098 1264 4166 Ignoras
1290 4096 1561 4167 quoniam
1596 4097 1922 4168 benignitas
1949 4096 2050 4151 Dei

415 4190 489 4245 ad
514 4189 914 4260 paenitentiam
943 4193 997 4244 te
1028 4189 1284 4244 adduxit.
1319 4189 1643 4244 Secundum
1679 4196 1871 4246 autem
1891 4190 2047 4245 duri-

414 4283 557 4337 tiam
584 4286 766 4351 tuam,
796 4287 852 4337 et
876 4283 1240 4354 impoenitens
1269 4299 1368 4337 cor
1403 4282 1749 4338 thesaurizas
1774 4283 1877 4338 tibi
1903 4285 2050 4338 iram

414 4377 477 4431 in
504 4377 594 4431 die
623 4376 725 4431 irae
754 4381 809 4432 et
828 4376 1184 4432 revelationis
1205 4375 1350 4447 justi
1369 4375 1572 4446 judicii
1600 4376 1699 4432 Dei
1728 4376 1826 4447 qui
1850 4377 2052 4432 reddet

417 4469 719 4541 unicuique
763 4470 1076 4524 secundum
1122 4486 1300 4541 opera
1341 4469 1484 4540 ejus.
1536 4469 1628 4524 His
1674 4470 1908 4540 quidem
1955 4470 2052 4541 qui

2151 3367 2337 3422 neque
2363 3351 2730 3422 principatus,
2762 3367 2950 3423 neque
2979 3352 3240 3420 virtutes,
3271 3368 3457 3424 neque
3497 3351 3787 3420 instantia,

2148 3460 2334 3515 neque
2353 3445 2563 3512 futura,
2579 3460 2766 3516 neque
2789 3445 3089 3513 fortitudo,
3112 3461 3297 3516 neque
3319 3445 3576 3512 altitudo,
3599 3462 3790 3517 neque

2149 3537 2521 3609 profundum,
2555 3555 2746 3610 neque
2788 3543 3050 3593 creatura
3091 3539 3226 3606 alia,
3259 3538 3466 3609 poterit
3491 3555 3593 3593 nos
3618 3556 3790 3611 sepa-

2150 3648 2276 3686 rare
2306 3648 2340 3686 a
2359 3631 2630 3686 charitate
2661 3631 2762 3686 Dei
2790 3648 2920 3702 quae
2949 3635 3035 3686 est
3062 3632 3119 3685 in
3143 3630 3364 3685 Christo
3387 3632 3516 3685 Jesu
3547 3633 3790 3688 Domino

2149 3729 2342 3780 nostro
2371 3725 2541 3795 (Rom.
2574 3741 2690 3792 VIII,
2724 3723 2833 3793 33).
2870 3746 2896 3772 »
2933 3724 3212 3780 Debemus
3237 3727 3432 3779 autem
3462 3741 3586 3793 nos,
3617 3729 3680 3780 ut
3709 3725 3792 3780 ait

2151 3818 2306 3873 idem
2333 3818 2637 3888 apostolus,
2665 3816 2964 3884 ﬁrmiores,
2991 3815 3406 3872 imbecillitates
3424 3817 3790 3874 inﬁrmorum

2151 3909 2448 3976 sustinere,
2480 3914 2537 3963 et
2587 3926 2700 3964 non
2749 3909 2910 3964 nobis
2959 3910 3201 3981 placere,
3245 3911 3635 3983 unusquisque
3688 3929 3790 3965 ve-

2150 4009 2331 4059 strum
2361 4003 2622 4074 proximo
2649 4020 2748 4057 suo
2778 4003 3001 4074 placeat
3032 4003 3090 4058 in
3119 4003 3334 4058 bonum
3362 4005 3433 4059 ad
3463 4004 3786 4059 aedificatio-

2149 4113 2302 4152 nem.
2351 4097 2574 4151 Etenim
2615 4095 2867 4150 Christus
2912 4113 3026 4151 non
3071 4096 3176 4152 sibi
3219 4097 3448 4168 placuit,
3488 4098 3610 4167 sed,
3644 4097 3795 4153 sicut

2151 4191 2426 4261 scriptum
2470 4193 2602 4244 est:
2651 4210 2678 4237 «
2730 4190 3074 4261 lmproperia
3121 4190 3642 4262 improperantium
3687 4190 3790 4246 tibi

2151 4283 2479 4338 ceciderunt
2527 4299 2698 4354 super
2750 4299 2843 4338 me
2887 4285 3055 4352 (Rom.
3094 4299 3181 4350 xv,
3213 4284 3282 4354 l).
3316 4304 3343 4332 ››
3383 4305 3411 4333 ‹‹
3455 4283 3793 4339 Benedictus

2151 4378 2301 4431 Deus
2354 4381 2411 4430 et
2460 4377 2626 4430 Pater
2670 4376 2899 4432 Domini
2945 4377 3127 4432 nostri
3173 4377 3302 4431 Jesu
3350 4377 3581 4445 Christi,
3623 4378 3792 4433 Pater

2150 4469 2667 4524 misericordiarum
2713 4475 2770 4526 et
2818 4472 2964 4525 Deus
3017 4469 3191 4524 totius
3244 4469 3656 4536 consolationis,
3688 4471 3792 4541 qui

414 4564 727 4618 secundum
765 4563 1102 4635 patientiam
1140 4563 1276 4618 boni
1310 4563 1499 4633 operis
1526 4563 1765 4634 gloriam
1794 4568 1850 4618 et
1879 4564 2050 4617 hono-
2068 4577 2126 4648 D
2151 4562 2472 4617 consolatur
2503 4579 2602 4617 nos
2630 4563 2688 4618 in
2730 4564 2886 4618 omni
2924 4563 3290 4618 tribulatione
3318 4567 3531 4629 nostra,
3566 4568 3629 4618 ut
3653 4580 3786 4634 pos-

414 4673 538 4711 rem
556 4661 613 4712 et
627 4657 1143 4727 incorruptionem,
1161 4673 1391 4728 qumren
1401 4657 1546 4710 tibus
1562 4657 1734 4710 vitam
1751 4661 2046 4712 aeternam.

415 4750 509 4804 His
523 4756 718 4806 autem
738 4751 836 4822 qui
859 4767 925 4805 ex
952 4751 1334 4818 contentione,
1351 4755 1410 4805 et
1430 4750 1528 4821 qui
1547 4767 1665 4805 non
1685 4749 2052 4821 acquiescunt

413 4844 656 4911 veritati,
689 4845 928 4899 credunt
956 4847 1149 4898 autem
1175 4843 1484 4914 iniquitati,
1517 4843 1604 4897 ira
1627 4847 1683 4898 et
1708 4843 2048 4913 indignatio,

413 4936 702 4991 tribulatio
734 4941 789 4990 et
833 4937 1098 5008 angustia
1125 4936 1182 4990 in
1217 4952 1450 4990 omnem
1501 4935 1751 4990 animam
1798 4935 2049 4989 hominis

350 5062 357 5070 —
413 5028 700 5100 operantis
748 5029 980 5094 malum,
1011 5028 1193 5084 Judaei
1235 5028 1487 5099 primum
1539 5031 1595 5081 et
1641 5027 1838 5082 Graeci.
1869 5027 2052 5083 Gloria

412 5127 608 5177 autem
648 5127 706 5176 et
744 5122 926 5176 honor
956 5126 1014 5176 et
1055 5139 1159 5192 pax
1206 5123 1364 5177 omni
1411 5121 1670 5192 operanti
1719 5121 1959 5190 bonum,
1996 5126 2053 5177 et

414 5215 553 5269 alibi
578 5213 730 5268 idem
759 5214 1052 5286 apostolus
1082 5231 1094 5267 :
1131 5237 1158 5264 ‹‹
1186 5215 1412 5270 Causati
1440 5214 1592 5269 enim
1626 5231 1822 5269 sumus
1854 5231 2052 5270 omnes

415 5308 518 5363 sub
563 5311 793 5378 peccato
826 5324 970 5375 esse,
1006 5307 1150 5363 sicut
1193 5308 1466 5379 scriptum
1511 5311 1614 5378 est,
1642 5308 1774 5380 quia
1813 5325 1928 5364 non
1967 5311 2054 5363 est

404 5404 595 5472 justus
616 5401 938 5473 quisquam,
967 5418 1084 5456 non
1113 5405 1197 5456 est
1221 5401 1570 5473 intelligens,
1603 5419 1719 5457 non
1748 5408 1831 5457 est
1855 5401 2049 5471 requi-

411 5511 542 5549 rens
593 5496 796 5565 Deum,
847 5512 1046 5550 omnes
1101 5494 1544 5565 declinaverunt,
1589 5495 1761 5549 simul
1822 5493 2052 5547 inutiles

413 5589 546 5643 facti
570 5592 723 5655 sunt,
755 5605 870 5643 non
905 5593 990 5643 est
1015 5589 1114 5660 qui
1143 5589 1317 5643 faciat
1356 5589 1574 5643 bonum
1603 5603 1721 5640 non
1762 5589 1848 5640 est
1876 5600 2051 5657 usque

414 5682 486 5736 ad
514 5699 716 5737 unum.
751 5683 1088 5754 Sepulcrum
1125 5687 1325 5753 patens
1352 5686 1439 5735 est
1466 5682 1664 5749 guttur
1689 5695 1910 5747 eorum,
1941 5679 2050 5733 lin-

415 5775 542 5844 guis
594 5776 708 5831 suis
759 5776 954 5831 dolose
1002 5775 1270 5846 agebant,
1297 5787 1588 5826 venenum
1638 5771 1898 5843 aspidum
1947 5772 2051 5827 sub

419 5868 576 5927 labiis
608 5885 826 5925 eorum.
858 5871 1116 5934 Quorum
1143 5883 1205 5921 os
1232 5864 1632 5921 maledictione
1679 5868 1736 5919 et
1779 5867 2048 5921 amaritu-

2151 4657 2326 4711 simus
2364 4658 2420 4710 et
2456 4655 2560 4727 ipsi
2603 4657 2885 4712 consolari
2931 4673 3028 4711 eos
3078 4656 3176 4727 qui
3216 4656 3277 4710 in
3324 4656 3480 4710 omni
3522 4672 3790 4727 pressura

2150 4753 2300 4817 sunt,
2324 4765 2426 4821 per
2451 4750 2906 4806 exhortationem
2933 4766 3043 4821 qua
3073 4749 3444 4805 exhortamur
3469 4749 3575 4820 ipsi
3594 4767 3628 4804 a
3647 4752 3786 4818 Deo,

2152 4842 2420 4914 quoniam
2452 4843 2594 4898 sicut
2619 4844 2913 4898 abundant
2936 4843 3222 4914 passiones
3249 4842 3455 4898 Christi
3503 4843 3562 4896 in
3599 4844 3787 4908 nobis,

2150 4937 2227 4991 ita
2255 4941 2312 4992 et
2336 4953 2440 5008 per
2462 4925 2749 4992 Christum
2776 4935 3027 4990 abundat
3071 4936 3379 4991 consolatio
3427 4940 3636 5001 nostra,
3669 4937 3790 4992 sive

2151 5033 2344 5084 autem
2374 5031 2715 5084 tribulamur
2737 5045 2842 5098 pro
2867 5031 3052 5082 vestra
3078 5029 3471 5084 exhortatione
3501 5033 3558 5084 et
3585 5030 3788 5096 salute,

2151 5123 2265 5177 sive
2295 5124 2664 5176 exhortamur
2706 5136 2810 5191 pro
2850 5125 3035 5176 vestra
3076 5123 3459 5178 exhortatione
3490 5139 3618 5192 qua:
3645 5139 3788 5193 ope-

2151 5221 2310 5270 ratur
2327 5213 2453 5286 20
2472 5214 2533 5267 in
2543 5213 2698 5268 vobis
2718 5213 3074 5268 tolerantiam
3093 5216 3426 5270 earumdem
3453 5215 3788 5286 passionum

2151 5325 2288 5379 quas
2318 5311 2375 5361 et
2403 5323 2505 5360 nos
2535 5306 2786 5377 patimur
2818 5324 2832 5362 :
2863 5311 2920 5362 et
2944 5324 3072 5380 spes
3112 5312 3308 5364 nostra
3349 5309 3517 5364 firma
3555 5313 3642 5364 est
3682 5326 3790 5380 pro

2151 5399 2328 5466 vobis,
2358 5399 2599 5453 scientes
2627 5401 2896 5471 quoniam
2924 5402 3069 5457 sicut
3097 5402 3233 5457 socii
3264 5402 3585 5473 passionum
3631 5403 3787 5470 estis,

2153 5493 2230 5547 sic
2282 5492 2438 5546 eritis
2487 5497 2544 5547 et
2587 5494 2992 5550 consolationis
3018 5496 3093 5565 (II
3119 5498 3239 5554 Cor.
3269 5513 3308 5561 1,
3337 5499 3408 5566 3).
3444 5517 3471 5544 ››
3505 5517 3532 5544 ‹‹
3581 5495 3791 5550 Fidelis

2151 5591 2342 5640 autem
2374 5586 2522 5639 Deus
2560 5587 2658 5656 qui
2701 5603 2819 5642 non
2859 5589 3110 5659 patietur
3149 5605 3244 5643 vos
3290 5589 3499 5644 tentari
3528 5605 3702 5659 super
3730 5590 3790 5644 id

2151 5679 2303 5750 quod
2328 5679 2583 5749 potestis,
2611 5679 2706 5735 sed
2733 5680 2904 5735 faciet
2932 5699 3063 5736 cum
3093 5682 3413 5738 tentatione
3446 5682 3618 5736 etiam
3648 5698 3787 5753 pro-

2151 5775 2384 5828 ventum
2415 5775 2479 5826 ut
2509 5773 2732 5844 possitis
2758 5774 3039 5830 sustinere
3067 5776 3112 5845 (1
3135 5775 3252 5831 Cor.
3277 5792 3330 5843 x,
3359 5775 3465 5846 l3).
3495 5796 3522 5824 »
3550 5777 3792 5846 Propter

2151 5865 2327 5937 quod,
2359 5865 2695 5936 charissimi,
2727 5867 3022 5923 sectamini
3057 5868 3394 5925 charitatem
3435 5868 3700 5935 invicem,
3731 5874 3791 5924 ct
