4068 6354
294 372 360 422 se
1509 361 1982 425 DECRETALIUM
2019 333 2407 426 COLLEC'TIO.
3586 379 3652 431 90

294 484 644 540 aemulamini
686 483 1018 540 meliora~et
1054 484 1386 556 spiritualia,
1431 479 1488 540 et
1527 486 1786 557 adjuvate
1825 503 1923 542 vos
1944 489 2225 573 AAmen.
2282 489 2426 543 Data
2484 487 2718 542 Kalend.
2774 485 3134 557 Novembris,
3182 488 3359 545 Gallio
3409 493 3467 544 et
3516 469 3653 545 Dra-

293 582 571 649 invicem,
618 585 684 637 ut
718 583 830 638 Deo
878 599 1101 654 semper
1146 583 1207 637 in
1257 582 1525 637 omnibus
1571 584 1794 654 placere
1831 600 1925 638 va-
2029 581 2140 636 dua
2180 581 2282 636 CC.

291 671 476 726 leatis.
515 671 661 726 Deus
701 676 896 727 autem
943 671 1099 744 pacis
1137 671 1210 727 sit
1254 688 1385 726 cum
1435 673 1704 728 omnibus
1747 673 1926 728 vobis.

610 980 1187 1075 INCIPIUNT
1253 981 1777 1077 DECRETA
1844 979 2512 1077 ALEXANDBI
2581 981 2898 1078 PBIMI
2970 982 3336 1076 PAPIE.

289 1165 388 1229 De
411 1167 875 1251 sacerdotibus,
905 1185 1036 1251 non
1061 1166 1401 1251 uenandis.
1435 1185 1550 1229 nec
1578 1168 1835 1251 scriptis
1861 1166 1944 1230 ab
1973 1169 2064 1251 eis
2077 1186 2197 1251 per
2219 1175 2465 1251 metum
2486 1175 2604 1251 ant
2627 1166 2923 1251 aliquam
2938 1169 3248 1248 fraudem
3268 1170 3605 1251 erigendis
3627 1189 3649 1234 :

373 1253 437 1308 et
464 1247 544 1309 de
562 1247 866 1329 passione
890 1247 1162 1310 Domini
1189 1247 1256 1308 in
1289 1247 1763 1310 consecratione
1793 1247 2090 1329 corporis
2113 1249 2255 1330 ejus
2284 1247 2613 1310 miscenda
2627 1265 2652 1325 ;
2678 1247 2745 1309 ei
2758 1247 2836 1310 de
2860 1247 3036 1328 aqua
3064 1267 3212 1310 cum
3237 1247 3653 1331 salepopulis

373 1343 852 1424 benedicendo;
880 1352 940 1406 et
967 1343 1046 1406 de
1065 1343 1196 1422 ﬁde
1222 1351 1460 1408 sanctae
1497 1343 1854 1408 Trinitatis.

1224 1485 1390 1547 (Anno
1418 1483 1647 1546 Domini,
1677 1486 1788 1547 119,
1817 1484 1914 1534 sub
1941 1484 2087 1534 Bello
2117 1483 2341 1535 Adriano
2371 1482 2725 1547 imperatore.)

1583 1581 1637 1651 τί

359 1776 686 1830 ALEXANDER
720 1773 1014 1846 episcopus
1050 1775 1318 1830 omnibus
1347 1775 1674 1832 orthodoxis
1702 1793 1806 1848 per
1836 1777 1919 1831 di-
1941 1789 1998 1860 Β
2022 1773 2340 1845 apostolicae
2367 1773 2518 1827 sedis
2551 1773 2792 1844 apicem,
2828 1773 2919 1827 cui
2947 1787 3302 1827 summarum
3329 1771 3652 1845 dispositio-

289 1882 478 1922 versas
498 1868 814 1939 provincias
836 1867 1058 1923 Christo
1079 1869 1322 1924 Domino
1348 1869 1778 1926 famulantibus.
1888 1923 1892 1926 η

362 1960 751 2032 Cogitantibus
791 1961 952 2016 nobis
993 1967 1213 2017 metum
1250 1963 1425 2017 divini
1447 1962 1680 2034 judicii,
1719 1964 1924 2018 fratres

291 2053 628 2124 charissimi,
659 2058 716 2109 et
738 2058 867 2126 post
888 2055 1065 2109 vitam
1091 2055 1235 2111 hanc
1261 2072 1726 2128 unumquemque
1753 2062 1926 2128 prout

292 2147 528 2218 gesserit
564 2153 947 2219 recepturum,
976 2148 1115 2220 quid
1150 2149 1343 2204 veniat
1379 2150 1439 2204 in
1482 2151 1795 2222 querelam,
1835 2154 1921 2205 ta-

291 2256 421 2297 cere
457 2256 575 2295 non
601 2239 778 2308 licuit,
800 2242 897 2297 sed
927 2241 1089 2297 nobis
1118 2241 1279 2298 vobis
1303 2242 1457 2314 loqui
1489 2242 1792 2298 necessitas
1817 2243 1924 2298 im~

291 2333 532 2404 peravit,
561 2333 782 2390 dicente
807 2335 1089 2406 propheta
1121 2353 1134 2390 :
1179 2357 1207 2385 «
1239 2336 1439 2391 Exalta
1465 2340 1528 2390 ut
1561 2335 1697 2391 tuba
1726 2351 1922 2392 vocem

288 2431 452 2481 tuam
485 2427 612 2493 (Isa.
644 2443 796 2495 Lvm,
838 2429 909 2498 1),
949 2447 977 2479 ››
1020 2432 1077 2482 et
1113 2429 1204 2482 cui
1243 2428 1504 2484 omnium
1543 2429 1922 2484 Ecclesiarum

290 2521 598 2576 commissa
621 2525 705 2577 est
737 2536 891 2588 cura,
921 2521 966 2575 si
991 2521 1366 2591 dissimulem,
1396 2521 1649 2589 audiam,
1679 2522 1920 2577 Domino

287 2613 532 2683 dicente,
554 2613 826 2685 rejecistis
857 2614 1188 2670 mandatum
1217 2615 1334 2683 Dei,
1361 2620 1427 2671 ut
1456 2615 1712 2671 statuatis
1748 2615 1918 2670 tradis

287 2706 476 2761 tiones
500 2711 732 2762 vestras.
761 2706 906 2772 Quid
939 2707 1093 2762 enim
1121 2708 1274 2762 aliud
1301 2712 1388 2764 est
1410 2708 1647 2779 rejicere
1678 2708 1919 2763 manda-

285 2805 414 2853 tum
441 2799 559 2867 Dei,
591 2816 764 2871 quam
795 2799 1013 2871 privato
1035 2801 1288 2868 consilio,
1309 2801 1524 2872 judicio
1549 2801 1804 2855 humano
1826 2818 1922 2856 no-

285 2893 373 2946 vis
405 2892 576 2947 rebus
611 2893 1020 2948 constituendis
1048 2893 1282 2949 liberius
1318 2894 1634 2951 delectari?
1668 2895 1827 2949 Unde
1865 2898 1923 2949 et

288 2985 427 3040 alibi
457 2987 734 3057 scriptum
764 2989 880 3042 est:
905 3009 933 3037 «
960 2987 1038 3042 Ne
1064 2987 1504 3059 transgrediaris
1525 2988 1801 3042 terminos
1824 3005 1922 3042 an-

285 3080 480 3151 tiquos
507 3095 650 3150 quos
677 3083 995 3155 posuerunt
1018 3083 1211 3151 patres
1239 3081 1325 3136 tui
1358 3082 1535 3150 (Prov.
1571 3097 1705 3150 xxn,
1737 3081 1848 3152 28).
1889 3103 1916 3131 »

2025 1884 2128 1922 nes
2168 1883 2470 1921 causarum
2511 1869 2568 1921 et
2605 1866 2867 1920 omnium
2909 1866 3141 1937 negotia
3172 1867 3545 1922 Ecclesiarum
3585 1868 3654 1922 ab

2022 1960 2145 2030 ipso
2194 1960 2436 2015 Domino
2472 1959 2682 2014 tradita
2723 1964 2886 2026 sunt,
2933 1960 3090 2030 quasi
3139 1960 3212 2015 ad
3254 1965 3451 2031 caput,
3501 1960 3650 2031 ipso-

2023 2053 2247 2108 dicente
2273 2053 2516 2124 principi
2536 2053 2922 2122 apostolorum
2950 2055 3118 2109 Petro
3143 2069 3155 2107 :
3185 2075 3213 2102 «
3238 2054 3319 2107 Tu
3345 2070 3404 2107 es
3434 2055 3652 2122 Petrus,

2024 2152 2082 2200 et
2123 2161 2294 2218 super
2333 2147 2482 2201 hanc
2519 2149 2742 2216 petram
2784 2145 3094 2201 Ecclesiam
3138 2162 3329 2202 meam
3367 2147 3656 2201 aedificabo

2024 2239 2238 2307 (Matth.
2269 2255 2378 2306 xvr,
2411 2238 2516 2309 18).
2543 2257 2572 2291 η
2599 2239 2760 2303 Quod
2787 2238 3020 2309 quidam
3045 2239 3235 2295 aemuli
3261 2239 3486 2309 Christi,
3513 2241 3658 2311 ejus-

2022 2349 2130 2403 quc
2160 2337 2365 2387 sanctae
2397 2332 2657 2388 Ecclesiae
2694 2332 3068 2403 insidiatores,
3101 2333 3417 2390 sacerdotes
3446 2334 3544 2388 Dei
3583 2333 3657 2388 ad

2015 2424 2237 2495 judices
2285 2424 2540 2494 publicos
2580 2441 2844 2480 accusare
2885 2431 3256 2497 praesumant,
3303 2443 3432 2481 cum
3474 2427 3656 2497 magis

2022 2523 2308 2593 apostolus
2337 2522 2787 2578 Christianorum
2821 2539 3018 2578 causas
3044 2523 3117 2576 ad
3147 2523 3421 2579 Ecclesiae
3447 2524 3657 2579 deferri

2022 2621 2078 2671 et
2111 2615 2327 2672 ibidem
2367 2615 2666 2670 terminari
2702 2615 3010 2686 praecipiat.
3042 2615 3256 2670 Taliter
3287 2617 3656 2688 praevarican-

2020 2713 2106 2763 tes
2134 2708 2486 2780 praevaricati
2513 2712 2646 2763 sunt
2671 2708 2730 2762 in
2758 2708 3063 2762 Dominum
3090 2725 3276 2776 suum,
3299 2714 3355 2764 et
3382 2726 3497 2764 non
3525 2710 3653 2766 obe-

2022 2801 2188 2856 diunt
2220 2802 2515 2873 praeceptis
2552 2801 2694 2872 ejus,
2726 2801 2795 2856 de
2826 2801 3030 2873 quibus
3066 2801 3341 2856 Dominus
3380 2819 3486 2873 per
3519 2819 3653 2873 pro-

2019 2895 2254 2967 phetam
2287 2896 2426 2950 Osee
2456 2895 2727 2966 loquitur,
2759 2893 2954 2948 dicens
2980 2911 2994 2948 :
3029 2917 3056 2944 ‹‹
3082 2895 3252 2958 Quasi
3276 2911 3461 2949 vaccae
3491 2896 3652 2951 lasci-

2019 2987 2234 3044 vientes
2264 2988 2691 3043 declinaverunt
2725 2987 2871 3058 (Osee
2908 3004 2982 3055 1v,
3028 2988 3134 3059 16),
3171 3009 3199 3036 ››
3243 2990 3300 3041 et
3332 2987 3658 3045 dilexerunt

2018 3082 2220 3137 afferre
2269 3081 2649 3153 ignominiam
2703 3080 3115 3153 protectoribus
3156 3081 3292 3135 suis.
3334 3083 3402 3136 Et
3440 3082 3595 3136 idem
3638 3100 3652 3139 :

282 3150 586 3229 Terminos
613 3150 1005 3229 indubitanter
1027 3175 1444 3246 transgreditur
1463 3173 1565 3246 qui
1594 3150 1920 3245 statuta'pa-
1940 3150 1995 3227 Ο
2024 3196 2053 3226 ‹‹
2081 3177 2177 3230 Vae
2221 3150 2318 3231 eis‘
2341 3174 2615 3246 quoniam
2655 3150 3014 3231 recesserunt
3050 3191 3083 3228 a
3122 3177 3239 3245 me",
3279 3175 3655 3232 vastabuntur

281 3271 442 3321 trum
457 3266 747 3338 postponit
763 3269 934 3338 atque
952 3267 1271 3324 confundit.
1298 3267 1557 3324 Pervenit
1573 3283 1825 3338 namque
1847 3269 1919 3322 ad
2019 3269 2152 3340 quia
2175 3268 2529 3340 prsevaricati
2555 3271 2688 3324 sunt
2721 3268 2779 3322 in
2818 3283 2933 3335 me,
2970 3272 3028 3322 et
3058 3284 3166 3339 ego
3200 3261 3420 3325 redemi
3446 3285 3563 3340 eos,
3599 3278 3659 3326 et

283 3360 692 3416 conscientiam
724 3360 1043 3432 apostolicae
1084 3361 1272 3430 Sedis,
1307 3361 1461 3432 quod
1498 3361 1759 3417 nonnulli
1789 3364 1922 3417 sunt
2019 3363 2129 3433 ipsi
2155 3362 2328 3417 locuti
2358 3367 2490 3418 sunt
2514 3365 2710 3418 contra
2740 3378 2832 3418 me
2860 3361 3181 3430 mendacia,
3213 3366 3269 3418 et
3295 3379 3409 3418 non
3438 3363 3649 3419 clama-

283 3458 405 3507 tam
443 3452 636 3508 stolidi
672 3453 770 3524 qui
804 3453 1100 3510 Dominica
1129 3459 1412 3526 prtecepta
1449 3459 1506 3508 et
1537 3455 1918 3526 apostolorum
2020 3459 2224 3510 verunt
2255 3454 2329 3510 ad
2360 3471 2456 3509 me
2485 3455 2546 3512 in
2577 3455 2748 3511 corde
2784 3473 2907 3525 suo,
2940 3455 3039 3512 sed
3070 3454 3371 3511 ululabant
3399 3456 3460 3512 in
3491 3455 3649 3512 cubi-

286 3562 608 3618 eorumque
641 3563 1030 3604 successorum
1069 3552 1276 3604 statuta
1312 3547 1552 3602 minime
1595 3548 1916 3617 observant,

285 3644 348 3696 et
371 3655 467 3696 eos
490 3641 564 3695 de
595 3640 803 3712 quibus
831 3642 1105 3696 Dominus
1129 3641 1243 3696 ait:
1271 3640 1426 3705 «Qui
1450 3657 1550 3696 vos
1573 3641 1774 3712 tangit,
1798 3643 1922 3696 tan-

286 3733 377 3805 git
391 3733 669 3805 pupillam
696 3734 843 3789 oculi
869 3735 982 3790 mei
1004 3735 1180 3806 (Zach.
1205 3751 1262 3802 n,
1292 3735 1364 3806 8),
1394 3755 1422 3784 »
1444 3751 1559 3789 non
1582 3735 1768 3790 solum
1789 3740 1917 3790 tan-

288 3844 428 3899 gere
455 3827 696 3884 minime
726 3827 1008 3899 dubitant,
1044 3828 1146 3883 sed
1172 3829 1347 3883 etiam
1370 3828 1636 3900 persequi
1659 3845 1774 3884 non
1802 3829 1916 3884 for-

284 3921 528 3976 midant.
571 3921 639 3975 Et
681 3920 808 3976 licet
855 3938 960 3977 nos
1008 3924 1443 3993 persequantur,
1484 3921 1619 3993 quia
1667 3937 1771 3978 nec
1815 3938 1920 3976 nos

285 4015 411 4069 sine
440 4013 573 4082 illis,
607 4029 714 4068 nec
740 4014 864 4069 illos
888 4014 1007 4070 sine
1031 4015 1193 4070 nobis
1216 4015 1480 4087 persequi
1505 4020 1763 4086 possunt,
1786 4032 1922 4088 quo-

286 4108 449 4163 niam
485 4107 640 4163 illius
673 4124 872 4164 sumus
907 4108 1167 4179 discipuli
1205 4108 1303 4180 qui
1327 4108 1547 4164 animas
1586 4127 1691 4181 pro
1729 4108 1918 4164 fratri-

284 4201 394 4257 bus
425 4202 701 4273 praecepit
730 4218 966 4273 ponere,
998 4205 1192 4257 tamen
1231 4201 1312 4256 eis
1351 4203 1610 4274 pericula
1641 4208 1699 4258 et
1725 4202 1918 4274 perdi-

285 4295 479 4350 tiones
505 4311 706 4350 eorum
739 4312 856 4349 non
887 4311 1085 4350 sumus
1113 4294 1234 4349 ausi
1259 4295 1465 4364 celare,
1491 4312 1564 4352 ne
1588 4296 1922 4368 prophetica

289 4387 465 4459 (quod
489 4387 651 4459 absit)
678 4387 1018 4444 damnamur
1044 4387 1340 4456 sententia,
1373 4404 1500 4460 quae
1525 4389 1640 4444 ait:
1677 4411 1704 4439 «
1729 4389 1787 4444 Si
1816 4406 1918 4443 an-

286 4480 640 4536 nuntiaveris
689 4481 885 4553 iniquo
941 4482 1301 4553 iniquitatem
1349 4499 1508 4537 suam
1561 4483 1772 4553 (Ezech.
1824 4500 1883 4538 1n
1903 4523 1917 4550 ,

291 4578 398 4645 19),
435 4596 464 4624 ››
494 4574 750 4629 animam
777 4579 935 4630 tuam
962 4575 1236 4630 liberasti.
1268 4575 1322 4631 Si
1349 4578 1539 4631 autem
1565 4593 1678 4631 non
1705 4593 1924 4632 annun-

289 4667 519 4723 tiaveris
548 4667 621 4735 ei,
654 4668 996 4740 sanguinem
1024 4669 1146 4740 ejus
1172 4669 1241 4724 de
1277 4684 1456 4724 manu
1483 4675 1580 4725 tua
1609 4671 1920 4742 requiram.

290 4763 384 4816 Est
417 4760 596 4816 etiam
625 4766 684 4817 et
710 4762 821 4817 hoc
845 4763 916 4818 ad
944 4763 1087 4818 hanc
1115 4766 1368 4818 sanctam
1405 4763 1613 4819 Sedem
1644 4765 1925 4835 perlatum

291 4855 466 4926 (quod
507 4854 690 4926 pudet
731 4855 935 4926 dicere)
974 4860 1031 4911 et
1061 4873 1175 4911 non
1220 4857 1405 4912 solum
1443 4857 1796 4927 sacerdotali,
1829 4858 1927 4913 sed

292 4947 466 5002 etiam
495 4949 660 5003 omni
684 4949 1004 5005 Christiano
1035 4949 1257 5005 nomini
1283 4954 1368 5005 est
1397 4950 1710 5018 inimicum,
1737 4950 1796 5005 id
1820 4957 1922 5019 est,

294 5042 445 5111 quod
487 5042 796 5096 nonnullos
832 5043 1124 5114 episcopos
1156 5043 1244 5098 vel
1279 5043 1598 5098 sacerdotes
1631 5048 1730 5098 aut
1767 5048 1928 5099 metu

295 5135 667 5207 compellunt,
693 5139 791 5190 aut
810 5135 862 5190 vi
889 5140 1254 5208 extorquent,
1276 5140 1374 5192 aut
1389 5137 1586 5192 fraude
1615 5137 1926 5209 decipiunt,

295 5229 513 5301 aliquas
556 5228 929 5284 confessionis
974 5247 1091 5285 sute
1128 5230 1188 5284 in
1229 5231 1467 5286 alteram
1499 5236 1721 5302 partem
1757 5248 1930 5304 quam

299 5321 559 5392 debeant,
573 5326 675 5378 aut
686 5339 790 5394 pro
810 5339 1044 5378 suarum
1054 5340 1174 5379 non
1190 5324 1560 5396 requisitione
1576 5341 1796 5395 rerum,
1811 5331 1928 5394 aut,

298 5417 446 5488 quod
479 5417 737 5473 deterius
763 5423 864 5485 est,
887 5433 991 5488 pro
1023 5417 1190 5473 alieni
1218 5418 1426 5473 erroris
1451 5424 1605 5474 secta
1628 5419 1932 5490 scripturas

297 5509 477 5566 facere
505 5515 563 5566 et
587 5509 838 5582 propriis
855 5510 1116 5566 manibus
1144 5511 1431 5583 roborare,
1457 5516 1514 5567 et
1537 5528 1726 5567 coram
1746 5529 1927 5584 popu-

295 5602 360 5657 lis
386 5605 629 5660 recitare
659 5607 832 5675 atque
872 5603 1148 5660 conﬁteri.
1190 5605 1422 5678 Aliquos
1459 5605 1656 5661 dicunt
1689 5606 1930 5662 carceri-

295 5696 398 5752 bus
427 5704 487 5753 et
517 5698 823 5770 ergastulis
856 5698 1090 5767 recludi,
1126 5703 1187 5754 ut
1226 5700 1426 5754 saltem
1462 5699 1550 5754 his
1577 5699 1759 5755 territi
1792 5699 1931 5754 insi-

299 5789 425 5860 diis,
451 5792 691 5847 devient
718 5792 947 5847 Domini
981 5793 1318 5860 sacerdotes,
1352 5797 1409 5848 et
1437 5793 1552 5849 suis
1580 5794 1809 5849 faveant
1834 5810 1932 5848 vo-

295 5886 635 5944 luntatibus.
666 5878 926 5949 Relatum
951 5887 1186 5960 insaper
1221 5892 1306 5943 est
1341 5887 1413 5942 ad
1443 5888 1611 5959 hujus
1638 5892 1848 5946 sanctae
1879 5895 1936 5946 et

2019 3549 2167 3604 libus
2203 3548 2340 3615 suis,
2370 3565 2541 3618 super
2570 3548 2822 3603 triticum
2853 3553 2909 3602 et
2942 3548 3142 3603 vinum
3171 3549 3554 3618 ruminabant,
3595 3553 3653 3604 et

2019 3643 2377 3697 recesserunt
2403 3656 2436 3694 a
2461 3656 2576 3696 me.
2606 3642 2725 3712 Ego
2753 3641 2970 3695 erudivi
2998 3643 3054 3697 et
3081 3641 3391 3696 confortavi
3419 3641 3654 3696 brachia

2021 3751 2252 3803 eorum,
2299 3740 2356 3790 et
2397 3735 2456 3790 in
2497 3751 2590 3790 me
2635 3734 3030 3805 cogitaverunt
3067 3733 3366 3789 malitiam.
3414 3735 3649 3791 Reversi

2019 3834 2150 3884 sunt
2185 3834 2247 3883 ut
2286 3833 2472 3884 essent
2511 3828 2724 3899 absque
2755 3828 2922 3899 jugo,
2958 3827 3089 3882 facti
3122 3830 3257 3881 sunt
3293 3827 3452 3899 quasi
3488 3844 3652 3884 arcus

2022 3922 2246 3976 dolosus
2276 3922 2420 3991 (Osee
2447 3939 2543 3989 v11,
2581 3922 2685 3992 13).
2717 3942 2744 3971 ››
2789 3942 2818 3971 α
2847 3920 3086 3991 Abjiciet
3115 3937 3213 3975 eos
3252 3921 3526 3977 Dominus
3557 3921 3655 3993 (ait
3726 3925 3731 3929 ’

2019 4015 2177 4070 idem
2207 4017 2524 4087 propheta),
2558 4014 2692 4087 quia
2719 4030 2832 4069 non
2876 4015 3182 4070 audierunt
3210 4031 3362 4084 eum,
3397 4020 3454 4070 et
3487 4022 3660 4073 erunt

2018 4109 2148 4180 vagi
2169 4109 2230 4164 in
2255 4109 2587 4165 nationibus
2613 4108 2756 4178 (Osee
2782 4125 2856 4178 1x,
2885 4108 2991 4178 17).
3029 4129 3056 4157 υ
3089 4111 3164 4163 De
3193 4108 3279 4163 his
3309 4108 3464 4164 enim
3492 4109 3652 4165 cleri-
3744 4171 3750 4179 ,

2022 4203 2100 4258 cis
2135 4204 2223 4258 vel
2263 4203 2421 4258 laicis
2457 4202 2554 4274 qui
2592 4201 2889 4273 episcopos
2923 4203 3012 4256 vel
3040 4202 3295 4274 reliquos
3336 4203 3656 4258 sacerdotes

2021 4297 2176 4368 prius
2203 4301 2322 4351 tam
2351 4296 2424 4351 ad
2459 4295 2730 4367 primates
2755 4312 2952 4350 eorum
2985 4312 3157 4367 quam
3191 4295 3264 4350 ad
3294 4296 3540 4368 reliquos
3568 4315 3656 4352 ac-

2023 4395 2220 4445 cusant
2241 4389 2479 4459 judices,
2525 4405 2700 4460 quam
2747 4389 2979 4444 auribus
3021 4405 3218 4444 eorum
3260 4407 3294 4443 a
3338 4389 3542 4461 quibus
3593 4407 3654 4444 se

2022 4484 2184 4537 lmsos
2218 4482 2523 4549 aestimant,
2561 4482 2870 4552 inculcant,
2904 4485 2967 4536 ut
3005 4482 3076 4536 ab
3118 4482 3197 4538 eis
3236 4487 3336 4537 aut
3359 4484 3454 4554 jus
3489 4499 3656 4538 suum

2021 4580 2119 4630 aut
2140 4576 2355 4646 justam
2392 4576 2670 4647 recipiant
2702 4576 3046 4647 apologiam.
3079 4578 3221 4631 Item
3252 4593 3354 4646 per
3383 4576 3653 4630 eumdem

2023 4671 2102 4725 ait
2138 4669 2416 4724 Dominus
2452 4670 2794 4740 prophetam
2823 4686 2837 4723 :
2870 4690 2896 4719 «
2934 4668 3100 4738 Audi,
3135 4669 3340 4723 domus
3370 4668 3559 4736 Israel,
3597 4672 3656 4723 et

2025 4765 2228 4819 domus
2254 4763 2425 4833 regis,
2456 4762 2738 4829 ausculta;
2764 4765 2820 4816 et
2840 4761 3138 4829 attendite,
3165 4761 3503 4830 sacerdotes,
3525 4761 3658 4834 quia

2025 4857 2316 4912 vobiscum
2345 4855 2629 4927 judicium
2658 4859 2764 4926 est,
2791 4854 3063 4927 quoniam
3094 4856 3329 4927 laqueus
3359 4855 3490 4911 facti
3528 4857 3660 4912 estis

2028 4950 2397 5023 speculationi
2429 4953 2488 5004 et
2519 4954 2639 5006 rete
2669 4966 2986 5022 expansum
3024 4965 3194 5020 super
3222 4949 3467 5018 Thabor,
3497 4950 3658 5006 victi-

2028 5061 2262 5118 masque
2303 5044 2620 5100 declinastis
2660 5045 2721 5099 in
2763 5043 3110 5116 profundum
3154 5043 3300 5112 (Osee
3333 5061 3385 5113 v,
3419 5045 3491 5116 1).
3534 5067 3562 5096 ››
3595 5047 3663 5100 Et

2030 5157 2138 5211 ego
2174 5139 2427 5194 eruditor
2465 5139 2725 5194 omnium
2767 5141 3038 5193 vestrum.
3068 5139 3134 5193 Et
3175 5138 3310 5194 alibi
3339 5155 3352 5194 :
3384 5156 3414 5192 α
3451 5140 3662 5194 Omnes

2030 5233 2293 5289 calefacti
2319 5233 2452 5288 estis
2477 5232 2636 5304 quasi
2665 5231 2939 5298 clibanus,
2972 5232 3108 5303 quia
3136 5232 3420 5288 devoratis
3441 5233 3663 5304 judices

2028 5331 2238 5383 vestros
2279 5328 2426 5398 (Osee
2463 5343 2555 5392 vn,
2602 5329 2675 5396 7).
2717 5347 2746 5376 ››
2794 5326 2901 5397 Ipsi
2940 5330 3132 5382 autem
3177 5327 3466 5383 declinant
3509 5327 3663 5383 victi-

2029 5438 2154 5476 mas
2175 5420 2404 5476 Domini
2428 5419 2488 5474 in
2513 5419 2889 5490 profundum,
2912 5420 3012 5492 qui
3035 5436 3134 5476 eos
3162 5420 3440 5477 devorant
3463 5424 3553 5476 vel
3580 5422 3664 5476 in-

2024 5515 2177 5586 juste
2208 5516 2490 5581 lacerant,
2527 5513 2663 5585 quia
2691 5514 2836 5568 oculi
2873 5514 3096 5570 Domini
3129 5515 3412 5571 dicuntur.
3447 5517 3586 5570 Nam
3616 5518 3663 5570 si

2032 5608 2202 5663 modo
2232 5607 2532 5679 quisquam
2556 5607 2829 5679 principis
2859 5608 3146 5664 saecularis
3174 5611 3365 5664 oculos
3392 5611 3666 5663 laceraret

2031 5705 2130 5757 aut
2168 5706 2476 5768 amoveret,
2513 5707 2661 5758 esset
2698 5718 2828 5758 reus
2855 5703 3170 5774 majestatis
3208 5720 3282 5758 an
3323 5703 3482 5756 non?
3524 5704 3664 5756 Pro-

2034 5797 2181 5852 fecto
2218 5798 2319 5850 aut
2355 5795 2526 5851 morti
2569 5796 2893 5852 traderetur
2922 5801 3020 5851 aut
3056 5799 3332 5868 perpetua
3371 5797 3671 5851 notaretur

2035 5889 2289 5947 infamia.
2317 5891 2371 5946 Si
2403 5907 2505 5962 pro
2533 5891 2722 5952 saeculi
2753 5890 3122 5964 potestatibus
3151 5889 3288 5945 talia
3327 5888 3398 5944 ab
3425 5890 3670 5947 homini-
