4068 6352
377 353 434 401 91
1256 349 1543 404 APPEND.
1587 349 1673 400 AD
1710 348 1874 400 sine.
1915 348 2003 401 1x.
2033 376 2100 386 —
2141 337 2382 403 lSlDORl
2423 347 2865 403 MERCATORIS.
3674 351 3740 398 92

379 453 484 507 bus
519 454 684 521 ﬁunt,
723 454 859 526 quid
898 470 1001 525 pro
1034 454 1124 508 his
1151 454 1270 509 ﬁeri
1306 455 1530 526 putatis,
1572 453 1641 506 de
1670 453 1876 524 quibus
1906 455 2010 508 Do-
2031 477 2090 548 Α
2109 472 2245 509 nem
2275 455 2419 526 ﬁeri,
2445 455 2576 526 quia
2601 456 2678 510 sic
2705 453 2824 510 odit
2843 456 2993 508 Deus
3023 470 3116 510 eos
3136 453 3235 525 qui
3263 454 3530 508 adversus
3551 457 3744 523 patres

380 547 572 600 minus
607 547 683 601 ait
717 565 729 601 :
767 569 794 596 «
829 547 934 611 Qui
965 564 1064 602 vos
1104 548 1303 618 tangit,
1348 547 1530 618 tangit
1557 547 1833 617 pupillam
1863 546 2010 600 oculi

380 638 495 693 mei
528 639 702 709 (Zach.
738 654 796 706 II,
843 642 913 711 8).
964 660 990 692 »
1025 640 1398 695 Proculdubio
1438 639 1496 693 hi
1534 639 1631 710 qui
1675 656 1769 694 eos
1811 655 2008 710 perse-

381 735 636 803 quuntur
663 737 719 787 et
748 750 1012 788 amovere
1037 733 1296 787 nituntur
1324 733 1532 802 injuste
1567 737 1761 786 contra
1793 737 2012 803 aposto-

382 825 547 878 licam
577 826 967 902 auctoritatem
1000 826 1044 880 si
1076 843 1108 878 a
1143 830 1322 880 morte
1353 825 1754 896 prohibentur,
1791 825 2012 879 dicente

384 917 624 971 Domino
655 935 666 970 :
701 939 727 968 «
759 919 895 972 Nolo
923 922 1162 972 mortem
1193 917 1523 987 peccatoris,
1554 918 1654 970 sed
1682 921 1748 971 ut
1779 933 2010 972 conver-

383 1015 535 1064 tatur
573 1017 629 1065 et
663 1011 810 1065 vivat
843 1012 1046 1079 (Ezech.
1087 1027 1277 1078 XXXIII,
1325 1013 1429 1081 H);
1459 1030 1486 1062 »
1523 1015 1799 1081 perpetua
1825 1015 2015 1065 tamen

383 1106 651 1158 notantur
670 1104 919 1171 infamia,
936 1107 990 1157 et
1007 1103 1198 1157 exsilio
1223 1103 1383 1174 digni
1397 1103 1728 1174 judicantur
1746 1103 2011 1172 ﬁnitimo,

386 1196 454 1250 de
469 1195 668 1266 quibus
687 1213 719 1249 a
731 1196 1083 1266 temporibus
1098 1197 1484 1266 apostolorum
1499 1199 1556 1249 et
1572 1195 1719 1250 infra
1738 1196 1843 1250 ista
1861 1200 2016 1249 tene-

385 1305 512 1342 mus
533 1293 701 1358 atque
726 1288 949 1342 decreta
977 1289 1256 1343 habemus
1275 1289 1479 1360 quibus
1500 1305 1696 1342 eorum
1719 1287 2017 1342 accusandi

385 1381 679 1451 episcopos
707 1382 793 1434 vel
825 1381 1165 1436 testiﬁcandi
1192 1381 1249 1434 in
1285 1398 1381 1435 eos
1415 1397 1610 1435 vocem
1648 1381 2014 1448 obstruimus,

384 1489 525 1543 quos
554 1490 669 1527 non
697 1474 984 1542 humanis,
1008 1475 1104 1528 sed
1130 1474 1336 1528 divinis
1364 1475 1581 1528 actibus
1610 1479 1869 1528 mortuos
1897 1489 2016 1527 esse

384 1567 614 1636 scimus;
630 1566 700 1620 de
715 1567 918 1638 quibus
933 1568 1208 1622 Dominus
1226 1567 1479 1638 loquitur
1489 1584 1592 1638 per
1606 1567 1873 1622 eumdem
1889 1583 2016 1638 pro-

384 1661 618 1730 phetam
653 1676 666 1713 :
700 1682 727 1708 «
753 1660 1108 1714 Calumniam
1138 1661 1359 1732 patiens
1390 1660 1659 1730 Ephraim
1686 1661 1897 1715 fractus
1932 1663 2018 1713 est

378 1751 616 1823 judicio,
646 1753 921 1823 quoniam
952 1755 1117 1825 coepit
1155 1753 1311 1808 abire
1351 1757 1481 1824 post
1521 1753 1770 1823 sordem,
1814 1758 1870 1807 et
1911 1769 2017 1824 ego

2112 553 2411 603 armantur
2441 555 2502 604 ut
2529 553 2756 620 patrum
2787 549 3064 603 invasores
3097 545 3181 602 vel
3213 548 3607 602 destructores.
3637 544 3743 609 Qui

2110 641 2237 695 ideo
2269 641 2516 696 infames
2548 642 2888 710 efﬁciuntur,
2920 642 3052 712 quia
3077 647 3267 712 patres
3302 643 3739 711 persequuntur.

2111 736 2268 799 Quod
2306 735 2351 789 si
2380 753 2482 789 nec
2519 735 2674 806 loqui
2706 735 2786 789 eis
2816 735 2965 802 licet,
3002 735 3205 805 quibus
3243 735 3498 788 doctores
3534 731 3741 785 summi

2115 829 2273 898 (quos
2317 828 2615 900 episcopos
2663 830 2948 899 vocamus)
2997 833 3232 899 propter
3287 843 3484 881 eorum
3534 825 3744 880 scelera

2113 921 2503 988 adversantur,
2526 927 2737 992 quanto
2761 921 2944 992 magis
2970 922 3047 977 eis
3072 921 3170 992 qui
3198 937 3294 974 eos
3319 920 3611 986 infestant,
3638 934 3744 971 nec

2115 1014 2591 1070 consentiendum
2628 1019 2731 1086 est,
2771 1032 2875 1069 nec
2914 1015 3288 1085 loquendum,
3329 1030 3400 1068 ne
3441 1011 3744 1084 participes

2117 1125 2318 1162 eorum
2351 1107 2708 1163 inveniantur
2736 1108 3073 1177 sceleribus;
3109 1107 3240 1178 quia
3274 1123 3389 1160 non
3424 1107 3608 1160 solum
3647 1104 3745 1176 qui

2115 1201 2350 1269 faciunt,
2401 1201 2498 1256 sed
2545 1202 2642 1273 qui
2686 1201 3047 1256 consentiunt
3088 1200 3421 1254 facientibus
3457 1199 3542 1254 rei
3589 1202 3742 1252 sunt.

2116 1294 2275 1349 Unde
2303 1297 2360 1348 et
2382 1295 2583 1349 beatus
2610 1295 2876 1367 princeps
2906 1295 3292 1365 apostolorum
3321 1295 3535 1359 Petrus,
3564 1292 3622 1345 in
3652 1308 3744 1344 or-

2116 1386 2409 1441 dinatione
2431 1388 2609 1442 sancti
2641 1387 3068 1459 praedecessoris
3096 1386 3277 1442 nostri
3308 1384 3632 1452 Clementis,
3664 1383 3748 1437 in-

2117 1483 2337 1535 struens
2379 1482 2594 1536 clerum
2633 1485 2691 1535 et
2718 1482 2994 1552 populum
3025 1481 3103 1534 ait
3142 1497 3154 1534 :
3198 1480 3252 1535 Si
3281 1479 3543 1534 inimicus
3577 1477 3749 1532 fuerit

2116 1574 2378 1629 Clemens
2397 1574 2564 1628 alicui
2583 1591 2685 1644 pro
2705 1575 2923 1628 actibus
2945 1573 3078 1642 suis,
3097 1591 3193 1627 vos
3222 1573 3397 1628 nolite
3419 1576 3746 1642 exspectare

2119 1672 2179 1722 ut
2205 1667 2327 1738 ipse
2357 1668 2511 1722 vobis
2546 1667 2695 1721 dicat
2723 1685 2735 1722 :
2774 1669 2916 1724 Cum
2949 1667 3041 1720 illo
3069 1667 3244 1722 nolite
3278 1666 3445 1720 amici
3475 1681 3616 1733 esse,
3650 1664 3749 1717 sed

2115 1755 2428 1826 prudenter
2449 1756 2746 1810 observare
2769 1755 3004 1824 debetis,
3022 1761 3078 1810 et
3094 1754 3372 1809 voluntati
3392 1755 3513 1824 ejus
3534 1753 3748 1824 absque

386 1846 550 1917 quasi
582 1845 735 1900 tinea
759 1846 1052 1917 Ephraim,
1083 1849 1140 1902 et
1168 1847 1327 1917 quasi
1356 1847 1599 1918 putredo
1629 1847 1824 1901 domui
1851 1838 2092 1910 Juda.B
2117 1849 2626 1904 communicatione
2654 1849 3061 1919 obsecundare,
3094 1853 3151 1903 et
3181 1854 3430 1904 avertere
3456 1864 3554 1902 vos
3583 1845 3652 1901 ab
3681 1863 3749 1900 eo

389 1941 455 1994 Et
493 1939 633 1994 vidit
667 1939 938 2010 Ephraim
981 1942 1314 2012 languorem
1345 1957 1512 1995 suum
1545 1945 1599 1994 et
1635 1939 1779 1994 Juda
1816 1939 2012 1994 vincu-

387 2035 506 2086 lum
540 2049 727 2100 suum,
765 2037 824 2088 et
862 2033 1001 2087 abiit
1042 2033 1310 2104 Ephraim
1341 2033 1415 2087 ad
1446 2035 1636 2103 Assur,
1671 2037 1729 2087 et
1759 2033 1915 2087 misit
1947 2033 2016 2088 ad

388 2142 584 2197 regem
610 2127 879 2196 ultorem,
909 2131 966 2182 et
1004 2127 1123 2197 ipse
1159 2143 1274 2181 non
1310 2127 1520 2197 poterit
1549 2143 1748 2182 sanare
1786 2144 1885 2182 vos
1913 2142 2016 2182 nec

388 2221 602 2274 solvere
652 2220 865 2291 poterit
909 2238 942 2274 a
989 2220 1148 2274 vobis
1194 2221 1484 2274 vinculum
1531 2219 1675 2290 (Osee
1723 2237 1774 2287 ν,
1829 2223 1932 2289 11).
1986 2242 2010 2268 ››

387 2312 490 2376 Qui
518 2313 674 2367 enim
697 2314 965 2385 sacrilega
995 2317 1412 2386 persequuntur
1445 2313 1817 2384 persuasione
1847 2316 1902 2367 et
1929 2313 2012 2367 la-

388 2422 579 2461 cerare
599 2407 863 2461 nituntur
889 2407 1203 2478 episcopos,
1228 2407 1314 2462 vel
1345 2424 1442 2461 eos
1469 2407 1568 2477 qui
1589 2407 1833 2461 Domino
1862 2411 2016 2460 recte

390 2500 727 2569 sacriﬁcant,
758 2501 1146 2555 indubitanter
1183 2517 1316 2555 eum
1351 2504 1773 2571 persequuntur
1803 2503 1860 2554 et
1888 2500 2020 2555 dila-

391 2593 551 2647 niant
587 2594 748 2663 cujus
780 2593 900 2647 vice
934 2593 1272 2664 funguntur,
1311 2594 1458 2648 unde
1497 2592 1575 2647 ait
1605 2593 1879 2648 Dominus
1916 2610 2020 2664 per

391 2688 509 2742 Joel
549 2687 895 2758 prophetam
939 2706 952 2742 :
997 2708 1024 2737 ‹‹
1059 2687 1329 2759 Nunquid
1376 2686 1649 2741 ultionem
1695 2686 2018 2742 reddidistis

393 2781 570 2834 mihi?
594 2783 662 2834 Et
685 2780 731 2834 si
757 2781 1089 2834 ulciscimini
1117 2797 1211 2836 vos
1236 2783 1432 2835 contra
1459 2797 1573 2849 me,
1594 2781 1723 2846 cito,
1753 2779 2021 2833 velociter

392 2874 626 2929 reddam
667 2873 1113 2929 vicissitudinem
1153 2874 1308 2928 vobis
1349 2889 1518 2944 super
1557 2876 1726 2944 caput
1765 2876 2019 2926 vestrum

393 2967 524 3038 (Ιοεί
563 2984 641 3037 III,
682 2967 753 3038 4).
804 2987 830 3018 ››
880 2969 945 3022 Et
981 2984 1086 3038 per
1117 2969 1317 3022 Oseam
1355 2968 1697 3038 prophetam
1744 2965 2023 3020 Dominus

391 3061 576 3130 inquit
601 3077 614 3115 :
645 3082 672 3110 ‹‹
705 3060 841 3124 Quis
869 3061 1107 3131 sapiens,
1143 3065 1200 3115 et
1229 3060 1512 3130 intelliget
1542 3059 1668 3127 ista,
1695 3059 2021 3129 intelligens

396 3158 452 3207 et
481 3153 614 3208 sciet
634 3155 734 3208 ea?
759 3155 901 3218 Quia
932 3159 1099 3209 rectae
1129 3155 1233 3208 viae
1260 3154 1503 3220 Domini,
1529 3159 1585 3207 et
1603 3153 1743 3222 justi
1767 3151 2020 3206 ambula-

391 3247 534 3301 bunt
569 3248 628 3301 in
679 3247 759 3303 eis
802 3249 943 3317 (Osee
986 3265 1099 3315 xw,
1151 3249 1256 3319 10),
1299 3268 1326 3295 ››
1380 3245 1838 3316 praevaricatores
1887 3261 2018 3300 vero

395 3345 658 3396 corruent
685 3341 745 3396 in
775 3341 876 3396 eis.
895 3342 963 3396 Et
989 3341 1109 3412 ipsa
1134 3356 1240 3412 per
1268 3357 1326 3394 se
1358 3339 1576 3393 Veritas
1604 3339 1682 3392 ait
1705 3356 1717 3393 :
1752 3361 1779 3388 ‹‹
1801 3339 1906 3402 Qui
1928 3355 2021 3393 vos

393 3435 548 3490 audit
573 3451 666 3491 me
695 3435 874 3505 audit,
911 3439 967 3489 et
1004 3434 1100 3505 qui
1130 3451 1224 3488 vos
1261 3433 1478 3503 spernit
1507 3449 1600 3485 me
1628 3432 1846 3504 spernit
1875 3433 2020 3503 (Luc.

393 3545 447 3597 Χ,
492 3530 593 3600 16).
634 3549 660 3580 ››
701 3529 794 3582 llis
825 3531 883 3582 et
916 3527 1037 3581 aliis
1071 3526 1201 3581 fulti
1243 3525 1678 3596 quamplurimis
1716 3525 2022 3580 Dominicis

392 3623 705 3693 praeceptis,
722 3623 958 3677 vitantes
974 3620 1274 3675 hominum
1295 3618 1665 3690 perditioncs,
1683 3636 1814 3674 cum
1836 3619 2018 3674 omni-

394 3716 497 3771 bus
528 3717 698 3787 hujus
724 3720 932 3770 sanctae
957 3715 1138 3780 Sedis,
1159 3729 1334 3784 quam
1361 3711 1628 3767 Dominus
1655 3718 1827 3784 caput
1853 3714 2023 3768 totius

394 3810 652 3866 Ecclesiae
676 3808 981 3874 constituit,
1005 3806 1298 3873 membris,
1331 3806 1462 3860 talia
1489 3806 1612 3861 ﬁeri
1638 3806 2021 3876 prohibemus,

343 3933 346 3935 λ
396 3920 466 3958 ne
502 3901 886 3956 confundatur
915 3900 1158 3971 populus
1197 3899 1424 3954 Domini
1461 3899 1521 3954 in
1550 3902 1851 3955 aeternum.
1882 3901 2025 3954 Nam

396 4003 452 4052 et
482 4014 515 4050 a
545 3993 1053 4066 praedecessoribus
1087 3993 1291 4048 nostris
1327 3993 1634 4049 inhibitum
1668 3993 1931 4064 legimus,
1962 3998 2028 4049 ut

398 4107 566 4146 nemo
598 4087 894 4144 contristet
926 4087 1205 4155 doctores,
1245 4105 1432 4159 neque
1474 4087 1895 4143 accusationem
1931 4088 2026 4143 ad-

397 4200 588 4239 versus
610 4199 705 4237 eos
729 4180 1016 4252 suscipiat.
1039 4183 1160 4252 Ipse
1189 4198 1440 4252 namque
1460 4183 1854 4254 apostolorum
1874 4181 2027 4254 prin-

399 4295 529 4350 ceps
575 4278 636 4331 in
677 4275 1037 4330 ordinatione
1079 4275 1232 4330 beati
1273 4276 1581 4331 Clementis
1626 4277 1902 4348 populum
1945 4276 2028 4331 in-

397 4379 638 4439 struens,
665 4369 742 4423 ait
771 4385 784 4424 :
815 4369 1145 4440 Quicunque
1176 4370 1588 4426 contristaverit
1616 4371 1910 4424 doctorem
1937 4386 2026 4425 ve-

397 4465 580 4520 ritatis
644 4470 840 4536 peccat
887 4463 947 4518 in
997 4463 1315 4531 Christum,
1361 4469 1417 4519 et
1477 4465 1703 4519 Patrem
1768 4465 2025 4519 omnium

2117 1942 2209 1997 cui
2238 1943 2428 2014 ipsum
2454 1943 2672 1997 sentitis
2699 1943 3020 2010 adversum,
3053 1942 3152 1997 sed
3176 1959 3284 1996 nec
3314 1942 3467 2013 loqui
3498 1941 3588 1995 his
3618 1941 3747 2011 qui-

2116 2036 2221 2090 bus
2251 2036 2368 2107 ipse
2410 2054 2523 2091 non
2561 2037 2834 2108 loquitur,
2863 2040 2928 2092 ut
2954 2036 3338 2107 unusquisque
3369 2035 3465 2106 qui
3497 2035 3554 2088 in
3585 2034 3750 2104 culpa

2120 2133 2223 2198 est,
2281 2129 2418 2184 dum
2464 2131 2723 2185 omnium
2771 2135 3021 2185 vestrum
3071 2129 3224 2200 cupit
3265 2128 3538 2183 amicitias
3575 2128 3747 2195 ferre,

2117 2223 2344 2279 festinet
2368 2224 2532 2279 citius
2561 2224 2912 2279 reconciliari
2941 2224 2994 2278 ei
3018 2223 3116 2295 qui
3141 2222 3408 2277 omnibus
3433 2226 3656 2292 praeest,
3685 2225 3750 2274 ut

2117 2333 2221 2387 per
2267 2317 2375 2372 hoc
2413 2319 2608 2372 redeat
2647 2318 2716 2372 ad
2765 2318 3022 2384 salutem,
3068 2333 3199 2370 cum
3245 2315 3474 2371 obedire
3519 2314 3754 2386 cceperit

2117 2409 2344 2466 monitis
2373 2410 2751 2480 praesidentis.
2784 2411 2840 2466 Si
2879 2427 3012 2465 vero
3051 2411 3179 2483 quis
3209 2410 3424 2464 amicus
3455 2409 3626 2462 fuerit
3663 2408 3751 2460 his

2118 2504 2319 2574 quibus
2346 2503 2565 2557 amicus
2596 2520 2712 2557 non
2747 2508 2850 2571 est,
2879 2509 2934 2558 et
2964 2505 3185 2558 locutus
3213 2503 3385 2557 fuerit
3418 2502 3508 2555 his
3547 2501 3752 2572 quibus

2118 2597 2238 2667 ipse
2265 2613 2380 2651 non
2405 2596 2677 2667 loquitur,
2705 2614 2852 2651 unus
2883 2603 2968 2652 est
2993 2603 3049 2652 et
3074 2598 3197 2669 ipse
3221 2614 3289 2651 ex
3315 2596 3426 2650 illis
3447 2596 3544 2667 qui
3572 2599 3754 2650 exter-

2119 2689 2339 2743 minare
2368 2690 2672 2744 Ecclesiam
2702 2691 2798 2746 Dei
2825 2692 3040 2759 volunt;
3065 2695 3123 2745 et
3150 2707 3279 2745 cum
3309 2705 3544 2760 corpore
3574 2688 3752 2742 vobis-

2120 2799 2250 2837 cum
2283 2799 2404 2838 esse
2431 2783 2706 2852 videatur,
2740 2790 2935 2840 mente
2975 2788 3033 2839 et
3071 2785 3265 2840 animo
3295 2787 3493 2838 contra
3518 2799 3616 2836 vos
3646 2786 3750 2850 est,

2122 2880 2179 2930 et
2207 2881 2292 2930 est
2331 2877 2510 2931 multo
2552 2877 2796 2948 nequior
2826 2879 2999 2934 hostis
3034 2879 3144 2946 hic,
3178 2895 3349 2950 quam
3382 2877 3461 2931 illi
3495 2875 3591 2948 qui
3621 2876 3756 2930 foris

2121 2969 2273 3032 sunt,
2301 2968 2359 3020 et
2384 2967 2675 3023 evidenter
2700 2968 2914 3023 inimici
2934 2973 3084 3022 sunt.
3109 2968 3208 3022 Hic
3239 2966 3392 3021 enim
3423 2982 3524 3036 per
3549 2964 3752 3019 amici-

2120 3055 2329 3110 tiarum
2352 3057 2596 3127 speciem
2620 3074 2746 3128 quae
2774 3057 3007 3112 inimica
3027 3062 3158 3111 sunt
3178 3057 3343 3128 gerit,
3368 3061 3423 3110 et
3444 3055 3753 3110 Ecclesiam

2123 3148 2399 3220 dispergit
2421 3166 2484 3204 ac
2513 3155 2714 3206 vastat.
2745 3151 3021 3206 Similiter
3054 3149 3101 3203 si
3137 3148 3465 3220 hujusmodi
3493 3149 3757 3218 personis

2122 3242 2386 3312 quaadam
2428 3243 2725 3314 scripturae
2769 3244 3174 3315 quoquomodo
3215 3260 3320 3314 per
3360 3250 3612 3311 metum,
3657 3245 3757 3296 aut

2123 3335 2402 3402 fraudem,
2422 3341 2520 3391 aut
2545 3353 2648 3407 per
2668 3337 2780 3390 vim
2809 3341 3044 3392 extortae
3073 3337 3308 3406 fuerint,
3338 3337 3428 3391 vel
3454 3341 3514 3391 ut
3536 3352 3592 3391 se
3623 3335 3758 3390 libe-

2122 3446 2248 3484 rare
2274 3430 2513 3500 possint,
2543 3447 2881 3503 quocunque
2907 3431 3077 3486 modo
3106 3433 3176 3485 ab
3201 3431 3281 3486 eis
3309 3430 3640 3501 conscriptas
3666 3430 3754 3484 vel

2122 3523 2398 3578 roboratae
2413 3516 2628 3578 fuerint
2639 3525 2900 3595 ingenio,
2921 3526 2992 3578 ad
3013 3525 3234 3579 nullum
3257 3525 3340 3578 eis
3358 3523 3756 3595 praejudicium

2122 3623 2218 3672 aut
2243 3622 2658 3672 nocumentum
2694 3618 2988 3689 pervenire
3016 3634 3331 3686 censemus,
3362 3635 3554 3689 neque
3582 3618 3756 3672 ullam

2125 3711 2246 3780 ejus
2274 3711 2566 3765 infamiam
2593 3711 2679 3764 vel
2710 3711 3070 3780 calumniam,
3102 3714 3200 3765 aut
3229 3727 3262 3763 a
3295 3710 3408 3765 suis
3439 3716 3755 3781 sequestra-

2123 3804 2334 3858 tionem
2376 3803 2544 3858 bonis
2592 3820 2868 3875 unquam,
2900 3810 3130 3859 auctore
3165 3803 3426 3875 Domino,
3459 3810 3515 3860 et
3549 3805 3759 3860 sanctis

2125 3898 2386 3968 apostolis
2416 3914 2727 3969 eorumque
2761 3898 3174 3953 successoribus
3211 3899 3486 3954 sustinere
3519 3899 3756 3969 permit-

2125 3990 2321 4046 timus.
2353 3984 2642 4072 Cpnfessio
2673 4008 2803 4046 vero
2840 3992 2901 4045 in
2939 3991 3146 4046 talibus
3175 4009 3290 4047 non
3314 3993 3625 4064 compulsa,
3660 3991 3759 4047 sed

2124 4087 2438 4156 spontanea
2467 4085 2586 4140 ﬁeri
2615 4085 2800 4156 debet,
2837 4084 2960 4157 ipso
2990 4088 3307 4156 attestante,
3338 4087 3435 4158 qui
3467 4087 3542 4141 ait
3575 4102 3588 4140 :
3622 4106 3649 4137 «
3680 4088 3759 4140 Ex

2126 4179 2290 4234 corde
2316 4179 2472 4234 enim
2500 4179 2817 4251 procedunt
2834 4179 3158 4249 homicidia,
3187 4180 3486 4249 adulteria,
3519 4180 3761 4234 fornica-

2127 4271 2330 4340 tiones,
2356 4272 2719 4344 blasphemiaz
2746 4274 2962 4344 (Matth.
3001 4291 3091 4344 xv,
3130 4277 3208 4346 19)
3253 4294 3280 4325 »
3314 4279 3369 4329 et
3400 4277 3599 4328 caetera
3630 4290 3762 4345 quae

2125 4372 2256 4422 sunt
2295 4366 2366 4420 ad
2408 4367 2526 4421 haec
2569 4367 2934 4438 pertinentia.
2986 4369 3098 4423 Nec
3141 4371 3363 4423 tantum
3411 4367 3762 4423 attendenda

2125 4463 2259 4513 sunt
2296 4477 2425 4532 quae
2450 4461 2595 4516 fiunt
2625 4465 2906 4532 quantum
2938 4478 3052 4533 quo
3092 4463 3282 4516 animo
3320 4463 3478 4529 fiant,
3509 4477 3759 4532 quorum

398 4558 696 4614 exacerbat
719 4557 918 4628 Deum,
937 4562 1172 4628 propter
1189 4557 1346 4629 quod
1365 4557 1480 4613 vita
1499 4558 1733 4628 carebit;
1756 4564 1813 4613 et
1833 4559 2104 4647 doctorD
2129 4554 2401 4626 exempla,
2449 4555 2493 4608 si
2538 4555 2731 4610 omnia
2775 4555 3018 4611 scribere
3061 4556 3424 4627 coeperimus,
3471 4558 3602 4610 ante
3641 4555 3762 4609 dies

401 4653 656 4724 gentium
701 4651 889 4724 inquit
927 4668 940 4705 :
977 4671 1004 4703 «
1031 4651 1085 4706 Si
1111 4657 1535 4723 praeoccupatus
1558 4651 1735 4706 fuerit
1760 4652 1935 4707 homo
1967 4652 2026 4707 in

397 4747 583 4819 aliquo
626 4747 847 4816 delicto,
892 4762 991 4801 vos
1033 4745 1132 4818 qui
1175 4745 1494 4817 spirituales
1533 4745 1684 4816 estis,
1716 4750 2028 4802 sustentata

399 4840 560 4896 illum
589 4842 646 4896 in
673 4841 870 4912 spiritu
898 4839 1163 4909 lenitatis,
1192 4838 1560 4894 considerans
1585 4836 1852 4912 teipsum,
1874 4857 1946 4895 ne
1972 4845 2028 4896 et

402 4943 461 4992 tu
495 4934 749 5004 tenteris,
787 4935 930 4990 alter
961 4934 1190 4990 alterius
1226 4950 1403 4988 onera
1437 4938 1678 5003 portate,
1719 4939 1776 4988 et
1814 4933 1891 4988 sic
1925 4934 2022 4989 ad-

400 5027 707 5101 implebitis
733 5027 922 5097 legem
949 5027 1156 5084 Christi
1183 5011 1324 5098 (Gal.
1360 5044 1432 5095 v1,
1471 5029 1538 5096 1).
1570 5046 1597 5079 »

472 5124 579 5177 Has
621 5120 1047 5178 considerantes
1092 5122 1352 5192 pietates,
1399 5125 1456 5176 et
1500 5119 1748 5191 pericula
1790 5121 2028 5177 vitantes

400 5217 744 5282 animarum,
777 5231 890 5268 una
923 5231 1052 5268 cum
1092 5214 1353 5270 omnibus
1387 5214 1614 5270 Domini
1651 5215 2028 5271 sacerdotibus

403 5313 498 5386 qui
537 5307 833 5366 nobiscum
863 5306 922 5362 in
955 5306 1098 5362 hanc
1129 5324 1346 5363 sacram
1387 5315 1775 5365 convenerunt
1801 5310 2023 5378 urbem,

401 5414 458 5465 et
481 5422 611 5462 cum
644 5403 909 5459 omnibus
938 5401 1108 5472 hujus
1133 5402 1328 5474 capitis
1352 5402 1642 5474 membris,
1671 5405 1812 5459 sicut
1838 5421 1872 5459 a
1895 5404 2029 5459 bea-

402 5503 472 5559 tis
498 5497 787 5573 apostolis,
813 5500 870 5551 et
899 5514 932 5551 a
958 5495 1188 5568 reliquis
1215 5497 1421 5553 sanctis
1450 5499 1731 5569 Patribus,
1761 5503 1818 5554 et
1847 5515 1882 5552 a
1911 5514 2030 5552 suc-

402 5594 717 5654 cessoribus
743 5608 940 5648 eorum
967 5589 1304 5661 accepimus,
1334 5594 1643 5648 statuentes
1671 5590 2030 5646 decernimus

404 5707 600 5747 omnes
633 5687 730 5760 qui
770 5690 992 5740 sanctos
1027 5686 1220 5740 Patres
1257 5691 1697 5758 persequuntur,
1732 5688 1833 5739 aut
1868 5700 2027 5739 amo-

403 5802 553 5854 vere,
578 5782 665 5838 vel
687 5781 991 5837 dilacerare
1013 5773 1313 5838 manifeste
1340 5780 1621 5849 nituntur,
1642 5778 1886 5835 infames
1909 5795 2030 5834 esse

407 5885 461 5938 et
491 5877 699 5936 alienos
725 5892 758 5931 a
783 5875 1070 5935 liminibus
1105 5874 1355 5930 Ecclesiaa
1377 5890 1554 5946 usque
1588 5872 1658 5927 ad
1692 5873 2026 5928 satisfactio-

2130 4664 2298 4718 quam
2327 4649 2588 4720 exempla
2613 4649 2898 4704 deficient.
2923 4650 3079 4705 Unde
3107 4653 3165 4704 ct
3189 4649 3328 4704 illud
3358 4651 3444 4703 est
3467 4647 3619 4720 quod
3651 4649 3759 4702 Do-

2127 4741 2315 4796 minus
2355 4741 2427 4796 ad
2473 4759 2710 4799 munera
2753 4744 2893 4798 Abel
2939 4744 3188 4815 respexit
3232 4748 3289 4798 et
3339 4759 3453 4797 non
3491 4743 3561 4796 ad
3597 4741 3759 4812 Cain,

2127 4835 2257 4906 quia
2291 4836 2477 4906 magis
2506 4837 2757 4892 intendit
2785 4837 2855 4891 ad
2885 4837 3174 4892 offerentis
3201 4837 3458 4904 animum
3484 4852 3657 4906 quam
3687 4836 3764 4890 ad

2127 4947 2196 4985 ea
2219 4946 2344 5001 quae
2369 4930 2705 4986 offeruntur.
2735 4930 2870 4985 lnde
2897 4936 2955 4985 et
2984 4931 3258 4986 Dominus
3285 4947 3388 5002 per
3413 4930 3762 5000 Prophetam

2126 5023 2313 5095 inquit
2341 5041 2354 5079 ε
2381 5044 2408 5077 ((
2437 5025 2719 5079 Dominus
2745 5023 2847 5078 scit
2871 5025 3241 5095 cogitationes
3261 5024 3561 5079 hominum
3592 5025 3760 5093 (Psal.

2128 5134 2274 5186 XCIII,
2309 5119 2411 5188 11).
2454 5137 2480 5169 ››
2524 5119 2592 5171 Et
2632 5133 2736 5188 per
2775 5117 2912 5172 Osee
2950 5119 3029 5173 ait
3067 5136 3080 5172 :
3129 5141 3156 5167 ‹‹
3197 5120 3259 5174 ln
3294 5121 3525 5189 gutture
3562 5122 3660 5172 tuo
3691 5117 3766 5171 sit

2127 5212 2264 5266 tuba
2288 5211 2450 5282 quasi
2482 5210 2671 5281 aquila
2697 5227 2870 5281 super
2908 5211 3145 5267 domum
3185 5212 3414 5267 Domini
3445 5212 3608 5282 (Osee,
3645 5227 3762 5276 vm,

2134 5306 2201 5376 1),
2231 5326 2258 5354 ››
2301 5307 2354 5357 et
2389 5303 2628 5375 reliqua.
2675 5304 2742 5357 Et
2780 5305 3052 5360 Dominus
3088 5305 3274 5378 inquit
3319 5306 3377 5359 in
3407 5305 3713 5376 Evangelio
3747 5324 3759 5360 :

2131 5419 2157 5449 «
2198 5398 2278 5451 Tu
2324 5400 2512 5451 autem
2551 5413 2683 5451 cum
2736 5399 3001 5466 oraveris,
3035 5400 3187 5454 intra
3224 5399 3282 5453 in
3324 5399 3667 5467 cubiculum,
3708 5406 3767 5454 et

2128 5492 2317 5545 clauso
2343 5492 2483 5546 ostio
2511 5509 2610 5547 ora
2634 5493 2855 5547 Patrem
2881 5497 3043 5548 tuum
3072 5492 3288 5566 (Matth.
3313 5509 3384 5564 v1,
3410 5494 3482 5564 6).
3508 5515 3536 5542 ››
3567 5493 3766 5548 Omnis

2130 5585 2286 5639 enim
2313 5585 2591 5641 confessio
2624 5603 2752 5659 quae
2779 5587 2843 5642 ﬁt
2874 5603 2936 5642 ex
2970 5588 3302 5643 necessitate
3335 5587 3476 5642 ﬁdes
3507 5603 3620 5641 non
3653 5589 3762 5643 est.

2130 5680 2196 5734 Et
2238 5680 2540 5751 Apostolus
2573 5679 2652 5735 ait
2689 5698 2700 5734 :
2738 5701 2765 5731 ‹‹
2799 5681 2980 5737 Corde
3022 5681 3176 5736 enim
3214 5681 3461 5736 creditur
3492 5681 3564 5735 ad
3599 5679 3768 5750 justi-

2129 5772 2288 5842 tiam,
2336 5790 2433 5829 ore
2477 5779 2668 5832 autem
2705 5775 2982 5833 confessio
3011 5775 3075 5831 ﬁt
3113 5774 3186 5830 ad
3221 5775 3461 5830 salutem
3496 5777 3660 5845 (Rom.
3704 5791 3761 5845 Χ,

2135 5869 2242 5942 10.)
2273 5889 2298 5922 ››
2333 5870 2592 5943 Amplius
2620 5873 2810 5928 autem
2847 5870 3072 5942 respicit
3110 5871 3256 5926 Deus
3285 5870 3353 5924 ad
3392 5869 3765 5942 cogitationes
