4068 6354
280 340 343 390 93
1449 285 1460 304 1
1497 337 1971 393 DECRETALIUM
2011 336 2396 391 COLLECTIO.
3577 340 3643 392 94

279 451 333 499 et
352 447 690 516 spontaneas
715 443 1055 514 voluntates,
1080 459 1252 515 quam
1273 444 1345 497 ad
1368 448 1526 499 actus
1545 445 1643 516 qui
1661 460 1764 516 per
1783 445 1911 499 sim-
1932 443 2227 529 A(Matth.
2272 459 2417 511 xxv1,
2455 443 2571 505 26).
2614 467 2641 491 n
2692 445 2941 499 Crimina
2982 446 3136 500 enim
3184 449 3351 516 atque
3396 447 3647 516 peccata,

275 537 585 608 plicitatem
610 539 708 591 aut
734 554 840 609 per
859 538 1255 592 necessitatem
1276 537 1735 594 ﬁunt.Confessio
1757 539 1911 593 enim

276 647 397 686 non
436 631 753 702 extorqueri
799 631 970 686 debet
1008 632 1065 686 in
1098 631 1321 700 talibus,
1355 633 1453 686 sed
1489 631 1675 703 potius
1711 637 1908 704 sponte

276 725 552 796 proﬁteri,
580 724 892 795 pessimum
929 729 1015 778 est
1047 725 1200 780 enim
1230 725 1300 779 de
1339 725 1653 798 suspicione
1685 730 1782 780 aut
1808 743 1906 780 ex-

275 823 426 873 torta
467 818 812 873 confessione
849 835 1199 891 quemquam
1233 818 1510 890 judicare,
1550 837 1682 874 cum
1727 820 1911 891 magis

274 907 559 978 inspector
603 907 784 960 cordis
828 905 943 979 21
998 908 1066 961 sit
1104 907 1378 961 Dominus
1412 925 1582 979 quam
1615 908 1819 980 operis,
1856 911 1912 962 et

276 1001 465 1070 potius
510 1000 754 1072 requirit
791 1001 1067 1055 Dominus
1103 1001 1475 1072 cogitationes
1512 1019 1678 1072 puras
1721 1007 1776 1055 et
1822 1018 1911 1055 vo-

273 1095 526 1149 luntates
565 1093 756 1161 bonas,
784 1110 956 1165 quam
988 1093 1142 1149 labia
1174 1095 1489 1150 mendacia.
1521 1095 1679 1149 Unde
1710 1098 1767 1149 et
1794 1097 1908 1150 Do-

275 1186 469 1240 minus
502 1203 606 1257 per
640 1187 980 1258 prophetam
1020 1188 1260 1259 loquens
1299 1187 1377 1241 ait
1409 1206 1421 1243 :
1456 1207 1482 1239 «
1520 1188 1767 1259 Populus
1805 1189 1910 1242 iste

273 1280 440 1334 labiis
472 1297 562 1334 me
590 1280 854 1349 honorat,
885 1297 980 1334 cor
1001 1297 1202 1338 eorum
1235 1285 1428 1336 autem
1456 1282 1628 1352 longe
1656 1285 1740 1335 est
1766 1299 1798 1335 a
1818 1299 1911 1336 me

277 1376 428 1442 (Isai.
471 1390 616 1443 xxix,
662 1375 767 1446 t3.)
817 1395 844 1422 »
897 1375 1064 1445 Pejus
1105 1375 1321 1429 malum
1358 1375 1476 1430 fore
1520 1391 1633 1429 non
1668 1374 1908 1445 aestimo,

273 1483 449 1537 quam
485 1466 829 1521 Christianos
860 1468 972 1521 suis
1008 1468 1264 1522 invidere
1298 1468 1706 1523 sacerdotibus.
1750 1467 1913 1522 Novit

271 1561 428 1614 enim
457 1560 733 1615 Dominus
757 1561 854 1632 qui
883 1566 1015 1615 sunt
1044 1562 1184 1631 ejus.
1217 1561 1337 1615 Non
1369 1564 1558 1632 potest
1584 1564 1781 1616 autem
1810 1562 1913 1615 hu-

273 1671 450 1708 mano
469 1654 839 1709 condemnari
862 1655 1146 1722 examine,
1168 1671 1342 1726 quem
1365 1655 1513 1709 Deus
1533 1672 1634 1710 suo
1657 1671 1909 1710 reserva-

274 1748 356 1802 vit
385 1747 622 1818 judicio.
653 1748 709 1804 Si
745 1748 935 1802 omnia
966 1764 1216 1820 namque
1255 1749 1311 1802 in
1351 1750 1455 1803 hoc
1499 1750 1704 1803 saeculo
1738 1748 1914 1803 vindi-

2011 537 2208 591 oblatis
2253 537 2338 590 his
2381 537 2623 591 Domino
2670 538 2973 606 sacriﬁciis,
3013 539 3301 606 delentur,
3342 537 3551 593 idcirco
3592 541 3650 592 et

2009 630 2192 701 passio
2218 629 2337 700 ejus
2364 629 2422 683 in
2449 629 2536 684 his
2563 632 3064 687 commemoranda
3097 635 3201 699 est,
3232 649 3342 704 qua
3367 631 3650 704 redempti

2011 739 2227 791 sumus,
2251 725 2306 777 et
2333 725 2537 795 saepius
2562 726 2873 794 recitanda,
2896 729 3070 797 atque
3098 726 3220 780 haec
3250 726 3488 780 Domino
3518 725 3678 780 oife--

2011 817 2205 883 renda,
2265 817 2470 871 talibus
2523 819 2721 874 hostiis
2783 819 3176 886 delectabitur,
3225 822 3282 873 et
3333 802 3650 890 placabitur

2012 909 2302 977 Dominus,
2337 915 2656 980 et,peccata
2697 911 2947 966 dimittet
2988 911 3262 982 ingentia.
3301 912 3450 966 Nihil
3495 912 3649 967 enim

2013 1004 2071 1057 in
2097 1002 2381 1058 sacrificiis
2413 1005 2594 1075 majus
2626 1021 2745 1060 esse
2776 1009 2965 1076 potest
2989 1022 3167 1078 quam
3199 1022 3401 1077 corpus
3433 1008 3490 1060 et
3519 1022 3646 1060 san-

2014 1097 2138 1168 guis
2184 1096 2408 1152 Christi.
2439 1098 2551 1151 Nec
2599 1098 2715 1151 ulla
2767 1098 2977 1154 oblatio
3021 1099 3126 1153 hac
3175 1099 3364 1170 potior
3402 1103 3504 1168 est,
3552 1099 3651 1154 sed

2012 1190 2135 1244 haec
2164 1206 2362 1244 omnes
2388 1190 2678 1261 praecellit.
2707 1192 2844 1255 Quae.
2870 1208 3013 1262 pura
3042 1192 3384 1246 conscientia
3411 1193 3650 1248 Domino

2014 1282 2305 1337 offerenda
2329 1288 2431 1350 est,
2456 1287 2513 1338 et
2537 1275 2682 1354 pura
2707 1287 2898 1338 mente
2927 1285 3221 1354 sumenda,
3244 1290 3413 1356 atque
3440 1285 3510 1340 ab
3535 1301 3653 1340 om-

2012 1376 2178 1431 nibus
2210 1376 2558 1431 veneranda.
2590 1378 2656 1431 Et
2688 1377 2830 1432 sicut
2861 1377 3051 1448 potior
3079 1382 3163 1432 est
3189 1379 3424 1448 ueteris,
3454 1378 3533 1433 ita
3557 1396 3653 1450 po-

2011 1469 2120 1523 tius
2175 1469 2352 1525 excoli
2405 1474 2463 1524 et
2515 1471 2774 1524 venerari
2831 1469 3019 1524 debet.
3072 1475 3289 1542 Aquam
3337 1471 3489 1526 enim
3539 1473 3654 1526 sale

2013 1579 2382 1634 conspersam
2444 1563 2672 1634 populis
2729 1563 3152 1632 benedicimus,
3220 1569 3284 1618 ut
3335 1580 3403 1618 ea
3464 1563 3654 1620 cuncti

2011 1657 2225 1727 aspersi
2261 1655 2687 1711 sanctiﬁcentur
2724 1673 2788 1711 ac
2819 1656 3213 1728 puriﬁcentur,
3257 1657 3410 1728 quod
3441 1661 3497 1712 et
3529 1674 3651 1712 om-

2011 1749 2178 1804 nibus
2206 1749 2590 1805 saccrdotibus
2617 1749 2941 1804 faciendum
2971 1767 3091 1804 esse
3120 1750 3482 1804 mandamus;
3513 1751 3651 1805 Nam

273 1846 396 1896 cata
423 1846 630 1911 essent,
650 1842 840 1896 locum
859 1840 1047 1896 divina
1065 1858 1182 1896 non
1203 1841 1484 1896 haberent
1494 1841 1732 1913 judicia.
1751 1841 1910 1906 Quod
1929 1837 1987 1909 B
2011 1842 2056 1896 si
2095 1842 2233 1897 cinis
2267 1842 2456 1897 vitula:
2503 1860 2766 1915 aspersus
2807 1843 3082 1914 sanguine
3123 1843 3402 1914 populum
3446 1844 3653 1899 sancti-

274 1941 471 1990 autem
502 1935 573 1989 ad
598 1935 734 1988 alios
752 1935 975 2006 judices
1001 1935 1159 2008 prius
1191 1952 1307 1990 non
1341 1935 1608 2003 debeant,
1642 1952 1815 2007 quam
1841 1936 1916 1990 ad

273 2029 590 2084 sacerdotes
639 2029 725 2083 vel
778 2029 1066 2084 auditores
1113 2029 1369 2084 Ecclesiae
1415 2030 1700 2110 accusari,
1761 2029 1838 2084 ita
1883 2047 1916 2083 a

272 2127 534 2193 tempore
558 2121 947 2193 apostolorum
973 2125 1031 2175 et
1061 2122 1212 2176 infra
1237 2122 1604 2176 observatum
1631 2127 1686 2176 et
1708 2122 1915 2176 difﬁni-

275 2221 398 2270 tum
424 2215 766 2270 invenimus.
802 2215 861 2271 Si
896 2215 1020 2287 quis
1057 2232 1197 2288 erga
1225 2215 1556 2288 episcopum
1588 2216 1672 2270 vel
1698 2221 1915 2271 actores

278 2308 541 2363 Ecclesiae
573 2293 882 2380 quamlibet
909 2310 1200 2380 querelam
1229 2314 1327 2363 aut
1361 2310 1645 2364 actionem
1675 2309 1831 2380 juste
1857 2326 1916 2364 se

279 2401 496 2456 habere
524 2401 841 2471 crediderit,
873 2401 990 2473 ipse
1022 2402 1416 2473 Redemptoris
1443 2403 1529 2456 sui
1566 2402 1745 2473 (cujus
1772 2401 1915 2456 actio

279 2500 472 2550 nostra
502 2501 587 2550 est
616 2495 919 2567 institutio)
949 2496 1171 2550 viarum
1202 2512 1314 2550 non
1347 2495 1673 2564 immemor,
1703 2496 1798 2550 sed
1828 2513 1913 2550 se-

281 2593 465 2644 ctator
495 2589 777 2661 egregius,
810 2589 908 2660 qui
948 2606 1078 2644 cum
1114 2589 1552 2644 malediceretur
1582 2605 1700 2644 non
1736 2590 1912 2644 male-

282 2682 523 2750 dicebat,
548 2683 646 2738 sed
673 2686 947 2755 tanquam
975 2683 1091 2737 ovis
1119 2700 1310 2738 coram
1340 2684 1610 2738 tondente
1637 2699 1694 2738 se
1715 2684 1913 2738 obmu-

283 2777 410 2846 tuit,
443 2793 507 2830 ac
543 2793 645 2848 pro
674 2777 785 2831 suis
815 2777 1271 2848 persecutoribus
1306 2777 1367 2831 in
1404 2793 1628 2832 crucem
1664 2777 1916 2848 pendens

283 2869 437 2941 apud
476 2871 702 2925 Patrem
733 2871 1070 2939 intercessit,
1105 2887 1219 2924 non
1249 2869 1409 2942 prius
1443 2870 1714 2941 primates
1748 2887 1913 2942 supe-

281 2963 464 3018 riores
497 2969 595 3018 aut
627 2964 767 3019 alios
796 2963 1022 3036 judices
1053 2964 1218 3019 adeat
1248 2980 1423 3035 quam
1453 2964 1608 3034 ipsos
1643 2981 1677 3017 a
1714 2965 1918 3036 quibus

284 3074 342 3111 se
375 3059 578 3112 laesum
610 3058 872 3124 aestimat,
902 3058 1196 3112 conveniat
1220 3057 1595 3126 familiariter,
1620 3062 1675 3112 et
1699 3074 1816 3112 non
1837 3075 1920 3112 se-

285 3151 416 3222 mel,
448 3151 548 3205 sed
578 3151 905 3222 saepissime,
933 3157 999 3206 ut
1025 3151 1094 3205 ab
1127 3151 1206 3205 eis
1235 3156 1333 3206 aut
1354 3169 1514 3205 suam
1529 3151 1811 3223 justitiam
1832 3168 1920 3205 ac-

283 3245 474 3316 cipiat,
505 3248 605 3298 aut
637 3245 791 3316 juste
823 3245 1262 3300 excusationem.
1304 3245 1439 3299 Boni
1472 3261 1676 3316 nempe
1706 3250 1763 3300 et
1789 3261 1919 3299 vere

282 3337 590 3393 Christiani
618 3337 863 3393 hominis
894 3345 978 3394 est
1004 3355 1127 3394 rem
1153 3338 1334 3410 ipsam
1362 3338 1628 3393 omnibus
1658 3338 1921 3393 amicitiae

287 3449 350 3486 ac
386 3431 539 3503 pacis
563 3432 787 3504 legibus
823 3433 980 3505 prius
1023 3437 1240 3487 tentare
1277 3449 1447 3504 quam
1477 3432 1537 3485 in
1561 3431 1773 3503 judicio
1804 3432 1920 3503 (ubi

281 3525 616 3598 frequenter
663 3525 1050 3580 amarissimus
1091 3525 1301 3594 animas
1339 3542 1547 3580 rancor
1582 3525 1919 3597 innascitur)

284 3634 454 3673 suum
491 3619 586 3690 jus
628 3619 992 3691 pertinaciter
1031 3619 1292 3690 experiri.
1334 3619 1393 3674 Si
1430 3618 1557 3691 quis
1597 3619 1748 3672 enim
1790 3635 1921 3673 cum

286 3713 419 3780 Deo,
466 3713 565 3785 qui
612 3712 766 3785 pacis
810 3717 894 3769 est
936 3719 1151 3784 auctor,
1199 3713 1449 3768 habitare
1489 3712 1694 3784 cupiat,
1732 3711 1781 3768 ei
1829 3728 1923 3767 ne-

287 3823 439 3862 cesse
483 3811 568 3862 est
608 3811 668 3861 ut
701 3824 898 3879 pacem
935 3806 1204 3879 iuquirat.
1235 3806 1292 3861 Si
1334 3823 1471 3878 ergo
1518 3822 1677 3860 secus
1716 3807 1919 3878 egerit,

284 3900 356 3954 ab
394 3900 530 3972 ipsis
571 3905 628 3956 et
665 3901 734 3955 ab
771 3900 890 3955 aliis
923 3900 1329 3956 communione
1361 3901 1614 3972 privetur
1648 3904 1924 3972 tanquam

286 3995 672 4065 apostolorum
725 3996 1069 4066 Patrumque
1125 3995 1369 4049 aliorum
1418 3998 1792 4066 contemptor.
1847 3995 1924 4048 De

287 4088 495 4161 quibus
524 4090 602 4144 ait
625 4090 900 4162 propheta
929 4106 942 4145 :
977 4111 1004 4138 «
1034 4091 1214 4145 Erunt
1239 4089 1401 4161 quasi
1425 4106 1537 4144 non
1565 4088 1697 4157 sint,
1720 4093 1776 4143 et
1803 4105 1925 4160 per-

287 4183 455 4238 ibunt
479 4182 584 4238 viri
613 4183 711 4255 qui
741 4183 1135 4238 contradicunt
1156 4183 1308 4238 vobis
1340 4183 1492 4256 (1εαὶ.
1525 4199 1631 4251 xu,
1669 4183 1771 4253 tl).
1799 4201 1826 4234 »

363 4278 934 4332 ln‘sacramentorum
958 4294 1183 4350 quoque
1206 4277 1607 4347 oblationibus,
1629 4292 1756 4348 quae
1776 4275 1926 4331 inter

289 4370 594 4426 missarum
635 4370 910 4426 solemnia
952 4371 1189 4426 Domino
1228 4371 1566 4438 offeruntur,
1604 4370 1786 4442 passio
1819 4370 1925 4422 Do-

290 4464 433 4520 mini
461 4465 752 4520 miscenda
779 4468 884 4535 est,
923 4471 986 4520 ut
1015 4466 1158 4537 ejus,
1192 4466 1354 4537 cujus
1380 4481 1584 4537 corpus
1613 4469 1670 4520 et
1699 4463 1927 4535 sanguis

2017 1934 2215 1990 ﬁcabat
2268 1939 2436 2007 atque
2488 1936 2838 2004 mundabat,
2891 1937 3074 1992 multo
3124 1937 3304 2008 magis
3351 1953 3496 2008 aqua
3541 1936 3658 1992 sale

2015 2046 2240 2100 aspersa
2283 2029 2599 2102 divinisque
2642 2030 2904 2101 precibus
2933 2035 3170 2100 sacrata,
3211 2031 3492 2102 populum
3531 2049 3658 2085 san—

2016 2122 2224 2177 ctiﬁcat
2258 2125 2428 2195 atque
2471 2123 2730 2178 mundat.
2765 2125 2853 2192 Et,
2900 2124 2944 2178 si
2983 2122 3098 2178 sale
3129 2140 3358 2195 asperso
3393 2140 3501 2196 per
3542 2125 3656 2179 Eli-

2017 2232 2194 2270 saeum
2213 2216 2576 2288 pr0phetam,
2605 2216 2866 2272 sterilitas
2893 2233 3058 2289 aquae
3090 2219 3290 2271 sanata
3318 2222 3418 2284 est,
3443 2219 3656 2289 quanto

2017 2309 2197 2379 magis
2230 2309 2434 2364 divinis
2463 2310 2724 2381 precibus
2757 2314 3028 2377 sacratus,
3071 2309 3424 2365 sterilitatem
3465 2326 3657 2377 rerum

2016 2403 2201 2457 aufert
2232 2403 2643 2473 humanarum,
2682 2408 2740 2458 et
2779 2404 3176 2476 coinquinatos
3207 2404 3535 2473 sanctiﬁcat,
3565 2409 3654 2458 at-

2017 2512 2127 2568 que
2157 2497 2416 2564 mundat,
2449 2501 2505 2551 et
2545 2502 2844 2567 expurgat,
2881 2501 2936 2551 et
2965 2502 3169 2552 caetera
3198 2497 3343 2552 bona
3383 2497 3655 2568 multipli-

2019 2593 2124 2659 cat,
2171 2594 2228 2644 et
2269 2589 2502 2644 insidias
2545 2589 2753 2644 diaboli
2796 2590 3016 2659 avertit,
3065 2595 3121 2643 et
3163 2607 3197 2644 a
3241 2590 3660 2661 phantasmatis

2018 2681 2278 2737 versutiis
2321 2681 2616 2737 hominem
2655 2681 2942 2738 defendit!
2977 2683 3118 2736 Nam
3159 2681 3207 2736 si
3235 2687 3386 2737 tactu
3417 2681 3659 2737 ﬁmbrias

2019 2775 2340 2830 vestimenti
2394 2775 2695 2832 Salvatoris
2743 2776 2979 2831 salvatos
3030 2775 3293 2831 inﬁrmos
3356 2793 3478 2830 esse
3543 2793 3659 2831 non

2021 2869 2368 2938 dubitamus,
2429 2872 2642 2942 quanto
2696 2869 2882 2941 magis
2934 2871 3141 2924 virtute
3196 2885 3489 2925 sacrorum
3539 2869 3663 2940 ejus

2019 2963 2324 3018 verborum
2351 2963 2621 3019 divinitus
2644 2967 2939 3018 sacrantur
2955 2963 3264 3033 elementa,
3286 2963 3494 3034 quibus
3519 2964 3664 3018 sani-

2018 3061 2198 3112 tatem
2228 3057 2478 3128 corporis
2504 3063 2560 3112 et
2579 3057 2786 3111 animae
2812 3058 3064 3112 humana
3088 3056 3331 3129 percipit
3349 3057 3625 3128 fragilitas
3646 3057 3658 3111 l

2020 3151 2112 3204 His
2139 3167 2275 3222 ergo
2310 3155 2365 3206 et
2395 3151 2519 3204 aliis
2545 3151 2804 3205 instructi
2837 3151 3212 3216 documentis,
3251 3154 3382 3205 vota
3407 3150 3660 3222 singulo-

2019 3261 2150 3300 rum
2170 3243 2391 3298 Domini
2419 3244 2734 3299 sacerdotes
2759 3245 3045 3316 respicite,
3079 3247 3136 3300 et
3169 3244 3226 3298 in
3253 3245 3462 3300 virtute
3492 3243 3664 3315 Spiri-

2019 3342 2111 3392 tus
2150 3338 2330 3392 sancti
2367 3337 2570 3392 divinis
2611 3337 2894 3410 precibus,
2938 3353 3041 3408 per
3077 3337 3459 3393 ministerium
3503 3337 3664 3392 vobis

2022 3431 2289 3486 divinitus
2317 3432 2605 3501 collatum,
2637 3431 2912 3502 perﬁcere
2942 3434 3178 3486 certate.
3196 3433 3494 3498 Elementa
3518 3448 3661 3502 quo-

2023 3542 2152 3596 que,
2197 3529 2314 3579 tam
2346 3542 2415 3578 ea
2450 3541 2578 3596 quae
2620 3525 2988 3595 praediximus
3019 3541 3189 3596 quam
3228 3529 3432 3580 caetera
3463 3525 3667 3580 divinis

2023 3623 2154 3691 apta
2183 3618 2376 3672 usibus
2404 3623 2458 3673 et
2483 3617 2744 3672 humanis
2768 3617 3086 3672 necessaria
3115 3617 3542 3672 inﬁrmitatibus
3583 3635 3664 3672 sa-

2022 3717 2192 3783 crate,
2233 3712 2492 3766 inﬁrmos
2522 3713 2732 3782 curate,
2766 3716 2822 3766 et
2858 3716 3066 3766 caetera
3095 3726 3226 3782 quae
3255 3710 3328 3764 ad
3357 3727 3456 3765 vos
3487 3712 3664 3781 perti-

2024 3811 2164 3861 nent
2209 3805 2516 3878 diligenter
2558 3804 2834 3876 perﬁcite,
2883 3803 3002 3875 ipse
3054 3802 3211 3858 enim
3261 3803 3518 3860 Salvator
3571 3806 3668 3860 tri-

2021 3899 2250 3955 buendo
2291 3899 2452 3954 nobis
2493 3899 2836 3970 exemplum,
2884 3897 3174 3970 discipulis
3215 3898 3328 3952 suis
3367 3898 3489 3953 ait:
3533 3920 3561 3947 ‹‹
3603 3901 3666 3954 In

2023 3994 2256 4050 nomine
2278 4010 2405 4049 meo
2423 3992 2710 4049 daemonia
2729 3991 2943 4063 ejicite,
2964 3991 3226 4046 inﬁrmos
3246 3996 3459 4062 curate,
3485 4008 3670 4065 aegros

2024 4093 2239 4157 sanate,
2268 4088 2519 4160 leprosos
2549 4086 2847 4155 mundata,
2872 4091 2976 4140 etc.
3008 4086 3191 4156 Super
3215 4085 3471 4140 inﬁrmos
3497 4087 3668 4142 etiam

2025 4199 2230 4237 manus
2262 4181 2554 4254 imponite,
2590 4184 2647 4235 et
2674 4179 2820 4235 bene
2853 4179 3149 4234 habebunt
3179 4178 3370 4250 (Marc.
3401 4197 3514 4251 xvx,
3559 4182 3668 4252 17).

2098 4276 2294 4331 Fidem
2334 4291 2560 4347 quoque
2596 4278 2803 4329 sanctae
2839 4272 3128 4328 Trinitatis
3166 4273 3244 4327 sic
3281 4273 3601 4329 docendam
3639 4293 3674 4330 a

2026 4369 2284 4424 Patribus
2332 4367 2691 4441 accepimus,
2742 4367 3009 4439 vobisque
3045 4367 3388 4422 tradendam
3433 4367 3674 4424 subditis

2027 4463 2402 4519 destinamus.
2455 4461 2621 4516 Isaias
2669 4477 2917 4532 namque
2972 4461 3254 4532 pr0pheta
3297 4461 3377 4514 ait
3425 4478 3438 4516 :
3484 4483 3513 4511 «
3551 4461 3675 4517 Vidi

291 4559 609 4630 conﬁcitur,
636 4559 822 4631 passio
850 4559 1185 4631 celebretur,
1219 4559 1297 4614 ita
1325 4564 1408 4630 ut,
1439 4559 1684 4631 repulsis
1713 4559 1928 4630 opinio-
1947 4579 2008 4652 D
2030 4557 2338 4612 Dominum
2369 4556 2618 4612 Sabaoth
2648 4554 2945 4610 sedentem
2975 4570 3147 4625 super
3180 4555 3453 4608 thronum
3487 4556 3673 4609 excel-

291 4653 462 4709 nibus
501 4652 969 4726 superstitionum
1001 4654 1165 4726 panis
1207 4659 1430 4710 tantum
1470 4659 1528 4709 et
1561 4653 1758 4709 vinum
1785 4669 1930 4725 aqua

291 4747 634 4820 permistum
662 4747 722 4803 in
748 4748 1023 4804 sacriﬁcio
1050 4747 1383 4804 offerantur.
1409 4749 1531 4803 Non
1552 4747 1721 4804 debet
1749 4747 1928 4817 enim,

293 4845 357 4896 ut
384 4859 416 4896 a
439 4841 700 4897 Patribus
725 4841 1047 4915 accepimus
1072 4845 1130 4899 et
1151 4843 1273 4915 ipsa
1291 4843 1437 4898 ratio
1467 4843 1650 4912 docet,
1677 4841 1736 4896 in
1764 4841 1932 4897 calice

297 4936 543 5005 Domini,
573 4941 672 4992 aut
697 4936 892 4992 vinum
918 4937 1119 5007 solum,
1147 4942 1245 4994 aut
1273 4953 1420 5009 aqua
1446 4937 1564 4991 sola
1593 4935 1803 5004 offerri,
1833 4935 1930 4992 sed

302 5031 611 5098 utrumque
643 5025 1004 5098 permistum,
1027 5027 1160 5100 quia
1182 5031 1491 5100 utrumque
1520 5043 1586 5080 ex
1609 5026 1782 5082 latere
1810 5024 1933 5097 ejus

301 5121 357 5175 in
379 5121 647 5193 passione
669 5137 772 5175 sua
796 5121 1135 5192 profluxisse
1161 5122 1387 5194 legitur;
1410 5121 1535 5194 ipsa
1560 5137 1693 5175 vero
1716 5120 1935 5176 Veritas

301 5226 402 5264 nos
421 5209 655 5265 instruit
681 5209 920 5265 calicem
943 5215 1000 5266 et
1023 5227 1234 5283 panem
1255 5211 1316 5266 in
1337 5215 1685 5266 sacramento
1707 5209 1932 5280 offerre,

303 5301 529 5374 quando
560 5303 640 5358 ait
669 5319 681 5358 :
709 5322 738 5354 α
767 5305 993 5376 Accepit
1016 5306 1172 5360 Jesus
1195 5322 1404 5377 panem
1430 5309 1487 5360 et
1514 5303 1824 5373 benedixit,
1846 5304 1936 5358 de-

304 5397 493 5469 ditque
535 5396 825 5470 discipulis
863 5398 996 5468 suis,
1040 5398 1230 5456 dicens
1261 5416 1274 5454 :
1311 5399 1560 5472 Accipite
1600 5402 1656 5453 et
1692 5398 1934 5454 mandu-

306 5494 446 5558 cate,
487 5491 599 5546 hoc
637 5497 723 5547 est
763 5491 915 5547 enim
955 5509 1159 5566 corpus
1193 5510 1408 5565 meum,
1439 5493 1596 5566 quod
1636 5510 1740 5566 pro
1779 5492 1939 5548 vobis

309 5585 612 5640 tradetur.»
645 5585 923 5642 Similiter
949 5591 1250 5660 postquam
1279 5588 1533 5657 cenavit,
1561 5587 1778 5660 accepit
1803 5586 1936 5642 cali-

306 5695 444 5748 cem,
471 5666 748 5752 deditque
781 5679 1070 5754 discipulis
1107 5683 1242 5753 suis,
1279 5682 1471 5739 dicens
1502 5699 1515 5737 :
1555 5705 1580 5731 ‹‹
1609 5681 1857 5754 Accipite
1883 5684 1940 5736 et

307 5771 479 5830 bibite
503 5791 567 5829 ex
590 5790 658 5829 eo
688 5791 908 5844 omnes,
938 5775 1073 5848 quia
1099 5775 1191 5831 hic
1219 5781 1303 5833 est
1328 5777 1466 5832 calix
1486 5776 1783 5849 sanguinis
1807 5775 1937 5846 mei,

308 5867 402 5940 qui
441 5885 545 5940 pro
578 5867 734 5923 vobis
766 5870 1033 5925 fundatur
1067 5870 1124 5926 in
1159 5872 1549 5927 remissionem
1579 5877 1938 5945 peccatorum

2031 4667 2180 4720 sum,
2219 4654 2275 4705 et
2305 4648 2584 4722 Seraphin
2624 4648 2847 4704 stabant
2875 4648 2933 4702 in
2971 4647 3208 4702 circuitu
3248 4647 3386 4716 ejus,
3426 4664 3526 4701 sex
3567 4647 3675 4702 alas

2030 4744 2150 4813 uni,
2180 4747 2236 4800 et
2260 4759 2355 4799 sex
2383 4743 2488 4797 alae
2517 4741 2706 4812 alteri,
2743 4741 2965 4796 duabus
3003 4740 3265 4794 velabant
3293 4736 3498 4794 faciem
3530 4739 3676 4812 ejus,

2031 4839 2247 4894 duabus
2272 4837 2558 4904 volabant,
2583 4839 2641 4890 et
2668 4833 2993 4889 clamabant
3015 4833 3088 4888 ad
3109 4834 3466 4902 alterutrum,
3490 4834 3682 4890 dicen-

2033 4939 2116 4989 tes
2153 4950 2166 4987 :
2215 4933 2470 5000 Sanctus,
2513 4933 2757 4998 sanctus,
2812 4930 3040 4983 sanctus
3077 4925 3347 4983 Dominus
3387 4928 3532 4984 Deus
3575 4929 3681 4996 Sa:

2033 5027 2204 5083 baoth
2237 5027 2382 5098 (Isai.
2423 5042 2497 5095 v1,
2534 5025 2601 5096 l).
2642 5046 2668 5073 »
2711 5021 2764 5078 Si
2801 5022 3047 5078 Trinitas
3079 5037 3194 5078 non
3223 5026 3322 5091 est,
3354 5037 3533 5099 quare
3563 5028 3679 5086 ter-

2034 5119 2110 5178 tio
2137 5125 2363 5177 sanctus
2385 5115 2676 5174 dixerunt?
2698 5118 2798 5172 aut
2823 5116 2869 5172 si
2895 5115 3080 5173 unitas
3106 5133 3224 5175 non
3248 5125 3353 5192 est,
3377 5139 3553 5195 quare
3577 5127 3680 5181 sub

2037 5216 2184 5271 trina
2207 5214 2550 5288 repetitione
2586 5229 2767 5268 unum
2802 5213 2983 5268 Deum
3015 5229 3080 5268 ac
3112 5215 3422 5272 Dominum
3447 5217 3681 5274 intima-

2035 5311 2274 5365 verunt?
2304 5309 2358 5365 Si
2400 5308 2644 5364 Trinitas
2674 5323 2788 5362 non
2829 5311 2932 5376 est,
2976 5324 3081 5362 cur
3123 5308 3183 5364 in
3219 5309 3504 5366 Geneseos
3542 5314 3684 5368 libro

2037 5402 2284 5459 dicitur:
2318 5401 2465 5457 Dixit
2508 5404 2674 5472 Deus,
2716 5401 2852 5457 fecit
2895 5402 3049 5456 Deus
3093 5407 3149 5458 et
3175 5403 3465 5461 benedixit
3499 5408 3687 5462 Deus?

2039 5497 2095 5553 Si
2132 5497 2317 5552 unitas
2346 5511 2462 5550 non
2503 5491 2607 5564 est,
2641 5513 2816 5568 quare
2853 5495 3022 5552 tertio
3067 5496 3211 5552 dixit
3241 5515 3254 5553 :
3286 5499 3436 5555 Deus
3467 5505 3524 5555 et
3552 5502 3686 5556 deos

2038 5589 2243 5664 plurali
2282 5605 2520 5645 numero
2559 5607 2676 5645 non
2717 5591 3182 5647 commendavit?
3213 5592 3273 5648 Si
3301 5594 3541 5648 Trinitas
3570 5611 3684 5650 non

2041 5690 2144 5756 est,
2181 5700 2354 5757 quare
2382 5684 2440 5737 in
2474 5684 2667 5738 Exodo
2695 5685 2908 5739 dictum
2948 5687 3032 5740 est
3071 5686 3238 5741 tertio
3271 5683 3287 5740 έ
3317 5687 3548 5740 Domine
3581 5689 3684 5741 Do-

2041 5779 2216 5849 mine,
2261 5778 2560 5834 miserator
2598 5783 2655 5834 et
2697 5777 3060 5834 misericors?
3101 5780 3159 5835 Si
3203 5779 3386 5834 unitas
3420 5795 3533 5834 non
3575 5786 3679 5849 cst,

2043 5891 2216 5947 quare
2246 5872 2382 5928 dum
2414 5873 2604 5944 tertio,
2638 5891 2670 5926 ο
2702 5873 2958 5943 Domine,
3004 5874 3236 5942 diceret,
3271 5877 3461 5944 postea
3492 5874 3685 5947 singu-
