4068 6316
419 313 484 365 95
1314 309 1596 364 APPEND.
1639 308 1726 362 AD
1766 308 1926 363 S/EC.
1971 309 2057 362 IX.
2091 336 2158 349 ——
2191 307 2437 364 ISIDORI
2475 305 2898 361 MERCATORIS
3714 305 3784 355 96

418 417 618 471 lariter
641 415 938 472 miserator
964 415 1123 486 dixit,
1148 420 1343 500 etnon
1368 415 1740 485 miseratorcs,
1768 420 1833 469 ut
1856 415 2050 486 plures
2071 416 2264 500 Avit?
2311 415 2364 471 Si
2407 415 2647 470 Trinitas
2690 430 2806 468 non
2853 417 2955 480 est,
3003 427 3176 484 quare
3222 412 3282 466 in
3323 410 3529 465 eodem
3576 408 3785 463 dicitur

420 510 770 579 ostenderet,
836 509 1154 564 intimavit?
1177 477 1262 599 I'Si
1311 509 1552 564 Trinitas
1602 525 1719 563 non
1769 512 1882 576 est,
1950 525 2051 562 cur

417 604 702 658 Abraham
741 603 812 657 ad
853 603 1039 658 ilicem
1088 602 1337 657 Mambre
1381 602 1580 656 sedens
1617 601 1909 672 tribusque
1953 617 2049 656 oc-

418 712 671 766 currens,
695 695 816 767 uni,
840 696 1099 765 Domine,
1130 695 1289 764 dixit,
1315 698 1372 749 et
1402 711 1519 749 non
1547 699 1609 748 ut
1633 693 1849 749 viderat
1872 693 2051 749 tribus

417 788 765 845 salutationis
795 789 1128 860 obsequium
1167 786 1458 842 reddidit?
1488 787 1544 842 Si
1577 787 1764 842 unitas
1793 804 1908 842 non
1945 793 2047 856 est,

418 898 520 937 cur
547 899 677 936 cum
697 883 866 953 Moysi
894 884 1038 936 Deus
1063 880 1349 935 Abraham
1380 885 1436 935 et
1464 881 1612 935 Deus
1641 882 1790 935 Isaac
1820 885 1876 935 et
1902 883 2050 935 Deus

418 974 602 1042 Iacob,
624 975 793 1031 tertio
825 974 1055 1043 diceret,
1079 973 1362 1029 unitatem
1394 973 1698 1028 ostendens
1728 990 1740 1028 :
1769 974 1876 1028 hoc
1905 973 2048 1028 mihi

418 1083 630 1123 nomen
656 1083 794 1132 esse,
822 1067 980 1134 dixit,
1012 1071 1068 1120 et
1095 1083 1232 1135 non,
1261 1067 1386 1120 haec
1413 1071 1544 1120 sunt
1571 1069 1765 1121 nostra
1791 1067 2046 1136 nomina,

419 1159 775 1230 designavit?
805 1159 862 1214 Si
900 1158 1146 1214 Trinitas
1185 1176 1302 1214 non
1341 1163 1444 1227 est,
1478 1175 1652 1230 quare
1683 1160 1860 1214 David
1885 1161 2050 1214 tertio

417 1253 591 1308 dixit:
628 1271 656 1303 ‹‹
688 1252 987 1316 Benedicat
1013 1268 1119 1306 nos
1145 1253 1312 1319 Deus,
1335 1253 1482 1306 Deus
1507 1257 1721 1322 noster,
1749 1252 2052 1307 benedicat

419 1363 520 1400 nos
550 1346 694 1400 Deus
726 1345 894 1416 (Psal.
928 1360 1072 1414 LXVI,
1110 1344 1191 1414 8)?
1214 1365 1240 1393 n
1274 1345 1332 1400 Si
1360 1345 1549 1399 unitas
1577 1361 1692 1399 non
1735 1349 1839 1413 est,
1872 1361 2064 1418 quare.

417 1455 547 1494 cum
574 1437 742 1492 tertio
767 1438 945 1492 Deum
968 1438 1338 1507 nominasset,
1360 1437 1657 1492 benedicat
1674 1437 1836 1507 dixit,
1860 1441 1919 1492 et
1935 1455 2050 1493 non

416 1531 777 1598 benedicant,
804 1531 1102 1602 adjunxit?
1129 1531 1182 1586 Si
1209 1531 1452 1586 Trinitas
1480 1548 1595 1586 non
1622 1535 1726 1601 est,
1759 1547 1860 1585 cur
1885 1531 2051 1586 Isaias

417 1625 605 1680 denuo
634 1623 813 1678 dixit:
849 1642 876 1675 ‹‹
907 1624 1181 1679 Dominus
1216 1624 1365 1678 Deus
1402 1624 1672 1692 Sabaoth,
1709 1624 1853 1679 Deus
1882 1624 2050 1681 Israel

417 1718 516 1790 qui
560 1717 721 1772 sedes
764 1734 935 1788 super
971 1717 1276 1775 Cherubim
1322 1719 1466 1788 (Isai.
1507 1733 1713 1785 xxxvn,
1759 1719 1882 1788 I8)?
1922 1738 1949 1766 »
1993 1717 2049 1772 Si

2151 510 2298 564 libro
2323 526 2336 564 :
2363 527 2391 561 «
2420 508 2696 563 Dominus
2717 507 2862 561 Deus
2888 511 3038 574 tuus,
3062 507 3210 560 Deus
3235 520 3482 575 magnus
3503 506 3560 557 et
3578 505 3785 574 potens

2151 602 2273 658 est?
2315 624 2342 653 ››
2383 602 2439 658 Si
2479 601 2670 655 unitas
2705 617 2819 654 non
2858 604 2961 669 est,
2990 616 3168 671 quare
3205 615 3452 669 magnus
3486 600 3544 651 et
3585 601 3785 667 potens

2149 695 2440 767 pluraliter
2467 711 2584 749 non
2615 693 2993 749 nominatur?
3027 693 3081 748 Si
3114 693 3353 747 Trinitas
3391 708 3506 745 non
3547 693 3651 758 est,
3684 706 3784 744 cur

2150 789 2348 844 Tobias
2392 805 2524 842 cum
2569 787 2751 842 filium
2797 803 2963 841 suum
3005 786 3064 840 in
3107 787 3289 857 Rages
3325 785 3610 839 civitatem
3647 798 3780 838 cum

2152 882 2403 953 Raphael
2445 882 2790 952 archangelo
2831 880 3115 947 mitteret,
3151 878 3496 933 benedicens
3536 894 3661 944 eos,
3703 877 3783 931 ita

2151 975 2356 1030 dixisse
2383 975 2619 1030 docetur
2651 991 2664 1029 :
2695 993 2723 1025 «
2752 975 2901 1028 Deus
2933 973 3236 1040 Abraham,
3271 975 3328 1026 et
3357 973 3505 1026 Deus
3532 973 3699 1040 Isaac,
3728 975 3785 1024 et

2149 1069 2296 1125 Deus
2337 1069 2505 1123 Iacob
2548 1068 2669 1139 ipse
2720 1067 2957 1138 impleat
3000 1065 3462 1121 benedictionem
3511 1081 3670 1119 suam
3723 1064 3782 1118 in

2150 1161 2349 1217 vobis?
2375 1173 2412 1211 »‘
2435 1161 2490 1217 Si
2519 1161 2711 1216 unitas
2736 1177 2852 1215 non
2883 1164 2986 1228 est,
3014 1175 3192 1231 quare
3217 1159 3336 1230 ipse
3363 1159 3593 1229 impleat
3615 1157 3780 1224 dixit,

2151 1259 2210 1311 et
2238 1271 2354 1310 non
2385 1254 2493 1326 ipsi
2517 1254 2796 1326 impleant
2820 1252 3137 1308 intimavit?
3164 1254 3448 1307 Postremo
3469 1251 3514 1305 si
3539 1250 3785 1305 Trinitas

2150 1364 2263 1403 non
2309 1350 2431 1417 est,
2476 1363 2650 1419 quare
2699 1347 2976 1402 Dominus
3023 1346 3331 1416 discipulos
3383 1361 3512 1399 suos
3569 1343 3628 1398 in
3675 1360 3780 1396 no-

2149 1439 2305 1496 mine
2348 1440 2545 1508 Patris,
2590 1443 2647 1494 et
2693 1439 2836 1506 Filii,
2880 1443 2935 1494 et
2979 1438 3221 1510 Spiritus
3263 1438 3442 1492 sancti
3493 1437 3785 1491 universas

2151 1539 2348 1606 gentes
2376 1533 2530 1589 misit
2566 1532 2895 1604 baptizare?
2920 1532 2974 1587 Si
3003 1531 3191 1586 unitas
3227 1548 3341 1585 non
3372 1535 3473 1597 est,
3510 1546 3685 1601 quare
3723 1530 3784 1584 in

2152 1628 2384 1682 nomine
2415 1627 2578 1696 dixit,
2597 1631 2653 1682 et
2674 1643 2788 1681 non
2816 1626 2876 1680 in
2905 1625 3228 1680 nominibus
3252 1624 3632 1695 praacipiendo
3651 1639 3784 1693 per-

2151 1721 2363 1775 docuit.
2399 1720 2458 1775 Si
2488 1719 2729 1774 Trinitas
2757 1735 2870 1774 non
2902 1722 3016 1785 est,
3050 1734 3227 1789 quare
3257 1717 3460 1771 Paulus
3495 1716 3787 1787 apostolus

418 1811 603 1866 unitas
640 1827 755 1866 non
801 1814 911 1880 est,
966 1827 1068 1865 cur
1122 1811 1218 1881 qui
1270 1811 1428 1868 sedes
1477 1811 1616 1866 dixit
1667 1815 1725 1866 et
1783 1829 1896 1865 non
1950 1798 2271 1882 quiBait:
2309 1835 2335 1862 ‹‹
2370 1814 2450 1867 Ex
2493 1813 2634 1884 ipso,
2676 1817 2732 1867 et
2770 1829 2875 1883 per
2916 1811 3101 1882 ipsum
3134 1815 3190 1865 et
3227 1811 3286 1866 in
3328 1810 3451 1881 ipso
3490 1814 3622 1864 sunt
3659 1825 3782 1864 om-

419 1904 628 1960 sedetis
666 1903 940 1960 astruxit?
980 1905 1039 1958 Si
1075 1904 1322 1959 Trinitas
1363 1921 1478 1961 non
1519 1910 1622 1972 est,
1665 1921 1766 1960 cur
1806 1905 1866 1959 in
1901 1904 2046 1959 libro

421 1999 746 2068 Regnorum
761 1995 968 2052 dicitur
983 2017 999 2051 :
1018 2016 1044 2048 ‹‹
1066 1997 1330 2067 Domine,
1350 1998 1498 2053 Deus
1514 1999 2049 2070 omnipotens,Deus

415 2091 609 2158 Israel,
633 2105 924 2147 sermones
943 2090 1029 2144 tui
1053 2073 1250 2145 ﬁdeles
1275 2091 1492 2145 sunt?»
1516 2090 1574 2145 Si
1603 2091 1784 2146 unitas
1803 2107 1921 2147 non
1943 2095 2047 2159 est,

421 2199 522 2238 cur
556 2182 640 2238 tui
683 2183 886 2238 dicitur
916 2186 972 2239 et
1012 2199 1128 2237 non
1171 2183 1340 2238 vestri
1385 2184 1571 2254 potius
1615 2184 1961 2239 intimatur?
1995 2182 2049 2239 Si

419 2275 658 2332 Trinitas
705 2293 820 2331 non
870 2282 981 2342 est,
1038 2293 1140 2331 cur
1191 2278 1253 2332 in
1309 2277 1525 2348 psalmo
1579 2277 2050 2349 quinquagesimo

421 2378 613 2425 octavo
661 2372 945 2437 cantatur,
993 2389 1020 2422 ς(
1066 2370 1304 2424 Domine
1357 2371 1504 2424 Deus
1549 2369 1856 2438 virtutum,
1906 2371 2051 2426 Deus

420 2460 606 2528 Israel,
656 2459 889 2514 intende
930 2459 1002 2512 ad
1048 2458 1350 2513 visitandas
1395 2475 1592 2514 omnes
1635 2461 1875 2530 gentes?
1918 2479 1945 2511 »
1995 2459 2049 2515 Si

419 2553 604 2608 unitas
634 2569 748 2606 non
777 2555 881 2621 est,
912 2568 1014 2606 cur
1039 2551 1269 2607 intende
1300 2551 1488 2622 posuit
1522 2557 1578 2608 et
1605 2562 1719 2608 non
1750 2553 2046 2623 intendite,

416 2650 481 2702 ut
507 2645 850 2718 praedicatus
875 2650 959 2700 est
985 2645 1266 2699 intimavit
1282 2646 1309 2699 ?
1334 2645 1388 2701 Si
1417 2646 1656 2701 Trinitas
1684 2663 1797 2701 non
1824 2651 1928 2712 est,
1951 2663 2052 2701 cur

418 2741 478 2794 in
505 2739 840 2810 Apocalypsi
862 2739 1032 2793 tertio
1061 2739 1200 2794 dixit
1226 2757 1238 2792 :
1273 2760 1300 2788 «
1332 2740 1565 2794 Sanctus
1600 2740 1874 2793 Dominus
1903 2741 2050 2795 Deus

419 2833 818 2903 omnipotens,
876 2831 974 2903 qui
1031 2837 1142 2898 est,
1203 2837 1259 2888 et
1305 2831 1403 2902 qui
1465 2833 1626 2886 erat?
1675 2854 1702 2882 »
1752 2833 1805 2888 Si
1861 2833 2051 2888 unitas

2147 1906 2292 1962 nia?
2335 1927 2363 1956 »
2405 1906 2461 1961 Si
2500 1906 2691 1961 unitas
2731 1922 2848 1959 non
2890 1908 2995 1973 est,
3035 1921 3209 1975 quare
3248 1921 3317 1958 ex
3356 1903 3479 1974 ipso
3509 1901 3698 1974 posuit
3729 1908 3789 1957 et

2149 2017 2267 2055 non
2294 2015 2361 2056 ex
2388 2000 2523 2071 ipsis
2553 1999 2830 2054 astruxit?
2862 1998 2921 2053 Si
2947 1996 3102 2053 enim
3130 2002 3284 2052 certo
3317 1997 3521 2051 certius
3547 1995 3790 2051 volueri-

2149 2095 2221 2148 tis
2259 2094 2537 2149 unitatem
2570 2093 2858 2147 Trinitatis
2895 2107 3223 2162 agnoscere,
3258 2107 3290 2144 a
3319 2106 3466 2161 saepe
3497 2089 3646 2143 dicto
3680 2089 3785 2142 do-

2151 2192 2304 2243 ctore
2332 2188 2586 2257 gentium
2614 2186 2886 2258 Apostolo
2915 2184 3148 2256 potestis
3171 2183 3437 2242 universa
3460 2183 3786 2238 condiscere

2151 2285 2208 2337 et
2243 2282 2401 2353 sequi
2434 2280 2770 2336 catholicam
2802 2279 2997 2345 ﬁdem,
3026 2283 3082 2332 et
3111 2279 3320 2333 horum
3350 2293 3619 2348 respuere
3649 2293 3782 2347 pra-

2149 2374 2400 2430 vitatem.
2444 2373 2632 2429 Gratia
2670 2372 2893 2428 Domini
2930 2371 3107 2426 nostri
3137 2373 3268 2426 Iesu
3310 2370 3514 2426 Christi
3561 2370 3783 2440 (inquit)

2150 2474 2207 2522 et
2231 2466 2598 2544 Charitas-Dei
2627 2469 2710 2520 est
2735 2464 3179 2520 communicatio
3207 2464 3382 2518 sancti
3404 2464 3644 2534 Spiritus
3664 2463 3788 2533 ipsa

2151 2564 2208 2616 et
2254 2562 2433 2616 Patris
2479 2565 2536 2616 et
2578 2559 2720 2629 Filii,
2763 2562 2820 2613 et
2865 2558 3102 2629 Spiritus
3143 2558 3320 2612 sancti
3370 2557 3567 2629 gratia,
3610 2562 3666 2612 et
3708 2557 3788 2610 sic

2150 2655 2323 2711 ﬁdem
2349 2658 2553 2709 sanctas
2581 2652 2866 2708 Trinitatis
2896 2656 2953 2706 et
2980 2651 3298 2722 intelligere
3331 2657 3387 2706 et
3422 2652 3645 2718 docere,
3673 2650 3784 2704 Do-

2150 2748 2306 2802 mino
2331 2746 2658 2818 adjuvante,
2689 2745 2938 2817 pleniter
2961 2745 3211 2816 potestis.

2223 2840 2436 2896 Idcirco
2470 2839 2665 2910 igitur,
2694 2838 3033 2906 charissimi,
3066 2838 3204 2892 fidei
3232 2839 3460 2909 regulas
3482 2837 3643 2908 juxta
3672 2838 3785 2892 hu-

418 2942 538 2980 non
575 2930 678 2995 est,
725 2940 900 2996 quare
941 2923 1039 2996 qui
1077 2930 1162 2980 est
1198 2929 1256 2979 et
1290 2941 1408 2980 non
1449 2925 1546 2996 qui
1586 2928 1717 2980 sunt
1753 2926 2052 2997 pluraliter
2142 2936 2240 3006 jus
2270 2933 2521 3005 epistolae
2548 2935 2723 2988 ﬁnem
2748 2932 3060 3004 posuimus,
3091 2935 3154 2985 ut
3189 2931 3248 2987 in
3280 2932 3401 3002 ejus
3427 2931 3785 2986 confessione

423 3017 796 3089 designatur?
832 3018 886 3073 Si
926 3017 1165 3073 Trinitas
1195 3034 1313 3072 non
1351 3023 1450 3086 est,
1485 3035 1657 3090 quare
1687 3018 1747 3073 in
1787 3020 2052 3075 Deutero-

2150 3027 2393 3083 ﬁdeliter
2425 3042 2868 3098 perseveremus,
2909 3031 2984 3094 et,
3023 3025 3266 3080 Domino
3312 3025 3637 3092 auxiliante,
3679 3025 3784 3079 bo-

420 3112 616 3167 nomio
642 3111 856 3166 dictum
884 3116 970 3167 est
995 3129 1009 3166 :
1041 3131 1070 3163 «
1097 3111 1367 3166 Dominus
1394 3113 1541 3167 Deus
1577 3117 1707 3167 tuus
1733 3113 2051 3170 misericors
2073 3163 2122 3189 η
2149 3138 2287 3177 nam
2316 3121 2488 3176 ﬁdem
2512 3120 2722 3175 habere
2749 3137 3098 3175 mereamur.
3129 3140 3155 3170 ‹‹
3185 3118 3518 3189 Quicunque
3543 3119 3788 3174 voluerit

998 3163 1007 3166 -
1098 3163 1127 3166 _
1396 3163 1427 3166 _
1449 3163 1537 3167 ηε
1584 3163 1702 3167 ως--
1734 3163 2048 3170 --ηπ-η---
2316 3163 2488 3176 nec...
2514 3163 2722 3175 ...........
2750 3163 3098 3175 ...ωνωμμυ
3130 3163 3155 3170 -.
3188 3163 3518 3189 “Nam?”
3555 3163 3785 3174 mm...

421 3209 509 3260 est
529 3208 585 3261 et
607 3205 798 3260 audiet
822 3222 1019 3260 vocem
1043 3210 1201 3260 tuam
1217 3205 1244 3260 ?
1268 3228 1295 3255 η
1318 3205 1372 3261 Si
1395 3207 1582 3261 unitas
1606 3223 1725 3262 non
1747 3212 1851 3276 est,
1876 3224 2050 3278 quare
2069 3163 2125 3239 Ο
2152 3231 2272 3270 esse
2299 3215 2515 3270 amicus
2540 3214 2732 3269 saeculi
2762 3215 2950 3284 hujus,
2982 3212 3243 3267 inimicus
3272 3211 3370 3266 Dei
3396 3211 3785 3268 constituitur.

419 3298 612 3372 posuit
637 3298 849 3370 audiet,
886 3303 942 3356 et
980 3316 1092 3354 non
1120 3300 1353 3356 audient
1380 3299 1698 3356 intimavit?
1731 3301 1787 3356 Si
1810 3301 2051 3357 Trinitas
2149 3313 2232 3364 An
2271 3308 2482 3380 putatis
2527 3308 2664 3380 quia
2703 3308 2954 3363 inaniter
2988 3306 3277 3378 Scriptura
3307 3305 3488 3360 dixit:
3527 3305 3599 3358 ad
3639 3304 3786 3359 invi-

421 3410 536 3449 non
555 3399 658 3464 est,
684 3409 860 3465 quare
881 3392 940 3449 in
961 3394 1092 3448 Iesu
1117 3395 1264 3449 Nave
1287 3393 1497 3449 dicitur
1515 3394 1659 3450 libro
1689 3413 1702 3449 :
1731 3414 1758 3446 «
1784 3395 2052 3450 Dominus

417 3489 567 3543 Deus
587 3487 827 3542 deorum
847 3491 932 3543 est
949 3487 977 3542 ?
997 3509 1026 3538 »
1046 3487 1104 3544 Si
1120 3487 1311 3543 unitas
1325 3503 1439 3543 non
1459 3493 1563 3557 est,
1587 3505 1765 3561 quare
1787 3494 1870 3544 est
1884 3489 2046 3561 dixit,

420 3587 476 3637 et
510 3598 628 3637 non
665 3587 817 3652 sunt,
861 3598 1023 3637 more
1062 3581 1387 3651 locutionis,
1413 3582 1681 3638 induxit?
1711 3582 1772 3638 Si
1807 3583 2051 3638 Trinitas

417 3692 533 3732 non
573 3679 676 3744 est,
717 3692 891 3747 quare
935 3676 1080 3730 Elias
1121 3676 1409 3748 loquendo
1446 3677 1508 3730 in
1549 3676 1836 3746 oratione;
1878 3695 1906 3728 «
1941 3678 2047 3732 Do-

418 3770 594 3839 mine,
624 3770 862 3824 Domine
887 3769 1032 3823 Deus
1062 3770 1231 3823 Israel
1265 3768 1523 3836 ostende,
1551 3769 1685 3840 quia
1723 3773 1782 3823 tu
1823 3786 1882 3823 es
1905 3771 2052 3825 Deus

418 3879 583 3918 meus
615 3862 787 3917 dixit?
827 3882 855 3911 n
889 3861 941 3916 Si
971 3861 1159 3916 unitas
1196 3878 1313 3915 non
1349 3866 1452 3929 est,
1485 3879 1659 3933 quare
1688 3863 1922 3918 ostende
1947 3881 2048 3935 po-

421 3956 563 4026 suit,
611 3960 669 4010 et
713 3970 830 4009 non
883 3953 1208 4009 ostendite?
1253 3954 1307 4010 Si
1351 3953 1590 4010 Trinitas
1629 3972 1745 4011 non
1793 3961 1906 4024 est,
1953 3974 2056 4012 cur

418 4048 804 4105 Mardochasus
830 4047 1043 4102 orando
1073 4064 1087 4101 :
1124 4069 1152 4096 «
1181 4047 1419 4102 Domine
1447 4049 1706 4120 Domine,
1739 4051 1885 4104 Deus
1921 4067 2048 4105 om-

420 4143 707 4212 nipotens,
753 4140 948 4194 omnia
987 4140 1044 4193 in
1086 4143 1364 4211 potestate
1408 4144 1503 4195 tua
1543 4146 1674 4196 sunt
1713 4143 1896 4198 dixit?
1927 4163 1955 4195 »
1994 4145 2050 4200 Si

422 4235 608 4288 unitas
632 4250 748 4289 non
779 4238 883 4302 est,
910 4249 1085 4305 quare
1111 4233 1169 4288 in
1197 4237 1292 4288 tua
1317 4235 1526 4306 posuit,
1557 4239 1613 4290 et
1636 4253 1752 4291 non
1781 4238 1839 4291 in
1865 4241 2051 4291 vestra

421 4326 708 4399 signavit?
761 4327 816 4383 Si
863 4328 1104 4383 Trinitas
1160 4345 1275 4383 non
1317 4333 1430 4399 est,
1487 4345 1589 4384 cur
1635 4330 1805 4384 etiam
1857 4331 2049 4384 Iudith

420 4423 632 4478 orando
673 4421 815 4477 dixit
863 4439 877 4477 :
927 4446 953 4471 ‹‹
1001 4422 1255 4493 Domine,
1303 4423 1560 4492 Domine,
1603 4425 1750 4478 Deus
1788 4423 2048 4478 omnium

420 4514 714 4587 virtutum,
753 4515 967 4588 respice
1000 4516 1058 4570 in
1093 4517 1406 4572 orationem
1435 4534 1622 4573 meam
1644 4517 1671 4571 ?
1703 4537 1730 4570 »
1765 4517 1821 4572 Si
1862 4517 2049 4572 unitas

419 4626 533 4666 non
561 4615 664 4678 est,
700 4626 876 4683 quare
913 4611 1125 4681 respice
1162 4616 1218 4666 et
1245 4629 1362 4666 non
1402 4611 1663 4683 respicite
1697 4610 2050 4682 designavit?

419 4705 475 4760 Si
500 4704 739 4760 Trinitas
767 4721 884 4759 non
915 4709 1017 4774 est,
1048 4721 1221 4776 quare
1251 4705 1310 4760 in
1338 4704 1578 4760 Ieremia
1608 4703 1815 4759 dicitur
1840 4721 1853 4759 :
1889 4724 1915 4755 ι(
1946 4705 2051 4759 Do-

418 4798 609 4852 minus
639 4800 785 4854 Deus
821 4803 1025 4870 vester,
1056 4799 1203 4854 Deus
1235 4813 1403 4852 verax
1431 4799 1557 4852 est?
1586 4817 1614 4847 η
1645 4797 1700 4853 Si
1727 4799 1911 4852 unitas
1936 4815 2050 4853 non

420 4895 527 4960 est,
557 4908 730 4962 quare
760 4908 925 4945 verax
961 4895 1044 4947 est
1075 4893 1233 4962 dixit,
1265 4895 1322 4946 et
1351 4907 1466 4944 non
1499 4906 1728 4944 veraces
1754 4891 1941 4962 potius
1973 4892 2052 4945 in-

419 4983 682 5038 timavit?
712 4983 766 5038 Si
803 4984 1044 5039 Trinitas
1084 5003 1201 5040 non
1244 4986 1348 5053 est,
1389 4998 1569 5054 quare
1612 4982 1671 5035 in
1714 4984 2051 5055 Apocalypsi

319 5117 332 5125 .
419 5077 695 5147 scriptum
727 5081 809 5132 est
841 5095 853 5132 :
887 5078 1210 5132 «Dominus
1236 5077 1383 5130 Deus
1409 5081 1466 5130 et
1494 5074 1724 5146 spiritus
1749 5077 2051 5149 propheta-

419 5186 570 5238 rum,
589 5169 747 5226 misit
772 5173 1044 5243 angelum
1075 5186 1242 5224 suum
1267 5169 1571 5225 ostendere
1593 5170 1766 5225 servis
1787 5171 1901 5226 suis
1920 5189 2047 5244 quae

420 5267 645 5336 oportet
663 5265 783 5319 ﬁeri
803 5265 913 5320 cito
925 5266 952 5319 ?
972 5287 999 5315 ››
1015 5264 1070 5320 Si
1091 5263 1279 5318 unitas
1295 5280 1408 5318 non
1431 5269 1533 5332 est,
1553 5280 1654 5319 cur
1675 5282 1804 5320 cum
1821 5267 2049 5322 Patrem

422 5362 480 5413 et
519 5357 723 5414 Filium
765 5365 822 5414 et
865 5358 1136 5430 Spiritum
1181 5361 1435 5414 sanctum
1479 5359 1847 5430 nominasset,
1893 5361 2049 5416 misit

421 5451 583 5522 dixit,
618 5457 674 5507 et
703 5469 817 5507 non
858 5451 1142 5506 miserunt
1175 5450 1280 5504 sub
1311 5455 1619 5522 praataxato
1651 5454 1824 5508 trium
1859 5471 2048 5526 perso-

419 5562 625 5602 narum
659 5553 716 5603 et
748 5545 1049 5601 nominum
1075 5560 1315 5599 numero
1343 5544 1676 5602 introduxit.
1708 5548 1766 5603 Si
1801 5548 2047 5603 Trinitas

422 5657 536 5694 non
575 5645 678 5708 est,
719 5657 898 5712 quare
936 5639 994 5692 in
1030 5639 1468 5694 Deuteronomio
1501 5639 1636 5694 dicit
1671 5658 1683 5695 :
1721 5663 1747 5691 ‹‹
1776 5643 2046 5698 Dominus

420 5735 570 5789 Deus
603 5739 787 5790 vester
810 5734 904 5787 hic
935 5734 1037 5787 est.
1079 5751 1106 5783 »
1145 5732 1196 5787 Si
1232 5733 1418 5787 unitas
1454 5750 1572 5788 non
1610 5740 1712 5804 est,
1746 5753 1919 5808 quare
1957 5736 2046 5792 hic

421 5831 505 5890 est
537 5828 692 5899 dixit,
735 5832 793 5883 et
833 5844 947 5884 non
988 5825 1047 5881 hi
1090 5831 1222 5882 sunt
1259 5827 1464 5901 plurali
1513 5843 1755 5883 numero
1795 5831 2046 5904 designa-

2153 3401 2307 3457 diam
2345 3401 2694 3472 concupiscit
2725 3402 2954 3472 spiritus
2987 3400 3084 3471 qui
3111 3399 3329 3454 habitat
3357 3397 3414 3453 in
3443 3397 3641 3453 vobis?
3670 3399 3784 3454 Ma-

2143 3495 2329 3566 jorem
2352 3502 2545 3550 autem
2569 3495 2663 3550 dat
2676 3495 2942 3566 gratiam,
2962 3498 3197 3564 prOpter
3210 3491 3362 3562 quod
3385 3491 3593 3548 dicitur
3610 3509 3622 3546 :
3639 3493 3786 3547 Deus

2149 3589 2405 3661 superbis
2425 3589 2655 3658 resistit,
2680 3587 2992 3642 humilibus
3012 3589 3204 3639 autem
3235 3585 3333 3638 dat
3353 3586 3616 3655 gratiam.
3641 3582 3782 3641 Sub-

2151 3682 2254 3737 diti
2287 3683 2462 3754 igitur
2507 3685 2686 3737 estote
2735 3684 2871 3747 Deo,
2918 3664 3160 3734 resistite
3213 3682 3401 3732 autem
3449 3678 3680 3734 diabolo
3729 3683 3785 3734 et

2151 3777 2329 3848 fugiet
2357 3794 2387 3831 a
2413 3776 2588 3830 vobis.
2619 3773 3088 3845 Appropinquate
3118 3771 3360 3826 Domino
3387 3777 3443 3827 et
3469 3773 3781 3844 appropin-

2150 3870 2350 3942 quabit
2375 3869 2548 3924 vobis.
2572 3867 2890 3922 Emundate
2916 3864 3076 3919 vobis
3102 3881 3326 3932 manus,
3354 3869 3697 3936 peccatores,
3729 3870 3786 3922 et

2152 3963 2445 4035 purificate
2483 3962 2669 4030 corda,
2721 3958 2973 4030 duplices
3018 3958 3233 4014 animo.
3277 3959 3459 4015 Miseri
3505 3963 3684 4014 estote
3729 3967 3784 4014 et

2151 4058 2342 4128 lugete
2384 4061 2439 4110 et
2475 4055 2717 4126 plorate,
2751 4053 2898 4107 risus
2934 4055 3119 4108 vester
3147 4053 3205 4108 in
3246 4053 3461 4108 luctum
3501 4057 3788 4132 converte-

2150 4155 2264 4218 tur,
2291 4154 2348 4205 et
2377 4148 2653 4220 gaudium
2686 4147 2745 4200 in
2771 4163 3104 4217 maerorem,
3141 4146 3524 4202 humiliamini
3557 4147 3618 4201 in
3639 4153 3784 4202 “con-

2151 4245 2345 4314 spectu
2389 4240 2644 4309 Domini,
2688 4243 2746 4294 et
2782 4241 3053 4296 exaltabit
3091 4258 3208 4297 vos.
3253 4241 3432 4295 Nolite
3477 4241 3785 4296 detrahere

2150 4334 2308 4390 vobis
2356 4336 2713 4403 alterutrum,
2768 4337 2971 4391 fratres
3014 4335 3158 4405 mei,
3213 4335 3347 4407 quia
3400 4335 3498 4405 qui
3539 4333 3790 4390 detrahit

2149 4429 2308 4484 fratri
2340 4432 2439 4484 aut
2464 4428 2562 4500 qui
2588 4429 2807 4500 judicat
2836 4431 3070 4486 fratrem
3095 4445 3282 4499 suum,
3313 4427 3561 4484 detrahit
3589 4427 3705 4500 legi
3729 4434 3788 4483 et

2067 4535 2126 4608 D
2143 4522 2366 4595 judicat
2389 4523 2597 4593 legem.
2626 4523 2679 4578 Si
2706 4528 2895 4579 autem
2909 4523 3137 4594 judicas
3155 4524 3360 4594 legem,
3383 4538 3500 4576 non
3527 4538 3586 4576 es
3605 4522 3789 4576 factor

2149 4616 2313 4689 legis,
2354 4617 2452 4672 sed
2486 4617 2680 4688 judex,
2721 4633 2867 4672 unus
2905 4618 3059 4672 enim
3086 4620 3171 4672 est
3195 4615 3485 4688 legislator
3507 4619 3565 4670 et
3582 4615 3783 4687 judex,

2149 4711 2245 4783 qui
2293 4715 2481 4782 potest
2526 4712 2765 4783 perdere
2811 4716 2868 4767 et
2903 4711 3160 4766 liberare.
3203 4712 3283 4764 Tu
3322 4713 3514 4765 autem
3564 4710 3691 4781 quis
3724 4726 3787 4765 es

2149 4805 2248 4876 qui
2280 4805 2503 4877 judicas
2539 4807 2868 4878 proximum
2903 4811 3066 4861 tuum
3113 4807 3240 4876 (Jac.
3285 4820 3358 4872 1v,
3399 4799 3598 4874 4-13).”
3619 4805 3786 4874 Agite

2148 4915 2321 4969 nunc,
2362 4899 2580 4970 divites,
2617 4901 2837 4970 plorate
2875 4901 3161 4954 ululantes
3199 4899 3258 4953 in
3303 4895 3548 4952 miseriis
3583 4898 3787 4952 vestris

2149 5008 2276 5065 quae
2343 4995 2643 5049 advenient
2703 4993 2878 5048 vobis.
2925 4993 3142 5048 Divitias
3202 4995 3402 5047 vestrae
3451 4992 3785 5064 putrefacta!

2149 5094 2279 5143 sunt
2325 5091 2382 5143 et
2425 5088 2760 5142 vestimenta
2808 5091 2989 5140 vestra
3035 5104 3066 5140 a
3107 5085 3276 5140 tineis
3323 5091 3577 5141 comesta
3627 5091 3780 5141 sunt.

2145 5185 2363 5236 Aurum
2395 5186 2451 5235 et
2488 5182 2791 5252 argentum
2825 5183 3076 5235 vestrum
3107 5179 3466 5251 aeruginavit,
3495 5185 3550 5234 et
3583 5195 3783 5250 azrugo

2149 5291 2345 5329 eorum
2393 5275 2452 5328 in
2501 5273 2894 5329 testimonium
2937 5274 3095 5329 vobis
3139 5274 3266 5341 erit,
3315 5276 3372 5329 et
3412 5273 3785 5327 manducabit

2148 5384 2344 5422 carnes
2383 5371 2595 5422 vestras
2635 5368 2778 5423 sicut
2815 5368 2984 5440 ignis.
3020 5367 3425 5423 Thesaurizatis
3455 5367 3607 5421 vobis
3637 5364 3783 5421 iram

2147 5461 2208 5516 in
2258 5460 2577 5516 novissimis
2625 5462 2844 5517 diebus.
2891 5464 3028 5518 Ecce
3078 5478 3295 5518 merces
3345 5458 3778 5533 operariorum,

2146 5554 2243 5627 qui
2282 5559 2641 5610 messuerunt
2677 5554 2940 5628 regiones
2977 5561 3207 5627 vestras,
3248 5572 3376 5628 quas
3407 5555 3660 5609 fraudata
3699 5559 3785 5609 est

2145 5665 2178 5704 a
2207 5649 2382 5720 vobis,
2409 5649 2633 5718 clamat,
2657 5647 2962 5706 vindictam
2984 5667 3218 5724 poscens
3242 5649 3454 5705 retenti
3478 5648 3702 5715 laboris,
3727 5651 3782 5703 et

2147 5742 2363 5798 clamor
2410 5760 2607 5798 eorum
2645 5743 2702 5798 in
2749 5761 2914 5800 aures
2959 5745 3182 5800 Domini
3223 5743 3467 5800 Sabaoth
3506 5740 3778 5799 introivit.

2145 5835 2365 5911 Epulati
2403 5838 2536 5893 estis
2572 5855 2741 5914 super
2778 5843 3006 5908 terram,
3034 5842 3091 5894 et
3129 5839 3186 5894 in
3212 5838 3454 5896 luxuriis
3491 5835 3782 5896 enutristis
