4068 6368
235 341 290 394 97
1445 342 1836 416 .DECRETALI

1971 342 2355 399 COLLECTIO.
3496 354 3563 407 98

233 463 441 519 corpora
467 451 670 504 vestra.
715 450 776 504 In
809 447 903 504 die
931 449 1230 505 occisionis
1271 449 1604 518 adduxistis,
1634 449 1839 505 occidi-
1861 449 2161 538 A(Matth.
2194 466 2248 521 v,
2283 451 2392 522 10),
2426 471 2456 500 ››
2498 455 2555 507 et
2596 450 2729 506 alibi
2765 468 2778 506 :
2827 472 2854 500 «
2893 452 3046 508 Beati
3086 453 3242 508 eritis
3289 470 3420 510 cum
3465 473 3566 512 vos

231 542 313 595 stis
338 542 568 612 justum,
611 544 669 596 et
709 561 824 599 non
865 543 1075 598 restitit
1109 543 1268 599 vobis
1301 543 1435 614 (Jac.
1475 561 1529 612 v,
1563 546 1687 613 1-6).
1725 545 1833 612 Vae,
1941 544 2166 600 oderint
2194 544 2474 613 homines,
2509 549 2567 600 et
2597 545 2880 616 persecuti
2913 562 3010 600 vos
3047 547 3266 603 fuerint
3299 551 3357 603 et
3386 549 3568 620 ejece-

229 635 423 704 fratres,
449 636 538 691 his
566 636 665 709 qui
692 637 970 693 tribulant
1003 655 1122 705 vos,
1153 655 1250 692 vos
1289 655 1422 692 vero
1451 641 1668 710 quanto
1709 655 1835 692 am—
1935 639 2052 692 rint
2091 654 2301 694 nomen
2333 643 2587 694 vestrum
2629 642 2900 711 tanquam
2941 640 3180 696 malum.
3226 641 3477 698 Gaudete
3506 644 3567 699 in

229 729 356 799 plius
381 730 754 800 tribulamini,
779 734 938 786 tanto
963 731 1328 804 purgatiores
1355 734 1525 804 atque
1551 731 1837 786 beatiores
1935 731 2034 786 illa
2063 731 2154 787 die
2187 735 2244 786 et
2282 734 2576 801 exsultate,
2604 732 2875 804 quoniam
2916 749 3133 789 merces
3165 739 3350 790 vestra
3388 737 3571 792 multa

228 823 548 892 efﬁciemini,
579 824 625 878 si
661 827 850 880 tamen
877 825 1003 897 ipsa
1031 825 1322 880 tribulatio
1349 826 1638 896 patienter
1664 825 1838 880 fuerit
1936 830 2019 880 est
2045 825 2106 879 in
2138 827 2274 881 coelo
2298 825 2511 896 (Matth.
2534 844 2586 895 v,
2613 826 2767 898 11).»
2794 828 2936 882 Data
2960 844 3014 883 1x
3039 828 3281 884 Kalend.
3299 830 3565 901 Augusti,

226 919 556 988 supportata.
594 919 758 974 Unde
785 919 905 990 ipsa
928 919 1151 975 Veritas
1179 937 1284 992 per
1310 937 1370 974 se
1403 919 1548 975 dixit
1574 937 1586 976 :
1621 941 1649 973 ς(
1678 917 1838 974 Beati
1935 919 2174 991 Trajano
2205 925 2261 976 et
2291 920 2523 977 Heliano
2559 937 2638 976 cc.
2671 921 2885 977 consul.

224 1009 309 1082 qui
363 1012 821 1082 persecutionem
894 1012 1192 1085 patiuntur
1247 1015 1486 1086 propter
1552 1013 1839 1086 justitiam

857 1265 984 1341 22
1035 1271 1495 1344 EPISTOLA
1575 1271 1882 1344 PRIMA
1961 1249 2531 1344 ALEXANDRI
2609 1271 2918 1343 PAPE.

1152 1414 1248 1478 De
1283 1415 1498 1478 causis
1525 1414 1631 1477 vel
1663 1414 2162 1496 gravatz'om'bus
2187 1414 2622 1478 sacerdotum.

284 1570 663 1627 Dilectissimis
704 1573 972 1630 fratribus
1013 1575 1278 1631 omnibus
1323 1576 1601 1650 episcopis
1627 1594 1729 1650 per
1754 1578 1836 1633 di-
1939 1578 2191 1635 mabitur
2218 1579 2404 1634 omnis
2434 1579 2536 1651 qui
2563 1577 2780 1634 habitat
2801 1577 2863 1632 in
2890 1592 2957 1632 ea
2985 1577 3043 1631 in
3072 1576 3250 1632 bestia
3270 1577 3396 1648 agri
3426 1583 3483 1634 et
3509 1579 3571 1634 in

222 1680 391 1719 versas
421 1666 744 1722 constitutis
775 1668 1056 1740 regiones,
1086 1672 1412 1727 ALEXANDER
1443 1671 1764 1744 episcopus.
1939 1673 2170 1728 volucre
2202 1671 2348 1742 coeli,
2383 1671 2484 1727 sed
2524 1676 2581 1727 et
2615 1671 2799 1743 pisces
2824 1671 2998 1726 maris
3037 1669 3568 1742 congregabuntur;

283 1758 440 1826 Nulli,
465 1761 688 1832 fratres,
715 1761 953 1817 dubium
981 1765 1085 1834 est,
1116 1764 1252 1836 quia
1280 1765 1417 1820 boni
1446 1783 1479 1822 a
1505 1765 1667 1821 malis
1695 1782 1842 1820 sem-
1940 1770 2333 1821 verumtamen
2359 1763 2750 1836 unusquisque
2771 1781 2890 1820 non
2909 1763 3146 1835 judicet,
3168 1767 3225 1818 et
3241 1779 3357 1819 non
3377 1779 3576 1834 argua-

220 1867 312 1923 per
335 1857 754 1925 persequuntur
782 1857 840 1910 et
877 1856 1243 1913 tribulantur.
1271 1859 1511 1930 Propter
1538 1861 1690 1931 quod
1731 1860 1840 1914 hu-
1939 1865 2035 1915 tur
2058 1859 2163 1930 vir,
2187 1859 2431 1931 populus
2456 1857 2611 1914 enim
2641 1861 2773 1912 tuus
2796 1858 2939 1913 sicut
2968 1857 3029 1912 bi
3052 1857 3152 1928 qui
3176 1857 3577 1913 contradicunt

219 1945 492 2002 miliemur
521 1947 626 2002 sub
665 1949 885 2020 potenti
922 1967 1100 2006 manu
1137 1951 1260 2020 Dei,
1295 1955 1358 2006 ut
1383 1952 1593 2008 liberet
1630 1971 1732 2009 nos
1781 1945 1842 2008 in
1942 1953 2252 2022 sacerdoti;
2281 1955 2338 2008 et
2367 1968 2594 2008 corrues
2636 1951 2823 2018 hodie,
2857 1955 2914 2006 et
2950 1954 3174 2006 corruet
3215 1951 3387 2006 etiam
3433 1967 3572 2022 pro-

218 2041 462 2111 tempore
492 2041 890 2099 tribulationis.
922 2045 1088 2113 Nam,
1120 2045 1265 2101 sicut
1315 2047 1406 2101 leo
1449 2047 1686 2119 rugiens
1730 2047 1839 2102 cir-
1941 2046 2114 2118 pheta
2141 2049 2352 2101 tecum.
2385 2046 2556 2101 Nocte
2585 2044 2696 2101 feci
2729 2049 2918 2100 tacere
2944 2045 3187 2099 matrem
3214 2047 3404 2112 tuam;
3435 2059 3571 2098 con-

219 2134 324 2188 cuit
350 2151 610 2206 quaerens
648 2153 822 2208 quem
859 2138 1108 2207 devoret,
1138 2139 1217 2194 sic
1259 2139 1522 2195 diabolus
1567 2158 1684 2196 non
1725 2156 1842 2197 ces-
1943 2138 2105 2195 ticuit
2137 2140 2386 2212 populus
2413 2154 2575 2195 meus
2605 2154 2673 2194 eo
2704 2137 2857 2209 quod
2887 2153 3003 2192 non
3030 2136 3228 2192 habuit
3255 2135 3571 2204 scientiam,

219 2231 299 2282 sat
321 2228 554 2285 circuire
582 2232 638 2285 et
662 2247 918 2302 quaerere
950 2249 1093 2304 quos
1130 2249 1197 2287 ex
1235 2232 1496 2290 ﬁdelibus
1530 2235 1916 2306 perdat—et“
1945 2234 2080 2305 quia
2113 2237 2177 2288 tu
2220 2233 2516 2287 scientiam
2558 2231 2843 2306 repulisti,
2876 2230 3153 2303 repellam
3181 2233 3261 2299 te,
3292 2246 3365 2286 ne
3389 2245 3574 2286 sacere

217 2322 453 2377 maxime
480 2322 606 2377 illos
633 2283 776 2395 quos
802 2283 1156 2382 ardeiitiores
1183 2327 1242 2381 in
1264 2327 1489 2383 servitio
1516 2283 1840 2397 Salvatoris,
1861 2283 1920 2358 B
1943 2283 2097 2382 (lotio
2124 2325 2381 2398 fungaris
2410 2325 2573 2381 mihi.
2588 2283 2672 2398 Et
2698 2283 2874 2380 oblita
2909 2283 2971 2380 es
3004 2324 3147 2395 legis
3171 2283 3270 2379 Dei
3297 2323 3400 2391 tui,
3428 2323 3572 2378 obli-

219 2415 374 2488 eique
409 2416 723 2472 familiares
753 2419 1054 2489 invenerit,
1082 2421 1388 2477 familiares
1420 2421 1548 2478 dico
1579 2439 1674 2477 eos
1699 2439 1843 2494 quos
1940 2420 2123 2475 viscar
2145 2419 2396 2474 ﬁliorum
2421 2415 2651 2474 tuoru'm
2677 2422 2734 2474 et
2760 2434 2886 2489 ego.
2910 2417 3237 2473 Secundum
3263 2416 3580 2472 multitudi-

215 2509 317 2564 sibi
343 2510 549 2566 sacrari
577 2515 633 2566 et
658 2512 719 2566 in
747 2513 946 2569 ordine
975 2516 1327 2585 apostolatus
1355 2516 1618 2570 constitui
1643 2516 1840 2571 voluit.
1942 2530 2078 2569 nem
2106 2530 2310 2569 eorum
2340 2513 2418 2568 sic
2440 2515 2814 2584 peccaverunt
2832 2510 2995 2580 mihi,
3018 2510 3257 2582 gloriam
3283 2526 3481 2565 eorum
3499 2511 3574 2566 ad

217 2603 320 2674 Ipsi
344 2603 496 2658 enim
520 2621 623 2676 pro
648 2607 856 2677 pepulo
885 2606 1270 2679 interpellant,
1302 2612 1360 2663 et
1385 2609 1582 2680 populi
1613 2612 1845 2680 peccata
1942 2606 2318 2679 ignominiam
2372 2605 2754 2662 commutabo.
2804 2606 3034 2659 Peccata
3085 2604 3280 2675 populi
3322 2603 3436 2659 mei
3479 2619 3572 2659 co-

214 2699 534 2762 comedunt,
565 2699 701 2770 quia
727 2701 990 2771 precibus
1016 2703 1131 2756 suis
1163 2705 1219 2757 et
1251 2702 1634 2758 oblationibus
1661 2721 1730 2758 ea
1752 2704 1844 2759 de-
1943 2701 2194 2771 medent,
2225 2705 2282 2756 et
2314 2699 2387 2755 ad
2413 2698 2774 2771 iniquitatem
2822 2713 3023 2752 eorum
3050 2696 3426 2752 sublevabunt
3448 2699 3571 2753 ani-

212 2791 333 2845 lent
354 2794 523 2864 atque
545 2797 908 2849 consumunt.
932 2795 1036 2858 Qui
1059 2799 1270 2868 quanto
1296 2795 1587 2868 digniores
1607 2797 1841 2865 fuerint,
1945 2811 2072 2850 mas
2117 2810 2335 2848 eorum.
2389 2795 2457 2848 Et
2499 2791 2608 2848 erit
2648 2792 2792 2847 sicut
2832 2791 3073 2863 populus
3107 2791 3185 2845 sic
3213 2791 3493 2861 sacerdos,
3520 2798 3579 2848 et

214 2887 370 2939 tanto
429 2885 643 2941 facilius
697 2904 800 2958 pro
848 2889 1282 2944 necessitatibus
1333 2890 1538 2962 quibus
1601 2891 1848 2946 clamant
1944 2887 2182 2943 visitabo
2232 2903 2405 2958 super
2445 2902 2578 2941 eum
2615 2884 2732 2940 vias
2773 2885 2916 2956 ejus,
2946 2886 3004 2939 et
3044 2883 3412 2954 cogitationes
3456 2885 3578 2956 ejus

213 2979 613 3035 exaudiuntur.
645 2999 673 3032 «
702 2981 938 3036 Multum
968 2981 1122 3038 enim
1157 2984 1240 3052 (ut
1273 2983 1351 3038 ait
1379 2983 1580 3039 beatus
1608 2985 1844 3039 Jacobus
1946 2982 2181 3037 reddam
2209 2980 2282 3036 ei.
2305 2981 2374 3034 Et
2397 2979 2700 3035 comedent
2732 2981 2789 3033 et
2819 2994 2938 3033 non
2964 2977 3391 3047 saturabuntur,
3409 2979 3581 3034 forni-

208 3073 517 3144 apostolus)
536 3073 681 3128 valet
702 3074 1028 3146 deprecatio
1041 3075 1184 3147 justi
1204 3077 1582 3149 assidua(Jac.
1615 3081 1842 3149 ν,16).››
1946 3074 2055 3131 cati
2091 3077 2225 3129 sunt
2269 3079 2326 3130 et
2367 3090 2479 3129 non
2533 3074 2913 3140 cessaverunt,
2943 3072 3218 3143 quoniam
3269 3072 3578 3128 Dominum

209 3166 317 3230 Qui
335 3167 608 3222 enimvos
627 3169 996 3240 persequitur
1018 3169 1207 3241 ipsum
1235 3170 1695 3242 cujuslegatione
1719 3172 1848 3226 fun-
1947 3168 2376 3240 dereliquerunt
2418 3168 2478 3222 in
2521 3183 2639 3222 non
2683 3165 3050 3222 custodiendo
3095 3164 3261 3235 (Osee.
3307 3182 3384 3236 ιν,
3429 3168 3504 3237 3).
3545 3186 3574 3221 »

209 3259 806 3333 giminipersequitur,
827 3263 960 3333 quia
975 3263 1118 3318 sicut
1132 3263 1251 3335 ipse
1268 3263 1438 3318 Filius
1456 3265 1556 3320 Dei
1571 3265 1849 3320 mediator
1947 3263 2074 3317 Haec
2099 3265 2307 3330 cavete,
2332 3260 2554 3330 fratres,
2587 3263 2644 3314 et
2665 3259 2815 3315 bona
2844 3255 3071 3331 semper
3097 3273 3269 3329 agere
3294 3259 3575 3329 festinate,

205 3348 315 3404 fuit
343 3349 446 3403 Dei
473 3353 530 3403 et
556 3350 882 3420 hominum,
908 3352 987 3406 ita
1015 3356 1072 3407 et
1095 3369 1195 3407 vos
1222 3353 1345 3425 ejus
1371 3353 1488 3408 vice
1522 3353 1580 3408 in
1606 3353 1848 3410 Ecclesia
1948 3355 2081 3428 quia
2102 3356 2165 3410 in
2185 3355 2292 3410 hoc
2319 3357 2664 3425 cognoscent
2693 3369 2917 3421 omnes,
2950 3352 3087 3409 dicit
3119 3352 3409 3421 Dominus,
3437 3370 3578 3425 quo-

207 3442 345 3498 estis
371 3443 678 3512 constituti,
708 3447 775 3499 ut
801 3444 950 3501 inter
979 3446 1283 3502 Dominum
1319 3449 1376 3502 et
1403 3447 1662 3503 homines
1690 3448 1845 3519 lega-
1946 3449 2105 3504 niam
2133 3448 2246 3503 mei
2288 3448 2421 3503 estis
2465 3447 2722 3518 discipuli
2767 3447 2811 3501 si
2860 3446 3222 3502 dilectionem
3266 3447 3582 3503 habueritis

206 3536 362 3591 tione
401 3536 742 3608 fungamini.
774 3538 829 3594 Si
857 3539 985 3610 quis
1011 3544 1206 3595 autem
1234 3541 1581 3612 legationem
1605 3545 1848 3596 vestram
1885 3579 1911 3612 ,
1946 3541 2279 3597 adinvicem.
2317 3542 2534 3595 Bonum
2561 3544 2646 3594 est
2671 3556 2922 3611 namque
2951 3539 3342 3610 proculdubio,
3371 3543 3428 3595 et
3456 3556 3577 3595 om-

212 3579 362 3591 σινΙ-ιν
401 3579 742 3608 ιιιιιιουυιιμιο
774 3579 829 3594 vs
858 3579 985 3610 \1ulu
1011 3579 1206 3595 uuuuus
1235 3579 1581 3612 ινδιιιυιυμυιιι
1616 3579 1848 3596 νυυυιυιΙ-ιιι
1946 3579 2279 3597 μαιμῐιυυιιλιο
2317 3579 2534 3595 υνμωιι
2561 3579 2646 3594 νυν
2671 3579 2922 3611 υωιιιιιιιν
2951 3579 3012 3610 ιιι
3024 3579 3342 3608 νυυικιωιν,
3371 3579 3428 3595 νυ
3456 3579 3577 3595 νιιιή

207 3629 471 3701 impedit,
493 3647 610 3686 non
634 3631 805 3686 unius
825 3633 922 3688 sed
943 3633 1262 3689 multorum
1283 3634 1604 3706 profectum
1625 3634 1844 3690 evertit.
1852 3579 1924 3754 ἑ
1948 3635 2116 3690 nibus
2144 3633 2474 3690 timentibus
2515 3633 2696 3688 Deum
2741 3631 3132 3698 desiderabile,
3162 3631 3423 3687 cohibere
3463 3633 3579 3688 dis-

207 3724 274 3754 ut}
326 3724 470 3754 οξηιτι
499 3725 690 3754 Μειιδξη
724 3731 887 3754 ηΛΛΑι
938 3726 1011 3754 ειη
1036 3744 1061 3754 Α
1089 3728 1278 3754 -νιι-Ῑλῖη
1308 3727 1634 3754 ΑωηετΑ-ιᾸ-εη
1670 3730 1747 3754 Ακι
1796 3730 1845 3754 ηι
1949 3728 2234 3754 -Α..-εΑ.ν.Α-
2284 3731 2336 3754 ...ι
2381 3725 2776 3754 ΑῘιΑνιΑ-ιηιεΑκΛη
2834 3725 3213 3754 θκηικξι-ιιςηηεςη
3258 3725 3556 3754 ηιςῘ-ιννΛ-ιιξκιι

207 3724 297 3789 Et,
326 3724 476 3778 sicut
498 3725 693 3780 multis
723 3731 908 3792 nocet,
938 3726 1015 3781 ita
1035 3744 1067 3782 a
1088 3728 1281 3784 multis
1306 3727 1637 3800 arguendus
1667 3730 1770 3796 est,
1793 3724 1924 3783 et’”
1949 3728 2236 3785 sensiones
2282 3731 2340 3782 et
2379 3725 2798 3794 altercationes,
2834 3725 3215 3798 fratribusque
3258 3725 3579 3799 subvenire,

205 3816 496 3873 bonorum
540 3819 802 3874 societate
845 3821 1138 3876 arcendus.
1187 3823 1256 3878 Et
1298 3821 1428 3894 quia
1480 3821 1580 3877 Dei
1623 3838 1850 3877 causam
1949 3828 2008 3878 et
2031 3822 2273 3878 invicem
2301 3837 2423 3877 non
2457 3819 2732 3890 invidere,
2755 3819 2854 3875 sed
2879 3818 3299 3890 adjuvare.Nos
3325 3835 3463 3892 ergo
3483 3821 3586 3892 qui

203 3910 461 3982 impedit
496 3914 554 3965 et
591 3913 802 3967 statum
844 3914 1148 3970 conturbat
1188 3915 1466 3986 Ecclesiae,
1496 3915 1741 3988 ideoque
1780 3914 1849 3970 ab
1953 3915 2213 3988 discipuli
2246 3915 2476 3970 Domini
2517 3917 2575 3970 et
2618 3913 2729 3968 dici
2773 3915 2832 3968 et
2875 3929 2996 3968 esse
3039 3912 3320 3984 cupimus,
3350 3919 3584 3986 portare

204 4003 334 4075 ejus
359 4003 660 4058 liminibus
676 4005 932 4062 Ecclesiae
960 4010 1239 4063 arceatur.
1259 4008 1346 4063 Ab
1366 4008 1695 4065 hominibus
1713 4025 1853 4080 quo—
1952 4026 2182 4066 crucem
2203 4008 2412 4066 Christi
2438 4011 2496 4064 et
2514 4007 2760 4080 compati
2776 4007 3047 4063 fratribus
3072 4007 3371 4076 debemus,
3390 4011 3448 4064 et
3467 4025 3586 4065 non

200 4112 321 4169 que
345 4097 476 4152 talis
502 4100 590 4152 est
617 4099 896 4154 cavendus
922 4105 977 4156 et
1004 4117 1123 4156 non
1141 4101 1221 4156 'in
1263 4101 1665 4158 communione
1710 4101 1848 4158 ﬁde-
1953 4120 2321 4177 quascunque
2346 4102 2426 4159 eis
2451 4101 2681 4158 insidias
2717 4104 2817 4156 aut
2855 4101 3044 4157 foveas
3085 4117 3422 4174 praeparare,
3452 4104 3588 4176 quia

201 4190 356 4245 lium
389 4206 574 4263 usque
603 4192 672 4246 ad
697 4193 1135 4250 satisfactionem
1164 4195 1545 4268 recipiendus.
1577 4197 1673 4251 Est
1699 4196 1852 4251 enim
1953 4198 2226 4254 talionem
2268 4201 2528 4252 meretur
2563 4195 2663 4266 qui
2705 4193 2974 4250 fratribus
3017 4195 3241 4250 foveam
3282 4202 3584 4268 praeparat.

202 4287 492 4340 statutum
523 4285 681 4356 olim,
699 4290 766 4342 ut
791 4287 888 4359 qui
908 4291 1121 4344 statum
1150 4290 1451 4346 conturbat
1477 4289 1760 4358 Ecclesia,
1785 4289 1853 4344 ab
1955 4291 2138 4347 Nolite
2158 4306 2366 4358 errare,
2388 4291 2608 4358 fratres,
2626 4288 2762 4360 quia
2781 4289 2930 4343 Deus
2953 4305 3072 4343 non
3098 4289 3386 4346 irridetur.
3409 4291 3587 4362 Hujus

202 4378 337 4449 ejus
366 4378 665 4434 liminibus
692 4384 972 4450 arceatur,
1000 4399 1074 4438 ne
1110 4400 1240 4439 cum
1285 4383 1545 4440 ﬁdelibus
1591 4399 1852 4440 commu-
1956 4385 2040 4442 rei
2065 4384 2249 4457 gratia
2277 4383 2556 4439 Dominus
2581 4381 2738 4438 vobis
2764 4382 3048 4438 commisit
3073 4382 3377 4438 Ecclesiam
3403 4400 3585 4453 suam,

203 4471 368 4528 nicet
394 4472 499 4544 qui
527 4488 727 4528 eorum
766 4473 916 4530 bona
939 4476 1162 4532 avertit.
1193 4478 1297 4532 Vos
1329 4493 1486 4549 ergo,
1515 4477 1562 4532 si
1601 4477 1854 4533 dilectio-
1963 4481 2026 4533 ut
2054 4495 2156 4549 pro
2185 4476 2452 4532 omnibus
2477 4475 2763 4545 laboretis,
2789 4480 2847 4531 et
2872 4475 3086 4531 cunctis
3117 4478 3399 4548 oppressis
3425 4495 3593 4549 opem

202 4582 352 4622 nem
369 4566 689 4622 habueritis
701 4567 1019 4625 adinvicem
1039 4575 1095 4626 et
1116 4571 1414 4626 unanimes
1433 4570 1676 4642 fueritis,
1695 4571 1855 4626 facile
1957 4571 2106 4628 ferre
2135 4587 2253 4626 non
2280 4569 2615 4643 negligatis:
2643 4569 2796 4626 unde
2823 4570 3099 4626 Dominus
3127 4586 3228 4641 per
3252 4573 3589 4643 prophetam

204 4659 360 4716 tales
392 4675 665 4732 superare
695 4663 972 4733 poteritis.
1007 4663 1062 4719 Si
1089 4681 1224 4719 vero
1253 4665 1426 4737 (quod
1453 4664 1615 4737 absit)
1643 4663 1857 4720 discor-
1958 4665 2209 4736 loquitur
2228 4664 2422 4719 dicens
2443 4680 2455 4719 :
2475 4685 2502 4714 ‹‹
2520 4665 2646 4718 Haec
2661 4662 2806 4718 dixit
2819 4663 3090 4718 Dominus
3112 4679 3124 4718 :
3146 4663 3396 4719 Judicate
3416 4679 3590 4720 mane

205 4753 314 4809 des
348 4753 602 4826 fueritis,
624 4758 681 4810 et
705 4756 909 4812 canino
933 4757 1100 4814 dente
1126 4775 1224 4814 vos
1254 4759 1530 4815 derodere
1557 4758 1857 4830 coeperitis,
1956 4758 2240 4832 judicium
2264 4760 2323 4812 et
2352 4757 2536 4812 eruite
2556 4756 2609 4810 vi
2634 4771 2930 4827 oppressos
2949 4757 3019 4812 de
3037 4771 3212 4811 manu
3241 4757 3591 4813 calumnian-

205 4864 337 4903 non
388 4847 580 4903 solum
618 4865 713 4904 eos
749 4866 867 4905 non
913 4852 1268 4924 superabitis,
1301 4852 1398 4907 sed
1437 4857 1492 4908 et
1528 4852 1685 4907 vobis
1727 4852 1862 4924 ipsis
1962 4854 2054 4921 tis,
2076 4868 2147 4908 ne
2166 4853 2314 4907 forte
2340 4849 2668 4922 egrediatur
2684 4849 2843 4922 quasi
2862 4849 3010 4922 ignis
3026 4849 3346 4920 indignatio
3364 4866 3516 4922 mea,
3537 4855 3595 4909 et

205 4942 508 4998 nocebitis
549 4945 720 5014 atque
755 4943 824 4998 ab
864 4945 944 5000 eis
982 4945 1414 5018 superabimini,
1445 4949 1503 5001 et
1531 4945 1866 5001 innocenter
1965 4946 2342 5003 succendatur
2365 4948 2422 5001 et
2439 4961 2558 5000 non
2580 4945 2652 5000 sit
2672 4944 2769 5016 qui
2790 4943 3117 5015 exstinguat
3139 4943 3264 5013 (Jer.
3292 4960 3407 5013 ιιι,
3432 4946 3540 5018 12).
3563 4967 3592 4997 »

205 5035 371 5091 forte
411 5035 695 5108 peribitis.
725 5037 829 5102 Qui
858 5044 1053 5095 autem
1091 5058 1162 5096 ex
1201 5045 1386 5098 vestro
1425 5040 1663 5114 collegio
1695 5037 1947 5112 fueritD
1967 5043 2074 5097 Vos
2102 5056 2240 5112 ergo
2267 5038 2364 5112 qui
2389 5039 2450 5094 in
2480 5055 2706 5095 summo
2731 5037 2957 5110 speculo
2986 5054 3019 5092 a
3044 5037 3284 5094 Domino
3311 5039 3598 5096 constituti

209 5133 273 5183 et
309 5130 392 5184 ab
429 5129 644 5186 auxilio
675 5135 861 5186 vestro
891 5148 950 5188 se
985 5135 1347 5208 subtraxerit,
1377 5135 1560 5207 magis
1596 5133 1867 5189 schisma-
1972 5134 2437 5206 estis,attendere
2455 5149 2549 5189 eos
2565 5137 2622 5188 et
2637 5131 2962 5204 opprimere
2977 5133 3203 5203 oportet
3217 5132 3382 5204 quiin
3396 5133 3600 5190 fratres

207 5223 377 5279 ticus
415 5229 474 5279 et
513 5242 632 5280 non
671 5226 932 5282 sacerdos
976 5245 1096 5284 esse
1138 5229 1491 5302 probabitur.
1529 5251 1557 5280 ‹‹
1592 5230 1752 5298 Ecce,
1781 5228 1870 5282 in-
1973 5228 2280 5284 seditiones
2318 5230 2375 5283 et
2415 5226 2679 5282 scandala
2725 5223 2995 5294 excitant,
3026 5241 3099 5280 ne
3139 5225 3311 5282 simul
3349 5243 3482 5284 cum
3522 5227 3603 5284 eis

211 5317 354 5387 quit
386 5319 690 5390 propheta,
713 5335 888 5391 quam
917 5321 1138 5378 bonum
1164 5327 1221 5379 et
1247 5340 1419 5396 quam
1441 5323 1760 5396 jucundum
1779 5323 1874 5376 ha-
1971 5321 2240 5395 pereatis.
2269 5322 2518 5378 Salutate
2540 5335 2740 5375 omnes
2763 5317 2862 5390 qui
2887 5325 3038 5376 recte
3068 5319 3330 5376 laborant
3345 5321 3408 5376 in
3429 5323 3629 5378 Evam.

209 5386 414 5466 bitare
455 5386 684 5468 fratres
709 5386 770 5468 in
814 5431 993 5470 unum
1031 5416 1194 5488 (Psal.
1229 5386 1534 5489 cirxxn,vl).
1571 5439 1598 5467 »
1614 5386 1714 5505 [111i
1737 5431 1872 5471 vero
1972 5386 2124 5489 gelio
2147 5413 2356 5472 Christi
2381 5417 2437 5470 et
2456 5413 2607 5486 juste
2637 5386 2960 5486 gubernant
2982 5429 3185 5470 navem
3203 5414 3326 5486 ejus
3346 5432 3418 5471 ne
3443 5415 3610 5472 coha-

209 5501 279 5557 in
328 5521 525 5562 unum
571 5522 691 5562 non
738 5506 1014 5578 habitant,
1059 5511 1158 5583 qui
1203 5528 1237 5566 a
1281 5512 1524 5568 fratrum
1571 5501 1770 5565 solatio
1818 5524 1877 5564 se
1975 5509 2222 5566 bitantes
2247 5509 2307 5564 in
2337 5525 2405 5564 ea
2433 5508 2843 5579 demergantur
2863 5511 2962 5564 aut
2991 5508 3357 5566 sutfocentur.
3396 5509 3611 5566 Salutat

209 5597 604 5670 subtrahunt,
627 5604 748 5671 aut,
776 5602 927 5673 quod
954 5603 1203 5660 deterius
1232 5610 1336 5677 est,
1357 5604 1625 5660 fratribus
1650 5602 1879 5658 insidias
1978 5619 2074 5658 vos
2119 5603 2306 5658 omnis
2347 5600 2656 5674 apostolica
2697 5600 2945 5658 Ecclesia
2991 5602 3054 5657 in
3101 5602 3365 5659 Domino.
3404 5605 3605 5658 Amen.

205 5699 564 5766 praeparant
603 5699 704 5750 aut
743 5695 973 5768 laqueos
1008 5701 1250 5770 ponunt.
1280 5699 1356 5755 De
1391 5698 1480 5754 his
1507 5698 1662 5754 enim
1689 5700 1747 5754 et
1777 5713 1876 5752 eo-
1978 5699 2118 5754 Data
2162 5713 2236 5752 vn
2289 5695 2526 5754 Kalend.
2582 5694 2915 5754 Novembris
2959 5696 3197 5768 Traiano
3250 5700 3306 5752 et
3357 5694 3607 5766 Heliano,

207 5801 362 5842 rum
408 5788 699 5844 similibus
737 5789 1010 5846 Dominus
1074 5809 1180 5864 per
1223 5794 1365 5850 Osee
1413 5794 1755 5866 prophetam
1799 5791 1879 5845 lo-
1982 5807 2064 5849 cc.
2097 5791 2313 5848 consul.

208 5882 436 5954 quitur
461 5883 660 5942 dicens
693 5900 708 5938 :
741 5903 768 5936 «
796 5885 1034 5957 Propter
1061 5903 1158 5942 vos
1193 5887 1412 5960 lugebit
1439 5893 1589 5945 terra
1629 5893 1683 5944 et
1722 5887 1880 5942 infir-

655 5981 931 6049 PATROL.
983 5984 1211 6052 CXXX.
3185 5987 3223 6051 4
