4068 6344
492 276 558 327 99
828 289 837 301 ’
1392 270 1676 329 ΑΡΡΕΝΙ).
1718 272 1805 327 AD
1845 270 2007 326 SEC.
2050 270 2138 326 1X.

2215 301 2234 310 -
2276 270 2521 328 lSlDORI
2559 269 2982 329 MERCATORIS

559 376 563 381 ’
1171 402 1625 473 EPISTOLA
1702 401 2272 473 ALEXANDRI
2350 403 2630 474 PAPAE
2708 401 3174 474 SECUNDA.

1171 402 1625 473 EPISTOLA

3752 271 3854 327 100

1340 513 1422 578 Ut
1447 515 1730 577 vitent-ur
1757 513 2183 578 detractiones
2211 522 2275 577 et
2302 516 2562 597 injustas
2591 514 3012 597 pulsationes.

558 631 883 687 ALEXANDER
928 629 1225 703 episcopus
1267 631 1530 686 omnibus
1578 631 1765 686 divino
1802 630 2114 686 sacerdotio

489 722 862 794 fungentibus
886 740 999 795 pax
1024 729 1080 780 et
1103 724 1486 780 misericordia
1506 723 1935 796 multiplicetur,
1958 729 2013 779 et
2032 741 2116 779 sa-

2213 632 2333 704 puli
2353 632 2465 688 mei
2486 634 2836 687 commutata
2857 635 2959 686 est.
2983 630 3277 695 Quomodo
3299 628 3533 684 recedet
3552 646 3581 681 a
3605 644 3697 683 me
3717 644 3853 683 cum

2214 730 2548 793 revertatur,
2580 726 2681 797 qui
2724 725 2987 797 regiones
3031 727 3246 779 vestras
3289 722 3570 778 devorat?
3614 723 3852 793 Propter

488 816 704 887 pientia
731 820 904 889 atque
928 817 1078 873 bona
1095 817 1355 873 voluntas
1382 818 1443 873 in
1468 817 1735 874 omnibus
1760 823 2036 890 augeatur
2061 821 2120 872 et
2138 814 2198 887 Α
2218 819 2370 889 quod
2399 836 2513 874 non
2545 820 2653 873 erit
2677 818 2782 873 tibi
2807 819 3045 873 mittens
3073 816 3395 872 funiculum
3424 815 3588 870 sortis
3613 816 3674 869 in
3702 821 3853 870 coetu

489 908 860 966 fructiﬁcetur
885 910 946 964 in
974 910 1232 966 Domino.

563 1002 750 1058 Gratia
790 1003 889 1058 Dei
935 1020 1162 1071 sumus,
1216 1004 1422 1059 fratres
1470 1005 1804 1073 charissimi,
1846 1004 1905 1059 id
1961 1004 2115 1075 quod

487 1111 701 1151 sumus.
745 1095 958 1151 Idcirco
1005 1096 1168 1151 nobis
1215 1097 1635 1169 providendum
1680 1102 1765 1153 est
1803 1101 1861 1152 et
1904 1097 2114 1169 oppido

488 1188 893 1244 decertandum
911 1205 985 1244 ne
1007 1190 1068 1244 in
1093 1205 1160 1245 ea
1177 1190 1341 1246 vacui
1359 1190 1737 1260 inveniamur,
1768 1190 1890 1258 sed,
1913 1189 2116 1245 eadem

486 1280 650 1336 nobis
678 1286 1024 1355 cooperante
1052 1283 1252 1354 gratia,
1272 1283 1522 1339 fructum
1542 1284 1782 1340 Domino
1802 1282 2117 1355 plurimum

486 1298 650 1336 nonis
678 1298 859 1354 coope
968 1298 1024 1338 te
1052 1298 1252 1354 grana,
1272 1298 1522 1339 Iructurn
1544 1298 1782 1340 uomino
1802 1298 2114 1355 plurimum

486 1298 1072 1475 reportemusfiguod
1111 1375 1278 1430 aliter
1304 1376 1430 1431 ﬁeri
1476 1394 1592 1432 non
1643 1380 1846 1449 potest,
1876 1375 1986 1431 nisi
2026 1393 2114 1430 sa-

482 1466 764 1539 pientiam
794 1466 1079 1537 secfando,
1110 1469 1345 1541 ejusque
1372 1475 1657 1543 prmcepta
1698 1469 2035 1525 lectionibus
2062 1472 2118 1524 et

483 1560 715 1632 hymnis
754 1561 1120 1631 meditando,
1160 1566 1331 1635 atque
1386 1580 1452 1618 eo
1500 1563 1948 1618 adminiculante
2005 1563 2115 1616 im-

482 1652 712 1725 plendo,
759 1654 995 1723 orando,
1023 1655 1326 1726 vigilando,
1371 1662 1429 1712 et
1469 1656 1821 1711 voluntatem
1868 1656 1990 1726 ejus
2035 1654 2117 1725 (in

484 1750 761 1819 quantum
788 1747 909 1821 ipse
943 1747 1179 1820 largitus
1204 1749 1419 1820 fuerit),
1448 1749 1722 1821 perﬁcere
1767 1748 2110 1803 studeamus.

485 1841 597 1896 Nec
636 1841 900 1897 eamdem
943 1841 1349 1914 negligendam
1379 1842 1628 1914 gratiam
1658 1841 1818 1896 nobis
1845 1841 2119 1896 Dominus

484 1931 660 2002 dedit,
682 1934 783 1990 sed
801 1933 1044 1991 ﬁdeliter
1062 1935 1441 1991 exercendam
1465 1935 1685 1991 tribuit.
1707 1923 1940 1990 Dileétio
1960 1933 2117 1989 enim

482 2026 603 2083 sine
644 2026 1011 2084 simulatione
1050 2028 1111 2084 in
1155 2030 1319 2084 nobis
1355 2046 1495 2099 esse,
1526 2033 1583 2084 et
1608 2045 1886 2101 apparere
1922 2027 2113 2093 debet,

482 2118 620 2192 quia
644 2120 832 2177 omnis
858 2121 957 2193 qui
979 2121 1104 2177 odit
1127 2122 1363 2178 fratrem
1387 2139 1554 2177 suum
1576 2120 1857 2177 homicida
1888 2124 1990 2175 est.
2010 2119 2115 2184 Qui

391 2275 409 2295 ⁸
480 2180 614 2269 vero
641 2213 826 2285 diligit
849 2180 1001 2283 eum,
1028 2214 1088 2270 in
1112 2217 1226 2271 Deo
1251 2220 1466 2285 manet,
1496 2219 1554 2271 et
1580 2216 1728 2270 Deus
1756 2215 1817 2269 in
1845 2231 1931 2282 eo,
1957 2180 2114 2268 unde
2134 2180 2191 2252 B

482 2310 540 2363 et
562 2308 858 2377 Apostolus
883 2308 997 2363 ait:
1027 2329 1055 2359 «
1080 2308 1262 2366 Nolite
1280 2309 1565 2381 judicare,
1589 2308 1815 2376 fratres,
1842 2307 2104 2376 invicem,

483 2399 580 2456 sed
600 2399 707 2455 hoc
719 2399 975 2472 judicate
997 2403 1206 2473 magis,
1231 2419 1300 2458 ne
1323 2402 1551 2474 ponatis
1576 2400 1983 2457 offendiculum
2008 2400 2115 2455 fra-

478 2493 554 2548 tri
571 2494 655 2549 vel
676 2494 1041 2565 scandalum;
1072 2516 1100 2545 »
1124 2499 1180 2550 et
1207 2495 1479 2550 Dominus
1504 2494 1692 2567 inquit
1724 2510 1738 2549 :
1769 2515 1797 2544 «
1824 2493 1989 2558 Quod
2009 2492 2115 2548 tibi

477 2602 595 2642 non
624 2585 707 2641 vis
734 2586 877 2658 fieri,
901 2588 1063 2643 alteri
1086 2604 1162 2643 ne
1190 2587 1389 2657 facias;
1414 2607 1444 2641 »
1474 2591 1530 2644 et
1559 2587 1712 2642 alibi.
1743 2609 1770 2636 ‹‹
1798 2589 1861 2643 In
1889 2587 1995 2641 hoc
2021 2602 2110 2641 co-

481 2682 754 2751 gnoscent
781 2696 979 2736 omnes
1004 2680 1141 2752 quia
1165 2681 1282 2736 mei
1314 2680 1444 2736 estis
1473 2679 1753 2752 discipuli,
1784 2679 1831 2734 si
1857 2679 2113 2735 dilectio-

482 2788 615 2827 nem
635 2772 946 2828 habueritis
968 2774 1041 2828 ad
1058 2773 1334 2841 invicem;
1360 2779 1418 2828 et
1444 2773 1705 2828 Salomon
1733 2773 1815 2827 ait
1843 2788 1857 2827 :
1884 2794 1912 2822 «
1935 2772 2117 2828 Sacri-

478 2865 676 2920 ﬁcium
704 2866 950 2920 salutare
980 2870 1065 2921 est
1091 2865 1384 2922 attendere
1413 2866 1697 2922 mandatis
1729 2870 1788 2921 et
1821 2866 2113 2921 discedere

479 2957 550 3012 ab
575 2956 734 3013 omni
758 2956 1078 3029 iniquitate.
1103 2979 1130 3008 »
1161 2959 1400 3015 Summa
1424 2959 1578 3014 enim
1604 2958 1877 3030 iniquitas
1902 2963 1987 3014 est
2006 2958 2119 3013 fra-

481 3052 596 3106 tres
647 3049 969 3119 detrahere,
1016 3056 1073 3107 et
1115 3068 1397 3119 accusare,
1441 3052 1599 3107 unde
1648 3051 1923 3123 scriptum
1972 3056 2058 3106 est
2098 3068 2112 3106 :

484 3164 515 3195 «
542 3142 740 3199 Omnis
766 3143 867 3215 qui
892 3144 1138 3199 detrahit
1166 3145 1400 3201 fratrem
1434 3162 1601 3199 suum
1631 3144 1923 3200 homicida
1950 3148 2054 3199 est.
2085 3166 2113 3194 »

482 3237 550 3291 Et
560 3235 744 3291 omnis
759 3236 1044 3292 homicida
1059 3254 1177 3293 non
1193 3238 1365 3293 habet
1376 3243 1595 3309 partem
1609 3244 1707 3294 aut
1721 3237 2115 3293 hmreditatem

482 3328 542 3384 in
568 3343 745 3400 regno
774 3329 893 3400 Dei,
925 3333 984 3385 et
1007 3330 1142 3386 alibi
1169 3348 1181 3385 :
1222 3352 1250 3380 ‹‹
1279 3333 1484 3388 Cavete
1519 3347 1632 3399 vos,
1659 3332 1865 3387 fratres
1902 3331 2115 3386 charis-

481 3421 630 3493 simi,
676 3439 748 3477 ne
795 3423 1103 3495 participes
1149 3424 1481 3479 efﬁciamini
1523 3424 1699 3497 (quod
1741 3425 1902 3498 absit)
1954 3424 2117 3480 malis

2218 912 2470 979 Domini,
2499 929 2532 967 o
2562 914 2754 988 lsrael.
2785 913 2864 966 Ne
2887 910 3205 983 loquamini
3234 911 3555 981 loquentes.
3583 910 3703 963 Non
3733 909 3849 963 stil-

2216 1005 2356 1059 labit
2383 1021 2553 1076 super
2576 1005 2731 1073 istos,
2764 1020 2879 1059 non
2924 1003 3374 1074 comprehendet
3410 1001 3684 1070 confusio,
3718 1001 3856 1055 dicit

2216 1098 2511 1165 Dominus,
2542 1098 2707 1153 Jacob
2733 1114 2746 1152 :
2776 1096 3065 1168 Numquid
3103 1095 3462 1151 abbreviatus
3501 1099 3587 1149 est
3622 1095 3854 1164 spiritus

2218 1191 2466 1259 Domini,
2499 1196 2596 1246 aut
2636 1191 2782 1246 tales
2829 1195 2962 1245 sunt
3008 1189 3385 1261 cogitationes
3438 1188 3607 1259 ejus?
3653 1189 3854 1242 Nonne

2216 1285 2389 1339 verba
2417 1301 2544 1338 mea
2570 1284 2726 1338 bona
2752 1288 2905 1350 sunt,
2936 1300 3067 1337 cum
3107 1298 3173 1337 eo
3213 1282 3313 1353 qui
3353 1285 3509 1336 recte
3550 1281 3856 1351 graditur?

2217 1378 2285 1432 Et
2313 1383 2563 1443 econtra,
2594 1378 2843 1449 populus
2888 1393 3050 1431 meus
3090 1375 3149 1429 in
3190 1374 3575 1429 adversarium
3615 1390 3849 1428 consur-

2217 1471 2379 1539 rexit,
2407 1471 2655 1541 desuper
2678 1470 2933 1524 tunicam
2964 1468 3204 1541 pallium
3229 1468 3529 1523 sustulistis
3548 1472 3605 1522 et
3631 1484 3726 1521 eos
3753 1466 3857 1538 qui

2218 1564 2538 1619 transibant
2563 1563 2917 1635 simpliciter,
2949 1561 3303 1617 convertistis
3342 1562 3413 1616 ad
3455 1562 3691 1615 bellum.
3721 1582 3749 1609 »
3786 1561 3858 1615 Et

2218 1663 2447 1713 econtra
2476 1674 2489 1712 :
2521 1658 2595 1712 De
2622 1657 2710 1711 his
2735 1656 2836 1728 qui
2861 1659 3200 1711 accusantur
3236 1656 3323 1709 vel
3364 1654 3709 1709 tribulantur
3749 1670 3857 1724 per

2217 1752 2442 1806 Nahum
2464 1750 2800 1822 prophetam
2822 1749 3155 1805 confortans
3179 1765 3277 1803 eos
3298 1748 3377 1803 sic
3394 1747 3644 1819 loquitur
3664 1747 3857 1801 Domi-

2218 1768 2442 1806 nannm
2464 1768 2565 1822 pro
2609 1768 2800 1805 netam
2822 1768 3155 1805 CODIOI‘LanS
3179 1768 3277 1803 eos
3298 1768 3377 1803 διο
3394 1768 3644 1819 ιρειωιιπ
3665 1768 3857 1801 υυωι·

2217 1862 2344 1914 nus,
2373 1768 2610 1947 dicensﬁ:
2645 1866 2672 1894 «
2702 1845 2772 1897 Et
2797 1844 3124 1898 confortans
3153 1841 3212 1896 in
3244 1841 3336 1896 die
3366 1840 3773 1909 tribulationis,
3799 1844 3860 1895 et

2218 1938 2396 1992 sciens
2412 1934 2704 2009 sperantes
2724 1937 2784 1991 in
2806 1953 2886 1991 se.
2912 1939 2978 1991 Et
3001 1937 3063 1990 in
3082 1934 3293 1990 diluvio
3314 1939 3696 2014 praetereunte
3719 1950 3859 1988 con-

2217 2029 2655 2085 summationem
2672 2029 2841 2085 faciet
2860 2029 2965 2084 loci
2985 2028 3127 2099 ejus,
3151 2031 3209 2083 et
3228 2027 3489 2082 inimicos
3511 2028 3634 2097 ejus
3654 2043 3852 2098 perse-

2216 2126 2466 2197 quentur
2490 2122 2767 2178 tenebrae.
2795 2122 2943 2187 Quid
2968 2120 3226 2192 cogitatis
3265 2123 3466 2175 contra
3494 2119 3808 2174 Dominum
3826 2119 3856 2173 ‘?

2214 2217 2722 2274 Confirmationem
2763 2215 2887 2287 ipse
2932 2215 3120 2269 faciet.
3154 2215 3275 2268 Non
3313 2218 3616 2286 consurget
3643 2213 3857 2285 duplex

2214 2309 2525 2378 tribulatio,
2555 2310 2690 2381 quia
2720 2308 2864 2363 sicut
2888 2308 3067 2379 spinae
3098 2324 3155 2363 se
3187 2307 3433 2364 invicem
3459 2305 3854 2378 complectun-

2214 2407 2328 2471 tur,
2359 2403 2437 2457 sic
2466 2402 2788 2457 convivium
2815 2417 3013 2457 eorum
3035 2400 3251 2472 pariter
3278 2400 3621 2472 potentium,
3643 2390 3856 2454 consul

2217 2499 2451 2550 mentur
2474 2494 2633 2567 quasi
2655 2494 2864 2566 stipula
2881 2492 3144 2548 ariditate
3164 2493 3355 2564 plena.
3383 2493 3463 2546 Ex
3487 2496 3543 2547 te
3566 2490 3744 2546 exibit
3765 2509 3863 2546 co-

2215 2588 2406 2660 gitans
2421 2593 2619 2643 contra
2634 2587 2941 2642 Dominum
2962 2586 3259 2654 malitiam,
3278 2590 3474 2641 mente
3494 2588 3860 2660 pertractans

2213 2658 2758 2753 praevaricationem.
2787 2682 2916 2735 Haec
2961 2680 3105 2735 dixit
3147 2678 3420 2735 Dominus
3453 2697 3465 2734 :
3504 2658 3564 2734 Si
3610 2680 3861 2751 perfecti

2215 2774 2446 2843 fuerint,
2473 2774 2552 2830 ita
2577 2779 2634 2829 et
2656 2776 2870 2846 plures,
2892 2772 2970 2828 sic
2996 2790 3225 2845 quoque
3246 2773 3621 2829 attondentur
3644 2777 3701 2828 et
3725 2790 3864 2844 per-

2217 2867 2501 2923 transibit.
2529 2867 2721 2923 Afﬂixi
2747 2873 2802 2923 te
2829 2871 2886 2923 et
2913 2884 3028 2923 non
3053 2866 3306 2938 afﬂigam
3333 2872 3389 2922 te
3416 2867 3580 2921 ultra.
3608 2886 3637 2915 »
3668 2866 3860 2922 Facile

2215 2965 2319 3031 est,
2350 2962 2573 3025 fratres,
2600 2961 2776 3015 verbo
2801 2961 3001 3015 fallere
3029 2960 3349 3028 hominem,
3379 2960 3477 3015 sed
3501 2975 3619 3015 non
3646 2960 3858 3015 Deum.

2214 3054 2446 3126 Sapiens
2472 3071 2589 3109 non
2614 3056 2701 3108 est
2729 3054 2825 3126 qui
2853 3059 3038 3123 nocet,
3064 3071 3170 3109 nec
3201 3054 3288 3108 vir
3311 3054 3605 3125 linguosus
3630 3052 3691 3108 in
3717 3070 3856 3108 ma-

2213 3148 2336 3202 lum
2378 3164 2436 3202 se
2481 3147 2690 3217 diriget
2734 3146 2793 3200 in
2844 3153 3017 3217 terra,
3046 3147 3189 3202 nihil
3230 3163 3366 3201 vero
3412 3146 3549 3201 mali
3581 3145 3725 3215 vult,
3753 3145 3861 3217 qui

2214 3241 2396 3296 fidelis
2424 3246 2526 3296 est.
2554 3241 2692 3294 Malo
2719 3240 2873 3294 enim
2901 3245 2959 3295 et
2994 3257 3169 3312 pravo
3219 3240 3447 3311 ingenio
3474 3238 3620 3293 ﬁdes
3661 3239 3864 3294 aliena

2216 3337 2317 3402 est,
2335 3335 2416 3389 ait
2434 3333 2585 3388 enim
2606 3334 2907 3404 Apostolus
2930 3333 3001 3388 de
3025 3334 3340 3389 inﬁdelium
3360 3332 3687 3405 ignorantia
3711 3349 3725 3388 :
3750 3354 3781 3382 ‹‹
3801 3333 3858 3389 Si

2215 3428 2371 3483 enim
2391 3426 2789 3500 cognovissent
2811 3444 3109 3498 nunquam
3133 3428 3440 3482 Dominum
3466 3426 3657 3499 gloria:
3675 3426 3864 3481 cruci-

483 3530 703 3584 eorum,
735 3537 763 3566 »
802 3518 859 3572 et
885 3533 1005 3573 non
1030 3518 1216 3573 solum
1240 3534 1339 3573 vos
1365 3523 1557 3574 cavete
1595 3535 1628 3573 a
1665 3519 1892 3587 talibus,
1921 3519 2020 3573 sed
2060 3521 2191 3621 etc.l
2218 3522 2487 3577 ﬁxissent.
2522 3543 2550 3572 ››
2584 3521 2940 3592 Cruciﬁgunt
2966 3521 3121 3575 enim
3160 3521 3467 3575 Dominum
3493 3519 3591 3592 qui
3629 3536 3762 3575 eum
3795 3521 3862 3576 in

480 3624 673 3665 cavere
698 3610 836 3665 alios
864 3610 935 3665 ab
961 3612 1060 3680 eis,
1089 3614 1147 3667 et
1188 3615 1445 3667 avertere
1491 3612 1709 3682 docete,
1743 3612 1813 3667 de
1841 3613 1932 3667 his
1960 3611 2116 3667 enim
2144 3610 2190 3621 “”
2217 3615 2598 3670 sacerdotibus
2614 3614 2728 3668 suis
2753 3617 3207 3685 persequuntur:
3233 3613 3370 3683 quia
3389 3629 3528 3667 crux
3547 3630 3579 3667 a
3598 3613 3861 3669 cruciatu

480 3702 755 3758 Dominus
795 3704 871 3758 ait
916 3720 1022 3774 per
1056 3705 1405 3776 prophetam
1453 3704 1744 3760 Michaaam
1778 3722 1791 3759 :
1829 3726 1856 3753 ‹‹
1884 3706 1979 3759 Va:
2018 3703 2115 3774 qui
2217 3708 2439 3761 dicitur.
2468 3708 2736 3777 Magnum
2760 3722 2895 3760 vero
2935 3721 3159 3759 sacrum
3200 3705 3441 3760 sustinet
3482 3706 3581 3778 qui
3620 3722 3859 3778 compa-

484 3796 753 3866 cogitatis
779 3796 1004 3866 inutile,
1038 3801 1097 3850 et
1122 3797 1442 3867 operamini
1475 3798 1694 3851 malum
1737 3796 1798 3850 in
1843 3796 2118 3851 cubilibus
2215 3795 2357 3850 titur
2379 3811 2392 3849 :
2414 3794 2746 3863 sed,'tamen
2770 3793 2925 3848 beati
2949 3794 3049 3865 qui
3070 3795 3526 3865 persecutionem
3546 3795 3858 3867 patiuntur

484 3887 703 3942 vestris.
731 3889 792 3941 In
817 3888 942 3942 luce
966 3889 1249 3943 matutina
1280 3888 1490 3943 facient
1513 3888 1653 3943 illud
1682 3889 1951 3960 quoniam
1979 3906 2113 3945 con-
2214 3891 2445 3960 propter
2461 3888 2766 3960 justitiam.
2786 3888 2923 3943 Ecce
2943 3886 3021 3942 ait
3045 3887 3214 3942 Iudas
3230 3889 3531 3959 Apostolus
3555 3905 3569 3943 :
3599 3889 3855 3946 «Veniet

485 3985 578 4036 tra
605 3982 785 4037 Deum
815 3985 900 4035 est
922 3997 1128 4036 manus
1153 3997 1377 4036 eorum.
1402 3983 1469 4036 Et
1488 3982 1903 4053 concupierunt
1928 3998 2116 4054 agros,
2215 3982 2491 4038 Dominus
2511 3982 2570 4036 in
2591 3982 2842 4036 millibus
2861 3981 2976 4035 suis
2999 3980 3184 4036 facere
3203 3982 3502 4053 judicium,
3528 3987 3584 4037 et
3605 3982 3857 4053 perdere

486 4077 547 4129 et
564 4073 841 4128 violenter
864 4074 1140 4142 tulerunt,
1166 4079 1223 4129 et
1246 4075 1445 4130 domos
1473 4080 1805 4147 rapuerunt,
1829 4080 1886 4130 et
1911 4077 2121 4132 calum-

486 4166 796 4222 niabantur
817 4167 1026 4234 virum,
1046 4172 1103 4223 et
1120 4168 1353 4223 domum
1373 4168 1421 4240 ej
1430 4184 1513 4237 us,
1536 4168 1721 4223 virum
1743 4171 1800 4223 et
1823 4169 2121 4225 haeredita-

484 4262 602 4315 tem
621 4260 762 4331 ejus.
785 4259 995 4316 Idcirco
1018 4261 1153 4315 dicit
1174 4261 1443 4317 Dominus
1464 4262 1615 4317 haec:
1641 4263 1778 4317 Ecce
1800 4278 1907 4334 ego
1930 4263 2117 4334 cogito

486 4369 660 4425 super
705 4352 985 4409 familiam
1028 4354 1199 4409 istam
1243 4356 1482 4422 malum,
1514 4356 1667 4411 unde
1705 4372 1822 4411 non
1853 4356 2120 4412 auferetis

2217 4092 2417 4131 omnes
2443 4075 2668 4147 impios,
2690 4080 2747 4130 et
2762 4092 3002 4147 arguere
3033 4091 3263 4129 omnem
3288 4091 3539 4143 carnem,
3564 4076 3633 4131 de
3655 4077 3856 4131 omni—

2214 4170 2322 4225 bus
2366 4169 2749 4241 impietatibus
2793 4185 3016 4223 eorum.
3050 4191 3077 4219 »
3126 4170 3275 4236 Haec,
3319 4170 3540 4236 fratres,
3570 4169 3730 4224 valde
3776 4169 3854 4225 ti-

2215 4263 2429 4318 menda
2445 4267 2578 4317 sunt
2590 4264 2649 4317 et
2666 4261 3088 4334 perpendenda,
3109 4279 3183 4317 ne
3198 4261 3434 4316 veniens
3454 4262 3857 4335 unusquisque

2217 4357 2289 4411 ad
2305 4355 2586 4428 judicium
2609 4372 2841 4428 poenam
2879 4372 3009 4410 cum
3048 4355 3242 4427 impiis
3283 4355 3534 4426 recipiat,
3570 4356 3671 4409 sed
3715 4373 3859 4413 cum

482 4447 626 4503 colla
661 4451 866 4517 vestra,
901 4451 958 4502 et
1004 4464 1118 4502 non
1162 4448 1523 4504 ambulabitis
1567 4450 1816 4521 superbi,
1845 4450 2118 4522 quoniam
2208 4449 2374 4521 justis
2389 4449 2649 4522 gloriam.
2667 4449 2831 4513 Quod
2846 4449 3537 4520 piusDominuspraestare
3554 4448 3852 4520 dignetur,

483 4545 715 4614 tempus
740 4541 1057 4614 pessimum
1086 4546 1190 4601 est.
1216 4544 1278 4597 ln
1301 4542 1391 4598 die
1424 4542 1521 4598 illa
1547 4549 1805 4599 sumetur
1824 4561 1997 4615 super
2018 4562 2119 4600 vos

483 4636 773 4708 parabole,
805 4640 862 4693 et
888 4634 1208 4692 cantabunt
1237 4637 1523 4693 canticum
1550 4653 1680 4692 cum
1708 4637 1999 4707 suavitate,
2029 4638 2115 4693 di-

2218 4544 2315 4615 qui
2344 4543 2478 4599 vivit
2501 4547 2560 4599 et
2587 4546 2793 4616 regnat
2820 4560 2925 4614 per
2950 4543 3155 4597 saecula
3181 4548 3404 4598 cuncta.
3434 4543 3570 4597 Data
3604 4542 3855 4599 Kalend.

2214 4637 2360 4705 Maii,
2389 4637 2621 4692 Heliano
2648 4641 2706 4694 et
2730 4638 2927 4693 Vetere
2962 4652 3043 4691 cc.
3070 4635 3416 4691 consulibus.

486 4730 738 4785 centium
786 4747 799 4785 :
841 4730 1295 4802 Depopulatione
1349 4729 1547 4786 vastati
1593 4747 1810 4802 sumus,
1840 4748 1970 4804 pars
2010 4749 2114 4805 po-

996 4912 1580 4998 INCIPIUNT
1651 4914 2165 5001 DECRETA
2237 4916 2528 5001 SIXTI
2599 4914 2911 4998 PAP/E
2982 4912 3337 4999 PRIMI.

1566 5036 1748 5107 (Anno
1786 5038 2013 5093 Domini
2054 5042 2173 5103 129,
2205 5043 2464 5109 tempore
2503 5035 2776 5108 Adriani.)

558 5142 834 5201 Omnibus
876 5145 936 5202 in
977 5147 1094 5204 Deo
1139 5153 1325 5221 Patre,
1354 5156 1413 5208 et
1456 5152 1700 5210 Domino
1750 5160 1939 5211 nostro
1981 5157 2188 5240 JesuD
2212 5162 2317 5211 est.
2349 5156 2546 5210 Fidem
2572 5154 2727 5210 enim
2755 5160 2966 5211 rectam
3002 5172 3098 5211 vos
3138 5158 3333 5210 tenere
3363 5157 3607 5225 oportet,
3637 5157 3703 5208 ut
3734 5154 3862 5210 dis-

486 5239 708 5294 Christo
738 5239 957 5295 dilectis
983 5240 1252 5300 fratribus
1277 5246 1339 5301 in
1377 5247 1654 5303 charitate
1679 5249 1903 5304 Domini
1930 5250 2111 5306 nostri
2131 5239 2165 5240 ﬁ
2212 5249 2522 5305 sentientes
2564 5249 2634 5303 ab
2678 5249 2981 5321 apostolica
3018 5265 3135 5303 non
3183 5247 3305 5302 sitis
3346 5246 3623 5302 doctrina.
3656 5248 3867 5304 Unum

482 5333 615 5388 Iesu
640 5331 867 5405 Christi,
898 5333 1093 5390 SIXTUS
1123 5335 1395 5395 Romanas
1434 5341 1694 5398 Ecclesia
1731 5343 2109 5415 archiepisco-

483 5442 592 5498 pus
616 5426 879 5482 salutem.

556 5519 910 5589 Charissimi,
942 5519 1184 5578 ﬁdeliter
1214 5524 1366 5597 agite
1406 5527 1465 5582 in
1497 5530 1785 5599 omnibus,
1814 5533 1882 5586 ut
1915 5529 2111 5586 ﬁdeles

2213 5342 2369 5397 enim
2395 5359 2594 5398 verum
2620 5344 2798 5399 Deum
2825 5344 3045 5398 Patrem
3084 5345 3143 5397 et
3175 5341 3379 5396 Filium
3405 5358 3437 5395 a
3466 5339 3764 5412 prophetis
3797 5347 3869 5397 et.

2211 5436 2473 5508 apostolis
2514 5436 2871 5493 ostendimus
2920 5435 3313 5508 praedicatum,
3352 5451 3387 5488 a
3425 5433 3628 5505 quibus
3675 5428 3867 5493 etiam

2212 5526 2487 5602 Spiritum
2539 5535 2800 5586 sanctum
2856 5530 3142 5585 credimus
3182 5544 3301 5583 non
3350 5544 3468 5583 esse
3512 5526 3864 5596 discretum,

485 5617 542 5670 et
569 5630 688 5670 non
717 5614 974 5670 infideles
1003 5615 1392 5676 inveniamini.
1424 5623 1605 5680 Nolite
1635 5624 1845 5680 imitari
1872 5625 2107 5693 malum,
2213 5623 2349 5678 Isaia
2379 5624 2661 5696 propheta
2689 5623 2913 5679 dicente
2947 5638 2959 5678 :
2998 5646 3025 5674 (ι
3052 5624 3170 5693 Ego
3195 5638 3324 5675 sum
3353 5622 3497 5675 Deus
3526 5623 3585 5674 et
3614 5636 3735 5675 non
3766 5629 3871 5680 est

480 5707 578 5763 sed
605 5708 755 5781 quod
781 5709 999 5764 bonum
1029 5714 1115 5764 est
1136 5712 1305 5784 agite,
1330 5715 1465 5786 quia
1494 5719 1591 5788 qui
1616 5736 1682 5773 ex
1706 5720 1824 5774 Deo
1854 5724 1938 5774 est
1965 5719 2113 5774 bene
2210 5718 2352 5773 alius
2381 5724 2588 5790 praeter
2616 5735 2726 5773 me.
2775 5720 2841 5773 Et
2883 5733 2988 5789 per
3019 5717 3303 5788 meipsum
3324 5714 3478 5786 juro,
3507 5714 3639 5785 quia
3680 5716 3873 5775 exivit

483 5799 631 5867 facit,
667 5802 764 5872 qui
793 5807 983 5858 autem
1012 5806 1185 5873 male,
1217 5824 1333 5863 non
1369 5826 1434 5863 ex
1466 5812 1597 5881 Deo,
1630 5812 1728 5865 sed
1772 5829 1838 5866 ex
1889 5811 2111 5866 diabolo
2214 5829 2281 5866 ex
2308 5829 2405 5867 ore
2434 5829 2565 5868 meo
2595 5813 2829 5875 veritas;
2861 5816 2918 5866 et
2948 5826 3134 5866 sermo
3178 5825 3340 5864 meus
3385 5824 3502 5864 non
3546 5806 3865 5883 avertitur,
