4068 6370
242 374 319 426 101
1447 377 1924 434 DECRETALIUM
1964 380 2348 435 COLLECTIO.

3474 391 3572 444 102

237 478 349 549 quia
369 479 510 534 mihi
541 480 904 537 inclinabitur
929 499 1097 538 omne
1129 500 1302 554 genu,
1331 489 1388 540 et
1419 487 1607 541 omnis
1639 487 1835 557 lingua
1858 488 2100 574 Abetur
2131 505 2144 543 :
2173 511 2200 538 α
2244 489 2506 543 Miserere
2543 490 2706 545 nobis
2742 492 2890 547 Deus
2936 491 3198 546 omnium
3239 495 3296 546 et
3339 495 3576 548 ostende

235 572 572 632 conﬁtebitur
599 592 700 646 per
728 577 1056 646 Dominum,
1081 578 1272 634 dicens
1298 597 1309 634 :
1332 580 1558 636 Iustitia
1580 584 1637 634 et
1655 582 1838 651 gloria

234 666 296 719 ad
320 683 441 720 eum
463 668 672 723 veniet.
703 691 730 718 »
765 673 831 726 Et
853 675 916 725 ut
946 672 1004 726 in
1035 673 1140 728 hoc
1169 673 1500 728 testimonio
1525 675 1754 728 Patrem
1784 679 1841 728 et

233 759 408 813 Filium
443 761 610 816 simul
651 763 823 818 fuisse
864 766 1213 836 cognoscatis
1248 767 1487 821 Paulum
1516 769 1836 838 apostolum

230 853 398 907 audite
421 853 705 910 dicentem
728 873 740 912 :
771 878 799 910 «
830 859 899 913 Ut
925 858 984 912 in
1005 860 1258 927 nomine,
1285 860 1490 931 inquit,
1512 863 1645 915 Jesu
1665 878 1835 915 omne

228 963 362 1017 genu
377 946 634 1003 flectatur
645 952 976 1022 caelestium,
992 954 1344 1009 terrestrium
1357 997 1370 1022 ,
1387 955 1832 1025 etinfernorum,

226 1041 460 1094 etomnis
477 1041 670 1113 lingua
686 1046 1045 1115 conﬁteatur,
1066 1047 1200 1118 quia
1218 1048 1492 1102 Dominus
1505 1050 1530 1102 J
1538 1065 1663 1102 esus
1681 1048 1835 1103 Chri-

225 1137 328 1187 stus
356 1135 410 1188 in
438 1136 623 1206 gloria
650 1141 734 1192 est
759 1139 861 1192 Dei
890 1140 1071 1194 Patris
1098 1141 1526 1212 omnipotentis.
1557 1161 1583 1192 »
1608 1142 1767 1205 Quod
1789 1142 1834 1194 si

224 1229 516 1283 secundum
533 1231 752 1302 aliquos
769 1232 938 1286 Filius
954 1239 1036 1288 est
1049 1233 1238 1288 minor
1250 1236 1414 1290 Patre
1426 1252 1550 1304 suo,
1567 1251 1705 1306 ergo
1723 1234 1830 1288 mi-

224 1326 399 1376 norata
414 1321 541 1396 23
565 1331 648 1378 est
661 1329 717 1379 et
729 1326 907 1396 gloria
925 1328 1174 1381 Patrisin
1200 1328 1354 1382 Filio.
1371 1330 1437 1384 Et
1455 1328 1549 1382 ubi
1571 1333 1658 1381 est
1676 1328 1832 1400 quod

218 1413 270 1466 in
296 1414 584 1472 Salomone
604 1417 887 1489 Scriptura
902 1420 1151 1490 loquitur
1170 1420 1362 1475 dicens
1389 1440 1400 1475 :
1441 1443 1468 1470 «
1500 1420 1655 1476 Sicut
1677 1421 1831 1475 enim

215 1507 268 1561 in
278 1514 570 1580 conspectu
592 1527 813 1579 eorum,
829 1511 1035 1584 inquit,
1050 1513 1443 1584 magniﬁcatus
1463 1518 1550 1568 est
1568 1515 1627 1568 in
1647 1513 1827 1580 nobis,

215 1600 284 1655 ita
309 1602 360 1655 in
392 1610 699 1674 conspectu
727 1611 920 1660 nostro
950 1607 1411 1678 magniﬁcaberis
1431 1609 1489 1661 in
1513 1607 1622 1662 illis
1651 1612 1712 1663 ut
1742 1625 1831 1663 co-

215 1701 479 1766 gnoscant
511 1700 564 1751 te
597 1699 738 1752 sicut
769 1702 826 1753 et
851 1712 956 1753 nos
983 1701 1374 1772 cognovimus,
1403 1703 1681 1773 quoniam
1715 1719 1827 1756 non

213 1792 292 1842 est
319 1790 461 1844 Deus
491 1795 706 1861 praeter
731 1796 808 1862 te,
831 1793 1104 1848 Domine?
1135 1816 1162 1844 ››
1187 1795 1499 1865 Diligenter
1519 1795 1753 1850 attende
1773 1799 1830 1850 et

1941 581 2103 635 nobis
2127 582 2320 637 lumen
2349 582 2748 652 miserationis,
2780 589 2835 639 ct
2857 585 3099 641 immitte
3121 586 3388 641 timorem
3410 589 3574 642 tuum

1939 691 2108 746 super
2139 678 2360 746 gentes,
2388 677 2484 747 qui
2505 694 2622 732 non
2639 679 3033 750 exquisiernnt
3054 682 3129 748 te,
3150 683 3215 734 ut
3228 685 3577 751 cognoscant

1937 769 2071 840 quia
2086 786 2201 823 non
2225 773 2308 824 est
2333 769 2474 824 alius
2501 771 2648 826 Deus
2668 771 2778 826 nisi
2796 777 2878 827 tu.
2903 795 2930 822 »
2948 775 3090 827 Item
3107 773 3271 828 alibi:
3292 775 3573 829 «Domine

1936 862 2082 916 Deus
2123 863 2312 930 Israel,
2356 879 2473 917 non
2512 867 2597 917 est
2641 863 2742 918 tibi
2787 865 2986 919 similis
3043 865 3103 919 in
3144 867 3281 920 coelo
3326 884 3571 935 sursum,

1935 971 2120 1026 neque
2147 955 2206 1009 in
2228 959 2380 1009 terra
2409 956 2696 1010 deorsum.
2726 978 2753 1007 »
2797 959 2866 1012 Et
2888 958 2947 1012 in
2976 958 3196 1029 psalmo
3219 954 3461 1030 septimo
3479 961 3575 1015 de-

1935 1047 2082 1102 cimo
2111 1065 2124 1102 :
2160 1069 2186 1097 ‹‹
2221 1047 2503 1112 Quoniam
2539 1049 2664 1120 quis
2695 1051 2846 1105 Deus
2872 1057 3082 1123 prazter
3114 1053 3442 1124 Dominum,
3474 1057 3576 1109 aut

1937 1141 2063 1212 quis
2097 1142 2259 1212 Deus,
2292 1145 2504 1213 praeter
2535 1143 2712 1196 Deum
2754 1147 3033 1200 nostrum.
3068 1166 3095 1194 »
3139 1147 3206 1200 Et
3229 1146 3290 1200 in
3321 1147 3520 1202 Genesi
3555 1164 3568 1200 :

1938 1255 1965 1286 «
1993 1236 2060 1289 Et
2076 1235 2223 1306 pluit
2239 1236 2511 1290 Dominus
2528 1253 2562 1290 a
2584 1236 2820 1291 Domino
2843 1238 3040 1307 ignem
3067 1241 3124 1292 et
3145 1239 3384 1310 sulphur
3399 1257 3571 1312 super

1934 1328 2239 1383 Sodomam
2270 1334 2325 1384 et
2351 1330 2731 1384 Gomorrham
2768 1335 2826 1384 et
2855 1331 3058 1385 evertit
3093 1331 3343 1387 civitates
3366 1332 3508 1388 illas.
3538 1356 3566 1383 ››

1933 1421 1992 1477 Si
2020 1422 2170 1476 solus
2195 1424 2362 1478 Pater
2388 1423 2538 1477 Deus
2565 1427 2669 1490 est,
2705 1423 2831 1494 quis
2861 1423 3008 1494 pluit
3035 1422 3230 1494 ignem
3257 1429 3312 1480 et
3330 1427 3570 1498 sulphur

1933 1533 2098 1586 supra
2130 1515 2425 1587 praedictas
2463 1516 2734 1585 civitates,
2779 1519 2845 1571 ut
2887 1534 2979 1571 eas
3007 1519 3316 1572 everteret?
3345 1519 3564 1588 Quaeso,

1932 1609 2233 1680 responde.
2253 1612 2320 1664 Et
2335 1609 2393 1664 in
2411 1610 2883 1665 Deuteronomio:
2909 1611 3221 1665 «Dominus
3235 1611 3381 1665 solus
3393 1612 3565 1667 dedu-

1931 1703 2097 1758 cebat
2118 1719 2212 1756 eos
2235 1707 2290 1758 et
2308 1719 2425 1757 non
2449 1703 2558 1757 fuit
2583 1720 2710 1758 cum
2736 1703 2844 1758 illis
2869 1704 3016 1758 Deus
3037 1704 3275 1760 alienus.
3298 1725 3325 1754 »
3349 1709 3404 1760 et
3423 1707 3565 1760 Pau-

1928 1794 2014 1847 lus
2043 1794 2331 1866 apostolus
2364 1811 2376 1848 :
2408 1815 2436 1843 «
2467 1796 2623 1849 Unus
2665 1795 2813 1849 Deus
2848 1795 2946 1866 qui
2973 1795 3245 1866 justiﬁcat
3271 1795 3566 1850 circumci-

213 1899 444 1954 agnosce
472 1885 676 1939 Filium
712 1903 832 1940 esse
867 1887 966 1959 qui
1001 1888 1461 1959 magniﬁcabitur
1500 1889 1560 1942 in
1582 1889 1824 1960 judicio,
1847 1877 1904 1948 Β
1928 1887 2148 1941 sionem
2180 1904 2250 1941 ex
2290 1887 2422 1954 ﬁde,
2467 1890 2524 1942 et
2565 1888 2912 1959 praeputium
2944 1904 3048 1960 per
3089 1889 3295 1957 tidem;
3336 1910 3365 1940 »
3400 1892 3458 1943 et
3491 1889 3565 1944 ad

211 1976 339 2030 dum
366 1979 586 2033 venerit
615 1979 767 2034 vivos
795 1987 852 2035 et
874 1987 1126 2036 mortuos
1148 1982 1426 2052 judicare.
1446 1984 1584 2037 Item
1606 1982 1774 2037 Isaias
1809 2000 1822 2037 :

211 2091 236 2117 «
263 2070 457 2124 Audite
484 2073 688 2127 domus
711 2075 898 2143 Jacob,
937 2078 994 2130 et
1022 2076 1235 2130 residui
1275 2076 1479 2130 domus
1502 2077 1694 2146 Israel,
1729 2076 1824 2149 qui

207 2165 540 2234 egredimini
568 2184 635 2220 ex
662 2173 820 2223 utero
858 2173 915 2223 et
942 2169 1246 2224 erudimini
1285 2187 1317 2223 a
1348 2186 1524 2241 puero
1547 2187 1728 2242 usque
1755 2171 1826 2225 ad

205 2262 568 2314 senectutem.
587 2261 669 2314 Ab
692 2262 854 2316 initio
871 2279 976 2334 ego
994 2280 1120 2318 sum
1144 2269 1199 2318 et
1215 2280 1510 2336 quousque
1523 2264 1825 2319 senescatis

204 2366 306 2422 ego
325 2369 472 2407 sum.
495 2355 612 2425 Ego
633 2371 732 2408 vos
758 2355 867 2409 feci
888 2359 945 2410 et
963 2373 1070 2428 ego
1096 2357 1369 2427 sustineo,
1386 2374 1492 2429 ego
1506 2358 1819 2426 remittam,

203 2460 303 2514 ego
315 2446 637 2518 suscipiam,
658 2448 1100 2505 dicitDominus.
1117 2472 1144 2500 ››
1169 2452 1236 2505 Et
1255 2451 1497 2507 iterum:
1516 2453 1679 2523 «Ego
1696 2469 1822 2506 sum

199 2537 467 2592 Dominus
494 2542 660 2611 Deus,
707 2547 918 2613 praeter
951 2561 1044 2598 me
1076 2561 1192 2599 non
1225 2549 1309 2599 est
1337 2545 1480 2600 alius
1519 2547 1686 2614 Deus,
1717 2563 1820 2600 an-

200 2632 460 2688 nuntians
481 2635 789 2690 novissima
819 2637 1148 2710 priusquam
1178 2639 1335 2706 ﬁant,
1367 2641 1425 2693 et
1451 2639 1642 2694 statim
1685 2656 1819 2694 con-

195 2732 472 2781 summata
514 2733 665 2783 sunt.
708 2751 736 2778 »
781 2731 918 2784 Item
967 2730 1142 2786 alibi:
1189 2753 1216 2782 ‹‹
1255 2732 1402 2787 Audi
1440 2749 1536 2786 me
1571 2733 1736 2788 Jacob
1767 2739 1822 2788 et

195 2819 378 2886 Israel,
422 2821 692 2891 quoniam
733 2839 840 2895 ego
879 2824 1008 2879 feci.
1041 2827 1161 2895 Ego
1203 2841 1330 2879 sum
1371 2826 1646 2880 Dominus
1677 2827 1821 2882 Deus

191 2917 338 2980 tuus,
373 2920 430 2967 et
457 2931 575 2969 non
603 2919 689 2970 est
711 2917 851 2971 alius
876 2923 1084 2990 praeter
1111 2935 1227 2973 me.
1253 2940 1281 2969 »
1311 2921 1456 2974 Item
1485 2919 1561 2974 ibi
1595 2937 1607 2974 :
1645 2942 1672 2970 «
1699 2921 1819 2992 Ego

189 3021 316 3060 sum
354 3006 626 3062 Dominus
655 3011 799 3064 Deus
826 3015 956 3066 tuus
993 3013 1212 3083 primus
1251 3018 1308 3067 et
1344 3028 1451 3082 ego
1483 3012 1820 3068 novissimus

188 3104 244 3152 et
283 3098 341 3154 in
374 3117 440 3154 ea
479 3117 607 3172 quae
645 3110 1055 3173 superventura
1094 3109 1227 3160 sunt
1265 3107 1325 3161 in
1364 3106 1681 3161 novissimis
1715 3124 1820 3179 ego

184 3209 331 3247 sum.
363 3195 480 3266 Ego
507 3212 634 3249 sum
660 3197 809 3251 Deus
854 3199 953 3268 qui
983 3203 1038 3254 te
1077 3200 1284 3267 creavi,
1318 3200 1414 3271 qui
1445 3205 1502 3255 te
1528 3201 1735 3272 adjuvi,
1765 3207 1820 3256 et

183 3289 536 3342 communivi
572 3289 812 3344 dextera
847 3308 995 3347 mea.
1038 3311 1064 3344 »
1107 3295 1177 3348 Et
1217 3293 1495 3349 unitatem
1538 3295 1719 3349 Patris
1762 3298 1820 3349 et

181 3380 308 3435 Filii
332 3383 631 3454 assignans
655 3384 908 3456 loquitur
934 3385 1129 3441 dicens
1164 3404 1176 3441 :
1214 3409 1242 3438 «
1279 3389 1398 3459 Ego
1428 3388 1586 3443 testis
1613 3393 1814 3459 vester,

181 3473 320 3529 dicit
338 3476 613 3531 Dominus
635 3479 800 3549 Deus,
827 3485 884 3533 et
901 3497 1043 3551 puer
1062 3497 1225 3536 meus
1245 3485 1307 3537 tu
1323 3499 1497 3554 quem
1513 3498 1620 3553 ego
1643 3483 1813 3554 elegi,

179 3572 242 3620 ut
267 3570 462 3624 sciatis
483 3575 541 3626 et
574 3572 834 3642 credatis,
862 3574 997 3645 quia
1019 3591 1124 3646 ego
1156 3593 1302 3644 sum,
1332 3580 1388 3631 et
1412 3581 1543 3631 ante
1576 3593 1670 3630 me
1701 3593 1816 3631 non

176 3661 289 3716 fuit
319 3662 468 3718 alius
499 3665 663 3735 Deus,
697 3670 754 3720 et
779 3671 907 3738 post
933 3685 1024 3723 me
1050 3687 1165 3724 non
1196 3670 1323 3725 erit.
1358 3692 1385 3719 ››
1417 3671 1606 3725 Unum
1630 3669 1691 3724 hi
1719 3670 1817 3741 qui

173 3772 295 3810 non
325 3773 460 3812 sane
490 3759 736 3829 sapiunt,
780 3761 996 3833 eligant
1032 3779 1097 3818 ex
1137 3764 1358 3819 duobus
1394 3767 1495 3819 aut
1533 3764 1816 3819 fateantur

173 3849 413 3904 Patrem
446 3855 504 3906 et
531 3852 732 3907 Filium
761 3856 940 3909 Deum
969 3873 1168 3926 unum,
1197 3861 1297 3912 aut
1319 3857 1359 3910 si
1382 3858 1567 3912 solum
1589 3861 1815 3915 Patrem

174 3941 358 3997 Deum
386 3961 511 3999 esse
557 3948 925 4017 contendunt,
969 3966 1108 4020 ergo
1153 3950 1264 4004 illis
1303 3952 1581 4007 Dominus
1624 3957 1816 4010 noster

169 4036 333 4090 Jesus
383 4038 643 4094 Christus
671 4041 772 4095 Dei
801 4042 972 4096 Filius
1002 4059 1116 4097 non
1157 4044 1264 4098 erit
1306 4045 1472 4114 Deus,
1510 4048 1647 4118 quia
1673 4048 1810 4103 scri-

169 4133 342 4200 ptum
371 4135 461 4186 est
492 4149 505 4186 :
543 4152 571 4184 «
599 4136 744 4189 Ante
769 4151 862 4189 me
880 4152 994 4190 non
1012 4137 1121 4191 fuit
1150 4138 1290 4193 alius
1317 4140 1467 4195 Deus
1489 4147 1546 4195 et
1575 4146 1703 4213 post
1720 4160 1812 4199 me

169 4242 286 4281 non
313 4229 451 4283 erit.
486 4249 513 4278 »
545 4230 604 4285 Si
631 4233 945 4287 secundum
977 4235 1117 4290 tales
1141 4235 1217 4290 ita
1245 4242 1348 4308 est,
1383 4255 1484 4293 cur
1510 4241 1814 4311 Apostolus

168 4321 311 4375 talia
343 4323 618 4392 praedicat
637 4330 694 4380 et
718 4327 984 4383 eumdem
1007 4329 1209 4384 Filium
1226 4331 1405 4386 Deum
1423 4349 1594 4404 super
1613 4351 1812 4388 omnes

167 4411 546 4471 benedictum
564 4417 840 4474 insinuat:
861 4443 887 4470 ‹‹
906 4421 1160 4485 Quorum
1173 4428 1377 4494 patres,
1393 4425 1595 4497 inquit,
1612 4445 1681 4482 ex
1693 4429 1815 4500 qui-

169 4505 276 4562 bus
304 4509 571 4565 Christus
600 4514 912 4568 secundum
939 4531 1171 4571 carnem
1199 4518 1297 4590 qui
1322 4522 1404 4573 est
1425 4537 1596 4591 super
1617 4523 1814 4576 omnia

1839 3248 1892 3322 C

1926 1980 2248 2035 Corinthios
2279 1997 2292 2036 :
2327 2003 2354 2030 ‹‹
2391 1982 2532 2035 Deus
2558 1985 2679 2036 erat
2706 1982 2766 2036 in
2791 1982 3015 2038 Christo
3045 1981 3335 2037 mundum
3363 1999 3562 2038 recon-

1926 2072 2120 2128 cilians
2146 2073 2282 2143 sibi;
2314 2096 2341 2123 »
2377 2077 2432 2128 et
2456 2074 2703 2129 iterum:
2725 2075 2893 2130 «Non
2912 2080 2994 2130 est
3019 2076 3167 2130 Deus
3195 2075 3303 2129 nisi
3328 2091 3506 2143 unus;
3530 2096 3558 2125 »

1926 2168 1982 2220 et
2001 2165 2074 2220 ad
2093 2166 2316 2222 Galatas
2339 2186 2354 2220 :
2381 2188 2408 2216 ‹‹
2429 2167 2702 2222 Mediator
2732 2171 2922 2223 autem
2942 2167 3113 2222 unius
3141 2184 3256 2222 non
3281 2170 3386 2236 est,
3416 2168 3563 2223 Deus

1926 2262 2118 2314 autem
2139 2277 2284 2314 unus
2305 2266 2416 2327 est;
2443 2280 2470 2312 »
2495 2264 2550 2314 et
2569 2260 2848 2316 unitatem
2868 2261 3046 2316 Patris
3067 2265 3125 2316 et
3152 2260 3295 2329 Filii,
3321 2264 3379 2315 et
3396 2260 3566 2332 Spiri-

1923 2357 2014 2408 tus
2040 2353 2216 2408 sancti
2238 2354 2652 2421 demonstrans,
2675 2354 2930 2425 Ephesiis
2952 2354 3219 2422 scribens,
3244 2353 3323 2408 ita
3352 2353 3562 2408 conﬁr-

1922 2449 2046 2500 mat
2073 2465 2086 2502 :
2119 2467 2147 2495 ‹‹
2165 2447 2772 2503 Sutferentesinvicem
2798 2447 2857 2502 in
2884 2448 3180 2516 charitate,
3205 2446 3432 2502 solliciti
3451 2463 3564 2502 ser-

1923 2464 2046 2500 mac
2073 2465 2086 2502 :
2119 2467 2147 2495 ‹‹
2166 2464 2514 2503 διιιιθτθιηθδ
2529 2464 2772 2502 1nv1cem
2798 2465 2857 2502 1n
2884 2464 3128 2503 cnaritat
3167 2464 3562 2516 ,somcmser—

1923 2544 2049 2594 vate
2069 2540 2347 2595 unitatem
2373 2541 2604 2612 spiritus
2626 2541 2686 2595 in
2706 2541 2931 2596 vinculo
2951 2464 3333 2644 pacisijnum
3357 2556 3562 2612 corpus

1923 2637 1978 2688 et
2008 2651 2153 2688 unus
2183 2633 2431 2706 spiritus,
2462 2633 2606 2688 sicut
2641 2634 2826 2689 vocati
2860 2633 2995 2689 estis
3031 2634 3090 2688 in
3118 2633 3233 2688 lina
3267 2650 3365 2706 spe
3396 2650 3556 2689 voca-

1921 2727 2092 2783 tionis
2118 2733 2338 2797 vestrae,
2373 2744 2521 2782 unus
2541 2729 2705 2798 Deus,
2731 2744 2846 2782 una
2865 2726 3022 2795 ﬁdes,
3047 2742 3230 2782 unum
3255 2727 3558 2798 baptisma,

1920 2838 2068 2876 unus
2101 2823 2246 2877 Deus
2291 2822 2503 2892 (Ephcs.
2545 2837 2619 2884 1v,
2667 2821 2742 2892 2).
2788 2841 2815 2869 »
2846 2819 2902 2876 Si
2940 2836 3058 2875 non
3100 2836 3237 2875 sane
3280 2819 3563 2892 sapientes

1920 2915 2204 2970 unitatem
2227 2914 2359 2970 ﬁdei
2389 2914 2674 2970 voluerint
2703 2914 2948 2985 simplici
2983 2913 3152 2969 corde
3189 2913 3462 2986 recipere,
3492 2930 3562 2969 ex

1920 3009 2028 3064 hoc
2051 3009 2241 3080 itaque
2264 3009 2589 3064 testimonio
2629 3008 2690 3062 in
2717 3024 2833 3063 uno
2861 3006 3061 3079 spiritu
3098 3010 3368 3079 poterunt
3395 3007 3564 3062 simul

1919 3102 2099 3157 Patris
2122 3107 2180 3156 et
2205 3102 2327 3156 Filii
2353 3102 2637 3157 unitatem
2655 3101 3001 3157 condiscere.
3023 3102 3253 3156 Patrem
3273 3099 3470 3172 igitur,
3501 3105 3563 3156 ut

1921 3197 2180 3268 superius
2193 3196 2673 3267 comprehensum
2687 3194 2856 3262 est,in
2879 3193 3082 3250 divinis
3093 3193 3320 3264 litteris,
3344 3193 3563 3266 ingeni~

1917 3295 2062 3360 tum,
2084 3289 2317 3362 proprie
2337 3289 2585 3361 positum
2610 3305 2714 3343 nec
2734 3288 2925 3360 legere
2946 3291 3184 3359 possunt
3198 3287 3426 3360 penitus
3454 3304 3558 3344 nec

1916 3385 2177 3456 probare.
2209 3383 2316 3439 Sed
2359 3383 2491 3455 quia
2519 3383 2578 3438 id
2613 3383 2804 3454 ipsum
2847 3381 2988 3436 fides
3027 3381 3205 3454 exigit
3242 3381 3552 3437 christiana

1918 3478 2133 3549 absque
2153 3478 2273 3532 ulla
2300 3476 2649 3531 dubitatione
2666 3475 2957 3548 ingenitus
2980 3475 3226 3532 creditus
3241 3475 3339 3547 qui
3362 3477 3556 3530 tamen

1917 3572 2230 3626 secundum
2261 3569 2468 3625 seriem
2499 3569 2921 3640 Scripturarum
2947 3569 3007 3623 in
3043 3569 3180 3624 Filio
3206 3585 3238 3622 a
3265 3585 3324 3622 se
3357 3569 3553 3638 genito

1915 3682 2064 3720 unus
2093 3681 2213 3720 esse
2243 3665 2616 3718 monstratur.

1989 3743 2066 3813 De
2093 3762 2296 3813 caetero
2321 3755 2534 3829 placuit
2558 3759 2790 3827 propter
2817 3754 3101 3810 malorum
3132 3754 3436 3810 hominum
3463 3754 3550 3810 in-

1916 3852 2263 3920 festationes,
2297 3854 2362 3905 ut
2391 3850 2451 3904 in
2483 3848 2842 3904 accusatione
2885 3848 3111 3903 Domini
3135 3847 3549 3918 ministrorum,

1914 3947 2100 4019 primo
2131 3962 2394 4019 persona,
2427 3943 2586 4011 ﬁdes,
2627 3943 2759 4011 vita,
2805 3947 2860 3998 et
2898 3941 3246 3998 conversatio
3281 3942 3547 4014 blasphe-

1914 4040 2197 4096 mantium
2215 4037 2557 4095 enucleatim
2585 4039 2990 4109 perscrutetur.
3015 4037 3156 4090 Nam
3183 4035 3321 4092 ﬁdes
3349 4052 3550 4092 omnes

1912 4141 2070 4192 actus
2095 4135 2345 4190 hominis
2371 4131 2694 4204 praecedere
2723 4129 2908 4198 debet,
2950 4129 3086 4200 quia
3121 4129 3325 4185 dubius
3350 4131 3410 4185 in
3435 4131 3548 4186 ﬁde

1912 4230 2158 4287 inﬁdelis
2191 4233 2294 4298 est,
2328 4243 2433 4282 nec
2461 4226 2542 4280 eis
2570 4223 2806 4280 omnino
2838 4228 2923 4278 est
2949 4223 3304 4280 credendum
3331 4223 3431 4296 qui
3453 4241 3546 4279 ve-

1912 4325 2096 4382 ritatis
2115 4322 2286 4376 fidem
2298 4321 2582 4392 ignorant,
2601 4333 2705 4372 nec
2718 4320 2889 4372 rectae
2909 4315 3355 4372 conversationis
3372 4315 3547 4372 vitam

1914 4420 2147 4473 ducunt.
2172 4413 2449 4479 Quoniam
2469 4413 2611 4468 tales
2631 4410 2795 4465 facile
2811 4415 2867 4465 et
2887 4409 3281 4464 indifferenter
3297 4409 3548 4466 lacerant

1915 4515 1971 4567 et
1999 4509 2372 4566 criminantur
2406 4510 2562 4561 recte
2597 4509 2653 4560 et
2694 4504 2784 4575 pie
2820 4503 3091 4572 viventes,
3123 4502 3330 4558 idcirco
3357 4504 3542 4576 suspi-

163 4599 312 4656 Deus
330 4603 668 4661 benedictus
687 4607 748 4661 in
771 4610 997 4664 saecula.
1019 4632 1046 4660 ››
1066 4612 1207 4666 Item
1225 4612 1394 4667 Isaias
1423 4614 1534 4669 ait:
1563 4634 1590 4667 «
1612 4617 1804 4671 Domi-
1826 4631 1885 4703 D
1908 4605 1994 4661 CiO
2016 4620 2215 4659 eorum
2232 4599 2583 4657 diSCUtienda
2600 4597 2878 4669 Primum:
2901 4601 2957 4652 εἴ
2975 4595 3334 4667 corrigenda:
3354 4612 3539 4667 neque

159 4710 268 4749 nus
302 4697 466 4753 Deus
496 4700 802 4774 lsraelqui
834 4703 1093 4759 liberavit
1118 4721 1250 4760 eum
1292 4707 1361 4762 de
1391 4708 1654 4780 Egypto.
1688 4713 1805 4781 Ego

159 4805 288 4844 sum
321 4792 557 4862 primus
584 4801 640 4849 et
665 4811 773 4867 ego
812 4801 938 4868 post
972 4799 1097 4853 haec
1135 4803 1194 4854 et
1228 4804 1440 4871 praeter
1466 4818 1557 4856 me
1584 4820 1699 4858 non
1724 4809 1808 4860 est

156 4881 316 4938 Deus
349 4885 502 4940 sicut
527 4903 633 4959 ego
668 4906 796 4944 sum
826 4891 926 4963 qui
968 4897 1077 4948 stet
1118 4898 1176 4948 et
1214 4898 1398 4966 vocet,
1445 4899 1501 4950 et
1527 4903 1807 4968 praeparet

153 4977 327 5045 mihi,
355 4995 431 5034 ex
467 4996 581 5051 quo
610 4983 899 5040 hominem
926 4987 1034 5042 feci
1059 4987 1121 5041 in
1148 4990 1372 5044 saeculo.
1400 5011 1427 5040 »
1455 4992 1592 5045 Item
1622 4991 1758 5046 alibi
1788 5009 1802 5046 :

157 5093 178 5120 υ
205 5073 271 5128 In
301 5079 368 5130 te
398 5078 484 5130 est
511 5077 659 5132 Deus
688 5081 745 5133 et
765 5080 1152 5137 nesciebamus
1171 5087 1226 5138 et
1252 5100 1370 5139 non
1387 5088 1472 5140 est
1495 5084 1639 5139 alius
1663 5086 1806 5140 Deus

149 5172 381 5235 praeter
410 5180 486 5224 te.
525 5171 606 5225 Tu
646 5188 708 5226 es
744 5172 899 5228 enim
935 5177 1081 5230 Deus
1121 5181 1178 5231 et
1213 5178 1624 5247 nesciebamus,
1657 5180 1805 5233 Deus

147 5260 329 5316 Israel
369 5262 646 5320 Salvator.
669 5286 696 5316 »
739 5268 892 5322 Unus
926 5271 1071 5324 Deus
1111 5287 1227 5326 non
1264 5275 1397 5326 sunt
1437 5273 1600 5327 Pater
1636 5277 1694 5327 et
1724 5273 1805 5327 Fi-

145 5353 307 5409 lius?
349 5357 491 5422 Quis
529 5364 612 5415 est
650 5360 744 5416 hic
793 5363 960 5433 Deus,
1000 5364 1060 5420 in
1096 5381 1211 5437 quo
1251 5382 1370 5421 esse
1411 5366 1616 5421 dicitur
1653 5368 1804 5421 Deus

144 5447 326 5504 Pater
343 5467 529 5522 quem
545 5453 728 5508 alium
750 5456 931 5511 Deum
951 5474 1067 5513 non
1097 5475 1218 5515 esse
1239 5459 1519 5532 propheta
1538 5476 1800 5532 saepenu-

142 5555 320 5598 mero
366 5548 758 5616 protestatur?
787 5551 855 5605 Et
897 5552 1114 5607 Baruch
1146 5570 1160 5608 :
1202 5575 1230 5605 «
1270 5553 1368 5609 Hic
1410 5555 1556 5609 Deus
1592 5559 1802 5624 noster,

143 5635 250 5704 ait,
286 5643 353 5692 et
399 5656 517 5695 non
559 5641 939 5713 applicabitur
980 5646 1127 5701 alter
1166 5649 1238 5703 ad
1272 5665 1407 5704 eum
1449 5648 1548 5721 qui
1587 5649 1806 5703 invenit

141 5744 405 5788 omnem
432 5734 583 5790 viam
609 5735 864 5792 scientiae
890 5743 948 5794 et
973 5739 1130 5796 dedit
1153 5758 1283 5797 eam
1311 5743 1475 5798 Jacob
1503 5759 1684 5815 puero
1705 5759 1806 5798 suo

137 5828 197 5876 et
223 5825 418 5882 Israel
448 5828 654 5885 dilecto
681 5848 803 5885 suo.
834 5833 966 5886 Post
1000 5833 1121 5889 haec
1155 5835 1217 5889 in
1257 5837 1421 5892 terris
1453 5836 1603 5891 visus
1637 5841 1720 5892 est
1749 5839 1807 5890 et

137 5915 304 5974 inter
336 5921 620 5979 homines
639 5930 1002 5981 conversatus
1022 5933 1124 5984 est.
1156 5952 1182 5979 ››
1206 5931 1272 5986 Et
1294 5930 1352 5986 in
1374 5931 1679 5986 Salomone
1710 5931 1806 5986 ha-

1909 4695 2330 4755 accusatoribus
2343 4691 2615 4765 suspectis
2629 4692 2722 4744 vel
2743 4691 2813 4744 de
2834 4689 3201 4744 inimicorum
3224 4689 3398 4743 domo
3413 4704 3541 4760 pro-

1906 4797 2210 4855 deuntibus
2247 4796 2332 4848 est
2364 4789 2735 4847 credendum.
2778 4789 2956 4842 Erant
2985 4786 3139 4842 enim
3175 4785 3410 4858 quidam
3437 4787 3537 4859 qui

1904 4893 2062 4966 prius
2088 4889 2426 4945 videbantur
2451 4900 2572 4940 esse
2597 4899 2662 4938 ex
2691 4880 2872 4952 nobis,
2894 4880 2990 4936 sed
3013 4896 3131 4934 non
3153 4883 3316 4934 erant
3336 4895 3404 4935 ex
3433 4897 3533 4936 no-

1903 4987 2011 5042 bis.
2045 4985 2101 5041 Si
2131 5000 2263 5038 vero
2289 4982 2476 5038 essent
2501 4995 2570 5034 ex
2604 4975 2787 5042 nobis,
2833 4973 3175 5029 mansissent
3210 4972 3402 5045 utique
3432 4991 3534 5030 no-

1904 5081 2147 5147 biscum,
2181 5082 2238 5133 et
2267 5092 2380 5131 non
2408 5071 2841 5130 conturbassent
2867 5068 3088 5122 fratres.
3119 5085 3148 5119 «
3178 5067 3539 5124 Exacuerunt

1907 5176 2120 5241 enim,»
2135 5176 2200 5227 ut
2213 5171 2292 5225 ait
2306 5168 2605 5239 Propheta,
2628 5185 2654 5217 «
2670 5164 2893 5233 linguas
2910 5177 3041 5215 suas
3054 5159 3198 5214 sicut
3216 5166 3532 5232 serpentes,

1905 5283 2190 5323 venenum
2202 5261 2465 5335 aspidum
2478 5260 2581 5314 sub
2602 5256 2766 5312 labiis
2777 5270 2980 5309 eorum
2997 5252 3163 5323 (Psal.
3181 5268 3396 5322 CXXXIX,
3409 5253 3486 5326 4).
3503 5278 3531 5306 ››

1904 5364 2259 5434 Quapropter
2283 5357 2342 5411 hi
2362 5351 2668 5427 respuendi
2693 5353 2824 5404 sunt
2851 5348 2898 5404 si
2922 5346 3338 5418 incorrigibiles
3364 5364 3533 5421 appa-

1903 5457 2142 5525 ruerint,
2175 5459 2231 5510 et
2257 5450 2469 5508 vitandi
2499 5463 2570 5502 ne
2598 5442 2838 5500 Domino
2858 5441 3146 5514 decipiant
3171 5440 3532 5500 famulantes.

1905 5551 2053 5607 State
2082 5565 2239 5620 ergo,
2275 5538 2638 5609 dilectissimi,
2678 5552 2852 5609 super
2872 5535 2991 5590 vias
3007 5533 3342 5607 aspicientes
3371 5539 3430 5591 et
3454 5536 3536 5592 in-

1903 5647 2258 5716 terrogantes
2292 5639 2361 5694 de
2402 5634 2617 5691 semitis
2662 5630 2884 5689 Domini
2934 5628 3182 5701 antiquis
3213 5645 3227 5684 :
3257 5631 3315 5685 et
3350 5629 3530 5685 videte

1905 5755 2035 5813 quae
2061 5739 2147 5792 est
2171 5735 2262 5789 via
2289 5729 2516 5786 Domini
2542 5728 2690 5784 bona
2709 5731 2768 5781 et
2791 5728 2964 5795 recta,
2983 5727 3041 5779 et
3060 5723 3347 5779 ambulate
3368 5722 3426 5776 in
3441 5738 3529 5790 ea,

1907 5838 1964 5889 et
1986 5828 2281 5887 invenietis
2306 5823 2562 5896 requiem
2589 5819 2886 5877 animabus
2904 5816 3125 5872 vestris.
3154 5817 3294 5870 Data
3309 5814 3529 5872 decima

1905 5929 2062 5983 sexta
2086 5924 2279 5978 Kalen.
2307 5917 2434 5974 Maii
2466 5917 2569 5972 sub
2595 5914 2847 5969 Adriano
2874 5914 2933 5966 et
2960 5911 3120 5964 Vero.
