4068 6324
529 356 627 413 103

1424 354 1704 411 ΑΡΡΕΝΙ).
1745 351 1831 409 AD
1869 351 2030 408 SEC.
2072 351 2158 408 1X.
2188 380 2257 392 ——
2297 351 2538 408 ISIDOPJ
2575 349 2998 408 MERCATORIS

3787 354 3891 409 104

1491 530 1721 602 ΙΤΕΜ
1789 530 2248 603 EPISTOLA
2315 528 2561 602 SIXTl
2627 529 2934 600 ΡΑΡᾸΕ.

601 687 797 743 SIXTUS
829 685 1164 742 universalis
1199 684 1518 758 apostolicae
1558 685 1820 741 Ecclesiae
1857 686 2154 758 episcopus
2175 685 2361 772 Abus
2409 683 2604 756 possit.
2655 684 2740 738 Ab
2793 685 2897 738 hac
2941 683 3095 739 enim
3133 687 3327 738 sancta
3383 682 3542 752 Sede,
3594 698 3626 735 a
3676 683 3890 737 sanctis

527 781 789 838 omnibus
814 780 1089 852 episcopis
1111 781 1169 834 in
1199 778 1435 833 Domino
1459 780 1723 833 salutem.

596 876 906 948 Coguoscat
947 876 1131 928 vestra
1181 871 1488 944 sapientia,
1555 872 1868 927 charissimi
1915 873 2149 940 fratres,

525 969 660 1042 quia
687 969 745 1022 in
773 968 878 1022 hac
916 970 1106 1021 sancta
1145 965 1280 1021 sede
1319 965 1631 1037 apostolica
1669 984 1702 1020 a
1731 966 1897 1020 nobis
1927 969 1982 1020 et
2018 966 2148 1021 reli-

523 1061 649 1135 quis
679 1060 958 1133 episcopis
996 1059 1327 1131 cmterisque
1367 1059 1595 1114 Domini
1626 1059 2008 1114 sacerdotibus
2037 1063 2148 1114 sta-

519 1159 708 1210 tutum
738 1158 842 1220 est,
866 1158 932 1208 ut
955 1169 1112 1208 sacra
1135 1169 1266 1206 vasa
1284 1169 1400 1207 non
1421 1152 1491 1207 ab
1518 1152 1644 1207 aliis
1670 1169 1846 1224 quam
1867 1170 1900 1206 a
1920 1153 2150 1224 sacratis

520 1214 873 1319 Dominoque
913 1246 1114 1301 dicatis
1152 1249 1576 1301 contrectentur
1610 1214 2148 1336 hoininibus.\lndi-

520 1359 699 1414 gnum
717 1341 877 1398 valde
898 1344 984 1395 est
1001 1343 1067 1393 ut
1079 1355 1238 1394 sacra
1260 1339 1482 1394 Domini
1497 1357 1628 1394 vasa
1663 1356 2017 1412 quaecunque
2039 1341 2152 1394 sint

517 1434 793 1490 humanis
811 1433 1008 1488 usibus
1027 1433 1296 1503 serviant,
1315 1438 1413 1488 aut
1437 1433 1505 1490 ab
1527 1433 1649 1488 aliis
1671 1450 1844 1504 quam
1864 1450 1896 1486 a
1912 1432 2148 1488 Domino

517 1527 926 1584 famulantibus
955 1525 1123 1598 eique
1152 1526 1346 1582 dicatis
1376 1529 1695 1581 tractentur
1721 1526 1872 1581 viris.
1911 1527 1991 1581 Ne
2043 1544 2148 1598 pro

518 1621 730 1677 talibus
744 1619 1285 1693 praesumptionibus
1306 1619 1484 1674 iratus
1498 1621 1770 1675 Dominus
1789 1621 2018 1692 plagam
2036 1620 2146 1675 im-

517 1717 697 1787 ponat
723 1715 933 1785 populo
961 1729 1082 1780 suo,
1111 1717 1168 1768 et
1196 1713 1256 1768 hi
1286 1713 1459 1768 etiam
1495 1715 1594 1785 qui
1625 1731 1738 1768 non
1768 1719 2152 1785 peccaverunt

522 1809 673 1864 mala
696 1807 989 1878 patiantur
1007 1811 1106 1862 aut
1131 1810 1390 1877 pereant,
1419 1807 1551 1878 quia
1580 1808 1729 1878 perit
1745 1807 1932 1878 justus
1956 1808 2149 1880 saepis-

2255 779 2520 850 apostolis
2542 778 2706 846 tueri,
2732 777 2961 833 defendi
2979 783 3035 832 et
3051 777 3278 832 liberari
3303 777 3552 848 episcopi
3561 777 3708 847 jussi
3730 782 3888 846 sunt,

2250 876 2316 928 ut
2343 873 2486 927 sicut
2515 889 2715 927 eorum
2755 872 3124 944 dispositione
3160 870 3460 925 ordinante
3493 870 3733 925 Domino
3762 870 3883 942 pri-

2251 967 2424 1021 mitus
2464 970 2596 1020 sunt
2635 967 2944 1032 constituti,
2993 965 3070 1019 sic
3104 965 3276 1035 hujus
3319 968 3525 1018 sanctae
3565 964 3746 1031 Sedis,
3780 981 3882 1019 cu-

2244 1061 2340 1131 jus
2361 1060 2712 1131 dispositioni
2734 1076 2937 1115 eorum
2961 1075 3156 1114 causas
3180 1062 3236 1112 et
3254 1057 3473 1129 judicia
3494 1062 3884 1125 servaverunt,

2250 1153 2626 1224 protectioue,
2649 1153 2855 1207 futuris
2873 1153 3228 1224 temporibus
3247 1151 3360 1205 sint
3379 1151 3450 1205 ab
3473 1151 3738 1206 omnibus
3758 1168 3889 1223 per-

2250 1219 2617 1302 versitatibus
2649 1263 2877 1318 semper
2922 1219 3312 1410 lib-erijUnde
3356 1245 3656 1316 culpantur
3684 1219 3884 1318 hi—qui

2250 1339 2409 1395 aliter
2435 1341 2584 1394 circa
2610 1341 2811 1395 fratres
2841 1340 3083 1410 egerint,
3147 1355 3280 1392 uam
3302 1339 3472 1409 hujus
3491 1339 3636 1394 sedis
3653 1339 3884 1393 rectori-

2249 1339 2409 1395 aliter
2435 1341 2584 1394 circa
2610 1341 2811 1395 fratres
2841 1340 3083 1411 egerint,
3105 1339 3280 1410 quam
3302 1339 3472 1409 hujus
3491 1339 3636 1394 sedis
3653 1339 3889 1393 rectori-

2249 1432 2353 1487 bus
2382 1433 2604 1504 placere
2629 1435 3026 1504 cognoverint.
3061 1432 3157 1486 His
3191 1432 3384 1486 taliter
3403 1431 3770 1487 consideratis
3793 1434 3883 1485 at-

2250 1543 2360 1598 que
2378 1543 2509 1581 cum
2531 1525 2763 1598 reliquis
2780 1525 3059 1598 episcopis
3075 1526 3314 1580 decretis
3329 1531 3602 1598 tauquam
3620 1525 3885 1580 omnium

2251 1636 2446 1674 curam
2475 1624 2762 1690 gerentes,
2809 1623 3044 1692 propter
3078 1619 3229 1674 sedis
3258 1619 3503 1691 propria:
3531 1619 3750 1691 apicem
3784 1619 3882 1674 de-

2249 1714 2557 1782 cernimus,
2584 1717 2650 1768 ut
2691 1730 2863 1768 nemo
2900 1713 3234 1784 pontificum
3287 1713 3538 1785 aliquem
3569 1712 3684 1768 suis
3711 1713 3886 1767 rebus

2251 1806 2628 1878 exspoliatum
2643 1807 2971 1879 episcopum
2993 1811 3090 1862 aut
3111 1824 3143 1861 a
3165 1805 3298 1862 sede
3310 1808 3538 1878 pulsum
3556 1823 3889 1862 excommu-

524 1901 664 1957 sime
694 1917 798 1972 pro
831 1900 1029 1972 impio.
1059 1900 1368 1968 Attendite,
1403 1901 1629 1969 fratres,
1666 1918 1738 1956 ne
1773 1901 1909 1956 talia
1932 1900 2066 1956 viris
2089 1901 2150 1956 in
2252 1899 2462 1968 nicare,
2492 1903 2593 1955 aut
2611 1900 2870 1970 judicare
2909 1903 3240 1972 prmsumat,
3274 1900 3410 1972 quia
3449 1917 3565 1956 non
3596 1904 3682 1954 est
3706 1900 3884 1972 privi-

521 1994 780 2051 Ecclesiis
805 1993 1141 2066 permittatis
1169 1993 1433 2064 deinceps
1457 1993 1602 2064 fieri,
1632 2011 1705 2050 ne
1734 2010 1872 2066 grex
1903 1995 2151 2067 pretioso
2248 1993 2463 2064 legium
2499 2010 2611 2065 quo
2642 1993 2945 2065 exspoliari
2988 1994 3165 2066 possit
3193 1995 3314 2065 jam
3350 1993 3616 2049 nudatus.
3656 1993 3712 2048 Si
3756 1993 3888 2066 quis

522 2087 796 2161 sanguine
835 2085 1044 2143 Christi
1087 2087 1414 2158 redemptus
1459 2087 1520 2141 in
1561 2087 1943 2160 praecipitium
1982 2068 2443 2160 (quodBautem
2490 2087 2652 2142 aliter
2695 2104 2864 2159 agere
2907 2087 3355 2160 praesumpserit,
3399 2087 3540 2142 sciat
3582 2103 3887 2141 censuram

521 2183 684 2252 absit)
715 2184 875 2249 ruat;
905 2184 1136 2252 propter
1171 2180 1324 2252 quod
1354 2181 1624 2236 assumite
1647 2184 1996 2236 armaturam
2027 2182 2149 2253 Dei,

521 2280 587 2331 ut
613 2275 836 2348 possitis
858 2275 1119 2330 resistere
1143 2273 1232 2328 his
1259 2273 1358 2346 qui
1391 2274 1791 2330 contradicunt
1823 2275 2063 2343 veritati,
2097 2279 2155 2332 et

519 2369 743 2426 induite
771 2385 869 2424 vos
893 2367 1066 2423 lorica
1086 2367 1344 2438 justitiae,
1380 2367 1612 2423 calceati
1635 2369 1810 2440 pedes
1833 2368 1894 2424 in
1923 2385 2150 2441 prmpa-

520 2465 738 2519 ratione
755 2460 1044 2532 Evangelii
1064 2461 1234 2532 pacis.
1259 2461 1318 2516 Si
1337 2461 1462 2533 quis
1473 2477 1606 2516 vero
1627 2467 1876 2518 vestrum
1894 2463 2151 2534 pulsatus

519 2556 691 2613 fuerit
716 2557 777 2611 in
800 2556 992 2626 aliqua
1021 2555 1362 2610 adversitate
1389 2555 1626 2611 licenter
1645 2556 1794 2612 hanc
1825 2559 2074 2612 sanctam
2095 2560 2152 2612 et

518 2650 892 2722 apostolicam
902 2649 1148 2720 appellet
1157 2648 1381 2719 Sedem,
1408 2653 1465 2704 et
1481 2649 1554 2704 ad
1569 2665 1696 2704 eam
1717 2651 1878 2722 quasi
1893 2650 1966 2706 ad
1981 2655 2152 2721 caput

519 2743 830 2812 suffugium
860 2742 1084 2812 habeat,
1127 2759 1199 2796 ne
1231 2742 1506 2797 innocens
1545 2743 1869 2813 damnetur,
1909 2749 2006 2798 aut
2043 2745 2146 2799 Ec-

521 2837 691 2893 clesia
710 2853 810 2892 sua
834 2835 1244 2892 detrimentum
1257 2835 1526 2907 patiatur.
1550 2835 1604 2891 Si
1631 2841 1822 2892 autem
1848 2836 1899 2892 ei
1920 2853 2149 2894 necesse

520 2930 691 2987 fuerit
725 2945 971 3002 eamque
1017 2929 1305 3001 appellare
1351 2928 1592 2985 minime
1646 2945 1816 2984 ausus
1861 2929 2052 2997 fuerit,
2094 2934 2152 2985 et

520 3028 751 3080 vocatus
776 3028 970 3079 tamen
1005 3023 1076 3078 ab
1107 3023 1214 3077 hac
1253 3025 1450 3077 sancta
1502 3022 1645 3078 Sede
1691 3022 1882 3090 fuerit,
1911 3040 2029 3078 non
2054 3041 2147 3078 re-

521 3117 661 3169 nuat
685 3113 900 3183 venire,
933 3111 1033 3168 sed
1061 3110 1382 3180 confestim,
1425 3113 1490 3166 ut
1517 3111 1568 3166 ei
1591 3111 1914 3166 nuntiatum
1953 3111 2147 3182 fuerit,

520 3206 713 3262 venire
731 3206 979 3272 festinet,
1007 3209 1063 3259 et
1093 3219 1288 3259 causas
1307 3219 1411 3274 pro
1441 3203 1646 3275 quibus
1662 3207 1892 3259 vocatus
1912 3210 1996 3260 est
2021 3223 2152 3277 pru-

519 3302 722 3357 denter
747 3299 1028 3371 disponat,
1055 3300 1226 3368 atque
1256 3295 1302 3350 si
1353 3312 1578 3352 necesse
1615 3295 1830 3368 aliquid
1862 3299 2150 3370 corrigere

518 3394 710 3462 fuerit,
737 3409 871 3448 cum
897 3390 986 3446 his
1013 3405 1156 3461 quos
1184 3389 1275 3444 hic
1299 3389 1514 3460 primos
1539 3390 1840 3462 invenerit,
1871 3391 2146 3464 corrigat;

520 3489 594 3543 ad
608 3484 919 3543 Ecclesiam
940 3488 1134 3538 tamen
1149 3498 1309 3537 suam
1326 3498 1444 3537 non
1463 3483 1618 3554 prius
1638 3488 1958 3540 revertatur
1975 3501 2148 3557 quam

519 3579 721 3636 litteris
739 3576 1061 3650 apostolicis
1082 3575 1168 3632 vel
1186 3575 1450 3632 formatis
1475 3577 1722 3649 pleniter
1739 3577 2048 3634 instructus
2069 3584 2150 3634 at-

519 3689 631 3746 que
659 3673 952 3744 purgatus,
987 3669 1035 3725 si
1069 3669 1244 3725 fuerit
1273 3669 1445 3726 unde.
1478 3671 1550 3726 Et
1581 3675 1887 3742 postquam
1914 3673 2148 3728 domum

518 3780 780 3822 reversus
795 3763 985 3834 fuerit,
1005 3765 1352 3834 cognoscant
1371 3763 1539 3818 vicini
1571 3763 1657 3818 sui
1678 3763 1918 3835 qualiter
1933 3766 2024 3820 hic
2045 3783 2149 3822 sua

516 3858 875 3930 aliorumque
901 3873 1068 3914 causa
1089 3856 1346 3912 discussa
1361 3856 1553 3927 fuerit,
1575 3861 1860 3930 quatenus
1881 3874 2009 3915 eam
2027 3860 2149 3916 abs-

519 3967 632 4024 que
651 3951 842 4024 aliqua
858 3950 1232 4024 ambiguitate
1253 3949 1520 4007 nuntiare
1544 3955 1601 4008 et
1620 3949 1937 4023 praedicare
1961 3953 2146 4009 omni-

2252 2181 2420 2252 hujus
2457 2181 2616 2237 Sedis
2654 2198 2786 2236 cum
2823 2181 3090 2236 omnibus
3130 2181 3401 2236 membris
3445 2181 3559 2235 suis
3599 2181 3704 2235 sibi
3744 2197 3883 2237 ven-

2250 2275 2460 2342 turam,
2507 2280 2564 2329 et
2598 2275 2742 2329 sicut
2783 2275 2982 2345 egerit,
3030 2275 3107 2328 ita
3144 2273 3399 2346 recipiet.
3453 2274 3510 2329 Si
3539 2274 3682 2329 bene
3711 2274 3886 2342 bene,

2253 2383 2424 2438 grave
2447 2383 2636 2439 grave.
2662 2368 2720 2423 Si
2735 2368 2978 2439 pessime
2992 2369 3253 2439 pessime,
3277 2367 3552 2439 quoniam
3573 2368 3782 2439 dignus
3802 2375 3892 2424 est

2252 2461 2544 2533 operarius
2567 2463 2826 2517 mercede
2846 2479 2964 2517 sua.
2994 2465 3121 2531 Nos,
3144 2462 3366 2532 fratres,
3395 2461 3621 2516 nullum
3644 2461 3890 2533 perdere

2249 2555 2526 2623 volumus,
2561 2554 2659 2609 sed
2679 2555 2799 2626 ipse
2821 2555 3012 2627 perdit
3031 2572 3089 2611 se
3109 2555 3211 2627 qui
3230 2555 3321 2626 pie
3343 2555 3701 2610 considerata
3728 2573 3892 2610 aver-

2250 2648 2339 2715 tit,
2370 2650 2428 2702 et
2461 2649 2559 2720 qui
2600 2649 3005 2720 Apostolorum
3045 2653 3103 2703 et
3138 2648 3308 2720 hujus
3352 2651 3558 2703 sanctae
3588 2649 3745 2704 Sedis
3790 2649 3892 2705 de-

2250 2745 2406 2795 creta
2433 2741 2680 2796 libenter
2700 2743 2888 2798 violat.
2915 2743 3025 2799 Sed
3045 2759 3216 2810 nunc,
3258 2743 3481 2811 fratres,
3510 2743 3884 2798 commenda—

2250 2850 2377 2889 mus
2400 2851 2499 2890 vos
2529 2852 2727 2890 omnes
2770 2837 3039 2906 Domino,
3087 2841 3143 2891 et
3180 2837 3351 2892 verbo
3377 2837 3575 2907 gratim
3611 2837 3752 2907 ejus,
3785 2838 3889 2908 qui

2248 2932 2434 3000 potest
2461 2929 2732 3000 perﬁcere
2758 2933 2816 2986 et
2854 2930 2992 2984 dare
3032 2929 3424 2986 haereditatem
3459 2947 3588 2984 cum
3618 2930 3889 2985 omnibus

2249 3022 2484 3090 sanctis;
2513 3023 2636 3095 ipse
2676 3028 2870 3079 autem
2901 3025 3046 3078 Deus
3081 3023 3234 3095 pacis
3267 3027 3326 3078 et
3356 3023 3758 3079 consolationis
3785 3025 3889 3079 det

2248 3116 2402 3170 vobis
2418 3116 2665 3188 idipsum
2685 3134 2882 3188 sapere
2905 3117 2963 3171 in
2983 3117 3343 3185 alterutrum,
3366 3123 3430 3172 ut
3456 3117 3610 3171 vobis
3637 3118 3888 3172 invicem

2250 3210 2604 3277 succurratis,
2639 3215 2830 3264 etnon
2857 3209 2976 3264 sitis
3001 3210 3181 3281 divisi,
3211 3214 3272 3265 ut
3288 3210 3621 3278 .unanimes,
3642 3228 3756 3266 uno
3780 3229 3886 3266 ore

2249 3306 2306 3356 et
2326 3319 2440 3357 uno
2464 3302 2636 3356 corde
2655 3303 3095 3359 honoriﬁcemus
3119 3321 3250 3359 eum
3273 3305 3330 3360 in
3351 3305 3652 3360 concordia
3674 3308 3731 3358 et
3751 3321 3894 3360 con-

2249 3395 2525 3451 solatione
2566 3396 2829 3467 fratrum,
2879 3397 2977 3470 qui
3021 3403 3224 3470 potens
3268 3402 3352 3454 est
3388 3398 3732 3454 confirmare
3779 3416 3890 3454 nos

2249 3489 2563 3544 secundum
2615 3490 2990 3562 Evangelium
3047 3493 3198 3563 ejus,
3248 3493 3411 3563 juxta
3468 3491 3889 3549 revelationem

2247 3583 2502 3654 mysterii
2527 3585 2748 3652 aeterni,
2776 3585 3128 3656 temporibus
3163 3585 3379 3640 scilicet
3411 3585 3724 3657 perpetuis,
3752 3587 3884 3658 qui-

2247 3676 2353 3732 bus
2378 3677 2532 3731 vobis
2558 3693 2798 3733 munera
2834 3679 3160 3733 futurorum
3199 3678 3544 3748 gaudiorum
3585 3680 3890 3751 largieuda

2248 3775 2399 3824 sunt.
2428 3770 2570 3825 Data
2593 3787 2749 3826 nono
2777 3771 2973 3826 Kaleu.
3001 3770 3227 3843 Aprilis,
3255 3772 3502 3829 Adriano
3535 3777 3592 3829 et
3624 3774 3767 3829 Vero
3797 3790 3888 3831 cc.

2249 3863 2466 3918 consul.

519 4101 3884 4134 ._________...._____.__.____________________________________

1017 4258 1594 4348 INCIPIUNT
1672 4261 2188 4350 DECRETA
2246 4266 2960 4357 'TELESPHORI
3030 4273 3374 4359 PAP/E.

519 4433 628 4517 De,
637 4431 903 4517 jejunio
912 4440 1175 4517 septem
1209 4432 1771 4498 hebdomadarum
1797 4443 1949 4517 ante
1974 4435 2256 4517 Pascha,
2287 4445 2349 4502 et
2375 4438 2452 4502 de
2492 4440 2847 4506 missarum
2876 4441 3298 4508 celebratione
3327 4444 3397 4506 in
3437 4452 3618 4508 nocte
3653 4459 3889 4513 sancta

664 4514 860 4578 alalz's
895 4514 1184 4591 Domini,
1223 4521 1288 4578 et
1326 4531 1454 4596 quo
1495 4521 1779 4597 tempore
1821 4514 1946 4579 alii
1979 4515 2204 4581 diebus
2234 4514 2452 4584 missae
2483 4521 2898 4599 celebrentur,
2940 4531 3002 4586 et
3043 4524 3121 4588 de
3162 4525 3610 4607 episcoporum
3655 4528 3887 4609 defen-

597 4597 797 4661 sione.

1479 4676 1663 4746 (Anno
1689 4676 1916 4734 Domini
1949 4680 2070 4750 131,
2097 4681 2384 4739 Antonino
2412 4683 2510 4740 Pio
2541 4683 2927 4756 imperatore.)

589 4943 943 5001 Charissimis
1006 4944 1274 5000 fratribus
1328 4948 1386 5000 et
1447 4945 1820 5004 dilectissimis
1874 4949 2148 5023 episcopis
2171 5017 2208 5023 _
2247 4955 2402 5009 ctum
2429 4954 2646 5009 Pascha
2676 4971 2876 5010 omnes
2899 4955 3087 5012 clerici
3117 4957 3176 5012 in
3203 4960 3415 5012 sortem
3445 4958 3663 5013 Domini
3692 4965 3886 5017 vocati

519 5039 910 5095 TELESPHORUS
936 5039 1204 5094 Romana:
1236 5038 1390 5093 urbis
1424 5040 1879 5114 archiepiscopus
1907 5017 2224 5100 salutemD
2247 5065 2282 5102 a
2330 5064 2498 5102 carne
2528 5049 2826 5118 jejunent;
2869 5050 3002 5121 quia
3057 5051 3200 5106 sicut
3249 5052 3490 5108 discreta
3539 5052 3714 5108 debet
3758 5071 3890 5113 esse

519 5132 581 5188 in
601 5131 866 5188 Domino.

2246 5141 2357 5195 vita
2385 5141 2718 5196 clericorum
2744 5159 2778 5196 a
2807 5143 3088 5199 laicorum
3129 5146 3574 5214 conversatione,
3607 5147 3686 5202 ita
3715 5152 3775 5203 et
3823 5152 3889 5208 in

591 5225 889 5282 Credimus
914 5225 1167 5278 sanctam
1190 5224 1364 5280 ﬁdem
1394 5231 1642 5283 vestram
1679 5228 1737 5284 in
1762 5233 2148 5302 apostolorum
2240 5233 2460 5304 jejunio
2506 5233 2678 5290 debet
2716 5234 2838 5291 ﬁeri
2882 5237 3164 5307 discretio,
3215 5244 3272 5294 et
3314 5240 3459 5294 sicut
3504 5239 3624 5294 laici
3670 5245 3730 5296 et
3769 5261 3887 5299 sae-

521 5319 836 5376 eruditione
879 5317 1195 5386 fundatam,
1242 5318 1384 5375 hanc
1420 5323 1616 5377 tenere
1651 5325 1709 5376 et
1740 5323 1889 5378 hanc
1925 5327 2148 5396 populis

518 5413 796 5470 universis
820 5427 1125 5484 exponere,
1161 5428 1287 5484 quae
1320 5414 1579 5471 videlicet
1602 5433 1636 5470 a
1665 5418 1982 5472 constitutis
2008 5433 2146 5491 apo-

519 5508 819 5575 stolorum,
847 5522 1161 5578 eorumque
1185 5524 1575 5565 successorum
1601 5511 1761 5566 nulla
1788 5511 2008 5568 ratione
2029 5512 2146 5568 dis-

519 5603 711 5669 sentit,
755 5616 860 5672 per
897 5617 1038 5672 quos
1071 5600 1292 5672 justum
1328 5609 1414 5658 est
1459 5609 1696 5660 caeteros
1732 5605 1965 5660 erudiri.
2005 5608 2149 5671 Qua-

518 5699 756 5768 propter
782 5693 1102 5766 cognoscite
1130 5711 1164 5749 a
1191 5695 1355 5750 nobis
1381 5700 1438 5750 et
1465 5713 1499 5750 a
1523 5699 1740 5752 cunctis
1778 5699 2056 5772 episcopis
2084 5700 2147 5756 in

519 5791 668 5844 hanc
694 5791 945 5844 sanctam
975 5793 1032 5844 et
1049 5789 1410 5860 apostolicam
1431 5789 1628 5844 Sedem
1655 5795 2012 5864 congregatis
2033 5799 2141 5850 sta-

517 5887 703 5940 tutum
733 5901 874 5954 esse,
895 5887 961 5938 ut
979 5887 1194 5952 septem
1221 5881 1608 5938 hebdomadas
1629 5886 1820 5955 plenas
1850 5891 1982 5942 ante
2011 5905 2140 5943 san-

2248 5327 2463 5382 culares
2524 5328 2786 5384 homines
2844 5331 3051 5386 nolunt
3113 5349 3209 5388 eos
3278 5333 3533 5405 recipere
3588 5334 3648 5388 in
3710 5353 3887 5392 accu-

2249 5421 2560 5477 sationibus
2615 5427 2674 5478 et
2727 5424 3194 5482 iufamationibus
3252 5427 3403 5497 suis,
3473 5427 3555 5482 ita
3610 5445 3715 5484 nec
3773 5433 3890 5486 cle-

2247 5513 2348 5568 rici
2387 5515 2595 5573 debent
2637 5533 2733 5573 eos
2769 5519 3021 5591 recipere
3072 5519 3133 5574 in
3183 5520 3680 5592 impulsationibus
3721 5524 3886 5596 suis;

2247 5609 2519 5680 quoniam
2573 5611 2632 5666 in
2681 5613 2946 5668 omnibus
2981 5613 3217 5670 discreta
3251 5615 3419 5671 debet
3458 5632 3684 5688 semper
3723 5634 3886 5689 esse,

2246 5707 2304 5757 et
2327 5709 2628 5778 segregata
2653 5707 2786 5777 vita,
2815 5713 2872 5764 et
2907 5711 3262 5765 conversatio
3303 5710 3633 5765 clericorum
3673 5727 3741 5766 ac
3768 5729 3884 5768 sae-

2246 5797 2526 5854 cularium
2559 5800 2857 5858 laicorum.
2894 5804 2977 5869 Et,
3025 5804 3170 5858 sicut
3199 5805 3260 5859 hi
3307 5805 3555 5876 amplius
3594 5809 3729 5860 sunt
3772 5825 3882 5878 ap-

2243 5891 2434 5962 plicati
2459 5893 2661 5948 divinis
2686 5895 2950 5967 cultibus,
2991 5902 3045 5951 et
3069 5897 3375 5952 familiares
3413 5897 3635 5951 Domini
3665 5898 3882 5954 dicuns
