4068 6340
273 431 366 486 105

1492 429 1961 487 DECRETALIUM
1999 431 2384 488 COLLECTIO.

3517 437 3614 490 £06

262 543 353 594 tur
390 533 718 604 Salvatoris,
752 536 833 592 ita
871 534 1128 591 moribus
1166 539 1224 591 et
1255 536 1684 594 conversatione
1720 541 1891 610 atque
1911 550 1972 624 Α
2064 540 2174 612 lpsi
2207 540 2360 595 enim
2398 539 2498 614 qui
2533 540 2766 613 proprio
2807 556 2905 597 ore
2939 556 3145 614 corpus
3182 541 3404 597 Domini
3440 543 3614 598 conﬂ-

263 631 556 688 sanctitate
607 629 818 685 debent
866 645 985 685 esse
1034 629 1303 685 distincti.
1337 631 1444 685 Has
1482 647 1622 703 ergo
1670 635 1889 704 septem

264 724 643 782 hebdomadas
655 739 853 780 omnes
868 723 1056 779 clerici
1072 741 1103 778 a
1126 739 1295 778 carne
1311 728 1366 780 et
1383 723 1599 780 deliciis
1603 725 1626 796 j
1634 725 1682 797 ej
1690 730 1886 796 unent,

263 822 320 874 et
353 817 602 890 hymnis,
645 821 700 874 et
738 816 964 889 vigiliis,
1013 822 1188 889 atque
1229 817 1602 886 orationibus,
1647 820 1888 876 Domino

261 913 542 969 inhaerere
572 911 662 968 die
700 914 987 983 noctuque
1017 911 1297 966 studeant.
1325 913 1497 968 Nocte
1525 929 1660 968 vero
1697 917 1891 969 sancta

262 1006 565 1062 nativitatis
607 1005 840 1061 Domini
886 1005 1186 1061 Salvatoris
1230 1004 1431 1060 missas
1477 1006 1786 1076 celebrent,
1833 1010 1890 1062 et

260 1102 540 1174 hymnum
557 1099 876 1172 angelicum
896 1099 956 1154 in
972 1099 1052 1154 eis
1071 1099 1400 1155 solemniter
1418 1099 1736 1172 decantent,
1752 1117 1891 1174 quo-

260 1195 413 1251 niam
441 1197 497 1250 et
521 1195 581 1250 in
602 1194 802 1250 eadem
827 1198 990 1250 nocte
1011 1193 1080 1249 ab
1101 1193 1307 1266 angelo
1325 1194 1642 1267 pastoribus
1659 1195 1885 1251 nuntia-

261 1295 347 1345 tus
375 1294 478 1358 est,
517 1288 660 1344 sicut
687 1287 812 1360 ipsa
840 1287 1056 1342 Veritas
1085 1292 1340 1358 testatur,
1371 1287 1562 1344 dicens
1593 1305 1607 1342 :
1641 1310 1669 1339 «
1694 1291 1888 1345 Pasto-

260 1400 344 1438 res
369 1386 534 1438 erant
556 1382 616 1436 in
641 1379 875 1453 regione
895 1381 1090 1438 eadem
1109 1381 1407 1453 vigilantes
1427 1386 1484 1437 et
1510 1382 1889 1438 custodientes

257 1476 474 1546 vigilias
497 1476 678 1531 noctis
706 1493 878 1548 supra
908 1491 1142 1547 gregem
1172 1492 1360 1530 suum.
1395 1477 1466 1530 Et
1494 1491 1620 1532 ecce
1650 1477 1888 1548 angelus

258 1570 481 1628 Domini
503 1570 654 1626 stetit
673 1570 836 1641 juxta
860 1568 987 1624 illos
1012 1574 1069 1625 et
1092 1569 1408 1625 timuerunt
1426 1569 1629 1626 timore
1652 1587 1885 1642 magno,

258 1669 314 1722 et
338 1665 484 1721 dixit
507 1664 617 1720 illis
643 1665 879 1736 angelus
904 1681 916 1719 :
939 1663 1119 1720 Nolite
1145 1664 1374 1730 timere,
1399 1680 1527 1720 ecce
1553 1663 1705 1720 enim
1729 1681 1891 1722 evan-

260 1760 439 1832 gelizo
476 1758 635 1814 vobis
671 1758 939 1830 gaudium
976 1774 1255 1829 magnum
1286 1759 1435 1830 quod
1475 1758 1582 1814 erit
1609 1759 1766 1814 omni
1794 1777 1890 1832 po-

256 1855 412 1927 pulo,
445 1854 581 1926 quia
614 1857 785 1908 natus
829 1855 912 1908 est
950 1851 1104 1907 vobis
1142 1852 1316 1908 hodie
1351 1853 1627 1924 Salvator,
1669 1853 1766 1926 qui
1806 1858 1892 1910 est

1989 633 2166 702 ciunt,
2197 633 2268 688 ab
2297 633 2565 691 omnibus
2588 637 2720 690 sunt
2745 635 3043 692 obediendi
3074 641 3244 709 atque
3270 635 3527 705 timendi,
3561 641 3622 693 et

1987 744 2106 783 non
2147 728 2486 785 dilacerandi
2526 734 2625 785 aut
2666 729 3023 800 detrahendi,
3068 729 3202 802 quia
3241 747 3274 784 a
3314 730 3520 802 quibus
3559 747 3618 787 se

1990 821 2216 877 Domini
2253 823 2500 894 populus
2539 823 2823 893 benedici,
2860 823 3060 879 salvari
3101 828 3159 880 et
3193 823 3398 880 instrui
3435 824 3614 898 cupit,

1987 915 2313 971 nullatenus
2342 916 2512 972 debet
2545 933 2641 973 eos
2666 933 2926 990 arguere,
2957 934 3064 973 nec
3089 919 3294 990 vulgus
3321 917 3382 974 in
3415 933 3618 974 eorum

1988 1009 2342 1066 accusatione
2383 1009 2606 1082 suscipi.
2644 1012 2889 1083 Populus
2921 1012 3076 1068 enim
3114 1012 3185 1068 ab
3215 1011 3296 1068 eis
3328 1009 3617 1068 docendus

1990 1107 2094 1173 est,
2137 1108 2194 1159 et
2230 1103 2623 1175 corripiendus
2658 1121 2772 1159 non
2807 1105 2914 1177 ipsi
2955 1105 3026 1160 ab
3071 1122 3158 1173 eo,
3200 1105 3336 1178 quia
3371 1121 3490 1166 non
3532 1109 3620 1162 est

1990 1196 2299 1269 discipulus
2324 1213 2498 1270 super
2531 1197 2894 1270 magistrum.
2927 1199 3265 1256 Nullomodo
3302 1200 3479 1272 igitur
3505 1201 3612 1256 Do-

1986 1289 2128 1345 mini
2158 1290 2450 1362 pontiﬁces
2475 1293 2533 1346 et
2563 1291 2769 1363 reliqui
2796 1292 3116 1346 sacerdotes
3146 1293 3351 1364 quibus
3388 1293 3616 1349 Domini

1988 1384 2288 1440 commissa
2313 1387 2396 1440 est
2419 1385 2599 1457 plebs,
2628 1385 2734 1440 rite
2751 1385 3029 1457 populum
3055 1389 3290 1457 possunt
3309 1387 3612 1460 corrigere,

1988 1479 2033 1535 si
2061 1479 2411 1553 deceptionis
2437 1495 2498 1535 se
2521 1479 2890 1552 cognoverint
2913 1481 3117 1552 laqueo
3153 1479 3429 1536 infestari.
3458 1482 3618 1538 Unde

1982 1574 2202 1646 justum
2241 1577 2328 1629 est
2368 1589 2565 1630 omnes
2593 1573 2655 1629 in
2692 1573 2954 1630 universo
2986 1573 3122 1630 orbe
3156 1573 3416 1629 doctores
3449 1575 3615 1646 legis,

1989 1684 2056 1725 ea
2097 1685 2224 1740 qum
2261 1669 2404 1740 legis
2453 1671 2588 1724 sunt
2629 1685 2823 1741 sapere
2865 1671 2924 1722 et
2969 1684 3087 1723 non
3134 1667 3457 1724 sacerdotes
3503 1669 3616 1723 Do-

1988 1761 2132 1818 mini
2171 1762 2338 1818 labiis
2380 1763 2516 1832 suis,
2558 1764 2658 1818 aut
2704 1761 3050 1834 quibuslibet
3096 1760 3619 1818 machinationibus

1988 1858 2298 1925 maculare,
2329 1856 2468 1912 dum
2508 1856 2662 1929 ipsos
2698 1855 3008 1928 disponunt
3037 1859 3135 1912 aut
3163 1854 3400 1928 cupiunt
3431 1871 3622 1912 macu-

258 1948 510 2004 Christus
547 1946 850 2017 Dominus,
888 1947 950 2002 in
987 1946 1215 2002 civitate
1253 1946 1445 2002 David.
1478 1949 1546 2002 Et
1584 1948 1695 2004 hoc
1726 1942 2136 2019 vobisBlare,
2188 1951 2375 2023 potius
2428 1949 2638 2022 seipsos
2693 1951 2981 2006 maculant
3029 1954 3086 2006 et
3138 1949 3460 2005 vulnerant.
3519 1950 3619 2006 Dei

257 2042 484 2113 signum
514 2057 528 2095 :
560 2039 858 2097 Invenietis
896 2040 1173 2096 infantem
1212 2040 1416 2112 pannis
1453 2040 1798 2111 involutum,
1833 2045 1890 2098 et

255 2135 503 2208 positum
529 2135 589 2189 in
618 2135 896 2206 prmsepio
910 2152 928 2205 3
961 2138 1018 2190 et
1042 2134 1227 2190 subito
1255 2134 1404 2189 facta
1429 2139 1514 2190 est
1547 2152 1678 2191 cum
1706 2153 1886 2208 ange-

255 2230 320 2284 lis
349 2228 654 2284 multitudo
676 2227 892 2283 militiae
913 2227 1174 2295 caelestis,
1197 2227 1551 2284 laudantium
1580 2230 1888 2286 Dominum

253 2328 309 2380 et
345 2322 657 2378 dicentium
687 2339 700 2376 :
732 2321 922 2377 Gloria
955 2323 1016 2376 in
1052 2321 1341 2377 altissimis
1377 2322 1510 2391 Deo,
1543 2327 1601 2378 et
1637 2323 1698 2378 in
1737 2329 1888 2379 terra

252 2435 361 2490 pax
406 2415 730 2471 hominibus
771 2415 936 2471 bonae
982 2415 1282 2471 vollmtatis
1322 2417 1474 2488 (Luc.
1523 2432 1591 2486 ιι,
1634 2418 1811 2489 8-14).
1855 2439 1884 2467 ››

251 2512 530 2567 Craterum
552 2509 870 2566 considerat
884 2509 1092 2581 impius
1103 2509 1344 2580 justum,
1369 2515 1426 2566 et
1440 2511 1646 2582 quaerit
1663 2515 1728 2566 ut
1747 2511 1888 2566 occi-

253 2605 351 2660 dat
399 2603 526 2677 24
572 2620 726 2659 eum.
773 2602 1048 2657 Dominus
1085 2619 1201 2658 non
1247 2603 1605 2676 derelinquet
1648 2619 1780 2659 eum
1825 2603 1884 2659 in

252 2715 460 2754 manus
488 2699 628 2770 ejus,
663 2701 718 2752 et
755 2713 868 2751 non
898 2697 1298 2753 condemnabit
1335 2713 1467 2752 eum
1498 2713 1630 2752 cum
1658 2697 1882 2769 judica-

249 2793 408 2848 bitur
433 2791 536 2846 illi.
575 2794 847 2864 Exspecta
875 2790 1176 2846 Dominum
1213 2795 1270 2847 et
1306 2790 1524 2847 custodi
1555 2791 1704 2846 viam
1739 2792 1882 2863 ejus,

251 2893 308 2943 et
346 2885 609 2942 exaltabit
646 2889 701 2941 te
735 2888 801 2940 ut
838 2885 1120 2958 possideas
1147 2889 1382 2955 terram,
1413 2901 1544 2941 cum
1573 2886 1886 2942 interibunt

246 2979 433 3052 impii,
470 2979 706 3036 videbis.
749 2979 872 3035 Vidi
905 2979 1150 3051 impium
1186 2979 1505 3049 robustum,
1547 2984 1604 3036 et
1644 2979 1881 3036 fortissi-

247 3091 432 3142 mum,
463 3074 607 3129 sicut
635 3073 965 3144 indigenam
993 3074 1295 3142 virentem,
1327 3078 1383 3129 et
1407 3073 1640 3129 transivi
1668 3079 1725 3130 et
1753 3090 1882 3130 ecce

246 3186 367 3224 non
420 3173 558 3235 erat,
613 3171 672 3223 et
713 3167 947 3239 quaesivi
994 3184 1148 3234 eum,
1200 3171 1257 3223 et
1301 3183 1417 3222 non
1467 3171 1554 3223 est
1596 3167 1880 3224 inventus.

1988 2061 2127 2117 ergo
2167 2049 2390 2100 accusat
2423 2043 2845 2100 ordinationem
2874 2043 2974 2116 qui
3003 2061 3098 2099 eos
3134 2043 3231 2116 qui
3267 2042 3338 2099 ab
3379 2059 3446 2100 eo
3483 2059 3616 2099 con-

1989 2139 2318 2207 stituuntur,
2357 2137 2680 2194 sacerdotes
2716 2140 2963 2201 accusat,
2999 2140 3057 2193 et
3083 2137 3345 2193 damnari
3381 2137 3619 2209 cupit,.a

1988 2233 2195 2306 quibus
2238 2250 2300 2288 se
2339 2249 2537 2288 omnes
2578 2231 2776 2287 ﬁdeles
2820 2247 3014 2287 cavere
3056 2231 3283 2299 debent,
3325 2231 3458 2306 quia
3498 2247 3618 2286 non

1987 2327 2172 2382 solum
2197 2327 2295 2399 qui
2320 2327 2555 2398 faciunt,
2586 2326 2685 2382 sed
2707 2325 2877 2381 etiam
2903 2326 3001 2398 qui
3027 2325 3395 2382 consentiunt
3417 2325 3621 2381 facien-

1985 2420 2138 2476 tibus
2161 2421 2244 2476 rei
2272 2423 2424 2476 sunt.

2057 2513 2309 2569 Christus
2327 2514 2481 2570 enim
2504 2514 2602 2569 Dei
2628 2513 2801 2569 Filius
2829 2513 3102 2569 Dominus
3129 2515 3344 2582 noster,
3367 2513 3619 2569 humano

1989 2608 2186 2680 generi
2230 2608 2470 2663 salutem
2509 2607 2837 2663 condonans
2879 2607 3131 2679 plenam,
3176 2607 3245 2662 de
3283 2605 3446 2662 nobis
3489 2606 3614 2661 ait:

1988 2721 2017 2754 «
2056 2702 2161 2767 Qui
2189 2719 2284 2757 vos
2310 2701 2531 2774 recipit,
2557 2717 2652 2756 me
2682 2699 2904 2773 recipit,
2935 2703 2992 2755 et
3017 2700 3113 2773 qui
3139 2716 3236 2755 vos
3261 2700 3499 2772 spernit,
3524 2716 3619 2756 me

1983 2795 2201 2868 spernit
2232 2795 2443 2867 (Matth.
2476 2812 2531 2865 x,
2567 2796 2666 2862 40;
2703 2796 2835 2850 Luc.
2876 2810 2929 2864 x,
2965 2794 3069 2866 16).
3100 2813 3128 2845 »
3162 2793 3220 2850 Si
3254 2809 3393 2866 ergo
3429 2794 3618 2849 Domi-

1984 2906 2094 2944 nus
2127 2889 2187 2944 in
2223 2890 2302 2945 eis
2329 2888 2622 2962 recipitur,
2653 2893 2710 2945 et
2733 2887 3009 2961 rejicitur,
3037 2887 3405 2960 proculdubio
3440 2888 3620 2960 ipsius

1985 2985 2120 3038 sunt
2147 2982 2245 3055 qui
2271 2983 2331 3038 in
2362 2983 2444 3038 eis
2471 2982 2743 3054 rejicitur,
2770 2983 2858 3038 vel
2883 2981 3206 3054 suscipitur.
3223 2983 3292 3038 Et
3309 2985 3373 3037 tu
3389 2979 3516 3054 quis
3537 2997 3616 3050 es,

1985 3077 2083 3149 qui
2124 3076 2348 3148 judicas
2394 3092 2618 3132 servum
2669 3075 2958 3132 alienum?
3003 3074 3379 3130 Proculdubio
3428 3077 3616 3130 trans-

1985 3186 2268 3243 gressores
2297 3171 2440 3242 legis
2466 3169 2567 3225 Dei
2597 3173 2654 3226 et
2679 3170 3082 3242 apostolorum,
3109 3173 3278 3242 atque
3304 3168 3614 3241 propheta-

246 3261 483 3319 Custodi
511 3261 929 3334 simplicitatem
970 3263 1027 3317 et
1061 3261 1188 3316 vide
1226 3265 1468 3331 rectum,
1503 3262 1637 3334 quia
1678 3262 1787 3318 erit
1822 3262 1884 3317 in
1907 3315 1955 3335 Λ
1982 3281 2134 3335 rum,
2163 3269 2220 3320 et
2242 3281 2360 3319 non
2392 3264 2575 3321 solum
2602 3265 2831 3334 harum,
2853 3263 2954 3319 sed
2984 3263 3159 3320 etiam
3182 3263 3378 3335 legum
3405 3263 3615 3318 huma-

257 3315 479 3319 _,,__,7,
823 3315 857 3317 η
920 3315 923 3316 ν
980 3315 993 3317 -
1130 3315 1133 3316 ν
1432 3315 1468 3331 κ,
1845 3315 1883 3317 ε
1983 3315 2134 3335 _____,
2169 3315 2360 3320 --__-_
2392 3315 2575 3321 s-____
2603 3315 2954 3334 ___i___,s_i
2991 3315 3377 3335 --η---οη-
3406 3315 3584 3318 -π-η-

243 3362 570 3412 extremum
611 3355 733 3410 viro
774 3372 915 3427 pax;
966 3355 1426 3427 praevaricatores
1464 3361 1656 3411 autem
1698 3356 1880 3430 inter-
1902 3315 1958 3392 Ο
1981 3359 2436 3415 narum.0mnes
2451 3359 2602 3414 enim
2623 3357 3135 3430 legestamdivinse
3157 3373 3331 3429 quam
3351 3357 3617 3413 humanae

244 3450 416 3506 ibunt
433 3448 665 3522 pariter,
688 3453 744 3504 et
754 3448 1126 3504 novissimum
1147 3448 1455 3520 impiorum
1474 3427 1881 3553 peribitkalus
1983 3453 2238 3508 alienum
2263 3468 2488 3508 servum
2511 3427 2771 3524 judicare
2795 3451 3118 3524 prohibent.
3141 3427 3289 3517 Quid
3315 3453 3480 3524 putas
3508 3451 3620 3507 erit

243 3547 440 3599 autem
464 3543 755 3614 justorum
782 3558 816 3597 a
839 3542 1099 3610 Domino,
1125 3541 1400 3597 fortitudo
1426 3557 1626 3597 eorum
1646 3541 1715 3597 in'
1732 3546 1878 3598 tem-
1982 3546 2051 3601 de
2075 3551 2152 3615 te,
2183 3563 2313 3600 cum
2340 3550 2782 3616 transgressores
2810 3549 2868 3601 et
2898 3545 3312 3600 conculcatores
3339 3545 3480 3617 legis
3516 3545 3615 3601 Dei

244 3653 386 3710 pore
425 3636 833 3704 tribulationis,
877 3641 932 3691 et
970 3631 1332 3690 auxiliabitur
1368 3636 1447 3690 eis
1483 3634 1781 3706 Dominus,
1825 3638 1883 3690 et
1982 3635 2438 3690 damnabuntur?
2485 3634 2739 3690 Profecto
2793 3639 2852 3688 et
2909 3638 2973 3688 tu
3029 3631 3423 3701 damnaberis,
3475 3633 3615 3706 quia

242 3731 482 3786 salvabit
513 3747 610 3785 eos
652 3733 711 3784 et
741 3730 944 3802 eripiet
972 3747 1064 3785 eos
1098 3729 1169 3784 ab
1194 3729 1386 3802 impiis
1409 3732 1465 3784 et
1492 3729 1728 3784 salvabit
1757 3745 1877 3798 eos,

241 3826 380 3899 quia
417 3828 786 3896 speraverunt
822 3823 881 3878 in
925 3840 1096 3892 eum;
1135 3827 1192 3879 et
1230 3823 1403 3879 alibi:
1436 3843 1464 3876 «
1493 3823 1640 3888 Quid
1678 3823 1882 3895 gloria-

239 3921 321 3975 ris
348 3919 410 3974 in
439 3917 652 3974 malitia
681 3919 922 3990 potens?
945 3916 1324 3974 Misericordia
1350 3917 1448 3973 Dei
1476 3919 1596 3972 tota
1632 3916 1743 3973 die.
1782 3919 1877 3974 In-

237 4013 417 4069 sidias
467 4012 736 4085 cogitavit
781 4011 978 4083 lingua
1027 4016 1124 4067 tua
1175 4011 1337 4083 quasi
1386 4012 1662 4066 novacula
1715 4015 1880 4067 acuta

235 4107 457 4163 faciens
491 4106 708 4161 dolum.
749 4105 1000 4161 Dilexisti
1036 4104 1312 4160 malitiam
1341 4105 1524 4176 magis
1565 4120 1737 4177 quam
1771 4104 1877 4160 bo-

237 4218 406 4269 num,
444 4200 814 4256 mendacium
843 4199 1031 4270 magis
1068 4214 1241 4270 quam
1278 4198 1432 4271 loqui
1452 4199 1753 4270 justitiam.
1781 4199 1877 4254 Di-

233 4295 429 4351 lexisti
459 4294 652 4350 omnia
686 4293 857 4348 verba
887 4293 960 4348 ad
998 4293 1402 4361 devorandum,
1432 4292 1632 4364 lingua
1660 4291 1874 4361 dolosa,

235 4389 342 4445 sed
382 4389 532 4444 Deus
578 4388 832 4442 destruet
869 4390 925 4441 te
968 4386 1028 4442 in
1066 4385 1504 4458 sempiternum,
1546 4385 1780 4441 terrebit
1821 4387 1880 4440 et

239 4483 451 4539 evellet
487 4485 543 4538 te
582 4482 652 4537 de
685 4481 1048 4536 tabernaculo
1087 4485 1143 4536 et
1181 4479 1493 4536 eradicabit
1524 4483 1580 4534 te
1620 4479 1690 4534 de
1726 4482 1879 4534 terra

234 4576 578 4644 viventium,
621 4577 678 4630 et
724 4574 990 4630 videbunt
1019 4574 1160 4646 justi
1197 4578 1254 4629 et
1292 4573 1577 4629 timebunt
1613 4578 1668 4628 et
1707 4589 1880 4645 super

231 4689 374 4727 eum
407 4670 694 4725 ridebunt.
725 4670 862 4724 Ecce
891 4669 976 4723 vir
1003 4668 1099 4740 qui
1124 4684 1239 4723 non
1268 4667 1459 4739 posuit
1484 4667 1877 4722 fortitudinem

230 4781 401 4820 suam
445 4765 652 4834 Deum,
700 4764 797 4819 sed
849 4763 1093 4835 speravit
1137 4763 1198 4817 in
1247 4761 1614 4817 multitudine
1654 4760 1875 4816 divitia-

229 4875 370 4914 rum
411 4873 669 4926 suarum,
705 4857 1055 4912 confortatus
1091 4859 1176 4912 est
1211 4856 1272 4911 in
1316 4854 1534 4910 insidiis
1576 4855 1710 4910 suis.
1756 4857 1875 4926 Ego

227 4956 435 5008 autem
476 4952 620 5006 sicut
660 4951 807 5007 oliva
851 4951 1038 5007 virens
1077 4950 1135 5005 in
1176 4951 1346 5006 domo
1393 4949 1510 5016 Dei,
1552 4948 1770 5020 speravi
1815 4949 1876 5004 in

224 5046 628 5103 misericordia
661 5045 779 5113 Dei,
817 5045 874 5100 in
915 5044 1188 5100 saculum
1223 5049 1280 5099 et
1309 5044 1367 5098 in
1398 5047 1696 5099 aeternum.
1725 5043 1873 5098 Con-

226 5140 442 5196 ﬁtebor
482 5140 584 5194 tibi
616 5140 676 5195 in
715 5140 1006 5208 saeculum,
1045 5138 1316 5211 quoniam
1356 5137 1538 5193 fecisti
1576 5141 1632 5193 et
1673 5153 1874 5209 exspe-

228 5235 401 5290 ctabo
444 5250 658 5290 nomen
697 5238 882 5301 tuum,
929 5233 1206 5306 quoniam
1246 5233 1465 5288 bonum
1505 5236 1591 5287 est
1632 5231 1692 5285 in
1738 5248 1872 5286 con-

227 5333 434 5401 spectu
484 5328 1004 5383 misericordiarum
1047 5331 1297 5383 tuarum.
1343 5345 1371 5379 »
1424 5325 1673 5398 Reliquis
1719 5325 1875 5380 enim

228 5421 590 5495 temporibus
616 5421 918 5477 missarum
947 5419 1355 5476 celebrationes
1383 5424 1514 5475 ante
1539 5420 1742 5474 horam
1763 5418 1875 5474 diei

226 5517 465 5572 tertiam
511 5515 754 5571 minime
791 5519 924 5571 sunt
969 5514 1356 5583 celebrandas,
1399 5514 1538 5586 quia
1574 5517 1632 5568 et
1674 5512 1875 5569 eadem

225 5612 379 5667 hora
437 5610 719 5667 Dominus
770 5608 1071 5665 cruciﬁxus
1115 5611 1226 5676 est,
1281 5613 1339 5664 et
1383 5623 1554 5680 super
1596 5607 1875 5679 apostolos

224 5705 482 5777 Spiritus
525 5707 755 5760 sanctus
792 5702 1146 5759 descendisse
1188 5701 1418 5774 legitur.
1469 5701 1551 5755 Ab
1598 5700 1876 5774 episcopis

221 5804 427 5856 autem
453 5798 611 5854 idem
642 5797 933 5870 angelicus
958 5797 1208 5870 hymnus
1244 5813 1348 5868 pro
1383 5799 1640 5869 tempore
1667 5799 1724 5851 et
1750 5796 1875 5852 loco

220 5893 288 5948 in
339 5893 652 5950 missarum
700 5891 991 5948 solemniis
1037 5890 1407 5948 celebrandus
1452 5895 1538 5949 est
1573 5894 1742 5964 atque
1777 5907 1872 5946 so-

221 5987 502 6047 lemniter
531 5985 879 6046 recitandus.

1978 3727 2342 3801 postposuisti
2371 3728 2706 3783 mandatum
2738 3726 2855 3794 Dei,
2884 3729 2942 3782 et
2966 3730 3125 3782 tuam
3160 3725 3484 3798 adimplesti
3509 3742 3610 3781 vo-

1978 3824 2276 3893 luntatem,
2297 3822 2566 3895 quoniam
2597 3821 2745 3877 sicut
2768 3820 2931 3893 digni
2958 3822 3092 3876 sunt
3113 3819 3230 3875 vita
3257 3819 3356 3892 qui
3384 3821 3613 3876 manda-

1977 3921 2101 3973 tum
2128 3915 2225 3972 Dei
2255 3916 2569 3988 adimplent
2593 3918 2766 3988 atque
2801 3913 3147 3983 custodiunt,
3175 3913 3254 3969 ita
3279 3913 3363 3970 rei
3396 3917 3454 3970 et
3480 3930 3610 3987 per-

1981 4011 2142 4084 digni
2185 4013 2319 4066 sunt
2355 4013 2558 4078 morte,
2589 4009 2687 4082 qui
2717 4026 2783 4064 ea
2823 4012 3176 4082 postponunt
3209 4010 3268 4063 et
3303 4008 3362 4064 in
3400 4025 3614 4064 vanum

1979 4105 2214 4160 ducunt.
2246 4107 2342 4161 Est
2373 4104 2527 4160 enim
2562 4104 2621 4159 in
2650 4102 2974 4175 apostolicis
3007 4103 3280 4175 scriptum
3316 4101 3606 4171 institutis,

1977 4199 2210 4254 alterius
2243 4199 2422 4253 vitam
2462 4214 2630 4253 nemo
2666 4197 2898 4267 laceret,
2938 4201 2996 4252 et
3031 4197 3100 4252 de
3137 4196 3289 4252 malo
3325 4196 3514 4252 alieno
3546 4213 3611 4252 os

1979 4309 2148 4349 suum
2183 4309 2300 4348 non
2335 4291 2682 4364 coinquinet.
2721 4294 3088 4347 Accusatores
3121 4306 3254 4346 vero
3293 4294 3350 4346 et
3381 4307 3606 4347 accusa-

1975 4387 2180 4454 tiones,
2203 4403 2342 4459 quas
2364 4386 2521 4459 leges
2548 4385 2736 4440 saeculi
2763 4402 2883 4440 non
2907 4383 3237 4455 admittunt,
3266 4386 3324 4440 et
3347 4402 3449 4441 nos
3475 4385 3606 4440 sub-

1976 4496 2289 4551 movemus,
2323 4482 2382 4534 et
2407 4479 2720 4535 accusatori
2747 4477 2980 4534 omnino
3019 4495 3135 4534 non
3167 4478 3324 4534 credi
3350 4479 3602 4536 decerni-

1975 4591 2124 4643 mus,
2154 4573 2254 4646 qui
2284 4574 2516 4630 absente
2556 4573 2872 4628 adversario
2914 4589 3142 4628 causam
3182 4573 3441 4644 suggerit
3474 4575 3606 4627 ante

1977 4669 2274 4740 utriusque
2315 4667 2490 4739 partis
2519 4667 2733 4738 justam
2777 4666 3206 4721 discussionem.
3251 4667 3365 4719 Nec
3407 4664 3468 4719 hi
3505 4665 3604 4737 qui

1976 4779 2094 4818 non
2130 4763 2265 4816 sunt
2305 4760 2500 4816 idonei
2536 4759 2914 4831 suscipiantur
2958 4758 3029 4813 ad
3065 4757 3510 4827 accusationem,
3549 4763 3607 4814 et

1976 4872 2171 4912 omnes
2197 4853 2294 4928 qui
2325 4854 2594 4909 adversus
2629 4857 2818 4924 patres
2857 4855 3172 4919 armantur,
3203 4851 3445 4908 infames
3481 4867 3604 4909 esse

1975 4966 2292 5006 censemus.
2324 4950 2517 5004 Patres
2547 4947 2702 5004 enim
2727 4962 2924 5002 omnes
2959 4944 3272 5001 venerandi
3302 4950 3452 5016 sunt,
3484 4962 3604 5002 non

1974 5043 2318 5117 respuendi,
2361 5045 2460 5098 aut
2506 5041 2832 5097 insidiandi.
2877 5040 2943 5094 Hi
2992 5056 3127 5096 vero
3169 5039 3269 5112 qui
3325 5057 3456 5096 cum
3502 5039 3607 5095 ini-

1974 5139 2136 5194 micis
2188 5142 2505 5209 morantur,
2557 5141 2656 5192 aut
2707 5135 2804 5208 qui
2853 5134 3098 5207 suspecti
3143 5134 3448 5205 habentur,
3502 5135 3607 5190 mi-

1977 5231 2130 5288 nime
2150 5229 2515 5303 recipiantur,
2532 5230 2668 5302 quia
2685 5246 2881 5285 eorum
2899 5227 3183 5285 aemulatio
3201 5229 3411 5285 lacerat
3426 5228 3601 5285 etiam

1974 5326 2325 5382 innocentes.
2372 5326 2530 5380 Hunc
2564 5341 2795 5379 murum
2849 5323 3240 5379 ﬁrmissimum
3286 5327 3608 5380 statuerunt

1971 5423 2168 5493 patres
2201 5418 2403 5487 nostri,
2442 5421 2499 5473 et
2533 5434 2636 5473 nos
2675 5434 2806 5472 cum
2852 5417 2932 5474 eis
2975 5420 3172 5474 contra
3214 5421 3606 5490 persecutores

1972 5513 2219 5582 nostros,
2252 5515 2315 5566 ut
2339 5509 2446 5564 hoc
2479 5508 2736 5564 remedio
2768 5524 2971 5565 eorum
2999 5510 3284 5581 pellantur
3309 5509 3602 5565 machina-

1973 5609 2191 5674 menta,
2217 5608 2274 5660 et
2299 5619 2398 5659 vos
2434 5603 2745 5659 securiores
2771 5605 2830 5658 et
2852 5603 3161 5660 sanctiores
3188 5603 3454 5659 famulari
3479 5619 3601 5657 me-

1973 5698 2222 5754 reamini
2253 5699 2438 5753 vestro
2479 5696 2772 5753 Salvatori.
2811 5697 2892 5752 De
2930 5698 3139 5753 talibus
3175 5697 3328 5753 enim
3367 5694 3599 5750 insidia-

1973 5792 2191 5849 toribus
2226 5794 2284 5848 et
2310 5791 2728 5848 accusatoribus
2759 5807 3054 5847 servorum
3089 5806 3322 5847 suorum
3351 5787 3605 5860 loquitur

1972 5885 2245 5944 Dominus
2269 5903 2376 5960 per
2400 5887 2739 5960 prophetam
2765 5885 2959 5942 dicens
2988 5902 3001 5940 :
3045 5906 3073 5936 «
3101 5885 3172 5939 Os
3199 5887 3366 5938 tuum
3401 5880 3600 5937 misisti

1974 5981 2046 6039 ad
2093 5981 2398 6051 malitiam,
2451 5987 2508 6040 et
2553 5981 2754 6052 lingua
2804 5984 2901 6036 tua
2952 5975 3326 6034 concinnabat
3371 5975 3561 6033 dolum
3585 6017 3598 6042 ,
