4068 6360
466 408 562 459 107

1361 400 1641 454 APPEND.
1685 398 1769 451 AD
1809 397 1969 452 SJSC.
2017 397 2102 450 IX.
2137 423 2204 433 —-
2244 396 2486 450 lSlDORl
2526 394 2948 449 MERCATORIS

3733 402 3837 456 108

461 513 662 568 sedens
712 512 974 566 adversus
1026 510 1261 565 fratrem
1310 515 1472 564 tuum
1515 506 1843 577 loquebaris
1869 548 1881 572 ,
1931 511 1988 561 et
2033 507 2091 561 in
2114 504 2344 590 Atibus
2375 508 2432 558 et
2459 521 2574 558 non
2600 503 2955 572 nocentibus,
2991 503 3090 558 sed
3108 481 3592 576 supportantibus
3619 507 3697 563 ait
3726 526 3838 580 per

460 605 643 661 ﬁlium
672 605 884 660 'matris
921 610 1037 660 tuae
1074 603 1388 659 fabricabas
1427 600 1818 672 opprobrium.
1849 601 1976 654 Ilaec
2015 600 2096 655 fe-

462 699 585 754 cisti
620 702 679 754 et
713 700 884 769 tacui,
915 696 1244 753 existimasti
1281 695 1523 750 similem
1558 694 1642 748 tui
1671 710 1763 749 me
1791 693 2048 748 futurum
2067 696 2094 749 ?

461 809 702 865 arguam
721 798 795 860 te,
827 797 883 847 et
908 807 1225 864 proponam
1246 792 1379 844 ante
1403 789 1595 844 oculos
1622 791 1767 842 tuos.
1788 787 2092 858 Intelligite

460 887 583 942 haec
603 887 702 958 qui
715 885 1107 941 obliviscimini
1127 883 1435 939 Dominum
1449 899 1524 938 ne
1541 882 1687 937 forte
1704 881 1885 952 rapiat
1905 885 1961 936 et
1975 897 2092 937 non

462 981 532 1036 sit
557 981 655 1053 qui
674 980 897 1035 liberet.
927 999 954 1031 )›

529 1075 884 1145 Languentes
911 1077 1102 1127 autem
1129 1072 1189 1126 in
1217 1072 1324 1126 isto
1352 1070 1656 1125 conamine
1685 1069 1918 1124 notandi
1939 1073 2087 1139 sunt,

458 1173 513 1223 et
554 1185 587 1222 a
627 1167 828 1223 talibus
870 1164 1209 1238 repellendi.
1251 1165 1408 1219 Tales
1455 1163 1609 1218 enim
1653 1163 1916 1218 membra
1960 1167 2092 1218 sunt

457 1260 685 1329 diaboli,
717 1260 814 1331 qui
851 1275 1076 1314 sursum
1105 1261 1277 1330 atque
1309 1258 1573 1313 deorsum
1601 1257 1900 1328 pervolans
1933 1273 2088 1328 qum-

453 1354 528 1410 rit
553 1355 709 1427 quod
741 1353 916 1426 possit
944 1352 1220 1422 occidere,
1250 1368 1393 1423 quos
1432 1351 1607 1422 possit
1635 1367 1917 1422 separare,
1947 1367 2090 1422 quos

452 1448 634 1520 possit
664 1449 952 1504 devorare.
982 1449 1218 1518 Propter
1248 1463 1419 1518 quam
1448 1461 1571 1500 rem
1599 1445 1953 1516 vigilandum
1983 1449 2086 1514 est,

452 1546 510 1599 et
549 1542 722 1596 armis
771 1541 1090 1597 coelestibus
1136 1557 1335 1595 sumus
1383 1539 1700 1606 muniendi,
1747 1555 1819 1594 ne
1864 1538 1924 1593 in
1968 1539 2090 1609 ejus

454 1635 758 1707 compedes
800 1634 1121 1690 incidamus
1161 1637 1261 1688 aut
1304 1634 1427 1705 ejus
1465 1633 1644 1688 foveis
1687 1633 2086 1704 illaqueemur.

455 1731 624 1786 Decet
649 1729 802 1784 enim
829 1729 888 1784 in
915 1729 1125 1784 talibus
1157 1728 1340 1784 causis
1365 1728 1472 1782 hoc
1501 1727 1754 1782 maxime
1783 1726 2085 1797 provideri,

452 1825 519 1877 ut
557 1821 678 1878 sine
723 1822 960 1893 strepitu
1007 1821 1492 1877 concertationum
1537 1825 1594 1874 et
1629 1820 1873 1874 Charitas
1909 1824 2087 1874 custo-

2199 598 2543 670 Prophetam
2574 596 2845 651 Dominus
2874 613 2886 652 :
2923 618 2949 647 «
2978 599 3101 652 Non
3130 599 3246 653 sedi
3278 616 3410 654 cum
3444 600 3576 655 viris
3607 603 3834 658 vanita-

2195 691 2284 758 tis,
2313 696 2369 746 et
2397 707 2528 744 cum
2557 690 2815 762 superbis
2845 707 2960 745 non
2990 691 3300 762 ingrediar.
3334 693 3506 762 Odivi,
3528 695 3832 750 ecclesiam

2195 711 2284 758 US,
2313 711 2369 746 θῐι
2397 711 2528 744 cum
2557 711 2815 762 SUpBI‘DlS
2845 711 2960 745 IlOIl
2990 711 3300 762 ingrediar.
3334 711 3475 748 υων
3528 711 3832 750 coelesmm

2191 786 2567 856 pessimorum
2601 789 2658 839 et
2695 800 2823 838 cum
2864 784 3054 855 impiis
3091 802 3209 840 non
3249 711 3735 869 sedebolLavabo
3767 790 3832 845 in

2193 879 2520 933 innocentia
2564 879 2780 948 palmas
2821 895 2997 946 meas,
3041 883 3098 934 et
3139 880 3385 934 circuibo
3428 881 3600 937 altare
3640 887 3829 953 tuum,

2192 973 2448 1041 Domine,
2489 975 2554 1026 ut
2591 973 2738 1026 clara
2775 989 2909 1027 voce
2947 973 3254 1043 praedicem
3291 975 3521 1029 laudem
3561 977 3736 1046 tuam,
3771 983 3833 1032 et

2193 1082 2455 1120 enarrem
2481 1065 2673 1120 omnia
2699 1065 2982 1120 mirabilia
3009 1070 3126 1121 tua.
3151 1068 3410 1134 Domine,
3429 1068 3593 1124 dilexi
3614 1070 3832 1125 habita-

2193 1161 2382 1214 culum
2408 1161 2608 1214 domus
2629 1164 2762 1230 tuae,
2786 1163 2844 1215 et
2862 1160 3053 1215 locum
3074 1161 3425 1216 tabernaculi
3457 1162 3652 1234 gloriae
3677 1167 3825 1232 tllEB;

2191 1270 2263 1309 ne
2300 1270 2476 1326 ponas
2516 1270 2646 1309 cum
2675 1255 3068 1324 peccatoribus
3096 1256 3343 1310 animam
3368 1273 3577 1327 meam,
3607 1262 3663 1313 et
3693 1275 3828 1314 cum

2190 1347 2323 1402 viris
2360 1347 2703 1418 sanguinum
2739 1347 2913 1402 vitam
2945 1365 3155 1404 meam.
3198 1351 3258 1404 In
3287 1367 3530 1421 quorum
3560 1351 3826 1407 manibus

2191 1442 2388 1508 scelus,
2411 1444 2468 1495 et
2494 1441 2722 1496 dextera
2750 1458 2950 1496 eorum
2978 1444 3194 1514 repleta
3225 1446 3311 1498 est
3333 1443 3688 1512 muneribus,
3716 1462 3825 1517 ego

2193 1539 2382 1590 autem
2402 1535 2461 1589 in
2480 1534 2837 1606 simplicitate
2858 1552 2987 1590 mea
3009 1537 3254 1607 gradiar,
3278 1537 3495 1592 redime
3516 1554 3630 1605 me,
3646 1545 3701 1593 et
3720 1539 3823 1594 mi-

2188 1646 2373 1684 serere
2392 1628 2504 1684 mei
2525 1647 2542 1698 ;
2572 1645 2671 1700 pes
2699 1646 2859 1684 meus
2884 1630 3039 1684 stetit
3063 1631 3122 1684 in
3151 1631 3257 1698 via,
3283 1631 3342 1685 in
3369 1632 3622 1687 Ecclesiis
3643 1633 3819 1688 bene-

2188 1723 2372 1778 dicam
2409 1722 2665 1778 Domino.
2709 1742 2736 1774 »
2780 1724 3137 1779 Concordent
3174 1724 3349 1796 igitur
3386 1742 3517 1780 cum
3555 1727 3823 1782 omnibus

2188 1817 2289 1872 Dei
2317 1817 2701 1872 sacerdotibus
2727 1817 2819 1872 hae
2847 1818 3134 1873 cbaritatis
3173 1818 3487 1886 sententiae,
3519 1820 3582 1874 in
3613 1821 3822 1891 quibus

455 1915 644 1971 diatur
685 1915 743 1972 et
789 1888 995 1971 veritas
1038 1915 1392 1984 defendatur,
1445 1918 1614 1985 atque
1657 1914 1985 1968 innocentes
2031 1888 2162 1968 etB
2189 1930 2283 1969 vos
2327 1913 2471 1968 ﬁxos
2511 1916 2566 1969 et
2606 1913 2800 1968 ﬁrmos
2841 1915 3105 1969 exstitere
3139 1915 3484 1985 judicamus.
3528 1888 3679 1971 Deus
3721 1934 3822 1973 vos

453 2009 677 2065 Domini
713 2009 960 2065 ministri
997 2009 1160 2064 illaesi
1189 2009 1522 2063 liberentur.
1553 2008 1630 2061 De
1667 2007 1831 2062 bonis
1862 2024 2000 2078 ergo
2029 2010 2087 2061 et

448 2105 636 2176 legem
667 2103 891 2160 Domini
920 2102 1370 2159 custodientibus
1400 2101 1786 2174 fratribusque
1806 2101 2081 2172 adjuvan-

2164 2007 2500 2082 _incolumes
2548 2007 2857 2075 custodiat,
2901 2008 3000 2062 ﬁlii
3043 2008 3378 2064 charissimi.
3420 2011 3560 2065 Data
3609 2028 3675 2065 xv
3718 2013 3820 2066 Ka-

2185 2100 2337 2155 lend.
2367 2099 2567 2170 Martii,
2601 2099 2842 2155 Antonio
2870 2104 2926 2156 et
2952 2102 3131 2156 Marco
3165 2103 3231 2156 ιν
3254 2119 3333 2157 cc.
3367 2104 3581 2158 consul.

456 2429 1034 2517 INCIPIUNT
1113 2431 1627 2518 DECRETA
1696 2431 2017 2517 IGINII
2102 2430 2414 2514 ΡΑΡίΕ
2485 2431 2628 2514 DE
2716 2430 2970 2514 FIDE
3061 2431 3197 2515 ET
3281 2432 3815 2532 RELIQUIS

1915 2572 2342 2659 CAUSIS.

1618 2756 1711 2818 De
1766 2753 1897 2833 ﬁde
1953 2760 2016 2816 et
2077 2751 2345 2834 reliquis
2401 2753 2633 2816 causis.

1263 2917 1447 2989 (Anno
1488 2917 1712 2974 Domini
1748 2919 1869 2988 143,
1898 2920 2157 2989 tempore
2185 2915 2455 2972 Antonini
2486 2915 2566 2971 Pii
2595 2916 2997 2988 imperatoris.)

518 3217 719 3271 lGlNIUS
743 3214 802 3270 in
833 3215 1046 3271 Christi
1081 3217 1316 3272 nomine
1350 3215 1515 3271 almae
1544 3215 1700 3271 urbis
1739 3215 1937 3269 Roma:
1964 3215 2078 3286 epi—
2098 3227 2152 3301 ρ
2178 3213 2311 3269 nisti
2336 3216 2468 3269 ante
2494 3217 2722 3285 tempus
2747 3213 2988 3284 perdere
3016 3215 3157 3269 nos?
3185 3214 3340 3269 venit
3366 3213 3534 3268 Filius
3559 3215 3818 3272 hominis

442 3324 663 3380 scopus,
691 3310 908 3364 cunctis
930 3310 990 3364 in
1020 3310 1327 3381 apostolica
1352 3310 1464 3365 ﬁde
1497 3313 1556 3364 et
1585 3308 1844 3364 doctrina
1868 3309 2075 3382 degen-

439 3402 613 3470 tibus,
640 3403 901 3458 salutem.

510 3496 853 3566 Cbarissimi,
884 3496 1031 3551 Deus
1059 3495 1268 3551 Filium
1294 3511 1463 3551 suum
1491 3494 1644 3551 misit
1670 3495 1730 3550 in
1756 3494 2074 3551 similitudi-

436 3604 569 3645 nem
614 3591 798 3646 carnis
842 3590 1080 3662 peccati,
1127 3593 1185 3645 et
1225 3590 1296 3644 de
1341 3591 1573 3661 peccato
1611 3589 1900 3645 clamavit
1938 3605 2069 3661 pec-

433 3688 623 3738 catum
658 3683 719 3738 in
757 3699 944 3752 carne,
976 3688 1041 3738 ut
1072 3683 1295 3754 justitia
1333 3683 1475 3754 legis
1512 3683 1868 3754 impleretur.
1904 3683 2072 3737 Filius

433 3793 550 3832 non
567 3777 881 3832 secundum
901 3776 1167 3831 deitatem
1193 3777 1365 3831 solam
1385 3794 1419 3831 a
1438 3778 1602 3830 Patre
1623 3778 1826 3830 missus
1847 3779 1950 3842 est,
1975 3777 2070 3831 sed

437 3869 751 3925 secundum
781 3884 1030 3935 carnem,
1053 3885 1231 3940 quam
1259 3870 1567 3925 clementer
1591 3873 1646 3924 et
1669 3869 1760 3941 pie
1781 3886 1882 3940 pro
1907 3869 2071 3924 nobis

432 3977 718 4017 assumere
735 3978 850 4016 non
868 3961 1212 4033 dedignatus
1229 3965 1330 4018 est.
1353 3965 1495 4018 Nam
1516 3963 1667 4034 quod
1679 3964 2066 4034 semetipsum,

434 4055 724 4111 exinanita
743 4055 1053 4125 majestatis
1079 4072 1196 4110 suae
1221 4056 1493 4127 potentia,
1520 4057 1671 4112 idem
1698 4057 1870 4111 Filius
1894 4058 2065 4113 mise-

430 4149 527 4217 rit,
549 4149 845 4220 Apostolus
866 4151 1217 4204 contestatur
1241 4153 1297 4204 et
1321 4150 1482 4206 dicit:
1502 4168 1528 4202 ‹‹
1553 4151 1936 4223 Semetipsum
1956 4153 2068 4206 exi-

431 4242 672 4310 nanivit,
712 4242 963 4297 formam
996 4244 1143 4298 servi
1185 4244 1487 4316 accipiens,
1524 4245 1844 4299 humiliavit
1869 4251 2067 4300 semet-

429 4336 639 4407 ipsum,
678 4336 858 4391 factus
899 4337 1166 4393 obediens
1194 4355 1377 4410 usque
1407 4339 1480 4394 ad
1518 4345 1793 4405 mortem,
1823 4343 2065 4394 mortem

431 4434 624 4485 autem
654 4430 833 4484 crucis
873 4431 1130 4502 (Philipp.
1172 4449 1231 4502 11,
1270 4438 1322 4499 7,
1354 4434 1427 4500 8).
1461 4454 1488 4482 »
1527 4434 1593 4486 Et
1635 4434 1844 4487 Isaias:
1882 4452 1909 4484 «
1940 4434 2064 4487 Non

429 4524 671 4595 legatus,
694 4539 881 4596 neque
910 4525 1170 4596 angelus,
1193 4526 1291 4580 sed
1317 4527 1466 4580 Deus
1489 4526 1609 4597 ipse
1635 4527 1842 4595 veniet,
1873 4533 1930 4581 et
1955 4527 2064 4580 sal-

2175 3308 2390 3363 salvare
2421 3312 2478 3364 et
2503 3324 2763 3379 quaerere
2790 3308 2941 3378 quod
2967 3308 3233 3378 perierat.
3263 3329 3290 3360 »
3319 3310 3454 3362 Item
3481 3309 3560 3362 ibi
3586 3326 3599 3362 :
3635 3331 3661 3359 ‹‹
3693 3312 3814 3382 Ego

2173 3401 2300 3456 veni
2343 3405 2408 3456 ut
2448 3401 2623 3456 vitam
2653 3401 2917 3470 habeant,
2957 3405 3012 3455 et
3046 3401 3429 3456 abundantius
3466 3401 3744 3472 habeant;
3779 3427 3809 3454 ››

2173 3496 2316 3549 item
2360 3494 2437 3550 ibi
2468 3511 2481 3550 :
2523 3518 2550 3546 ‹‹
2596 3497 2772 3550 Nemo
2801 3495 3054 3549 ascendit
3092 3495 3152 3548 in
3185 3496 3411 3564 coelum,
3455 3494 3562 3548 nisi
3602 3496 3702 3566 qui
3739 3497 3814 3553 de

2173 3589 2315 3643 coelo
2355 3589 2663 3659 descendit,
2713 3589 2886 3642 Filius
2927 3588 3175 3642 hominis
3217 3587 3314 3658 qui
3352 3591 3436 3640 cst
3475 3589 3534 3643 in
3573 3590 3731 3645 ccrlo.
3779 3613 3810 3642 »

2172 3683 2438 3753 Nunquid
2463 3683 2525 3736 in
2566 3682 2654 3736 his
2695 3682 2867 3736 tantis
2896 3697 2960 3735 ac
2998 3680 3202 3735 talibus
3235 3679 3570 3736 testimoniis
3600 3683 3812 3754 quibus

2172 3792 2230 3830 se
2273 3775 2442 3829 Filius
2479 3774 2581 3828 Dei
2613 3791 2646 3828 a
2685 3774 2991 3844 semetipso
3031 3773 3246 3827 venisse
3286 3778 3517 3829 testatus
3555 3780 3658 3844 est,
3701 3795 3808 3848 po-

2170 3867 2300 3924 terit
2324 3869 2449 3940 quis
2475 3868 2661 3923 dicere
2692 3867 2762 3922 ab
2794 3868 2903 3922 alio
2932 3871 2987 3922 et
3011 3884 3125 3922 non
3153 3884 3184 3921 a
3212 3868 3513 3940 semetipso
3547 3871 3809 3928 venisse?

2170 3962 2308 4018 dum
2358 3961 2726 4016 manifestum
2783 3966 2887 4029 est,
2930 3961 3082 4032 quod
3128 3961 3225 4033 qui
3268 3979 3498 4016 carnem
3545 3968 3808 4020 nostram

2171 4056 2474 4128 dignanter
2499 4054 2820 4126 assumpsit,
2859 4055 3172 4110 voluntarie
3203 4059 3261 4110 et
3284 4072 3399 4110 non
3427 4056 3495 4109 ab
3520 4056 3629 4111 alio
3663 4058 3805 4113 mis-

2170 4170 2264 4209 sus
2307 4153 2624 4220 advenerit;
2672 4170 2804 4207 nam
2848 4152 2944 4224 qui
2988 4153 3046 4207 in
3089 4155 3252 4208 Patre
3290 4170 3545 4220 manens,
3589 4154 3808 4227 ubique

2166 4247 2423 4318 potentia
2460 4263 2564 4300 sua
2610 4246 2879 4314 consistit,
2919 4247 3016 4300 ubi
3060 4264 3171 4318 quo
3205 4264 3238 4300 a
3275 4249 3439 4301 Patre
3479 4247 3811 4305 mitteretur

2169 4340 2326 4396 omni
2343 4340 2512 4395 modo
2531 4356 2646 4394 non
2668 4340 2883 4406 habuit,
2904 4341 3179 4411 quoniam
3197 4341 3354 4394 nulla
3377 4357 3506 4410 pars
3526 4341 3806 4398 cozlorum

2165 4450 2229 4488 ac
2249 4437 2417 4488 terra:
2443 4450 2477 4487 a
2501 4437 2808 4504 conspectu
2832 4435 3014 4488 Patris
3043 4434 3341 4505 excipitur,
3362 4435 3461 4488 ubi
3481 4436 3806 4491 secundum

2165 4543 2265 4581 vos
2295 4544 2328 4581 a
2354 4529 2518 4581 Patre
2547 4526 2714 4581 Filius
2741 4527 3103 4582 mitteretur?
3133 4531 3189 4581 et
3214 4529 3420 4582 Paulus
3449 4545 3461 4581 :
3490 4547 3517 4579 «
3546 4529 3802 4584 Renova-

425 4617 581 4672 vabit
608 4635 743 4686 nos;
777 4640 805 4669 ››
833 4617 974 4673 item
996 4619 1071 4673 ibi
1097 4636 1110 4674 :
1138 4620 1378 4674 «Palam
1405 4620 1646 4691 apparui
1675 4637 1791 4675 non
1813 4621 2145 4693 quaeren-D
2167 4620 2332 4687 mini,
2368 4619 2575 4691 inquit,
2614 4621 2818 4692 spiritu
2855 4620 3066 4674 mentis
3103 4623 3325 4690 vestrae,
3358 4625 3414 4675 et
3447 4621 3666 4677 induite
3702 4640 3807 4679 no-

423 4710 578 4767 tibus
602 4729 715 4767 me.
743 4731 770 4764 »
791 4713 859 4768 Et
881 4711 1151 4768 Jeremias
1175 4730 1188 4768 :
1223 4734 1251 4762 ‹‹
1279 4713 1564 4784 Dereliqui
1589 4713 1822 4768 domum
1850 4730 2058 4783 meam,

425 4804 615 4859 dimisi
651 4806 1044 4863 haereditatem
1077 4824 1284 4875 meam,
1319 4807 1446 4863 veni
1487 4810 1546 4862 et
1577 4807 1760 4861 factus
1798 4825 1924 4862 sum
1953 4808 2062 4863 illis

423 4895 484 4950 in
531 4899 921 4968 opprobrium.
965 4921 992 4950 »
1028 4903 1095 4955 Et
1132 4901 1192 4954 in
1233 4900 1463 4955 Michzea
1493 4917 1506 4954 :
1538 4919 1565 4952 «
1608 4904 1744 4956 Ecce
1790 4902 2060 4956 Dominus

421 4988 630 5056 veniet,
661 4995 718 5045 et
756 4995 1269 5049 commovebuntur
1308 4993 1411 5048 sub
1457 5010 1525 5048 eo
1564 4999 1817 5059 montes;
1851 5014 1875 5044 »
1909 5000 1963 5050 et
2001 4995 2059 5050 in

423 5083 724 5138 Zacharia:
757 5106 785 5135 «
824 5086 1013 5141 Gaude
1052 5093 1109 5143 et
1149 5089 1362 5142 exsulta
1408 5086 1525 5141 ﬁlia
1565 5087 1720 5156 Sion,
1764 5087 1898 5159 quia
1929 5106 2057 5144 ecce

425 5187 535 5242 ego
579 5172 762 5241 venio,
806 5177 864 5228 et
898 5177 1298 5232 commorabor
1326 5177 1382 5231 in
1423 5176 1608 5231 medio
1640 5177 1741 5247 tui,
1775 5178 1910 5233 dicit
1950 5180 2054 5234 Do-

424 5264 648 5335 minus;
689 5286 718 5316 »
749 5268 806 5321 et
834 5270 1136 5339 Apostolus
1163 5271 1235 5325 ad
1267 5271 1627 5326 Timotheum
1659 5289 1672 5326 :
1709 5293 1736 5322 «
1769 5274 2057 5329 Humanus

424 5374 614 5413 sermo
657 5363 713 5414 et
752 5361 909 5414 omni
946 5361 1274 5432 acceptione
1314 5365 1541 5436 dignus,
1581 5366 1858 5437 quoniam
1897 5369 2056 5422 Jesus

421 5451 676 5508 Christus
711 5453 867 5508 venit
903 5455 960 5508 in
1001 5455 1155 5509 hunc
1193 5459 1474 5513 mundum
1512 5463 1836 5531 peccatores
1881 5460 2056 5515 salvos

418 5545 640 5613 facere;
693 5566 720 5598 ››
771 5552 826 5602 et
867 5547 1162 5603 Malachias
1208 5566 1221 5604 :
1273 5568 1299 5602 «
1344 5553 1483 5608 Ecce
1533 5554 1719 5609 subito
1762 5553 1950 5609 veniet
1994 5553 2052 5608 in

416 5640 633 5712 templo
670 5658 772 5696 suo
803 5641 1072 5697 Dominus
1097 5659 1269 5715 quem
1297 5661 1391 5700 vos
1422 5647 1694 5718 quaeritis,
1726 5651 1785 5702 et
1816 5648 2055 5718 angelus

415 5733 765 5792 Testamenti
796 5753 968 5807 quem
1003 5754 1099 5792 vos
1127 5738 1324 5808 vultis;
1356 5759 1384 5792 »
1416 5739 1477 5794 in
1505 5741 1843 5811 Evangelio:
1875 5760 1903 5792 ς(
1930 5743 2050 5795 Non

412 5826 540 5881 veni
566 5844 768 5885 vocare
793 5830 994 5902 justos,
1025 5832 1122 5888 sed
1151 5835 1477 5904 peccatores
1501 5832 1559 5886 in
1586 5833 2001 5903 paenitentiam.
2019 5855 2047 5883 »

409 5918 549 5973 item
572 5921 648 5976 ibi
675 5941 688 5977 :
716 5942 742 5975 «
765 5925 906 5989 Quid
929 5926 1108 5992 nobis,
1135 5931 1191 5982 et
1211 5925 1348 5997 quid
1370 5924 1471 5979 tibi
1495 5925 1645 5994 Jesu,
1670 5926 1791 5981 Filii
1821 5927 1937 5994 Dei,
1964 5944 2049 5984 ve-

2162 4730 2296 4768 vum
2329 4714 2622 4769 hominem
2662 4713 2759 4785 qui
2796 4714 3113 4768 secundum
3145 4715 3326 4768 Deum
3367 4719 3589 4769 creatus
3625 4720 3711 4770 est
3742 4718 3807 4773 in

2152 4807 2380 4880 justitia
2403 4812 2459 4864 et
2485 4808 2777 4863 sanctitate
2803 4807 3071 4862 veritatis.
3106 4828 3133 4859 »
3163 4809 3230 4862 Et
3255 4808 3324 4862 ad
3343 4808 3609 4863 Hebraeos
3635 4825 3647 4863 :
3677 4829 3704 4861 ς(
3741 4813 3808 4867 In

2161 4918 2228 4956 eo
2258 4902 2411 4957 enim
2446 4901 2508 4956 in
2542 4918 2657 4973 quo
2688 4918 2882 4972 passus
2917 4905 2999 4956 est
3036 4902 3156 4972 ipse
3190 4905 3248 4957 et
3285 4907 3530 4957 tentatus
3565 4907 3670 4971 est,
3702 4921 3804 4975 po—

2157 4999 2283 5052 tens
2319 5000 2404 5051 est
2434 4997 2513 5051 eis
2543 4996 2642 5066 qui
2683 4998 2978 5050 tentantur
3009 4995 3284 5062 auxiliari,
3324 5015 3352 5048 »
3394 4996 3543 5050 unde
3583 5004 3802 5054 sanctae

2157 5089 2466 5144 vocationis
2512 5104 2739 5158 semper
2776 5089 3012 5144 caelestis
3054 5089 3384 5160 participes.
3427 5090 3800 5148 Considerate

2157 5183 2493 5253 Apostolum
2540 5180 2905 5236 confessionis
2949 5186 3178 5249 nostrse,
3223 5187 3280 5238 et
3323 5183 3655 5254 pontiﬁcem
3698 5188 3794 5240 Je-

2156 5292 2286 5330 sum
2331 5274 2558 5329 ﬁdelem
2607 5275 2941 5330 existentem
2991 5276 3089 5347 qui
3138 5277 3355 5331 vocavit
3399 5293 3552 5331 eum.
3604 5279 3671 5332 Et
3720 5281 3799 5334 ad

2155 5369 2509 5424 Colossenses
2532 5385 2546 5423 :
2575 5389 2601 5418 ‹‹
2623 5370 2782 5423 Nunc
2804 5374 2994 5424 autem
3020 5370 3287 5440 deponite
3310 5375 3366 5424 et
3386 5387 3484 5425 vos
3507 5371 3796 5441 universa,

2155 5461 2320 5530 iram,
2350 5461 2821 5533 indignationem,
2864 5462 3167 5532 malitiam,
3198 5463 3635 5535 blasphemiam,
3669 5470 3797 5520 tur-

2153 5553 2359 5626 piaque
2402 5555 2575 5610 verba
2615 5572 2685 5610 ex
2724 5573 2823 5610 ore
2865 5559 3050 5611 vestro
3090 5573 3205 5611 non
3241 5558 3573 5628 procedant.
3605 5559 3798 5616 Nolite

2151 5647 2382 5703 mentiri
2425 5649 2692 5704 invicem.
2731 5649 3117 5721 Exspoliantes
3161 5666 3255 5704 vos
3304 5656 3555 5706 veterem
3599 5651 3794 5708 homi-

2150 5756 2284 5796 nem
2315 5758 2447 5797 cum
2475 5743 2690 5798 actibus
2722 5743 2856 5810 suis,
2889 5743 3108 5798 induite
3148 5761 3362 5799 novum
3398 5761 3531 5800 eum
3566 5748 3664 5817 qui
3702 5765 3795 5804 re-

2149 5840 2388 5890 novatur
2431 5835 2489 5890 in
2538 5837 2897 5907 agnitionem
2946 5837 3257 5891 secundum
3296 5838 3610 5909 imaginem
3661 5841 3790 5912 ejus

2149 5929 2244 6000 qui
2307 5929 2518 5984 creavit
2581 5946 2733 5985 eum.
2792 5952 2819 5980 ››
2873 5929 3142 6000 Nunquid
3198 5931 3244 5986 is
3296 5933 3394 6003 qui
3459 5932 3787 5992 universam
