4068 6310
225 419 323 473 109

1455 418 1924 472 DECRETALIUM
1963 417 2350 473 COLLECTIO.

3479 420 3576 477 HO

217 527 555 590 creaturam,
604 521 835 577 visibilis
892 526 950 577 et
992 522 1290 578 invisibilia
1345 524 1597 595 propria:
1643 523 1848 595 virtute
1871 538 1928 610 Α
2017 524 2446 580 Criminationes
2471 525 2757 596 majorum
2785 530 2923 580 natu
2960 541 3062 597 per
3088 527 3232 582 alios
3259 542 3379 581 non
3412 527 3572 598 ﬁant,

215 617 509 689 potestatis
556 617 871 687 procreavit
925 633 989 670 ac
1036 616 1191 684 fecit,
1253 616 1502 688 seipsum
1551 620 1705 685 ante,
1754 622 1851 672 aut

215 711 587 783 postmodum
614 710 788 780 (quod
827 710 1016 764 dicere
1062 711 1221 765 nefas
1258 711 1358 781 est)
1405 711 1614 765 creavit
1649 711 1736 766 vel
1766 712 1848 765 fa-

214 821 344 859 cere
361 804 590 876 potuit?
621 805 686 857 Et
713 803 983 857 Dominus
1011 804 1068 857 in
1106 803 1412 874 Evangelio
1445 802 1555 858 ait:
1584 823 1610 855 «
1646 807 1764 876 Ego
1795 807 1852 858 et

212 900 377 952 Pater
401 913 580 951 unum
605 913 836 965 sumus;
864 916 891 947 »
918 901 973 950 et
994 897 1203 951 iterum
1230 914 1243 950 :
1276 917 1303 946 «
1334 897 1443 961 Qui
1469 913 1560 952 me
1579 897 1749 964 videt,
1774 898 1852 951 vi-

213 991 311 1046 det
335 994 394 1044 et
417 992 672 1054 Patrem;
695 1008 721 1040 »
752 993 806 1044 et
825 989 1068 1043 iterum:
1097 1011 1123 1040 ι(
1153 990 1259 1054 Qui
1277 1007 1368 1044 me
1390 991 1525 1060 odit,
1550 993 1606 1044 et
1622 992 1847 1044 Patrem

213 1099 410 1138 meum
450 1083 605 1148 odit;
636 1102 664 1129 δ)
699 1085 756 1136 et
781 1082 990 1136 iterum
1021 1099 1033 1136 :
1068 1101 1094 1134 α
1137 1084 1204 1137 Ut
1237 1099 1436 1136 omnes
1471 1083 1852 1138 honorificent

215 1177 445 1246 Filium,
498 1176 643 1230 sicut
676 1175 1060 1230 honorificant
1095 1177 1436 1245 Patrem;‘»
1488 1179 1546 1229 et
1591 1176 1800 1230 iterum
1833 1192 1846 1231 :

215 1292 243 1321 ‹‹
273 1272 342 1325 Ut
368 1269 482 1324 sint
512 1268 572 1322 in
599 1268 761 1323 nobis
787 1285 988 1335 unum,
1019 1269 1162 1323 sicut
1191 1272 1247 1323 et
1284 1286 1387 1324 nos
1418 1285 1602 1324 unum
1628 1285 1846 1324 sumus.

209 1366 291 1418 Tu
311 1363 372 1418 in
397 1379 513 1429 me,
544 1364 603 1416 et
628 1378 734 1433 ego
762 1361 822 1415 in
852 1363 959 1430 eis;
993 1383 1020 1410 »
1063 1366 1118 1416 et
1146 1361 1357 1416 iterum
1385 1379 1397 1416 :
1434 1383 1461 1412 ‹‹
1493 1363 1699 1417 Omnia
1720 1378 1852 1416 mea

210 1462 308 1512 tua
335 1459 497 1522 sunt;
525 1477 553 1506 n
603 1458 659 1510 et
695 1455 904 1509 iterum
938 1471 952 1508 :
994 1473 1021 1506 «
1059 1457 1177 1525 Ego
1208 1455 1267 1509 in
1298 1457 1482 1524 Patre,
1516 1459 1575 1509 et
1594 1457 1760 1510 Pater
1786 1455 1845 1509 in

213 1567 334 1615 me;
367 1569 395 1600 »
429 1555 487 1605 et
515 1551 756 1604 iterum:
788 1567 816 1599 «
843 1550 1009 1602 Pater
1033 1549 1092 1602 in
1125 1566 1219 1603 me
1248 1565 1491 1604 manens
1522 1549 1654 1603 facit
1676 1566 1851 1620 opera

213 1645 355 1699 haec.
398 1663 427 1695 »
477 1645 546 1697 Et
588 1645 834 1698 Joannes
874 1642 1212 1713 evangelista
1248 1642 1326 1696 ait
1358 1658 1372 1696 :
1409 1660 1436 1693 «
1475 1644 1535 1696 In
1570 1642 1849 1714 principio

214 1743 336 1793 erat
360 1736 631 1804 Verbum,
664 1741 720 1791 et
761 1735 1004 1790 Verbum
1040 1737 1158 1790 erat
1187 1735 1339 1806 apud
1379 1736 1580 1802 Deum,
1612 1740 1668 1790 et
1701 1737 1850 1789 Deus

214 1835 339 1886 erat
367 1830 618 1885 Verbum
661 1829 832 1900 (Joan,
867 1846 905 1896 ι,
936 1832 984 1901 1)
1001 1847 1018 1898 ;
1054 1849 1082 1878 ››
1131 1832 1190 1883 et
1223 1828 1432 1883 iterum
1461 1829 1580 1900 ipse
1611 1828 1683 1883 ad
1713 1831 1848 1884 Par-

1948 618 2056 673 nisi
2104 635 2210 689 per
2262 619 2411 689 ipsos
2460 618 2556 690 qui
2608 617 2846 672 crimina
2902 619 3243 688 intendunt,
3291 618 3337 674 si
3379 623 3576 677 tamen

1948 711 2056 783 ipsi
2082 711 2241 782 digni
2282 713 2338 766 et
2366 711 2893 783 irreprehensibiles
2921 712 3307 784 apparuerint,
3350 716 3407 769 et
3438 713 3577 770 actis

1949 804 2185 875 publicis
2214 804 2513 859 docuerint
2537 806 2692 860 omni
2721 822 2779 860 se
2805 806 3125 876 suspicione
3163 822 3356 861 carere
3382 810 3438 862 et
3462 807 3572 861 ini-

1947 898 2159 952 micitia
2177 897 2325 970 25,
2357 903 2527 969 atque
2553 898 3105 970 irreprehensibilem
3142 900 3312 955 fidem
3339 916 3405 956 ac
3435 917 3572 956 con-

1948 991 2325 1046 versationem
2346 991 2551 1046 ducere
2575 1009 2588 1045 :
2618 1008 2841 1046 necnon
2868 997 2924 1047 et
2941 993 3250 1064 peregrina
3274 993 3504 1065 negotia
3519 999 3577 1049 et

1942 1085 2156 1156 judicia
2181 1084 2568 1155 prohibemus,
2587 1084 2717 1156 quia
2730 1085 3031 1157 indignum
3051 1093 3135 1140 est
3152 1091 3214 1141 ut
3229 1087 3300 1141 ab
3323 1088 3575 1142 externis

1942 1178 2272 1248 judicentur
2302 1178 2400 1249 qui
2448 1178 2820 1250 provinciales
2860 1183 2915 1233 et
2948 1196 2981 1232 a
3021 1195 3079 1234 se
3117 1181 3322 1234 electos
3367 1180 3575 1235 debent

1949 1271 2160 1326 habere
2175 1271 2416 1342 judices.
2435 1273 2544 1326 Nos
2569 1271 2804 1343 quidem
2832 1288 2898 1326 ex
2921 1272 3079 1326 omni
3099 1277 3255 1342 parte
3282 1274 3570 1344 carpendo

1949 1364 2273 1420 occasiones
2300 1364 2659 1420 abscidimus.
2692 1365 2803 1419 Nos
2828 1381 3089 1436 supernae
3105 1381 3390 1421 memores
3412 1366 3572 1421 disci-

1948 1457 2140 1529 plinac,
2172 1458 2620 1530 quibuscumque
2647 1457 2977 1512 cadentibus
3015 1459 3304 1513 dexteram
3330 1459 3569 1529 porrigi-

1948 1567 2097 1618 mus,
2125 1555 2180 1606 et
2205 1568 2238 1604 a
2267 1551 2450 1604 ruinae
2495 1550 2808 1622 praecipitio
2843 1567 2984 1622 quos
3018 1567 3314 1622 possumus
3354 1551 3571 1606 releva-

1948 1659 2078 1698 mus
2105 1647 2164 1698 et
2201 1643 2545 1699 defensionis
2579 1643 2987 1699 adminiculum
3025 1644 3159 1699 totis
3191 1643 3401 1698 viribus
3435 1659 3578 1716 pree-

1946 1736 2084 1792 bere
2112 1737 2393 1808 cupimus.
2426 1737 2587 1792 Certe
2629 1737 2676 1792 si
2708 1739 2793 1792 vel
2840 1754 3004 1791 mens
3034 1737 3106 1791 sit
3143 1737 3280 1791 recti
3319 1735 3540 1791 conscia
3561 1778 3574 1805 ,

1947 1829 2193 1884 vindicta
2219 1829 2428 1901 dignus
2471 1835 2558 1885 est
2596 1831 2696 1902 qui
2744 1830 2868 1885 aliis
2893 1830 3079 1886 existit
3103 1845 3275 1884 causa
3303 1829 3575 1902 periculi;

213 1927 378 1981 thos:
403 1925 590 1979 «Tres
617 1926 769 1991 sunt,
791 1922 997 1994 inquit,
1019 1923 1113 1994 qui
1133 1922 1526 1978 testimonium
1542 1923 1850 1994 perhibent
1869 1908 1924 1980 Β
1948 1922 2045 1996 qui
2073 1939 2204 1978 vero
2233 1923 2603 1978 innocentem
2640 1924 2728 1979 vel
2772 1923 3005 1979 fratrem
3043 1938 3383 1995 quocunque
3412 1923 3577 1994 inge-

212 2021 273 2075 in
301 2025 454 2075 terra
486 2035 500 2072 :
531 2034 698 2089 aqua,
727 2017 956 2088 sanguis
978 2020 1036 2071 et
1062 2033 1214 2087 caro,
1246 2019 1362 2070 tres
1394 2016 1454 2070 in
1480 2016 1646 2071 nobis
1672 2019 1804 2071 sunt
1824 2035 1842 2087 ;

215 2119 270 2169 et
315 2119 434 2168 tres
477 2116 612 2166 sunt
652 2110 749 2183 qui
787 2110 1180 2165 testimonium
1218 2109 1518 2181 perhibent
1553 2110 1615 2164 in
1658 2111 1799 2165 coelo
1832 2127 1845 2165 :

212 2209 394 2273 Pater,
424 2205 694 2272 Verbum,
728 2208 783 2259 et
815 2204 1073 2274 Spiritus,
1113 2208 1168 2258 et
1196 2203 1252 2258 hi
1290 2209 1404 2258 tres
1427 2220 1609 2258 unum
1637 2209 1788 2259 sunt.
1819 2225 1846 2252 »

212 2302 320 2355 Nos
347 2301 540 2371 itaque
565 2298 624 2353 in
658 2301 862 2352 natura
906 2297 1236 2366 divinitatis,
1291 2297 1427 2368 quia
1472 2314 1651 2352 unum
1695 2300 1846 2364 sunt,

1946 2017 2040 2071 nio
2070 2017 2446 2088 persequitur,
2493 2017 2612 2088 ipse
2643 2017 2702 2071 in
2743 2034 2803 2071 se
2833 2017 3102 2088 jugulum
3134 2016 3336 2072 mortis
3369 2016 3582 2088 impin-

1950 2111 2052 2183 git,
2078 2115 2140 2165 ut
2166 2110 2245 2166 ait
2267 2110 2486 2165 divinus
2527 2113 2585 2164 et
2611 2111 2812 2165 beatus
2838 2127 3020 2182 praeco
3050 2126 3064 2164 :
3095 2110 3219 2164 Noli
3249 2110 3574 2179 detrahere,

1947 2221 2020 2259 ne
2046 2203 2366 2270 eradiceris,
2394 2203 2513 2258 noli
2540 2220 2823 2272 accusare,
2860 2220 2935 2259 ne
2967 2204 3266 2275 accuseris,
3288 2204 3403 2259 noli
3424 2203 3580 2274 judi-

1951 2314 2096 2367 care,
2130 2313 2201 2352 ne
2227 2297 2525 2369 judieeris,
2565 2297 2697 2369 quia
2733 2297 2792 2352 in
2836 2314 2950 2370 quo
2977 2298 3193 2368 judicio
3220 2297 3581 2369 judicaveris,

213 2397 396 2461 Pater,
454 2399 512 2448 et
557 2391 750 2459 Filius,
803 2393 861 2445 et
899 2389 1138 2461 Spiritus
1188 2394 1431 2460 sanctus,
1462 2407 1567 2446 nec
1619 2392 1850 2445 Patrem
1942 2391 2293 2462 judicabitur
2330 2391 2398 2446 de
2436 2395 2510 2446 te.
2553 2391 2729 2446 Nemo
2781 2391 3030 2446 creditur
3074 2408 3182 2446 nos
3219 2392 3402 2447 odisse
3439 2408 3580 2464 quo-

213 2488 403 2558 aliquo
434 2490 688 2556 tempore
726 2484 1008 2539 credimus
1043 2484 1416 2554 praecessisse,
1459 2488 1520 2538 ut
1560 2485 1747 2555 major
1779 2484 1852 2538 sit

215 2581 354 2635 Filio
378 2621 393 2649 ,
448 2595 553 2634 nec
602 2578 805 2632 Filium
839 2582 1034 2649 postea
1071 2582 1270 2631 natum
1305 2593 1425 2632 esse
1464 2580 1527 2631 ut
1560 2577 1851 2632 divinitate

213 2674 394 2730 Patris
424 2673 762 2728 minoretur.

284 2769 594 2834 (laterum,
614 2766 832 2830 fratres,
875 2765 1028 2819 salvo
1057 2763 1117 2818 in
1143 2764 1408 2818 omnibus
1438 2764 1714 2819 Romanae
1744 2764 1850 2818 Ec-

215 2861 400 2916 clesiae
428 2859 747 2931 privilegio,
775 2858 966 2912 nullus
995 2857 1466 2929 metropolitanus
1500 2857 1716 2928 absque
1741 2873 1850 2911 cae-

213 2961 471 3009 terorum
531 2951 787 3006 omnium
845 2951 1405 3022 comprovincialium
1461 2951 1853 3022 episcoporum

212 3047 486 3103 instantia
509 3046 828 3118 aliquorum
854 3045 1049 3099 audiat
1075 3061 1268 3100 causas
1299 3061 1519 3114 eorum,
1536 3043 1666 3115 quia
1679 3044 1854 3098 irritae

218 3145 391 3198 erunt
421 3140 590 3194 aliter
614 3141 753 3194 actae
801 3155 976 3209 quam
1018 3138 1076 3192 in
1123 3142 1434 3210 conspectu
1479 3154 1678 3192 eorum
1730 3154 1852 3192 om-

217 3236 384 3290 nium
410 3233 722 3300 ventilatae,
755 3237 812 3288 et
837 3232 980 3303 ipse,
1015 3232 1059 3286 si
1086 3232 1304 3300 fecerit,
1329 3236 1652 3288 coerceatur
1677 3249 1710 3288 a
1737 3231 1854 3288 fra-

221 3329 420 3385 tribus.

1949 2501 2080 2539 rum
2128 2485 2399 2540 relatione
2439 2501 2553 2539 non
2592 2485 2854 2552 laeditur,
2897 2484 3032 2540 dicit
3068 2485 3223 2539 enim
3261 2485 3579 2541 Dominus:

1949 2578 2130 2633 Omne
2158 2593 2408 2648 regnum
2451 2576 2510 2631 in
2550 2593 2608 2632 se
2643 2577 2884 2631 divisum
2921 2593 3038 2631 non
3071 2577 3259 2644 stabit,
3300 2579 3357 2631 et
3393 2577 3583 2632 omnis

1951 2670 2183 2726 scientia
2215 2674 2315 2725 aut
2346 2671 2546 2742 regula
2587 2670 2885 2725 adversum
2923 2687 2982 2725 se
3021 2670 3201 2725 divisa
3237 2686 3353 2725 non
3394 2670 3580 2726 stabit.

1951 2765 2198 2836 Ideoque
2234 2780 2462 2819 necesse
2501 2768 2605 2833 est,
2637 2768 2702 2818 ut
2745 2763 3102 2819 concorditer
3137 2763 3387 2819 salubres
3416 2763 3583 2818 susci-

1951 2857 2135 2930 piatis,
2177 2857 2434 2926 hortans,
2493 2857 2634 2911 nihil
2689 2873 2794 2928 per
2844 2856 3272 2912 contentionem
3327 2861 3580 2928 agentes,

1953 2952 2053 3007 sed
2088 2951 2159 3005 ad
2198 2967 2367 3005 omne
2415 2950 2664 3005 studium
2713 2949 3027 3005 devotionis
3075 2949 3398 3020 unanimes,
3449 2949 3586 3004 divi-

1954 3045 2043 3099 nis
2103 3050 2160 3100 et
2195 3043 2516 3116 apostolicis
2573 3044 3068 3099 constitutionibus
3122 3043 3388 3115 parcatis.
3448 3044 3584 3099 Data

1954 3154 2064 3193 xvn
2101 3137 2341 3193 Kalend.
2405 3137 2677 3194 Octobris.
2719 3138 2918 3210 Magno
2954 3142 3010 3193 et
3039 3137 3338 3194 Camerino
3378 3152 3580 3192 consu-

1952 3231 2118 3286 libus.

841 3534 1299 3606 EPISTOLA
1371 3533 1644 3606 IGINII
1713 3535 1993 3606 PAP/E
2065 3535 2196 3606 AD
2265 3533 2957 3606 ATHENIENSES.

285 3712 435 3781 Papa
460 3709 665 3764 [GlNlUS
693 3705 1130 3763 Atheniensibus
1157 3705 1423 3760 salutem.

287 3803 461 3858 Multa
484 3801 630 3857 mihi
657 3801 867 3856 ﬁducia
893 3805 978 3856 est
1002 3799 1156 3871 apud
1182 3815 1301 3868 vos,
1337 3799 1558 3869 fratres,
1592 3800 1648 3853 et
1674 3795 1853 3852 multa

217 3895 483 3968 gloriatio
517 3913 622 3967 pro
648 3895 821 3950 vobis.
857 3895 1124 3965 Repletus
1163 3909 1289 3947 sum
1320 3891 1729 3959 consolatione,
1756 3907 1849 3945 su-

213 3989 547 4062 perabundo
579 3989 784 4061 gaudio
816 3989 878 4044 in
905 3989 1067 4044 omni
1101 3987 1461 4042 tribulatione
1489 3990 1702 4040 nostra.
1737 3984 1853 4038 Tri-

214 4085 380 4138 bulor
405 4084 560 4138 enim
582 4082 816 4154 quando
836 4083 905 4137 de
927 4082 1087 4138 vobis
1099 4081 1269 4136 audio
1294 4081 1448 4152 quod
1467 4096 1584 4133 non
1608 4081 1850 4150 oportet.

215 4179 490 4234 Consolor
515 4193 648 4231 vero
677 4177 897 4247 quoties
935 4193 1002 4231 ea
1044 4176 1193 4230 inter
1239 4191 1339 4229 vos
1377 4172 1502 4228 ﬁeri
1533 4187 1852 4242 cognovero

217 4288 344 4342 quae
369 4271 549 4326 bonos
575 4269 913 4325 christianos
955 4270 1116 4324 decet
1138 4269 1399 4339 implere.
1437 4287 1465 4317 ‹‹
1505 4265 1704 4334 Nolite,
1737 4265 1850 4319 fra-

222 4369 352 4431 tres,
374 4364 587 4435 jugum
627 4363 834 4419 ducere
871 4380 1002 4417 cum
1031 4361 1376 4428 inﬁdelibus,
1406 4382 1434 4410 »
1479 4361 1631 4414 unde
1659 4359 1856 4414 doctor

223 4459 486 4528 gentium
505 4457 760 4529 loquitur
785 4457 1015 4512 dicens:
1048 4477 1076 4506 «
1097 4457 1231 4521 Quae
1251 4454 1606 4526 participatio
1618 4452 1853 4524 justitiaa

218 4567 350 4606 cum
373 4551 718 4622 iniquitate?
758 4550 884 4622 quis
923 4555 1115 4606 autem
1158 4565 1464 4604 consensus
1502 4547 1716 4618 templo
1758 4545 1855 4600 Dei

220 4662 348 4699 cum
381 4645 590 4714 idolis?
618 4660 720 4699 vos
772 4643 927 4698 enim
958 4643 1089 4699 estis
1116 4643 1397 4714 templum
1429 4641 1525 4695 Dei
1552 4639 1682 4707 vivi,
1712 4639 1858 4694 sicut

221 4738 352 4792 dicit
388 4737 686 4793 Dominus.
729 4737 1015 4801 Quoniam
1051 4736 1386 4792 inhabitabo
1423 4734 1484 4789 in
1525 4733 1657 4802 illis,
1686 4737 1742 4788 et
1765 4733 1853 4786 in-

221 4831 544 4899 ambulabo,
573 4836 632 4886 et
675 4846 773 4885 ero
816 4830 1046 4886 illorum
1085 4831 1253 4896 Deus,
1293 4832 1351 4884 et
1379 4827 1486 4899 ipsi
1508 4829 1674 4881 erunt
1713 4825 1857 4879 mihi

223 4925 463 4996 populus
498 4924 572 4988 (II
592 4924 714 4980 Cor.
746 4940 823 4987 vr,
850 4925 934 4992 14,
977 4924 1084 4996 16).
1124 4943 1152 4976 »
1184 4923 1241 4979 Si
1266 4922 1421 4978 enim
1457 4922 1610 4974 Deus
1638 4918 1856 4989 angelis

225 5017 590 5088 peccantibus
615 5033 732 5072 non
757 5018 1031 5089 pepercit,
1063 5018 1162 5072 sed
1182 5011 1747 5071 rudentibusinferni
1767 5011 1858 5066 de-

223 5209 510 5277 reservari,
537 5213 593 5264 et
629 5209 894 5280 originali
923 5210 1136 5264 mundo
1159 5225 1274 5263 non
1291 5207 1568 5280 pepercit,
1588 5207 1684 5261 sed
1707 5209 1856 5260 octa-

227 5319 350 5358 vum
393 5303 510 5358 Noe
556 5302 796 5374 justitiaa.
845 5319 1171 5373 praeconem
1217 5299 1538 5368 custodivit,
1583 5299 1859 5355 diluvium

227 5397 437 5452 mundo
461 5396 781 5468 impiorum
806 5395 1102 5465 inducens,
1124 5401 1180 5452 et
1199 5396 1453 5452 civitates
1483 5395 1857 5451 Sodomorum

228 5488 278 5539 et
300 5485 807 5542 Gomorrhaeorum
846 5485 908 5540 in
953 5485 1202 5541 cinerem
1236 5485 1524 5556 redigens,
1567 5482 1858 5538 eversione

226 5579 534 5649 damnavit,
566 5579 900 5651 exemplum
932 5595 1132 5634 eorum
1175 5577 1272 5650 qui
1303 5577 1481 5650 impie
1521 5576 1702 5632 acturi
1726 5577 1860 5630 sunt

222 5689 462 5744 ponens,
495 5672 634 5745 quid
659 5673 872 5745 putatis
898 5672 1111 5744 iniquis
1137 5675 1195 5728 et
1216 5671 1407 5744 impiis
1441 5668 1857 5742 perseveranti-

221 5766 325 5822 bus
345 5767 405 5822 in
425 5767 684 5838 nequitia
705 5783 910 5823 eorum
937 5766 1084 5823 erit?
1109 5768 1135 5822 J
1141 5770 1332 5821 ustum
1350 5781 1483 5820 vero
1503 5765 1609 5819 Lot
1635 5778 1862 5834 oppres-

222 5876 348 5916 sum
367 5878 401 5916 a
423 5861 810 5917 nefandorum
830 5861 909 5934 inj
918 5861 1043 5917 uria
1068 5859 1497 5917 conversatione
1521 5857 1689 5925 eruit,
1707 5871 1862 5928 aspe-

220 5115 421 5167 tractos
463 5112 525 5165 in
556 5116 835 5167 tartarum
874 5111 1127 5181 tradidit,
1172 5110 1232 5164 in
1267 5108 1484 5181 judicio
1519 5106 1864 5162 cruciandos.

223 5209 510 5277 reservari,
537 5213 593 5264 et
629 5209 894 5280 originali
923 5210 1136 5264 mundo
1159 5225 1274 5263 non
1291 5207 1568 5280 pepercit,
1588 5207 1684 5261 sed
1707 5209 1856 5260 octa-

225 5959 316 6010 ctu
339 5955 501 6012 enim
526 5959 585 6012 et
626 5954 825 6012 auditu
855 5955 1045 6028 justus
1089 5957 1227 6024 erat,
1278 5952 1535 6009 habitans
1577 5949 1729 6023 apud
1767 5965 1864 6005 eos

1872 3717 1926 3792 Ο
1952 3704 2049 3777 qui
2088 3704 2157 3759 de
2199 3704 2290 3758 die
2328 3703 2388 3758 in
2415 3703 2567 3759 diem
2599 3702 2850 3758 animam
2871 3703 3085 3774 justam
3133 3701 3340 3774 iniquis
3391 3704 3580 3776 operi-

1949 3799 2059 3854 bus
2089 3797 2435 3853 cruciabant.
2477 3797 2645 3852 Novit
2690 3797 2832 3852 Deus
2870 3797 2996 3868 pios
3033 3796 3104 3852 de
3136 3797 3448 3853 tentatione
3481 3797 3585 3852 eri-

1951 3909 2109 3964 pere,
2136 3892 2362 3963 iniquos
2384 3907 2518 3946 vero
2546 3890 2606 3945 in
2637 3889 2792 3945 diem
2813 3889 3015 3961 judicii
3040 3890 3370 3946 cruciandos
3397 3907 3581 3948 reser-

1952 4002 2106 4052 vare,
2138 3985 2319 4057 magis
2353 3989 2547 4040 autem
2582 3999 2680 4039 eos
2717 3984 2813 4054 qui
2850 3987 2978 4055 post
3016 4000 3250 4039 carnem
3277 3984 3337 4039 in
3379 4002 3584 4042 concu-

1952 4078 2285 4150 piscentiam
2304 4077 2683 4132 immunditite
2703 4076 3017 4145 ambulant,
3042 4077 3582 4151 damnationemque

1953 4174 2348 4241 contemnunt,
2379 4171 2641 4236 audaces,
2665 4169 2773 4224 sibi
2800 4170 3083 4240 placentes
3109 4173 3290 4225 sectas
3319 4187 3438 4226 non
3469 4188 3584 4226 me-

1953 4268 2123 4320 tuunt
2161 4265 2368 4327 facere,
2417 4263 2891 4334 blasphemantes.
2951 4263 3112 4318 Unde
3165 4263 3338 4318 alieni
3378 4265 3586 4320 erroris

1953 4359 2175 4413 socium
2199 4374 2233 4411 a
2252 4356 2338 4412 sui
2364 4357 2640 4428 prepositi
2660 4356 2891 4411 tramite
2927 4372 3040 4410 non
3078 4357 3459 4425 recedentem,
3487 4362 3584 4413 aut

1953 4451 2275 4523 apostolicae
2304 4451 2452 4505 sedis
2471 4449 2824 4521 jussionibus
2846 4449 3271 4505 inobedientem
3297 4451 3584 4522 suscipere

1955 4560 2073 4599 non
2093 4559 2416 4615 possumus,
2446 4543 2580 4614 quia
2605 4542 2756 4596 inter
2792 4542 2986 4597 fideles
3012 4543 3306 4597 credentes
3339 4543 3427 4596 vel
3452 4558 3582 4596 san-

1954 4641 2177 4693 ctorum
2192 4638 2425 4690 Patrum
2441 4635 2792 4706 jussionibus
2818 4635 3277 4704 obtemperantes
3302 4634 3583 4705 permitti-

1954 4747 2104 4798 mus,
2135 4729 2268 4801 quia
2292 4729 2445 4783 inter
2469 4727 2664 4782 ﬁdeles
2702 4743 2914 4797 magna
2955 4726 3126 4781 debet
3164 4742 3284 4780 esse
3316 4726 3582 4783 discretio

1956 4827 2013 4879 et
2027 4823 2310 4878 inﬁdeles.
2330 4821 2390 4877 Si
2410 4819 2990 4890 Deus,fratres,justis
3015 4835 3130 4873 non
3156 4819 3429 4890 pepercit,
3445 4820 3586 4892 quid

1956 4918 2025 4972 de
2047 4916 2210 4971 nobis
2236 4914 2628 4987 peccatoribus
2651 4913 2776 4968 fieri
2802 4911 3053 4985 putatis?
3077 4912 3367 4968 Custodite
3396 4931 3494 4969 vos
3515 4915 3585 4970 ab

1959 5011 2117 5066 omni
2144 5009 2581 5082 inquinamento
2609 5006 2790 5062 carnis
2817 5009 2874 5061 et
2903 5007 3174 5078 corporis,
3203 5009 3270 5060 ut
3298 5007 3436 5064 salvi
3466 5009 3586 5065 sitis

1958 5104 2019 5159 in
2045 5104 2137 5160 die
2167 5104 2444 5158 adventus
2479 5101 2719 5168 Domini,
2751 5116 2932 5155 unum
2947 5103 3142 5156 autem
3161 5100 3267 5156 hoc
3286 5117 3401 5157 non
3413 5101 3591 5157 lateat

1955 5215 2071 5266 vos,
2092 5201 2155 5252 ut
2175 5198 2254 5252 ait
2265 5197 2596 5268 Apostolus:
2616 5193 2960 5262 Charissimi,
2983 5194 3117 5266 quia
3133 5211 3277 5251 unus
3298 5196 3420 5251 dies
3436 5198 3587 5268 apud

1957 5291 2269 5347 Dominum
2293 5289 2437 5345 sicut
2464 5287 2620 5342 mille
2646 5286 2801 5356 anni,
2831 5292 2888 5343 et
2912 5287 3070 5342 mille
3095 5287 3252 5358 anni,
3273 5288 3417 5344 sicut
3441 5307 3592 5346 unus

1958 5385 2098 5441 dies.
2120 5385 2244 5440 Non
2275 5383 2464 5440 tardat
2488 5381 2764 5437 Dominus
2792 5380 3110 5453 promissis,
3156 5381 3261 5438 sed
3308 5384 3590 5455 patienter

1959 5481 2250 5550 exspectat
2289 5481 2526 5548 propter
2575 5492 2693 5546 vos,
2737 5476 2944 5531 nolens
2986 5475 3207 5548 aliquos
3244 5476 3452 5548 perire,
3491 5478 3590 5533 sed

1959 5589 2162 5628 omnes
2194 5571 2265 5626 ad
2285 5569 2676 5642 penitentiam
2704 5569 2934 5625 reverti.
2957 5569 3237 5625 Adveniet
3255 5573 3440 5625 autem
3470 5571 3588 5626 dies

1958 5664 2189 5722 Domini
2212 5669 2272 5719 ut
2290 5663 2403 5734 fur,
2430 5663 2490 5718 in
2515 5680 2629 5736 qua
2654 5663 2780 5720 coeli
2804 5678 3015 5735 magno
3042 5663 3262 5734 impetu
3285 5662 3584 5731 transient,

1959 5760 2241 5816 elementa
2265 5774 2399 5812 vero
2425 5758 2610 5814 calore
2639 5759 2946 5814 solventur.
2974 5757 3118 5812 Cum
3137 5757 3264 5810 haec
3292 5772 3429 5826 ergo
3461 5771 3586 5810 om-

1958 5853 2053 5909 nia
2078 5852 2432 5908 dissolvenda
2455 5851 2587 5920 sint,
2622 5851 2820 5923 quales
2847 5853 3071 5921 oportet
3098 5865 3194 5903 vos
3219 5863 3340 5903 esse
3369 5849 3426 5904 in
3458 5867 3587 5905 san-

1960 5945 2064 6004 ctis
2089 5946 2610 6004 conversationibus
2654 5950 2710 6000 et
2745 5943 3070 6016 pietatibus,
3107 5944 3497 6012 exspectantes
3533 5948 3589 5997 et
