4068 6302
454 379 544 433 l-H

1342 371 1626 432 APPEND.
1668 375 1755 430 AD
1792 375 1954 430 S/EC.
1996 375 2085 431 IX.
2114 404 2182 416 --
2223 375 2468 432 lSlDORl
2507 377 2932 436 MERCATORIS

3717 393 3820 443 H2

450 487 821 558 properantes
845 485 907 540 in
932 485 1240 541 adventum
1263 483 1377 540 diei
1404 485 1520 553 Dei,
1539 499 1641 555 per
1656 498 1830 554 quem
1848 483 2074 540 coeliar-
2096 495 2158 566 Α
2178 501 2313 539 nam
2338 502 2501 540 suam
2532 486 2794 558 gloriam,
2825 488 2885 544 in
2905 487 3126 545 Christo
3151 490 3281 546 Jesu
3307 491 3596 549 modicum
3622 511 3824 566 passos

454 580 654 635 dentes
677 579 987 647 solventur,
1011 581 1068 634 et
1099 580 1375 634 elementa
1395 577 1545 649 ignis
1565 578 1746 633 calore
1774 577 2079 636 tabescent.

453 675 566 728 Nos
591 688 726 728 vero
757 673 923 729 caelos
948 689 1126 728 novos
1154 675 1211 729 et
1239 674 1449 727 terram
1479 688 1682 726 novam
1711 674 1769 727 et
1803 673 2083 744 promissa

452 767 630 838 ipsius
684 769 1101 840 exspectamus,
1161 766 1222 821 in
1273 765 1478 838 quibus
1513 765 1733 836 justitia
1780 765 2080 825 inhabitat.

454 861 602 916 Deus
625 863 820 916 autem
847 859 1031 916 omnis
1058 859 1254 933 gratias
1297 860 1396 931 qui
1432 859 1653 916 vocavit
1696 876 1793 916 vos
1829 861 1888 915 in
1914 864 2081 918 aeter-

1197 1114 1775 1201 INCIPIUNT
1868 1114 2384 1202 DECRETA

2180 571 2303 650 ipse
2357 580 2634 651 perficiet,
2687 582 3077 654 conﬁrmabit,
3143 587 3199 640 et
3253 586 3648 644 consolidabit.
3705 589 3818 661 Ipsi

2183 671 2364 744 gloria
2402 675 2458 726 et
2495 673 2803 746 imperium
2853 677 2913 732 in
2959 678 3159 734 szecula
3197 680 3565 752 saeculorum,
3603 685 3813 738 Amen.

2183 766 2325 821 Data
2353 782 2386 822 Χ
2419 767 2652 824 Kalend.
2694 770 2896 840 Martii,
2932 771 3136 845 Magno
3174 777 3233 829 et
3271 773 3572 830 Camerino
3607 792 3814 832 consu-

2183 859 2352 916 libus.

2481 1119 2632 1202 PII
2730 1120 3042 1206 ΡΑΡίἘ
3061 1188 3078 1206 .

1503 1259 1586 1323 Ut
1613 1259 1718 1324 die
1746 1260 2088 1324 Dominico
2115 1258 2373 1325 Pascha
2403 1260 2773 1326 celebretur.

1606 1389 1788 1461 (Anno
1822 1389 1943 1460 147,
1971 1389 2287 1460 imperante
2318 1391 2447 1446 Ant.
2476 1390 2665 1461 Vero.)

527 1616 803 1672 Omnibus
844 1617 1099 1673 Ecclesiis
1145 1618 1206 1673 in
1247 1618 1445 1674 eadem
1488 1635 1600 1691 qua
1646 1634 1840 1674 sumus
1887 1618 1997 1674 ﬁde
2026 1622 2159 1698 etB
2184 1629 2524 1669 consensum
2576 1616 2807 1685 praestat
2859 1617 3095 1671 erranti.
3139 1619 3281 1672 Oves
3320 1617 3478 1672 enim
3526 1621 3818 1689 pastorem

451 1709 714 1765 doctrina
749 1711 1133 1779 manentibus,
1172 1713 1305 1769 ‘Pms
1333 1713 1657 1785 apostolicae
1703 1713 1849 1769 sedis
1897 1713 2083 1769 archi-

456 1802 770 1876 episcopus.

529 1897 752 1953 Gratias
807 1899 1052 1970 agimus,
1102 1901 1327 1972 fratres,
1371 1903 1506 1970 Deo,
1560 1902 1829 1974 quoniam
1885 1901 2087 1956 crescit

453 1990 600 2046 ﬁdes
657 1995 844 2048 vestra
903 1996 960 2049 et
1015 1994 1272 2051 abundat
1335 1995 1583 2052 charitas
1647 1995 2094 2066 uniuscujusque.

455 2084 716 2141 omnium
753 2091 1006 2142 vestrum
1047 2087 1311 2160 invicem,
1362 2090 1444 2145 ita
1496 2093 1559 2144 ut
1595 2106 1697 2144 nos
1738 2089 1842 2160 ipsi
1891 2089 1951 2142 in
1998 2105 2088 2142 vo-

457 2179 543 2234 bis
582 2179 894 2250 gloriemur
929 2181 991 2236 in
1029 2182 1288 2238 Ecclesiis
1327 2183 1449 2238 Dei.
1491 2182 1707 2250 Videte,
1747 2183 1970 2253 fratres,
2011 2183 2088 2236 vi—

459 2272 591 2328 dete
615 2275 682 2327 ut
719 2290 890 2329 nemo
921 2292 1018 2331 vos
1061 2276 1310 2348 seducet,
1361 2277 1556 2332 volens
1595 2277 1653 2331 in
1682 2277 2003 2332 humilitate
2032 2281 2090 2332 et

389 2433 392 2436 ἢ
459 2366 741 2439 religione
765 2370 1126 2441 angelorum,
1156 2387 1286 2442 quas
1313 2387 1431 2426 non
1461 2370 1622 2440 vidit;
1656 2371 1956 2426 ambulans
1975 2371 2090 2426 fru-

459 2467 594 2533 stra,
622 2463 850 2518 inﬂatus
875 2480 1042 2518 sensu
1069 2464 1255 2520 carnis
1286 2481 1424 2534 suae,
1455 2468 1513 2520 et
1538 2480 1654 2520 non
1674 2467 1874 2519 tenens
1898 2467 2085 2536 caput,

457 2574 523 2613 ex
562 2574 676 2630 quo
719 2561 906 2614 totum
944 2574 1154 2630 corpus
1191 2574 1294 2630 per
1337 2573 1513 2614 nexus
1568 2563 1625 2614 et
1661 2558 2090 2630 conjunctiones

460 2651 849 2712 ministratum
873 2655 931 2709 et
969 2655 1361 2708 constructum
1395 2652 1595 2708 crescit
1620 2651 1678 2706 in
1713 2655 2090 2723 augmentum

458 2745 714 2816 Domini;
752 2746 852 2802 sed
888 2746 1108 2801 induite
1147 2762 1247 2800 vos
1290 2746 1434 2800 sicut
1465 2746 1627 2801 electi
1655 2746 1775 2809 Dei,
1819 2747 1994 2801 sancti
2036 2749 2094 2800 et

464 2841 676 2908 dilecti,
703 2840 917 2895 viscera
942 2838 1367 2908 misericordiae,
1388 2839 1829 2911 benignitatem,
1859 2839 2090 2894 humili-

459 2937 660 3002 tatem,
683 2931 1409 3003 modestiam,patientiam,
1434 2935 1831 3004 supportantes
1851 2932 2091 2987 invicem

462 3031 520 3083 et
543 3027 816 3084 donantes
861 3025 1278 3098 vobismetipsis
1313 3025 1359 3080 si
1399 3026 1524 3098 quis
1560 3026 1737 3081 habet
1775 3026 2089 3098 querelam.

463 3123 532 3178 Et
555 3122 700 3177 sicut
723 3119 977 3177 Christus
998 3119 1228 3175 donavit
1245 3118 1423 3188 vobis,
1452 3119 1534 3174 ita
1563 3122 1620 3174 et
1649 3137 1767 3175 vos.

534 3215 817 3272 Caeterum
865 3230 1030 3268 nosse
1081 3229 1175 3267 vos
1215 3213 1474 3268 volumus
1525 3212 1680 3284 quod
1722 3213 1936 3268 Pascha
1983 3215 2091 3268 Do-

461 3307 627 3379 mini,
654 3306 1074 3379 die_Dominica
1112 3307 1315 3362 annuis
1353 3305 1809 3362 solemnitatibus
1844 3306 1916 3361 sit
1955 3308 2098 3362 cele-

463 3370 921 3484 brandum.\lstis
947 3417 1084 3473 ergo
1108 3400 1463 3473 temporibus
1489 3401 1725 3455 Hermes
1745 3401 1944 3456 doctor
1963 3401 2098 3457 ﬁdei

467 3499 525 3555 et
554 3496 972 3569 Scripturarum
1000 3495 1208 3551 effulsit
1231 3494 1385 3550 inter
1408 3511 1534 3550 nos.
1559 3497 1626 3551 Et
1655 3495 1785 3550 licet
1809 3511 1914 3550 nos
1938 3495 2097 3550 idem

463 3591 676 3647 Pascha
715 3590 984 3663 praedicta
1022 3589 1113 3646 die
1167 3589 1539 3657 celebremus,
1585 3593 1642 3646 et
1684 3589 1918 3662 quidam
1966 3589 2098 3645 inde

465 3685 814 3754 dubitarent,
845 3684 914 3741 ad
943 3683 1386 3739 corroborandas
1413 3687 1605 3739 tamen
1646 3683 1869 3738 animas
1892 3700 2096 3739 eorum

467 3779 658 3836 eidem
697 3780 923 3832 Hermae
971 3778 1205 3848 angelus
1246 3776 1477 3831 Domini
1517 3776 1578 3830 in
1618 3776 1816 3830 habitu
1860 3777 2099 3847 pastoris

469 3869 737 3945 apparuit
763 3874 820 3926 et
846 3869 1118 3941 prmcepit
1141 3869 1212 3940 ei,
1251 3871 1314 3923 ut
1344 3869 1555 3924 Pascha
1584 3869 1678 3924 die
1702 3869 1997 3925 Dominico
2029 3871 2098 3926 ab

468 3965 731 4020 omnibus
784 3964 1157 4019 celebraretur
1205 3965 1464 4035 tempore
1502 3978 1633 4030 suo;
1697 3963 1852 4018 unde
1904 3967 1960 4020 et
2000 3982 2119 4021 vos.

469 4057 777 4131 apostolica
801 4057 1137 4112 auctoritate
1163 4056 1497 4112 instruimus
1526 4073 1726 4112 omnes
1754 4058 1952 4114 eadem
1977 4077 2096 4116 ser-

468 4169 600 4209 vare
626 4152 855 4221 debere,
882 4151 1016 4224 quia
1052 4153 1109 4206 et
1145 4167 1248 4206 nos
1280 4151 1482 4206 eadem
1522 4167 1833 4224 servamus,
1867 4169 1972 4209 nec
1998 4154 2098 4211 de-

469 4246 615 4302 betis
640 4263 673 4300 a
699 4245 881 4316 capite
905 4245 1307 4317 quoquomodo
1334 4243 1619 4301 dissidere.

541 4340 744 4395 Cavete
769 4338 1075 4409 diligenter
1102 4355 1321 4409 omnes,
1353 4355 1426 4394 ne
1452 4338 1578 4410 quis
1602 4355 1701 4394 vos
1727 4338 1974 4412 decipiat
2000 4356 2103 4411 per

2187 1725 2355 1763 suum
2383 1725 2498 1764 non
2527 1709 2969 1780 reprehendant,
3003 1709 3163 1781 plebs
3182 1727 3315 1766 vero
3343 1710 3677 1784 episcopum
3705 1731 3820 1769 non

2187 1805 2429 1870 accuset,
2461 1819 2566 1858 nec
2609 1803 2811 1875 vulgus
2850 1820 2985 1858 eum
3023 1807 3249 1876 arguat,
3277 1805 3547 1877 quoniam
3575 1824 3692 1863 non
3735 1811 3823 1863 est

2191 1895 2500 1967 discipulus
2549 1912 2718 1968 super
2764 1898 3126 1969 magistrum,
3183 1915 3373 1971 neque
3419 1917 3612 1955 servus
3651 1918 3824 1973 supra

2187 1989 2516 2045 Dominum.
2551 1990 2809 2063 EpisCOpi
2852 1994 3048 2046 autem
3091 2009 3124 2047 a
3165 1993 3280 2047 Deo
3327 1997 3459 2048 sunt
3503 1994 3822 2066 judicandi,

2189 2082 2287 2154 qui
2313 2099 2406 2138 eos
2431 2083 2537 2138 sibi
2565 2085 2752 2140 oculos
2791 2085 3002 2156 elegit;
3033 2102 3166 2141 nam
3192 2104 3224 2140 a
3249 2086 3490 2141 subditis
3518 2091 3616 2142 aut
3633 2106 3825 2160 pravae

2190 2177 2315 2232 vitae
2338 2177 2668 2233 hominibus
2685 2195 2798 2234 non
2815 2183 2948 2234 sunt
2964 2180 3247 2251 arguendi
3269 2183 3356 2234 vel
3373 2182 3700 2252 accusandi,
3725 2188 3831 2238 aut.

2189 2270 2496 2341 lacerandi,
2517 2272 2641 2344 ipso
2661 2272 2902 2328 Domino
2917 2274 3247 2344 exemplum
3267 2275 3457 2344 dante,
3478 2277 3704 2347 quando
3721 2294 3832 2349 per

2193 2364 2461 2436 seipsum,
2503 2371 2556 2420 et
2606 2383 2724 2421 non
2770 2383 2875 2437 per
2919 2367 3095 2422 alium
3132 2368 3444 2423 vendentes
3480 2369 3828 2438 sacerdotes,

2193 2461 2252 2512 et
2277 2461 2537 2513 ementes
2567 2459 2734 2530 cjecit
2762 2460 2830 2515 de
2867 2461 3103 2532 templo,
3137 2467 3192 2517 et
3224 2478 3449 2518 mensas
3476 2465 3830 2520 mummula-

2191 2552 2410 2606 riorum
2435 2552 2665 2624 proprio
2687 2552 2886 2608 evertit
2915 2555 3164 2625 ﬂagello,
3191 2559 3248 2610 et
3277 2557 3447 2628 ejecit
3467 2558 3539 2612 de
3563 2560 3785 2630 templo
3808 2579 3826 2629 ;

2194 2650 2251 2700 et
2277 2646 2420 2701 sicut
2451 2645 2584 2700 alibi
2611 2663 2714 2717 per
2751 2649 3088 2719 pr0phetam
3128 2650 3379 2720 loquitur
3405 2651 3594 2706 dicens
3627 2669 3639 2706 :
3672 2653 3832 2707 Deus

2195 2738 2348 2792 stetit
2388 2739 2449 2793 in
2481 2756 2773 2811 synagoga
2811 2741 3068 2811 deorum,
3113 2743 3172 2796 in
3216 2744 3409 2799 medio
3454 2751 3643 2801 autem
3687 2745 3831 2801 deos

2193 2831 2480 2886 discernit.
2519 2832 2575 2888 Si
2617 2834 2744 2904 quis
2787 2851 2920 2889 vero
2962 2852 2996 2889 a
3040 2853 3142 2890 suo
3182 2838 3467 2909 proposito
3506 2844 3830 2896 retrorsum

2195 2931 2615 2999 exorbitaverit,
2657 2936 2714 2987 et
2746 2934 2976 3004 jussum
3027 2935 3345 3005 apostolicae
3385 2937 3532 2991 sedis
3580 2937 3834 2993 libenter

2192 3028 2579 3095 transgressus
2599 3025 2790 3093 fuerit,
2814 3027 3048 3082 infamis
3071 3027 3336 3085 efﬁcitur.
3359 3030 3667 3101 Reprobari
3685 3049 3830 3104 ergo

2113 3092 2170 3168 (ἶ
2198 3092 2420 3190 oportet
2447 3135 2649 3194 eorupi
2685 3120 3120 3192 redargutiones
3166 3122 3265 3194 qui
3299 3123 3356 3176 in
3399 3092 3550 3178 recta
3580 3124 3691 3178 ﬁde
3731 3092 3830 3180 5:1-

2198 3136 2420 3190 oportet
2447 3136 2588 3174 eoru
2625 3137 2649 3172 1
2685 3136 3120 3192 reaarguuones
3166 3139 3265 3194 qur
3299 3140 3356 3176 1n
3399 3136 3550 3178 recta
3580 3136 3691 3178 Iide
3731 3142 3830 3180 su-

2195 3213 2375 3283 specti
2421 3136 2626 3299 suntf
2624 3212 2786 3268 Fides
2831 3217 3024 3270 autem
3083 3219 3140 3270 et
3189 3217 3544 3272 conversatio
3575 3217 3834 3288 primum

2197 3306 2505 3361 scrutanda
2531 3309 2634 3376 est,
2665 3310 2720 3361 et
2749 3307 2936 3362 denuo
2965 3309 3061 3379 qui
3087 3308 3613 3380 irreprehensibiles
3644 3329 3828 3383 appa-

2197 3399 2418 3455 ruerint
2448 3403 2582 3454 sunt
2605 3399 2938 3472 recipiendi,
2980 3404 3038 3456 et
3063 3419 3182 3456 non
3210 3403 3390 3474 prius,
3418 3404 3553 3475 quia
3583 3425 3611 3456 «
3643 3405 3833 3460 bonus

2199 3495 2392 3563 homo,
2417 3513 2445 3545 »
2473 3496 2717 3550 testante
2742 3495 3006 3550 Veritatis
3034 3513 3191 3562 voce,
3222 3518 3248 3544 (ι
3283 3513 3353 3550 ex
3377 3497 3526 3552 bono
3557 3498 3830 3555 thesauro

2199 3588 2384 3643 cordis
2419 3588 2504 3642 sui
2533 3588 2928 3660 profertbona,
2953 3591 3138 3642 malus
3157 3589 3328 3643 homo
3345 3607 3412 3643 ex
3433 3593 3585 3645 malo
3603 3593 3834 3648 thesau-

2197 3699 2262 3736 ro
2290 3682 2474 3738 cordis
2494 3682 2581 3737 sui
2599 3682 2821 3754 profert
2845 3682 3015 3737 mala.
3035 3683 3115 3736 Ex
3135 3681 3444 3738 abundatia
3464 3685 3617 3740 enim
3641 3687 3831 3743 cordis

2200 3793 2262 3831 os
2285 3775 2560 3848 loquitm',
2589 3793 2618 3826 »
2639 3775 2766 3830 ideo
2791 3791 3039 3846 persona
3056 3777 3113 3830 et
3138 3775 3330 3846 opinio
3355 3793 3419 3832 ac
3434 3778 3548 3833 vita
3565 3779 3834 3836 uniuscu-

2193 3869 2405 3942 jusque
2429 3870 2490 3924 in
2514 3868 2677 3923 initio
2704 3868 2958 3923 rimanda
2998 3873 3101 3937 est,
3147 3869 3284 3941 quia
3320 3871 3453 3926 boni
3489 3889 3716 3944 semper
3746 3875 3837 3929 in-

2199 3963 2478 4019 festantur
2503 3979 2536 4016 a
2563 3961 2746 4016 malis.
2776 3961 2914 4016 Boni
2938 3961 3092 4017 enim
3128 3980 3260 4018 cum
3298 3965 3482 4033 malis,
3521 3965 3650 4022 licet
3675 3968 3836 4024 misti

2200 4057 2314 4112 sint
2341 4056 2399 4111 in
2430 4055 2696 4125 Ecclesia,
2740 4055 2832 4110 vix
2875 4057 3220 4113 concordare
3249 4058 3639 4127 inveniuntur,
3683 4078 3832 4132 quo-

2200 4150 2354 4206 niam
2374 4148 2660 4205 dissimilis
2677 4154 2761 4204 est
2777 4166 2975 4204 eorum
2997 4152 3278 4223 cogitatio,
3296 4152 3553 4208 voluntas
3571 4158 3628 4208 et
3649 4158 3832 4210 actus.

2201 4244 2349 4300 Nihil
2382 4243 2536 4298 enim
2556 4243 2790 4314 prodest
2816 4243 3034 4299 homini
3052 4246 3313 4318 jejunare
3344 4250 3401 4302 et
3427 4263 3608 4316 orare,
3643 4250 3701 4303 et
3723 4249 3838 4304 alia

2201 4336 2491 4409 religionis
2515 4336 2667 4391 bona
2693 4353 2886 4409 agere,
2915 4338 3023 4394 nisi
3051 4356 3212 4395 mens
3240 4339 3309 4395 ab
3335 4339 3630 4412 iniquitate
3662 4359 3834 4398 revo-

473 4433 728 4506 aliquam
766 4433 1141 4505 astrologiam
1176 4434 1266 4487 vel
1311 4433 1730 4504 philosophiam
1771 4436 1828 4486 et
1865 4433 2380 4536 inanechetur,
2433 4434 2488 4486 et
2532 4431 2602 4484 ab
2665 4431 3170 4488 obtrectationibus
3224 4433 3422 4504 lingua
3477 4433 3834 4507 cohibeatur,

470 4527 772 4599 fallaciam,
804 4527 1115 4582 secundum
1155 4526 1518 4581 traditionem
1548 4526 1866 4595 hominum,
1909 4543 2104 4582 secun-

470 4623 606 4678 dum
631 4623 916 4678 elementa
945 4605 1167 4688 mundi,
1215 4624 1272 4676 et
1302 4637 1420 4675 non
1460 4621 1775 4676 secundum
1815 4621 2102 4676 Christum

471 4718 528 4772 et
555 4717 926 4772 traditionem
951 4719 1188 4772 rectam.
1212 4734 1241 4768 «
1261 4717 1322 4770 In
1344 4715 1562 4770 Christo
1583 4714 1735 4770 enim
1753 4715 1975 4770 habitat
1989 4732 2104 4769 om-

469 4808 560 4863 nis
588 4810 882 4879 plenitudo
910 4808 1219 4864 divinitatis
1255 4808 1630 4880 corporaliter
1666 4812 1732 4863 ut
1766 4807 1886 4862 sitis
1920 4809 1979 4862 in
2007 4809 2102 4863 illo

472 4901 690 4972 repleti,
710 4901 804 4972 qui
823 4903 907 4956 est
924 4907 1092 4973 caput
1111 4900 1298 4957 omnis
1310 4902 1660 4974 principatus
1681 4904 1737 4955 et
1749 4901 2100 4972 potestatis,»

471 4992 569 5065 qui
597 4991 716 5048 sine
743 4993 913 5048 dubio
939 4995 1034 5065 qui
1067 4996 1267 5050 contra
1289 4995 1560 5050 mandata
1594 4994 1693 5048 Dei
1733 4993 1853 5064 agit
1889 4997 2100 5064 peccat,

471 5088 530 5142 et
553 5085 651 5158 qui
681 5103 1020 5142 consensum
1047 5089 1284 5158 praestat
1315 5088 1548 5144 erranti.
1570 5089 1722 5142 Hanc
1741 5089 1994 5142 sanctam
2025 5105 2104 5144 se-

473 5180 608 5236 dem
645 5179 1013 5252 apostolicam
1056 5179 1314 5236 omnium
1353 5181 1730 5237 Ecclesiarum
1769 5185 1939 5254 caput
1982 5199 2104 5239 esse

470 5274 764 5347 praecepit,
793 5273 916 5345 ipso
952 5273 1174 5330 dicente
1202 5274 1447 5348 principi
1471 5275 1861 5348 apostolorum
1902 5278 2098 5331 Petro:

475 5390 504 5418 ‹‹
531 5369 613 5424 Tu
654 5383 713 5423 es
737 5369 937 5422 Petrus
967 5370 1026 5421 et
1057 5384 1227 5439 super
1262 5370 1404 5424 hanc
1434 5372 1654 5442 petram
1685 5370 1974 5425 aediﬁcabo
1999 5373 2099 5424 Ec-

473 5461 699 5518 clesiam
715 5464 992 5529 meam,et
1006 5465 1188 5534 portae
1200 5463 1366 5518 inferi
1382 5481 1501 5519 non
1514 5464 2104 5536 praevalebuntadver-

470 5573 564 5611 sus
595 5573 742 5627 eam,
771 5557 829 5611 et
854 5555 956 5610 tibi
982 5556 1126 5611 dado
1150 5557 1329 5612 claves
1356 5558 1522 5629 regni
1542 5558 1832 5613 coelorum.
1852 5559 1919 5612 Et
1931 5556 2105 5629 quod-

471 5665 696 5721 cunque
744 5648 1009 5720 ligaveris
1065 5666 1235 5722 super
1304 5653 1516 5706 terram
1574 5651 1682 5704 erit
1739 5651 1980 5722 ligatum
2047 5652 2105 5704 et

468 5741 528 5796 in
568 5742 727 5813 coelo,
779 5746 836 5797 et
884 5743 1258 5818 quodcunque
1309 5743 1418 5800 erit
1466 5744 1713 5797 solutum
1761 5759 1932 5815 super
1983 5746 2101 5799 ter-

467 5851 592 5891 ram
631 5835 740 5892 erit
785 5837 1028 5894 solutum
1067 5841 1124 5894 et
1180 5838 1241 5893 in
1287 5837 1428 5892 coelo
1473 5836 1701 5905 (Matth.
1751 5853 1861 5907 xvi,
1906 5837 2029 5908 18).
2070 5855 2100 5890 ι)

465 5928 608 5993 Quid
645 5929 799 5988 enim
838 5933 1074 6005 prodest
1123 5931 1205 5986 illi
1244 5947 1346 5986 suo
1386 5947 1580 5986 errore
1633 5946 1748 5986 non
1788 5929 1962 6002 pollui
2002 5931 2102 6003 qui

2203 4525 2354 4579 unde
2385 4524 2462 4579 ait
2485 4525 2762 4596 pr0pheta
2793 4542 2804 4579 :
2833 4545 2860 4576 «
2883 4526 3094 4582 Cohibe
3123 4527 3380 4598 linguam
3409 4531 3568 4582 tuam
3595 4544 3628 4582 a
3658 4529 3834 4600 malo,

2204 4621 2263 4674 ct
2289 4618 2442 4673 labia
2467 4622 2564 4674 tua
2593 4635 2666 4691 ne
2707 4620 3016 4691 loquantur
3045 4620 3257 4691 dolum,
3293 4621 3508 4675 diverte
3538 4638 3570 4675 a
3599 4621 3753 4677 malo
3783 4627 3843 4679 et

2204 4635 2263 4674 ct
2290 4635 2442 4673 larua
2467 4635 2564 4674 tua
2633 4635 2666 4674 e
2707 4635 3016 4691 loquantur
3045 4635 3257 4691 uelum,
3293 4635 3508 4675 diverte
3538 4638 3570 4675 a
3599 4635 3753 4677 malo
3783 4635 3837 4679 et

2203 4713 2290 4768 fac
2314 4713 2551 4768 bonum.
2574 4635 2806 4809 )irl‘lemo
2829 4713 2982 4768 enim
3001 4713 3217 4768 bonum
3233 4714 3440 4769 faciens
3468 4714 3631 4769 alteri
3658 4716 3837 4773 verbo

2203 4811 2301 4862 aut
2327 4807 2472 4861 facto
2496 4807 2700 4862 nocere
2729 4807 2868 4875 vult,
2895 4811 3106 4878 quanto
3141 4807 3334 4861 minus
3359 4808 3420 4862 in
3455 4809 3839 4879 suspicionem

2206 4900 2371 4957 debet
2391 4901 2582 4958 venire
2611 4901 2789 4956 fidelis
2814 4901 2984 4956 homo
3014 4907 3080 4956 ut
3107 4901 3258 4956 dicat
3285 4905 3384 4956 aut
3409 4901 3575 4957 faciat
3602 4920 3670 4957 ea
3702 4920 3840 4975 quae

2201 4997 2321 5068 pati
2345 5013 2466 5050 non
2490 4995 2638 5049 vult!
2671 4995 2812 5057 Quia
2836 4995 3021 5049 omnis
3039 4996 3280 5066 suspicio
3301 4995 3486 5067 potius
3507 4996 3840 5067 repellenda

2204 5095 2287 5146 est
2307 5106 2483 5161 quam
2497 5087 2867 5159 approbanda
2887 5089 3335 5160 velrecipienda.
3356 5111 3382 5139 «
3405 5089 3660 5145 Charitas
3679 5090 3840 5146 enim

2201 5200 2318 5238 non
2345 5181 2552 5254 quaerit
2577 5197 2704 5252 quae
2730 5198 2831 5236 sua
2856 5187 3005 5252 sunt,
3049 5203 3075 5231 n
3112 5183 3210 5238 sed
3241 5199 3370 5254 quae
3399 5183 3662 5252 aliorum,
3700 5185 3838 5254 quia

2205 5275 2373 5343 unius
2402 5291 2574 5330 causa
2601 5275 2910 5331 multorum
2936 5293 3050 5331 non
3078 5281 3163 5332 est
3190 5277 3560 5348 praeferenda.
3583 5299 3612 5327 «
3637 5277 3838 5332 Secta-

2203 5369 2347 5424 mini
2393 5368 2750 5439 charitatem,
2792 5370 3144 5425 aemulamini
3202 5370 3534 5442 spiritualia.
3577 5370 3839 5427 Charitas

2205 5463 2356 5518 enim
2368 5463 2592 5535 patiens
2603 5467 2704 5532 est,
2721 5463 2971 5536 benigna
2982 5467 3083 5520 est.
3103 5465 3355 5520 Charitas
3367 5463 3522 5519 enim
3533 5481 3648 5520 non
3661 5481 3842 5520 aemu-

2200 5557 2372 5624 latur,
2394 5573 2506 5612 non
2533 5557 2652 5630 agit
2675 5574 2992 5630 perperam,
3029 5575 3140 5613 non
3168 5559 3418 5629 inﬂatur,
3445 5575 3561 5614 non
3599 5561 3684 5614 est
3707 5575 3836 5615 am-

2201 5649 2427 5722 bitiosa,
2446 5667 2562 5706 non
2583 5653 2789 5724 quaerit
2806 5669 2933 5726 qua;
2963 5670 3060 5707 sua
3082 5655 3234 5723 sunt,
3263 5669 3377 5707 non
3409 5651 3683 5719 irritatur,
3716 5668 3837 5709 non

2202 5743 2411 5816 cogitat
2439 5746 2676 5817 malum,
2706 5762 2824 5802 non
2870 5747 3079 5820 gaudet
3105 5763 3278 5819 super
3313 5745 3649 5819 iniquitate;
3693 5761 3836 5802 con-

2205 5838 2414 5911 gaudet
2437 5842 2628 5896 autem
2656 5840 2895 5909 veritati,
2929 5840 3122 5896 omnia
3153 5839 3371 5910 suﬂ'ert,
3405 5839 3599 5894 omnia
3629 5839 3835 5910 credit,

2201 5933 2395 5988 omnia
2429 5936 2639 6006 sperat,
2687 5933 2881 5990 omnia
2929 5934 3184 5991 sustinet.
3233 5933 3492 5992 Charitas
3532 5948 3836 6006 nunquam
