4068 6320
211 451 306 504 H3

1454 449 1925 508 DECRETALIUM
1963 447 2353 507 COLLECTIO.

3179 0 3500 10 ’_______

3179 0 3500 10 ’_______

3465 453 3566 509 114

201 557 432 612 excidit.
457 579 484 608 ››
511 557 753 630 Semper
771 575 912 632 rogo
932 575 1049 629 vos,
1072 562 1136 614 ut
1151 559 1437 616 deteriora
1466 557 1754 630 rejiciatis,
1775 563 1832 614 et
1851 573 1912 647 Α
1930 575 2060 613 mus
2083 575 2211 630 quae
2253 576 2286 612 a
2319 559 2436 613 Deo
2467 557 2678 615 donata
2704 562 2837 614 sunt
2868 558 3052 626 nobis,
3081 562 3137 615 et
3165 574 3231 614 ea
3263 557 3561 613 sectemini

202 651 450 706 meliora
487 651 808 723 perﬁciatis,
840 653 975 725 quia
1010 670 1114 708 nos
1159 670 1276 708 non
1320 652 1585 726 spiritum
1630 652 1832 707 mundi
1931 651 2340 708 indifferenter.
2376 653 2516 709 Data
2542 669 2618 709 vn
2652 653 2779 709 ldus
2807 651 3011 726 Aprilis
3058 653 3218 710 Claro
3257 654 3314 709 et
3356 651 3563 708 Severo

196 745 544 818 accepimus,
580 747 677 802 sed
721 745 998 819 Spiritum
1035 747 1134 820 qui
1180 763 1250 803 ex
1286 747 1402 802 Deo
1448 748 1551 815 est,
1582 750 1645 801 ut
1691 746 1827 802 scia-

1931 744 2272 802 consulibus.

885 1001 1344 1074 EPISTOLA
1408 1001 1536 1072 PII
1612 1000 1894 1073 PAPIE
1965 1000 2368 1074 ITALIGIS
2435 1000 2872 1076 DIRECTA‘.

267 1168 400 1223 PIUS
447 1167 719 1223 Romana:
765 1167 926 1223 urbis
967 1167 1441 1241 archiepiscopus,
1474 1166 1678 1224 Italicis
1713 1168 1828 1223 fra-

197 1258 379 1315 tribus
407 1261 651 1318 salutem
676 1261 736 1316 in
766 1260 1032 1318 Domino.

267 1353 452 1423 Scitis,
487 1354 710 1424 fratres,
737 1355 872 1428 quia
913 1355 1013 1412 Dei
1067 1355 1414 1427 agricultura
1452 1371 1668 1425 sumus,
1699 1354 1828 1410 ideo

193 1447 317 1519 ejus
365 1448 659 1520 adjutores
709 1466 828 1504 esse
882 1449 1179 1519 debemus,
1223 1449 1536 1505 secundum
1585 1448 1830 1521 gratiam

195 1557 372 1612 quam
412 1541 532 1613 ipse
560 1542 716 1598 dedit
739 1542 934 1611 nobis;
965 1543 1011 1598 si
1039 1543 1150 1598 hoc
1199 1547 1389 1598 autem
1415 1559 1535 1598 esse
1566 1543 1830 1614 neglexe-

192 1634 394 1703 rimus,
427 1635 566 1690 nulli
593 1635 831 1692 dubium
858 1642 940 1692 est
965 1637 1118 1710 quod
1154 1636 1582 1692 damnabimur.
1614 1635 1672 1692 Si
1698 1652 1828 1691 vero

192 1728 253 1783 in
280 1729 408 1800 ejus
442 1729 669 1786 servitio
715 1747 818 1802 pro
849 1731 1062 1786 viribus
1104 1730 1564 1800 laboraverimus,
1595 1730 1826 1801 verique

196 1823 318 1892 ejus
336 1823 629 1895 adjutores
644 1824 937 1894 fuerimus,
957 1825 1193 1896 ejusque
1212 1825 1562 1880 voluntatem
1586 1823 1827 1895 implere

193 1905 888 2066 studuerimus,3profecto
914 1919 984 1974 ab
1010 1918 1106 1974 illo
1126 1917 1452 1986 ditabimur,
1476 1918 1608 1990 quia
1628 1917 1823 1971 unius-

193 2011 470 2066 cuiusaue
497 2029 610 2066 onu
673 2011 838 2066 (male
873 2012 962 2066 sit.
991 2016 1059 2066 ut
1097 2013 1178 2066 ait
1217 2013 1535 2066 Apostolus.
1566 2011 1682 2066 dies
1717 2013 1822 2065 D0-

193 2011 470 2083 cujusque
497 2029 610 2082 opu

193 2102 336 2158 mini
365 2104 700 2174 declarabit,
729 2108 787 2161 et
810 2105 960 2177 ignis
988 2104 1269 2177 probabit.
1302 2105 1386 2159 Ad
1413 2105 1606 2159 sedem
1635 2100 1826 2158 autem

193 2199 566 2268 apostolicam
595 2199 874 2270 perlatum
901 2203 987 2255 est
1004 2199 1158 2271 quod
1177 2198 1291 2254 sint
1314 2198 1463 2253 inter
1481 2214 1580 2252 vos
1599 2202 1827 2252 conten-

192 2292 381 2347 tiones
407 2297 465 2348 et
487 2293 894 2362 aemulationes,
918 2296 974 2349 et
1004 2293 1221 2366 praedia
1245 2291 1449 2348 divinis
1479 2291 1672 2346 usibus
1706 2293 1823 2345 tra-

192 2385 328 2453 dita,
360 2386 598 2457 quidam
623 2387 888 2442 humanis
934 2386 1222 2459 applicant
1248 2385 1461 2454 usibus,
1497 2388 1557 2440 et
1582 2383 1824 2439 Domino

193 2479 308 2534 Deo
334 2480 428 2534 cui
458 2481 672 2535 tradita
710 2483 841 2535 sunt
879 2497 947 2535 ea
985 2480 1332 2535 subtrahunt
1369 2484 1434 2535 ut
1479 2478 1592 2533 suis
1632 2477 1824 2532 usibus

193 2573 524 2628 inserviant.
542 2575 897 2645 Quapropter
907 2573 977 2628 ab
999 2573 1261 2628 omnibus
1279 2572 1427 2627 illius
1444 2570 1825 2642 usurpationis

192 2668 542 2723 contumelia
571 2667 899 2739 depellenda
934 2671 1035 2737 est,
1067 2683 1138 2721 ne
1181 2666 1400 2737 praedia
1430 2665 1534 2720 sibi
1580 2667 1821 2720 secreto-

193 2778 323 2815 rum
354 2760 669 2816 coelestium
709 2760 893 2815 dicata
927 2777 958 2814 a
989 2760 1333 2832 quibusdam
1358 2758 1705 2814 irruentibus
1729 2773 1821 2811 ve-

192 2860 418 2910 xentur.
452 2855 612 2919 Quod
640 2855 685 2909 si
711 2855 1012 2927 quisquam
1042 2852 1490 2926 praesumpserit,
1522 2852 1824 2923 sacrilegus

193 2949 492 3018 habeatur,
523 2952 579 3004 et
603 2949 749 3004 sicut
776 2947 1076 3020 sacrilegus
1112 2947 1416 3018 judicetur.
1449 2947 1599 3017 Ipsos
1629 2950 1822 3000 autem

195 3042 290 3114 qui
327 3043 438 3097 hoc
469 3045 665 3113 agunt,
695 3042 870 3097 cleros
909 3047 966 3098 et
1011 3041 1233 3096 Domini
1274 3041 1586 3096 sacerdotes
1628 3056 1820 3112 perse-

191 3138 310 3208 qui,
345 3153 553 3208 eosque
601 3136 885 3191 infomare
929 3135 1269 3205 audivimus,
1301 3137 1365 3189 ut
1393 3135 1609 3189 malum
1654 3149 1826 3205 super

192 3231 412 3286 malum
440 3230 670 3297 addant,
693 3235 748 3285 et
770 3229 1076 3285 deteriores
1098 3230 1267 3298 fiant;
1301 3245 1415 3283 non
1442 3227 1824 3298 intelligentes

193 3324 346 3396 quod
390 3324 637 3379 Ecclesia
667 3323 891 3379 Domini
939 3323 996 3378 in
1042 3322 1426 3378 sacerdotibus
1466 3310 1720 3378 consistit
1768 3323 1825 3376 et

193 3377 393 3473 crescit
438 3417 500 3472 in
548 3418 827 3489 templum
875 3417 999 3472 Dei.
1057 3418 1124 3472 Et
1171 3416 1315 3471 sicut
1365 3415 1462 3487 qui
1518 3377 1899 3470 EcclesiamC

194 3513 292 3567 Dei
321 3517 505 3567 vastat
547 3516 604 3567 et
647 3512 769 3583 ejus
808 3510 1026 3583 praedia
1067 3514 1124 3565 et
1165 3509 1400 3564 donaria
1443 3509 1721 3580 exspoliat
1767 3513 1823 3564 et

193 3605 411 3660 invadit
435 3607 500 3661 fit
529 3605 856 3676 sacrilegus,
883 3605 961 3660 sic
988 3605 1047 3658 et
1074 3603 1167 3659 ille
1209 3603 1306 3675 qui
1334 3603 1456 3673 ejus
1500 3603 1822 3658 sacerdotes

193 3699 514 3772 insequitur
543 3698 825 3771 sacrilegii
864 3714 996 3754 reus
1043 3696 1250 3765 existit,
1288 3699 1346 3752 et
1387 3697 1688 3768 sacrilegus
1723 3697 1819 3768 ju-

193 3793 433 3848 dicatur.
467 3791 856 3863 Emulamini,
897 3792 1120 3861 fratres,
1172 3791 1514 3846 charismata
1561 3790 1819 3857 meliora,

192 3892 248 3943 et
271 3888 448 3943 nolite
483 3887 614 3943 talia
637 3904 828 3959 agere,
850 3903 954 3942 nec
980 3885 1060 3942 eis
1085 3885 1440 3941 commisceri
1467 3888 1567 3940 aut
1590 3902 1822 3940 consen-

193 3983 297 4038 tire
322 3981 422 4054 qui
448 3982 582 4037 talia
608 3984 809 4054 agunt,
840 3980 1114 4054 quoniam
1157 3997 1276 4036 non
1322 3981 1502 4035 solum
1545 3980 1645 4051 qui
1689 3979 1824 4034 talia

191 4081 374 4149 agunt
410 4081 542 4131 sunt
565 4076 736 4148 hujus
773 4075 1024 4130 criminis
1071 4075 1175 4142 rei,
1207 4075 1307 4130 sed
1347 4075 1447 4146 qui
1485 4074 1821 4129 facientibus

194 4170 318 4244 26
347 4170 733 4226 consentiunt.
773 4170 894 4224 Non
938 4185 1075 4241 ergo
1127 4169 1355 4241 gravius
1398 4172 1692 4240 peccatum
1738 4171 1824 4223 est

192 4264 488 4343 fognicatio
534 4280 708 4336 quam
760 4263 1146 4335 sacrilegium,
1194 4263 1290 4318 sed
1332 4262 1473 4317 sicut
1513 4261 1697 4333 majus
1739 4265 1824 4316 est

194 4361 490 4429 peccatum
513 4358 666 4429 quod
698 4356 756 4410 in
789 4357 964 4411 Deum
987 4356 1361 4412 committitur
1387 4373 1557 4428 quam
1586 4355 1739 4427 quod
1762 4354 1821 4409 in

193 4451 508 4522 hominem,
536 4451 613 4506 sic
645 4451 872 4522 gravius
898 4453 983 4505 est
1024 4449 1387 4520 sacrilegium
1429 4465 1616 4521 agere,
1649 4466 1823 4520 quam

193 4545 492 4613 fornicari;
523 4545 594 4600 de
637 4543 845 4599 talibus
892 4543 1047 4598 enim
1091 4544 1169 4599 ait
1197 4545 1499 4616 Apostolus
1528 4561 1540 4598 :
1576 4565 1602 4592 «
1631 4544 1700 4598 Et
1725 4560 1824 4597 vos

196 4639 373 4694 inﬂati
404 4639 557 4706 estis,
585 4641 644 4694 et
667 4655 783 4694 non
809 4638 989 4710 magis
1014 4638 1229 4692 luctum
1254 4637 1529 4692 habuistis
1567 4640 1630 4691 ut
1666 4637 1821 4692 tolla-

1932 1183 2046 1222 non
2077 1167 2136 1222 in
2161 1167 2446 1223 fermento
2476 1167 2676 1235 veteri,
2706 1183 2891 1239 neque
2919 1168 2977 1223 in
3011 1169 3294 1224 fermento
3322 1168 3559 1225 malitiae

1930 1265 1986 1318 et
2014 1261 2306 1336 nequitiae,
2335 1262 2434 1318 sed
2479 1262 2539 1317 in
2579 1262 2790 1334 azymis
2829 1261 3163 1317 sinceritatis
3204 1266 3259 1318 et
3283 1262 3554 1318 veritatis.

1929 1355 2139 1427 Scripsi
2161 1355 2321 1411 vobis
2344 1356 2405 1411 in
2430 1356 2688 1428 epistola,
2711 1355 2793 1409 ait
2818 1355 2973 1410 idem
2998 1354 3118 1426 ipse
3144 1357 3458 1426 Apostolus,
3481 1372 3553 1411 ne

1927 1449 2410 1504 commisceamini
2453 1449 2794 1518 fornicariis,
2839 1465 2957 1503 non
3005 1447 3201 1520 utique
3243 1448 3556 1504 fornicariis

1927 1542 2098 1613 hujus
2122 1543 2344 1612 mundi,
2374 1546 2473 1598 aut
2502 1542 2706 1612 avaris,
2736 1547 2837 1598 aut
2881 1542 3202 1614 rapacibus,
3243 1546 3340 1597 aut
3389 1542 3558 1597 idolis

1928 1637 2326 1692 servientibus.
2373 1636 2637 1708 Alioquin
2688 1635 3014 1691 debueratis
3060 1636 3131 1691 de
3169 1636 3280 1690 hoc
3335 1635 3557 1690 mundo

1928 1729 2129 1786 exisse.
2156 1731 2316 1785 Nunc
2350 1734 2544 1785 autem
2588 1729 2782 1802 scripsi
2819 1729 2978 1785 vobis
3019 1746 3138 1785 non
3182 1727 3558 1784 commisceri.

1927 1823 1984 1879 Si
2019 1823 2144 1895 quis
2173 1827 2364 1879 autem
2401 1825 2578 1878 frater
2611 1823 2939 1878 nominatus
2977 1825 3062 1878 est
3099 1822 3424 1889 fornicator,
3463 1824 3561 1876 aut

1925 1934 2144 1986 avarus,
2164 1921 2261 1972 aut
2285 1917 2452 1972 idolis
2481 1917 2747 1985 serviens,
2770 1921 2869 1972 aut
2889 1917 3217 1986 maledicus,
3244 1920 3344 1970 aut
3377 1915 3562 1970 ebrio-

673 2011 838 2084 quale
873 2012 962 2082 sit,
991 2016 1059 2068 ut
1097 2013 1178 2068 ait
1217 2013 1535 2084 Apostolus,
1566 2011 1682 2066 dies
1717 2013 1822 2065 Do-
1847 2011 1903 2082 B
1927 2029 2039 2081 sus,
2071 2014 2171 2066 aut
2191 2027 2385 2082 rapax,
2413 2028 2544 2066 cum
2573 2010 2902 2082 hujusmodi
2949 2026 3052 2065 nec
3086 2010 3276 2065 cibum
3303 2025 3557 2064 sumere.

1928 2104 2075 2170 Quid
2104 2105 2257 2160 enim
2292 2105 2437 2160 mihi
2485 2105 2554 2160 de
2601 2105 2690 2159 his
2737 2104 2838 2176 qui
2889 2103 3025 2158 foris
3075 2105 3208 2158 sunt
3253 2101 3559 2173 judicare?

1926 2199 2127 2254 Nonne
2151 2200 2220 2255 de
2246 2199 2335 2254 his
2362 2198 2458 2270 qui
2488 2198 2641 2254 intus
2671 2203 2803 2252 sunt
2828 2215 2927 2252 vos
2950 2197 3216 2268 judicatis
3233 2197 3261 2251 ?
3289 2197 3433 2250 Nam
3464 2211 3560 2250 eos

1925 2299 2022 2370 qni
2061 2299 2198 2353 foris
2241 2301 2373 2353 sunt
2417 2299 2564 2352 Deus
2601 2295 2902 2368 judicabit.
2953 2295 3187 2351 Auferte
3231 2294 3448 2349 malum
3489 2309 3558 2348 ex

1925 2391 2083 2447 vobis
2107 2392 2264 2463 ipsis.
2293 2392 2474 2447 Audet
2505 2390 2711 2462 aliquis
2729 2393 3000 2459 vestrum,
3020 2389 3234 2444 habens
3264 2387 3560 2459 negotium

1927 2486 2191 2541 adversus
2240 2485 2509 2553 alterum,
2547 2483 2797 2554 judicari
2854 2482 3007 2554 apud
3054 2481 3278 2553 iniquos
3330 2483 3388 2536 et
3441 2497 3557 2534 non

1923 2580 2073 2652 apud
2103 2578 2366 2634 sanctos?
2393 2581 2477 2632 An
2530 2576 2757 2630 nescitis
2803 2577 3071 2648 quoniam
3116 2575 3295 2629 sancti
3338 2573 3437 2627 Dei
3487 2573 3559 2627 de

1923 2673 2138 2728 mundo
2161 2671 2548 2743 judicabunt?
2573 2672 2644 2724 Et
2664 2669 2711 2724 si
2741 2669 2799 2724 in
2827 2669 2987 2724 vobis
3010 2667 3364 2739 judicabitur
3391 2683 3560 2721 mun-

1925 2767 2050 2837 dus,
2079 2765 2302 2836 indigni
2333 2764 2466 2819 estis
2493 2763 2730 2836 quidem
2770 2766 2833 2818 ut
2863 2764 2932 2817 de
2976 2762 3232 2817 minimis
3268 2760 3554 2832 judicetis,

1925 2859 2152 2915 nescitis
2177 2859 2449 2931 quoniam
2475 2857 2704 2928 angelos
2735 2856 3121 2928 judicabimus
3140 2855 3168 2909 ?
3195 2857 3409 2926 quanto
3441 2870 3559 2908 ma-

1927 2955 2012 3027 gis
2039 2953 2359 3009 saacularial
2385 2951 2688 3008 Saecularia
2717 2951 2895 3022 igitur
2912 2949 3127 3021 judicia
3153 2949 3198 3003 si
3226 2947 3555 3013 habueritis,

1924 3046 2377 3119 contemptibiles
2407 3046 2504 3116 qui
2535 3048 2666 3099 sunt
2694 3045 2752 3099 in
2785 3043 3030 3100 Ecclesia
3067 3042 3197 3098 illos
3229 3040 3556 3097 constituite

1925 3143 1996 3197 ad
2030 3140 2423 3212 judicandnm.
2452 3140 2536 3194 Ad
2564 3138 2967 3193 verecundiam
3007 3139 3249 3192 vestram
3289 3134 3435 3202 dico,
3478 3135 3556 3188 sic

1923 3252 2041 3291 non
2070 3238 2154 3291 est
2182 3235 2336 3289 inter
2365 3249 2463 3287 vos
2487 3233 2714 3304 sapiens
2738 3231 3044 3304 quisquam
3072 3230 3170 3302 qui
3196 3229 3373 3302 possit
3401 3227 3556 3299 judi-

1925 3346 2052 3384 care
2106 3329 2339 3383 fratrem
2373 3343 2559 3395 suum,
2589 3327 2686 3381 sed
2728 3326 2904 3380 frater
2944 3342 3076 3380 cum
3125 3325 3296 3378 fratre
3341 3320 3557 3393 judicio

1923 3421 2230 3490 contendit,
2262 3425 2317 3475 et
2359 3420 2465 3474 hoc
2502 3419 2654 3491 apud
2694 3419 2972 3474 infideles.
3003 3420 3126 3474 Jam
3151 3417 3384 3489 quidem
3428 3431 3553 3469 om-

1919 3516 2058 3572 nino
2085 3514 2355 3569 delictum
2384 3517 2467 3568 est
2496 3513 2554 3567 in
2583 3512 2737 3567 vobis
2765 3512 2919 3584 quod
2963 3511 3180 3582 judicia
3215 3507 3440 3564 habetis
3465 3507 3552 3562 in-

1919 3613 2008 3665 ter
2027 3625 2145 3663 vos.
2171 3609 2356 3672 Quare
2384 3623 2500 3661 non
2533 3605 2720 3676 magis
2746 3605 3015 3676 injuriam
3042 3603 3340 3674 accipitis?
3371 3602 3554 3665 Quare

1919 3719 2037 3758 non
2080 3700 2266 3774 magis
2308 3700 2568 3755 fraudem
2617 3699 2931 3770 patimini?
2985 3698 3092 3754 Sed
3141 3713 3237 3751 vos
3282 3693 3553 3766 injuriam

1923 3795 2101 3852 facitis
2152 3798 2210 3851 et
2255 3793 2551 3865 fraudatis,
2596 3799 2654 3849 et
2697 3794 2807 3848 hoc
2849 3791 3138 3848 fratribus.
3186 3791 3273 3844 An
3328 3787 3554 3845 nescitis

1921 3891 2055 3964 quia
2082 3889 2268 3964 iniqui
2309 3904 2557 3961 regnum
2600 3887 2697 3942 Dei
2741 3903 2860 3942 non
2903 3882 3325 3958 possidebunt?
3373 3881 3556 3937 Nolite

1923 3976 2169 4054 errare]
2199 3984 2394 4054 Neque
2454 3981 2766 4050 fornicarii,
2831 3996 3021 4052 neque
3093 3977 3260 4033 idolis
3333 3976 3552 4031 sevien-

1919 4082 2024 4145 tes,
2066 4093 2254 4148 neque
2303 4075 2568 4143 adulteri,
2597 4091 2786 4147 neque
2835 4074 3056 4141 molles,
3092 4087 3281 4144 neque
3330 4085 3552 4126 mascu-

1921 4173 2111 4226 lorum
2169 4170 2580 4237 concubitores,
2634 4183 2823 4240 neque
2886 4169 3069 4235 fures,
3125 4181 3317 4237 neque
3377 4162 3553 4228 avari,

1920 4281 2102 4336 neque
2142 4263 2369 4332 ebriosi,
2398 4279 2585 4335 neque
2634 4260 2915 4329 maledici,
2949 4276 3136 4332 neque
3183 4274 3418 4330 rapaces
3462 4273 3554 4310 re-

1922 4375 2102 4430 gnum
2133 4357 2233 4412 Dei
2262 4357 2652 4430 possidebunt.
2687 4358 2754 4411 Et
2781 4357 2904 4411 haec
2949 4354 3178 4426 quidem
3221 4351 3430 4421 fuistis,
3460 4350 3558 4405 sed

1921 4451 2099 4506 abluti
2123 4451 2256 4506 estis
2286 4454 2343 4506 et
2383 4449 2719 4505 sanctiﬁcati
2770 4450 2901 4505 estis
2945 4448 3006 4502 in
3053 4446 3289 4502 nomine
3332 4444 3557 4501 Domini

1921 4544 2097 4600 nostri
2120 4546 2252 4600 Jesu
2277 4543 2504 4611 Christi,
2536 4547 2592 4598 et
2613 4544 2674 4598 in
2699 4543 2908 4614 Spiritu
2934 4541 3038 4596 Dei
3067 4540 3245 4595 nostri
3279 4542 3324 4597 (Ι
3349 4542 3468 4596 Cor.
3498 4554 3552 4604 ν,

1921 4641 2084 4704 2-l3;
2115 4654 2189 4706 vr,
2223 4637 2395 4706 l-ll).
2425 4659 2453 4686 »
2487 4638 2565 4691 De
2595 4640 2802 4691 castero
2830 4635 2980 4690 salva
3026 4635 3084 4690 in
3127 4632 3388 4688 omnibus
3415 4646 3553 4700 apo-

193 4738 284 4788 tur
315 4734 385 4789 de
415 4733 611 4788 medio
639 4737 913 4801 vestrum,
943 4731 1041 4804 qui
1067 4732 1178 4787 hoc
1207 4747 1350 4803 opus
1374 4731 1527 4786 fecit.
1555 4733 1672 4802 Ego
1693 4730 1820 4803 qui-
1841 4750 1902 4824 D
1924 4733 2114 4787 stolica
2153 4732 2488 4786 auctoritate
2537 4745 2911 4800 quaecumque
2955 4732 3089 4782 sunt
3138 4727 3210 4780 ad
3262 4721 3556 4793 religionis

197 4828 326 4882 dem
355 4827 562 4882 absens
587 4843 844 4898 corpore,
874 4843 1125 4898 praesens
1146 4829 1338 4881 autem
1359 4825 1577 4896 spiritu,
1600 4827 1720 4896 jam
1736 4825 1824 4896 ju-

196 4921 370 4976 dicavi
395 4926 459 4976 ut
486 4937 741 4994 praesens
783 4937 914 4975 eum
953 4921 1049 4992 qui
1092 4921 1170 4975 sic
1215 4923 1476 4992 operatus
1517 4918 1686 4973 estin
1718 4936 1820 4973 no-

195 5015 346 5071 mine
373 5015 602 5070 Domini
634 5014 817 5070 nostri
843 5016 976 5070 Jesu
1010 5014 1238 5083 Christi,
1273 5013 1634 5084 congregatis
1664 5012 1824 5067 vobis

195 5113 248 5164 et
274 5126 401 5164 meo
434 5109 638 5181 spiritu
663 5108 722 5162 in
747 5107 952 5163 virtute
977 5107 1205 5162 Domini
1235 5107 1411 5162 nostri
1445 5108 1576 5161 Jesu
1619 5105 1825 5161 Christi

196 5202 517 5274 hujusmodi
557 5201 780 5258 tradere
821 5203 1041 5258 Satanas
1088 5201 1145 5256 in
1191 5200 1486 5256 interitum
1530 5200 1733 5268 carnis,
1763 5204 1826 5253 ut

1926 4824 2338 4881 observantiam
2366 4822 2727 4895 pertinentia,
2759 4821 2893 4876 locis
2920 4820 3034 4876 suis
3063 4823 3120 4875 et
3147 4837 3180 4873 a
3204 4835 3321 4873 suae
3350 4816 3555 4871 dioece-

1923 4937 2047 4975 seos
2097 4917 2329 4991 synodis
2368 4917 2691 4972 audiantur.
2733 4918 2803 4970 Et
2827 4916 2872 4971 si
2913 4915 3040 4987 quis
3085 4912 3441 4968 sacerdotum
3469 4911 3558 4964 vel

1923 5014 2275 5086 reliquorum
2301 5012 2641 5068 clericorum
2666 5027 2771 5065 suo
2797 5011 3058 5082 episcopo
3075 5006 3407 5063 inobediens
3435 5006 3555 5059 fue-

1923 5107 2018 5176 rit,
2046 5111 2144 5162 aut
2168 5107 2400 5162 insidias
2441 5107 2492 5161 ei
2530 5106 2838 5178 paraverit,
2875 5106 2974 5159 aut
3003 5101 3430 5167 contumeliam,
3460 5104 3561 5154 aut

1925 5201 2290 5268 calumniam,
2322 5200 2659 5256 etconvinci
2692 5199 2958 5271 potuerit,
2991 5215 3120 5253 mox
3162 5195 3334 5250 curiae
3363 5195 3558 5249 trada-

195 5297 420 5370 spiritus
448 5296 636 5352 salvus
664 5295 736 5351 sit
763 5296 822 5351 in
854 5295 946 5351 die
972 5295 1198 5351 Domini
1239 5295 1412 5350 nostri
1437 5295 1565 5349 Jesu
1591 5274 1869 5382 Christi/
1922 5300 2032 5350 tur.
2071 5295 2181 5360 Qui
2221 5299 2411 5349 autem
2473 5294 2602 5348 facit
2650 5292 2942 5363 injuriam,
2973 5291 3214 5363 recipiat
3260 5291 3368 5345 hoc
3405 5288 3558 5360 quod

197 5391 309 5446 Non
347 5395 432 5447 est
454 5391 612 5446 bona
656 5389 922 5462 gloriatio
965 5393 1166 5444 vestra.
1195 5388 1427 5444 Nescitis
1459 5388 1591 5460 quia
1637 5388 1820 5442 modi-

197 5502 317 5540 cum
341 5487 697 5542 fermentum
726 5487 903 5540 totam
933 5500 1176 5539 massam
1221 5483 1576 5554 corrumpit?
1602 5484 1819 5553 Expur-

198 5585 334 5650 gate,
368 5579 561 5652 inquit
584 5579 902 5650 Apostolus,
932 5582 1093 5634 vetus
1113 5578 1459 5633 fermentum
1487 5581 1548 5631 ut
1576 5576 1697 5630 sitis
1722 5593 1822 5630 no-

195 5689 255 5727 va
277 5672 626 5746 conspersio,
657 5672 801 5728 sicut
825 5673 960 5728 estis
985 5671 1186 5744 azymi.
1217 5670 1440 5726 Etenim
1476 5671 1687 5726 Pascha
1715 5687 1818 5724 no-

195 5770 365 5824 strum
417 5766 749 5824 immolatus
801 5770 884 5824 est
931 5765 1202 5822 Christus.
1248 5767 1444 5837 Itaque
1495 5765 1816 5836 epulamur,

1923 5388 2116 5461 inique
2149 5387 2339 5460 gessit.
2374 5409 2399 5437 ‹‹
2425 5389 2810 5457 Corrumpunt
2835 5385 2990 5442 enim
3015 5402 3203 5440 mores
3230 5384 3414 5438 bonos
3445 5381 3554 5436 col-

1920 5481 2115 5553 loquia
2143 5481 2316 5536 mala.
2345 5481 2624 5551 Evigilate
2645 5480 2782 5551 justi
2812 5485 2867 5536 et
2895 5479 3076 5535 nolite
3103 5495 3340 5551 peccare
3370 5477 3417 5545 (Ι
3435 5478 3554 5533 Cor.

1921 5591 2008 5643 XV,
2041 5578 2129 5645 33,
2161 5575 2266 5644 34).
2301 5596 2328 5623 ››
2372 5575 2507 5628 Data
2538 5573 2667 5628 ldus
2696 5574 2896 5645 Martii,
2929 5574 3092 5629 Claro
3139 5577 3196 5628 et
3245 5572 3451 5626 Severo
3491 5569 3556 5621 IV

1921 5685 2003 5726 cc.
2034 5667 2252 5723 consul.
