4068 6300
497 417 599 473 115

1387 419 1662 474 AI’PEND.
1705 418 1791 472 AD
1830 419 1988 474 SJEC.
2033 419 2119 472 1X.
2152 446 2219 457 ——
2257 414 2505 472 lSlDORl
2547 414 2967 471 MERCATORIS

3745 412 3850 465 116

1136 751 1253 843 IN
1258 749 1708 843 CIPIUNT
1793 748 2141 842 DECRE

2217 748 2319 839 ΤΑ
2399 746 2749 839 ΑΝΙΤΙΙ
2835 743 3195 836 ΡΑΡᾸΕ.
3262 818 3265 821 .

492 920 589 985 De
617 920 1025 985 ordinatione
1050 920 1689 1004 archiepiscoporum
1717 927 1782 983 et
1805 920 2208 1004 rel_z'quorz_cm
2227 920 2684 1004 episcoporum
2678 936 2727 1004 λ
2748 927 2822 1004 et_
2841 919 2919 1004 de
2945 915 3486 1003 appellationibus
3514 913 3853 976 minorum

1304 1001 1400 1065 ad
1421 999 1757 1083 majorum
1787 999 1988 1077 sedes,
2022 1000 2129 1062 vel
2152 999 2246 1062 ad
2268 999 2637 1065 Romanam
2663 999 3045 1063 Ecclesium:

1533 1154 1711 1226 (Anno
1740 1156 1859 1224 164,
1888 1154 2027 1228 imp.
2054 1155 2227 1212 Lucio
2254 1157 2422 1212 Anto.
2449 1154 2801 1226 Commodo.)

559 1467 787 1523 Amnes
822 1466 1098 1523 universis
1135 1467 1395 1524 Ecclesiis
1435 1484 1540 1540 per
1567 1468 1761 1525 Galliae
1807 1469 2124 1540 provincias
2145 1480 2205 1554 Α
2223 1486 2339 1541 qua
2365 1486 2502 1542 gens
2531 1469 2799 1540 deinceps
2816 1468 2886 1523 ad
2914 1466 3087 1523 ﬁdem
3112 1466 3486 1531 convertatur,
3508 1463 3597 1518 cui
3623 1477 3852 1517 necesse

494 1559 834 1630 constitutis,
856 1562 916 1616 in
945 1562 1183 1617 Domino
1222 1562 1480 1618 salutem.

564 1653 848 1708 Bonorum
868 1670 1109 1726 operum
1131 1658 1189 1710 et
1209 1654 1587 1727 spiritualium
1609 1655 1921 1711 studiorum
1946 1658 2123 1712 Deum

489 1750 779 1802 auctorem
805 1763 924 1803 esse
945 1765 1062 1803 non
1090 1748 1330 1804 dubium
1356 1753 1458 1817 est,
1482 1750 1583 1820 qui
1609 1749 1898 1805 bonorum
1928 1751 2119 1805 homi-

490 1856 629 1894 num
658 1840 856 1896 incitat
877 1845 1100 1897 mentes
1129 1847 1185 1898 et
1209 1843 1440 1914 adjuvat
1465 1843 1749 1911 actiones;
1779 1844 1928 1916 quod
1956 1844 2121 1899 nobis

488 1932 780 1989 evidenter
808 1934 1097 2006 apparuit,
1127 1951 1258 1990 cum
1286 1935 1439 1990 inter
1471 1936 1790 2008 longinqua
1825 1937 2007 2009 spatia
2040 1954 2123 1992 re-

489 2025 726 2096 gionum
751 2044 934 2082 unum
964 2029 1132 2083 corda
1157 2033 1342 2083 vestra
1368 2033 1669 2085 senserunt
1710 2030 2033 2098 consilium,
2065 2034 2123 2086 et

488 2135 617 2191 quae
644 2119 1050 2177 desiderabatis
1076 2138 1369 2194 responsa,
1387 2139 1503 2178 non
1526 2123 1713 2191 unius,
1734 2125 1830 2179 sed
1850 2123 2123 2195 plurimo-

490 2228 621 2266 rum
670 2212 924 2283 epistolee
970 2214 1325 2271 intimarunt.
1372 2217 1451 2271 De
1504 2217 1948 2272 ordinationibus
1987 2234 2120 2272 vero

493 2303 891 2376 episcoporum
926 2323 1095 2378 super
1123 2308 1331 2380 quibus
1376 2326 1478 2364 nos
1518 2310 1813 2366 consulere
1846 2310 2118 2381 voluistis,

492 2397 633 2452 olim
662 2398 721 2453 in
753 2400 933 2453 sancti
960 2401 1393 2471 praedecessoris
1416 2403 1593 2457 nostri
1620 2403 1877 2458 Anacleti
1903 2404 2123 2459 ordina-

488 2491 739 2547 tionibus
786 2493 1047 2563 queedam
1085 2494 1208 2565 jam
1252 2494 1479 2550 decreta
1526 2497 1864 2568 reperimus.
1898 2497 2121 2553 Scimus

491 2584 645 2640 enim
694 2585 1083 2641 beatissimum
1122 2588 1393 2643 Jacobum
1436 2589 1535 2660 qui
1585 2589 1877 2645 dicebatur
1915 2590 2118 2661 justus,

489 2678 587 2750 qui
613 2678 791 2733 etiam
820 2680 1132 2735 secundum
1159 2697 1386 2735 carnem
1419 2682 1598 2737 frater
1633 2683 1856 2738 Domini
1899 2700 2120 2738 nuncu-

489 2773 656 2843 patus
682 2775 786 2839 est,
819 2789 853 2827 a
880 2774 1067 2844 Petro,
1096 2775 1309 2830 Jacobo
1345 2779 1402 2830 et
1426 2775 1642 2830 Joanne
1669 2776 1960 2847 apostolis,
1992 2776 2119 2831 Hie-

2223 1564 2297 1618 sit
2320 1566 2553 1636 propter
2574 1560 3003 1617 multitudinem
3024 1576 3223 1616 eorum
3239 1559 3543 1631 primatem
3560 1554 3848 1611 constitui.

2223 1656 2447 1727 Reliqui
2473 1672 2606 1711 vero
2654 1655 2752 1727 qui
2799 1655 2939 1710 alias
2979 1652 3448 1724 metropolitanas
3472 1650 3632 1705 sedes
3659 1648 3852 1719 adepti

2221 1755 2372 1817 sunt,
2404 1765 2523 1804 non
2552 1749 2843 1821 primates,
2871 1748 2969 1803 sed
3005 1745 3431 1817 metropolitani
3458 1742 3847 1798 nominentur.

2222 1842 2282 1898 Si
2319 1849 2514 1897 autem
2562 1841 2766 1914 aliquis
2798 1841 3369 1912 metropolitanorum
3396 1837 3627 1893 inﬂatus
3653 1835 3850 1901 fuerit,

2222 1940 2279 1991 et
2317 1936 2439 1991 sine
2479 1935 2740 1991 omnium
2800 1932 3357 2006 comprovincialium
3410 1929 3718 2003 przesentia
3763 1929 3854 1981 vel

2220 2029 2459 2085 consilio
2487 2028 2906 2101 episcoporum,
2938 2031 3038 2083 aut
3071 2043 3287 2093 eorum,
3322 2029 3421 2081 aut
3463 2024 3598 2079 alias
3628 2038 3851 2089 causas,

2220 2122 2329 2179 nisi
2357 2139 2448 2177 eas
2474 2125 2700 2177 tantum
2727 2138 2854 2194 quae
2881 2121 2955 2176 ad
2997 2120 3290 2192 propriam
3332 2136 3491 2174 suam
3516 2115 3853 2189 parochiam

2219 2216 2528 2288 pertinent,
2561 2232 2748 2287 agere,
2779 2220 2881 2270 aut
2920 2232 3016 2270 eos
3062 2230 3295 2285 gravare
3324 2212 3583 2279 voluerit,
3611 2210 3680 2266 ab
3725 2226 3852 2263 om-

2219 2309 2386 2365 nibus
2415 2309 2671 2391 districtq
2694 2308 3027 2379 corrigatur,
3038 2308 3127 2391 [ne
3174 2306 3306 2361 talia
3341 2305 3603 2375 deinceps
3629 2320 3851 2374 praesu-

2220 2325 2386 2365 nmus
2415 2325 2633 2364 alsmct
2694 2325 3127 2391 corrigaturdne
3174 2325 3306 2361 Lana
3341 2325 3603 2375 aclnceps
3629 2325 3851 2374 praesu-

2220 2418 2376 2458 mere
2418 2325 2734 2501 audeathi
2777 2418 2913 2456 vero
2962 2399 3381 2472 incorrigibilis,
3409 2398 3601 2470 eisque
3649 2396 3852 2451 inobe-

2222 2496 2386 2551 diens
2416 2490 2765 2568 apparuerit,
2799 2496 2871 2550 ad
2916 2495 3062 2549 hanc
3107 2493 3472 2566 apostolicam
3518 2491 3728 2558 sedem,
3758 2490 3855 2544 cui

2220 2589 2415 2644 omnia
2436 2588 2830 2660 episcoporum
2840 2588 3055 2659 judicia
3070 2588 3378 2642 terminare
3396 2589 3675 2657 praecepta
3695 2588 3852 2649 sunt,

2221 2683 2342 2753 ejus
2373 2682 2723 2736 contumacia
2748 2683 3050 2749 referatur,
3082 2684 3148 2735 ut
3171 2680 3419 2735 vindicta
3446 2678 3517 2733 de
3547 2694 3615 2732 eo
3642 2676 3757 2743 ﬁat,
3794 2681 3858 2731 et

2222 2774 2411 2831 caeteri
2442 2775 2713 2829 timorem
2756 2774 3023 2830 habeant.
3051 2775 3109 2831 Si
3137 2777 3331 2828 autem
3355 2776 3583 2844 prOpter
3608 2769 3856 2824 nimiam

490 2865 901 2936 rosolymorum
945 2867 1273 2940 episcopum
1318 2884 1437 2924 esse
1467 2845 1815 2925 ordinatum.
1845 2869 1904 2925 Si
1929 2872 2124 2924 autem
2142 2845 2199 2918 B
2222 2867 2722 2941 longinquitatem,
2751 2872 2849 2923 aut
2874 2867 3149 2939 temporis
3177 2863 3728 2929 incommoditatem,
3760 2863 3855 2918 vel

493 2973 607 3012 non
634 2959 825 3014 minus
859 2977 1030 3032 quam
1056 2978 1090 3017 a
1119 2961 1303 3017 tribus
1351 2963 1622 3034 apostolis
1664 2966 1855 3017 tantus
1896 2962 1982 3017 vir
2016 2962 2125 3019 fuit
2224 2962 2443 3017 itineris
2470 2961 2853 3032 asperitatem,
2885 2976 3055 3032 grave
3082 2961 3156 3015 ad
3180 2960 3327 3014 hanc
3346 2958 3538 3014 sedem
3565 2957 3688 3028 ejus
3713 2971 3854 3011 cau-

492 3051 787 3107 ordinatus
818 3052 1134 3126 episcopus,
1165 3058 1325 3127 patet
1349 3056 1601 3127 profecto
1630 3071 1724 3110 eos
1753 3056 2004 3111 formam
2031 3056 2121 3112 in-
2223 3072 2344 3109 sam
2387 3054 2609 3109 deferre
2653 3053 2848 3123 fuerit,
2878 3057 3015 3108 tunc
3050 3052 3123 3107 ad
3168 3053 3288 3124 ejus
3329 3050 3637 3123 primatem
3684 3065 3858 3103 causa

488 3144 759 3201 stituente
803 3147 1039 3203 Domino
1084 3148 1403 3219 tradidisse,
1434 3165 1550 3203 non
1593 3165 1625 3202 a
1663 3148 1854 3203 minus
1895 3166 2066 3221 quam
2090 3167 2124 3204 a
2221 3149 2529 3217 deferatur,
2550 3152 2606 3202 et
2628 3163 2801 3221 penes
2827 3147 3017 3218 ipsum
3044 3146 3218 3218 hujus
3249 3148 3459 3200 sanctae
3487 3142 3632 3199 sedis
3660 3145 3859 3197 aucto-

488 3237 668 3293 tribus
723 3239 1000 3313 episcopis
1047 3214 1398 3313 episcopum'
1441 3241 1692 3295 ordinari
1742 3214 1967 3297 debere.
2013 3243 2121 3299 Sed
2222 3242 2387 3297 ritate
2430 3214 3071 3332 judicetur.\Si—militer
3114 3214 3159 3294 si
3206 3238 3410 3311 aliquis
3458 3236 3859 3332 episcoporum

490 3335 773 3389 crescente
797 3350 1040 3390 numero
1083 3335 1503 3405 episcoporum,
1535 3334 1647 3388 nisi
1686 3335 1986 3391 necessitas
2028 3336 2118 3391 in-
2222 3333 2730 3406 metropolitanum
2771 3330 3097 3405 suspectum
3134 3332 3412 3400 habuerit,
3445 3330 3598 3403 apud
3639 3330 3857 3402 prima-

490 3427 813 3495 tervenerit,
855 3427 1067 3483 debent
1119 3426 1291 3482 etiam
1342 3427 1535 3498 plures
1581 3427 1800 3499 augeri.
1841 3429 1901 3484 ld
1947 3433 2033 3484 est
2075 3429 2121 3483 si
2219 3433 2338 3484 tem
2364 3428 2682 3498 dioeceseos,
2715 3431 2816 3482 aut
2852 3428 3001 3499 apud
3045 3428 3192 3482 hanc
3239 3424 3610 3498 apostolicam
3656 3424 3855 3478 sedem

489 3520 945 3592 archiepiscopus
995 3520 1150 3575 diem
1203 3519 1422 3587 obierit,
1465 3524 1524 3575 et
1577 3522 1720 3577 alter
1773 3522 2122 3578 ordinandus
2218 3522 2499 3578 audiatur.
2525 3522 2632 3586 Qui
2656 3520 2841 3592 major
2858 3526 2941 3576 est
2958 3526 3231 3589 vestrum,
3250 3519 3563 3574 secundum
3588 3516 3851 3573 Domini-

488 3612 947 3684 archiepiscopus
993 3613 1201 3668 electus
1238 3612 1427 3681 fuerit,
1458 3630 1654 3670 omnes
1691 3614 1945 3687 ejusdem
1982 3633 2117 3687 pro-

489 3703 690 3759 vinciae
720 3704 970 3777 episcopi
1003 3705 1076 3759 ad
1102 3708 1296 3762 sedem
1337 3709 1715 3779 metropoleos
1753 3709 2116 3777 conveniant,

490 3801 553 3852 ut
577 3798 648 3851 ab
678 3798 943 3852 omnibus
971 3798 1089 3870 ipse
1111 3800 1420 3855 ordinetur.
1442 3800 1676 3871 Oportet
1696 3806 1887 3856 autem
1915 3807 1979 3856 ut
2001 3803 2120 3873 ipse

487 3889 586 3960 qui
608 3889 717 3943 illis
741 3891 1005 3946 omnibus
1025 3908 1268 3963 praeesse
1289 3893 1473 3962 debet,
1498 3893 1569 3947 ab
1596 3895 1863 3949 omnibus
1886 3894 1996 3949 illis
2019 3895 2118 3950 eli-

490 3985 661 4053 gatur
705 3986 763 4039 et
806 3984 1127 4041 ordinetur.
1161 3986 1378 4058 Reliqui
1409 4002 1542 4041 vero
1580 3988 1952 4058 provinciales
1998 3989 2115 4060 epi-

488 4075 662 4146 scopi,
696 4075 743 4130 si
777 4092 1000 4135 necesse
1054 4079 1245 4147 fuerit,
1286 4081 1506 4136 caeteris
1545 4082 2048 4152 consentientibus,
2085 4102 2119 4140 a

486 4168 670 4223 tribus
690 4169 856 4241 jussu
892 4172 1301 4245 archiepiscopi
1351 4176 1665 4231 consecrari
1710 4183 1948 4248 possunt
1992 4179 2113 4251 epi-

488 4261 698 4334 scOpis.
720 4263 833 4320 Sed
853 4265 1056 4320 melius
1081 4270 1165 4322 est
1191 4266 1238 4321 si
1258 4267 1379 4338 ipse
1401 4285 1530 4323 cum
1558 4270 1839 4339 omnibus,
1862 4287 1990 4327 eum
2019 4272 2118 4344 qui

485 4354 692 4427 dignus
743 4360 828 4412 est
879 4360 1119 4431 elegerit
1161 4366 1217 4416 et
1274 4363 1463 4416 cuncti
1511 4364 1726 4435 pariter
1780 4365 2118 4420 sacraverint

482 4449 833 4521 pontiﬁcem.
864 4453 932 4508 Et
959 4453 1091 4509 licet
1127 4453 1281 4510 istud
1322 4457 1656 4512 necessitate
1697 4463 1934 4530 cogente
1975 4476 2113 4514 con-

482 4559 702 4600 cessum
731 4545 822 4614 sit,
849 4545 990 4602 illud
1018 4549 1209 4604 tamen
1240 4550 1395 4622 quod
1435 4551 1504 4606 de
1541 4550 1947 4624 archiepiscopi
1978 4569 2113 4607 con-

483 4638 792 4696 secratione
820 4639 1159 4713 praedictum
1183 4645 1270 4698 est
1295 4648 1468 4716 atque
1498 4648 1871 4716 praeceptum,
1904 4645 1962 4699 id
2008 4648 2111 4713 est,

479 4736 540 4788 ut
568 4750 766 4790 omnes
793 4734 1134 4808 suﬂ'raganei
1163 4754 1295 4792 eum
1325 4738 1613 4805 ordinent,
1642 4738 1970 4793 nullatenus
2001 4739 2111 4793 im-

478 4827 691 4881 mutari
718 4829 879 4899 licet;
909 4830 1041 4901 quia
1075 4830 1175 4900 qui
1210 4830 1322 4884 illis
1346 4835 1575 4901 praeest,
1608 4830 1680 4885 ab
1706 4832 1973 4886 omnibus
1995 4833 2111 4903 epi-

480 4919 664 4991 sc0pis
691 4920 895 4990 quibus
918 4927 1125 4992 praeest
1152 4922 1320 4977 debet
1345 4922 1629 4979 constitui.
1655 4924 1752 4981 Sin
1780 4926 1946 4980 aliter
1973 4942 2115 4996 prae-

479 5017 771 5083 sumptum
818 5013 1012 5081 fuerit,
1051 5015 1267 5070 viribus
1317 5031 1505 5071 carere
1557 5035 1670 5073 non
1722 5018 1964 5073 dubium
2008 5022 2111 5087 est,
2162 5086 2169 5093 ο

479 5104 616 5176 quia
640 5104 797 5159 irrita
827 5105 934 5160 erit
959 5106 1082 5177 ejus
1109 5124 1266 5163 secus
1297 5112 1423 5163 acta
1443 5110 1748 5176 ordinatio;
1774 5111 1895 5183 ipse
1922 5116 2115 5167 autem

483 5197 938 5270 archiepiscopus
984 5199 1130 5254 nihil
1178 5201 1247 5255 de
1292 5219 1492 5258 eorum
1536 5204 1738 5271 causis,
1772 5208 1870 5259 aut
1895 5205 1962 5259 de
1992 5205 2114 5261 aliis

481 5291 883 5346 communibus
907 5291 1072 5364 juxta
1096 5295 1302 5349 statuta
1327 5299 1716 5368 apostolorum
1746 5298 1957 5369 absque
1982 5316 2115 5354 cun-

480 5390 705 5440 ctorum
732 5386 965 5441 illorum
985 5390 1121 5457 agat
1145 5389 1416 5462 consilio;
1438 5409 1544 5447 nec
1570 5391 1672 5459 illi,
1699 5390 1806 5445 nisi
1836 5397 2113 5463 quantum

481 5479 556 5534 ad
597 5480 856 5552 proprias
905 5481 1201 5552 parochias
1236 5486 1489 5556 pertinet
1530 5486 1650 5542 sine
1690 5502 1812 5552 suo,
1841 5487 2111 5557 quoniam

2220 3634 2347 3672 cam
2364 3616 2702 3688 jussionem,
2734 3615 2806 3669 sit
2831 3620 3013 3669 vester
3036 3613 3315 3679 minister,
3349 3615 3406 3665 et
3431 3616 3644 3682 quanto
3666 3610 3855 3681 major

2221 3727 2281 3765 es
2299 3711 2360 3765 in
2385 3709 2669 3778 omnibus,
2696 3707 2940 3762 humilia
2974 3710 3028 3761 te
3068 3706 3275 3776 ipsum.
3298 3704 3643 3770 Charissimi,
3671 3703 3855 3758 nolite

2217 3804 2368 3860 inter
2383 3820 2481 3859 vos
2501 3800 2844 3859 contendere
2860 3842 2873 3869 ,
2893 3816 3001 3854 nec
3024 3802 3243 3870 qumrat
3265 3798 3469 3869 aliquis
3496 3798 3686 3869 major
3704 3814 3851 3867 esse,

2217 3899 2336 3965 sed,
2366 3899 2535 3969 juxta
2559 3896 2911 3967 Apostolum,
2942 3891 3171 3963 Diligite
3212 3909 3308 3947 vos
3354 3892 3620 3959 invicem,
3652 3912 3677 3943 (ι
3718 3891 3854 3962 quia

2218 3991 2465 4047 Charitas
2511 4006 2576 4044 ex
2621 3989 2736 4042 Deo
2780 3991 2883 4056 est,
2920 3989 2978 4041 et
3021 3985 3206 4040 omnis
3248 3985 3347 4058 qui
3390 3985 3592 4056 diligit,
3624 4001 3693 4039 ex
3732 3986 3852 4040 Deo

2217 4087 2385 4140 natus
2402 4087 2504 4152 est,
2522 4086 2580 4137 et
2599 4079 2888 4152 cognoscit
2903 4078 3228 4134 Dominum.
3248 4078 3356 4144 Qui
3372 4094 3487 4133 non
3507 4077 3711 4148 diligit,
3730 4094 3855 4133 non

2218 4178 2373 4234 novit
2414 4178 2617 4243 Deum,
2647 4174 2917 4247 quoniam
2944 4175 3094 4228 Deus
3131 4173 3375 4228 Charitas
3414 4176 3517 4228 est.
3552 4192 3578 4219 »
3608 4171 3851 4240 Pascite,

2218 4270 2404 4343 inquit
2428 4269 2691 4342 princeps
2716 4266 3127 4340 apostolorum,
3160 4288 3188 4317 «
3217 4265 3315 4338 qui
3340 4266 3401 4320 in
3424 4264 3584 4320 vobis
3612 4269 3696 4319 est
3723 4272 3857 4336 gre-

2217 4382 2348 4437 gem
2390 4363 2509 4433 Dei,
2551 4361 2916 4435 providentes
2966 4377 3081 4415 non
3129 4362 3339 4427 coacte,
3391 4359 3489 4413 sed
3537 4365 3856 4429 spontanee

2215 4457 2529 4514 secundum
2575 4457 2783 4524 Deum,
2827 4470 3015 4526 neque
3056 4454 3239 4525 turpis
3289 4453 3431 4507 lucri
3488 4451 3699 4524 gratia,
3751 4452 3855 4506 sed

2212 4550 2546 4606 voluntarie.
2600 4552 2795 4621 Neque
2861 4551 2923 4603 ut
2976 4547 3335 4603 dominantes
3400 4546 3460 4600 iu
3509 4544 3692 4611 cleris,
3750 4545 3855 4600 sed

2214 4646 2404 4701 forma
2453 4643 2582 4700 facti
2637 4643 2800 4714 gregi
2848 4658 2915 4697 ex
2964 4642 3178 4695 animo.
3222 4641 3290 4695 Et
3342 4656 3471 4694 cum
3522 4639 3857 4710 apparuerit

2211 4738 2477 4812 princeps
2540 4741 2867 4810 pastorum,
2931 4735 3251 4808 percipietis
3315 4732 3851 4787 immarcescibilem

2215 4833 2409 4906 gloriae
2453 4848 2723 4888 coronam
2761 4831 2811 4901 (Ι
2846 4832 2993 4885 Petr.
3043 4846 3097 4895 v,
3136 4828 3247 4901 24).
3278 4847 3307 4879 »
3358 4828 3425 4881 Et
3463 4826 3631 4897 juxta
3672 4825 3853 4880 alium

2212 4928 2527 4999 apostolum
2563 4943 2575 4981 :
2622 4945 2651 4975 «
2690 4925 2928 4991 Fratres,
2983 4938 3267 4977 memores
3318 4924 3493 4976 estote
3542 4918 3856 4973 verborum

2215 5038 2341 5093 quae
2362 5020 2638 5093 praedicta
2664 5021 2798 5071 sunt
2822 5017 2891 5071 ab
2921 5016 3191 5088 apostolis
3220 5016 3351 5069 Jesu
3394 5011 3603 5068 Christi
3632 5011 3731 5082 qui
3759 5011 3852 5066 di-

2215 5115 2423 5169 cebant
2461 5112 2638 5181 vobis,
2683 5110 2961 5182 quoniam
3000 5109 3061 5163 in
3102 5106 3412 5163 novissimo
3462 5110 3720 5176 tempore
3761 5121 3858 5160 ve-

2214 5208 2375 5263 nient
2433 5206 2688 5261 illusores
2753 5203 3068 5258 secundum
3135 5200 3417 5256 desideria
3488 5198 3858 5253 ambulantes

2214 5301 2604 5373 impietatum.
2629 5297 2695 5354 Hi
2725 5303 2859 5353 sunt
2884 5296 2983 5368 qui
3024 5299 3329 5367 segregant
3372 5291 3706 5363 semetipsos
3733 5292 3857 5346 ani-

2215 5396 2412 5466 males,
2446 5393 2711 5466 spiritum
2752 5407 2867 5446 non
2913 5389 3212 5443 habentes.
3246 5389 3351 5442 Vos
3393 5391 3602 5453 autem,
3632 5384 3852 5440 charis-

2218 5489 2365 5558 simi,
2398 5485 2913 5559 superuadificantes
2950 5482 3318 5554 vosmetipsos
3360 5478 3731 5535 sanctissima:
3759 5495 3856 5534 ve-

480 5573 578 5628 tali
630 5573 841 5646 gaudet
893 5576 1193 5632 concordia
1249 5579 1561 5635 Altissimus
1614 5585 1672 5636 et
1731 5580 2009 5652 gloriatur
2056 5582 2349 5655 inDstraa
2391 5580 2544 5648 ﬁdei,
2588 5580 2647 5634 in
2692 5577 2908 5651 Spiritu
2958 5580 3151 5631 sancto
3192 5578 3439 5643 orantes,
3475 5574 3627 5644 ipsos
3652 5589 3749 5626 vos
3790 5572 3852 5628 in

479 5668 755 5724 membris
778 5667 913 5724 suis.
938 5669 1087 5725 Nulli
1112 5673 1520 5746 archiepisc0pi
1539 5673 1810 5744 primates
1825 5679 2116 5744 vocentur,

2220 5673 2521 5730 dilectione
2562 5672 2663 5729 Dei
2704 5674 2942 5739 servate,
2974 5672 3364 5742 exspectantes
3402 5664 3854 5721 misericordiam

479 5761 590 5817 nisi
626 5762 709 5818 illi
733 5762 832 5835 qui
854 5763 1070 5836 primas
1098 5770 1303 5822 tenent
1331 5766 1601 5835 civitates,
1629 5784 1875 5838 quarum
1904 5769 2118 5841 episco-
2218 5766 2447 5822 Domini
2490 5766 2669 5822 nostri
2712 5768 2844 5822 Jesu
2885 5764 3094 5821 Christi
3136 5763 3197 5816 in
3237 5762 3414 5816 vitam
3457 5764 3752 5815 aeternam.
3783 5761 3858 5817 Et

479 5872 585 5927 pos
609 5856 849 5928 apostoli
878 5862 936 5915 et
960 5876 1313 5915 successores
1350 5861 1737 5931 apostolorum
1774 5862 2119 5933 regulariter
2215 5861 2320 5917 hos
2346 5860 2582 5933 quidem
2613 5859 2837 5932 arguite
2857 5858 3200 5931 judicantes,
3228 5854 3351 5909 illos
3375 5870 3510 5909 vero
3541 5855 3755 5909 servate
3780 5854 3859 5911 de

484 5948 831 6019 patriarchas
859 5958 915 6009 et
943 5952 1215 6025 primates
1243 5968 1364 6008 esse
1394 5954 1829 6025 constituerunt,
1858 5953 1967 6009 nisi
2010 5954 2113 6010 ali-
2218 5954 2353 6028 igne
2383 5952 2739 6027 recipientes.
2770 5952 2908 6009 Aliis
2931 5953 3125 6008 autem
3149 5946 3499 6006 miseremini
3529 5947 3591 6004 in
3617 5946 3851 6019 timore,
