4068 6344
237 429 333 480 H7

1467 429 1938 484 DECRETALIUM
1977 431 2358 486 COLLECTIO.

3482 431 3580 485 H8

229 533 482 588 odientes
517 549 648 588 eam
685 550 815 605 quae
845 535 1083 589 carnalis
1117 539 1200 590 est
1233 537 1574 591 maculatam
1603 537 1855 592 tunicam
1877 549 1936 622 Α
1956 537 2128 606 tione,
2148 538 2229 593 ita
2251 543 2307 592 et
2324 538 2381 591 in
2402 541 2639 592 tonsura
2660 539 2717 592 et
2733 537 2896 593 omni
2915 536 3110 592 habitu
3128 533 3355 592 discreti
3373 535 3584 591 debent

231 628 399 695 (Jud.,
442 629 637 698 17-23).
681 647 708 678 »
764 628 1088 696 Prohibete,
1131 629 1354 696 fratres,
1410 647 1512 701 per
1559 631 1852 685 universas

226 721 529 791 regionum
558 725 874 776 vestrarum
914 722 1198 789 Ecclesias,
1227 727 1296 784 ut
1328 722 1533 790 clerici,
1566 724 1662 795 qui
1696 724 1852 778 laicis

225 820 280 868 et
309 814 682 886 simplicibus,
709 815 950 885 virtutis,
982 816 1313 884 honestatis,
1341 817 1632 888 pudicitiae
1654 821 1710 873 et
1730 835 1853 889 gra-

223 909 411 963 vitatis
459 909 749 980 exemplar
789 926 912 964 esse
949 909 1160 964 debent
1208 927 1273 963 ac
1321 910 1534 981 seipsos
1581 916 1853 982 tanquam

224 1002 453 1073 signum
505 1002 752 1073 purioris
794 1003 924 1056 vitae
979 1003 1305 1058 rudioribus
1354 1004 1426 1058 ad
1473 1004 1853 1060 imitationem

222 1096 534 1166 prudenter
559 1097 846 1164 exhibere,
882 1097 1050 1167 juxta
1092 1098 1441 1168 Apostolum,
1479 1114 1703 1153 comam
1733 1116 1851 1154 non

223 1190 502 1256 nutriant,
530 1190 625 1245 sed
661 1190 907 1261 desuper
939 1195 1110 1261 caput
1137 1191 1195 1244 in
1233 1191 1468 1246 modum
1509 1192 1733 1262 spherae
1763 1208 1850 1246 ra-

223 1283 377 1350 dant,
426 1283 560 1354 quia
601 1283 747 1338 sicut
787 1282 1013 1338 discreti
1053 1283 1261 1339 debent
1295 1300 1414 1340 esse
1453 1285 1515 1340 in
1553 1301 1852 1340 conversa-

1953 647 2249 701 apparere.
2273 633 2401 686 Haac
2425 632 2600 698 vobis,
2629 632 2854 698 fratres,
2879 633 2945 685 ut
2969 630 3184 701 petistis
3209 629 3581 684 custodienda

1953 723 2252 791 mittimus,
2283 731 2339 779 et
2368 725 2650 780 custodire
2681 724 3064 797 praecipimus,
3098 742 3127 776 ι(
3164 727 3230 778 ut
3254 725 3314 778 in
3345 723 3580 777 nomine

1949 819 2081 872 Jesu
2125 834 2295 872 omne
2336 835 2486 889 genu
2525 819 2799 884 ﬂectatur,
2849 817 3179 885 cmlestium,
3227 816 3579 872 terrestrium

1953 913 2010 966 et
2033 910 2411 981 infernorum,
2434 915 2490 966 et
2509 913 2697 967 omnis
2721 913 2915 983 lingua
2944 912 3297 980 conﬁteatur,
3321 911 3456 982 quia
3476 911 3582 964 Do-

1951 1003 2142 1059 minus
2169 1007 2326 1060 Jesus
2360 1006 2612 1060 Christus
2642 1005 2702 1060 in
2737 1007 2920 1077 gloria
2952 1011 3036 1060 est
3071 1006 3170 1061 Dei
3198 1006 3397 1072 Patris,
3429 1025 3456 1054 »
3485 1004 3578 1058 cui

1953 1098 2137 1153 honor
2162 1101 2221 1153 et
2248 1098 2555 1170 imperium
2580 1116 2682 1169 per
2711 1103 2924 1154 aeterna
2957 1101 3177 1155 saecula.
3209 1101 3352 1155 Data
3377 1101 3576 1154 octavo

1953 1191 2187 1248 Kalend.
2214 1192 2386 1262 Junii,
2415 1192 2663 1248 Galliano
2689 1197 2747 1248 et
2769 1192 2974 1248 Ruﬁno
3003 1192 3341 1249 consulibus.

768 1481 1340 1582 INCIPIUNT
1419 1490 1945 1582 DECRETA
2029 1492 2586 1584 SOTHERIS
2669 1492 3057 1584 PAPE.’

1763 1637 1858 1700 De
1894 1636 2044 1715 ﬁde.

1139 1745 1312 1814 (Anno
1344 1746 1571 1801 Domini
1603 1749 1723 1816 168,
1752 1749 2008 1817 tempore
2033 1745 2306 1801 Antonini
2333 1746 2676 1818 Commodi.)

287 1941 497 1996 Sorana
528 1941 852 2012 apostolicae
873 1941 1017 1996 sedis
1044 1942 1520 2015 archiepiscopus,
1550 1942 1852 2015 Campanis
1871 1956 1928 2027 B
1952 1943 2178 2013 Filium,
2209 1945 2441 2016 excepto
2468 1943 2651 1998 Patris
2681 1945 2988 2014 praecepto,
3022 1941 3259 1995 doceam
3287 1937 3461 1993 fuisse
3491 1938 3574 1991 Io-

221 2037 485 2091 omnibus
511 2037 751 2090 salutem
782 2037 838 2091 in
869 2037 1128 2092 Domino.

290 2130 550 2185 Gaudere
594 2146 693 2184 vos
738 2134 983 2200 oportet,
1030 2131 1254 2198 fratres,
1302 2132 1457 2202 quod
1506 2132 1694 2186 divina
1737 2134 1847 2187 Iar-

220 2223 408 2293 gient'e
450 2223 636 2294 gratia
668 2223 972 2278 familiares
1009 2223 1234 2278 Domini
1271 2225 1579 2294 vocamini,
1613 2226 1848 2297 ejusque

219 2316 518 2372 sacerdotii
546 2316 822 2388 dignitate
846 2317 1172 2388 fungimini.
1191 2319 1348 2372 Nunc
1375 2323 1568 2373 autem
1592 2336 1730 2390 rogo
1750 2337 1850 2375 vos

222 2415 281 2465 ut
307 2411 454 2466 circa
481 2411 674 2481 plebes
692 2410 850 2465 vobis
871 2412 1200 2466 commissas
1225 2412 1489 2467 laborare
1510 2412 1846 2485 dignemini,

218 2510 274 2559 et
297 2505 620 2558 fructuosos
646 2505 964 2574 manipulos
988 2505 1225 2559 Domino
1253 2510 1546 2576 reportare
1566 2506 1846 2561 nitamini.

218 2599 424 2652 Paulus
456 2597 610 2652 enim
650 2599 938 2670 apostolus
967 2599 1035 2654 de
1065 2599 1175 2654 ﬁde
1204 2600 1282 2653 ita
1307 2600 1580 2670 loquitur,
1610 2601 1802 2654 dicens
1832 2618 1845 2654 :

221 2715 248 2742 «
288 2693 453 2756 Quod
483 2694 616 2746 ante
650 2693 1006 2763 promiserat,
1035 2693 1132 2761 ait,
1169 2709 1275 2763 per
1305 2693 1614 2764 prophetas
1638 2711 1765 2749 suos
1789 2695 1849 2748 in

218 2785 526 2856 Scripturis
569 2786 778 2840 sanctis
817 2785 888 2840 de
927 2785 1064 2840 Filio
1102 2802 1202 2840 suo
1239 2786 1336 2857 qui
1372 2787 1550 2841 factus
1575 2793 1660 2843 est
1697 2787 1750 2842 ei
1781 2805 1851 2843 ex

219 2880 442 2934 semine
491 2879 699 2949 David,
759 2881 1074 2934 secundum
1126 2896 1354 2934 carnem
1407 2882 1571 2949 (Rom.
1615 2899 1651 2944 ι,
1699 2883 1770 2952 2).
1822 2904 1848 2930 ››

218 2977 357 3030 Item
388 2975 513 3045 ipse
542 2973 613 3028 ad
643 2973 863 3028 Galatas
891 2991 904 3028 :
939 2996 966 3023 «
996 2976 1303 3045 Postquam
1327 2978 1520 3029 autem
1550 2975 1704 3030 venit
1729 2976 1849 3046 ple-

217 3068 419 3123 nitudo
445 3068 741 3139 temporis,
766 3068 919 3122 misit
939 3069 1086 3122 Deus
1109 3069 1315 3139 Filium
1333 3085 1500 3123 suum
1520 3086 1584 3123 ex
1610 3070 1850 3124 muliere

217 3085 419 3123 mtuao
445 3085 741 3139 temporis,
766 3085 919 3122 misn
939 3085 1086 3122 ueus
1111 3085 1250 3122 rluu
1333 3085 1500 3123 suum
1520 3086 1584 3123 ex
1610 3085 1850 3124 mlmere

217 3165 429 3216 factum
469 3161 574 3215 sub
615 3163 740 3231 lege
783 3161 982 3229 (Galat.
1031 3178 1106 3228 1v,
1137 3161 1210 3232 4).
1252 3085 1386 3309 Ξῐβῐ
1423 3163 1492 3216 ad
1531 3162 1852 3233 Philippen-

218 3274 301 3309 ses
331 3274 344 3309 :
383 3277 411 3306 ‹‹
449 3257 511 3309 In
543 3254 973 3309 similitudinem
1010 3255 1246 3309 hominu
1350 3257 1529 3309 factus
1562 3261 1618 3309 et
1651 3256 1852 3309 habitu

218 3274 301 3312 ses
331 3274 344 3311 ε
383 3277 411 3306 ‹‹
449 3257 511 3310 In
543 3254 973 3310 similitudinem
1010 3254 1312 3310 hominum
1350 3257 1529 3311 factus
1562 3261 1618 3311 et
1651 3256 1852 3312 habitu

1952 2042 2166 2104 cntum,
2195 2054 2258 2093 ex
2295 2037 2446 2092 Isaiae
2472 2037 2766 2108 propheta:
2791 2033 3075 2089 volumine
3099 2031 3439 2104 proferimus
3470 2030 3574 2084 do-

1953 2135 2304 2186 cumentum.
2335 2152 2362 2180 «
2382 2133 2510 2185 Haec
2532 2131 2667 2185 dicit
2685 2129 2959 2184 Dominus
2982 2145 2995 2182 :
3018 2130 3081 2184 In
3101 2127 3193 2181 illa
3213 2126 3304 2182 die
3324 2124 3460 2179 sciet
3478 2140 3577 2194 po-

1949 2226 2116 2296 pulus
2139 2241 2322 2292 meus,
2348 2226 2625 2297 quoniam
2649 2241 2758 2295 ego
2778 2223 2898 2294 ipse
2920 2221 3018 2294 qui
3037 2220 3310 2292 loquebar
3326 2219 3386 2274 in
3402 2217 3577 2272 servis

1950 2319 2093 2373 meis
2121 2319 2434 2390 prophetis,
2465 2319 2851 2390 evangelizans
2876 2316 3136 2372 auditum
3159 2313 3330 2386 pacis,
3362 2316 3419 2367 et
3445 2328 3577 2366 ecce

1951 2413 2173 2467 adsum.
2201 2432 2229 2464 »
2263 2415 2403 2467 Item
2430 2413 2509 2466 ibi
2537 2429 2550 2467 :
2584 2434 2611 2462 «
2641 2414 2757 2483 Ego
2783 2428 2910 2466 sum
2939 2409 3209 2464 dominus
3238 2406 3336 2478 qui
3369 2407 3579 2476 loquor

1944 2507 2248 2577 justitiam,
2276 2511 2330 2560 et
2353 2505 2629 2560 annuntio
2651 2505 2972 2559 veritatem.
2999 2525 3026 2552 »
3056 2505 3195 2557 Item
3220 2500 3332 2555 ibi:
3360 2518 3387 2551 «
3415 2498 3578 2568 Cogi-

1951 2601 2081 2668 tavi,
2113 2604 2170 2654 et
2192 2600 2416 2654 locutus
2441 2616 2590 2668 sum,
2616 2601 2674 2652 et
2696 2597 2926 2664 adduxi,
2952 2599 3010 2650 et
3028 2595 3212 2650 creavi
3232 2599 3287 2648 et
3313 2593 3485 2648 feci.»
3510 2593 3578 2645 Et

1949 2695 2245 2765 Apostolus
2269 2710 2282 2748 :
2310 2712 2338 2745 «
2364 2696 2450 2747 An
2479 2691 2929 2764 experimentum
2961 2687 3212 2761 quaeritis
3240 2687 3363 2758 ejus
3390 2685 3487 2756 qui
3514 2685 3573 2738 in

1950 2804 2042 2842 me
2068 2787 2317 2859 loquitur
2342 2786 2596 2842 Christus
2621 2788 2692 2846 (Π
2719 2787 2838 2843 Cor.
2867 2800 2985 2852 xm,
3013 2783 3087 2844 3).
3115 2801 3144 2834 »
3178 2783 3246 2835 Et
3272 2781 3330 2834 in
3357 2779 3576 2850 psalmo

1951 2881 2260 2936 centesimo
2281 2880 2498 2935 decimo
2522 2883 2712 2934 octavo
2738 2895 2751 2932 :
2781 2899 2808 2928 «
2830 2877 3125 2948 Loquebar
3149 2875 3218 2930 de
3243 2871 3579 2929 testimoniis

1949 2975 2061 3029 tuis
2088 2975 2148 3029 in
2179 2979 2483 3046 conspectu
2513 2989 2738 3045 regum,
2767 2977 2824 3027 et
2848 2987 2966 3026 non
2993 2968 3385 3025 confundebar
3412 2966 3576 3036 (Psal.

1953 3085 2145 3136 cxvm,
2182 3068 2294 3140 46).
2333 3090 2362 3119 ››
2398 3070 2464 3122 Et
2493 3067 2613 3138 ipse
2643 3066 2913 3121 Dominus
2939 3065 2999 3118 in
3031 3062 3332 3134 Evangelio
3367 3076 3513 3114 caeco
3545 3075 3579 3113 a

1953 3183 2010 3220 se
2039 3167 2365 3221 illuminato
2387 3166 2525 3221 dicit
2545 3185 2562 3220 :
2589 3185 2615 3217 «
2638 3167 2703 3220 Et
2723 3164 2909 3220 vidisti
2935 3179 3068 3218 eum
3096 3167 3150 3216 et
3172 3161 3304 3232 quia
3325 3157 3578 3230 loquitur

1949 3263 2137 3315 tecum
2166 3260 2282 3330 ipse
2315 3263 2399 3314 est
2433 3260 2608 3330 (Joan.
2641 3276 2718 3328 Ix,
2751 3262 2857 3326 36).
2890 3279 2919 3307 »
2951 3259 3018 3312 Et
3045 3254 3418 3312 Samaritana:
3446 3268 3574 3305 mu-

216 3351 482 3406 invcntus
520 3355 585 3404 ut
628 3350 804 3404 homo
850 3349 1109 3419 (Philipp.
1144 3367 1201 3417 n,
1243 3354 1315 3417 7).
1355 3368 1383 3400 ››
1427 3352 1494 3405 Et
1536 3350 1593 3404 in
1633 3324 1926 3421 psalmoC
1953 3354 2078 3408 Iieri
2104 3324 2218 3409 ait-z
2243 3356 2407 3424 «Ego
2430 3324 2555 3407 sum
2581 3353 2679 3424 qui
2702 3324 2904 3425 loquor
2920 3357 3109 3407 tecum
3129 3350 3302 3421 (Joan.
3327 3364 3399 3416 1v,
3418 3346 3525 3415 26).
3548 3367 3573 3392 ››

217 3444 504 3500 tricesimo
560 3461 573 3497 :
633 3463 660 3492 «
722 3443 1007 3498 Inﬁrmata
1056 3447 1140 3498 est
1191 3443 1250 3497 in
1299 3448 1629 3515 paupertate
1677 3445 1852 3499 virtus

217 3555 366 3604 mea,
392 3542 450 3591 et
476 3553 600 3592 ossa
628 3552 755 3590 mea
775 3537 1116 3591 conturbata
1135 3538 1287 3605 sunt,
1316 3539 1371 3591 et
1391 3553 1563 3607 super
1583 3537 1850 3592 inimicos

218 3649 379 3686 meos
401 3632 583 3685 factus
611 3646 738 3684 sum
763 3630 1132 3702 opprobrium
1163 3630 1327 3698 (Psal.
1356 3647 1489 3697 xxx,
1526 3631 1629 3694 11).
1655 3652 1682 3680 ››
1709 3632 1848 3686 Item

217 3726 292 3780 ibi
349 3743 362 3780 :
415 3744 443 3776 «
489 3723 769 3779 Oblivioni
814 3725 975 3778 datus
1032 3740 1158 3777 sum
1205 3727 1484 3794 tanquam
1527 3729 1783 3779 mortuus
1819 3742 1852 3779 a

218 3820 405 3875 corde.
455 3819 658 3872 Factus
709 3834 834 3871 sum
884 3819 1154 3888 tanquam
1207 3834 1302 3871 vas
1348 3817 1638 3888 perditum
1694 3819 1847 3878 (Ibid.

222 3914 324 3970 t3).
367 3935 396 3963 ››
430 3914 499 3966 Et
536 3913 593 3966 in
636 3910 1052 3982 septuagesimo
1085 3928 1098 3965 :
1131 3930 1157 3962 «
1196 3912 1484 3982 Tanquam
1524 3912 1850 3984 prodigium

217 4008 398 4061 factus
445 4022 574 4060 sum
610 4005 823 4072 multis,
869 4009 926 4058 et
963 4007 1024 4058 tu
1063 4004 1291 4075 adjutor
1327 4005 1490 4058 fortis
1522 4006 1682 4082 (Psal.
1728 4023 1846 4075 Lxx,

218 4107 288 4164 7).
330 4122 355 4149 η
387 4101 456 4153 Et
492 4099 551 4152 in
581 4098 996 4169 septuagesimo
1031 4098 1282 4152 secundo
1315 4115 1328 4152 :
1362 4119 1389 4148 ‹‹
1435 4101 1501 4154 Ut
1521 4099 1850 4168 jumentum

218 4194 398 4249 factus
448 4209 575 4247 sum
621 4191 775 4263 apud
821 4193 897 4260 te,
943 4195 999 4246 et
1039 4207 1145 4262 ego
1189 4207 1414 4263 semper
1458 4197 1645 4247 tecum
1684 4195 1846 4250 (Psal.

217 4305 396 4356 Lxxu,
453 4287 563 4344 22).
625 4308 650 4333 ››
703 4288 770 4341 Et
817 4285 874 4339 in
922 4285 1268 4356 octogesimo
1321 4291 1478 4339 sexto
1532 4303 1544 4340 :
1604 4307 1631 4338 «
1680 4289 1852 4341 Mater

216 4382 354 4436 Sion
381 4381 532 4436 dicct
564 4398 576 4434 :
608 4381 805 4446 Homo,
839 4383 896 4434 et
927 4380 1104 4434 homo
1136 4382 1305 4433 natus
1334 4383 1418 4433 est
1443 4379 1500 4434 in
1528 4397 1611 4451 ea,
1644 4384 1700 4434 et
1731 4381 1847 4451 ipse

215 4474 477 4530 fundavit
513 4490 641 4528 eam
678 4473 996 4528 Altissimus
1039 4474 1204 4537 (Psal.
1249 4489 1463 4541 LXXXVI,
1503 4476 1573 4531 Si).
1618 4495 1645 4523 ››
1687 4476 1753 4529 Et
1792 4475 1850 4528 in

213 4568 638 4640 septuagesimo
678 4567 920 4638 septimo
953 4583 966 4621 :
1008 4587 1035 4618 «
1079 4567 1282 4621 Factus
1327 4583 1452 4620 sum
1496 4568 1639 4622 sicut
1680 4569 1851 4622 homo

215 4663 334 4718 sine
361 4661 647 4733 adjutorio
675 4660 826 4715 inter
854 4663 1108 4714 mortuos
1135 4659 1280 4714 liber
1306 4660 1469 4722 (Psal.
1502 4678 1702 4728 Lxxvu,
1732 4662 1802 4722 5).
1821 4682 1847 4713 ››
1869 4693 1928 4764 D

216 4759 279 4812 Et
305 4757 366 4811 in
395 4755 710 4811 centesimo
739 4758 932 4810 octavo
962 4770 974 4808 :
1005 4776 1032 4804 «
1060 4755 1126 4807 Et
1151 4754 1330 4808 factus
1352 4771 1478 4808 sum
1506 4755 1613 4809 illis
1643 4772 1850 4826 Oppre-

214 4850 423 4917 brium,
461 4849 732 4904 viderunt
762 4865 876 4914 me,
909 4853 964 4903 et
1000 4850 1307 4902 moverunt
1343 4848 1526 4919 capita
1562 4866 1662 4902 sua
1688 4851 1848 4911 (Psal.

219 4961 368 5012 cvm,
421 4942 530 5014 15).
566 4964 591 4994 η
638 4944 703 4997 Et
743 4942 800 4996 in
844 4941 1159 4996 centesimo
1200 4942 1425 5012 primo:
1464 4963 1491 4988 «
1529 4941 1765 5012 Vigilavi
1801 4946 1856 4997 et

214 5038 392 5092 factus
441 5053 569 5090 sum
624 5036 768 5091 sicut
815 5051 1005 5106 passer
1049 5035 1328 5089 solitarius
1381 5035 1438 5088 in
1492 5038 1640 5089 tecto
1687 5037 1851 5097 (Psal.

217 5148 284 5197 ει,
316 5136 390 5202 5).
415 5151 444 5183 ››
473 5133 543 5185 Et
567 5130 626 5184 in
654 5129 989 5199 Evangelio:
1024 5148 1051 5179 «
1075 5129 1321 5184 Verbum
1351 5145 1479 5183 caro
1506 5128 1719 5182 factum
1748 5133 1850 5196 est,

218 5229 270 5278 ct
313 5225 591 5280 habitavit
633 5223 694 5278 in
740 5222 903 5277 nobis
945 5225 1118 5287 (Joan.
1161 5239 1198 5291 1,
1249 5223 1349 5290 14).
1393 5243 1420 5272 ››
1469 5222 1638 5276 Filius
1679 5223 1855 5294 igitur

218 5319 525 5373 secundum
555 5333 785 5372 carnem
815 5315 1022 5370 dicitur
1042 5315 1243 5370 factus.
1267 5317 1408 5370 Nam
1437 5316 1749 5370 secundum
1775 5317 1854 5371 di-

217 5412 508 5468 vinitatem
534 5429 570 5466 a
598 5413 763 5466 Patre
792 5426 1080 5482 nusquam
1107 5410 1312 5464 dicitur
1341 5410 1538 5477 factus,
1569 5410 1665 5465 sed
1694 5410 1849 5482 geni-

217 5510 320 5575 tus;
346 5506 484 5561 dum
506 5505 663 5562 enim
681 5506 846 5560 Pater
865 5504 1136 5575 loquitur,
1162 5502 1334 5558 Filius
1350 5504 1622 5575 loquitur,
1646 5507 1701 5558 et
1720 5521 1852 5558 cum

215 5599 381 5654 Filius
391 5600 878 5672 loquiturPatrem
891 5599 950 5652 in
963 5597 1058 5652 illo
1073 5614 1192 5652 esse
1206 5597 1535 5669 loquentem
1551 5598 1854 5652 documen-

214 5692 280 5746 tis
306 5694 630 5749 cmlestibus
657 5691 1082 5763 comprobatur,
1105 5692 1280 5746 Paulo
1306 5692 1557 5762 apostolo
1581 5693 1851 5745 attestan-

215 5789 285 5853 te,
334 5789 432 5860 qui
475 5788 555 5842 ait
591 5804 604 5841 :
640 5785 827 5841 Multis
856 5785 1113 5857 partibus
1153 5784 1466 5856 multisque
1506 5784 1688 5839 modis
1718 5785 1854 5840 olim

218 5878 333 5953 27
379 5884 524 5939 Deus
550 5883 775 5937 locutus
816 5885 899 5935 est
929 5879 1188 5935 Patribus
1223 5879 1285 5933 in
1319 5879 1630 5950 prophetis,
1665 5880 1850 5934 novis-

216 5974 351 6032 sime
373 5981 568 6033 autem
596 5977 818 6031 locutus
845 5979 929 6030 est
951 5973 1114 6029 nobis
1137 5973 1194 6028 in
1224 5972 1382 6028 Filio.
1412 5974 1477 6027 Et
1504 5977 1566 6027 ut
1585 5974 1852 6028 eumdem

1951 3451 2017 3504 Et
2055 3448 2126 3503 ad
2167 3448 2468 3518 discipulos
2501 3465 2512 3500 :
2551 3466 2577 3498 ‹‹
2609 3447 2790 3501 Verba
2823 3463 2951 3518 qua:
2990 3446 3210 3499 locutus
3246 3458 3371 3496 sum
3402 3440 3574 3506 vobis,

1951 3542 2184 3612 spiritus
2220 3544 2276 3594 et
2300 3539 2412 3593 vita
2439 3543 2571 3594 sunt
2595 3541 2769 3598 (Joan.
2801 3556 2871 3607 γι,
2906 3538 3013 3597 64).
3053 3558 3078 3586 ››
3112 3538 3177 3590 Et
3202 3535 3272 3588 ad
3301 3536 3525 3587 Patrem
3560 3549 3572 3584 :

1949 3636 2066 3704 Ego
2099 3635 2169 3687 ad
2205 3637 2257 3687 te
2284 3633 2467 3700 venio,
2490 3637 2545 3687 et
2571 3633 2691 3686 haec
2710 3632 2916 3702 loquor
2941 3630 3000 3684 in
3025 3628 3256 3682 mundo.
3281 3628 3348 3679 Et
3369 3625 3573 3678 iterum

1948 3727 2158 3782 Iudaeis
2185 3726 2324 3781 dixit
2351 3744 2364 3780 :
2390 3727 2614 3797 Loquor
2638 3725 2811 3791 vobis,
2836 3728 2892 3779 et
2916 3740 3034 3778 non
3056 3720 3280 3776 auditis.
3306 3719 3364 3774 Si
3384 3723 3572 3772 autem

1948 3821 2166 3876 venerit
2193 3820 2354 3886 alius,
2389 3820 2549 3874 illum
2589 3817 2848 3873 audietis.
2883 3819 2950 3872 Et
2984 3817 3234 3870 iterum:
3265 3815 3392 3867 Πειξο
3417 3813 3571 3866 locu-

1950 3919 2042 3970 tus
2077 3919 2161 3969 est
2186 3914 2459 3968 Dominus
2484 3914 2542 3967 in
2575 3910 2972 3984 gazophylacio
3004 3910 3210 3964 docens
3242 3908 3302 3962 in
3338 3906 3573 3977 templo.

1950 4011 2017 4063 Et
2059 4025 2229 4063 nemo
2267 4007 2644 4079 apprehendit
2681 4023 2832 4076 eum,
2882 4005 3016 4076 quia
3055 4003 3310 4058 nondum
3346 4002 3579 4055 venerat

1949 4103 2089 4157 hora
2115 4101 2255 4172 ejus.
2286 4103 2425 4156 Ecce
2451 4101 2512 4155 in
2543 4101 2630 4154 his
2671 4098 2954 4165 omnibus,
2985 4115 3113 4170 quae
3143 4096 3402 4168 superius
3428 4095 3576 4149 dicta

1950 4200 2098 4264 sunt,
2138 4212 2255 4250 non
2294 4196 2524 4250 docetur
2553 4194 2722 4248 Filius
2759 4195 3043 4264 praecepto
3082 4191 3259 4246 Patris
3298 4189 3466 4245 fuisse
3501 4189 3579 4242 lo-

1949 4292 2130 4356 cutus,
2161 4289 2254 4344 sed
2294 4287 2479 4359 magis
2518 4287 2812 4359 proprium
2848 4286 3164 4341 exercuisse
3201 4285 3260 4338 in
3290 4283 3576 4355 loquendo

1951 4399 2293 4437 sermonem.
2335 4382 2502 4436 Isaias
2545 4397 2774 4453 quoque
2811 4380 3092 4451 propheta
3133 4379 3210 4433 ait
3239 4396 3251 4432 :
3282 4379 3408 4432 Haec
3447 4376 3580 4431 dicit

1949 4476 2220 4530 Dominus
2249 4492 2261 4530 :
2291 4477 2409 4546 Ego
2444 4475 2552 4529 feci
2579 4481 2786 4529 terram
2820 4490 2986 4529 sensu
3018 4490 3167 4542 meo,
3203 4476 3259 4528 et
3286 4473 3576 4526 hominem

1951 4586 2122 4640 super
2167 4586 2321 4637 eam,
2369 4585 2474 4640 ego
2519 4568 2752 4622 solidavi
2800 4569 3004 4622 coelum
3047 4583 3226 4620 manu
3270 4582 3427 4630 mea,
3472 4579 3578 4633 ego

1951 4663 2213 4717 omnibus
2256 4661 2532 4716 sideribus
2576 4662 2841 4716 mandavi
2895 4665 2957 4714 ut
3007 4661 3262 4715 lucerent
3304 4659 3361 4711 in
3411 4657 3573 4711 coelo.

1954 4759 2094 4812 Item
2117 4755 2223 4810 ibi:
2248 4756 2363 4826 Ego
2382 4771 2551 4809 omne
2571 4754 2871 4808 consilium
2893 4770 3084 4807 meum
3103 4752 3289 4818 statui,
3307 4753 3363 4805 et
3385 4749 3578 4804 omnia

1955 4866 2313 4921 quaecunque
2355 4848 2598 4919 cogitavi
2645 4865 2752 4919 ego
2796 4847 2923 4901 feci.
2970 4849 3109 4901 Item
3147 4845 3270 4899 ibi:
3315 4844 3402 4900 Sic
3447 4843 3582 4898 dicit

1952 4944 2246 5012 Dominus,
2289 4943 2386 5015 qui
2423 4942 2714 4997 constituit
2752 4942 2953 4996 ccelum
2991 4944 3047 4995 et
3082 4945 3316 5006 terram,
3351 4941 3407 4994 et
3448 4937 3582 4993 fecit

1953 5055 2082 5093 eam
2115 5042 2171 5093 et
2199 5037 2456 5092 fundavit
2483 5054 2627 5091 eam.
2658 5039 2798 5092 Item
2826 5035 2901 5089 ibi
2932 5052 2944 5089 ε
2977 5036 3096 5106 Ego
3123 5034 3362 5106 primus,
3392 5038 3448 5088 et
3472 5049 3579 5104 ego

1951 5132 2010 5185 in
2049 5137 2347 5201 aeternum,
2378 5149 2580 5186 manus
2619 5147 2747 5184 mea
2781 5129 3040 5184 fundavit
3075 5131 3307 5183 terram.
3349 5128 3582 5182 Dextera

1951 5242 2083 5280 mea
2109 5226 2368 5279 solidavit
2388 5227 2610 5280 coelum.
2632 5227 2699 5280 Et
2725 5224 2781 5278 in
2802 5223 3044 5279 Ieremia
3071 5240 3082 5277 :
3107 5225 3225 5294 Ego
3247 5222 3352 5277 feci
3371 5227 3580 5277 terram

1952 5319 2013 5373 in
2051 5320 2386 5374 fortitudine
2428 5337 2554 5374 mea
2597 5337 2826 5390 magna,
2872 5322 2929 5372 et
2976 5318 3034 5372 in
3074 5317 3303 5371 brachio
3335 5333 3462 5371 meo
3494 5333 3584 5369 cx-

1953 5411 2290 5468 celsoJItem
2318 5413 2397 5467 ibi
2426 5431 2439 5468 :
2472 5413 2744 5467 Dominus
2771 5412 2903 5467 fecit
2927 5419 3139 5467 terram
3165 5411 3225 5465 in
3248 5411 3455 5466 virtute
3484 5427 3584 5464 sua

1952 5505 2179 5577 magni,
2213 5511 2270 5560 et
2302 5507 2481 5560 erexit
2513 5506 2707 5560 orbem
2743 5510 2912 5560 terras
2936 5506 2996 5560 in
3036 5505 3331 5576 sapientia,
3362 5509 3418 5558 et
3454 5521 3583 5574 pru-

1952 5599 2144 5654 dentia
2170 5616 2269 5653 sua
2299 5600 2547 5654 extendit
2572 5601 2777 5654 cozlum
2804 5603 2862 5654 et
2888 5600 3076 5671 posuit
3103 5615 3307 5654 sonum
3332 5614 3492 5668 aqua:
3521 5597 3578 5649 in

1953 5694 2115 5747 coelo.
2164 5693 2474 5758 Defendite,
2518 5693 2851 5763 charissimi,
2892 5710 2997 5763 ego
3035 5710 3176 5765 rogo
3219 5710 3334 5758 vos,
3383 5694 3580 5743 contra

1952 5785 2246 5840 malivolos
2287 5786 2550 5842 homines
2599 5787 2999 5842 inconcussum
3045 5787 3305 5841 Ecclesia!
3344 5786 3574 5853 statum,

1951 5882 2016 5934 ut
2042 5897 2140 5934 vos
2168 5880 2372 5935 Christi
2408 5882 2644 5936 dextera
2669 5881 2937 5937 defendat
2964 5881 3022 5934 in
3057 5896 3260 5934 aevum.
3290 5879 3428 5932 Data
3461 5879 3561 5932 No-

1956 5992 2053 6028 nas
2078 5974 2221 6041 Maii,
2255 5977 2480 6031 Rustico
2509 5981 2562 6030 et
2588 5975 2850 6046 Aquilino
2877 5976 2941 6029 IV
2968 5972 3305 6027 consulibus.
