4068 6310
502 376 600 434 119

1538 525 1998 598 EPISTOLA

1384 379 1665 436 APPEND.
1707 375 1792 431 AD
1829 375 1992 429 SIEC.
2038 373 2119 427 IX.
2154 401 2221 412 -
2263 370 2509 426 lSIDOBl
2548 368 2972 426 MERCATORIS

2075 523 2534 595 SOTHERIS
2604 522 2909 593 ΡΑΡίΕ.

3758 362 3864 422 120

571 673 960 730 Dilectissimis
997 675 1263 731 fratribus
1300 691 1403 745 per
1444 673 1615 729 Italiae.
1652 671 1972 745 provincias
2005 687 2128 726 san-
2146 679 2206 753 Α
2227 673 2312 724 est
2329 667 2618 739 vigilantia
2639 666 2786 722 tanti
2811 664 3149 720 sacramenti
3167 663 3460 736 sapientiae
3482 661 3861 729 discretionis,

501 768 604 823 etis
630 769 946 825 constitutis
974 769 1266 840 episcopis,
1297 768 1505 823 Soram
1530 783 1698 839 papa.

573 862 784 917 Divinis
824 863 1125 934 praeceptis
1151 866 1205 918 et
1235 862 1558 934 apostolicis
1588 860 1818 916 monitis
1852 859 2127 915 informa-

501 971 656 1024 mur,
683 959 749 1010 ut
777 972 880 1026 pro
910 956 1169 1010 omnium
1197 955 1570 1011 Ecclesiarum
1601 958 1747 1009 statu
1777 953 2024 1024 impigro
2052 952 2130 1006 vi-

505 1048 749 1119 gilemus
780 1048 1002 1116 affectu,
1046 1053 1105 1103 at
1141 1049 1188 1103 si
1231 1049 1368 1121 quid
1412 1065 1655 1120 usquam
1696 1044 2131 1118 reprehensioni

501 1141 790 1195 invenitur
818 1141 1150 1210 obnoxium,
1171 1141 1344 1196 celeri
1370 1141 1749 1196 sollicitudine
1774 1141 1842 1195 ab
1868 1141 2130 1211 ignoran-

499 1233 594 1287 tiae
623 1232 910 1305 imperitia
935 1237 991 1289 et
1016 1235 1480 1306 praesumptionis
1507 1234 1872 1306 usurpatione
1899 1249 2126 1288 revoce-

498 1342 647 1382 mus.
695 1327 956 1382 Sacratas
1002 1328 1122 1383 Deo
1167 1327 1408 1383 feminas
1451 1329 1540 1384 vel
1584 1327 1925 1397 monachas,
1971 1342 2130 1382 sacra

498 1436 631 1474 vasa
654 1420 746 1475 vel
778 1422 1022 1475 sacratas
1047 1421 1224 1491 pallas
1258 1437 1429 1491 penes
1458 1437 1555 1475 vos
1592 1421 1921 1492 contingere
1953 1422 2009 1474 et
2038 1419 2126 1474 in-

500 1529 737 1568 censum
755 1513 903 1568 circa
924 1513 1129 1569 altaria
1154 1514 1377 1570 deferre
1400 1515 1686 1586 perlatum
1713 1517 1799 1569 est
1825 1514 1895 1569 ad
1915 1517 2132 1584 aposto-

501 1607 674 1661 licam
711 1606 926 1675 sedem,
959 1624 1087 1679 quaa
1127 1609 1319 1662 omnia
1350 1608 1798 1679 reprehensione
1827 1610 1884 1663 et
1910 1607 2127 1677 vitupe-

502 1699 721 1754 ratione
754 1699 925 1771 plena
960 1717 1101 1770 esse,
1143 1701 1288 1755 nulli
1324 1704 1475 1756 recte
1513 1701 1855 1773 sapientium
1894 1700 2131 1755 dubium

502 1796 605 1848 est.
637 1792 993 1865 Quapropter
1020 1794 1117 1865 huj
1129 1811 1192 1848 us
1218 1797 1427 1849 sanctae
1458 1794 1604 1849 sedis
1632 1794 1981 1862 auctoritate,
2012 1795 2132 1848 haec

503 1884 694 1940 omnia
732 1885 891 1941 vobis
925 1903 1177 1943 resecare
1215 1887 1492 1956 funditus,
1528 1890 1738 1958 quanto
1778 1887 1943 1942 citius
1969 1891 2130 1958 pote-

504 1979 645 2047 ritis,
663 1995 978 2048 censemus,
1001 1985 1057 2036 et
1079 1997 1153 2035 ne
1172 1981 1343 2052 pestis
1359 1981 1480 2036 haec
1499 1981 1666 2036 latius
1691 1980 2014 2052 divulgetur
2032 1996 2135 2052 per

2227 779 2357 835 quae.
2393 762 2610 817 occulta
2648 759 3018 816 tenebrarum
3045 759 3279 828 revelat,
3317 758 3386 812 ad
3425 756 3862 828 requisitionem

2227 854 2559 927 hujusmodi
2587 854 2670 910 rei
2696 857 2754 910 et
2783 852 3214 922 scrutationem,
3245 851 3518 923 quoniam
3541 850 3680 905 latet
3713 866 3862 922 quo—

2230 949 2544 1004 dammodo
2585 952 2641 1004 et
2679 946 3066 1015 absconditur,
3109 945 3319 1017 vixque
3356 944 3866 1016 comprehenditur

2231 1043 2425 1097 dolosa
2463 1043 2709 1097 existens
2746 1039 2963 1096 malitia
2998 1056 3104 1111 pro
3143 1056 3213 1094 eo
3254 1038 3405 1110 quod
3441 1037 3545 1093 sibi
3587 1037 3866 1109 pietatem

2229 1135 2430 1191 callide
2475 1135 2819 1202 blandiatur,
2866 1137 2931 1188 ut
2971 1134 3151 1188 valeat
3188 1131 3559 1187 scrutantium
3600 1133 3865 1186 mentem

2227 1231 2429 1285 latere.
2481 1228 2644 1294 Quod
2679 1228 2879 1299 utique
2923 1227 3103 1282 sciens
3139 1226 3338 1281 beatus
3375 1225 3693 1297 Apostolus,
3734 1225 3814 1278 ait
3845 1241 3859 1278 :

2232 1342 2261 1376 «
2300 1325 2441 1378 Nam
2482 1321 2809 1394 hujusmodi
2834 1319 3308 1393 pseudoapostoli,
3339 1317 3585 1390 operarii
3614 1317 3862 1385 subdoli,

2228 1417 2643 1488 transfigurant
2692 1432 2751 1470 se
2797 1415 2857 1469 in
2905 1415 3185 1486 apostolos
3237 1413 3448 1470 Christi
3496 1415 3571 1474 (II
3607 1414 3725 1471 Cor.
3779 1429 3862 1481 x1,

2234 1512 2337 1570 13).
2367 1532 2395 1561 ››
2425 1510 2538 1566 Sed
2564 1527 2682 1564 non
2711 1509 2923 1563 mirum
2963 1508 3194 1580 quando
3220 1506 3343 1579 ipse
3375 1507 3611 1563 Satanas
3635 1505 3866 1560 transﬁ-

2233 1609 2399 1676 gurat
2425 1620 2480 1659 se
2506 1603 2565 1658 in
2595 1603 2870 1673 angelum
2894 1602 3056 1668 lucis,
3079 1603 3122 1656 si
3149 1600 3394 1655 ministri
3415 1601 3538 1671 ejus
3560 1599 3868 1670 transﬁgu-

2229 1703 2431 1753 rantur
2445 1697 2600 1752 velut
2618 1695 2864 1751 ministri
2868 1695 3124 1767 justitiae,
3139 1710 3384 1767 quorum
3403 1693 3532 1748 ﬁnis
3550 1694 3867 1749 secundum

2231 1808 2404 1863 opera
2441 1807 2663 1846 eorum.
2702 1790 2808 1845 Sed
2849 1793 2908 1844 et
2946 1789 3217 1844 Dominus
3241 1789 3300 1843 in
3331 1789 3441 1844 hoc
3474 1787 3867 1859 praemuniens

2231 1903 2356 1953 nos,
2387 1885 2467 1940 ait
2505 1903 2518 1939 ε
2555 1906 2583 1935 ‹‹
2611 1883 2900 1938 Attendite
2925 1899 2958 1937 a
2986 1882 3141 1937 falsis
3178 1881 3471 1954 prophetis
3501 1881 3599 1953 qui
3628 1882 3870 1936 veniunt

2233 1981 2305 2034 ad
2331 1997 2429 2034 vos
2454 1979 2514 2033 in
2543 1976 2892 2032 vestimentis
2915 1976 3126 2046 ovium,
3150 1975 3490 2030 intrinsecus
3511 1977 3705 2030 autem
3732 1978 3869 2030 sunt

506 2089 703 2128 omnes
727 2073 1062 2145 provincias,
1096 2075 1343 2146 abstergi
1371 2075 1638 2130 citissime
1667 2075 2025 2142 mandamus,
2054 2049 2350 2144 aitBlupi
2398 2088 2661 2143 rapaces;
2714 2088 2748 2125 a
2793 2071 3068 2125 fructibus
3112 2086 3318 2124 eorum
3369 2068 3726 2141 cognoscetis
3771 2086 3870 2124 eos

507 2166 660 2221 enim
694 2168 996 2238 Apostolus
1023 2185 1036 2222 :
1069 2189 1097 2217 «
1128 2169 1412 2240 Despondi
1441 2169 1594 2223 enim
1625 2185 1721 2223 vos
1750 2168 1850 2222 uni
1881 2169 1998 2222 viro
2028 2167 2134 2222 vir-

505 2259 700 2330 ginem
744 2264 955 2316 castam
999 2262 1268 2317 exhibere
1315 2262 1540 2317 Christo
1584 2263 1661 2324 (II
1707 2264 1826 2320 Cor.
1866 2278 1943 2331 XI,
1983 2264 2056 2324 2).
2101 2281 2130 2313 »

503 2352 601 2407 Illa
628 2357 714 2408 est
745 2354 898 2408 enim
927 2354 1088 2426 virgo
1117 2355 1378 2424 Ecclesia,
1412 2372 1617 2426 sponsa
1645 2355 1813 2409 unius
1844 2354 1948 2409 viri
1979 2354 2134 2409 Chri-

503 2445 593 2514 sti,
622 2462 750 2517 quaa
779 2449 934 2502 nullo
959 2465 1017 2503 se
1044 2449 1259 2519 patitur
1283 2465 1472 2504 errore
1505 2449 1592 2503 vel
1619 2448 1916 2504 inhonesta
1946 2463 2136 2519 repre-

503 2539 777 2595 hensione
802 2540 1006 2607 vitiari,
1029 2545 1091 2594 ut
1117 2559 1219 2612 per
1238 2547 1422 2596 totum
1443 2542 1726 2596 mundum
1745 2558 1860 2595 una
1883 2542 1954 2596 sit
1972 2541 2134 2596 nobis

503 2631 672 2686 unius
707 2638 872 2687 castae
913 2635 1332 2689 communionis
1368 2633 1682 2705 integritas.
1725 2635 1882 2689 Unde
1911 2651 2136 2688 consur-

508 2724 644 2796 gite,
674 2725 1011 2797 charissimi,
1033 2744 1165 2781 cum
1194 2727 1449 2796 Domino,
1473 2733 1529 2782 et
1548 2727 1790 2781 assistite
1819 2728 1872 2781 ei
1897 2727 2136 2781 induen-

506 2824 589 2874 tes
615 2835 774 2873 arma
793 2819 1021 2890 spiritus
1049 2821 1315 2875 adversus
1342 2821 1719 2892 malignantes
1744 2823 1936 2875 contra
1961 2820 2134 2874 fidem

507 2913 650 2984 ejus,
689 2915 747 2967 et
786 2913 1060 2983 probetur
1094 2913 1321 2985 spiritus
1365 2914 1678 2985 sapientiae,
1718 2913 1777 2968 id
1817 2918 1922 2980 est,
1965 2913 2136 2968 verba

503 3006 735 3060 illorum
766 3006 813 3060 si
837 3023 905 3061 ex
930 3008 1044 3061 Deo
1073 3011 1224 3062 sunt.
1259 3007 1544 3078 Scriptum
1589 3011 1675 3062 est
1711 3008 1868 3062 enim
1899 3007 1959 3061 in
1987 3008 2137 3061 Jere-

506 3098 620 3152 mia
651 3116 664 3153 :
697 3119 724 3150 «
758 3099 1120 3155 Probatorem
1158 3101 1288 3156 dedi
1327 3105 1382 3155 te
1412 3101 1468 3155 in
1502 3101 1782 3172 populum
1819 3117 2013 3156 meum
2049 3117 2140 3156 r0-

506 3192 756 3260 bustum,
790 3196 848 3247 et
871 3193 1030 3262 scies,
1060 3196 1116 3248 et
1141 3195 1328 3261 facies,
1360 3199 1416 3249 et
1441 3194 1706 3265 probabis
1734 3194 1880 3248 viam
1905 3193 2138 3248 illorum

508 3287 715 3341 (Jerem.
748 3303 824 3357 vr,
865 3287 971 3347 27).
1009 3309 1038 3337 »
1068 3288 1302 3343 Multum
1341 3281 1591 3359 namque
1631 3287 1796 3342 nobis
1824 3287 2138 3342 necessaria

2232 2167 2445 2229 (Matth.
2473 2182 2569 2234 vn,
2602 2168 2685 2233 15,
2722 2164 2829 2234 16).
2855 2186 2882 2214 ››
2914 2166 3061 2234 Ergo
3081 2163 3140 2218 in
3166 2163 3411 2234 idipsum
3447 2179 3515 2217 ex
3547 2165 3664 2217 toto
3694 2163 3868 2217 corde

2232 2263 2420 2314 vestro
2451 2258 2782 2322 referentes,
2812 2261 2942 2312 ante
2973 2256 3186 2326 omnia,
3217 2272 3388 2328 super
3412 2256 3513 2310 tali
3551 2256 3872 2328 quaestione

2236 2352 2716 2424 deprecationem,
2756 2354 2813 2406 et
2855 2350 3107 2406 dicentes
3153 2367 3282 2404 cum
3320 2349 3486 2404 David
3529 2367 3543 2404 :
3587 2370 3614 2398 ‹‹
3659 2351 3872 2404 Revela

2235 2448 2423 2501 oculos
2459 2463 2635 2514 meos,
2667 2448 2724 2500 et
2748 2444 3124 2500 considerabo
3159 2444 3438 2498 mirabilia
3469 2444 3537 2498 de
3571 2444 3700 2514 lege
3730 2449 3828 2499 tua
3855 2463 3869 2510 ;

2234 2542 2464 2595 lucerna
2497 2539 2738 2611 pedibus
2775 2539 2918 2594 meis
2953 2539 3194 2592 verbum
3238 2542 3421 2603 tuum,
3455 2539 3511 2591 et
3547 2537 3741 2593 lumen
3780 2556 3870 2592 se-

2234 2633 2389 2688 mitis
2427 2633 2567 2688 meis
2593 2632 2760 2694 (Psal.
2793 2648 2974 2698 cxvm,
3009 2634 3092 2697 18,
3132 2630 3272 2702 105).
3303 2653 3329 2680 ››
3370 2631 3668 2697 Quoniam,
3698 2634 3765 2684 ut
3793 2631 3877 2686 ait

2234 2728 2432 2781 beatus
2461 2725 2656 2780 Daniel
2684 2726 2982 2796 propheta,
3011 2747 3038 2773 «
3067 2724 3346 2796 sapientia
3371 2728 3428 2778 et
3449 2723 3723 2779 fortitudo
3749 2725 3876 2794 ejus

2238 2823 2370 2874 sunt
2407 2820 2569 2890 (Dan.
2604 2835 2662 2885 Π,
2706 2821 2816 2888 20),
2847 2840 2874 2868 »
2911 2818 3011 2872 dat
3042 2818 3382 2890 sapientiam
3417 2817 3785 2888 sapientibus,
3817 2822 3878 2873 et

2237 2913 2528 2968 scientiam
2554 2912 3002 2984 intelligentibus
3031 2916 3087 2966 et
3124 2910 3482 2982 disciplinam
3509 2928 3522 2978 ;
3556 2911 3676 2982 ipse
3705 2929 3870 2967 reve-

2235 3008 2315 3060 lat
2342 3006 2625 3078 profunda
2647 3010 2703 3062 et
2731 3005 3076 3074 abscondita,
3105 3008 3163 3060 et
3188 3005 3347 3059 novit
3372 3005 3431 3059 in
3459 3005 3706 3060 tenebris
3731 3021 3872 3060 con-

2237 3100 2448 3169 stituta,
2478 3103 2534 3154 et
2561 3101 2653 3153 lux
2681 3116 2812 3154 cum
2845 3117 2912 3154 eo
2945 3101 3049 3153 est.
3081 3097 3223 3166 Quia
3248 3098 3585 3170 sapientiam
3612 3103 3669 3152 et
3705 3099 3872 3154 forti-

2235 3194 2494 3248 tudinem
2507 3193 2709 3247 dedisti
2721 3193 2860 3247 mihi
2880 3195 2936 3246 et
2959 3191 3249 3247 ostendisti
3269 3191 3411 3246 mihi
3430 3209 3557 3263 quae.
3574 3192 3765 3263 rogavi
3789 3198 3870 3248 te.

2238 3288 2377 3341 Data
2403 3304 2437 3341 x
2466 3286 2706 3341 Kalend.
2734 3286 2905 3356 Junii,
2941 3286 3124 3341 Cetico
3156 3289 3214 3340 et
3241 3287 3402 3341 Clero
3429 3287 3497 3341 ιν
3521 3286 3868 3342 consulibus.

980 3613 1557 3707 INCIPIUNT
1644 3612 2169 3705 DECRETA
2259 3610 2939 3705 ELEUTHERII
3030 3609 3396 3702 PAP/E.

1420 3773 1602 3832 (Anno
1628 3771 1853 3827 Domini
1883 3775 2003 3840 177,
2034 3774 2290 3843 tempore
2319 3771 2591 3826 Antonini
2616 3769 2954 3834 Commodi.)

576 4032 946 4087 ELEUTHERIUS
1001 4031 1317 4104 episcopus,
1383 4033 1663 4088 universis
1719 4035 1978 4091 Ecclesiis
2033 4048 2209 4123 perc
2233 4037 2386 4091 velut
2419 4036 2660 4090 linteum
2699 4049 2996 4106 magnum,
3030 4037 3277 4105 quatuor
3303 4033 3478 4088 initiis
3511 4031 3766 4087 submitti
3798 4033 3874 4086 de

506 4123 700 4179 Galliae
737 4124 1059 4196 provincias
1087 4127 1330 4182 Domino
1369 4127 1765 4197 militantibus,
1797 4129 1854 4184 in
1898 4130 2135 4184 Domino

506 4219 768 4272 salutem.

575 4312 777 4382 Magno
810 4328 1054 4367 munere
1090 4313 1491 4369 misericordiae
1531 4316 1628 4371 Dei
1665 4315 1839 4371 totius
1874 4317 2134 4372 Ecclesiae

507 4405 799 4460 catholicas
827 4406 1202 4478 multiplicata
1232 4413 1361 4464 sunt
1391 4409 1620 4480 gaudia,
1649 4425 1779 4464 cum
1806 4411 2014 4466 multos
2038 4427 2136 4481 po-

505 4501 671 4569 pulos
707 4499 779 4554 ad
822 4500 1043 4554 Domini
1088 4501 1383 4556 servitium
1421 4502 1693 4558 festinare
1736 4505 2131 4575 cognovimus.

501 4595 620 4658 Qua
654 4593 724 4648 de
766 4610 827 4648 re
869 4595 1252 4650 necessarium
1285 4595 1668 4667 judicavimus
1703 4613 1800 4651 vos
1831 4597 2132 4665 instruere,

504 4691 568 4742 ut
603 4705 758 4743 escas
791 4705 930 4761 quas
962 4689 1137 4744 vitare
1175 4707 1275 4745 vos
1314 4690 1637 4745 audivimus
1666 4691 2137 4746 irrationabiliter

505 4797 622 4834 non
651 4783 950 4853 respuatis.
975 4783 1160 4850 Scitis,
1191 4784 1416 4852 fratres,
1438 4785 1830 4855 legislatorem
1853 4784 2133 4850 docuisse,

505 4874 698 4928 omnia
733 4893 861 4946 quae
899 4877 1109 4931 creavit
1144 4879 1290 4931 Deus
1329 4881 1491 4930 erant
1529 4879 1690 4932 valde
1719 4879 1888 4943 bona,
1921 4880 1978 4930 et
2015 4877 2138 4947 ipsa

503 4982 606 5036 per
635 4984 695 5020 se
733 4969 950 5022 Veritas
983 4970 1103 5024 ait:
1149 4990 1176 5018 ‹‹
1214 4972 1339 5023 Non
1370 4971 1524 5040 quod
1574 4971 1750 5026 intrat
1785 4971 1843 5025 in
1882 4986 1943 5024 os
1984 4970 2136 5024 coin-

507 5059 704 5129 quinat
732 5061 1047 5131 hominem,
1082 5063 1182 5116 sed
1222 5064 1372 5133 quod
1407 5065 1524 5118 exit
1561 5065 1631 5118 de
1673 5080 1770 5118 ore
1799 5064 2013 5126 (Matth.
2046 5081 2132 5130 xv,

509 5155 612 5217 11.)
634 5174 660 5201 ››
695 5154 852 5208 Unde
887 5157 1110 5208 constat
1133 5172 1250 5209 non
1275 5157 1484 5212 debere
1508 5158 1762 5212 refutare
1792 5174 1948 5211 escas
1977 5173 2134 5212 com-

505 5263 709 5300 munes
730 5265 868 5318 quas
895 5249 1040 5302 Deus
1067 5248 1137 5302 ad
1162 5249 1312 5304 cibos
1337 5251 1538 5306 tribuit
1558 5251 1820 5306 fidelibus
1839 5251 1971 5305 suis.
1995 5253 2060 5304 Et
2082 5251 2138 5305 in

503 5340 736 5394 Actibus
763 5342 1171 5411 apostolorum,
1201 5344 1271 5398 de
1313 5345 1541 5400 mundis
1579 5345 1718 5400 escis
1759 5345 1970 5415 legitur
2010 5344 2085 5399 ita
2119 5362 2132 5398 :

507 5456 540 5513 «ι
566 5437 796 5489 Postera
822 5438 1012 5490 autem
1041 5437 1129 5492 die
1159 5438 1265 5494 iter
1293 5440 1473 5494 tribus
1500 5438 1842 5494 facientibus
1874 5438 2136 5492 domesti-
2155 5419 2213 5492 Ι)

505 5529 582 5583 cis
613 5545 743 5583 cum
772 5531 959 5597 Petro,
988 5535 1044 5586 et
1072 5534 1660 5605 appropinquantibus
1690 5532 1918 5599 civitati,
1946 5549 2138 5587 ascen-

505 5624 589 5678 dit
616 5625 816 5678 Petrus
845 5623 902 5677 in
934 5627 1245 5696 superiora,
1279 5633 1339 5682 ut
1370 5630 1563 5681 oraret
1599 5627 1749 5681 circa
1778 5627 1977 5680 horam
2007 5643 2135 5681 sex-

503 5721 646 5786 tam,
695 5722 752 5773 et
798 5735 928 5773 cum
971 5721 1232 5788 esuriret,
1274 5719 1455 5774 voluit
1503 5723 1751 5790 gustare.
1801 5720 2138 5775 Parantibus

503 5815 698 5866 autem
739 5811 819 5867 eis
862 5813 1066 5870 cecidit
1097 5831 1270 5885 super
1310 5829 1446 5869 cum
1490 5813 1698 5868 mentis
1739 5830 2001 5868 excessus
2034 5831 2046 5868 :
2081 5817 2140 5867 et

505 5904 642 5960 vidit
675 5907 878 5964 calum
919 5912 1185 5980 apertum
1225 5910 1282 5962 et
1311 5907 1665 5963 descendens
1695 5922 1787 5962 vas
1825 5907 2136 5978 quoddam,

2235 4131 2372 4184 coalo
2415 4129 2474 4182 in
2516 4133 2752 4194 terram,
2790 4127 2852 4181 in
2895 4143 3007 4198 quo
3051 4131 3213 4182 erant
3244 4126 3436 4182 omnia
3475 4125 3872 4197 quadrupedia

2235 4227 2292 4278 et
2319 4220 2607 4293 serpentia
2629 4225 2821 4289 terrae,
2851 4223 2910 4276 et
2933 4221 3185 4276 volatilia
3211 4221 3352 4275 coeli.
3382 4222 3451 4274 Et
3474 4220 3619 4274 facta
3648 4223 3734 4274 est
3762 4236 3869 4273 vox

2235 4316 2306 4370 ad
2332 4332 2463 4370 eum
2502 4330 2516 4369 :
2552 4314 2754 4386 Surge,
2794 4316 2981 4383 Petre,
3019 4315 3211 4369 occide
3239 4319 3296 4370 et
3320 4313 3620 4368 manduca.
3650 4312 3746 4366 Ait
3775 4329 3871 4366 au-

2235 4414 2351 4464 tem
2375 4411 2571 4462 Petrus
2595 4424 2608 4462 :
2637 4407 2814 4478 Absit,
2845 4408 3103 4475 Domine,
3135 4407 3269 4479 quia
3297 4422 3594 4477 nunquam
3620 4406 3867 4460 mandu-

2235 4502 2351 4558 cavi
2382 4517 2555 4557 omne
2591 4518 2896 4556 commune
2924 4504 2982 4555 et
3011 4500 3397 4556 immundum.
3430 4501 3498 4554 Et
3522 4516 3627 4554 vox
3659 4499 3870 4554 iterum

2235 4596 2480 4651 secundo
2539 4595 2612 4649 ad
2659 4611 2792 4649 eum
2840 4612 2852 4649 :
2898 4595 3031 4659 Quae
3091 4594 3361 4649 Dominus
3410 4593 3758 4664 puriﬁcavit,
3811 4597 3876 4646 tu

2236 4705 2541 4745 commune
2565 4705 2639 4743 ne
2666 4688 2894 4743 dixeris.
2919 4689 3034 4743 Hoc
3061 4692 3253 4743 autem
3278 4687 3492 4742 factum
3521 4691 3605 4741 est
3631 4703 3737 4757 per
3763 4690 3874 4753 ter,

2237 4789 2294 4838 et
2320 4784 2513 4837 statim
2539 4799 2632 4837 vas
2651 4787 2946 4854 receptum
2967 4785 3055 4836 est
3077 4781 3134 4836 in
3155 4781 3360 4836 coelum
3385 4781 3526 4848 (Act.
3549 4797 3606 4849 x,
3631 4783 3685 4846 9,
3710 4781 3816 4850 16).
3845 4799 3873 4831 ι)

2306 4877 2384 4931 De
2408 4876 2864 4931 accusationibus
2902 4893 3040 4947 ergo
3081 4875 3439 4943 clericorum,
3469 4889 3639 4945 super
3665 4873 3878 4944 quibus

2236 4970 2472 5024 consulti
2522 4986 2750 5037 sumus,
2801 4970 2936 5040 quia
2983 4986 3184 5024 omnes
3228 4985 3428 5024 eorum
3483 4966 3877 5022 accusationes

2236 5063 2464 5119 difﬁcile
2495 5065 2579 5118 est
2611 5064 2682 5117 ad
2720 5063 2910 5118 sedem
2947 5062 3316 5134 apostolicam
3361 5062 3608 5128 deferre,
3655 5059 3879 5115 ﬁnitiva

2239 5158 2634 5229 episcoporum
2655 5160 2879 5211 tantum
2891 5156 3110 5227 judicia
3130 5157 3242 5210 huc
3259 5156 3613 5221 deferantur,
3630 5154 3877 5226 ethujus

2238 5255 2448 5306 sanctze
2477 5250 2627 5305 sedis
2661 5250 2998 5305 auctoritate
3018 5249 3314 5316 ﬁniantur,
3338 5249 3483 5303 sicut
3507 5249 3576 5302 ab
3603 5248 3878 5318 apostolis

2238 5361 2549 5416 eorumque
2575 5343 2988 5399 successoribus
3016 5344 3329 5397 multorum
3352 5358 3636 5397 consensu
3656 5340 3877 5411 episco-

2236 5455 2442 5511 porum
2476 5439 2601 5508 jam
2634 5437 2936 5492 deﬁnitum
2974 5439 3077 5492 est.
3121 5438 3229 5490 Nec
3268 5436 3326 5489 in
3374 5452 3574 5490 eorum
3612 5435 3877 5489 Ecclesiis

2237 5533 2332 5587 alii
2363 5536 2460 5586 aut
2483 5534 2912 5602 praeponantur,
2944 5534 3043 5585 aut
3080 5530 3420 5585 ordinentur
3443 5533 3747 5600 antequam
3780 5529 3876 5583 hic

2238 5641 2438 5680 eorum
2457 5624 2610 5694 juste
2634 5624 3020 5678 terminentur
3037 5622 3292 5695 negotia,
3315 5621 3584 5693 quoniam
3611 5622 3879 5693 quamvis

2237 5718 2404 5773 liceat
2455 5718 2604 5787 apud
2647 5718 3023 5790 provinciales
3072 5723 3128 5772 et
3178 5716 3650 5787 metropolitanos
3701 5718 3879 5787 atque

2237 5811 2512 5884 primates
2539 5801 2741 5866 e'orum
2765 5812 3044 5867 ventilare
3073 5810 3463 5866 accusationes
3485 5809 3574 5864 vel
3596 5808 3877 5865 crimina-

2239 5906 2441 5975 tiones,
2482 5921 2598 5961 non
2636 5908 2825 5962 tamen
2861 5903 2996 5960 licet
3035 5904 3285 5960 difﬁnire
3313 5919 3474 5959 secus
3508 5918 3680 5976 quam
3719 5918 3875 5974 prae-
