4068 6322
233 315 318 370 121
1458 312 1928 371 DECRETALIUM
1965 315 2349 371 COLLECTIO.

3086 3 3313 12 γνῶ-.-

3482 322 3581 380 122

226 423 436 479 dictum
461 427 565 479 est.
589 423 962 495 Reliquorum
985 435 1117 479 vero
1137 423 1471 480 clericorum
1488 441 1679 478 causas
1704 424 1852 495 apud
1874 438 1933 510 Α
1953 423 2240 495 Oppressis
2261 438 2510 494 namque
2530 422 2602 478 ab
2624 422 2890 479 omnibus
2909 423 2970 479 in
2982 425 3199 481 cunctis
3219 427 3581 485 subveniatur

225 517 590 589 provinciales
603 522 661 573 et
670 517 1074 590 metropolitan
1081 535 1142 573 os
1156 535 1220 573 ac
1232 517 1499 590 primates
1513 522 1568 573 et
1578 517 1850 573 ventilare

225 615 282 664 et
316 611 468 682 juste
506 610 753 666 difﬁnire
796 612 958 682 licet,
999 611 1355 682 judicantem
1393 615 1585 666 tamen
1625 613 1852 682 oportet

222 709 422 759 cuncta
447 704 660 773 rimari,
691 708 747 760 et
774 705 1034 760 ordinem
1064 722 1254 761 rerum
1282 707 1455 777 plena
1485 703 1851 776 inquisitione

224 797 522 868 discutere,
544 799 942 871 interrogandi
956 817 1021 854 ac
1040 799 1414 871 proponendi,
1437 798 1851 870 adjiciendique

220 892 457 962 praebita
483 891 758 963 patientia
783 893 853 947 ab
881 909 964 960 eo,
1000 897 1060 947 ut
1089 892 1184 946 ubi
1211 893 1353 947 actio
1392 891 1684 945 ambarum
1717 907 1845 961 par-

219 985 362 1039 tium
405 985 648 1040 limitata
693 985 763 1040 sit
802 986 1065 1056 pleniter.
1117 986 1225 1040 Nec
1272 985 1626 1054 litigantibus
1670 983 1851 1054 judex

219 1078 376 1148 prius
406 1096 506 1134 sua
545 1079 680 1134 velit
716 1079 998 1135 sententia
1035 1078 1261 1134 obviare
1318 1078 1425 1133 nisi
1457 1077 1686 1150 quando
1741 1076 1850 1148 ipsi

214 1172 336 1243 jam
366 1172 606 1244 peractis
645 1172 906 1228 omnibus
953 1172 1096 1226 nihil
1153 1172 1400 1227 habeant
1441 1173 1503 1225 in
1541 1170 1850 1242 qumstione

221 1265 374 1337 quod
417 1270 777 1338 proponant,
809 1269 868 1321 et
916 1265 1116 1320 tandiu
1160 1265 1308 1320 actio
1350 1265 1670 1334 ventilatur,
1713 1280 1850 1335 quo-

223 1375 400 1430 usque
426 1359 512 1413 rei
535 1359 736 1415 veritas
754 1358 1092 1414 inveniatur.
1118 1360 1465 1430 Frequenter
1494 1358 1850 1429 interrogare

219 1456 466 1523 oportet,
507 1470 577 1508 ne
615 1453 830 1525 aliquid
863 1453 1309 1524 praetermissum
1352 1453 1500 1506 forte
1555 1455 1852 1505 remaneat

219 1545 373 1618 quod
403 1547 629 1602 annecti
660 1546 984 1616 conveniat;
1015 1545 1256 1601 induciae
1283 1545 1439 1600 enim
1465 1561 1584 1601 non
1610 1544 1850 1599 modicae

218 1641 287 1695 ad
311 1639 720 1712 inquirendum
747 1640 947 1695 dandae
974 1643 1127 1707 sunt,
1159 1656 1231 1694 ne
1250 1639 1462 1710 aliquid
1483 1654 1848 1710 praepropere

218 1735 312 1806 agi
349 1751 384 1788 a
413 1751 750 1807 quacunque
775 1739 936 1806 parte
957 1734 1237 1804 videatur,
1258 1733 1392 1805 quia
1410 1749 1514 1804 per
1539 1732 1851 1803 subreptio-

1953 518 2154 572 causis.
2202 519 2331 572 Hac
2379 517 2569 572 omnia
2611 534 2973 590 summopere
3023 524 3155 575 sunt
3205 522 3576 579 attendenda.

1950 611 2059 665 Nec
2080 609 2398 664 criminatio
2419 610 2733 679 minorum,
2757 614 2967 683 quanto
2987 613 3168 683 magis
3187 614 3581 686 episcoporum

1948 703 2110 758 facile
2132 708 2216 758 est
2244 703 2584 774 recipienda,
2614 705 2837 760 dicente
2860 706 3097 760 Domino
3128 723 3141 760 :
3177 728 3203 757 «
3233 708 3357 762 Non
3384 725 3581 781 seque-

1948 795 2028 850 ris
2062 797 2259 850 turbas
2302 796 2374 850 ad
2421 796 2746 852 faciendum
2787 800 3003 852 malum
3033 799 3227 869 (Emod.
3260 817 3412 868 xxm,
3443 803 3518 873 2).
3549 824 3577 854 ››

1949 891 2018 944 Et
2047 888 2218 943 alibi:
2254 911 2279 938 ‹‹
2308 891 2433 943 Non
2461 890 2726 962 suscipias
2742 908 2936 947 vocem
2957 892 3243 948 mendacii
3263 895 3422 966 (Ibid.
3454 897 3522 964 1).
3548 920 3575 946 ››

1949 984 2018 1038 Et
2039 982 2102 1037 in
2130 982 2602 1054 Paralipomenon
2644 985 2856 1055 legitur
2888 1002 2902 1039 :
2938 1008 2966 1036 «
2996 985 3202 1041 Omnia
3231 989 3400 1042 corda
3424 1005 3577 1044 scru-

1948 1080 2106 1132 tatur
2149 1076 2422 1131 Dominus
2449 1077 2497 1146 (I
2532 1079 2680 1131 Psal.
2709 1093 2896 1147 xxvm,
2928 1080 3001 1150 9),
3030 1100 3058 1128 »
3085 1084 3142 1135 et
3166 1097 3396 1136 omnem
3421 1083 3578 1154 cogi-

1950 1169 2226 1224 tationem
2255 1169 2440 1238 novit;
2482 1171 2658 1224 homo
2689 1187 2824 1225 vero
2847 1171 2995 1226 videt
3018 1173 3079 1226 in
3109 1173 3271 1242 facie,
3299 1176 3446 1230 Deus
3476 1193 3580 1231 au-

1950 1267 2068 1318 tem
2093 1263 2153 1318 in
2182 1263 2371 1318 corde.
2399 1265 2467 1317 Et
2491 1263 2626 1318 alibi
2656 1264 2928 1336 scriptum
2959 1270 3043 1320 est
3073 1284 3085 1320 :
3115 1270 3237 1323 Non
3264 1272 3451 1340 potest
3479 1271 3583 1325 hu-

1949 1372 2120 1410 mano
2152 1356 2520 1411 condemnari
2547 1356 2812 1411 examine
2842 1373 3014 1428 quem
3039 1360 3184 1414 Deus
3204 1377 3306 1415 suo
3329 1379 3582 1418 reserva-

1947 1449 2028 1504 vit
2049 1449 2288 1520 judicio.
2317 1449 2496 1521 Igitur
2521 1467 2690 1506 omne
2715 1450 2942 1521 pondus
2971 1454 3028 1506 et
3046 1452 3467 1510 circumstantia
3487 1457 3582 1511 ad-

1949 1544 2325 1598 versariorum
2345 1543 2686 1599 documenta
2703 1561 2807 1615 per
2820 1545 3174 1614 patientiam,
3190 1547 3410 1616 fratres,
3431 1565 3581 1604 com-

1947 1636 2201 1708 primere
2228 1637 2492 1708 satagite,
2518 1637 2759 1692 scientes
2787 1637 2922 1708 quia
2939 1639 3193 1694 subversi
3223 1644 3356 1694 sunt
3380 1641 3477 1713 huj
3488 1659 3579 1697 us-

1949 1730 2106 1785 modi
2132 1733 2190 1784 et
2215 1730 2554 1802 delinquunt
2586 1731 2824 1802 proprio
2863 1747 2960 1787 ore
3000 1733 3275 1800 damnati,
3309 1735 3444 1806 quia
3483 1737 3582 1808 qui

218 1804 546 1884 nemmulta
569 1804 934 1900 proveniunt.
957 1827 1107 1883 Nihil
1132 1804 1329 1882 tamen
1348 1827 1562 1897 absque
1589 1804 2154 1898 legitimoBfratres
2202 1827 2469 1878 accusant
2514 1823 2604 1878 vel
2654 1823 2944 1893 infestant,
2985 1842 3103 1881 non
3157 1843 3253 1882 eos
3312 1804 3578 1900 diligunt,

219 1925 277 1976 et
303 1921 510 1977 idoneo
530 1925 858 1978 accusatore
877 1921 997 1977 ﬁat.
1019 1922 1159 1976 Nam
1181 1924 1240 1975 et
1260 1919 1534 1975 Dominus
1557 1923 1753 1974 noster
1770 1921 1854 1974 Je-

219 2031 313 2070 sus
338 2016 594 2070 Christus
618 2016 820 2070 ludam
837 2015 1028 2070 furem
1051 2031 1170 2070 esse
1199 2013 1431 2084 sciebat,
1454 2013 1554 2070 sed
1582 2012 1715 2084 quia
1739 2029 1853 2067 non

220 2114 303 2164 est
324 2113 637 2178 accusatus,
665 2108 797 2164 ideo
829 2126 943 2164 non
977 2111 1061 2163 est
1089 2108 1320 2179 ejectus.
1354 2109 1422 2162 Et
1449 2106 1727 2179 quidquid
1757 2107 1850 2162 in-

220 2205 303 2257 ter
345 2204 632 2274 apostolos
675 2203 814 2274 egit,
853 2219 960 2274 pro
1009 2201 1288 2273 dignitate
1326 2199 1624 2256 ministerii
1662 2204 1853 2256 ratum

219 2296 452 2350 mansit.
483 2298 626 2352 Nam
656 2295 704 2350 si
730 2295 889 2366 leges
919 2294 1111 2350 saeculi
1139 2299 1489 2349 accusatores
1530 2293 1850 2365 requirunt,

218 2393 432 2460 quanto
451 2389 637 2461 magis
657 2388 1046 2444 ecclesiasticae
1067 2387 1312 2458 regulae!
1338 2387 1546 2442 docent
1565 2386 1722 2441 enim
1744 2391 1854 2442 ter-

217 2483 419 2537 restria
455 2488 511 2538 et
546 2483 795 2537 humana
826 2498 954 2553 quae
981 2482 1095 2536 sint
1130 2481 1502 2536 ecclesiastica
1539 2485 1710 2551 atque
1739 2496 1850 2534 coe-

1956 1917 2055 1972 sed
2080 1916 2266 1989 magis
2297 1917 2598 1988 negligunt
2632 1921 2690 1972 et
2716 1922 2975 1989 peccant,
3010 1919 3234 1974 dicente
3260 1923 3531 1994 Apostolo
3567 1941 3581 1978 :

1956 2033 1984 2061 ‹‹
2017 2011 2252 2066 Dilectio
2293 2009 2541 2083 proximi
2571 2012 2789 2066 malum
2819 2028 2937 2066 non
2969 2017 3239 2084 operatur
3267 2015 3434 2086 (Rom.
3463 2033 3581 2088 xm,

1957 2107 2062 2168 10).
2092 2126 2120 2155 ››
2141 2107 2209 2160 Et
2233 2104 2370 2159 alibi
2393 2121 2406 2158 :
2435 2125 2464 2154 «
2491 2104 2600 2169 Qui
2619 2121 2735 2159 non
2757 2105 2944 2176 diligit
2961 2106 3202 2162 fratrem
3221 2124 3388 2164 suum
3410 2125 3585 2181 quem

1953 2198 2127 2266 videt,
2147 2199 2327 2252 Deum
2349 2214 2523 2269 quem
2545 2215 2662 2253 non
2687 2198 2845 2253 videt
2869 2201 3155 2271 quomodo
3175 2205 3362 2273 potest
3378 2203 3584 2276 dilige-

1953 2292 2056 2346 re?
2079 2311 2104 2343 »
2125 2293 2236 2346 Nos
2263 2291 2420 2346 enim
2440 2291 2685 2346 humiles
2705 2293 2895 2361 corde,
2915 2294 2990 2347 ad
3011 2311 3077 2348 ea
3099 2311 3228 2366 qua:
3252 2299 3411 2352 recta
3431 2303 3581 2368 sunt,

1953 2385 2216 2456 adjutore
2242 2385 2486 2440 Domino
2520 2385 2811 2456 sapienter
2837 2387 3060 2442 vinculo
3083 2389 3378 2445 charitatis
3405 2392 3586 2448 vobis-

1953 2495 2086 2533 cum
2138 2495 2333 2533 sumus
2386 2479 2696 2546 constricti,
2739 2479 3083 2551 religionem
3136 2483 3476 2540 catholicam
3523 2487 3582 2542 in

217 2573 399 2630 lestia.
430 2577 507 2629 De
535 2575 980 2630 accusationibus
1007 2591 1139 2630 vero
1172 2573 1738 2646 comprovincialibus
1774 2573 1854 2627 ita
1956 2571 2221 2627 omnibus
2242 2572 2468 2626 fortiter
2498 2572 2876 2642 defensantcs,
2909 2575 3187 2645 improbis
3220 2577 3398 2646 probe
3438 2581 3581 2634 resi-

217 2668 434 2741 legitur
470 2686 588 2725 esse
631 2672 909 2724 statutum
956 2664 1077 2742 :lSi
1127 2669 1253 2740 quis
1301 2684 1471 2740 super
1511 2667 1854 2738 quibuslibet
1953 2670 2100 2720 sterc
2135 2681 2253 2719 non
2301 2664 2666 2736 negligimus,
2699 2666 2849 2720 unde
2876 2666 3091 2722 dictum
3123 2672 3249 2723 est:
3278 2670 3582 2742 Negligere

217 2759 553 2818 criminibus
585 2762 897 2834 quemlibet
921 2747 1189 2816 cle‘ricum
1221 2761 1565 2833 pulsandum
1591 2759 1847 2815 credide-
1955 2757 2130 2826 enim,
2151 2775 2281 2812 cum
2302 2759 2482 2830 possis
2504 2758 2810 2814 deturbare
2828 2747 3142 2831 perversos,
3161 2762 3305 2817 nihil
3325 2764 3480 2820 aliud
3499 2769 3586 2821 est

219 2857 292 2912 rit
332 2857 394 2911 in
437 2856 728 2928 provincia
767 2857 827 2911 in
873 2872 988 2927 qua
1035 2855 1293 2910 consistit
1331 2854 1423 2909 ille
1458 2853 1557 2926 qui
1593 2854 1854 2926 pulsatur
1955 2868 2130 2923 quam
2159 2851 2372 2920 fovere,
2407 2868 2512 2906 nec
2539 2856 2695 2907 caret
2722 2855 2986 2925 scrupulo
3014 2855 3298 2911 societatis
3324 2860 3581 2928 occultas,

219 2967 348 3005 suas
386 2956 645 3006 exerceat
682 2949 948 3019 actiones,
977 2965 1084 3004 nec
1124 2949 1369 3004 mstimet
1409 2965 1542 3002 eum
1584 2947 1719 3002 alibi
1757 2952 1855 3003 aut
1955 2946 2054 3017 qui
2094 2947 2400 3002 manifesto
2447 2946 2686 3001 facinori
2731 2947 2941 3003 desinit
2989 2949 3237 3006 obviare.
3279 2952 3455 3023 Hujus
3499 2955 3582 3009 rei

220 3045 449 3115 longius
491 3044 565 3098 ad
600 3043 882 3114 judicium
925 3042 1400 3115 protrahendum.
1445 3041 1529 3096 llli
1579 3057 1712 3096 vero
1755 3041 1856 3112 qui
1955 3039 2141 3110 gratia
2170 3040 2499 3095 universalis
2525 3041 2684 3096 vobis
2710 3058 2744 3096 a
2767 3041 2989 3096 Christo
3017 3044 3147 3098 Jesu
3172 3045 3471 3101 commissa
3501 3055 3585 3104 est

219 3138 472 3211 pulsatus
485 3137 680 3204 fuerit,
703 3137 1014 3208 sijudicem
1037 3142 1364 3208 suspectum
1382 3135 1665 3204 habuerit,
1691 3135 1856 3190 liceat
1874 3174 1930 3250 Ο
1955 3133 2225 3202 Ecclesia,
2257 3138 2316 3188 ut
2342 3150 2446 3205 pro
2475 3134 2738 3189 omnibus
2766 3135 3058 3202 laboretis,
3087 3142 3142 3192 et
3169 3140 3385 3195 cunctis
3413 3157 3585 3212 opem

221 3232 535 3303 appellare.
557 3231 803 3288 Caveant
822 3231 994 3286 etiam
1012 3230 1237 3302 judices
1253 3229 1512 3284 Ecclesiae
1534 3245 1605 3283 ne
1623 3228 1855 3284 absente
1877 3227 1930 3250 ν
1952 3227 2103 3283 ferre
2130 3244 2247 3283 non
2270 3228 2606 3300 negligatis;
2634 3229 2813 3284 frater
2837 3234 3030 3285 autem
3058 3232 3293 3287 fratrem
3311 3234 3584 3305 adjuvans

221 3342 288 3381 eo
336 3325 499 3396 cujus
554 3340 722 3380 causa
761 3324 1067 3380 ventilatur
1090 3365 1104 3392 ,
1145 3323 1488 3378 sententiam
1533 3323 1850 3394 proferant,
1954 3321 2319 3389 exaltabitur,
2352 3325 2409 3377 et
2431 3321 2671 3377 illudens
2697 3323 3079 3395 dissipabitur.
3116 3326 3474 3398 Quapropter
3497 3345 3582 3383 re-

223 3420 356 3492 quia
378 3419 542 3474 irrita
568 3419 698 3487 erit,
727 3418 840 3473 imo
869 3418 1041 3474 etiam
1063 3434 1289 3473 causam
1316 3433 1420 3489 pro
1445 3417 1589 3471 facto
1613 3417 1851 3471 dabunt.
1953 3416 2132 3471 levate
2195 3432 2426 3486 semper
2481 3433 2795 3488 oppressos,
2847 3418 3109 3490 corripite
3176 3420 3480 3492 inquietos,
3523 3425 3586 3478 ut

290 3513 604 3569 Proditoris
644 3529 779 3567 vero
809 3529 913 3568 nec
952 3512 1234 3566 calumnia
1283 3528 1387 3566 nec
1422 3527 1528 3565 vox
1567 3510 1851 3565 audiatur.
1952 3509 2165 3564 zizania
2206 3509 2564 3564 Dominicam
2600 3515 2846 3566 messem
2894 3528 3010 3566 non
3057 3514 3236 3583 possit
3281 3515 3579 3574 suffocare.

221 3609 399 3664 Nemo
440 3607 598 3662 enim
635 3606 950 3662 debitorem
989 3605 1239 3678 amplius
1283 3607 1471 3676 potest
1509 3620 1854 3675 cognoscere
1953 3604 2094 3658 Data
2127 3619 2157 3658 v
2187 3603 2317 3659 Idus
2338 3602 2489 3672 Julii,
2516 3605 2753 3659 Paterno
2789 3607 2846 3659 et
2872 3605 3095 3660 Bardua
3124 3591 3471 3664 consulibus.

221 3718 398 3774 quam
423 3701 519 3756 ille
535 3701 637 3774 qui
661 3700 741 3771 inj
750 3699 949 3772 uriam,
974 3701 1212 3772 ejusque
1232 3698 1498 3754 sustinuit
1517 3698 1850 3771 nequitiam.

699 4070 830 4146 28
902 4073 1480 4169 INCIPIUNT
1565 4072 2090 4168 DECRETA
2155 4071 2684 4168 VICTORIS
2772 4073 3138 4167 PAPAE.

1388 4267 1484 4331 De
1512 4265 1768 4332 Pascha
1799 4273 1862 4330 et
1890 4266 2104 4330 causis
2133 4265 2424 4348 reliquis.

1147 4425 1331 4489 (Anno
1371 4423 1599 4482 Domini
1648 4427 1768 4494 189,
1809 4427 2068 4496 tempore
2112 4422 2287 4479 Helvii
2327 4422 2675 4490 Pertinacis.)

300 4747 501 4806 Vlcron
525 4751 801 4806 Romanae
839 4766 905 4806 ac
931 4749 1262 4806 universalis
1290 4748 1549 4805 Ecclesia
1581 4748 1858 4821 archiepi-
1964 4747 2305 4818 discrepent,
2342 4762 2446 4801 nec
2485 4747 2767 4803 contraria
2809 4754 3034 4819 gerant.
3064 4751 3106 4805 A
3134 4754 3335 4822 quarta
3363 4753 3591 4813 decima

229 4859 432 4916 scopus
468 4845 783 4916 Theophilo
822 4845 1084 4916 episcopo
1131 4850 1186 4900 et
1226 4844 1446 4899 cunctis
1481 4843 1754 4898 fratribus
1801 4843 1862 4897 in
1962 4841 2247 4897 veroluna
2267 4840 2439 4912 primi
2466 4841 2682 4896 mensis
2702 4858 2879 4913 usque
2900 4843 3316 4901 advicesimum
3339 4848 3590 4919 primum

226 4938 572 4994 Alexandria
605 4938 844 4994 Domino
886 4939 1298 4995 famulantibus
1337 4938 1397 4992 in
1439 4936 1676 4992 Domino
1711 4937 1861 4992 salu-
1965 4935 2224 5007 ejusdem
2253 4936 2467 4990 mensis
2495 4935 2648 4991 diem
2696 4937 2898 4991 eadem
2941 4936 3258 4994 celebretur
3294 4941 3588 5003 festivitas.

229 5032 368 5088 tem.
1965 5030 2183 5085 Eodem
2208 5046 2343 5085 vero
2371 5033 2628 5101 tempore
2651 5030 2966 5102 baptismus
2987 5031 3360 5092 celebrandus
3385 5042 3471 5093 est
3497 5056 3588 5097 ca-

301 5125 471 5182 Multa
516 5126 658 5182 mihi
705 5126 1028 5198 gratulatio,
1066 5126 1411 5182 dilectissimi
1453 5125 1673 5192 fratres,
1713 5123 2229 5227 quothholicus,
2262 5124 2362 5179 sed
2413 5127 2609 5179 tamen
2654 5124 2700 5177 si
2745 5141 2975 5179 necesse
3025 5126 3216 5196 fuerit,
3256 5134 3357 5185 aut
3395 5135 3594 5190 mortis

229 5221 600 5277 manifestato
632 5219 776 5276 sicut
814 5225 1078 5292 optamus
1102 5237 1207 5293 per
1239 5220 1483 5292 gratiam
1515 5218 1617 5274 Dei
1645 5217 1865 5272 lumine
1882 5217 1934 5227 “’
1965 5218 2283 5290 periculum
2306 5218 2589 5290 ingruerit
2605 5217 2843 5288 gentiles
2863 5218 2937 5273 ad
2956 5219 3130 5276 fidem
3148 5223 3438 5281 venientes
3458 5245 3594 5300 quo-

229 5314 580 5387 evangelicae
627 5315 898 5370 claritatis
955 5320 1013 5370 et
1070 5315 1140 5370 ab
1194 5314 1437 5369 Ecclesia
1476 5314 1599 5385 jam
1654 5329 1867 5384 magna
1967 5330 2192 5384 cunque
2243 5314 2388 5380 loco,
2433 5313 2520 5365 vel
2569 5315 2886 5382 momento,
2939 5313 3263 5387 ubicunque
3317 5323 3591 5393 evenerit,

229 5423 301 5463 ex
345 5413 510 5480 parte
559 5407 865 5480 perniciosi
929 5408 1137 5463 erroris
1195 5413 1360 5463 nocte
1423 5406 1678 5478 depulsa,
1742 5422 1864 5460 cre-
1967 5407 2081 5461 sive
2126 5407 2185 5461 in
2229 5405 2483 5472 flumine,
2514 5405 2627 5460 sive
2657 5405 2717 5460 in
2748 5407 2914 5477 mari,
2947 5408 3064 5463 sive
3112 5409 3173 5465 in
3215 5411 3487 5486 fontibus,
3517 5423 3630 5472 ta»

230 5501 363 5557 dita:
407 5502 572 5558 nobis
626 5501 1061 5573 dispensationis
1109 5502 1325 5557 fructus
1371 5501 1590 5568 crescit,
1635 5503 1691 5556 et
1726 5516 1867 5571 aug-
1969 5499 2482 5568 men,Christianae
2508 5499 2860 5556 confessione
2886 5502 3238 5559 credulitatis
3266 5508 3593 5580 clariﬁcata,

231 5599 530 5652 mentatur
564 5595 626 5650 in
674 5595 934 5652 Domino.
981 5595 1376 5651 Celebritatem
1427 5594 1605 5650 sancti
1643 5594 1868 5648 Paschte
1967 5593 2344 5664 baptizentur.
2377 5592 2513 5663 Ipsis
2533 5609 2760 5665 quoque
2787 5595 2938 5666 quod
2964 5595 3022 5649 in
3049 5596 3330 5668 baptismo
3360 5601 3595 5670 polliciti

231 5688 326 5744 die
362 5689 655 5745 Dominica
691 5690 784 5762 agi
813 5690 1021 5746 debere
1062 5691 1504 5762 praedecessores
1528 5688 1710 5743 nostri
1746 5687 1870 5759 jam
1969 5692 2100 5742 sunt
2127 5703 2490 5758 summopere
2521 5692 2607 5742 est
2635 5687 3071 5759 attendendum,
3095 5707 3167 5744 ne
3197 5692 3472 5760 infideles,
3496 5697 3597 5752 sed

230 5786 579 5852 statuerunt,
613 5789 669 5839 et
697 5801 802 5839 nos
829 5783 968 5839 illud
999 5785 1203 5839 eadem
1234 5784 1325 5840 die
1362 5783 1635 5839 celebrari
1664 5783 1868 5838 solem-
1969 5781 2168 5836 fideles
2197 5781 2578 5836 inveniantur.
2608 5782 2719 5852 Ipsi
2748 5799 2880 5838 vero
2920 5785 3018 5854 qui
3069 5783 3416 5839 inﬁdelitatis
3458 5793 3598 5845 nota

231 5878 385 5934 niter
401 5879 760 5948 mandamus,
783 5878 916 5952 quia
938 5895 1056 5934 non
1081 5879 1240 5935 decet
1261 5883 1325 5934 ut
1348 5878 1606 5934 membra
1625 5895 1658 5932 a
1687 5877 1872 5950 capite
1971 5881 2370 5951 asperguntur,
2401 5876 2646 5933 infames
2668 5876 3010 5948 efficiuntur,
3036 5881 3204 5950 atque
3231 5877 3384 5936 inter
3403 5880 3597 5948 ﬁdeles
