4068 6308
468 287 564 338 123

1343 277 1623 332 ΑΡΡΕΝΙ).
1663 277 1750 331 AD
1787 277 1945 332 S.-EC.
1990 277 2074 330 IX.
2107 305 2176 315 -—
2215 274 2468 331 ISIDORI
2509 276 2934 332 MERCATORIS

3722 274 3828 327 124

461 390 705 445 minime
733 391 1092 458 reputantur.
1122 387 1245 440 Haec
1271 401 1406 439 vero
1443 388 1651 438 statuta
1685 384 1839 438 nulla
1874 384 2088 438 debent
2108 384 2371 468 Amihi‘?
2410 389 2624 439 stemus
2661 384 2850 439 simul.
2891 382 3025 448 Quis
3075 386 3160 436 est
3209 382 3564 438 adversarius
3612 382 3828 435 meus?

464 483 832 554 improbitate
853 480 1114 548 convelli,
1131 479 1287 533 nulla
1307 477 1556 533 novitate
1575 477 1805 543 mutari,
1829 477 1961 548 quia
1979 478 2090 534 alia

464 579 611 634 ratio
656 581 741 631 est
763 592 1059 630 causarum
1087 572 1460 640 saecularium,
1490 571 1602 624 alia
1627 575 1711 625 est
1741 571 2087 626 divinarum.

536 672 870 727 Audivimus
915 684 1167 738 namque
1213 665 1364 735 apud
1408 682 1502 718 vos
1544 670 1874 735 vestrosque
1903 665 2088 719 diver-

464 786 528 823 sa
557 765 774 838 judicia
803 763 944 831 fieri,
975 765 1032 816 et
1062 761 1276 814 incerta
1310 758 1575 828 judicari.
1604 759 1840 826 Incerta,
1879 759 2089 813 charis-

465 860 612 929 simi,
640 860 964 913 nullatenus
997 854 1332 925 judicemus,
1362 852 1736 923 quoadusque
1765 851 1954 906 veniat
1979 853 2089 906 Do-

468 955 678 1019 minus,
699 951 796 1022 qui
815 948 1046 1004 latentia
1061 946 1342 1018 producet
1359 945 1415 998 in
1439 946 1650 1010 lucem,
1670 949 1728 998 et
1749 944 2092 999 illuminabit

467 1045 793 1102 abscondita
815 1041 1202 1106 tenebrarum,
1235 1044 1291 1093 et
1311 1038 1699 1092 manifestabit
1720 1037 1952 1092 consilia
1976 1054 2092 1091 cor-

467 1142 648 1206 dium,
673 1136 807 1208 quia
828 1134 1086 1205 quamvis
1113 1149 1250 1186 vera
1276 1132 1407 1197 sint,
1432 1149 1547 1185 non
1569 1134 1762 1185 tamen
1783 1131 2088 1198 credenda,

468 1233 571 1289 nisi
601 1247 726 1302 quae
747 1226 1068 1283 manifestis
1082 1224 1315 1296 judiciis
1339 1224 1804 1295 comprobantur,
1834 1225 1943 1278 nisi
1965 1242 2090 1295 quae

465 1325 765 1382 manifesto
789 1320 1007 1392 judicio
1037 1318 1471 1386 convincuntur,
1497 1317 1605 1370 nisi
1633 1333 1760 1386 quae
1784 1317 2089 1386 judiciario

467 1419 668 1476 ordine
726 1415 1112 1486 publicentur.
1169 1411 1442 1466 Similiter
1481 1427 1549 1464 ea
1585 1426 1683 1463 vos
1725 1410 1979 1479 judicare
2019 1411 2091 1464 ad

465 1510 837 1584 apostolicam
854 1508 1102 1561 delatum
1120 1508 1205 1558 est
1221 1504 1436 1570 sedem,
1458 1520 1584 1574 quas
1606 1507 1816 1574 praeter
1834 1507 2090 1558 nostram

465 1605 623 1661 vobis
655 1601 889 1658 delinire
926 1616 1041 1654 non
1084 1599 1215 1652 licet
1246 1597 1647 1652 auctoritatem
1693 1597 2092 1667 episcoporum

468 1714 684 1765 causas,
715 1695 865 1749 unde
895 1693 974 1746 ita
999 1691 1370 1746 constitutum
1395 1690 1577 1760 liquet
1601 1707 1633 1743 a
1669 1695 1927 1760 tempore
1952 1707 2089 1761 apo-

2190 479 2420 532 accedat
2446 479 2517 532 ad
2542 495 2652 545 me,
2677 495 2803 533 ecce
2834 477 3106 532 Dominus
3138 478 3285 530 Deus
3315 493 3499 541 meus,
3521 475 3830 530 auxiliator

2193 588 2374 626 meus.
2411 572 2546 635 Quis
2586 575 2672 624 est
2717 571 2814 642 qui
2858 571 3208 626 condemnet
3246 570 3388 624 me?
3436 571 3575 624 Ecce
3619 586 3828 624 omnes

2191 665 2353 736 quasi
2383 666 2785 719 vestimentum
2818 668 3202 732 conterentur,
3225 664 3382 718 tinea
3411 663 3675 718 comedet
3701 680 3825 718 eos.

2194 758 2332 822 Quis
2383 776 2456 812 ex
2489 758 2650 812 vobis
2701 759 2909 813 timens
2972 758 3300 827 Dominum,
3340 757 3579 812 audiens
3625 773 3826 810 vocem

2192 851 2336 906 servi
2367 847 2494 925 sui}
2522 852 2653 915 Quis
2680 852 2989 906 ambulavit
3014 851 3072 905 in
3097 844 3365 919 tenebris,
3396 856 3452 906 et
3485 867 3601 905 non
3623 851 3714 905 'est
3742 851 3828 904 lu-

2192 851 2336 906 servi
2367 851 2474 925 sui_
2522 852 2653 915 Quis
2680 852 2989 906 ambulavit
3014 851 3072 905 in
3097 847 3365 919 tenebris,
3396 856 3452 906 et
3485 867 3601 905 non
3623 851 3714 905 'est
3742 851 3824 904 lu-

2192 961 2324 999 men
2351 847 2673 1091 ei‘i‘Eperet
2710 945 2770 999 in
2796 945 3028 1000 nomine
3058 945 3301 1012 Domini,
3334 947 3391 998 et
3425 943 3701 998 innitatur
3724 961 3824 997 su-

2192 1055 2295 1091 per
2311 1040 2428 1091 Deu
2512 1055 2696 1091 suum.
2718 1039 2856 1091 Ecce
2879 1056 2976 1091 vos
2995 1055 3192 1091 omnes
3209 1039 3583 1091 accendentes
3602 1038 3824 1091 ignem.

2192 1055 2295 1109 per
2311 1038 2489 1092 Deunl
2512 1055 2696 1092 suum.
2718 1039 2856 1092 Ecce
2879 1056 2976 1093 vos
2995 1055 3192 1093 omnes
3209 1039 3583 1092 accendentes
3602 1038 3824 1108 ignem,

2192 1132 2428 1186 accincti
2450 1132 2718 1199 ﬂammis,
2743 1133 3032 1187 ambulate
3059 1132 3116 1186 in
3139 1132 3355 1186 lumine
3383 1131 3534 1201 ignis
3556 1131 3743 1197 vestri,
3767 1133 3830 1183 et

2193 1225 2249 1278 in
2268 1225 2512 1279 ﬂammis
2533 1242 2672 1297 quas
2699 1223 3083 1280 succendistis.
3105 1227 3178 1280 De
3196 1242 3373 1279 manu
3395 1241 3489 1279 me
3504 1225 3714 1279 factum
3740 1229 3830 1278 est

2193 1318 2300 1372 hoc
2313 1318 2491 1385 vobis,
2506 1319 2564 1372 in
2583 1319 2865 1373 doloribus
2882 1318 3194 1373 dormietis.
3209 1319 3413 1373 Audite
3428 1335 3521 1371 me
3534 1319 3628 1390 qui
3643 1317 3830 1388 sequi-

2192 1411 2330 1465 mini
2355 1411 2510 1482 quod
2527 1412 2749 1482 justum
2769 1416 2871 1479 est,
2892 1417 2947 1466 et
2969 1412 3220 1482 quaeritis
3238 1412 3560 1478 Dominum,
3576 1410 3824 1466 attendi-

2192 1508 2247 1559 te
2274 1505 2347 1559 ad
2380 1509 2624 1576 petram,
2650 1506 2800 1560 unde
2825 1506 2991 1576 qxcisi
3015 1506 3166 1572 estis,
3190 1511 3247 1560 ct
3271 1506 3338 1559 ad
3369 1521 3671 1560 cavernam
3695 1505 3822 1571 laci,

2193 1523 2247 1559 te
2274 1523 2347 1559 aa
2380 1523 2624 1576 petram,
2650 1523 2800 1560 unde
2859 1523 2991 1560 xcisi
3015 1523 3166 1572 esus,
3190 1523 3247 1560 et
3271 1523 3338 1559 aa
3369 1523 3671 1560 cavernam
3696 1523 3822 1571 iam,

2193 1599 2263 1652 de
2292 1614 2405 1669 qua
2431 1599 2651 1670 praecisi
2677 1523 3140 1690 estisl’Attendite
3173 1599 3243 1653 ad
3277 1599 3568 1652 Abraham
3601 1601 3827 1669 patrem

2195 1695 2467 1761 vestrum,
2496 1697 2552 1746 et
2579 1693 2649 1746 ad
2681 1693 2874 1748 Saram
2914 1709 3042 1764 quae
3084 1694 3307 1764 peperit
3336 1709 3448 1759 vos,
3477 1693 3609 1763 quia
3647 1708 3826 1746 unum

469 1792 748 1848 stolorum
769 1792 825 1842 et
849 1787 1112 1856 deinceps
1137 1784 1347 1855 placuit
1366 1787 1431 1837 ut
1456 1786 1745 1837 accusatus
1767 1784 1854 1836 vel
1867 1783 2089 1854 judica-
2113 1771 2169 1842 B
2194 1786 2394 1840 vocavi
2444 1803 2598 1853 eum,
2641 1789 2700 1841 et
2746 1787 3009 1841 benedixi
3055 1787 3125 1854 ei,
3153 1791 3209 1840 et
3252 1786 3621 1857 multiplicavi
3670 1801 3823 1839 eum.

466 1893 558 1943 tus
579 1903 610 1939 a
627 1879 1188 1953 comprovincialibus
1208 1878 1267 1932 in
1287 1878 1534 1948 aliquam
1556 1893 1778 1931 causam
1797 1876 2094 1948 episcopus

466 1980 707 2036 licenter
721 1975 971 2048 appellet
985 1978 1041 2027 et
1053 1973 1218 2026 adeat
1233 1971 1556 2041 apostolicae
1575 1970 1724 2024 sedis
1743 1971 2091 2041 pontificem,

468 2073 564 2145 qui
596 2077 695 2125 aut
725 2085 828 2141 per
852 2084 931 2134 se,
965 2072 1060 2120 aut
1085 2082 1187 2136 per
1214 2064 1452 2118 vicarios
1484 2081 1610 2117 suos
1640 2064 1759 2134 ejus
1800 2065 2094 2118 retractari

466 2165 764 2237 negotium
791 2164 1088 2233 procuret;
1121 2162 1180 2212 et
1207 2159 1344 2213 dum
1371 2157 1570 2212 iterato
1589 2157 1805 2228 judicio
1835 2157 2096 2228 pontifex

468 2274 693 2314 causam
719 2273 880 2310 suam
904 2259 1052 2325 agat,
1082 2252 1270 2306 nullus
1291 2251 1436 2305 alius
1460 2250 1520 2304 in
1553 2251 1678 2321 ejus
1701 2250 1828 2305 loco
1854 2253 2096 2321 ponatur

469 2358 566 2408 aut
591 2351 888 2406 ordinetur
915 2347 1229 2418 episcopus,
1260 2344 1552 2416 quoniam,
1588 2359 1916 2415 quanquam
1951 2360 2098 2398 com-

471 2443 909 2519 provincialibus
945 2439 1223 2510 episcopis
1265 2437 1502 2492 accusati
1547 2453 1775 2491 causam
1819 2436 2098 2508 pontificis

471 2537 708 2595 scrutari
735 2537 921 2604 liceat,
955 2549 1071 2587 non
1102 2536 1286 2586 tamen
1330 2531 1577 2585 diffinire
1620 2531 1937 2585 inconsulto
1981 2531 2094 2584 Ro-

472 2650 644 2689 mano
699 2629 967 2702 pontiﬁce
1018 2625 1358 2698 permissum
1410 2629 1512 2692 est,
1550 2641 1679 2679 cum
1723 2625 1890 2678 beato
1934 2626 2098 2678 Petro

472 2725 730 2798 apostolo
758 2740 877 2778 non
919 2721 988 2775 ab
1016 2721 1122 2775 alio
1151 2735 1326 2790 quam
1355 2717 1424 2772 ab
1457 2717 1578 2788 ipso
1608 2718 1823 2771 dictum
1867 2717 1939 2772 sit
1987 2717 2093 2771 Do-

472 2822 629 2876 mino
660 2837 673 2874 :
705 2818 1088 2886 Quazcumque
1137 2811 1399 2883 ligaveris
1452 2827 1622 2882 super
1664 2816 1899 2878 terram,
1932 2815 2099 2865 erunt

472 2915 649 2986 ligata
661 2915 717 2968 et
731 2911 789 2965 in
809 2909 970 2977 ccelo,
990 2913 1044 2963 et
1058 2922 1412 2979 quaecunque
1431 2903 1662 2959 solveris
1681 2910 2094 2975 superterram,

473 3013 641 3065 erunt
670 3005 851 3060 soluta
875 3007 931 3056 ct
957 3002 1015 3056 in
1048 3002 1209 3056 coelo.
1241 3001 1307 3054 Et
1335 2998 1469 3053 alibi
1501 2999 1557 3052 in
1589 2998 1859 3052 institutis
1890 2997 2099 3066 legitur

475 3099 794 3176 apostolicis
817 3115 830 3152 :
855 3097 910 3153 Si
935 3096 1060 3168 quis
1079 3094 1361 3166 putaverit
1380 3110 1438 3146 se
1460 3109 1493 3146 a
1515 3091 1747 3162 proprio
1774 3090 2100 3162 metropoli-

474 3203 609 3253 tano
637 3193 876 3265 gravari,
908 3190 1060 3262 apud
1086 3188 1467 3261 patriarcham
1503 3187 1589 3240 vel
1620 3186 1923 3256 primatem
1963 3185 2097 3239 dioe-

474 3307 683 3356 ceseos,
724 3292 822 3342 aut
867 3301 1042 3358 penes
1087 3281 1424 3336 universalis
1471 3279 1794 3350 apostolicae
1846 3279 2102 3333 Ecclesiae

467 3385 756 3457 judicctur
798 3381 1013 3436 sedem.
1046 3375 1196 3430 Nihil
1230 3373 1385 3428 aliud
1418 3377 1520 3441 est,
1548 3373 1771 3441 fratres,
1800 3373 1925 3428 talis
1953 3391 2098 3446 prae-

476 3477 744 3550 sumptio,
772 3475 882 3530 nisi
911 3469 1303 3543 apostolorum
1327 3483 1676 3539 suorumque
1716 3485 2102 3523 successorum

475 3572 748 3628 terminos
818 3563 1155 3636 transgredi,
1207 3578 1524 3634 eorumque
1587 3562 1814 3618 decreta
1866 3563 2099 3618 violare.

475 3667 788 3737 Culpantur
816 3659 991 3726 enim,
1024 3662 1085 3711 ut
1127 3656 1399 3728 scriptum
1441 3658 1545 3725 est,
1574 3656 1797 3723 fratres,
1838 3657 1969 3727 quia
1998 3656 2100 3710 ali-

474 3765 562 3814 ter
592 3759 737 3812 circa
766 3754 1061 3826 episcopos
1081 3750 1338 3821 judicare
1370 3755 1725 3820 prtesumunt
1760 3767 1934 3820 quam
1964 3766 2101 3820 apo-

472 3851 679 3907 stolicae
710 3847 860 3902 sedis
884 3861 1049 3917 papae
1074 3843 1197 3898 fieri
1224 3842 1518 3913 placuerit.
1551 3845 1617 3897 Et
1643 3843 1769 3913 quis
1799 3847 1881 3896 est
1906 3842 2106 3913 quiju-

477 3946 629 4001 dicat
654 3959 788 3998 eum
815 3956 987 4012 quem
1017 3937 1291 3993 Dominus
1319 3936 1424 3990 sibi
1469 3942 1528 3990 et
1569 3936 1702 3990 huic
1748 3941 1954 3990 sancta:
1985 3936 2105 3990 sedi

476 4035 750 4097 reservari
780 4035 958 4089 voluit
983 4031 1403 4104 judicandum?
1432 4031 1523 4084 Ait
1555 4046 1805 4101 namque
1835 4030 2106 4084 Dominus

477 4151 582 4208 per
615 4131 950 4204 prophetam
998 4126 1198 4181 Isaiam
1229 4143 1241 4180 :
1276 4146 1303 4175 ‹‹
1332 4124 1570 4178 Domine
1619 4125 1765 4178 Deus
1809 4123 2107 4178 auxiliator

480 4244 662 4294 meus,
695 4225 825 4280 ideo
873 4240 991 4277 non
1035 4237 1161 4274 sum
1200 4220 1486 4285 confusus,
1517 4217 1646 4272 ideo
1692 4217 1854 4289 posui
1902 4217 2107 4272 faciem

480 4337 671 4376 meam
702 4323 764 4374 ut
791 4321 1010 4389 petram
1036 4313 1417 4379 durissimam,
1448 4315 1505 4365 et
1532 4311 1644 4364 scio
1670 4311 1801 4382 quia
1827 4327 1943 4364 non
1969 4328 2102 4364 con-

479 4415 705 4485 fundar,
731 4413 896 4486 juxta
922 4415 1005 4466 est
1034 4409 1130 4481 qui
1153 4406 1422 4478 justiﬁcat
1452 4421 1567 4459 me.
1601 4405 1738 4469 Quis
1767 4405 2108 4461 contradicit

2119 3138 2174 3212 C

2195 1880 2590 1934 Consolabitur
2636 1897 2772 1951 ergo
2824 1880 3100 1935 Dominus
3146 1880 3300 1945 Sion,
3339 1885 3395 1934 et
3439 1879 3830 1933 consolabitur

2196 1989 2392 2028 omnes
2423 1975 2614 2028 ruinas
2653 1975 2795 2044 ejus.
2839 1977 2906 2028 Et
2943 1978 3115 2045 ponet
3159 1974 3445 2028 desertum
3494 1973 3615 2044 ejus
3662 1972 3829 2043 quasi

2197 2067 2439 2134 delicias,
2467 2071 2528 2123 et
2553 2068 2923 2123 solitudinem
2954 2069 3074 2137 ejus
3101 2069 3258 2139 quasi
3297 2069 3528 2122 hortum
3566 2065 3825 2134 Domini;

2196 2161 2470 2230 gaudium
2491 2165 2548 2216 et
2575 2162 2768 2216 lastitia
2797 2161 3117 2217 invenietur
3144 2161 3201 2215 in
3231 2178 3316 2228 ea,
3339 2162 3656 2230 gratiarum
3683 2159 3829 2214 actio

2198 2260 2254 2308 et
2294 2271 2402 2308 vox
2450 2256 2650 2311 laudis.
2680 2255 2967 2310 Attendite
3015 2255 3086 2310 ad
3134 2271 3250 2324 me,
3282 2255 3525 2326 populus
3559 2270 3740 2320 meus,
3774 2257 3830 2307 et

2196 2348 2378 2402 tribus
2405 2364 2555 2415 mea,
2587 2365 2680 2404 me
2712 2348 2919 2404 audite.
2955 2349 3102 2412 Quia
3133 2349 3216 2402 lex
3247 2365 3280 2402 a
3305 2364 3400 2402 me
3429 2348 3580 2402 exiet
3605 2353 3660 2402 et
3680 2347 3833 2416 judi-

2196 2441 2346 2496 cium
2372 2459 2567 2496 meum
2597 2443 2655 2496 in
2690 2444 2875 2498 lucem
2895 2442 3247 2514 populorum
3268 2442 3622 2512 requiescet;
3652 2457 3832 2511 prope

2197 2539 2280 2589 est
2331 2536 2515 2606 justus
2564 2553 2745 2607 meus,
2799 2553 3058 2608 egressus
3113 2540 3198 2589 est
3248 2536 3490 2590 salvator
3540 2551 3719 2601 meus,
3773 2539 3835 2588 et

2196 2629 2492 2683 brachium
2525 2647 2718 2684 meum
2745 2631 2982 2702 populos
3009 2629 3316 2701 judicabit;
3360 2645 3451 2684 me
3495 2629 3696 2682 insulas
3730 2645 3829 2680 ex-

2199 2722 2535 2793 spectabunt
2559 2727 2616 2777 et
2643 2724 2938 2778 brachium
2974 2740 3170 2777 meum
3211 2722 3592 2776 sustinebunt.
3624 2723 3831 2776 Levate

2197 2815 2256 2869 in
2287 2815 2491 2870 coelum
2536 2817 2725 2870 oculos
2765 2821 3004 2883 vestros,
3038 2824 3094 2872 et
3123 2816 3307 2870 videte
3341 2815 3444 2870 sub
3475 2819 3624 2870 terra
3661 2816 3833 2869 deor-

2198 2926 2346 2976 sum,
2381 2910 2517 2980 quia
2545 2911 2671 2964 coeli
2703 2911 2846 2965 sicut
2876 2912 3068 2964 fumus
3114 2909 3450 2979 liquescent,
3481 2914 3537 2964 et
3565 2915 3719 2963 terra
3753 2910 3834 2962 si-

2198 3009 2294 3057 cut
2314 3003 2713 3058 vestimentum
2743 3009 3036 3074 atterctur,
3066 3009 3121 3058 et
3146 3003 3489 3058 habitatores
3529 3003 3649 3072 ejus
3688 3002 3840 3057 sicut

2201 3097 2321 3150 haec
2349 3097 2686 3151 interibunt.
2719 3098 2880 3152 Salus
2923 3101 3114 3151 autem
3145 3114 3271 3150 mea
3299 3097 3372 3166 ,in
3421 3096 3837 3166 sempiternum

2201 3143 2320 3150 --νυν
2349 3143 2686 3151 ---ηηηηη
2719 3143 2878 3152 ψη.--
2923 3143 3114 3151 ηπ..-
3146 3143 3271 3150 ---νη
3421 3143 3837 3166 -----,.------_-..

2201 3191 2327 3260 erit,
2361 3196 2418 3245 et
2457 3191 2678 3262 justitia
2724 3207 2846 3244 mea
2882 3205 2994 3243 non
3047 3143 3317 3244 deficiet.‘
3343 3190 3545 3246 Audite
3593 3205 3685 3244 me
3734 3191 3838 3260 qui

2200 3285 2610 3355 scitisjustum,
2644 3285 2886 3354 populus
2918 3301 3099 3351 meus,
3135 3283 3230 3338 lex
3276 3301 3403 3338 mea
3442 3283 3501 3337 in
3541 3283 3707 3337 corde
3738 3300 3835 3336 eo-

2202 3395 2350 3432 rum.
2382 3377 2559 3432 Nolite
2591 3377 2795 3432 timere
2840 3377 3212 3449 opprobrium
3259 3377 3560 3431 hominum
3607 3379 3664 3431 et
3707 3377 3834 3431 bla—

2202 3471 2486 3542 sphemias
2513 3487 2740 3537 eorum;
2785 3471 2929 3526 sicut
2976 3472 3131 3526 enim
3180 3471 3605 3540 vestimentum,
3633 3469 3712 3523 sic
3735 3486 3834 3525 co-

2203 3566 2396 3620 medet
2425 3582 2522 3620 eos
2549 3565 2779 3635 vermis,
2811 3570 2868 3620 et
2897 3565 3042 3618 sicut
3069 3566 3279 3631 lanam,
3313 3564 3390 3617 sic
3420 3563 3711 3618 devorabit
3739 3579 3837 3618 eos

2203 3659 2371 3714 tinea.
2406 3659 2565 3714 Salus
2592 3661 2785 3713 autem
2813 3675 2942 3713 mea
2969 3657 3026 3712 in
3059 3658 3472 3728 sempiternum
3504 3657 3628 3722 erit,
3659 3659 3717 3710 et
3736 3657 3832 3726 ju-

2204 3752 2358 3806 stitia
2381 3768 2508 3806 mea
2534 3752 2593 3806 in
2617 3752 2981 3824 generatione
3009 3755 3066 3806 et
3089 3751 3519 3822 generationem
3544 3754 3664 3818 (Isa.
3695 3767 3746 3819 L,
3775 3753 3834 3818 7,

2203 3850 2301 3916 2t;
2330 3863 2402 3912 LI,
2434 3851 2482 3914 l,
2514 3847 2587 3916 2).
2622 3867 2648 3895 »
2700 3845 2883 3901 Multis
2912 3844 3112 3899 mundi
3143 3845 3312 3916 hujus
3349 3843 3651 3912 illecebris,
3681 3844 3833 3897 mul-

2205 3939 2275 3992 tis
2297 3939 2637 3993 vanitatibus
2667 3938 3046 3994 resistendum
3075 3941 3181 4003 est,
3203 3942 3266 3992 ut
3290 3954 3437 3991 vera:
3463 3935 3751 3990 charitatis
3779 3939 3838 3990 et

2205 4032 2571 4088 continentiae
2621 4032 2946 4087 obtineatur
2989 4031 3303 4102 integritas.
3344 4031 3621 4085 Dominus
3675 4029 3836 4084 enim

2206 4127 2425 4180 nullum
2454 4127 2574 4180 vult
2619 4126 2823 4195 perire,
2856 4125 2952 4180 sed
2994 4142 3191 4180 omnes
3229 4125 3409 4179 salvos
3453 4123 3598 4178 ﬁeri.
3632 4124 3835 4178 Certus

2207 4222 2396 4275 autem
2428 4236 2553 4273 sum
2577 4235 2672 4272 vos
2701 4219 2771 4272 ad
2802 4219 2922 4273 haec
2953 4219 3314 4274 emendanda
3343 4218 3431 4271 vel
3477 4216 3837 4271 defendenda

2207 4313 2440 4368 Domino
2465 4312 2773 4367 auxiliante
2801 4313 3097 4384 proficere.
3132 4313 3266 4366 Data
3295 4327 3387 4366 xm
3422 4311 3540 4366 Kal.
3570 4310 3834 4383 Augusti,

2205 4406 2515 4464 Commodo
2543 4411 2599 4462 et
2627 4407 2894 4462 Gratiano
2918 4408 2983 4461 IV
3013 4405 3355 4462 consulibus.

1397 4700 1632 4766 CUJUS
1687 4697 1947 4765 SUPRA
1991 4698 2375 4766 EPISTULA
2417 4701 2522 4764 AD
2567 4699 2906 4766 APHROS.

1743 4830 1836 4892 De
1869 4831 2082 4892 causis
2106 4830 2570 4912 superioribus.

547 4999 748 5052 VICTOR
799 4991 1064 5050 Romanae
1110 4987 1370 5048 Ecclesiae
1419 4981 1574 5044 urbis
1623 4981 2100 5058 archiepiscopus,
2123 4995 2184 5069 D
2208 5001 2324 5038 non
2353 4983 2692 5054 discrepare,
2724 4982 2823 5036 sed
2855 4979 3166 5036 concordes
3191 4994 3330 5047 esse,
3355 4977 3486 5048 quia
3512 4975 3641 5029 licet
3666 4977 3844 5045 pauci

478 5091 753 5147 universis
769 5087 1043 5161 episcopis
1060 5104 1163 5158 per
1178 5085 1423 5142 Africam
1443 5082 1763 5138 constitutis
1781 5081 1840 5136 in
1862 5080 2106 5136 Domino

478 5187 738 5240 salutem.

551 5280 791 5349 Semper
817 5276 973 5331 enim
1014 5275 1074 5329 in
1115 5280 1328 5330 aeterno
1358 5271 1588 5328 consilio
1629 5269 1727 5325 Dei
1757 5267 1971 5324 mansit
2002 5268 2104 5322 hu-

477 5373 633 5429 mani
660 5371 888 5444 generis
913 5367 1452 5424 incommutabiliter
1475 5364 1861 5438 praeordinata
1881 5379 2108 5434 repara-

478 5469 579 5535 tio,
613 5467 713 5522 sed
751 5466 892 5521 ordo
923 5480 1116 5518 rerum
1158 5478 1259 5533 per
1282 5461 1583 5516 Dominum
1623 5462 1884 5514 nostrum
1913 5459 2107 5512 Jesum

479 5561 766 5619 Christum
829 5557 1222 5629 temporaliter
1285 5555 1664 5627 gerendarum
1739 5551 2110 5624 dispositione

479 5658 634 5713 verbi
662 5655 835 5712 divini
873 5651 1114 5723 sumpsit
1145 5650 1460 5706 exordium.
1494 5649 1850 5720 Quapropter
1887 5649 2113 5718 oportet

480 5769 597 5819 vos,
617 5751 835 5816 fratres,
857 5746 1158 5802 unanimes
1179 5763 1320 5812 esse,
1343 5747 1400 5800 et
1425 5742 1837 5798 adminiculum
1863 5741 2109 5797 vicissim

476 5846 627 5904 ferre
661 5861 674 5900 :
703 5844 763 5899 in
789 5847 941 5898 recta
970 5857 1108 5914 ergo
1146 5841 1258 5896 fide
1289 5844 1344 5895 et
1387 5838 1446 5892 in
1497 5837 1856 5892 sacramentis
1911 5835 2112 5890 divinis

2207 5080 2328 5134 sitis
2346 5079 2632 5133 malorum
2648 5075 3092 5146 comparatione,
3115 5071 3159 5127 si
3181 5076 3376 5126 tamen
3395 5069 3699 5124 concordes
3719 5069 3844 5124 fue-

2207 5173 2347 5243 ritis,
2381 5172 2565 5240 facile,
2595 5169 2904 5226 auxiliante
2933 5168 3190 5236 Domino,
3224 5170 3438 5219 vestros
3481 5161 3841 5217 insidiatores

2208 5266 2568 5338 superabitis.
2599 5265 2658 5320 Si
2684 5281 2818 5319 vero
2865 5261 3172 5326 discordes,
3201 5259 3356 5330 quod
3397 5257 3560 5325 absit,
3589 5255 3839 5322 fueritis,

2209 5377 2321 5416 non
2341 5359 2693 5431 superabitis,
2713 5357 2810 5412 sed
2825 5353 3254 5428 superabimini.
3268 5352 3559 5408 Perlatum
3573 5351 3659 5404 est
3677 5349 3841 5403 enim

2208 5455 2278 5510 ad
2304 5454 2496 5509 sedem
2511 5452 2879 5524 apostolicam
2907 5449 3126 5520 aliquos
3141 5452 3392 5502 vestrum
3413 5460 3612 5499 nocere
3633 5444 3844 5498 fratres

2208 5549 2373 5614 velle,
2404 5550 2456 5601 et
2483 5549 2545 5600 ut
2568 5547 2786 5609 cadant,
2817 5545 3125 5612 decertare,
3154 5540 3413 5595 similiter
3438 5539 3496 5593 in
3521 5553 3844 5592 sacramen-

2209 5642 2279 5698 tis
2303 5641 2644 5711 discrepare,
2668 5642 2725 5694 et
2757 5638 2829 5694 ob
2861 5637 2919 5692 id
2945 5635 3338 5691 contentiones
3363 5636 3420 5687 et
3450 5629 3846 5686 aemulationes

2211 5737 2359 5792 inter
2381 5751 2477 5788 vos
2500 5734 2652 5799 fieri;
2681 5750 2713 5786 a
2738 5732 2944 5804 quibus
2970 5727 3404 5784 dissensionibus
3434 5741 3529 5779 vos
3557 5727 3843 5791 avertere,

2213 5834 2271 5887 ct
2289 5830 2348 5884 in
2374 5828 2462 5884 his
2481 5829 2744 5884 omnibus
2769 5824 3130 5892 concordare,
3150 5825 3208 5878 et
3228 5836 3396 5897 opem
3421 5819 3568 5876 ferre
3593 5815 3845 5877 vicissim
