4068 6338
251 279 340 331 125

1468 278 1939 336 DECRETALIUM
1977 277 2364 334 COLLECTIO.

3494 287 3595 340 126

242 383 582 439 mandamus.
625 385 768 439 Nam
804 384 848 439 si
888 384 1019 455 hoc‘,
1031 401 1202 458 agere
1242 386 1353 442 cito
1392 387 1772 459 neglexeritis,
1804 391 1860 441 et
1879 398 1937 470 Α
1960 390 2044 440 est
2066 386 2124 440 in
2153 387 2294 441 urbe
2329 385 2595 452 solitudo,
2639 390 2696 441 et
2732 384 3021 442 calamitas
3051 386 3334 458 opprimet
3382 395 3594 460 portas.

245 477 472 532 vicissim
510 478 861 533 reconciliari
892 496 1010 534 non
1048 481 1396 551 studueritis,
1428 481 1498 536 ab
1537 481 1856 553 apostolicae

243 572 372 626 sedis
401 576 459 626 et
494 572 669 627 totius
713 573 974 629 Ecclesia:
1009 575 1413 630 communione
1454 592 1554 630 vos
1578 575 1716 646 pelli
1742 591 1856 629 non

243 665 510 732 dubitetis,
556 683 660 721 nec
703 667 1017 737 attenditis,
1069 668 1403 735 charissimi,
1455 670 1702 739 qualiter
1740 669 1854 723 Do-

239 760 412 813 minus
430 775 535 831 per
553 760 753 814 Isaiam
775 762 1113 832 prophetam
1132 761 1335 817 talibus
1356 762 1735 817 comminatus
1748 767 1854 829 est,

241 853 417 907 dicens
464 869 478 906 :
527 874 555 902 «
613 853 884 909 Dominus
934 855 1013 910 eis
1053 856 1275 909 locutus
1323 859 1406 910 est
1442 856 1679 911 verbum
1724 856 1852 923 hoc,

236 947 364 1001 luxit
387 950 441 1001 et
465 946 702 1001 deﬂuxit
726 951 899 1014 terra,
937 953 995 1002 et
1036 948 1325 1002 inﬁrmata
1365 955 1467 1017 est,
1509 949 1747 1004 deﬂuxit
1770 966 1857 1004 or-

235 1040 332 1106 bis,
363 1046 416 1094 et
438 1040 729 1095 inﬁrmata
763 1045 848 1095 est
878 1041 1116 1096 altitudo
1155 1043 1353 1114 populi
1393 1046 1577 1111 terrae,
1621 1048 1678 1098 et
1702 1048 1856 1098 terra

235 1132 514 1188 interfecta
542 1138 624 1188 est
651 1134 720 1187 ab
740 1133 1146 1189 habitatoribus
1185 1135 1319 1202 suis,
1355 1137 1488 1207 quia
1517 1136 1853 1206 transgressi

233 1230 353 1280 sunt
399 1228 581 1298 leges,
637 1232 999 1282 mutaverunt
1045 1228 1161 1297 jus,
1216 1229 1629 1300 dissipaverunt
1671 1229 1854 1284 foedus

231 1319 648 1391 sempiternum.
692 1323 925 1393 Propter
962 1323 1068 1376 hoc
1109 1323 1426 1378 maledictio
1473 1323 1691 1377 vorabit
1739 1327 1850 1377 ter-

231 1431 367 1482 ram,
397 1416 453 1468 et
494 1415 811 1486 peccabth
860 1415 1206 1470 habitatores
1232 1417 1371 1487 ejus,
1416 1416 1658 1488 ideoque
1697 1416 1851 1471 insa-

229 1508 380 1563 nient
405 1508 648 1563 cultores
673 1509 812 1579 ejus,
841 1513 898 1564 et
926 1509 1323 1580 relinquentur
1365 1511 1626 1564 homines
1665 1511 1849 1582 pauci,

226 1602 359 1656 luxit
403 1601 709 1669 vindemia,
748 1602 1039 1657 inﬁrmata
1086 1607 1172 1658 est
1225 1603 1389 1671 vitis;
1444 1604 1853 1674 ingemuerunt

228 1712 412 1750 omnes
441 1696 540 1767 qui
560 1696 899 1751 laetabantur
917 1697 1122 1764 corde;
1151 1697 1385 1751 cessavit
1404 1697 1678 1768 gaudium
1709 1701 1850 1768 tym-

1955 479 2098 542 Quia
2127 480 2250 534 haec
2281 483 2450 534 erunt
2475 479 2535 534 in
2561 479 2748 534 medio
2787 484 2974 548 terrae,
3018 485 3074 536 et
3109 481 3169 535 in
3197 481 3386 537 medio
3411 499 3592 554 popu-

1953 571 2162 642 lorum,
2188 573 2482 644 quomodo
2510 573 2558 627 si
2587 590 2785 645 paucae
2823 573 2984 628 olivae
3013 591 3140 646 quae
3165 580 3588 646 remanserunt,

1954 665 2314 740 excutiantur
2344 683 2413 721 ex
2441 667 2580 733 olea,
2615 670 2671 721 et
2709 667 2914 722 racemi
2935 710 2949 737 ,
2982 684 3111 722 cum
3150 668 3324 723 fuerit
3350 669 3597 725 finitima

1953 760 2266 815 vindemia.
2313 760 2382 814 Hi
2422 760 2686 815 levabunt
2735 777 2931 816 vocem
2980 777 3144 816 suam
3191 767 3358 834 atque
3406 764 3598 819 lauda-

1953 852 2099 907 bunt
2131 869 2144 907 :
2175 870 2306 907 cum
2330 853 2674 924 gloriﬁcatus
2703 854 2874 910 fuerit
2901 855 3201 923 Dominus,
3230 856 3494 912 hinnient
3522 857 3593 913 de

1954 945 2119 1000 mari.
2143 948 2384 1018 Propter
2414 947 2523 1001 hoc
2543 946 2601 1000 in
2630 947 2900 1002 doctrinis
2923 948 3237 1020 gloriﬁcate
3262 950 3592 1018 Dominum,

1955 1045 2012 1094 et
2039 1039 2100 1093 in
2147 1039 2348 1094 insulis
2387 1040 2560 1094 maris
2603 1057 2817 1095 nomen
2854 1042 3076 1097 Domini
3126 1043 3224 1096 Dei
3264 1044 3433 1098 Israel
3460 1043 3590 1113 (Isa.

1954 1149 2103 1202 xxrv,
2133 1136 2186 1201 3,
2221 1135 2326 1204 15).
2368 1153 2395 1185 ››
2431 1136 2496 1188 Et
2525 1135 2811 1203 Dominus,
2841 1135 2900 1188 in
2932 1135 3184 1190 oratione
3216 1152 3390 1208 quam
3422 1137 3589 1192 disci-

1953 1227 2119 1297 pulos
2149 1243 2276 1280 suos
2303 1227 2493 1281 docuit
2519 1243 2701 1296 orare,
2733 1227 2811 1281 ait
2843 1245 2857 1281 :
2895 1248 2922 1279 «
2955 1230 3118 1284 Pater
3141 1233 3356 1295 noster,
3401 1231 3500 1300 qui
3532 1247 3591 1285 es

1953 1319 2014 1374 in
2051 1320 2225 1390 caelis,
2273 1320 2653 1375 sanctiﬁcetur
2688 1337 2898 1376 nomen
2940 1324 3124 1376 tuum.
3167 1343 3196 1373 »
3234 1325 3296 1377 In
3333 1323 3494 1377 bonis
3535 1329 3593 1377 et

1946 1413 2118 1482 justis
2151 1413 2481 1467 hominibus
2511 1414 2894 1468 sanctiﬁcatur
2934 1430 3144 1468 nomen
3177 1415 3417 1485 Domini,
3447 1421 3504 1470 et
3529 1416 3590 1470 in

1953 1506 2117 1560 malis
2142 1507 2590 1577 blasphematur,
2623 1511 2680 1563 et
2707 1508 2831 1579 ipsa
2852 1524 2954 1579 per
2981 1523 3039 1562 se
3075 1507 3288 1562 Veritas
3319 1508 3396 1562 ait
3423 1527 3436 1563 :
3473 1530 3500 1558 «
3533 1509 3588 1564 Si

1954 1602 2124 1656 offers
2169 1619 2376 1657 munus
2413 1606 2576 1657 tuum
2615 1603 2689 1657 ad
2727 1604 2920 1671 altare,
2964 1606 3021 1659 et
3054 1604 3378 1658 recordatus
3415 1605 3592 1659 fueris

1951 1695 2084 1766 quia
2123 1697 2296 1750 frater
2331 1700 2461 1750 tuus
2508 1697 2678 1752 habet
2711 1697 2927 1767 aliquid
2961 1698 3264 1752 adversum
3299 1700 3371 1766 te,
3418 1697 3585 1753 relin-

228 1806 518 1860 panorum,
563 1789 776 1860 quievit
806 1790 1022 1844 sonitus
1054 1791 1390 1857 laetantium,
1424 1791 1691 1845 conticuit
1729 1791 1852 1845 dul-
1871 1773 1927 1844 Β
1951 1805 2060 1860 que
2089 1789 2167 1843 ibi
2197 1807 2406 1844 munus
2430 1795 2595 1845 tuum
2621 1791 2694 1844 ad
2719 1791 2914 1858 altare,
2952 1794 3009 1845 et
3030 1791 3172 1846 vade
3201 1792 3360 1862 prius
3389 1808 3586 1846 recon-

227 1883 353 1938 cedo
379 1883 641 1951 citharaz;
665 1899 799 1937 cum
820 1883 1034 1938 cantico
1056 1900 1173 1938 non
1202 1883 1398 1939 bibent
1417 1885 1636 1951 vinum,
1658 1901 1850 1938 amara

226 1977 325 2030 erit
348 1975 500 2046 potio
526 1975 852 2030 bibentibus
876 1976 1067 2045 illam;
1105 1976 1294 2031 attrita
1331 1982 1414 2031 est
1455 1976 1646 2030 civitas
1688 1977 1857 2042 vani:

225 2069 363 2137 tatis,
419 2071 609 2124 clausa
667 2075 753 2124 est
801 2070 984 2124 omnis
1035 2070 1238 2124 domus
1290 2070 1449 2124 nullo
1500 2070 1845 2124 introeunte.

222 2163 441 2217 Clamor
467 2163 576 2218 erit
603 2179 776 2234 super
815 2163 949 2218 vino
983 2163 1044 2217 in
1086 2162 1312 2234 plateis,
1351 2163 1572 2218 deserta
1616 2167 1702 2218 est
1732 2180 1850 2218 om-

223 2257 304 2312 nis
344 2257 570 2327 laztitia;
611 2258 948 2312 translatum
997 2259 1083 2311 est
1119 2256 1396 2327 gaudium
1431 2261 1618 2324 terrai,
1657 2257 1850 2312 relicta

1948 1883 2125 1936 ciliari
2173 1884 2336 1938 fratri
2377 1887 2496 1953 tuo,
2535 1887 2591 1939 et
2629 1889 2822 1955 postea
2858 1884 3060 1939 offeres
3096 1901 3306 1939 munus
3332 1889 3524 1940 .tuum.
3557 1906 3584 1934 ››

1947 1976 2097 2030 Nulli
2123 1993 2256 2030 vero
2279 1977 2442 2030 liceat
2466 1977 2781 2032 doctrinam
2813 1979 3200 2048 evangelicam
3226 1979 3505 2046 deserere,
3531 1981 3587 2032 et

1949 2069 2280 2123 sacerdotali
2316 2071 2531 2125 honore
2569 2071 2835 2141 gaudere.
2876 2073 3018 2126 Data
3055 2072 3178 2126 Kal.
3219 2071 3584 2143 Septembris,

1949 2162 2229 2218 Laterano
2259 2168 2316 2218 et
2341 2163 2569 2220 Rufﬁno
2595 2166 2662 2218 IV
2696 2181 2776 2220 cc.
2805 2164 3151 2220 consulibus.

727 2575 1304 2669 INCIPIUNT
1389 2577 1913 2668 DECRETA
1999 2577 2607 2668 ZEPHERINI
2704 2576 3071 2667 ΡΑΡίΕ.

1141 2742 1321 2805 (Anno
1351 2744 1575 2799 Domini
1605 2748 1728 2813 208,
1761 2749 2022 2817 tempore
2048 2744 2237 2800 Severi
2267 2745 2666 2817 imperatoris.)

285 3003 565 3058 Romanae
599 3002 756 3058 urbis
795 3002 1248 3075 archiepiscopus
1283 3005 1625 3059 Zernsnmvs
1671 3004 1852 3057 omni-
1871 3019 1926 3094 ρ
1951 3004 2122 3060 miter
2146 3007 2297 3059 stare
2326 3005 2520 3071 voluit,
2553 3020 2670 3059 non
2695 3020 2728 3058 a
2749 3002 3096 3075 quibuslibet
3110 3001 3334 3073 agitari.
3356 3003 3583 3059 Nullum

216 3097 316 3152 bus
356 3115 460 3169 per
504 3097 754 3154 Siciliam
810 3097 1126 3153 constitutis
1172 3098 1447 3169 episcopis
1497 3098 1556 3152 in
1609 3098 1848 3153 Domino

217 3192 460 3246 salutem
471 3233 485 3246 .

283 3286 503 3341 Divina:
534 3286 682 3340 circa
719 3301 822 3339 nos
851 3285 1049 3355 gratiae
1093 3301 1380 3340 memores
1416 3302 1536 3340 esse
1579 3286 1848 3340 debemus

216 3395 342 3450 quae
397 3396 504 3434 nos
557 3395 661 3451 per
714 3379 1058 3450 dignationis
1097 3396 1214 3434 suae
1268 3379 1720 3434 misericordiam
1777 3379 1848 3434 ob

215 3473 318 3527 hoc
349 3473 425 3527 ad
455 3472 754 3543 fastigium
780 3473 1125 3528 sacerdotale
1152 3473 1431 3544 provexit,
1472 3477 1534 3526 ut
1565 3472 1848 3528 mandatis

213 3566 391 3638 ipsius
428 3566 794 3636 inhterentes,
835 3572 891 3622 et
937 3567 997 3621 in
1036 3567 1286 3638 quadam
1335 3567 1684 3621 sacerdotum
1729 3567 1849 3636 ejus

214 3660 600 3731 speculatione
644 3660 955 3728 constituti,
997 3661 1402 3732 prohibeamus
1435 3660 1631 3714 illicita
1674 3665 1731 3714 et
1769 3676 1849 3714 se-

211 3755 445 3825 quenda
481 3754 805 3809 doceamus.
844 3753 1001 3809 Sicut
1034 3755 1222 3808 stellas
1255 3754 1380 3808 coeli
1421 3770 1536 3808 non
1568 3752 1851 3824 extinguit

213 3865 360 3918 nox,
407 3847 488 3902 sic
532 3851 756 3902 mentes
800 3847 1051 3902 ﬁdelium
1100 3847 1462 3902 ﬁrmamento
1505 3847 1850 3902 inhaerentes

208 3944 426 3996 sancta:
455 3941 759 4012 Scripturae
785 3958 899 3995 non
935 3941 1196 3995 obscurat
1234 3941 1524 3995 mundana
1553 3940 1844 4011 iniquitas.

209 4037 430 4090 Idcirco
461 4035 722 4090 meditari
752 4051 849 4089 vos
890 4037 1115 4106 oportet
1149 4039 1205 4090 et
1244 4035 1578 4105 Scripturas,
1615 4039 1672 4089 et
1700 4050 1846 4105 prae-

207 4135 377 4201 cepta
407 4129 617 4198 divina,
665 4145 795 4200 quae
841 4128 900 4183 in
944 4128 1258 4200 Scripturas
1297 4128 1680 4196 continentur,
1727 4127 1850 4182 dili-

208 4226 420 4294 genter
461 4222 774 4290 attendere,
815 4239 886 4277 ne
921 4227 1369 4292 transgressores
1408 4222 1547 4292 legis
1591 4221 1710 4290 Dei,
1750 4221 1849 4275 sed

204 4317 549 4389 impletores
578 4315 918 4386 appareatis.
951 4315 1289 4371 Patriarchae
1309 4332 1441 4370 vero
1459 4316 1548 4370 vel
1577 4315 1849 4386 primates

1948 3102 2142 3154 autem
2173 3114 2368 3154 eorum
2401 3099 2680 3152 sententia
2702 3115 2734 3151 a
2763 3114 2877 3152 non
2909 3115 3009 3151 suo
3029 3097 3223 3168 judice
3266 3097 3414 3151 dicta
3446 3114 3582 3151 con-

1950 3192 2212 3263 stringat,
2246 3191 2382 3263 quia
2411 3197 2467 3246 et
2501 3191 2658 3263 leges
2683 3191 2870 3245 saeculi
2907 3190 2967 3244 id
2993 3191 3180 3261 ipsum
3219 3191 3343 3244 ﬁeri
3379 3190 3584 3261 praeci-

1949 3286 2131 3355 piunt.
2167 3285 2472 3340 Duodecim
2501 3285 2655 3340 enim
2669 3284 2891 3356 judices
2911 3284 3152 3356 quilibet
3179 3285 3471 3354 episcopus
3497 3300 3586 3338 ac-

1950 3384 2193 3447 cusatus,
2219 3380 2265 3433 si
2292 3395 2518 3434 necesse
2545 3378 2733 3447 fuerit,
2765 3378 2958 3449 eligat,
2994 3395 3027 3431 a
3055 3377 3259 3449 quibus
3280 3377 3403 3448 ejus
3422 3394 3586 3431 causa

1941 3473 2093 3542 juste
2131 3473 2441 3543 judicetur,
2483 3489 2587 3526 nec
2616 3472 2774 3543 prius
2799 3471 3084 3539 audiatur,
3124 3474 3222 3525 aut
3248 3486 3584 3525 excommu-

1947 3566 2187 3634 nicetur,
2211 3567 2302 3621 vel
2321 3565 2630 3637 judicetur,
2655 3582 2826 3636 quam
2848 3564 2953 3635 ipsi
2980 3582 3082 3635 per
3113 3581 3169 3618 se
3198 3565 3502 3634 eligantur,
3530 3568 3590 3618 et

1949 3659 2287 3730 regulariter
2327 3662 2558 3713 vocatus
2602 3658 2676 3712 ad
2719 3674 2952 3712 suorum
3002 3655 3190 3728 primo
3237 3660 3584 3711 conventum

1950 3753 2366 3824 episcoporum,
2405 3770 2510 3824 per
2549 3769 2642 3808 eos
2678 3751 2800 3824 ejus
2838 3768 3004 3806 causa
3037 3752 3189 3822 juste
3229 3751 3494 3805 audiatur
3533 3756 3590 3806 et

1949 3847 2354 3902 rationabiliter
2384 3815 2933 3994 discernatur.\l:‘inis
2958 3861 3093 3900 vero
3138 3845 3262 3916 ejus
3293 3861 3477 3899 causa:
3513 3844 3588 3899 ad

1949 3941 2141 3994 sedem
2161 3940 2529 3994 apostolicam
2558 3939 2774 3994 deferat
2821 3957 2866 3994 r.
2899 3943 2960 3993 ut
2983 3939 3195 3994 ibidem
3228 3939 3586 3993 terminatur.

1949 3941 2141 3996 sedem
2161 3940 2529 4012 apostolicam
2558 3939 2866 4007 deferathr,
2899 3943 2960 3993 ut
2983 3939 3195 3994 ibidem
3228 3939 3586 3993 terminetur.

1948 4036 2059 4090 Nec
2089 4039 2257 4090 antea
2277 4035 2530 4103 ﬁniatur,
2577 4034 2723 4089 sicut
2756 4034 2826 4088 ab
2867 4034 3137 4104 apostolis
3181 4035 3266 4088 vel
3306 4050 3588 4088 successo-

1948 4127 2104 4183 ribus
2142 4145 2342 4183 eorum
2375 4128 2510 4182 olim
2539 4131 2813 4182 statutum
2854 4133 2956 4196 est,
2987 4144 3158 4199 quam
3197 4127 3320 4198 ejus
3347 4127 3590 4182 auctori-

1949 4225 2060 4278 tate
2090 4223 2384 4287 fulciatur;
2415 4223 2486 4277 ad
2515 4239 2643 4276 eam
2670 4238 2894 4293 quoque
2924 4221 2994 4275 ab
3021 4221 3286 4276 omnibus
3319 4221 3583 4291 (maxime

1948 4319 2141 4372 tamen
2154 4317 2221 4371 ab
2234 4316 2532 4387 oppressis)
2547 4316 2951 4386 appellandum
2965 4319 3118 4370 estet
3133 4315 3588 4370 concurrendum

205 4413 539 4465 accusatum
571 4408 934 4465 discutientes
983 4410 1333 4480 episcopum,
1381 4426 1496 4464 non
1541 4413 1673 4464 ante
1726 4403 1924 4475 sen—D
1948 4410 2106 4482 quasi
2133 4411 2205 4465 ad
2229 4413 2499 4477 matrem,
2533 4414 2594 4464 ut
2636 4410 2760 4480 ejus
2795 4409 3065 4463 uberibus
3103 4412 3449 4480 nutriantur,
3485 4427 3583 4464 au-

205 4505 452 4559 tentiam
500 4504 792 4575 proferant
837 4503 1134 4573 ﬁnitivam,
1174 4520 1347 4574 quam
1390 4503 1696 4575 apostolica
1724 4502 1850 4557 fulti

205 4597 570 4666 auctoritate,
611 4613 676 4651 ac
713 4613 877 4652 reum
916 4597 1165 4669 seipsum
1210 4597 1567 4665 conﬁteatur,
1604 4601 1702 4651 aut
1741 4613 1846 4668 per

203 4691 542 4747 innocentes
593 4694 651 4746 et
691 4691 1030 4762 regulariter
1085 4690 1438 4746 examinatos
1478 4690 1849 4744 convincatur

201 4789 399 4841 testes.
434 4784 540 4849 Qui
569 4783 783 4839 minori
809 4802 923 4840 non
950 4785 1064 4840 sint
1089 4801 1333 4840 numero
1359 4801 1534 4856 quam
1573 4783 1655 4837 illi
1680 4783 1845 4839 disci-

203 4879 326 4950 puli
371 4881 630 4948 fuerunt,
677 4895 819 4950 quos
866 4878 1138 4934 Dominus
1170 4880 1241 4934 ad
1281 4879 1677 4949 adjumentum
1719 4894 1848 4948 apo-

205 4974 489 5028 stolorum
528 4973 739 5044 eligere
775 4972 1064 5044 praecepit,
1107 4971 1166 5026 id
1204 4975 1290 5026 est
1322 4971 1681 5043 septuaginta
1711 4971 1844 5025 duo.

202 5067 571 5122 Detractores
623 5083 847 5138 quoque
907 5065 1099 5121 divina
1139 5065 1469 5121 auctoritate
1524 5063 1848 5119 eradicandi

202 5166 362 5230 sunt,
386 5167 446 5216 et
463 5164 727 5216 auctores
751 5160 1114 5215 inimicorum
1135 5160 1205 5214 ab
1232 5159 1537 5232 episcopali
1554 5158 1851 5214 submove-

201 5271 338 5309 mus
349 5255 712 5310 accusatione
726 5254 815 5309 vel
830 5255 1177 5324 testimonio,
1200 5271 1304 5309 nec
1323 5270 1683 5309 summorum
1701 5254 1849 5325 quis-

202 5349 368 5420 piam
395 5349 693 5404 minorum
724 5348 1177 5404 accusationibus
1212 5348 1632 5420 impetaturaut
1660 5347 1846 5419 dispe-

201 5447 350 5512 reat,
379 5460 573 5516 neque
599 5443 661 5496 in
681 5458 742 5498 re
764 5441 935 5497 dubia
957 5445 1108 5497 certa
1119 5442 1406 5514 judicetur
1426 5442 1721 5510 sententia,
1747 5458 1850 5496 nec

201 5538 389 5592 ullum
404 5536 718 5610 judicium,
741 5535 848 5590 nisi
877 5535 1262 5591 ordinabiliter
1289 5536 1548 5591 habitum
1565 5538 1846 5591 teneatur.

197 5631 427 5688 Absens
441 5649 579 5687 vero
591 5647 762 5686 nemo
767 5629 1218 5702 judicetur,quia
1230 5635 1284 5686 et
1295 5630 1498 5686 divinae
1513 5635 1569 5684 et
1580 5630 1850 5684 humana:

198 5724 308 5781 hoc
333 5726 649 5799 prohibent
670 5725 842 5796 leges.
863 5727 1225 5780 Accusatores
1249 5729 1438 5780 autem
1467 5741 1666 5779 eorum
1695 5723 1851 5778 omni

196 5826 444 5878 careant
466 5819 808 5892 suspicione,
838 5819 970 5890 quia
989 5821 1281 5875 columnas
1303 5835 1431 5876 suas
1453 5818 1732 5874 Dominus
1761 5818 1852 5874 ﬁr-

1953 4503 2155 4558 ctorite
2199 4504 2599 4570 defendantur,
2648 4507 2704 4558 et
2746 4520 2779 4557 a
2822 4503 2935 4558 suis
2993 4503 3450 4574 oppressionibus
3496 4519 3584 4558 re-

1947 4599 2229 4665 leventur,
2259 4597 2394 4669 quia
2424 4614 2538 4652 non
2565 4600 2768 4667 potest,
2799 4614 2904 4652 nec
2924 4597 3095 4653 debet
3119 4602 3305 4652 mater
3331 4597 3583 4652 oblivisci

1947 4690 2132 4746 ﬁlium
2164 4707 2350 4745 suum.

2020 4783 2381 4858 291udicia
2407 4781 2561 4837 enim
2579 4781 2990 4853 episcoporum,
3015 4783 3374 4855 majoresque
3395 4785 3584 4841 Eccle-

1948 4879 2047 4934 sise
2073 4895 2254 4932 causae
2282 4894 2315 4932 a
2343 4876 2472 4932 sede
2493 4875 2802 4948 apostolica
2821 4879 2877 4931 et
2901 4893 3016 4930 non
3041 4876 3112 4931 ab
3135 4875 3261 4945 alia,
3285 4877 3429 4933 sicut
3452 4895 3586 4951 apo‘

1949 4973 2077 5029 stoli
2094 4976 2151 5026 et
2171 4972 2346 5026 sancti
2363 4987 2711 5026 successores
2729 4987 2927 5026 eorum
2949 4974 3287 5039 statuerunt,
3316 4989 3446 5028 cum
3461 4972 3584 5030 aliis

1950 5066 2225 5138 episcopis
2242 5070 2374 5120 sunt
2384 5065 2761 5120 terminanda:
2778 5083 2793 5134 ;
2818 5064 2954 5136 quia
2967 5063 3103 5118 licet
3121 5063 3180 5118 in
3193 5065 3330 5120 alios
3348 5068 3585 5124 transfea

1948 5163 2080 5214 rant
2095 5159 2581 5232 episcOpos,beato
2596 5161 2788 5214 tamen
2802 5157 3230 5230 apostoloPetro
3244 5159 3456 5216 dictum
3471 5167 3584 5219 est:

1948 5255 2311 5325 Quaecunque
2337 5253 2599 5324 ligaveris
2626 5269 2800 5324 super
2820 5255 3034 5307 terram
3056 5258 3225 5308 erunt
3249 5253 3428 5324 ligata
3447 5259 3503 5312 et
3526 5256 3586 5313 in

1951 5348 2187 5417 coelis,et
2207 5363 2579 5418 quaecumque
2617 5346 2848 5402 solveris
2871 5363 3042 5418 super
3071 5349 3282 5402 terram
3305 5352 3473 5406 erunt
3493 5366 3581 5408 so-

1949 5442 2066 5497 luta
2086 5447 2142 5497 et
2156 5442 2214 5496 in
2231 5441 2402 5495 coelis.
2418 5441 2486 5494 Et
2501 5439 2720 5511 reliqua
2730 5439 3028 5512 privilegia
3039 5457 3165 5514 quae
3179 5443 3281 5498 soli
3293 5443 3424 5501 huic
3435 5463 3588 5504 sanc-

1949 5539 2023 5591 tas
2037 5534 2156 5591 sedi
2174 5550 2432 5590 concessa
2445 5536 2597 5604 sunt,
2616 5539 2671 5587 et
2683 5531 2740 5588 in
2754 5535 3070 5591 constitutis
3081 5539 3484 5610 apostolorum,
3499 5558 3587 5597 eo-

1950 5646 2192 5701 rumque
2208 5643 2616 5698 successorum,
2633 5628 2756 5683 aliis
2768 5646 2940 5700 quam
2948 5630 3205 5700 plurimis
3218 5650 3346 5688 cum
3360 5634 3438 5689 eis
3450 5652 3582 5690 con-

1953 5722 2291 5789 cinentibus,
2317 5721 2603 5777 habentur
2617 5721 2851 5777 inserta.
2880 5723 3255 5796 Septuaginta
3270 5726 3420 5780 enim
3440 5744 3582 5797 apo-

1951 5817 2078 5873 stoli
2107 5817 2413 5873 sententias
2441 5816 2814 5889 praefuerunt
2841 5833 2971 5872 cum
2997 5818 3122 5874 aliis
3154 5819 3587 5892 quamplurimis
