4068 6334
511 237 609 291 127

1388 231 1672 287 ΑΡΡΕΝΙ).
1713 227 1803 285 AD
1841 226 2001 284 S/EC.
2047 229 2132 283 IX.
2165 257 2234 268 --
2272 226 2522 284 ISIDORI
2558 226 2988 284 MERCATORIS

3772 227 3876 280 128

503 340 801 414 episcopis,
832 345 888 395 et
913 339 1212 396 servandas
1242 341 1605 394 censuerunt.
1634 338 1707 392 De
1729 336 1960 391 occultis
1982 337 2134 391 enim
2157 350 2216 424 Α
2235 335 2474 407 perituri
2509 351 2679 407 super
2702 352 2796 390 me
2823 333 3104 404 veniebat,
3133 335 3189 388 et
3218 347 3318 388 cor
3341 332 3527 388 viduas
3555 332 3880 387 consolatus

506 435 681 490 alieni
707 434 888 489 cordis
915 436 1133 488 temere
1163 432 1418 504 judicare
1454 432 1751 502 peccatum
1779 432 1883 496 est,
1917 433 1973 484 et
2002 446 2135 484 eum

507 529 670 600 cujus
707 544 822 582 non
865 526 1130 582 videntur
1177 541 1349 597 opera
1389 524 1496 579 nisi
1529 524 1699 590 bona,
1747 523 2009 594 iniquum
2052 527 2136 578 est

507 639 580 677 ex
610 621 925 692 suspicione
955 619 1384 692 reprehendere,
1413 634 1542 672 cum
1572 632 1770 672 eorum
1796 633 1921 688 quae
1946 616 2131 671 homi-

504 716 672 771 nibus
697 719 828 769 sunt
855 715 1143 786 incognita
1173 712 1322 767 solus
1350 713 1494 766 Deus
1513 711 1692 782 judex
1723 711 1821 780 sit;
1850 710 1969 782 ipse
1998 727 2132 766 vero

505 809 664 864 novit
692 808 1022 864 abscondita
1047 806 1247 875 cordis,
1283 808 1340 861 et
1375 822 1489 860 non
1519 805 1697 874 alius;
1737 804 1947 875 injusta
1978 805 2132 860 enim

499 902 718 974 judicia
745 903 814 956 ab
841 901 1104 956 omnibus
1131 900 1378 955 cavenda
1413 904 1564 968 sunt,
1604 899 1856 953 maxime
1883 901 2073 954 tamen
2101 915 2134 953 a

505 996 681 1051 servis
711 996 952 1050 Domini.
1001 994 1239 1049 Servum
1264 997 1456 1048 autem
1499 993 1597 1047 Dei
1639 1009 1753 1047 non
1785 996 2006 1064 oportet
2028 991 2134 1046 liti-

507 1106 663 1161 gare,
693 1105 799 1143 nec
829 1103 1182 1160 quemquam
1207 1088 1500 1142 damnare.
1543 1084 1802 1157 Episcopi
1829 1101 2074 1156 namque
2100 1101 2134 1138 a

503 1183 783 1254 plebibus,
815 1185 872 1236 et
901 1182 1071 1248 clero,
1118 1184 1173 1235 et
1210 1179 1436 1234 Domini
1475 1196 1508 1233 a
1538 1179 1714 1233 servis
1738 1179 1957 1234 ferendi
1979 1181 2128 1245 sunt,

501 1280 566 1332 ut
585 1276 688 1331 sub
719 1274 1124 1330 exercitatione
1149 1273 1466 1328 tolerantiae
1499 1272 1885 1328 sustineantur
1908 1277 2128 1343 tempo-

501 1368 656 1436 ralia,
709 1372 1011 1439 sperentur
1062 1369 1290 1421 interna.
1331 1367 1518 1438 Auget
1569 1365 1722 1420 enim
1768 1365 1970 1420 merita
2017 1365 2129 1419 vir-

500 1463 636 1517 tutis
675 1460 830 1532 quod
874 1459 1226 1531 propositum
1265 1475 1379 1514 non
1418 1459 1587 1513 violat
1624 1458 1929 1530 religionis.
1974 1457 2128 1513 Sata-

501 1554 758 1625 gendum
780 1558 866 1608 est
891 1552 1052 1607 nobis
1074 1570 1147 1607 ne
1164 1552 1368 1624 aliquis
1390 1553 1629 1606 fratrum
1643 1557 1972 1607 nostrorum
1998 1567 2128 1622 gra-

500 1646 644 1702 viter
696 1648 974 1702 laceretur
1040 1646 1128 1701 vel
1182 1651 1396 1718 pereat.
1461 1646 1799 1701 Succurrere
1849 1661 1984 1716 ergo
2031 1661 2130 1699 vos

2235 429 2613 500 sum,justitia
2638 429 2868 484 indutus
2904 445 3051 498 sum,
3082 432 3140 482 et
3157 427 3351 482 vestivi
3388 443 3482 482 me
3525 426 3876 481 vestimento

2235 526 2292 578 et
2323 524 2667 591 diademate,
2697 523 2914 594 judicio
2943 539 3100 592 meo;
3131 523 3324 576 oculus
3361 521 3444 576 fui
3475 537 3641 588 caeco,
3679 523 3735 574 et
3769 535 3878 590 pes

2235 617 2466 684 claudo;
2521 622 2681 688 pater
2718 633 2873 671 eram
2923 632 3264 689 pauperum,
3316 619 3372 670 et
3412 631 3645 669 causam
3693 629 3876 684 quam

2236 710 2554 765 nesciebam
2580 709 3012 781 diligentissime
3037 709 3468 780 investigabam.
3492 707 3875 762 Conterebam

2233 804 2414 858 molas
2439 803 2646 874 iniqui,
2688 803 2840 858 etde
2868 803 3130 858 dentibus
3173 802 3323 862 illius
3361 801 3686 857 auferebam
3717 817 3871 872 prae-

2233 897 2367 952 dam
2405 897 2536 967 (Job.
2578 912 2724 966 XXIX,
2787 895 2893 967 13),
2936 918 2964 944 ››
3006 901 3065 950 et
3124 895 3359 966 reliqua.
3411 896 3516 949 Vos
3568 910 3728 965 ergo,
3767 893 3874 965 qui

2232 989 2291 1044 in
2328 991 2553 1061 specula
2599 1007 2633 1044 a
2680 989 2926 1045 Domino
2980 988 3109 1044 estis
3147 988 3337 1060 positi,
3393 987 3770 1059 comprimere
3815 991 3876 1041 et

2233 1083 2508 1154 repellere
2574 1099 2667 1137 eos
2728 1099 3093 1154 summopere
3146 1081 3362 1137 debetis
3431 1081 3529 1153 qui
3597 1081 3873 1135 fratribus

2232 1176 2464 1231 insidias
2490 1181 2830 1248 praeparant,
2871 1180 2970 1231 aut
3012 1176 3073 1230 in
3117 1193 3215 1231 eos
3257 1175 3561 1231 seditiones
3606 1177 3664 1229 et
3701 1190 3869 1228 scan-

2235 1269 2358 1324 dala
2401 1269 2668 1325 excitant.
2700 1270 2885 1324 Facile
2915 1272 3000 1324 est
3041 1269 3194 1324 enim
3232 1269 3403 1323 verbo
3445 1268 3645 1322 fallere
3685 1267 3870 1322 homi-

2235 1380 2388 1433 nem,
2419 1380 2538 1418 non
2565 1367 2758 1419 tamen
2801 1365 3001 1418 Deum.
3053 1363 3185 1418 Ideo
3222 1363 3324 1417 hos
3370 1362 3667 1434 repellere,
3710 1361 3867 1416 etab

2234 1457 2320 1511 his
2344 1473 2438 1511 vos
2460 1474 2655 1513 cavere
2684 1461 2928 1528 oportet,
2968 1462 3248 1529 quatenus
3287 1456 3559 1510 exstincta
3604 1456 3864 1510 funditus

2232 1551 2401 1622 hujus
2428 1551 2583 1606 modi
2600 1550 2864 1622 caligine,
2894 1550 3097 1605 lucifer
3117 1550 3197 1606 eis
3222 1550 3581 1621 resplendeat
3596 1555 3654 1605 et
3666 1549 3867 1604 laetitia

2231 1644 2463 1713 oriatur,
2499 1643 2837 1700 sanctissimi
2872 1644 3096 1699 fratres.
3145 1645 3283 1699 Data
3329 1660 3404 1699 x11
3441 1642 3715 1698 Kalendas
3753 1642 3861 1697 Oc-

501 1743 722 1811 oportet
764 1739 1066 1812 oppressis,
1114 1743 1172 1794 et
1210 1740 1455 1794 liberare
1487 1755 1581 1794 eos
1618 1739 1689 1793 de
1729 1755 1905 1793 manu
1946 1721 2208 1810 perse-B
2233 1737 2431 1810 tobris,
2465 1738 2766 1794 Saturnino
2787 1743 2842 1794 et
2863 1737 3150 1794 Gallicana
3176 1739 3241 1792 IV
3268 1754 3348 1792 cc.
3377 1737 3592 1792 consul.

500 1834 822 1905 quentium,
850 1839 916 1890 ut
939 1850 1070 1889 cum
1097 1834 1266 1890 beato
1300 1833 1401 1889 Job
1435 1832 1634 1888 dicatis
1678 1849 1690 1888 :
1733 1853 1759 1885 ι(
1809 1832 2132 1889 Benedictio

1954 1980 2398 1996 -ψ-

1307 2125 1497 2191 ΙΤΕΜ
1541 2125 1928 2192 EPISTOLA
1973 2126 2322 2193 EIUSDEM
2368 2126 2766 2192 ZEPHIRINI
2812 2126 3064 2193 PAPAE.

567 2309 920 2367 Charissimis
948 2310 1216 2364 fratribus
1242 2325 1344 2381 per
1382 2311 1692 2381 Egyptum
1719 2308 1954 2365 Domino
1976 2309 2128 2364 mili-

497 2405 749 2460 tantibus
777 2406 1116 2459 ZEPHERINUS
1150 2405 1420 2459 Romana:
1457 2403 1616 2458 urbis
1646 2403 2122 2476 archiepiscopus.

565 2500 798 2553 Tantam
827 2516 860 2552 a
887 2497 1129 2552 Domino
1161 2497 1331 2568 hujus
1371 2503 1577 2552 sanctae
1607 2497 1774 2565 sedis,
1809 2501 1865 2552 et
1895 2503 2123 2569 aposto-

489 2592 612 2646 licae
655 2591 911 2646 Ecclesitn
949 2592 1274 2659 fundatore,
1327 2596 1382 2646 et
1425 2591 1589 2646 beato
1656 2592 1820 2645 Petro
1868 2591 2125 2664 principe

492 2687 900 2757 apostolorum,
933 2686 1252 2757 accepimus
1276 2684 1566 2752 ﬁduciam,
1594 2687 1660 2739 ut
1689 2701 1790 2755 pro
1822 2685 2125 2741 universali

489 2779 698 2834 Christi
728 2779 1001 2850 sanguine
1025 2779 1318 2850 redempta
1344 2778 1604 2846 Ecclesia,
1637 2778 1884 2849 impigro
1907 2779 2121 2835 labore-

490 2888 618 2927 mus
638 2871 864 2942 aﬁ‘ectu,
905 2875 963 2926 et
1003 2871 1265 2926 omnibus
1293 2871 1530 2926 Domino
1567 2871 1971 2927 famulantibus
1995 2889 2121 2928 suc—

490 2982 804 3031 curramus,
827 2969 883 3020 et
898 2966 1111 3021 cunctis
1131 2966 1223 3037 pie
1243 2965 1554 3021 viventibus
1574 2965 1876 3037 apostolica
1887 2967 2124 3021 auctori-

491 3063 609 3116 tate
636 3077 805 3132 opcm
829 3060 1095 3114 feramus.
1123 3061 1330 3116 Omnes
1357 3060 1454 3132 qui
1482 3061 1540 3114 in
1565 3059 1785 3116 Christo
1811 3061 2008 3115 volunt
2025 3061 2120 3132 pie

487 3154 693 3221 vivere,
719 3169 944 3208 necesse
973 3159 1074 3220 est,
1108 3157 1170 3208 ut
1200 3154 1270 3208 ab
1313 3153 1504 3224 impiis
1543 3160 1595 3209 et
1623 3154 1988 3209 dissimilibus
2022 3171 2118 3226 pa-

487 3245 707 3302 tiantur
738 3246 1061 3319 opprobria,
1095 3249 1151 3302 et
1175 3246 1560 3319 despiciantur
1580 3251 1860 3319 tanquam
1890 3247 2045 3302 stulti
2066 3253 2122 3303 et

486 3340 693 3408 insani,
706 3344 771 3395 ut
781 3341 1042 3396 meliores
1056 3347 1113 3396 et
1127 3342 1490 3414 purgatiores
1507 3341 1841 3397 efﬁciantur.
1857 3342 1964 3406 Qui
1975 3341 2122 3396 bona

482 3433 822 3507 temporalia
863 3435 1108 3506 perdunt
1144 3440 1211 3490 ut
1249 3435 1567 3508 percipiant
1625 3439 1858 3492 aeterna.
1910 3438 2119 3492 Eorum

2229 2311 2392 2380 mini,
2421 2310 2573 2366 unde
2603 2314 2658 2365 et
2702 2309 2823 2381 ipse
2865 2310 2983 2365 ait:
3017 2331 3046 2361 «
3077 2310 3231 2366 Beati
3273 2311 3370 2383 qui
3407 2309 3861 2382 persecutionem

2226 2405 2528 2477 patiuntur
2565 2409 2797 2476 propter
2831 2403 3111 2475 justitiam
3155 2405 3370 2476 (Matth.
3419 2421 3473 2472 v,
3531 2405 3646 2476 10);
3689 2425 3716 2456 »
3769 2405 3861 2459 his

2226 2498 2354 2553 fulti
2379 2498 2660 2570 suffragiis
2686 2515 2805 2553 non
2834 2498 3081 2552 multum
3120 2498 3393 2553 debemus
3422 2498 3626 2553 timere
3653 2516 3862 2571 oppro-

2225 2592 2415 2647 brium
2464 2591 2790 2659 hominum,
2843 2608 3030 2664 neque
3079 2609 3282 2647 eorum
3330 2592 3860 2664 exprobrationibus

2225 2685 2393 2752 vinci,
2423 2685 2694 2756 quoniam
2716 2685 2824 2739 hoc
2861 2685 3021 2739 nobis
3051 2685 3325 2740 Dominus
3350 2685 3516 2757 jubet
3533 2701 3636 2757 per
3653 2685 3858 2740 Isaiam

2224 2778 2568 2851 prophetam
2583 2778 2773 2833 dicens
2793 2795 2805 2833 :
2822 2779 3022 2834 Audite
3051 2795 3143 2834 me
3162 2779 3260 2851 qui
3284 2779 3434 2834 scitis
3444 2778 3745 2850 judicium,
3759 2796 3862 2851 po-

2224 2872 2392 2944 pulus
2423 2889 2585 2928 meus
2609 2872 2669 2926 in
2698 2889 2943 2945 quorum
2971 2873 3234 2927 cordibus
3264 2872 3359 2928 lex
3385 2889 3513 2928 mea
3538 2877 3637 2927 est.
3673 2873 3857 2928 Nolite

2222 2967 2422 3022 timere
2445 2966 2813 3039 opprobrium
2837 2966 3158 3037 hominum,
3179 2970 3236 3021 et
3249 2967 3625 3038 blasphemias
3652 2984 3859 3023 eorum

2221 3077 2294 3115 ne
2321 3060 2590 3131 timeatis,
2621 3060 3044 3116 considerantes
3077 3060 3232 3132 quod
3258 3061 3317 3114 in
3347 3060 3561 3131 psalmo
3581 3060 3860 3133 scriptum

2224 3157 2309 3209 est
2336 3172 2349 3210 :
2386 3177 2413 3205 «
2440 3156 2640 3209 Nonne
2657 3155 2803 3210 Deus
2832 3153 3070 3225 requirit
3097 3155 3224 3222 ista,
3248 3154 3368 3226 ipse
3390 3155 3545 3209 enim
3564 3155 3717 3210 novit
3732 3155 3860 3210 abs-

2221 3248 2447 3304 condita
2489 3248 2674 3303 cordis
2717 3248 2882 3318 (Psal.
2931 3265 3081 3316 XLIII,
3136 3248 3250 3318 22),
3300 3269 3327 3298 »
3381 3253 3436 3303 et
3481 3248 3859 3320 cogitationes

2219 3343 2422 3398 talium
2449 3342 2751 3397 hominum
2771 3341 3043 3414 quoniam
3065 3358 3227 3396 vanas
3255 3345 3415 3409 sunt;
3437 3361 3463 3393 «
3485 3343 3641 3397 Vana
3661 3347 3857 3399 autem

2217 3436 2390 3491 locuti
2409 3440 2542 3491 sunt
2551 3436 2940 3508 unusquisque
2961 3435 3034 3490 ad
3055 3436 3377 3508 proximum
3390 3453 3574 3506 suum,
3592 3435 3739 3491 labia
3756 3437 3858 3492 do-

482 3545 615 3585 vero
640 3529 923 3602 despectio
969 3534 1023 3602 et
1062 3529 1246 3584 irrisio
1282 3530 1341 3584 in
1375 3529 1523 3602 ipsos
1566 3529 1991 3602 retorquebitur
2019 3530 2118 3602 qui
2216 3529 2332 3585 losa
2356 3530 2416 3585 in
2453 3529 2622 3585 corde
2661 3533 2718 3583 et
2755 3529 2920 3584 corde
2947 3529 3118 3584 locuti
3147 3533 3279 3584 sunt
3302 3529 3470 3584 mala.
3501 3529 3612 3584 Sed
3642 3530 3858 3601 disper-

481 3641 575 3680 eos
605 3595 872 3696 afﬂigunt
903 3628 960 3679 et
977 3595 1351 3679 'contumeliis
1380 3595 1655 3694 afficiunt,
1686 3595 1818 3680 cum
1845 3629 1902 3680 et
1929 3595 2112 3680 abun-
2137 3602 2192 3676 C
2220 3624 2315 3680 det
2343 3625 2485 3680 Deus
2515 3622 2774 3680 universa
2798 3622 2946 3678 labia
2971 3623 3165 3678 dolosa
3203 3625 3259 3678 et
3284 3622 3544 3696 linguam
3568 3595 3852 3695 magnilo-

481 3717 674 3775 dantia
699 3735 899 3774 eorum
922 3717 983 3772 in
1011 3721 1344 3788 egestatem,
1379 3721 1437 3772 et
1462 3718 1728 3790 superbia
1747 3717 2037 3773 transierit
2055 3719 2115 3773 in

481 3810 890 3868 confusionem.
911 3809 1249 3864 Nuntiatum
1266 3810 1520 3866 estenim
1540 3809 1659 3866 sedi
1671 3811 1993 3883 apostolim
2014 3827 2117 3882 per

480 3903 874 3978 apocrisiarios
910 3907 1131 3959 nostros
1181 3903 1460 3975 quosdam
1503 3904 1747 3958 fratrum
1789 3907 2114 3960 nostrorum

482 3999 881 4071 episcoporum
916 3996 1180 4052 videlicet
1221 3996 1291 4052 ab
1328 3997 1588 4053 Ecclesiis
1627 4001 1683 4053 et
1723 3997 1947 4053 sedibus
1992 4015 2116 4071 pro-

479 4091 618 4165 priis
656 4092 812 4165 pelli,
858 4107 1071 4164 suaque
1114 4090 1194 4146 eis
1237 4091 1452 4147 auferri
1494 4092 1860 4163 supellectilia
1886 4135 1901 4160 ,
1947 4098 2004 4148 et
2038 4093 2113 4149 sic

479 4188 660 4242 nudos
688 4189 744 4243 et
773 4185 1108 4258 exspoliatos
1156 4185 1227 4240 ad
1257 4184 1475 4256 judicia
1515 4185 1726 4256 vocari,
1769 4186 1922 4258 quod
1956 4187 2113 4242 omni

477 4281 698 4338 ratione
718 4282 890 4349 caret,
913 4296 1045 4335 cum
1076 4279 1382 4335 constituta
1401 4281 1784 4352 apostolorum
1803 4296 2114 4353 eorumque

479 4387 886 4442 successorum,
910 4379 967 4429 et
985 4377 1274 4446 praecepta
1298 4373 1734 4445 imperatorum,
1766 4392 1830 4430 ac
1850 4375 2114 4432 constitu-

476 4470 663 4526 tiones
683 4470 880 4541 legum
899 4467 1147 4540 idipsum
1165 4467 1527 4540 prohibeant,
1551 4473 1608 4524 et
1627 4469 1949 4540 apostolicae
1964 4458 2114 4526 Sedis

474 4564 777 4621 auctoritas
802 4562 1053 4634 idipsum
1079 4562 1202 4617 ﬁeri
1231 4566 1400 4618 vetet.
1446 4564 1806 4635 Praeceptum
1835 4567 1919 4620 est
1953 4581 2110 4636 ergo,

473 4656 533 4715 in
582 4658 833 4731 antiquis
863 4655 1108 4727 statutis,
1144 4656 1439 4730 episcopos
1461 4657 1674 4728 ejectos
1699 4660 1872 4730 atque
1889 4659 2005 4713 suis
2022 4675 2112 4714 re-

472 4754 580 4808 bus
600 4751 953 4824 exspoliatos,
983 4750 1043 4805 in
1073 4748 1332 4806 Ecclesiis
1356 4749 1598 4823 propriis
1623 4751 1818 4823 recipi,
1842 4757 1898 4808 et
1925 4752 2112 4825 primo

475 4861 576 4901 sua
599 4846 792 4900 omnia
820 4846 899 4901 eis
930 4844 1112 4913 reddi,
1154 4849 1212 4900 et
1241 4845 1479 4900 demum
1510 4862 1650 4917 quos
1698 4863 1793 4901 eos
1829 4846 1981 4918 juste
2017 4863 2110 4901 ac-

2213 3733 2409 3790 quam.
2441 3717 2548 3781 Qui
2571 3717 2835 3772 dixerunt
2859 3716 3011 3772 labia
3040 3721 3233 3772 nostra
3276 3733 3311 3771 a
3345 3716 3511 3772 nobis
3537 3720 3688 3786 sunt,
3725 3719 3857 3789 quis

2215 3815 2411 3867 noster
2448 3811 2722 3867 Dominus
2757 3815 2843 3867 est
2886 3811 3052 3883 (Psal.
3101 3827 3173 3879 x1,
3224 3810 3382 3882 3-5)?
3413 3832 3442 3862 »
3472 3812 3618 3866 Nam
3645 3811 3691 3866 si
3728 3811 3856 3867 haec

2213 3905 2272 3960 in
2317 3905 2592 3960 memoria
2634 3904 2969 3975 retinerent,
3005 3904 3247 3960 minime
3286 3904 3360 3959 ad
3396 3908 3615 3961 tantam
3639 3905 3856 3977 prosili-

2213 4004 2342 4056 rent
2364 3998 2743 4072 iniquitatem.
2778 3999 2901 4054 Non
2931 3998 3087 4053 enim
3117 3997 3399 4070 probabili
3425 4003 3483 4054 et
3506 4003 3738 4070 paterna
3758 4000 3858 4054 do-

2213 4094 2395 4149 ctrina
2419 4094 2526 4149 hoc
2550 4093 2783 4162 faciunt,
2826 4092 2925 4147 sed
2950 4096 3014 4148 ut
3042 4109 3202 4148 suam
3239 4097 3535 4148 exerceant
3570 4094 3630 4148 in
3661 4109 3855 4149 servos

2213 4187 2314 4242 Dei
2343 4187 2668 4243 vindictam.
2699 4187 2987 4259 Scriptum
3015 4202 3265 4258 namque
3286 4191 3370 4242 est
3403 4204 3415 4241 :
3453 4187 3552 4242 Via
3571 4187 3727 4242 stulti
3753 4204 3850 4242 re-

2214 4285 2304 4337 cla
2324 4282 2383 4337 in
2411 4281 2589 4338 oculis
2614 4281 2735 4352 ejus
2757 4280 2932 4352 (Prov.
2955 4297 3049 4349 xu,
3083 4281 3188 4352 15).
3215 4299 3241 4332 »
3265 4281 3363 4336 Et:
3387 4299 3416 4333 «
3437 4281 3579 4336 Sunt
3592 4281 3697 4336 viae
3718 4298 3849 4353 quae

2213 4376 2476 4431 videntur
2498 4374 2722 4431 homini
2754 4375 2945 4446 justas,
2978 4373 3282 4430 novissima
3315 4377 3507 4430 autem
3531 4390 3726 4430 earum
3747 4375 3847 4430 de-

2213 4469 2430 4526 ducunt
2453 4469 2524 4524 ad
2563 4472 2808 4525 mortem
2853 4469 3028 4540 (Prov.
3070 4485 3185 4536 xw,
3229 4468 3336 4539 l2).
3367 4488 3396 4518 »
3428 4469 3536 4523 Nos
3564 4469 3720 4524 enim
3748 4468 3851 4542 qui

2213 4563 2337 4620 haec
2379 4562 2650 4636 patimur,
2687 4561 2902 4634 judicio
2933 4563 3034 4617 Dei
3057 4563 3179 4618 haec
3225 4577 3512 4618 reservare
3549 4562 3846 4632 debemus,

2215 4657 2315 4730 qui
2333 4657 2536 4713 reddet
2546 4657 2852 4729 unicuique
2872 4657 3184 4712 secundum
3207 4672 3379 4729 opera
3391 4657 3533 4728 ejus.
3549 4656 3656 4722 Qui
3671 4657 3849 4713 etiam

2213 4768 2315 4824 per
2333 4751 2621 4808 ministros
2647 4768 2775 4807 suos
2796 4750 3049 4807 intonuit
3073 4751 3298 4806 dicens:
3322 4750 3503 4806 «Mihi
3524 4750 3847 4820 vindictam,

2215 4863 2320 4918 ego
2349 4845 2662 4902 retribuam
2709 4847 2878 4917 (Rom.
2913 4862 3009 4915 x11,
3048 4846 3152 4918 l9).
3201 4867 3228 4896 »
3267 4845 3376 4900 Vos
3402 4845 3556 4900 enim
3595 4845 3655 4899 in
3695 4849 3853 4901 recta

473 4955 671 4995 cusare
697 4938 940 4993 voluerit
977 4955 1146 5010 inquo
1182 4937 1434 5010 periculo
1476 4939 1683 4995 facere.
1732 4939 1952 4995 Judices
1991 4956 2111 4995 esse
2132 4980 2191 5054 D
2214 4941 2324 4996 fide
2355 4945 2411 4997 et
2435 4958 2602 5013 opere
2630 4958 2694 4996 ac
2723 4940 2875 4995 bona
2907 4940 3196 4996 voluntate
3241 4939 3550 4995 succurrite
3578 4936 3849 5009 vicissim,

482 5034 841 5054 J--__._.-__A-_
903 5031 1188 5054 __1__-_A_
1220 5036 1370 5054 .._-1_
1416 5033 1693 5054 _-_:___L-_
1764 5038 1809 5054 ,ι
1840 5033 1890 5054 _'__
1926 5034 2078 5054 1Ἰ..¹ΙΔ
2214 5053 2241 5054 η
2270 5053 2311 5054 ,,
2354 5035 2547 5054 _I°_,,,!,
2577 5053 2594 5054 κ
2639 5036 3017 5054 ___-,_,I____-_1i
3056 5033 3241 5054 1'.._n_:_
3279 5033 3820 5054 ___L1_._L-A_A-_____

473 5034 864 5102 decernentes,
899 5031 1192 5104 episcopos
1220 5036 1378 5088 recta
1412 5033 1714 5105 sapientes,
1755 5038 1813 5090 et
1839 5033 1898 5088 in
1924 5034 2109 5091 Eccle-
2132 5031 2190 5054 ν
2213 5053 2319 5091 nec
2347 5035 2550 5107 aliquis
2571 5053 2604 5090 a
2634 5036 3029 5107 supplemento
3055 5033 3243 5089 fratris
3275 5033 3567 5088 subtrahat
3584 5049 3850 5100 manum,

472 5129 557 5183 sia
604 5125 1006 5181 convenientes
1044 5125 1142 5180 ubi
1183 5129 1355 5182 testes
1399 5132 1592 5182 essent
1617 5127 1973 5198 singulorum
2016 5127 2114 5200 qui
2215 5129 2485 5200 quoniam
2519 5129 2580 5184 in
2609 5129 2718 5184 hoc
2760 5128 2838 5184 ait
2867 5129 3174 5183 Dominus:
3210 5147 3237 5179 ‹‹
3266 5128 3620 5198 Cognoscent
3648 5143 3854 5182 omnes

472 5219 728 5294 Oppressi
752 5218 1114 5274 videbantur.
1163 5221 1272 5274 Nec
1297 5218 1456 5292 prius
1488 5238 1586 5277 eos
1626 5221 1970 5292 respondere
2008 5222 2110 5276 de-
2212 5223 2350 5294 quia
2385 5223 2497 5278 mei
2541 5224 2672 5278 estis
2707 5221 2985 5295 discipuli,
3033 5221 3077 5276 si
3116 5222 3480 5277 dilectionem
3535 5220 3855 5276 habueritis

471 5315 607 5370 bere
639 5329 814 5386 quam
835 5312 1029 5367 omnia
1055 5329 1156 5368 sua
1185 5312 1264 5368 eis
1293 5319 1352 5369 et
1381 5314 1640 5370 Ecclesiis
1665 5330 1863 5371 eorum
1889 5315 2113 5386 legibus
2210 5317 2280 5372 ad
2309 5317 2552 5372 invicem
2581 5316 2755 5387 (Joan.
2786 5333 2905 5386 xm,
2939 5318 3054 5388 35);
3089 5337 3117 5366 »
3147 5316 3299 5371 unde
3337 5319 3395 5370 et
3423 5315 3542 5386 ipse
3571 5330 3678 5386 per
3705 5315 3853 5370 Pro-

470 5407 844 5480 integerrime
864 5406 1256 5462 restituantur.
1288 5409 1398 5465 Nec
1423 5408 1658 5477 mirum,
1685 5409 1905 5477 fratres,
1938 5409 1986 5463 si
2017 5426 2112 5465 vos
2209 5411 2439 5482 phetam
2483 5411 2757 5483 loquitur,
2805 5411 2996 5466 dicens
3027 5427 3040 5465 :
3078 5431 3106 5461 ‹‹
3137 5411 3276 5465 Ecce
3319 5425 3492 5481 quam
3531 5408 3748 5462 bonum
3794 5415 3858 5465 et

469 5504 894 5575 persequuntur
912 5517 1043 5557 cum
1072 5505 1240 5574 caput
1264 5519 1464 5558 verum
1491 5503 1780 5560 Christum
1805 5502 2109 5559 Dominum
2208 5521 2380 5576 quam
2409 5506 2730 5576 jucundum
2793 5504 3046 5561 habitare
3099 5505 3299 5560 fratres
3347 5503 3406 5558 in
3457 5519 3637 5558 unum
3677 5502 3854 5574 (Psal.

469 5601 735 5652 nostrum
789 5611 967 5667 usque
1015 5596 1088 5650 ad
1140 5601 1390 5652 mortem
1447 5603 1579 5653 sunt
1623 5597 1921 5669 persecuti.
1968 5599 2108 5670 Ipsm
2206 5614 2412 5667 cxxxu,
2456 5599 2584 5669 1).»
2619 5597 2864 5670 Spiritali
2909 5597 3399 5654 dic0'habitaculo
3443 5600 3501 5651 et
3542 5596 3858 5653 concordia

467 5695 660 5747 tamen
705 5690 1125 5760 persecutiones
1165 5691 1449 5760 patienter
1490 5691 1794 5762 portandas
1835 5697 1995 5762 sunt,
2046 5697 2108 5749 ut
2205 5709 2336 5764 quas
2379 5693 2441 5748 in
2474 5694 2589 5748 Deo
2634 5696 2718 5748 est
2755 5697 2814 5748 et
2840 5693 3058 5749 unitate
3100 5691 3249 5761 ﬁdei,
3291 5691 3460 5763 hujus
3507 5690 3858 5748 delectabilis

471 5784 593 5862 ejus
617 5784 876 5859 discipuli
914 5802 1034 5844 esse
1081 5784 1529 5858 cognoscamini,
1567 5802 1672 5857 pro
1706 5803 1820 5858 quo
1863 5791 1918 5844 et
1954 5787 2102 5860 patio
2206 5787 2521 5843 secundum
2569 5787 2862 5844 veritatem
2921 5786 3232 5844 habitaculi
3283 5802 3410 5858 quas
3471 5784 3735 5842 videlicet
3787 5786 3853 5848 in
