4068 6358
219 397 314 450 129

1406 395 1881 456 DECRETALIUM
1920 401 2302 457 COLLECTIO.

3468 409 3572 460 ’130

211 506 404 558 Aaron
451 502 640 574 magis
681 501 1074 573 deeorabatur,
1118 510 1290 578 atque
1339 508 1725 564 sacerdotibus
1754 509 1841 564 in-
1867 522 1926 595 Α
1945 509 2154 582 cipere,
2183 515 2284 564 aut
2313 524 2410 564 ore
2435 509 2692 582 proferre
2723 509 2895 580 unde,
2924 511 2980 563 et
3005 508 3278 564 Dominus
3304 524 3408 580 per
3435 527 3571 583 pro-

211 596 454 651 duentes
497 597 835 668 dignitatem
884 598 1026 654 sicut
1074 603 1436 671 unguentum
1479 619 1650 674 super
1675 608 1848 675 caput

208 690 592 762 principalem
619 691 968 748 intellectum
997 692 1261 765 irrigans,
1285 703 1343 750 et
1365 712 1544 768 usque
1569 698 1637 751 ad
1663 697 1845 768 ipsam

211 788 527 839 extremam
553 785 849 841 scientiam
876 787 1186 842 deducens.
1219 790 1279 842 In
1302 790 1410 844 hoc
1437 790 1591 844 enim
1621 790 1843 846 habita-

209 877 338 932 culo
354 878 814 935 benedictionem
833 884 890 935 et
903 884 1178 937 aeternam
1188 882 1365 937 vitam
1384 884 1650 955 promisit
1662 885 1846 940 Domi-

209 987 341 1026 nus.
367 973 542 1043 Hujus
572 973 747 1045 igitur
763 975 1116 1047 propheticae
1134 976 1554 1032 vaticinationis
1575 979 1845 1034 meritum

209 1066 648 1137 amplectentes,
665 1072 1009 1140 praesentem
1036 1070 1355 1125 fraternam
1373 1071 1648 1142 syllabam
1675 1089 1847 1143 expo-

209 1158 449 1229 suimus,
475 1166 670 1217 nostra
688 1166 922 1234 propter
941 1164 1284 1219 charitatem
1310 1164 1548 1219 minime
1579 1183 1843 1238 quaeren-

209 1256 316 1324 tes,
351 1259 450 1308 aut
473 1255 789 1327 quaesituri.
822 1259 944 1313 Non
971 1257 1126 1312 enim
1166 1258 1597 1314 detrahentibus
1621 1260 1842 1315 bonum

207 1350 297 1402 est
322 1347 639 1417 detrahere,
663 1354 761 1405 aut
779 1351 909 1422 palo
935 1352 1250 1406 secundum
1269 1353 1567 1425 vulgarem
1591 1353 1844 1408 fabulam

209 1443 475 1496 excutere
502 1444 721 1514 palum.
749 1444 934 1514 Absit;
966 1461 1085 1514 non
1127 1445 1280 1500 enim
1313 1450 1448 1502 sunt
1487 1446 1593 1502 ista
1631 1451 1838 1503 nostra.

209 1463 475 1496 excutere
502 1463 721 1514 palum.
749 1463 934 1514 ausu;
966 1463 1040 1500 no
1127 1463 1280 1500 enim
1313 1463 1448 1502 sunt.
1487 1463 1593 1502 Ism
1631 1463 1838 1503 nostra.

209 1533 338 1590 Haec
365 1534 519 1589 enim
550 1539 770 1591 avertat
789 1463 1264 1624 DivinitasKJusto
1299 1539 1512 1610 judicio
1550 1539 1649 1595 Dei
1675 1540 1844 1595 datur

206 1629 553 1701 plerumque
627 1631 1011 1701 peccatoribus
1084 1635 1358 1703 potestas,
1426 1650 1539 1706 qua
1619 1637 1844 1689 sanctos

206 1722 386 1793 ipsius
413 1729 852 1795 persequantur,
881 1729 942 1780 ut
967 1725 1066 1798 qui
1100 1725 1300 1798 spiritu
1345 1727 1448 1781 Dei
1485 1728 1758 1798 juvantur
1787 1733 1845 1783 et

207 1821 478 1887 aguntur,
507 1818 650 1872 ﬁant
675 1835 778 1890 per
807 1818 1066 1874 laborum
1093 1820 1363 1876 exercitia
1388 1821 1675 1893 clariores,
1708 1822 1843 1893 ipsis

1943 602 2457 675 phetamloquitur,
2474 603 2665 659 dicens
2684 621 2696 659 :
2719 625 2747 655 «
2760 602 2880 658 Dixi
2897 604 3248 659 :Custodiam
3262 603 3379 658 vias
3398 619 3573 674 meas,

1944 701 2009 752 ut
2034 713 2148 752 non
2177 696 2508 768 delinquam
2538 698 2595 752 in
2621 698 2822 770 lingua
2850 714 2976 753 mea
3007 698 3174 767 (Psal.
3195 714 3423 765 XXXVIII,
3447 699 3518 768 2).
3543 717 3572 750 »

1944 789 2218 844 Dominus
2271 791 2631 862 omnipotens
2679 797 2735 846 et
2777 791 2898 862 ejus
2945 790 3270 862 unigenitus
3303 791 3490 857 Filius,
3521 795 3579 845 et

1945 884 2197 940 Salvator
2223 887 2420 939 noster
2443 887 2602 939 Jesus
2629 885 2881 941 Christus
2907 885 3016 940 hoc
3053 885 3209 940 vobis
3241 884 3459 940 tribuat
3483 884 3572 938 in-

1945 977 2339 1045 citamentum,
2355 983 2417 1033 ut
2435 979 2699 1034 omnibus
2713 978 2999 1046 fratribus,
3014 978 3452 1050 quibuscumque
3473 977 3574 1031 tri-

1943 1071 2307 1126 bulationum
2350 1071 2622 1127 molestiis
2673 1072 3084 1140 laborantibus,
3111 1071 3329 1127 viribus
3370 1071 3578 1143 quibus

1944 1165 2198 1236 potestis,
2229 1165 2589 1233 succurratis,
2619 1169 2677 1220 et
2724 1182 2945 1234 eorum,
2971 1170 3036 1221 ut
3073 1165 3316 1236 dignum
3359 1170 3460 1234 est,
3482 1165 3576 1219 in-

1936 1258 2119 1329 jurias
2141 1264 2351 1315 vestras
2378 1259 2689 1328 aestimetis,
2714 1259 3026 1314 maximum
3053 1259 3464 1314 adminiculum
3497 1258 3578 1314 eis

1943 1353 2128 1407 verbis
2160 1359 2218 1408 et
2242 1353 2404 1409 factis
2433 1353 2753 1424 praebeatis,
2779 1357 2841 1408 ut
2870 1352 2991 1423 ejus
3033 1352 3293 1423 discipuli
3320 1352 3572 1408 invenia-

1944 1446 2088 1501 mini
2113 1447 2233 1502 veri
2261 1447 2360 1518 qui
2396 1448 2596 1503 fratres
2627 1450 2689 1501 ut
2727 1464 2786 1502 se
2825 1446 3092 1501 omnibus
3143 1445 3379 1517 diligere
3423 1463 3574 1517 pra:-

1943 1540 2106 1611 cepit.
2160 1541 2563 1596 Ordinationes
2621 1557 2753 1596 vero
2814 1539 3281 1612 presbyterorum
3333 1543 3390 1594 et
3436 1539 3572 1593 levi-

1941 1637 2130 1688 tarum
2155 1637 2416 1706 tempore
2442 1651 2694 1708 congruo
2720 1639 2778 1690 et
2806 1634 2999 1689 multis
3039 1649 3231 1688 coram
3265 1632 3578 1687 astantibus

1941 1728 2274 1784 solemniter
2322 1728 2494 1801 agite,
2524 1732 2580 1783 et
2619 1728 2942 1800 probabiles
2981 1744 3045 1782 ac
3094 1727 3291 1782 doctos
3315 1726 3466 1781 viros
3507 1725 3578 1780 ad

1941 1821 2049 1876 hoc
2077 1839 2220 1894 opus
2243 1823 2563 1895 provehite,
2593 1828 2654 1878 ut
2683 1823 2754 1878 de
2785 1837 2986 1877 eorum
3026 1822 3289 1876 societate
3329 1822 3385 1874 et
3415 1819 3575 1891 adju-

207 1915 403 1966 tamen
435 1911 533 1983 qui
569 1928 667 1967 eos
714 1917 1137 1986 persequuntur
1181 1919 1238 1969 et
1282 1915 1629 1987 exprobrant
1674 1896 2136 1988 atqueBmento
2183 1915 2498 1988 plurimum
2551 1915 2864 1988 gaudeatis.
2923 1913 3124 1970 Ponite
3186 1913 3576 1969 indesinenter

209 2003 541 2073 detrahunt,
572 2005 680 2061 erit
708 2006 1084 2078 proculdubio
1113 2024 1217 2063 vae.
1239 2009 1353 2077 VEB,
1377 2025 1460 2063 vze
1488 2008 1600 2064 illis
1627 2009 1723 2081 qui
1751 2010 1844 2064 de—

206 2097 450 2153 trahunt
487 2099 662 2153 servis
701 2100 818 2166 Dei,
849 2100 985 2172 quia
1028 2101 1304 2156 detractio
1347 2119 1546 2158 eorum
1596 2103 1669 2157 ad
1711 2119 1841 2158 eum

207 2192 477 2263 pertinet,
508 2193 668 2265 cujus
699 2193 1080 2250 ministerium
1124 2200 1322 2267 agunt,
1353 2199 1411 2250 et
1438 2196 1558 2251 vice
1586 2197 1840 2270 fungun-

207 2289 320 2340 tur.
350 2285 592 2342 Oramus
627 2291 838 2356 autem,
871 2289 1083 2344 ostium
1123 2288 1562 2345 circumstantiae
1590 2291 1710 2363 (qui
1737 2308 1841 2346 ne-

206 2378 432 2436 minem
458 2381 650 2453 perire
673 2386 771 2439 aut
800 2382 964 2438 labiis
993 2383 1106 2439 suis
1131 2383 1312 2455 pollui
1335 2385 1615 2456 volumus)
1645 2402 1843 2441 eorum

204 2474 464 2530 moribus
495 2474 736 2547 imponi,
769 2479 827 2532 et
850 2477 1088 2533 verbum
1123 2477 1363 2534 minime
1401 2478 1667 2534 nocivum
1705 2495 1841 2535 con-

1942 2010 2113 2065 corda
2126 2012 2309 2065 vestra
2321 2009 2378 2065 in
2391 2010 2599 2065 virtute
2613 2010 2710 2065 Dei
2727 2013 2782 2064 et
2798 2013 3056 2064 enarrate
3073 2009 3195 2063 haec
3213 2013 3270 2064 et
3283 2012 3487 2063 caetera
3499 2007 3578 2062 di-

1942 2103 2075 2158 vina
2090 2105 2258 2160 verba
2276 2104 2336 2159 in
2356 2103 2660 2176 progenies
2676 2103 2906 2171 alteras,
2922 2102 3197 2174 quoniam
3216 2102 3308 2156 hic
3329 2105 3413 2156 est
3427 2102 3574 2155 Deus

1945 2200 2134 2252 noster
2158 2198 2218 2253 in
2243 2202 2544 2268 mternum,
2573 2201 2630 2255 et
2657 2197 2774 2269 ipse
2795 2203 2960 2270 reget
2983 2213 3085 2252 nos
3103 2197 3158 2251 in
3183 2196 3407 2251 saecula.
3431 2196 3577 2249 Data

1945 2307 2018 2347 VII
2050 2292 2178 2348 ldus
2220 2291 2574 2360 Novembris,
2607 2292 2920 2348 Saturnino
2949 2295 3006 2347 et
3031 2290 3320 2346 Gallicana
3367 2278 3574 2344 consué

1944 2384 2111 2441 libus.

787 2791 901 2884 IN
907 2792 1357 2888 CIPIUNT
1459 2792 1860 2886 DECBE'.

1943 2796 1983 2884 Χ
2077 2790 2529 2884 CALIXTI
2625 2787 2987 2881 ΡΑΡᾸΕ.

961 2981 1055 3043 De
1099 2979 1364 3061 jejunio
1412 2985 1697 3061 quatuor
1745 2986 2136 3060 temporum,
2180 2986 2244 3042 et
2286 2977 2555 3060 reliquis
2596 2975 2830 3039 causis.

1131 3125 1313 3194 (Anno
1340 3124 1570 3180 Domini
1599 3127 1723 3194 217,
1757 3127 2016 3196 tempore
2047 3123 2242 3180 Severi
2268 3121 2669 3195 imperatoris.)

278 3419 548 3474 Cxuxrus
579 3419 1038 3493 archiepiscopus
1074 3421 1336 3478 Ecclesiae
1367 3423 1660 3478 catholicae
1688 3423 1840 3478 urbis
1862 3434 1918 3510 ρ
1941 3425 1997 3478 et
2018 3422 2308 3494 jejunium
2338 3420 2587 3492 septimi,
2613 3423 2672 3474 et
2691 3418 2984 3492 jejunium
3003 3417 3213 3473 decimi
3242 3415 3350 3472 erit
3374 3415 3576 3472 domui

210 3513 404 3568 Romae
431 3514 762 3584 Bexemcro,
793 3513 956 3569 fratri
999 3519 1054 3571 et
1105 3517 1458 3590 coepiscopo,
1493 3517 1738 3572 salutem
1781 3517 1840 3572 in

211 3607 474 3662 Domino.

279 3701 673 3756 Fraternitatis
718 3718 913 3759 amore
955 3703 1419 3776 constringimur,
1447 3708 1506 3759 et
1533 3704 1840 3776 apostolico

209 3794 601 3850 moderamine
653 3796 934 3869 cogimur,
962 3800 1024 3852 ut
1066 3797 1334 3853 consultis
1378 3797 1622 3854 fratrum
1672 3803 1843 3871 prout

209 3888 487 3943 Dominus
518 3889 758 3960 dederit,
785 3891 1246 3962 respondeamus,
1275 3908 1488 3964 eosque
1516 3893 1840 3963 apostolicae

207 3982 355 4038 sedis
383 3982 718 4039 auctoritate
746 3983 1114 4041 instruamus.
1141 3985 1429 4057 Jejunium
1469 3986 1625 4058 quod
1667 3989 1753 4041 ter
1781 3988 1840 4041 in

206 4093 357 4131 anno
405 4076 561 4148 apud
605 4094 710 4132 nos
757 4078 1043 4134 celebrare
1090 4078 1380 4148 didicistis,
1415 4079 1842 4135 convenientius

208 4186 360 4225 nunc
380 4187 487 4242 per
506 4174 750 4242 quatuor
777 4173 1033 4244 tempora
1060 4171 1184 4227 fieri
1208 4172 1586 4243 decernimus,
1606 4176 1674 4228 ut
1697 4173 1843 4229 sicut

208 4280 392 4320 annus
417 4281 525 4336 per
551 4269 797 4336 quatuor
824 4265 1065 4322 volvitur
1094 4269 1372 4339 tempora,
1396 4266 1473 4322 sic
1494 4270 1551 4322 et
1567 4284 1673 4323 nos
1694 4283 1838 4340 qua-

208 4361 439 4414 ternum
456 4359 714 4415 solemne
736 4375 974 4431 agamus
991 4359 1302 4432 jejunium,
1321 4378 1424 4433 per
1441 4361 1577 4416 anni
1597 4365 1842 4434 quatuor

208 4455 491 4525 tempora,
527 4455 586 4508 et
610 4452 754 4509 sicut
796 4455 1087 4526 replemur
1112 4455 1424 4524 frumento,
1455 4456 1590 4511 vino
1631 4459 1686 4512 et
1713 4457 1840 4512 oleo

210 4546 278 4601 ad
309 4547 516 4601 alenda
544 4563 801 4620 corpora,
825 4547 903 4603 sic
921 4549 1245 4621 repleamur
1263 4548 1485 4620 jejunio
1510 4550 1583 4604 ad
1605 4549 1841 4605 alendas

207 4639 446 4709 animas,
467 4641 638 4713 juxta
674 4642 974 4714 prophetae
1016 4641 1299 4698 Zachariae
1329 4659 1544 4715 vocem,
1574 4644 1672 4715 qui
1715 4645 1793 4699 ait
1824 4662 1836 4698 :

215 4755 240 4782 α
269 4735 506 4789 Factum
538 4739 622 4790 est
650 4736 888 4791 verbum
927 4736 1152 4791 Domini
1193 4737 1264 4791 ad
1306 4753 1398 4792 me
1442 4737 1636 4792 dicens
1667 4755 1680 4792 :
1713 4739 1842 4792 Haec

1939 3517 2097 3571 Iudae
2145 3516 2206 3570 in
2255 3514 2534 3588 gaudium
2581 3519 2635 3569 et
2680 3512 2959 3582 laetitiam,
2994 3516 3050 3566 et
3089 3511 3149 3566 in
3190 3510 3577 3566 solemnitates

1941 3608 2271 3680 praeclaras;
2290 3607 2595 3663 veritatem
2620 3611 2846 3662 tantum
2870 3607 2928 3659 et
2944 3619 3145 3676 pacem
3167 3602 3408 3673 diligite,
3433 3602 3577 3657 dixit

1941 3702 2209 3758 Dominus
2239 3701 2611 3756 exercituum.
2632 3721 2660 3750 »
2685 3701 2748 3756 1n
2769 3699 2878 3753 hoc
2905 3713 3044 3770 ergo
3071 3712 3270 3752 omnes
3298 3712 3404 3751 nos
3429 3711 3574 3751 una-

1942 3796 2127 3852 nimes
2171 3798 2397 3869 oportet
2438 3811 2578 3862 esse,
2607 3798 2672 3850 ut
2701 3778 3013 3849 secundum
3056 3788 3420 3862 apostolicam
3470 3789 3575 3844 do-

1941 3891 2185 3948 ctrinam
2207 3891 2455 3962 idipsum
2483 3889 2738 3945 dicamus
2763 3903 2987 3957 omnes,
3020 3890 3077 3943 et
3099 3901 3213 3940 non
3242 3884 3355 3939 sint
3378 3883 3439 3938 in
3468 3899 3574 3940 no-

1940 3984 2027 4040 bis
2053 3985 2382 4041 schismata.
2401 3984 2586 4040 Simus
2607 3986 2798 4038 autem
2816 3981 3056 4054 perfecti
3078 3980 3138 4034 in
3160 3978 3362 4034 eodem
3385 3994 3574 4049 sensu,

1943 4083 1999 4135 et
2025 4079 2084 4134 in
2112 4079 2315 4135 eadem
2342 4077 2596 4148 scientia,
2626 4075 2686 4132 in
2710 4075 2870 4147 cujus
2896 4074 3082 4146 operis
3117 4073 3416 4130 devotione
3443 4089 3576 4145 gra-

1941 4174 2194 4230 tulamur
2219 4173 2579 4228 dilectionem
2605 4176 2769 4226 tuam
2795 4185 2916 4226 esse
2947 4171 3291 4224 consortem.
3321 4167 3442 4222 Non
3472 4166 3571 4222 de-

1942 4271 2032 4322 cet
2057 4267 2211 4324 enim
2239 4284 2271 4322 a
2290 4265 2473 4338 capite
2498 4263 2762 4321 membra
2784 4262 3081 4330 dissidere,
3100 4262 3200 4317 sed
3216 4261 3381 4332 juxta
3400 4275 3576 4316 sacras

1941 4357 2680 4433 Scripturae'testimonium
2730 4357 2924 4413 omnia
2973 4355 3235 4413 membra
3280 4359 3448 4427 caput
3483 4371 3573 4410 se-

1942 4458 2211 4528 quantur.
2241 4453 2392 4508 Nulli
2417 4470 2550 4508 vero
2571 4451 2807 4508 dubium
2835 4457 2940 4520 est,
2964 4450 3120 4522 quod
3139 4449 3445 4520 apostolica
3471 4449 3572 4504 Ec-

1940 4548 2110 4605 clesia
2139 4551 2325 4604 mater
2351 4547 2423 4602 sit
2452 4546 2714 4603 omnium
2739 4543 3114 4602 Ecclesiarum
3132 4561 3166 4598 a
3190 4543 3350 4614 cujus
3367 4559 3462 4618 vos
3482 4559 3572 4598 re-

1942 4643 2088 4715 gulis
2131 4642 2462 4698 nullatenus
2512 4639 2775 4696 convenit
2821 4638 3061 4694 deviare.
3103 4638 3172 4691 Et
3209 4636 3353 4690 sicut
3403 4635 3574 4690 Filius

1940 4736 2095 4793 venit
2116 4737 2301 4792 facere
2321 4737 2670 4790 voluntatem
2699 4732 2899 4801 Patris,
2919 4731 2997 4786 sic
3023 4733 3078 4786 et
3106 4746 3201 4784 vos
3219 4729 3573 4784 voluntatem

214 4827 344 4883 dicit
358 4828 634 4884 Dominus
648 4830 1018 4885 exercituum.
1036 4824 1190 4886 Sicut
1205 4831 1443 4902 cogitavi
1455 4831 1842 4910 utafﬂigerem
1859 4813 1920 4887 D
1942 4837 2142 4888 vestrae
2156 4829 2439 4902 impleatis
2454 4827 2808 4899 matris,quae
2827 4830 2912 4880 est
2925 4823 3194 4891 Ecclesia,
3208 4823 3370 4895 cujus
3382 4828 3570 4896 caput,

215 4938 304 4977 vos
333 4940 463 4979 cum
492 4923 566 4978 ad
595 4923 949 4980 iracundiam
989 4930 1386 4996 provocassent
1411 4941 1504 4980 me
1528 4929 1716 4997 patres
1745 4943 1841 4981 ve-

212 5017 331 5083 stri,
372 5021 430 5073 et
470 5034 589 5072 non
633 5034 760 5073 sum
806 5018 1094 5090 misertus,
1127 5019 1203 5074 sic
1250 5036 1556 5075 conversus
1597 5020 1836 5092 cogitavi

212 5040 331 5083 SLI'I,
372 5040 430 5073 BL
471 5040 589 5072 ΠυΠ
633 5040 760 5073 sum
806 5040 1094 5090 Πιιδθηιιδ,
1127 5040 1203 5074 SlC
1250 5040 1556 5075 CODVBI‘SUS
1597 5040 1820 5092 cogILav

206 5109 267 5164 in
281 5111 482 5166 diebus
497 5111 618 5166 istis
632 5116 699 5167 ut
711 5111 1062 5168 benefaciam
1074 5115 1386 5169 Jerusalem
1401 5119 1455 5170 et
1471 5115 1667 5170 domui
1677 5040 1854 5188 Iuda]

204 5204 387 5260 Nolite
411 5205 635 5277 timere,
663 5206 786 5261 haec
828 5210 961 5263 sunt
986 5207 1159 5262 verba
1190 5225 1318 5280 quae
1366 5208 1604 5264 facietis.
1635 5189 1850 5283 Loqui:

207 5297 347 5354 mini
372 5300 670 5356 veritatem
699 5301 1088 5374 unusquisque
1118 5319 1249 5357 cum
1273 5303 1533 5374 proximo
1556 5320 1680 5373 suo,
1702 5305 1843 5360 veri-

205 5396 375 5448 tatem
396 5398 452 5449 et
474 5393 761 5465 judicium
790 5394 942 5467 pacis
962 5395 1216 5466 judicate
1248 5397 1308 5452 in
1335 5398 1511 5470 portis
1540 5399 1761 5471 vestris,
1786 5405 1843 5455 et

205 5488 596 5561 unusquisque
625 5489 843 5544 malum
869 5492 1069 5545 contra
1086 5490 1334 5546 amicum
1355 5509 1524 5547 suum
1543 5509 1614 5548 ne
1634 5493 1842 5566 cogite-

199 5582 278 5637 tis
307 5583 366 5637 in
397 5582 665 5638 cordibus
691 5583 908 5651 vestris,
943 5587 1000 5638 et
1037 5582 1433 5655 juramentum
1481 5587 1721 5642 mendax
1767 5605 1839 5644 ne

201 5675 474 5748 diligatis.
497 5675 710 5732 Omnia
737 5677 892 5733 enim
921 5677 1046 5732 haec
1066 5681 1200 5733 sunt
1223 5696 1351 5752 qua:
1379 5680 1553 5752 odivi,
1576 5681 1713 5737 dixit
1734 5684 1842 5737 Do-

196 5771 394 5827 minus
441 5771 820 5828 exercituum.
850 5773 920 5827 Et
961 5771 1173 5828 factum
1215 5779 1298 5830 est
1337 5775 1574 5831 verbum
1616 5776 1842 5833 Domini

194 5866 561 5923 exercituum
611 5865 686 5921 ad
740 5883 833 5921 me
884 5866 1076 5923 dicens
1127 5885 1138 5922 :
1192 5869 1320 5924 Haec
1373 5869 1509 5924 dicit
1563 5871 1840 5928 Dominus

195 5961 564 6019 exercituum
605 5977 619 6015 :
651 5960 940 6031 Jejunium
980 5962 1189 6035 quarti,
1219 5967 1276 6019 et
1309 5963 1598 6036 jejunium
1630 5966 1836 6039 quinti,

615 6055 887 6128 PATROL.
936 6061 1163 6127 CXXX.

1942 4930 2008 4982 ut
2031 4926 2371 4999 praedictum
2392 4926 2494 4990 est,
2515 4923 2767 4978 Romana
2786 4919 2974 4975 existit
2992 4917 3259 4973 Ecclesia.
3284 4917 3575 4990 Quidquid

1942 5038 2079 5094 ergo
2091 5021 2212 5076 sine
2225 5018 2562 5076 discretione
2575 5015 2812 5090 justitiae
2826 5017 3022 5070 contra
3033 5012 3204 5084 hujus
3216 5011 3574 5084 disciplinam

1943 5121 2134 5172 actum
2162 5114 2356 5184 fuerit,
2384 5116 2570 5168 ratum
2595 5109 2796 5166 haberi
2827 5108 2971 5164 ratio
3003 5107 3160 5162 nulla
3198 5107 3498 5179 permittit.

2011 5209 2439 5265 Criminationes
2467 5223 2598 5262 vero
2625 5206 2822 5260 contra
2850 5202 3141 5258 doctorem
3183 5217 3356 5258 nemo
3394 5202 3570 5258 susci-

1941 5307 2077 5379 piat,
2108 5303 2241 5377 quia
2269 5319 2387 5358 non
2429 5303 2656 5373 oportet
2703 5297 2848 5353 filios
2887 5295 3314 5370 reprehendere
3355 5301 3572 5370 patres,

1941 5417 2046 5457 nec
2073 5410 2260 5455 servos
2288 5395 2551 5452 dominos
2584 5394 2854 5448 lacerare.
2888 5391 3010 5446 Filii
3046 5407 3181 5463 ergo
3218 5394 3350 5446 sunt
3383 5392 3576 5448 docto-

1940 5511 2070 5551 rum
2101 5509 2296 5551 omnes
2322 5507 2466 5564 quos
2492 5489 2799 5544 instruunt.
2833 5487 2902 5542 Et
2926 5486 3072 5542 sicut
3109 5485 3210 5541 filii
3238 5491 3424 5558 patres
3451 5504 3572 5542 car-

1940 5589 2118 5656 nales,
2147 5588 2224 5643 sic
2261 5590 2314 5642 et
2355 5584 2415 5638 hi
2452 5588 2641 5656 patres
2691 5581 2904 5638 debent
2948 5579 3186 5652 diligere
3232 5580 3568 5652 spirituales.

1940 5683 2062 5739 Non
2088 5682 2244 5737 enim
2283 5679 2431 5734 bene
2455 5677 2612 5747 vivit,
2638 5677 2737 5750 qui
2767 5693 2881 5732 non
2916 5679 3070 5730 recte
3103 5673 3300 5744 credit,
3333 5679 3432 5729 aut
3463 5691 3569 5744 pa-

1939 5782 2054 5834 tres
2080 5773 2467 5849 reprehendit,
2497 5773 2585 5830 vel
2624 5770 2874 5828 detrahit
2913 5786 3083 5841 suos;
3133 5769 3389 5824 doctores
3427 5783 3566 5839 ergo

1941 5872 2040 5946 qui
2065 5876 2121 5929 et
2148 5875 2335 5944 patres
2364 5871 2637 5926 vocantur
2667 5865 2849 5938 magis
2879 5861 3145 5937 portendi
3166 5876 3340 5934 quam
3370 5877 3568 5934 repre-

1939 5965 2230 6025 hendendi
2255 5967 2406 6035 sunt,
2436 5962 2545 6020 nisi
2579 5962 2640 6016 in
2669 5962 2822 6017 recta
2862 5957 2975 6011 fide
3015 5952 3346 6012 erraverint.
3376 5955 3570 6012 Nullus
