4068 6340
532 360 620 415 131

1408 359 1693 415 ΑΡΡΕΝΙ).
1735 359 1825 412 AD
1862 359 2021 414 SzEC.
2065 360 2151 414 ΙΧ.
2183 389 2250 399 ——
2289 359 2529 416 ISlDORI
2568 359 2990 416 MERCATORIS

3786 363 3891 418 132

528 483 667 539 ergo
693 466 987 521 doctorem
1013 482 1120 538 per
1149 465 1357 538 scripta
1387 470 1626 535 accuset,
1651 482 1756 521 nec
1783 466 1895 521 nisi
1922 467 2079 522 ﬁdeli
2099 473 2154 523 et
2175 482 2234 557 Α
2252 469 2361 524 lica
2388 469 2640 525 defendit
2668 469 2936 525 Ecclesia.
2964 469 3113 524 Nulli
3137 467 3474 541 imperatori
3504 468 3591 526 vel
3618 467 3890 543 cuiquam

512 563 784 635 legitimo
817 561 914 633 qui
944 561 1114 618 etiam
1144 561 1699 633 irreprehensibilem
1723 563 1898 618 vitam
1925 580 1989 618 ac
2015 581 2150 619 con-

525 657 906 712 versationem
933 656 1102 710 ducat
1127 655 1459 724 accusatori,
1489 656 1858 728 respondeat,
1889 658 2020 728 quia
2064 658 2151 712 in-

525 751 762 822 dignum
790 753 877 805 est
903 754 965 804 ut
991 750 1191 804 doctor
1214 750 1386 804 stulto
1413 753 1471 804 et
1497 750 1726 805 indocto
1753 756 1922 822 atque
1958 766 2150 822 repre-

525 844 886 900 hensibiliter
897 843 1105 899 viventi
1125 843 1468 914 respondeat
1479 844 1643 914 juxta
1659 844 1955 900 stultitiam
1971 861 2149 912 suam,

526 939 751 995 dicente
801 938 1129 1010 Scriptura:
1163 957 1191 986 ‹‹
1226 938 1348 992 Non
1391 939 1732 1010 respondeas
1775 939 1948 993 stulto
1987 939 2153 1010 juxta

526 1033 825 1088 stultitiam
855 1047 1016 1086 suam
1040 1033 1215 1101 (Prov.
1247 1033 1506 1103 xxv1,4);
1532 1053 1560 1083 ››
1585 1049 1703 1088 non
1730 1032 1878 1088 bene
1904 1032 2035 1086 vivit
2053 1033 2152 1104 qui

525 1143 640 1182 non
682 1130 835 1181 recte
883 1125 1082 1181 credit.
1109 1125 1260 1179 Nihil
1286 1125 1426 1180 mali
1453 1127 1572 1180 vult
1612 1126 1710 1198 qui
1741 1127 1922 1182 fidelis
1960 1131 2063 1182 est.
2097 1126 2152 1182 Si

524 1221 650 1292 quis
669 1220 851 1276 ﬁdelis
871 1223 976 1289 est,
995 1220 1184 1276 videat
1208 1237 1282 1275 ne
1304 1220 1442 1275 falsa
1464 1221 1744 1292 loquatur,
1768 1225 1865 1276 aut
1889 1220 2175 1300 cuiquam.

509 1314 755 1370 insidias
778 1317 975 1386 ponat.
1004 1313 1213 1369 Fidelis
1241 1315 1414 1370 homo
1457 1331 1684 1386 semper
1725 1314 1968 1370 ﬁdeliter
2009 1314 2146 1384 agit,

522 1407 648 1482 30
666 1412 723 1464 et
742 1407 985 1463 inﬁdelis
1011 1407 1213 1464 callide
1234 1408 1552 1479 insidiatur,
1569 1414 1735 1480 atque
1758 1408 1954 1463 ﬁdeles
1983 1414 2038 1461 et
2057 1407 2149 1478 pie

523 1520 588 1557 ac
605 1503 760 1574 juste
790 1502 1045 1557 viventes
1072 1502 1308 1574 perdere
1335 1502 1556 1570 nititur,
1585 1502 1721 1573 quia
1766 1501 1962 1556 similis
1991 1501 2146 1554 simi-

521 1596 636 1652 lem
662 1595 768 1651 sibi
800 1596 1022 1667 quaerit.
1055 1595 1299 1652 lnﬁdelis
1327 1596 1500 1651 homo
1527 1600 1785 1650 mortuus
1824 1598 1910 1650 est
1945 1594 2004 1649 in
2034 1611 2150 1650 cor-

523 1707 664 1762 pore
691 1689 935 1746 vivente.
959 1691 1027 1745 Et
1051 1693 1248 1744 contra
1277 1705 1566 1745 sermones
1593 1689 1774 1745 fidelis
1801 1689 2050 1744 hominis
2074 1689 2151 1744 vi-

520 1788 642 1840 tam
671 1783 992 1840 custodiunt
1025 1783 1369 1839 auditorum.
1397 1785 1697 1839 Doctorem
1727 1783 1882 1838 enim
1911 1782 2147 1838 catholi-

2251 564 2523 635 pietatem
2554 564 2906 632 custodienti,
2937 563 3070 618 licet
3115 563 3328 635 aliquid
3375 569 3573 619 contra
3615 565 3888 620 mandata

2253 657 2442 712 divina
2470 674 2841 729 praesumere.
2871 658 3145 728 Injustum
3174 651 3310 729 ergo
3328 658 3633 729 judicium,
3658 663 3716 714 et
3741 657 3890 712 difﬁ-

2253 751 2394 806 nitio
2422 751 2637 822 injusta
2666 753 2825 823 regio
2855 757 3011 808 metu
3043 757 3141 806 aut
3159 753 3342 823 jussu,
3374 757 3472 808 aut
3497 752 3890 823 cujuscunque

2253 845 2504 917 episcopi
2530 849 2628 900 aut
2669 847 2920 918 potentis
2962 864 2994 900 a
3031 846 3326 918 judicibus
3352 847 3612 901 ordinata
3635 847 3724 901 vel
3757 848 3889 900 acta

2252 955 2369 994 non
2393 941 2594 1009 valeat,
2623 940 2845 995 homini
2875 939 3139 1012 religioso
3168 957 3373 1012 parum
3399 956 3517 995 esse
3554 940 3725 995 debet
3769 938 3886 994 ini-

2253 1033 2490 1089 micitias
2519 1034 2758 1089 aliorum
2785 1051 2903 1090 non
2929 1051 3216 1102 exercere,
3245 1036 3331 1089 vel
3358 1051 3473 1089 non
3492 1050 3705 1106 augere
3732 1033 3886 1088 male

2251 1127 2557 1198 loquendo,
2587 1128 2696 1183 nisi
2724 1129 2897 1183 etiam
2923 1145 3015 1184 eas
3043 1129 3406 1200 exstinguere
3430 1129 3575 1182 bene
3596 1128 3887 1199 loquendo

2253 1221 2547 1276 studuerit.
2578 1223 2772 1277 Melior
2802 1227 2886 1278 est
2913 1223 2973 1277 in
3003 1223 3168 1278 malis
3204 1223 3365 1278 factis
3395 1222 3626 1277 humilis
3661 1222 3887 1277 confes-

2251 1314 2331 1368 sio
2358 1331 2532 1386 quam
2551 1316 2611 1371 in
2637 1317 2803 1372 bonis
2829 1317 3072 1389 superba
3095 1317 3374 1389 gloriatio.
3400 1317 3609 1372 Omnes
3629 1332 3761 1370 vero
3784 1315 3885 1386 qui

2243 1412 2446 1462 amant
2466 1409 2642 1465 vitam
2663 1411 2912 1482 beatam,
2931 1412 3150 1465 malunt
3169 1427 3291 1466 eam
3318 1410 3744 1482 tranquillitatis
3763 1425 3884 1463 suae

2251 1505 2307 1556 et
2323 1502 2558 1574 justitiae
2585 1509 2733 1561 statu
2759 1522 2989 1560 currere
3032 1522 3206 1576 quam
3252 1509 3579 1560 nostrorum
3619 1507 3880 1576 peccato-

2249 1613 2379 1651 rum
2410 1600 2592 1668 poenis
2625 1599 2918 1654 ultricibus
2947 1599 3299 1670 interpolari.
3327 1599 3542 1652 Memor
3568 1597 3721 1652 enim
3754 1615 3883 1653 sum

2249 1706 2343 1744 me
2374 1691 2476 1745 sub
2519 1692 2671 1747 illius
2712 1693 2948 1747 nomine
2993 1692 3252 1748 Ecclesiae
3298 1692 3624 1764 praesidere,
3654 1691 3815 1763 cujus
3848 1709 3883 1746 a

2251 1785 2492 1856 Domino
2519 1788 2650 1842 Jesu
2670 1787 2893 1842 Christo
2921 1790 3005 1843 est
3035 1787 3350 1860 gloriﬁcata
3376 1786 3677 1854 confessio,
3705 1789 3763 1841 et
3791 1803 3883 1840 cu-

523 1895 673 1947 cum,
708 1883 764 1934 et
804 1877 1087 1950 praecipue
1135 1878 1348 1932 domini
1401 1879 1774 1943 sacerdotem,
1806 1878 1948 1932 sicut
1992 1877 2150 1931 nullo
2172 1868 2228 1941 B
2245 1878 2338 1949 jus
2361 1879 2502 1934 fides
2530 1896 2731 1935 omnes
2757 1898 2986 1953 semper
3015 1881 3257 1936 destruit
3285 1897 3531 1936 errores.
3568 1882 3636 1935 Et
3666 1879 3880 1934 intelli-

521 1989 712 2029 errore
732 1972 1037 2044 implicari,
1055 1972 1138 2027 ita
1164 1972 1320 2027 nulla
1344 1976 1569 2044 oportet
1586 1971 2028 2040 machinatione,
2052 1974 2150 2026 aut

521 2066 832 2139 cupiditate
857 2066 1078 2135 violari,
1113 2066 1334 2122 dicente
1360 2067 1567 2139 quippe
1588 2066 1879 2138 Scriptura
1905 2070 2098 2120 sancta
2129 2081 2143 2118 :

525 2163 703 2217 «Post
730 2160 1214 2233 concupiscentias
1254 2164 1382 2216 tuas
1430 2177 1546 2216 non
1575 2176 1687 2229 eas,
1717 2163 1774 2214 et
1805 2177 1837 2214 a
1863 2160 2146 2214 voluntate

520 2261 620 2312 tua
681 2260 931 2313 avertere
985 2256 1171 2327 (Eccli.
1221 2271 1376 2324 xvm,
1442 2258 1561 2325 30);
1626 2277 1654 2306 »
1723 2253 1916 2308 multis
1975 2252 2146 2324 hujus

521 2350 722 2406 mundi
772 2349 1070 2418 illecebris,
1126 2349 1322 2404 multis
1372 2348 1715 2404 vanitatibus
1766 2347 2147 2402 resistendum

520 2449 604 2500 est
629 2448 693 2500 ut
717 2461 868 2500 verae
892 2443 1254 2499 continentia:
1279 2443 1601 2498 obtineatur
1624 2443 1944 2512 integritas.
1977 2441 2146 2512 Cujus

517 2538 708 2610 prima
733 2541 818 2594 est
842 2538 999 2593 labes
1024 2537 1304 2610 superbia,
1327 2537 1557 2592 initium
1581 2535 2065 2608 transgressionis,
2089 2539 2148 2590 et

517 2633 678 2706 origo
700 2633 938 2705 peccati,
957 2633 1230 2704 quoniam
1256 2648 1420 2686 mens
1442 2635 1646 2703 sponte
1672 2630 1835 2686 avida
1854 2646 1958 2686 nec
1979 2628 2148 2684 absti-

516 2744 654 2782 nere
669 2727 825 2782 novit
843 2743 949 2781 nec
964 2726 1162 2797 pietati
1187 2725 1460 2781 adhibere
1485 2741 1812 2780 consensus.
1831 2724 2026 2778 Nullus
2049 2723 2147 2778 bo-

517 2837 724 2876 norum
754 2819 1049 2875 inimicum
1079 2819 1249 2873 habet
1277 2819 1384 2874 nisi
1426 2820 1663 2874 malum.
1696 2817 1806 2882 Qui
1847 2818 1978 2872 ideo
2023 2833 2144 2872 esse

517 2913 887 2987 permittitur,
916 2918 978 2969 ut
1001 2917 1099 2968 aut
1122 2912 1458 2985 corrigatur,
1487 2917 1584 2968 aut
1610 2929 1718 2985 per
1746 2912 1934 2984 ipsum
1961 2911 2144 2966 bonus

518 3011 863 3067 exerceatur.
884 3007 1174 3080 Quidquid
1192 3023 1328 3080 ergo
1343 3006 1840 3088 irreprehensibile
1853 3011 1936 3063 est
1956 3006 2146 3061 catho-

2250 1989 2321 2044 go
2347 1973 2511 2030 aliter
2537 1974 2682 2029 mihi
2712 1991 2830 2030 non
2867 1975 3035 2030 licere
3077 1993 3250 2047 quam
3283 1981 3348 2030 ut
3395 1990 3597 2029 omnes
3641 1977 3882 2029 conatus

2247 2083 2404 2123 meos
2435 2067 2486 2123 ei
2511 2086 2696 2124 causa;
2716 2069 2776 2124 in
2797 2086 2911 2141 qua
2928 2069 3263 2125 universalis
3290 2068 3548 2124 Ecclesiae
3565 2069 3717 2123 salus
3740 2068 3882 2124 infe—

2249 2165 2444 2231 statur,
2472 2163 2828 2235 impendam.
2852 2165 3029 2236 Spero
3067 2167 3258 2219 autem
3297 2163 3626 2218 adfuturam
3662 2161 3881 2217 miseri-

2247 2257 2501 2312 cordiam
2530 2257 2625 2313 Dei
2655 2257 2808 2329 quod
2839 2261 3182 2330 cooperante
3210 2258 3330 2329 ejus
3359 2257 3671 2312 clementia
3692 2256 3882 2311 omnis

2246 2351 2480 2422 pestifer
2503 2351 2735 2407 morbus
2755 2352 2879 2424 ipso
2900 2353 3147 2425 pellente
3169 2354 3476 2408 auferatur.
3505 2352 3575 2406 Et
3597 2348 3881 2422 quidquid

2245 2445 2366 2516 ipso
2393 2445 2707 2517 inspirante
2750 2452 2920 2519 atque
2965 2446 3273 2502 auxiliante
3318 2445 3531 2518 poterit
3573 2444 3882 2500 salubriter

2246 2539 2388 2611 ﬁeri,
2422 2557 2554 2595 cum
2580 2545 2695 2596 tuae
2720 2540 2854 2596 ﬁdei
2889 2545 2947 2595 et
2979 2540 3291 2596 devotionis
3329 2540 3499 2595 laude
3543 2543 3878 2611 peragatur,

2246 2634 2520 2706 quoniam
2546 2651 2633 2689 res
2658 2652 2856 2690 omnes
2877 2635 3042 2690 aliter
3057 2638 3193 2690 tutze
3215 2642 3343 2690 esse
3357 2651 3474 2688 non
3493 2637 3749 2705 possunt,
3768 2632 3882 2687 nisi

2245 2744 2375 2800 qua
2402 2729 2476 2784 ad
2503 2728 2676 2784 divini
2703 2729 2960 2785 muneris
2986 2730 3325 2785 famulatum
3349 2727 3659 2800 pertinent,
3694 2743 3882 2782 sacer-

2248 2822 2451 2877 dotalis
2496 2823 2766 2879 defendat
2811 2823 3133 2879 auctoritas.
3167 2824 3301 2878 Data
3331 2840 3383 2878 x1
3415 2823 3614 2877 Kalen.
3644 2823 3877 2878 Decem-

2245 2915 2380 2988 bris,
2409 2917 2652 2974 Antonio
2679 2922 2737 2974 et
2757 2919 3074 2974 Alexandro
3105 2917 3452 2973 consulibus.

761 3263 1220 3337 EPISTOLA
1293 3261 1572 3334 PAP/E
1633 3261 2022 3335 CALIXTI
2084 3261 2216 3333 AD
2287 3260 2610 3333 OMNES
2677 3259 3057 3330 GALLIPE
3126 3258 3628 3332 EPISCOPOS

1238 3413 1334 3478 De
1361 3413 1948 3495 conspirationibus
1977 3421 2039 3477 et
2060 3412 2328 3496 reliquis
2355 3412 2567 3476 causis
2596 3410 2838 3474 illicitis
2866 3429 2946 3475 ne
2965 3411 3150 3491 ﬁant.

585 3586 973 3646 Dilectissimis
996 3585 1264 3644 fratribus
1292 3603 1393 3660 per
1417 3587 1620 3644 Gallias
1646 3587 1987 3657 constitutis,
2019 3588 2143 3644 uni-
2165 3600 2219 3676 ρ
2247 3587 2492 3643 existunt
2528 3586 2897 3659 jussionibus,
2932 3585 3310 3642 severioribus
3359 3582 3720 3654 corrigantur
3759 3581 3880 3637 vin-

513 3685 685 3743 versis
711 3683 986 3757 episcopis
1009 3684 1298 3738 CALIXTUS.

581 3778 963 3834 Plurimorum
993 3778 1177 3833 relatu
1219 3775 1628 3847 comperimus,
1659 3777 2019 3840 dilectionem
2045 3794 2142 3834 ve-

515 3876 693 3930 stram
707 3873 927 3928 fervore
943 3870 1182 3942 Spiritus
1199 3870 1380 3924 sancti
1397 3869 1474 3925 ita
1487 3870 1746 3925 Ecclesiae
1765 3871 2146 3942 gubernacula

513 3967 756 4022 firmiter
770 3968 967 4020 contra
983 3963 1228 4036 impetus
1247 3965 1437 4020 tenere
1457 3968 1512 4019 et
1531 3979 1750 4036 regere,
1771 3968 1834 4018 ut
1851 3965 2146 4037 naufragia

511 4052 614 4117 aut
643 4059 1078 4130 naufragiorum
1105 4057 1444 4114 detrimenta
1471 4059 1583 4113 Deo
1609 4062 1839 4115 auctore
1865 4077 1981 4114 non
2012 4076 2142 4116 sen-

513 4155 634 4210 tiat.
667 4152 892 4208 Talibus
933 4152 1112 4224 igitur
1147 4151 1459 4224 gloriantes
1501 4153 1742 4221 indiciis,
1774 4170 2045 4226 rogamus
2073 4171 2145 4210 ne

512 4249 573 4304 in
603 4247 712 4303 illis
741 4247 997 4320 partibus
1027 4251 1221 4302 contra
1247 4249 1458 4302 statuta
1496 4248 1818 4319 apostolica.
1831 4249 2142 4320 quidquam

513 4343 638 4399 ﬁeri
663 4341 889 4412 sinatis;
922 4342 1019 4397 sed
1039 4346 1230 4397 nostra
1258 4341 1386 4397 fulti
1411 4343 1744 4397 auctoritate
1775 4343 1971 4398 nociva
1996 4360 2144 4399 com-

509 4437 746 4510 pescite,
775 4436 968 4492 illicita
995 4435 1316 4508 prohibete.
1341 4436 1839 4509 Conspirationum
1865 4455 2000 4493 vero
2031 4439 2141 4492 cri-

513 4532 674 4589 mina
703 4531 902 4588 vestris
951 4532 1010 4587 in
1053 4531 1312 4604 partibus
1350 4531 1546 4603 vigere
1575 4531 1912 4601 audivimus,
1944 4536 2002 4586 et
2029 4533 2147 4603 ple-

512 4628 614 4683 bes
640 4631 838 4682 contra
868 4627 1161 4699 episcopos
1190 4643 1321 4681 suos
1348 4626 1673 4699 conspirare
1718 4627 1878 4682 nobis
1913 4629 2146 4685 manda-

512 4725 637 4778 tum
675 4726 776 4779 est.
802 4723 972 4794 Cujus
1025 4721 1280 4777 criminis
1329 4721 1534 4777 astutia
1588 4722 1706 4776 non
1761 4722 1946 4777 solum
1994 4722 2148 4780 inter

516 4812 863 4872 Christianos
882 4816 1273 4871 abominabilis
1304 4818 1408 4882 est,
1440 4815 1538 4870 sed
1580 4815 1756 4871 etiam
1793 4817 1942 4871 inter
1969 4818 2148 4872 ethni-

518 4927 631 4982 cos,
661 4914 720 4965 et
749 4911 820 4964 ab
848 4909 1052 4965 exteris
1077 4909 1297 4981 legibus
1323 4911 1628 4981 prohibita.
1653 4913 1721 4965 Et
1744 4911 1950 4966 idcirco
1978 4914 2146 4984 hujus

2246 3682 2427 3750 dictis,
2458 3686 2736 3754 quatenus
2766 3681 2958 3736 caeteri
2982 3680 3250 3735 timorem
3284 3678 3536 3734 habeant
3557 3676 3694 3732 talia
3721 3693 3876 3732 com-

2243 3776 2494 3845 mittere,
2514 3780 2569 3831 et
2587 3777 2730 3831 Deus
2753 3775 2993 3847 gaudeat
3011 3773 3365 3829 fraternitate
3385 3789 3451 3827 ac
3476 3769 3802 3836 concordia,
3823 3775 3881 3826 et

2247 3869 2434 3926 cuncti
2460 3873 2688 3924 sumant
2713 3868 3022 3925 severitatis
3043 3873 3212 3940 atque
3233 3866 3503 3922 bonitatis
3524 3865 3876 3937 exemplum.

2246 3965 2408 4035 Nam,
2440 3964 2506 4033 si,
2547 3964 2702 4036 quod
2749 3962 2910 4032 absit,
2952 3960 3391 4018 ecclesiasticam
3433 3958 3878 4014 sollicitudinem

2245 4059 2615 4131 vigoremque
2643 4057 3007 4129 negligimus,
3040 4056 3225 4127 perdit
3251 4053 3461 4110 desidia
3490 4052 3876 4124 disciplinam,

2246 4159 2303 4210 et
2342 4154 2642 4209 animabus
2697 4152 2950 4207 ﬁdelium
2995 4150 3249 4222 profecto
3300 4148 3617 4204 nocebitur.
3649 4146 3717 4201 Hi
3742 4163 3879 4201 vero

2246 4248 2305 4304 in
2335 4249 2544 4303 nullius
2575 4246 2988 4301 accusationem
3015 4249 3147 4300 sunt
3184 4243 3516 4315 recipiendi,
3544 4259 3648 4298 nec
3675 4257 3879 4297 eorum

2247 4345 2337 4398 vel
2372 4341 2980 4397 anathematizatorum
3009 4356 3116 4394 vox
3143 4338 3241 4393 ulli
3265 4353 3469 4393 nocere
3497 4338 3583 4392 vel
3610 4352 3878 4392 accusare

2247 4440 2449 4510 potest.

2317 4531 2848 4587 Excommunicatos
2865 4545 3092 4601 quoque
3109 4546 3143 4584 a
3167 4526 3553 4583 sacerdotibus
3581 4525 3771 4581 nullus
3793 4543 3880 4583 re-

2249 4627 2419 4699 cipiat
2442 4629 2573 4682 ante
2601 4625 2898 4697 utriusque
2924 4625 3100 4696 partis
3124 4623 3341 4704 justam
3373 4619 3885 4692 examinationem,

2249 4738 2352 4777 nec
2391 4737 2522 4776 cum
2567 4720 2647 4775 eis
2691 4719 2750 4773 in
2796 4719 3072 4787 oratione,
3113 4721 3210 4772 aut
3258 4717 3402 4785 cibo,
3442 4719 3539 4771 aut
3585 4717 3743 4786 potu,
3785 4715 3888 4770 aut

2247 4816 2435 4870 osculo
2482 4813 2880 4882 communicet,
2921 4831 3024 4869 nec
3072 4829 3170 4866 ave
3220 4811 3299 4867 eis
3353 4811 3514 4866 dicat.
3568 4809 3709 4873 Quia
3754 4809 3886 4881 qui-

2250 4928 2471 4984 cunque
2513 4911 2571 4964 in
2599 4909 2684 4963 his
2711 4909 2795 4964 vel
2821 4908 2877 4963 in
2906 4908 3028 4962 aliis
3054 4905 3354 4979 prohibitis
3383 4905 3626 4960 scienter
3650 4920 3884 4958 excom-

519 5003 774 5062 criminis
794 5020 922 5058 reos
949 5021 1066 5059 non
1089 5005 1271 5058 solum
1299 5005 1706 5076 ecclesiasticae,
1733 5007 1828 5060 sed
1856 5007 2026 5060 etiam
2052 5025 2150 5062 sae.
2168 4991 2226 5063 D
2249 5005 2553 5061 municatis
2584 5002 3109 5072 communicaverit,
3128 5002 3294 5073 juxta
3318 5000 3709 5072 apostolorum
3729 4998 3894 5054 insti-

519 5101 632 5156 culi
661 5101 938 5156 damnant
962 5099 1136 5170 leges,
1172 5102 1226 5155 et
1257 5117 1372 5156 non
1400 5100 1583 5155 solum
1607 5099 2015 5170 conspirantes,
2050 5101 2150 5156 sed

523 5194 700 5251 etiam
756 5193 1172 5250 consentientes
1220 5194 1322 5250 eis.
1376 5198 1763 5250 Antecessores
1801 5211 1932 5248 vero
1974 5195 2150 5250 nostri

520 5305 654 5345 cum
683 5287 934 5362 plurima
963 5289 1131 5344 turba
1151 5289 1568 5361 episcoporum,
1593 5287 1920 5359 quicunque
1951 5304 2151 5344 eorum

521 5385 580 5439 in
603 5383 941 5440 sacerdotali
965 5383 1182 5439 honore
1200 5388 1332 5439 sunt
1347 5383 1534 5454 positi,
1554 5385 1651 5436 aut
1673 5382 1922 5437 existunt
1941 5382 2147 5452 clerici,

521 5477 741 5535 honore
782 5495 894 5551 quo
940 5480 1178 5533 utuntur
1205 5476 1408 5532 cadere
1455 5479 1866 5549 praeceperunt.
1909 5476 2152 5532 Caeteros

520 5593 653 5632 vero
704 5572 1108 5631 communione
1154 5570 1387 5643 privari,
1416 5575 1469 5626 et
1500 5572 1569 5628 ab
1608 5572 1851 5628 Ecclesia
1900 5574 2152 5628 extorres

518 5669 643 5727 ﬁeri
670 5671 985 5743 jusserunt,
1019 5682 1338 5737 omnesque
1380 5664 1550 5721 simul
1595 5666 1887 5739 utriusque
1937 5667 2152 5724 ordinis

520 5765 670 5821 viros
687 5765 930 5820 infames
941 5777 1061 5817 esse
1076 5762 1443 5829 censuerunt,
1458 5765 1514 5815 et
1527 5777 1642 5815 non
1654 5763 1835 5817 solum
1856 5762 2148 5831 facientes,

516 5844 620 5913 vsed
669 5861 726 5914 et
771 5857 852 5910 eis
895 5855 1335 5911 consentientes.
1368 5855 1590 5910 Justum
1631 5858 1718 5909 est
1754 5857 1932 5926 enim,
1963 5863 2024 5912 ut
2053 5854 2151 5927 qui

522 5952 709 6009 divina
736 5953 1110 6008 contemnunt
1129 5950 1417 6017 mandata,
1439 5953 1494 6003 et
1519 5949 1902 6005 inobedientes
1924 5954 2149 6020 patrum

2250 5101 2528 5156 tutionem
2558 5104 2612 5154 et
2645 5099 2764 5170 ipse
2801 5096 2972 5152 simili
3009 5095 3584 5152 excommunicationi
3633 5093 3893 5166 subjace-

2249 5194 2351 5249 bit.
2383 5195 2467 5250 Ab
2498 5195 2587 5248 his
2616 5211 2752 5264 ergo
2791 5192 2981 5248 clerici
3025 5196 3080 5246 et
3126 5190 3258 5246 laici
3312 5207 3370 5245 se
3414 5189 3740 5244 abstineant
3787 5189 3893 5260 qui

2252 5290 2451 5345 eadem
2475 5289 2595 5362 pati
2618 5288 2922 5343 noluerint.
2948 5284 3274 5342 Inﬁdelibus
3300 5300 3525 5357 quoque
3551 5282 3726 5337 nolite
3753 5299 3893 5338 con-

2244 5384 2432 5456 jungi,
2454 5400 2556 5440 nec
2576 5400 2707 5438 cum
2721 5383 2799 5438 eis
2818 5383 2994 5436 ullam
3015 5379 3512 5453 participationem
3531 5376 3762 5431 habere.
3787 5377 3892 5432 Ta-

2251 5478 2326 5532 lia
2346 5495 2479 5533 vero
2508 5482 2739 5549 agentes
2759 5493 2876 5531 non
2896 5475 3112 5542 ﬁdeles,
3133 5473 3230 5529 sed
3255 5472 3512 5527 infideles
3525 5470 3886 5542 judicantur,

2250 5573 2404 5626 unde
2433 5572 2511 5626 ait
2537 5571 2835 5642 Apostolus
2867 5587 2880 5625 :
2917 5593 2944 5620 «
2975 5570 3113 5634 Quae
3142 5584 3273 5641 pars
3299 5567 3456 5622 fideli
3487 5581 3616 5619 cum
3644 5563 3890 5634 inﬁdeli,

2254 5666 2328 5735 (II
2352 5669 2470 5723 Cor.
2498 5682 2572 5733 v1,
2606 5664 2710 5736 l5),
2740 5687 2766 5715 ››
2801 5674 2899 5720 aut
2927 5680 3056 5736 quae,
3097 5661 3452 5734 participatio
3483 5657 3724 5732 justitiaa
3753 5675 3892 5714 cum

2251 5759 2569 5831 iniquitate.
2598 5760 2773 5815 Nemo
2802 5774 3024 5831 quoque
3051 5757 3282 5813 alterius
3311 5755 3591 5812 terminos
3617 5759 3890 5825 usurpet,

2250 5870 2355 5910 nec
2388 5854 2616 5909 alterius
2665 5854 3076 5926 parochianum
3116 5851 3400 5923 judicare,
3430 5853 3527 5906 aut
3555 5864 3894 5904 excommu-

2249 5951 2438 6006 nicare
2464 5947 2905 6021 praesumpserit,
2931 5946 3061 6020 quia
3085 5945 3211 6002 talis
3225 5945 3525 6018 judicatio,
3548 5945 3646 6000 aut
3664 5958 3893 6002 excom-
