4068 6358
213 427 311 480 133

1458 427 1934 484 DECRETALIUM
1972 428 2355 484 COLLECTIO.

3368 442 3378 450 ·
3469 417 3570 484 iss

207 532 537 602 municatio,
579 534 667 588 vel
711 533 1024 605 damnatio,
1072 550 1176 590 nec
1225 538 1345 590 rata
1390 534 1516 606 erit,
1549 552 1653 592 nec
1693 537 1839 591 vires
1860 537 2294 624 Aregulariter.
2327 535 2401 624 Si.
2407 535 2562 589 enim
2577 549 2644 590 eo
2663 534 2906 607 vivente,
2931 535 3091 592 alteri
3111 535 3387 607 nupserit,
3409 535 3569 591 adul-

206 626 354 680 ullas
380 626 627 696 habebit,
671 629 944 700 quoniam
985 629 1178 684 nullus
1211 629 1445 685 alterius
1481 629 1689 701 judicis
1729 629 1837 686 nisi

206 721 294 775 sui
332 721 610 776 sententia
653 722 958 791 tenebitur,
1006 727 1104 779 aut
1146 723 1528 794 damnabitur,
1583 725 1736 779 unde
1783 729 1839 780 et

208 814 481 869 Dominus
554 815 823 888 loquitur,
895 816 1090 872 dicens
1155 835 1169 871 :
1240 837 1267 869 «
1322 819 1402 872 Ne
1464 819 1838 891 transgredie-

205 907 287 962 ris
334 908 607 964 terminos
657 909 917 983 antiquos
970 927 1110 983 quos
1159 915 1480 984 posuerunt
1518 916 1709 985 patres
1755 912 1839 968 tui

206 1001 386 1062 (Prov.
431 1020 561 1073 xxn,
593 1003 704 1076 28).
738 1025 766 1053 »
813 1005 1010 1060 Nullus
1035 1010 1226 1062 autem
1262 1007 1477 1078 primas
1506 1008 1591 1061 vel
1635 1009 1840 1062 metro-

204 1096 490 1167 politanus
540 1097 842 1154 dioecesani
883 1099 1188 1155 Ecclesiam
1238 1100 1327 1156 vel
1370 1101 1692 1173 parochiam
1742 1105 1841 1155 aut

205 1190 543 1262 aliquemde
564 1192 688 1263 ejus
709 1193 973 1264 parochia
997 1198 1307 1266 priesumat
1323 1195 1836 1264 excommunicare,

203 1284 292 1338 vel
323 1284 607 1354 judicare,
639 1286 727 1341 vel
761 1287 973 1359 aliquid
1002 1305 1174 1359 agere
1204 1289 1415 1361 absque
1459 1289 1578 1360 ejus
1609 1288 1839 1344 consilio

204 1378 292 1431 vel
319 1377 534 1446 judicio
557 1395 572 1447 ;
617 1380 715 1435 sed
757 1380 861 1436 hoc
903 1381 1183 1453 observet,
1211 1383 1362 1454 quod
1387 1383 1456 1437 ab
1484 1383 1753 1455 apostolis
1777 1399 1838 1437 ac

203 1471 465 1542 patribus
495 1475 551 1527 et
581 1474 1090 1545 praedecessoribus
1122 1476 1332 1531 nostris
1369 1481 1454 1532 est
1482 1479 1756 1533 statutum
1783 1480 1841 1531 et

205 1576 239 1614 a
267 1559 434 1616 nobis
461 1564 880 1635 conﬁrmatum,
921 1564 976 1620 id
1016 1570 1101 1621 est
1145 1565 1190 1620 si
1219 1566 1347 1637 quis
1373 1566 1839 1638 metropolitanus

204 1654 520 1727 episcopus,
545 1657 652 1711 nisi
688 1658 842 1730 quod
868 1658 938 1713 ad
965 1675 1127 1714 suam
1169 1660 1524 1714 solummodo
1551 1659 1840 1733 propriam

204 1749 454 1819 pertinet
491 1751 823 1822 parochiam
872 1752 990 1808 sine
1029 1753 1260 1808 consilio
1297 1770 1360 1808 ac
1389 1754 1679 1809 voluntate
1723 1771 1840 1808 om-

204 1842 369 1897 nium
401 1845 963 1916 comprovincialium
1001 1847 1401 1920 episcoporum
1442 1853 1599 1904 extra
1624 1847 1838 1921 aliquid

1938 597 2056 687 tera
2076 597 2445 702 judicahitﬁr.
2477 628 2750 685 Similiter
2780 633 2836 685 et
2861 597 2974 698 ille,
3012 629 3059 685 si
3090 597 3329 685 alteram
3369 597 3571 701 sponte

1939 725 2185 794 duxerit,
2214 723 2434 780 adulter
2460 723 2831 779 aestimabitur
2855 728 2913 780 et
2949 723 3353 779 communione
3392 724 3574 796 priva-

1937 819 2108 874 bitur.
2158 818 2214 874 Si
2260 823 2451 873 autem
2489 821 2818 890 persecutus
2856 817 3026 873 fuerit
3060 818 3117 874 in
3173 819 3434 887 Ecclesia,
3487 819 3574 873 fu-

1941 912 2213 984 giendum
2245 911 2325 966 illi
2363 913 2448 966 est
2482 911 2552 966 ad
2590 913 2824 968 alteram
2867 912 3031 984 eique
3073 912 3454 980 associandus,
3496 913 3576 968 di-

1939 1011 2099 1062 cente
2129 1006 2364 1062 Domino
2397 1022 2411 1060 :
2441 1004 2500 1060 Si
2555 1006 2838 1078 persecuti
2876 1022 2975 1060 vos
3003 1005 3218 1061 fuerint
3255 1007 3318 1061 in
3353 1023 3469 1062 una
3502 1007 3576 1061 ci-

1939 1101 2130 1170 vitate,
2185 1099 2366 1172 fugite
2415 1098 2475 1154 in
2523 1098 2713 1154 aliam.
2760 1099 2817 1155 Si
2861 1104 3052 1156 autem
3104 1099 3360 1155 utilitatis
3404 1117 3572 1155 causa

1938 1193 2437 1249 fueritmutandus
2463 1208 2583 1247 non
2611 1208 2715 1264 per
2738 1209 2796 1247 se
2823 1192 2929 1247 hoc
2973 1195 3125 1264 agat,
3167 1192 3262 1248 sed
3299 1193 3572 1248 fratribus

1940 1287 2308 1342 invitantibus
2335 1293 2392 1342 et
2419 1286 2754 1342 auctoritate
2781 1286 2952 1357 hujus
2973 1290 3179 1357 sanctae
3213 1286 3357 1342 sedis
3382 1287 3570 1357 faciat,

1939 1398 2055 1436 non
2079 1380 2321 1436 ambitus
2347 1397 2532 1450 causa,
2569 1379 2672 1434 sed
2699 1347 2976 1434 utilitatis.
2973 1347 3030 1477 /

2011 1474 2451 1546 Conjunctiones
2481 1477 2678 1529 autem
2704 1471 3258 1543 consanguineorum
3284 1472 3408 1528 ﬁeri
3433 1491 3568 1546 pro-

1941 1568 2152 1640 hibete,
2183 1568 2412 1640 quando
2433 1568 2536 1623 has
2565 1570 2622 1622 et
2649 1566 2854 1622 divinas
2875 1571 2931 1622 et
2951 1566 3140 1622 saeculi
3167 1567 3476 1638 prohibent
3500 1569 3575 1623 le-

1943 1679 2058 1735 ges.
2087 1663 2263 1735 Leges
2290 1678 2425 1734 ergo
2455 1661 2660 1716 divinae
2698 1661 2822 1716 haec
2862 1665 3116 1733 agentes,
3156 1665 3213 1715 et
3255 1677 3351 1716 eos
3379 1661 3479 1733 qui
3505 1679 3572 1716 ex

1943 1757 2044 1826 eis,
2071 1757 2376 1828 prodeunt,
2405 1772 2519 1811 non
2546 1756 2736 1811 solum
2753 1754 3008 1827 ejiciunt,
3040 1753 3139 1810 sed
3166 1758 3223 1810 et
3248 1753 3574 1810 maledictos

1942 1851 2250 1922 appellant.
2280 1851 2455 1921 Leges
2486 1865 2625 1921 ergo
2655 1848 2846 1904 saeculi
2895 1848 3140 1904 infames
3177 1849 3313 1904 tales
3345 1851 3571 1918 vocant,

205 1952 377 2008 agere
406 1939 732 2007 tentaverit,
761 1939 970 2011 gradus
1015 1940 1104 1996 sui
1140 1941 1390 2013 periculo
1416 1942 1750 2020 subjacebit,
1785 1945 1841 1997 et
1860 1925 1916 2000 Β
1941 1949 1998 2000 et
2021 1945 2089 2000 ab
2131 1944 2458 2000 haereditate
2497 1943 2802 2015 repellunt.
2847 1943 2955 1998 Nos
2982 1958 3112 1998 vere
3152 1945 3453 2014 sequentes
3477 1959 3580 2014 pa-

201 2031 355 2102 quod
380 2032 589 2104 egerit,
617 2033 1149 2116 irritum-habeatur
1173 2041 1228 2091 et
1250 2051 1515 2092 vacuum.
1545 2035 1654 2092 Sed
1680 2036 1840 2108 quid-

201 2124 343 2196 quid
371 2125 443 2181 de
466 2126 900 2198 provincialium
920 2129 1384 2202 coepiscoporum
1406 2130 1588 2186 causis
1614 2147 1841 2186 eorum-

201 2234 316 2290 que
343 2219 712 2277 ecclesiarum
757 2225 814 2278 et
859 2223 1212 2296 clericorum,
1261 2227 1432 2296 atque
1480 2225 1840 2280 saecularium

200 2314 637 2370 necessitatibus
665 2332 855 2387 agere,
888 2321 986 2373 aut
1022 2317 1345 2390 disponere,
1376 2335 1603 2375 necesse
1631 2319 1834 2390 fuerit,

202 2405 312 2462 hoc
361 2423 496 2463 cum
543 2410 807 2465 omnium
846 2427 1124 2467 consensu
1164 2413 1594 2485 provincialium
1638 2416 1841 2486 agatur

201 2501 563 2573 pontiﬁcum,
579 2520 685 2559 nec
705 2505 896 2577 aliquo
917 2506 1320 2562 dominationis
1337 2508 1504 2575 fastu,
1529 2508 1627 2563 sed
1638 2508 1841 2563 humil-

197 2595 336 2650 lima
361 2600 419 2651 et
438 2599 703 2653 concordi
734 2599 1241 2673 administratione,
1264 2602 1407 2658 sicut
1429 2601 1702 2658 Dominus
1721 2602 1799 2657 ait
1821 2618 1834 2657 :

199 2690 326 2745 Non
357 2691 491 2746 veni
518 2693 848 2766 ministrari,
882 2696 981 2751 sed
1026 2696 1386 2765 ministrare;
1415 2701 1473 2752 et
1497 2696 1628 2752 alibi
1672 2714 1685 2750 :
1733 2695 1840 2761 Qui

199 2785 484 2855 majorem
510 2787 801 2857 virtutem,
833 2789 943 2844 erit
971 2789 1234 2847 minister
1269 2795 1471 2860 vester,
1510 2795 1566 2846 et
1598 2791 1835 2862 reliqua.

200 2877 480 2934 Similiter
502 2880 612 2953 ipsi
642 2883 1145 2955 comprovinciales
1176 2885 1425 2957 episcopi
1446 2901 1576 2940 cum
1597 2884 1676 2940 eis
1703 2901 1836 2940 con-

199 2971 324 3027 silio
353 2973 485 3044 (nisi
514 2978 794 3047 quantum
836 2977 908 3032 ad
951 2978 1214 3050 proprias
1241 2979 1491 3051 pertinet
1515 2979 1837 3051 parochias)

202 3071 381 3137 agant
439 3068 603 3139 juxta
668 3075 991 3126 sanctorum
1063 3074 1368 3129 constituta
1425 3076 1672 3145 patrum,
1743 3073 1840 3145 qui

203 3161 462 3232 quamvis
487 3162 678 3235 aliquo
709 3167 1034 3238 temporum
1062 3167 1361 3223 intervallo
1391 3184 1494 3224 nos
1522 3171 1838 3223 antecesse-

203 3255 339 3326 rint,
362 3255 434 3310 ah
456 3273 573 3312 uno
595 3263 781 3314 tamen
802 3261 1117 3334 eodemque
1135 3261 1397 3334 puritatis
1409 3262 1567 3318 fonte
1585 3261 1840 3318 veritatis

206 3353 261 3404 et
283 3348 421 3405 ﬁdei
447 3351 644 3407 lumen
671 3351 1002 3424 hauserunt,
1027 3359 1084 3411 et
1100 3355 1301 3412 eodem
1319 3355 1662 3412 illustratore
1689 3358 1745 3412 et
1765 3356 1842 3412 di-

205 3448 423 3501 rectore
455 3445 676 3518 spiritu,
717 3447 978 3504 Ecclesiae
1011 3450 1110 3504 Dei
1149 3449 1595 3506 stabilimentum
1636 3456 1692 3507 et
1717 3468 1840 3506 om-

206 3537 372 3593 nium
412 3538 862 3597 Christianorum
901 3559 1267 3600 communem
1317 3545 1661 3617 quaesierunt
1699 3545 1844 3601 utili-

207 3635 408 3703 tatem,
435 3635 496 3687 et
537 3651 650 3690 uno
679 3635 891 3705 animo,
947 3654 1059 3693 uno
1115 3654 1214 3695 ore
1257 3638 1612 3694 concorditer
1648 3643 1844 3694 sancta

208 3725 559 3797 gloriﬁcetur
585 3729 828 3785 Trinitas
853 3731 914 3787 in
937 3733 1162 3789 saecula.

277 3823 474 3877 Nullus
502 3823 734 3895 primas,
780 3826 967 3882 nullus
1008 3829 1499 3901 metropolitanus,
1544 3829 1844 3902 nullusque

208 3915 567 3988 reliquorum
614 3919 1006 3992 episcoporum
1052 3923 1284 3978 alterius
1326 3924 1490 3980 adeat
1535 3925 1839 3996 civitatem,

207 4013 305 4064 aut
330 4010 405 4065 ad
433 4013 844 4083 possessionem
871 4015 1100 4072 accedat
1120 4033 1248 4089 quae
1276 4018 1347 4073 ad
1363 4034 1495 4074 eum
1515 4035 1633 4074 non
1659 4019 1841 4091 perti-

209 4107 326 4172 net,
354 4107 415 4159 et
428 4105 657 4161 alterius
671 4107 914 4181 episcopi
927 4111 1307 4182 estparochiae
1323 4128 1493 4183 super
1507 4113 1842 4185 cujusquam

209 4196 612 4271 dispositione,
633 4200 741 4256 nisi
755 4207 978 4259 vocatus
997 4204 1066 4259 ab
1087 4222 1154 4261 eo
1176 4206 1337 4278 cujus
1348 4207 1494 4278 juris
1509 4224 1628 4263 esse
1645 4207 1844 4279 digno-

209 4290 405 4362 scitur,
422 4293 704 4366 quidquid
725 4296 802 4351 ibi
824 4297 1101 4370 disponat,
1128 4302 1213 4356 vel
1236 4301 1478 4372 ordinet,
1499 4306 1597 4356 aut
1605 4301 1840 4373 judicet,

211 4385 257 4440 si
282 4385 371 4441 sui
403 4387 615 4459 gradus
659 4390 871 4448 honore
908 4393 1081 4465 potiri
1115 4395 1372 4451 voluerit.
1412 4395 1467 4452 Si
1505 4395 1672 4451 aliter
1695 4411 1840 4467 prae-

213 4483 539 4553 sumpserit,
559 4482 939 4541 damnabitur.
960 4489 1028 4542 Et
1046 4504 1161 4544 non
1184 4490 1368 4544 solum
1387 4490 1502 4560 ille,
1525 4491 1619 4546 sed
1639 4506 1842 4562 coope-

213 4577 428 4632 ratores
449 4580 624 4649 atque
641 4581 1078 4652 consentientes,
1109 4583 1242 4655 quia
1267 4584 1410 4639 sicut
1436 4584 1738 4654 ordinatio,
1767 4585 1846 4640 ita

1863 3305 1917 3380 C

1940 2042 2055 2094 tres
2081 2041 2326 2107 nostros,
2355 2041 2412 2093 et
2435 2053 2634 2094 eorum
2658 2035 2906 2108 vestigiis
2938 2035 3300 2103 inhaerentes,
3335 2035 3574 2092 infamia

1940 2150 2034 2190 eos
2059 2137 2342 2200 notamus,
2388 2134 2444 2186 et
2483 2131 2721 2186 infames
2745 2146 2864 2186 esse
2907 2146 3222 2198 censemus,
3264 2129 3398 2202 quia
3432 2129 3572 2184 infa-

1939 2227 2074 2282 miae
2098 2227 2335 2282 maculis
2365 2230 2496 2281 sunt
2522 2224 2758 2297 aspersi.
2792 2225 2906 2279 Nec
2927 2241 3022 2280 eos
3051 2224 3197 2279 viros
3227 2225 3314 2279 vel
3346 2240 3569 2280 accusa-

1939 2326 2087 2377 tores
2116 2338 2256 2393 quos
2280 2320 2439 2393 leges
2465 2319 2657 2374 saeculi
2678 2318 2947 2391 rejiciunt
2966 2318 3248 2390 suscipere
3279 2311 3571 2374 debemus,

1939 2417 2073 2481 Quis
2108 2415 2263 2470 enim
2293 2415 2512 2470 dubitat
2555 2415 2710 2485 leges
2749 2413 3026 2468 humanas
3066 2412 3270 2467 rationi
3297 2416 3355 2467 et
3402 2413 3574 2468 hone-

1941 2510 2070 2564 stati
2088 2526 2206 2564 non
2227 2509 2614 2580 repugnantes
2639 2523 2758 2561 esse
2778 2505 3237 2578 amplectendas?
3255 2506 3574 2577 praesertim

1940 2603 2038 2658 ubi
2062 2604 2148 2657 vel
2173 2602 2412 2674 publicas
2439 2601 2739 2656 consulunt
2781 2599 3031 2667 utilitati,
3073 2599 3158 2654 vel
3190 2597 3572 2654 ecclesiasticas

1942 2696 2232 2768 dignitatis
2249 2695 2639 2751 auctoritatem
2661 2691 2995 2761 defendunt,
3013 2708 3078 2747 ac
3101 2708 3206 2764 pro
3227 2692 3572 2748 adminiculo

1939 2791 2212 2846 tuentur?
2242 2791 2349 2845 Eos
2375 2792 2566 2844 autem
2588 2786 3044 2858 consanguineos
3072 2785 3339 2853 diximus,
3360 2801 3500 2858 quos
3517 2791 3576 2842 et

1941 2885 2144 2940 divinae
2163 2884 2593 2956 imperatorum,
2627 2898 2689 2936 ac
2705 2882 3120 2948 Romanorum,
3147 2880 3318 2952 atque
3348 2880 3571 2935 Graeco-

1942 2996 2072 3034 rum
2100 2979 2255 3050 leges
2281 2976 2730 3049 consanguineos
2749 2975 3058 3047 appellant,
3091 2973 3224 3029 etin
3242 2972 3573 3030 haereditate

1943 3073 2279 3145 suscipiunt,
2311 3088 2414 3128 nec
2441 3071 2718 3144 repellere
2739 3071 2991 3142 possunt.
3027 3067 3250 3124 Talium
3273 3067 3431 3123 enim
3448 3084 3578 3124 con-

1934 3167 2277 3239 junctiones,
2310 3182 2415 3222 nec
2435 3164 2703 3238 legitimae
2730 3168 2882 3230 sunt,
2915 3177 3021 3223 nec
3049 3177 3280 3218 manere
3313 3165 3572 3234 possunt,

1942 3262 2042 3318 sed
2068 3264 2199 3317 sunt
2212 3258 2575 3332 repellendae,
2593 3262 2648 3314 et
2658 3257 2705 3312 si
2719 3273 2847 3330 quae
2865 3272 3006 3312 ausu
3024 3255 3328 3312 temerario
3341 3257 3576 3312 tentatas

1944 3356 2075 3427 sint,
2133 3354 2466 3411 auctoritate
2528 3351 2832 3424 apostolica
2875 3349 3268 3407 rescindendae
3314 3349 3572 3406 veniunt.

1943 3449 2204 3522 Quisquis
2231 3465 2368 3520 ergo
2398 3447 2497 3520 qui
2533 3463 2648 3502 non
2689 3449 2772 3501 est
2810 3444 3063 3517 legitime
3105 3443 3458 3516 conjunctus,
3490 3445 3577 3500 vel

1942 3545 2154 3617 absque
2185 3542 2363 3599 dotati
2387 3541 2572 3611 titulo,
2603 3557 2667 3595 ac
2693 3538 3089 3595 benedictione
3118 3538 3418 3594 sacerdotis
3443 3555 3577 3594 con-

1944 3641 2053 3694 stat
2071 3637 2381 3710 copulatus,
2411 3633 2725 3690 sacerdotes
2743 3633 2832 3688 vel
2849 3632 3101 3705 legitime
3121 3631 3456 3703 conjunctos
3473 3630 3579 3686 cri-

1945 3731 2174 3801 minari,
2199 3730 2286 3786 vel
2309 3730 2370 3785 in
2401 3746 2494 3785 eos
2514 3726 2798 3784 testiﬁcari
2826 3724 3044 3781 minine
3069 3728 3277 3798 potest,
3299 3723 3576 3797 quoniam

1946 3825 2133 3882 omnis
2162 3824 2362 3880 incesti
2390 3823 2609 3879 macula
2633 3821 2883 3894 pollutus
2922 3819 3149 3875 infamis
3186 3823 3288 3889 est,
3329 3821 3388 3875 et
3412 3835 3573 3875 accu-

1945 3936 2072 3976 sare
2097 3917 2453 3992 supradictus
2488 3933 2608 3972 non
2650 3913 3035 3988 permittitur;
3085 3929 3200 3969 non
3227 3913 3410 3968 solum
3437 3927 3576 3985 ergo

1944 4014 2004 4070 hi
2033 4012 2328 4086 rejiciendi
2359 4016 2510 4082 sunt,
2543 4011 2600 4066 et
2624 4009 2868 4088 infames
2893 4007 3239 4078 efﬁciuntur,
3271 4005 3373 4062 sed
3399 4006 3577 4067 etiam

1946 4124 2144 4165 omnes
2160 4107 2240 4164 eis
2263 4101 3006 4174 consentientes.\Similiter
3027 4102 3099 4157 de
3118 4101 3462 4174 raptoribus,
3488 4101 3578 4157 vel

1945 4202 2025 4259 eis
2051 4203 2151 4276 qui
2180 4201 2430 4257 seniores
2467 4197 2757 4271 impetunt
2788 4197 2911 4253 ﬁeri
2954 4212 3268 4252 censemus.
3297 4197 3410 4251 Hos
3441 4212 3578 4268 ergo

1945 4298 2137 4352 saeculi
2149 4298 2306 4368 leges
2322 4293 2685 4361 interﬁciunt,
2700 4292 2799 4348 sed
2812 4308 2914 4347 nos
2924 4289 3308 4346 misericordia
3321 4306 3579 4362 praeeun-

1946 4395 2002 4448 te
2017 4391 2122 4446 sub
2141 4388 2395 4445 infamiae
2409 4392 2544 4444 nota
2558 4387 2628 4442 ad
2645 4384 3040 4458 paenitentiam
3057 4383 3382 4456 recipimus,
3397 4383 3579 4457 ipsam

1944 4501 2169 4558 quoque
2189 4483 2490 4539 infamiam
2508 4498 2620 4555 qua
2635 4485 2767 4537 sunt
2780 4479 3014 4553 aspersi,
3040 4478 3229 4534 delere
3251 4495 3365 4534 non
3386 4495 3579 4551 possu-

1945 4597 2094 4649 mus,
2115 4579 2211 4635 sed
2222 4577 2438 4633 animas
2451 4593 2648 4633 eorum
2669 4591 2771 4649 per
2785 4573 3181 4648 paenitentiam
3199 4572 3500 4644 publicam,
3521 4575 3580 4626 et

215 4667 294 4724 eis
310 4672 376 4762 ‘et
396 4670 695 4744 judicatio,
718 4677 774 4729 et
790 4675 1028 4732 aliarum
1047 4693 1240 4734 rerum
1269 4677 1559 4750 dispositio
1584 4680 1847 4751 prohibe-
1865 4686 1926 4762 Ι)
1947 4673 2202 4730 Ecclesiae
2252 4670 2694 4728 satisfactionem
2742 4685 2938 4724 sanare
2971 4667 3252 4739 cupimus,
3301 4665 3438 4737 quia
3461 4681 3579 4719 ma-

217 4735 486 4843 turXNam
503 4766 602 4838 qui
616 4735 877 4826 ordinare
891 4787 1006 4826 non
1025 4773 1255 4844 poterit,
1279 4735 1519 4845 qualiter
1531 4735 1846 4844 ju‘dicabit‘?
1866 4735 1924 4762 υ
1947 4769 2153 4826 nifesta
2195 4770 2424 4840 peccata
2471 4781 2589 4820 non
2632 4768 2764 4818 sunt
2810 4762 3027 4817 occulta
3043 4735 3407 4815 correctione
3444 4775 3577 4831 pur-

215 4847 546 4915 Nullatenus
556 4863 928 4933 proculdubio
942 4864 1220 4937 judicabit
1239 4871 1338 4923 aut
1340 4867 1599 4939 judicare
1616 4870 1845 4942 poterit,

216 4953 493 5024 quoniam
512 4955 656 5012 sicut
674 4957 902 5014 alterius
923 4976 1083 5030 uxor,
1105 4977 1209 5017 nec
1225 4961 1534 5018 adulterari
1547 4962 1616 5017 ab
1636 4963 1846 5036 aliquo,

214 5047 301 5101 vel
319 5047 591 5119 judicari,
625 5055 724 5106 aut
752 5051 998 5126 disponi,
1044 5055 1154 5110 nisi
1184 5073 1217 5111 a
1261 5057 1493 5128 proprio
1528 5056 1648 5112 viro
1675 5074 1742 5112 eo
1767 5058 1847 5112 vi-

214 5145 378 5197 vente
407 5145 779 5216 permittitur,
825 5147 903 5203 sic
953 5165 1060 5205 nec
1095 5167 1238 5206 uxor
1275 5151 1524 5224 episcOpi
1569 5169 1697 5224 qua!
1729 5152 1851 5224 ejus

214 5235 458 5292 Ecclesia
485 5239 572 5294 vel
602 5242 874 5314 parochia
898 5243 1288 5300 indubitanter
1313 5246 1674 5319 intelligitur,
1701 5263 1765 5302 eo
1777 5247 1852 5301 vi-

215 5336 378 5388 vente
407 5331 624 5406 absque
651 5335 773 5407 ejus
786 5337 1000 5408 judicio
1026 5344 1082 5395 et
1107 5341 1394 5397 voluntate
1419 5341 1581 5397 alteri
1601 5341 1853 5413 judicari

211 5425 303 5480 vel
329 5426 574 5500 disponi,
608 5432 707 5485 aut
736 5431 858 5503 ejus
899 5433 1205 5490 concubitu
1233 5435 1365 5504 frui,
1398 5435 1454 5490 id
1496 5437 1581 5490 est
1620 5435 1850 5491 ordina-

211 5517 388 5593 tione,
433 5523 762 5580 nullatenus
801 5527 1148 5600 conceditur,
1191 5529 1342 5586 unde
1379 5529 1457 5585 ait
1504 5531 1849 5602 Apostolus:

213 5615 458 5688 Alligata
509 5622 598 5674 est
643 5635 792 5676 uxor
830 5621 945 5694 legi
987 5623 1244 5695 quandiu
1283 5624 1370 5679 vir
1415 5625 1538 5697 ejus
1581 5625 1736 5694 vivit,
1789 5641 1855 5682 eo

211 5725 348 5766 vero
396 5705 684 5786 defuncto,
731 5715 912 5772 soluta
947 5721 1032 5772 est
1071 5735 1106 5773 a
1141 5717 1268 5790 lege
1306 5717 1433 5774 viri.
1475 5719 1748 5777 Similiter
1801 5725 1857 5777 et

207 5821 424 5878 sponsa
445 5807 695 5880 episcopi
715 5807 869 5882 (quia
893 5826 1102 5883 sponsa
1121 5829 1270 5868 uxor
1300 5813 1423 5886 ejus
1444 5812 1649 5870 dicitur
1674 5814 1856 5871 Eccle-

207 5899 315 5974 sia)
339 5901 437 5959 illo
471 5903 699 5959 vivente
728 5903 780 5958 ei
806 5909 890 5961 est
917 5906 1167 5979 alligata.
1196 5908 1274 5964 Eo
1300 5925 1434 5964 vero
1449 5908 1738 5979 defuncto,
1760 5926 1854 5965 so-

205 5995 336 6053 luta
361 6001 466 6073 est,
499 5997 594 6055 cui
622 5999 869 6057 voluerit
898 6001 1078 6059 nubat
1100 6005 1328 6060 tantum
1348 6003 1408 6060 in
1425 6003 1754 6080 Domino,id
1774 6009 1857 6063 est

1949 4862 2154 4937 ganda.
2182 4862 2389 4917 Omnes
2429 4875 2568 4932 ergo
2597 4856 2696 4930 qui
2721 4856 2780 4911 in
2809 4858 2966 4911 recta
3004 4853 3118 4910 ﬁde
3147 4852 3395 4925 suspecti
3421 4858 3575 4924 sunt,

1946 4959 2006 5014 in
2031 4957 2385 5013 accusatione
2410 4953 2765 5010 sacerdotum
2802 4955 2859 5007 et
2895 4965 3093 5006 eorum
3129 4963 3300 5021 super
3334 4964 3581 5022 quorum

1948 5053 2059 5110 ﬁde
2078 5069 2195 5108 non
2218 5051 2530 5120 htesitatur,
2560 5046 2796 5103 minime
2829 5043 3199 5116 recipiantur,
3229 5045 3288 5099 et
3332 5041 3392 5098 in
3419 5043 3576 5099 testi-

1950 5147 2141 5204 monio
2161 5147 2411 5203 humano
2425 5141 2583 5198 dubii
2599 5141 2946 5198 habeantur.
2964 5137 3245 5193 Inﬁrmari
3265 5153 3404 5209 ergo
3420 5153 3582 5210 opor-

1952 5246 2034 5300 tet
2061 5259 2261 5300 eorum
2284 5255 2478 5296 vocem
2508 5238 2576 5293 de
2604 5251 2852 5308 quorum
2893 5233 3004 5288 ﬁde
3031 5231 3342 5300 dubitatur,
3370 5248 3474 5289 nec
3501 5233 3583 5289 eis

1952 5337 2184 5394 omnino
2214 5351 2332 5393 esse
2362 5331 2712 5390 credendum
2732 5328 2830 5402 qui
2860 5330 3074 5384 rectam
3101 5324 3278 5382 ﬁdem
3295 5327 3580 5399 ignorant.

1951 5431 2334 5497 Quaerendum
2367 5430 2451 5484 est
2489 5442 2626 5497 ergo
2651 5424 2711 5478 in
2737 5421 2972 5496 judicio,
3005 5421 3165 5494 cujus
3190 5421 3262 5477 sit
3285 5435 3582 5479 conversa«

1951 5525 2125 5582 tionis
2156 5531 2214 5580 et
2257 5521 2389 5578 ﬁdei
2427 5521 2474 5576 is
2518 5518 2617 5591 qui
2659 5521 2900 5586 accusat,
2945 5521 3002 5574 et
3038 5517 3085 5572 is
3132 5515 3234 5588 qui
3269 5519 3580 5585 accusatur,

1954 5619 2226 5694 quoniam
2243 5617 2302 5672 hi
2313 5615 2411 5689 qui
2422 5630 2540 5671 non
2552 5614 2686 5670 sunt
2698 5616 2870 5668 rectae
2891 5610 3338 5667 conversationis
3351 5626 3415 5666 ac
3429 5609 3580 5680 ﬁdei,

1955 5717 2012 5771 et
2034 5728 2282 5786 quorum
2305 5711 2419 5766 vita
2443 5713 2527 5767 est
2550 5706 2878 5765 accusabilis
2897 5721 3012 5762 non
3027 5705 3444 5779 permittuntur
3456 5719 3580 5757 ma-

1948 5811 2102 5884 jores
2121 5812 2262 5865 natu
2289 5821 2569 5876 accusare,
2603 5819 2707 5860 nec
2730 5817 2978 5876 quorum
3007 5801 3164 5870 ﬁdes,
3195 5800 3307 5855 vita
3332 5803 3388 5852 et
3410 5797 3583 5854 liber-

1954 5909 2038 5961 tas
2063 5903 2334 5973 nescitur,
2354 5916 2543 5974 neque
2568 5899 2707 5955 viles
2720 5913 2982 5970 personae
3002 5896 3064 5952 in
3091 5907 3287 5952 eorum
3307 5890 3586 5966 recipiun-

1955 6003 2050 6058 tur
2076 5997 2512 6057 accusationem.
2556 5991 2846 6076 Rimandae
2887 6005 3019 6049 vero
3065 5991 3193 6048 sunt
3245 5986 3585 6044 enucleatim
