4068 6348
498 385 598 436 135
687 415 694 420 -

1384 374 1666 429 APPEND.
1707 373 1794 426 AD
1832 373 1991 428 SIEC.
2035 372 2121 426 IX.
2152 400 2218 409 —-
2258 370 2505 426 lSlDORI
2542 371 2968 428 MERCATORIS

3761 373 3868 426 136

495 504 752 561 persona
776 490 1185 551 accusatorum,
1213 501 1339 556 qua
1365 485 1484 537 sine
1513 482 1719 553 scripto
1747 482 1996 552 difﬁcile,
2027 499 2126 553 per
2147 493 2206 566 Α
2227 482 2532 552 credimus,
2552 486 2791 538 testante
2821 483 3060 538 Domino
3091 497 3197 554 per
3222 481 3563 553 prophetam
3596 497 3608 534 :
3647 502 3675 530 α
3701 481 3867 534 Nun-

495 583 771 654 scriptum
794 584 985 635 autem
1005 595 1302 650 nunquam
1329 563 1698 648 recipiantur’,
1716 576 1848 647 quia
1867 592 1969 648 per
1988 577 2121 630 scri-

495 680 727 748 pturam
752 675 942 729 nullus
970 690 1228 728 accusare
1251 674 1338 726 vel
1367 670 1616 725 accusari
1637 674 1846 741 potest,
1882 671 1976 724 sed
1992 687 2123 741 pro-

495 770 621 841 pria
631 785 765 824 voce
776 774 832 824 et
851 772 1131 840 prasente
1146 784 1212 820 eo
1228 781 1398 836 quem
1411 781 1676 819 accusare
1689 764 1951 834 voluerit,
1968 781 2126 817 suam

496 863 738 934 quisque
781 865 917 932 agat
955 859 1395 928 accusationem,
1435 875 1539 913 nec
1581 858 1814 912 absente
1859 874 1924 911 co
1955 874 2128 928 quem

496 972 763 1012 accusare
808 953 1064 1022 voluerit,
1122 953 1446 1024 quicunque
1492 955 1785 1006 accusator
1845 952 2123 1006 credatur.

497 1050 770 1106 Similiter
787 1051 954 1102 testes
969 1063 1072 1118 per
1091 1062 1491 1118 quamcunque
1517 1045 1858 1116 scripturam
1878 1045 2127 1100 testimo-

493 1145 654 1199 nium
681 1159 794 1197 non
832 1141 1146 1212 proferant,
1184 1140 1281 1194 sed
1322 1143 1632 1210 prasentes
1669 1139 1739 1192 de
1770 1139 1858 1192 his
1889 1155 2016 1209 qua
2041 1138 2124 1192 vi-

495 1237 702 1291 derunt
737 1239 794 1291 et
822 1237 1124 1302 noverunt,
1165 1233 1440 1289 veraciter
1483 1232 1871 1288 testimonium
1915 1232 2121 1286 dicant.

490 1332 603 1385 Nec
632 1331 702 1384 de
730 1329 853 1384 aliis
884 1327 1068 1382 causis
1095 1329 1181 1381 vel
1210 1326 1456 1398 negotiis
1487 1325 1679 1380 dicant
1708 1326 2122 1395 testimonium,

489 1423 597 1478 nisi
629 1423 701 1477 de
726 1422 814 1476 his
839 1437 969 1493 qua
1001 1420 1106 1475 sub
1133 1420 1439 1492 prasentia
1467 1437 1668 1474 eorum
1709 1424 1834 1474 acta
1867 1436 1987 1474 esse
1999 1436 2122 1487 ,Πο-

493 1519 747 1575 scuntur.
766 1517 1132 1570 Accusatores
1152 1531 1282 1570 vero
1302 1513 1711 1585 consanguinei
1732 1513 1999 1568 adversus
2029 1530 2122 1567 ex-

491 1615 718 1665 traneos
747 1608 1144 1664 testimonium
1170 1625 1288 1663 non
1317 1609 1528 1677 dicant,
1569 1624 1678 1661 nec
1703 1607 2010 1661 familiares
2037 1608 2121 1660 vel

495 1704 566 1760 de
617 1704 790 1758 domo
833 1703 1213 1774 prodeuntes,
1266 1702 1365 1756 sed
1420 1702 1467 1755 si
1520 1702 1824 1770 voluerint,
1882 1706 1939 1756 et
1978 1701 2122 1755 invi-

494 1814 617 1853 cem
671 1796 1080 1867 consenserint,
1127 1797 1279 1850 inter
1321 1811 1378 1850 se
1428 1798 1692 1866 parentes
1730 1795 2123 1850 tantummodo

2227 577 2360 648 quid
2389 577 2486 648 qui
2516 577 2665 632 cadit
2686 593 2799 630 non
2839 577 3066 647 adjiciet
3093 582 3154 630 ut
3183 579 3464 645 resurgat,
3494 578 3552 629 et
3577 575 3676 646 qui
3697 589 3867 628 aver-

2228 687 2319 724 sus
2341 676 2440 743 est,
2465 687 2578 723 non
2601 672 2958 725 revertetur?
2979 669 3106 742 (Jer.
3137 687 3251 738 VIII,
3273 669 3351 738 4.)
3374 690 3400 717 ››
3424 670 3492 722 Et
3507 667 3639 721 alibi
3664 684 3676 722 :
3700 667 3865 734 Nolo,

2224 765 2411 835 inquit
2438 765 2723 831 Dominus,
2756 769 2999 819 mortem
3037 763 3368 835 peccatoris,
3404 763 3500 816 sed
3537 765 3598 816 ut
3623 777 3865 815 conver-

2226 862 2377 912 tatur
2407 861 2463 914 et
2482 859 2650 914 vivat.
2675 860 2744 912 Et
2761 860 3036 929 propheta
3056 857 3233 913 David
3251 856 3640 928 panitentiam
3659 871 3863 926 agens,

2229 952 2409 1006 dixit:
2444 973 2472 1001 «
2502 952 2696 1007 Redde
2728 952 2868 1006 mihi
2913 952 3170 1006 laetitiam
3214 949 3475 1005 salutaris
3512 949 3616 1015 tui,
3651 948 3863 1018 et‘spi-

2228 1047 2339 1100 ritu
2375 1046 2675 1118 principali
2716 1046 2988 1100 conﬁrma
3039 1062 3132 1100 me
3179 1045 3349 1115 (Psal.
3398 1060 3448 1113 L,
3506 1007 3615 1114 14).,
3663 1007 3728 1150 n/
3737 1007 3867 1112 Ipse

2226 1157 2470 1212 namque
2493 1143 2618 1211 post
2645 1139 3037 1210 paenitentiam
3065 1143 3122 1193 et
3154 1139 3295 1192 alios
3326 1136 3538 1205 docuit,
3571 1139 3629 1190 et
3654 1135 3867 1190 sacrifi-

2227 1234 2377 1288 cium
2396 1235 2509 1288 Deo
2529 1234 2749 1301 obtulit,
2773 1233 2914 1288 dans
2936 1233 3264 1304 exemplum
3300 1230 3630 1286 doctoribus
3653 1233 3864 1283 sancta

2225 1328 2506 1394 Ecclesia,
2534 1327 2578 1381 si
2605 1327 2744 1398 lapsi
2769 1328 2984 1382 fuerint
3009 1332 3064 1382 et
3089 1327 3434 1396 condignam
3461 1323 3866 1396 paenitentiam

2227 1423 2342 1476 Deo
2374 1421 2670 1492 gesserint,
2717 1424 3023 1492 utrumque
3053 1421 3235 1475 facere
3264 1435 3447 1490 posse.
3478 1417 3676 1472 Docuit
3705 1416 3864 1470 enim

2226 1517 2453 1588 quando
2475 1515 2616 1570 dixit
2638 1532 2651 1568 :
2681 1535 2707 1564 ‹‹
2729 1515 2950 1568 Docebo
2965 1514 3192 1586 iniquos
3213 1513 3327 1567 vias
3347 1517 3491 1580 tuas,
3515 1515 3573 1566 et
3599 1509 3763 1581 impii
3787 1509 3864 1563 ad

2226 1613 2282 1665 te
2313 1613 2713 1664 convertentur
2734 1609 2915 1680 (1bid.,
2952 1610 3054 1679 l5).
3089 1630 3117 1658 »
3154 1609 3222 1661 Et
3250 1605 3585 1661 sacriﬁcium
3609 1605 3726 1659 Deo
3753 1620 3863 1676 pro

2227 1721 2284 1760 se
2316 1703 2520 1758 obtulit
2559 1703 2697 1756 dum
2733 1701 2954 1756 dicebat
2983 1719 2996 1756 :
3034 1723 3060 1750 α
3101 1700 3445 1756 Sacriﬁcium
3481 1700 3596 1753 Deo
3625 1697 3864 1768 spiritus

2225 1797 2634 1852 contribulatus
2655 1797 2811 1867 (Ibid.
2822 1838 2837 1859 ,
2863 1795 2970 1868 19).
2995 1817 3021 1845 ››
3037 1795 3250 1849 Videns
3276 1793 3429 1849 enim
3442 1793 3724 1864 propheta
3740 1807 3862 1846 sce-

491 1891 885 1958 testiﬁcentur,
907 1894 965 1945 et
983 1907 1103 1945 non
1120 1890 1179 1944 in
1197 1889 1358 1944 alios.
1383 1890 1494 1944 Nec
1514 1895 1858 1944 accusatores
1889 1887 2005 1961 31
2037 1890 2124 1944 vel
2144 1868 2202 1940 B
2226 1893 2340 1946 lera
2357 1909 2456 1945 sua
2469 1890 2745 1945 mundata
2761 1907 2865 1960 per
2886 1888 3272 1961 paenitentiam
3280 1931 3295 1957 ,
3310 1904 3425 1942 non
3436 1885 3865 1956 dubitavitpra-

492 1989 660 2042 testes
697 1984 940 2056 suspecti
986 1983 1357 2055 recipiantur,
1402 1983 1538 2054 quia
1584 1983 2026 2054 propinquitatis
2070 1986 2128 2037 et

490 2078 909 2149 familiaritatis,
971 2095 1036 2132 ac
1093 2077 1500 2132 dominationis
1555 2076 1777 2132 affectio
1831 2076 2125 2132 veritatem

489 2173 769 2245 impedire
805 2174 971 2242 solet,
1009 2187 1173 2226 amor
1211 2171 1449 2226 carnalis
1488 2175 1545 2226 et
1568 2171 1739 2226 timor
1775 2176 1947 2242 atque
1994 2187 2124 2225 ava-

491 2268 623 2322 ritia
648 2268 987 2338 plerumque
1022 2281 1218 2320 sensus
1255 2265 1530 2320 hebetant
1568 2265 1872 2334 humanos,
1909 2267 1966 2319 et
1998 2280 2122 2335 per-

492 2365 722 2416 vertunt
750 2360 1068 2432 opiniones,
1113 2362 1176 2412 ut
1205 2362 1486 2430 quastum
1514 2358 1784 2429 pietatem
1819 2361 2039 2429 putent,
2071 2361 2128 2413 et

486 2454 792 2528 pecuniam
821 2453 985 2525 quasi
1025 2452 1349 2507 mercedem
1378 2453 1719 2525 prudentia.
1751 2453 1931 2507 Nemo
1967 2452 2124 2506 enim

487 2551 548 2604 in
579 2551 706 2604 dolo
735 2549 1007 2620 loquatur
1033 2548 1103 2602 ad
1131 2547 1439 2619 proximum
1481 2563 1669 2614 suum,
1708 2547 1871 2601 fovea
1901 2547 2016 2600 alta
2041 2550 2126 2601 est

491 2661 552 2698 os
572 2641 851 2710 malevoli,
872 2642 1147 2697 innocens
1178 2642 1315 2696 dum
1345 2641 1522 2696 credit
1552 2641 1734 2708 facile,
1768 2639 1876 2695 cito
1896 2640 2121 2695 labitur.

490 2738 598 2793 Sed
625 2737 729 2792 iste
759 2738 949 2807 lapsus
986 2735 1187 2806 surgit,
1230 2738 1286 2790 et
1317 2735 1718 2805 tergiversator
1756 2734 1872 2787 suis
1911 2733 2126 2789 artibus

489 2830 899 2903 praecipitatur,
930 2830 1086 2884 unde
1115 2844 1408 2899 nunquam
1449 2827 1665 2882 exsiliat
1693 2831 1865 2898 atque
1907 2828 2122 2883 evadat.

490 2924 769 2980 Ponderet
826 2939 963 2994 ergo
1025 2921 1410 2993 unusquisque
1472 2937 1765 2976 sermones
1826 2937 1958 2976 suos
1989 2963 2002 2989 ,
2070 2926 2126 2977 et

490 3018 644 3091 quod
690 3017 796 3072 sibi
849 3017 1006 3088 loqui
1076 3032 1191 3071 non
1249 3017 1389 3084 vult,
1458 3015 1620 3070 alteri
1670 3031 1788 3070 non
1835 3017 2120 3087 loquatur,

490 3112 641 3182 unde
701 3110 850 3165 bene
908 3126 1065 3164 sacra
1125 3108 1206 3162 ait
1263 3108 1553 3179 Scriptura
1612 3125 1626 3162 :
1697 3129 1725 3157 «
1790 3109 1947 3172 Quod
2023 3107 2124 3164 tibi

491 3191 608 3261 non
637 3205 717 3259 vis
747 3202 894 3267 ﬁeri,
937 3202 1098 3258 alteri
1146 3218 1217 3257 ne
1240 3201 1465 3257 feceris.
1491 3223 1518 3252 ››
1542 3202 1654 3256 Nos
1680 3201 1835 3256 enim
1858 3206 2121 3274 tempore

490 3299 833 3371 indigemus,
863 3301 925 3352 ut
951 3296 1167 3369 aliquid
1198 3296 1478 3351 maturius
1506 3312 1760 3368 agamus,
1792 3312 1896 3351 nec
1921 3297 2120 3367 praci-

491 3394 739 3466 pitemus
778 3391 1014 3447 consilia
1067 3394 1124 3446 et
1157 3408 1328 3462 opera
1372 3393 1584 3458 nostra,
1637 3406 1822 3462 neque
1863 3391 2121 3446 ordinem

491 3503 943 3560 corrumpamus.
967 3486 1073 3541 Sed
1092 3484 1137 3539 si
1161 3484 1367 3556 aliquis
1384 3485 1576 3556 lapsus
1593 3500 1934 3556 quocunque
1954 3486 2122 3540 modo

489 3581 661 3638 fuerit
687 3597 804 3637 non
833 3579 1146 3652 perdamus
1175 3595 1327 3649 eum,
1360 3579 1459 3634 sed
1480 3579 1731 3634 fraterno
1751 3578 2123 3650 corripiamus

489 3676 711 3746 affectu,
757 3675 901 3730 sicut
946 3673 1024 3729 ait
1059 3674 1255 3729 beatus
1297 3675 1640 3744 Apostolus:
1680 3695 1708 3724 «
1749 3673 1808 3728 Si
1841 3691 2124 3746 praoccu—

488 3775 652 3842 patus
679 3768 855 3824 fuerit
886 3768 1060 3822 homo
1107 3767 1166 3820 in
1192 3767 1382 3837 aliquo
1409 3767 1631 3836 delicto,
1673 3783 1789 3836 vos,
1829 3767 1930 3839 qui
1956 3768 2120 3839 spiri-

491 3863 675 3918 tuaies
707 3861 861 3931 estis,
895 3860 1156 3915 instruite
1181 3859 1508 3930 hujusmodi
1535 3860 1593 3914 in
1630 3859 1831 3931 spiritu
1856 3861 2121 3933 lenitatis,

492 3955 860 4012 considerans
886 3953 1132 4024 teipsum
1161 3969 1234 4008 ne
1266 3955 1324 4007 et
1347 3957 1410 4008 tu
1434 3953 1689 4024 tenteris,
1721 3953 1864 4008 alter
1889 3954 2124 4011 alterius

493 4065 671 4106 onera
717 4050 966 4119 portate,
1015 4052 1072 4102 et
1119 4047 1197 4102 sic
1249 4046 1628 4118 adimplebitis
1683 4047 1870 4119 legem
1919 4047 2123 4106 Christi

496 4145 638 4215 (Gal.
665 4159 740 4210 v1,
775 4146 824 4211 1,
854 4141 930 4213 2.)
961 4163 990 4192 »
1017 4143 1195 4196 Porro
1225 4144 1452 4196 sanctus
1478 4140 1658 4196 David
1697 4142 1765 4197 de
1795 4143 2127 4200 criminibus

492 4235 799 4297 mortiferis
841 4235 957 4306 egit
995 4234 1412 4306 poenitentiam,
1459 4238 1517 4290 et
1561 4239 1754 4290 tamen
1800 4236 1859 4291 in
1902 4239 2122 4294 honore

494 4329 833 4405 permansit.
863 4330 1067 4385 Beatus
1095 4345 1324 4401 quoque
1345 4331 1539 4385 Petrus
1554 4330 1928 4387 amarissimas
1949 4333 2124 4404 lacry-

493 4444 619 4484 mas
646 4423 796 4481 fudit
828 4423 1056 4496 quando
1097 4422 1401 4478 Dominum
1439 4441 1677 4496 negasse
1709 4426 1989 4497 paenituit,
2026 4428 2125 4483 sed

494 4527 692 4577 tamen
721 4518 1008 4591 apostolus
1047 4518 1376 4589 permansit.
1417 4519 1484 4573 Et
1522 4517 1799 4576 Dominus
1839 4537 1942 4592 per
1987 4538 2122 4594 pro-

2228 1985 2487 2052 dicando,
2524 1991 2579 2039 et
2601 1983 2840 2038 Domino
2865 1983 3090 2038 libando
3117 1998 3313 2037 curare
3334 1981 3538 2036 aliena.
3565 1980 3865 2050 Lacryma-

2226 2096 2356 2135 rum
2384 2095 2521 2150 ergo
2564 2077 2760 2133 effusio
2799 2081 2986 2132 movet
3023 2066 3216 2131 animi'
3246 2076 3590 2147 passionem.
3632 2073 3864 2129 Satisfa-

2227 2174 2412 2228 ctione
2441 2177 2635 2227 autem
2667 2172 2902 2243 impleta
2945 2171 3218 2228 avertitur
3251 2170 3474 2226 animus
3503 2169 3572 2224 ab
3611 2168 3726 2237 ira;
3761 2167 3864 2239 qui

2228 2267 2384 2321 enim
2411 2284 2526 2320 non
2552 2266 2794 2337 ignoscit
2809 2264 2990 2332 alteri,
3015 2265 3300 2336 quomodo
3327 2264 3461 2318 sibit
3481 2265 3643 2334 putat
3662 2261 3865 2315 subve-

2226 2361 2374 2416 niri?
2395 2360 2872 2432 Superabundant
2901 2376 3038 2430 ergo
3070 2362 3315 2431 peccata,
3347 2356 3777 2430 superabundet
3807 2359 3866 2410 et

2225 2454 2636 2510 misericordia.
2656 2454 2942 2518 Quoniam
2954 2453 3107 2524 apud
3122 2452 3426 2508 Dominum
3444 2448 3860 2515 misericordia,

2227 2553 2284 2604 et
2309 2549 2532 2622 copiosa
2557 2548 2708 2619 apud
2736 2564 2869 2603 eum
2895 2546 3244 2619 redemptio;
3275 2562 3451 2617 penes
3482 2543 3638 2599 enim
3667 2542 3862 2597 Domi-

2227 2660 2367 2697 num
2392 2642 2648 2700 omnium
2675 2641 3022 2697 abundantia
3059 2645 3162 2708 est,
3190 2640 3324 2712 quia
3357 2637 3634 2693 Dominus
3678 2636 3861 2691 virtu-

2226 2740 2350 2792 tum
2404 2736 2523 2808 ipse
2580 2739 2666 2791 est
2726 2752 2826 2791 rex
2883 2735 3129 2806 gloria;
3189 2734 3268 2788 ait
3304 2732 3459 2788 enim
3515 2730 3859 2803 Apostolus:

2229 2853 2256 2883 ‹‹
2289 2831 2499 2886 Omnes
2523 2833 2901 2902 peccaverunt
2928 2833 2984 2884 et
3009 2831 3181 2899 egent
3208 2827 3395 2898 gloria
3424 2826 3542 2893 Dei,
3565 2824 3863 2896 justiﬁcati

2227 2926 2399 2996 gratis
2417 2942 2520 2996 per
2542 2924 2787 2996 gratiam
2806 2922 3001 2994 ipsius,
3025 2939 3127 2994 per
3146 2919 3607 2992 redemptionem
3627 2935 3760 2990 qua
3779 2922 3865 2974 est

2224 3019 2283 3074 in
2329 3019 2551 3075 Christo
2588 3019 2737 3088 Jesu,
2783 3033 2955 3089 quem
2988 3015 3284 3088 proposuit
3326 3015 3474 3069 Deus
3517 3012 3862 3084 propitiato-

2223 3129 2370 3183 rem,
2397 3129 2503 3184 per
2527 3112 2700 3168 ﬁdem
2730 3112 2791 3166 in
2826 3110 3106 3182 sanguine
3147 3109 3326 3181 ipsius
3363 3108 3436 3162 ad
3473 3106 3864 3162 ostensionem

2217 3207 2452 3288 justitia
2482 3223 2598 3261 sua
2616 3211 2853 3277 propter
2870 3204 3266 3260 remissionem
3286 3201 3733 3274 pracedentium
3754 3201 3864 3255 de-

2221 3304 2508 3368 lictorum,
2524 3301 2584 3354 in
2610 3299 3082 3354 sustentationem
3107 3298 3223 3366 Dei,
3249 3296 3322 3352 ad
3348 3295 3726 3352 ostensionem
3741 3295 3865 3366 jus-

2221 3397 2362 3452 titia
2393 3396 2514 3467 ejus
2542 3394 2602 3448 in
2620 3393 2726 3448 hoc
2751 3398 3026 3464 tempore,
3052 3397 3118 3447 ut
3141 3392 3215 3446 sit
3241 3390 3360 3462 ipse
3373 3390 3560 3461 justus
3575 3394 3632 3444 et
3643 3387 3862 3460 justiﬁ-

2222 3507 2356 3546 cans
2381 3505 2513 3545 eum
2551 3487 2650 3560 qui
2679 3503 2743 3542 ex
2780 3486 2896 3541 ﬁde
2937 3490 3022 3541 est
3056 3486 3186 3541 Jesu
3222 3483 3430 3539 Christi
3469 3484 3634 3554 (Rom.
3674 3499 3756 3552 ω,
3791 3486 3855 3538 21

2222 3591 2271 3640 et
2299 3586 2431 3655 seq.)
2460 3603 2488 3632 »
2518 3581 2688 3636 David
2709 3580 2865 3636 enim
2892 3579 3029 3635 dicit
3057 3596 3071 3634 :
3110 3601 3137 3629 ι(
3168 3578 3319 3634 Beati
3337 3593 3586 3650 quorum
3606 3576 3863 3632 remissa

2223 3682 2358 3734 sunt
2398 3677 2745 3749 iniquitates,
2779 3679 2836 3730 et
2879 3689 3127 3746 quorum
3167 3676 3316 3728 tecta
3359 3674 3492 3726 sunt
3532 3669 3784 3741 peccata.
3827 3692 3858 3720 η

2222 3771 2522 3828 Mundatur
2557 3785 2693 3840 ergo
2729 3769 2902 3823 homo
2941 3785 2975 3823 a
3009 3769 3261 3840 peccato,
3303 3770 3361 3820 et
3393 3765 3639 3836 resurgit
3679 3764 3863 3836 gratia

2223 3865 2323 3921 Dei
2349 3865 2556 3936 lapsus,
2587 3868 2645 3919 et
2668 3863 2727 3918 in
2747 3863 2987 3936 pristino
3013 3866 3212 3917 manet
3250 3859 3433 3915 ofﬁcio
3456 3859 3622 3931 juxta
3648 3858 3860 3929 pradi-

2224 3964 2338 4015 ctas
2370 3958 2752 4029 auctoritates,
2787 3958 2978 4013 videat
3021 3973 3093 4012 ne
3127 3955 3371 4027 amplius
3410 3956 3607 4026 peccet
3631 3957 3698 4008 ut
3721 3969 3861 4008 sen-

2223 4053 2401 4109 tentia
2430 4051 2720 4124 Evangelii
2746 4054 2979 4106 maneat
3003 4051 3063 4105 in
3091 4066 3179 4117 eo,
3214 4049 3354 4105 vade
3384 4050 3441 4102 et
3466 4045 3711 4118 amplius
3738 4046 3862 4101 noli

2224 4164 2496 4221 peccare;
2537 4147 2687 4202 unde
2721 4147 2801 4200 ait
2838 4145 3135 4217 Apostolus
3188 4161 3201 4198 :
3249 4164 3277 4192 «
3313 4144 3436 4197 Non
3474 4158 3614 4213 ergo
3650 4144 3862 4212 regnet

2225 4247 2525 4314 peccatum
2567 4241 2627 4294 in
2674 4245 2859 4295 vestro
2906 4239 3130 4294 mortali
3179 4253 3433 4308 corpore,
3477 4240 3543 4290 ut
3583 4233 3863 4290 obediatis

2225 4333 2696 4406 concupiscentiis
2723 4333 2875 4404 ejus;
2905 4333 3004 4388 sed
3029 4348 3214 4404 neque
3251 4329 3565 4386 exhibeatis
3594 4327 3863 4383 membra

2224 4432 2413 4485 vestra
2435 4444 2592 4482 arma
2611 4427 2928 4499 iniquitatis
2948 4431 3202 4498 peccato,
3223 4426 3319 4480 sed
3343 4424 3601 4480 exhibete
3620 4439 3717 4477 vos
3736 4427 3863 4478 tan-

2227 4540 2400 4596 quam
2431 4539 2498 4578 ex
2539 4522 2779 4576 mortuis
2808 4522 3056 4577 viventes
3103 4524 3160 4576 et
3197 4519 3462 4574 membra
3484 4522 3669 4573 vestra
3693 4533 3863 4572 arma

492 4617 729 4689 phetam
759 4611 1129 4686 peccantibus
1158 4612 1457 4684 pollicetur
1485 4613 1676 4668 dicens
1710 4631 1722 4669 :
1764 4616 2032 4670 Peccator
2065 4617 2126 4672 in
2144 4623 2204 4696 D
2220 4617 2456 4690 justitia
2485 4618 2620 4673 Deo.
2646 4619 2946 4672 Peccatum
2977 4615 3132 4671 enim
3147 4613 3307 4669 vobis
3327 4630 3446 4668 non
3467 4611 3866 4682 damnabitur;

492 4723 828 4782 quacunque
857 4706 949 4762 die
985 4722 1283 4762 conversus
1322 4706 1689 4778 ingemuerit,
1725 4709 1989 4765 omnium
2014 4709 2124 4765 ini-

493 4804 776 4875 quitatum
803 4802 952 4856 illius
976 4818 1094 4856 non
1125 4801 1461 4856 recordabor
1487 4802 1754 4874 amplius.

566 4898 770 4951 Errant
810 4897 964 4950 enim
990 4895 1088 4968 qui
1135 4899 1337 4966 putant
1365 4894 1688 4951 sacerdotes
1721 4902 1849 4968 post
1879 4898 2125 4969 lapsum,

497 4991 543 5046 si
575 4989 918 5060 condignam
957 4989 1183 5061 egerint
1217 4988 1634 5060 paenitentiam,
1677 4991 1916 5047 Domino
1955 4993 2125 5047 mini-

497 5087 677 5141 strare
707 5099 824 5137 non
865 5100 1031 5154 posse
1063 5088 1119 5138 et
1157 5084 1268 5137 suis
1297 5084 1614 5139 honoribus
1650 5085 1781 5153 frui,
1830 5086 1877 5140 si
1919 5087 2130 5143 bonam

499 5178 766 5250 deinceps
781 5177 954 5231 vitam
985 5177 1270 5248 duxerint,
1306 5183 1362 5232 et
1391 5195 1556 5234 suum
1585 5180 1963 5236 sacerdotium
1989 5198 2126 5236 con-

502 5272 674 5343 digne
699 5269 1085 5326 custodierint.
1115 5272 1180 5325 Et
1199 5270 1307 5342 ipsi
1334 5272 1429 5344 qui
1452 5273 1557 5326 hoc
1572 5276 1780 5345 putant
1808 5291 1921 5328 non
1945 5274 2128 5330 solum

501 5370 711 5436 errant,
761 5365 862 5419 sed
904 5363 1075 5419 etiam
1117 5369 1313 5420 contra
1354 5367 1591 5422 traditas
1638 5367 1899 5422 Ecclesiae
1951 5369 2131 5426 claves

502 5460 786 5533 disputare
816 5462 874 5515 et
899 5475 1068 5531 agere
1095 5459 1378 5528 videntur,
1409 5462 1480 5516 de
1511 5461 1719 5533 quibus
1757 5462 1969 5518 dictum
1998 5467 2081 5520 est
2113 5482 2126 5521 :

503 5579 529 5612 «
557 5559 915 5627 Quaecunque
960 5554 1234 5610 solveritis
1265 5555 1324 5608 in
1369 5558 1537 5625 terra,
1576 5561 1744 5611 erunt
1772 5557 1954 5612 soluta
1985 5564 2041 5614 et
2072 5560 2130 5614 in

501 5654 637 5710 coelo
695 5652 908 5722 (Matth.
968 5666 1119 5715 xviii,
1172 5651 1276 5718 18),
1325 5667 1352 5700 ››
1399 5648 1646 5720 alioquin
1693 5652 1813 5706 hac
1848 5654 2131 5710 sententia

499 5752 598 5804 aut
626 5745 856 5802 Domini
883 5761 1001 5799 non
1027 5746 1126 5808 est,
1158 5745 1258 5796 aut
1285 5758 1440 5796 vera.
1460 5743 1566 5796 Nos
1588 5761 1719 5800 vero
1742 5745 2131 5805 indubitanter

492 5850 617 5897 tam
636 5840 866 5895 Domini
910 5837 1230 5891 sacerdotes
1264 5851 1438 5906 quam
1481 5836 1728 5908 reliquos
1772 5841 1968 5898 ﬁdeles
2000 5841 2132 5915 post

501 5935 734 6008 dignam
799 5929 1240 5988 satisfactionem
1300 5946 1465 6001 posse
1522 5931 1704 5987 redire
1759 5936 1830 5990 ad
1885 5937 2130 5994 honores

2226 4730 2341 4768 non
2372 4712 2528 4768 enim
2558 4712 2659 4767 sub
2683 4712 2808 4784 lege
2839 4711 2992 4781 estis,
3027 4709 3124 4765 sed
3163 4709 3268 4764 sub
3308 4707 3509 4780 gratia.
3544 4706 3694 4772 Quid
3728 4722 3868 4778 ergo

2226 4807 2603 4880 peccabimus,
2629 4805 2907 4878 quoniam
2937 4822 3052 4861 non
3091 4820 3287 4860 sumus
3323 4802 3427 4857 sub
3452 4802 3598 4872 lege,
3630 4800 3733 4855 sed
3761 4800 3869 4855 sub

2229 4903 2406 4973 gratia
2417 4903 2443 4956 ‘?
2454 4900 2864 4959 Absit.Nescitis
2877 4899 3150 4971 quoniam
3167 4898 3257 4952 cui
3275 4896 3446 4952 exhib
3454 4895 3556 4950 etis
3571 4911 3666 4950 vos
3678 4911 3871 4950 servos

2228 4999 2298 5052 ad
2341 4995 2744 5065 obediendum,
2791 4995 2937 5050 servi
2975 4994 3110 5049 estis
3147 4993 3266 5064 ejus
3309 4991 3400 5046 cui
3443 4988 3702 5059 obeditis,
3751 4990 3872 5045 sive

2227 5091 2443 5163 peccati
2479 5091 2550 5144 ad
2590 5093 2855 5157 mortem,
2899 5089 3014 5144 sive
3048 5080 3388 5143 obeditionis
3434 5084 3506 5139 ad
3543 5082 3875 5154 justitiam?

2229 5185 2445 5240 Gratias
2479 5187 2672 5239 autem
2700 5185 2816 5239 Deo
2856 5184 3010 5256 quod
3045 5182 3228 5237 fuistis
3263 5180 3409 5234 servi
3446 5177 3681 5250 peccati,
3729 5178 3871 5233 obe-

2229 5279 2386 5334 distis
2411 5282 2601 5333 autem
2639 5295 2708 5333 ex
2747 5279 2914 5334 corde
2957 5279 3016 5332 in
3049 5294 3173 5332 eam
3213 5277 3462 5331 formam
3499 5271 3778 5328 doctrina
3810 5273 3875 5328 in

2229 5390 2340 5445 qua
2381 5371 2578 5429 traditi
2631 5373 2782 5428 estis.
2831 5371 3079 5427 Liberati
3116 5375 3307 5426 autem
3354 5387 3388 5423 a
3431 5371 3678 5440 peccato,
3722 5367 3878 5422 servi

2228 5472 2422 5523 autem
2454 5467 2583 5524 facti
2622 5468 2754 5524 estis
2777 5466 3037 5539 justitia,
3084 5466 3404 5519 humanum
3431 5461 3555 5517 dico
3584 5460 3754 5530 (Rom.
3790 5476 3874 5531 v1,

2234 5565 2297 5617 12
2343 5569 2393 5617 et
2435 5565 2568 5635 seq.)
2598 5584 2626 5613 »
2675 5563 2847 5634 Majus
2890 5561 3045 5616 enim
3087 5563 3384 5632 peccatum
3430 5562 3515 5612 est
3555 5553 3896 5626 judicantis_

2230 5673 2400 5728 quam
2433 5659 2553 5730 ejus
2579 5657 2679 5730 qui
2695 5657 3004 5729 judicatur.
3039 5676 3066 5708 «
3091 5653 3408 5721 Existimas,
3430 5650 3617 5723 inquit
3631 5653 3879 5720 Aposto-

2229 5751 2334 5819 lus,
2371 5769 2404 5807 o
2435 5753 2629 5821 homo,
2654 5753 2838 5808 omnis
2872 5751 2970 5823 qui
2991 5751 3212 5823 judicas
3243 5765 3341 5803 eos
3385 5747 3483 5820 qui
3509 5744 3646 5800 talia
3683 5749 3880 5815 agunt

2232 5849 2288 5900 et
2319 5847 2450 5902 facis
2475 5864 2558 5916 ea,
2589 5848 2721 5919 quia
2759 5852 2821 5902 tu
2859 5847 3093 5917 elfugies
3116 5843 3399 5915 judicium
3440 5840 3572 5896 Dei?
3599 5841 3684 5893 An
3718 5837 3873 5894 divi-

2229 5940 2331 5997 tias
2349 5941 2614 5998 bonitatis
2641 5942 2761 6015 ejus
2787 5945 2844 5998 et
2869 5939 3157 6013 patientia
3178 5940 3235 5994 et
3262 5933 3712 6011 longanimitatis
3733 5951 3878 5992 con-
