4068 6334
2951 5 3287 20 #7_,___,_._

235 377 332 432 l37
1493 366 1965 423 DECRETALIUM
2004 367 2387 424 COLLECTIO.

230 481 487 540 temnis?
505 483 736 554 Ignoras
759 477 1032 552 quoniam
1052 478 1375 551 benignitas
1389 477 1486 534 Dei
1505 478 1577 534 ad
1590 478 1869 551 pmniten-
1888 489 1948 564 Α
1969 479 2255 550 operantis
2300 478 2536 547 malum,
2564 479 2748 534 Judaei
2789 479 3043 551 primum
3085 483 3143 535 et
3180 479 3375 535 Graeci.
3409 480 3598 536 Gloria

230 579 371 634 tiam
398 581 455 633 te
480 575 754 631 adduxit?
781 575 1108 632 Secundum
1135 573 1403 629 duritiam
1425 577 1616 628 autem
1635 576 1793 628 tuam
1813 574 1870 628 et
1969 578 2162 629 autem
2190 575 2247 627 et
2283 573 2484 640 honor,
2513 577 2570 627 et
2593 590 2700 644 pax
2729 573 2887 628 omni
2907 573 3163 646 operanti
3187 574 3407 629 bonum
3429 574 3595 646 (Rom.

231 671 596 744 impcenitens
647 686 764 737 cor,
805 669 1148 725 thesaurizas
1202 667 1306 722 tibi
1350 668 1494 721 iram
1533 667 1592 721 in
1631 666 1721 721 die
1766 666 1866 720 irae
1967 684 2030 735 ιι,
2063 671 2092 722 3
2126 672 2176 721 et
2203 666 2335 736 seq.)
2362 687 2390 716 »
2433 666 2810 734 Sententiam,
2853 669 3072 736 fratres,
3111 684 3240 740 quae
3278 666 3600 724 misericor-

230 766 292 817 ct
315 759 671 816 revelationis
689 758 830 830 justi
849 757 1050 831 judicii
1077 756 1196 827 Dei,
1221 755 1320 828 qui
1339 755 1536 811 reddet
1561 755 1867 827 unicuique
1968 760 2126 815 diam
2151 763 2320 827 vetat,
2351 776 2468 815 non
2508 759 2696 815 solum
2732 765 2951 829 tenere,
2981 762 3081 816 sed
3117 764 3174 817 et
3212 761 3408 818 audire
3441 762 3598 818 refu-

3500 375 3598 429 138

228 855 548 911 secundum
593 869 764 926 opera
813 853 953 924 ejus.
996 851 1088 906 His
1137 850 1371 922 quidem
1409 849 1508 920 qui
1551 850 1865 904 secundum

229 945 569 1020 patientiam
605 946 740 1002 boni
767 947 952 1018 operis
1000 945 1244 1018 gloriam
1284 946 1341 998 et
1371 944 1673 1010 honorem,
1701 947 1758 998 et
1785 942 1867 998 in-

227 1042 657 1114 corruptionem
734 1039 1123 1113 quaerentibus
1157 1038 1365 1092 evitam
1415 1041 1684 1092 aeternam
1701 1054 1717 1105 ;
1778 1035 1864 1090 his

226 1141 426 1192 autem
465 1135 562 1208 qui
609 1152 678 1190 ex
717 1134 1099 1201 contentione,
1130 1135 1189 1188 et
1229 1131 1325 1205 qui
1367 1147 1482 1186 non
1502 1130 1868 1202 acquiescunt

226 1231 479 1302 veritati,
510 1230 750 1286 credunt
774 1234 962 1284 autem
983 1227 1292 1299 iniquitati,
1320 1226 1408 1280 ira
1437 1229 1492 1280 et
1515 1223 1864 1295 indignatio;

225 1329 525 1386 tribulatio
562 1333 620 1385 et
657 1327 920 1400 angustia
956 1326 1015 1381 in
1057 1341 1285 1381 omnem
1325 1325 1578 1381 animam
1614 1321 1867 1379 hominis

1967 854 2103 926 gite,
2126 853 2257 925 quia
2285 853 2472 924 potior
2494 859 2578 909 est
2605 854 2991 910 misericordia
3017 855 3281 911 omnibus
3304 856 3596 912 holocaus-

1963 947 2271 1003 tomatibus
2323 951 2379 1002 et
2431 947 2733 1003 sacriﬁciis.
2775 948 3056 1004 Consultis
3106 949 3306 1006 vestris
3352 949 3600 1006 breviter

1966 1041 2387 1113 respondimus,
2443 1041 2577 1113 quia
2632 1058 2928 1114 oppressos
2981 1045 3149 1099 nimis
3201 1047 3258 1099 et
3305 1061 3596 1116 praeoccu-

1965 1138 2128 1207 patos
2161 1135 2284 1190 aliis
2304 1135 2534 1206 judiciis
2560 1135 2762 1190 litterae
2791 1153 2897 1191 nos
2920 1137 3185 1194 invenere
3210 1117 3431 1193 vestrae.
3462 1140 3599 1193 Data

1966 1245 2061 1285 vm
2115 1229 2240 1284 ldus
2291 1229 2570 1298 Octobris,
2615 1230 2862 1284 Antonio
2915 1236 2971 1286 et
3020 1232 3334 1288 Alexandro
3389 1249 3594 1287 consu-

1966 1322 2134 1378 libus.

831 1629 1404 1724 INCIPIUNT
1499 1626 2026 1721 DECRETA
2119 1626 2543 1720 URBANI
2640 1627 3003 1721 PAPfE.

1215 1803 1312 1868 De
1340 1803 1675 1866 communi
1698 1802 1838 1865 vita
1866 1809 1930 1865 et
1954 1800 2275 1865 oblatione
2299 1801 2616 1882 ﬁdelium.

1065 1962 1250 2034 (Anno
1295 1964 1420 2034 222,
1469 1971 1736 2034 tempore
1777 1960 1994 2016 Aurelii
2036 1958 2313 2016 Antonini
2359 1957 2764 2032 imperatoris.)

299 2269 558 2324 URBANUS
601 2264 894 2338 episcopus
941 2264 1206 2321 omnibus
1245 2265 1580 2322 Christianis
1626 2266 1687 2321 in
1735 2282 1861 2321 san-
1884 2278 1941 2350 Β
1965 2282 2036 2323 ex
2051 2265 2237 2338 pretio
2258 2281 2482 2336 eorum,
2499 2269 2797 2340 coeperunt
2810 2264 3028 2339 praedia
3048 2269 3105 2323 et
3125 2279 3292 2338 agros
3313 2279 3452 2338 quos
3468 2279 3599 2322 ven-

225 2360 635 2416 ctiﬁcationem
684 2358 913 2431 spiritus
937 2401 951 2427 ,
1012 2359 1073 2414 in
1122 2360 1509 2416 obedientiam
1566 2365 1622 2416 et
1667 2377 1864 2433 asper-

224 2455 457 2510 sionem
492 2453 782 2525 sanguinis
817 2452 1045 2509 Domini
1081 2454 1258 2509 nostri
1303 2456 1436 2510 Jesu
1473 2453 1677 2510 Christi
1722 2455 1868 2509 salu-

225 2554 365 2605 tem.

295 2644 472 2698 Decet
494 2658 692 2697 omnes
719 2641 1082 2710 Christianos,
1113 2641 1450 2710 charissimi,
1476 2643 1542 2697 ut
1567 2658 1698 2697 eum
1734 2642 1860 2697 imi-

223 2740 427 2792 tentur
468 2737 630 2808 cujus
668 2752 880 2790 nomen
921 2736 1108 2790 sortiti
1147 2739 1280 2791 sunt
1319 2755 1332 2792 :
1368 2757 1396 2787 «
1429 2736 1578 2800 Quid
1608 2736 1859 2808 prodest,

225 2832 430 2887 fratres
473 2831 606 2899 mei,
654 2831 939 2902 apostolus
985 2831 1227 2886 Jacobus
1275 2831 1372 2898 ait,
1416 2829 1462 2885 si
1517 2831 1690 2886 ﬁdem
1739 2830 1865 2903 quis

224 2926 374 2981 dicat
410 2941 472 2980 se
515 2924 748 2992 habere,
781 2941 956 2996 opera
979 2929 1171 2980 autem
1217 2941 1331 2980 non
1359 2925 1611 2980 habeat?
1644 2926 1774 2996 (Jac.
1800 2941 1860 2995 II,

228 3020 330 3089 14.)
367 3041 394 3068 ››
426 3018 610 3074 Nolite
641 3019 833 3090 plures
859 3018 1118 3089 magistri
1136 3017 1282 3088 ﬁeri,
1307 3019 1510 3074 fratres
1527 3017 1664 3088 mei,
1688 3018 1864 3073 scien-

223 3117 304 3168 tes
332 3112 610 3185 quoniam
630 3113 814 3184 majus
832 3113 1114 3184 judicium
1133 3111 1387 3183 sumitis;
1412 3113 1470 3167 in
1489 3113 1686 3167 multis
1705 3112 1862 3168 enim

223 3206 570 3262 offendimus
596 3223 818 3262 omnes.
840 3206 944 3271 Qui
971 3206 1198 3278 sapiens
1225 3210 1281 3262 et
1306 3206 1695 3278 disciplinatus
1714 3206 1864 3262 inter

223 3318 338 3370 vos,
368 3301 638 3356 ostendat
681 3317 747 3355 ex
779 3300 934 3356 bona
969 3301 1399 3356 conversatione
1441 3316 1676 3373 operam
1703 3318 1863 3357 suam

224 3395 282 3449 in
316 3393 761 3450 mansuetudine
801 3394 1117 3465 sapientiae.
1157 3394 1378 3450 Scimus
1411 3411 1508 3449 vos
1553 3411 1667 3450 non
1698 3394 1858 3466 igno-

223 3505 375 3557 rare,
431 3487 568 3559 quia
616 3489 891 3543 hactenus
946 3489 1062 3543 vita
1110 3489 1428 3543 communis
1486 3489 1638 3543 inter
1684 3488 1862 3544 bonos

224 3583 578 3639 Christianos
608 3583 810 3654 viguit,
869 3587 928 3638 et
973 3585 1156 3639 adhuc
1206 3584 1386 3656 gratia
1433 3583 1534 3639 Dei
1587 3584 1760 3656 viget,
1805 3587 1863 3639 et

1966 2362 2102 2415 dere
2144 2360 2421 2432 solebant,
2461 2360 2792 2416 matricibus
2841 2360 3087 2416 ecclesiis
3129 2360 3374 2427 tradere,
3426 2361 3484 2414 et
3529 2375 3597 2414 ex
3703 2371 3706 2377 '

1966 2454 2287 2527 sumptibus
2323 2471 2523 2510 eorum
2563 2453 2771 2510 vivere.
2815 2457 2959 2526 Ipsae
3001 2470 3138 2510 vero
3180 2470 3272 2509 res
3297 2453 3357 2509 in
3383 2453 3598 2510 ditione

1965 2547 2324 2620 singularum
2375 2547 2794 2619 parochiarum,
2825 2548 3222 2620 episcoporum
3267 2549 3366 2619 qui
3407 2549 3598 2604 locum

1963 2644 2160 2698 tenent
2185 2643 2571 2714 apostolorum
2601 2646 2785 2711 erant,
2818 2645 2876 2697 et
2910 2646 3042 2696 sunt
3072 2658 3254 2714 usque
3301 2642 3508 2710 adhuc,
3542 2645 3601 2698 et

1963 2735 2170 2792 futuris
2216 2752 2443 2808 semper
2483 2736 2693 2791 debent
2728 2752 2848 2790 esse
2895 2735 3266 2808 temporibus.
3295 2737 3365 2792 Et
3393 2735 3598 2808 quibus

1965 2828 2212 2902 episcopi
2252 2833 2309 2886 et
2353 2830 2548 2885 ﬁdeles
2611 2829 3034 2901 dispensatores
3084 2845 3285 2885 eorum
3333 2830 3596 2885 omnibus

1964 2940 2331 2978 communem
2402 2922 2579 2978 vitam
2639 2923 2849 2995 degere
2906 2922 3230 2978 volentibus
3271 2922 3598 2980 ministrare

1965 3019 2167 3072 cuncta
2209 3017 2524 3072 necessaria
2571 3016 2798 3088 debent,
2827 3021 3001 3088 prout
3042 3015 3245 3072 melius
3282 3016 3595 3088 potuerint,

1964 3114 2029 3166 ut
2055 3128 2228 3166 nemo
2253 3112 2312 3166 in
2343 3112 2422 3166 eis
2443 3127 2616 3183 egens
2641 3111 2988 3166 inveniatur.
3013 3112 3150 3183 Ipsae
3179 3111 3332 3166 enim
3353 3128 3444 3166 res
3461 3112 3598 3166 ﬁde-

1961 3206 2102 3260 lium
2126 3205 2437 3260 oblationes
2459 3205 2839 3278 appellantur,
2853 3205 2988 3278 quia
3001 3205 3239 3260 Domino
3259 3205 3593 3262 offeruntur.

1963 3300 2086 3354 Non
2115 3315 2252 3370 ergo
2280 3299 2491 3354 debent
2519 3299 2579 3354 in
2621 3299 2742 3354 aliis
2785 3299 2977 3354 usibus
3008 3316 3180 3371 quam
3207 3300 3599 3356 ecclesiasticis

1963 3395 2021 3447 et
2051 3393 2450 3464 praedictorum
2476 3391 2924 3448 Christianorum
2956 3393 3200 3449 fratrum
3220 3394 3308 3448 vel
3333 3394 3595 3466 indigen-

1962 3487 2106 3540 tium
2126 3487 2398 3555 converti,
2431 3487 2562 3558 quia
2586 3491 2713 3542 vota
2735 3492 2867 3542 sunt
2892 3486 3166 3558 fidelium,
3188 3490 3245 3543 et
3263 3488 3449 3559 pretia
3468 3505 3596 3559 pec-

1963 3585 2238 3648 catorum,
2263 3597 2327 3635 ac
2354 3580 2703 3652 patrimonia
2730 3597 3066 3652 pauperum,
3085 3584 3256 3652 atque
3288 3582 3358 3636 ad
3384 3583 3593 3652 praedi-

223 3677 471 3732 maxime
498 3676 652 3732 inter
680 3694 774 3732 eos
818 3677 916 3749 qui
951 3678 1008 3732 in
1054 3681 1205 3733 sorte
1235 3677 1462 3733 Domini
1499 3681 1632 3732 sunt
1678 3653 2117 3747 electi,Cctum
2160 3691 2301 3746 opus
2357 3674 2704 3746 explendum
2759 3674 3000 3728 Domino
3051 3673 3296 3730 traditae.
3350 3675 3408 3730 Si
3466 3676 3595 3748 quis

225 3770 278 3825 id
301 3775 390 3826 est
417 3771 649 3826 clericos
676 3771 819 3826 sicut
849 3772 909 3826 in
939 3771 1170 3826 Actibus
1199 3772 1410 3844 legitur
1430 3773 1816 3844 apostolorum
1844 3791 1858 3829 :

227 3885 253 3915 α
282 3864 662 3920 Multitudinis
691 3869 885 3920 autem
924 3866 1286 3922 credentium
1316 3869 1440 3922 erat
1464 3884 1562 3922 cor
1599 3884 1778 3922 unum
1806 3872 1864 3923 et

221 3957 414 4013 anima
459 3975 603 4029 una;
650 3976 756 4014 nec
797 3959 1094 4032 quisquam
1130 3975 1332 4015 eorum
1375 3977 1502 4032 quae
1543 3961 1864 4031 possidebat

224 4051 438 4123 aliquid
486 4068 657 4106 suum
697 4069 816 4108 esse
882 4053 1121 4121 dicebat,
1163 4054 1259 4108 sed
1305 4056 1466 4108 erant
1514 4053 1626 4108 illis
1671 4055 1863 4110 omnia

223 4145 573 4201 communia.
626 4147 697 4201 Et
747 4147 953 4202 virtute
1016 4163 1225 4219 magna
1271 4147 1583 4203 reddebant
1627 4149 1862 4220 apostoli

222 4239 620 4295 testimonium
660 4240 1086 4296 resurrectionis
1129 4243 1262 4297 Jesu
1308 4240 1545 4311 Christi;
1584 4247 1640 4297 et
1683 4243 1864 4313 gratia

225 4351 439 4406 magna
471 4338 595 4389 erat
614 4335 675 4390 in
697 4335 958 4390 omnibus
992 4335 1121 4391 illis.
1149 4337 1338 4407 Neque
1366 4335 1521 4391 enim
1557 4337 1862 4409 quisquam

224 4444 398 4500 egens
443 4432 566 4483 erat
606 4429 757 4484 inter
799 4429 944 4498 illos,
997 4433 1276 4502 quotquot
1317 4429 1471 4485 enim
1516 4447 1862 4502 possessores

225 4539 497 4594 agrorum
538 4527 639 4578 aut
675 4523 977 4578 domorum
1013 4527 1176 4579 erant
1209 4524 1515 4580 vendentes
1551 4524 1864 4581 afferebant

224 4616 405 4687 pretia
426 4632 625 4671 eorum
652 4633 782 4688 quae
799 4617 1118 4672 vendebant
1145 4622 1202 4673 et
1226 4619 1515 4689 ponebant
1537 4622 1668 4674 ante
1691 4620 1862 4691 pedes

227 4710 636 4782 apostolorum.
689 4711 1095 4767 Dividebantur
1159 4717 1351 4767 autem
1405 4712 1642 4784 singulis
1692 4717 1865 4785 prout

227 4804 433 4876 cuique
461 4810 785 4876 opuserat.
825 4806 1031 4878 Joseph
1066 4809 1259 4861 autem
1301 4805 1398 4878 qui
1425 4807 1862 4877 cognominatus

228 4902 311 4953 est
355 4899 639 4954 Barnabas
667 4899 736 4954 ab
775 4899 1059 4971 apostolis,
1099 4900 1250 4972 quod
1299 4904 1383 4956 est
1426 4900 1862 4972 interpretatum

226 4993 371 5048 ﬁlius
407 4992 831 5063 consolationis,
869 4994 1066 5049 levites
1103 4998 1162 5048 et
1200 4994 1424 5066 cyprius
1468 5010 1700 5065 genere,
1733 5012 1863 5050 cum

227 5086 462 5142 haberet
506 5102 736 5157 agrum,
780 5087 1036 5142 vendidit
1079 5087 1239 5143 illum
1289 5090 1347 5142 et
1386 5087 1575 5144 attulit
1615 5088 1864 5160 pretium

229 5183 358 5235 ante
420 5181 596 5252 pedes
647 5181 1039 5252 apostolorum
1100 5181 1237 5253 (Act.
1300 5198 1374 5250 1v,
1436 5182 1545 5252 32),
1601 5204 1628 5231 »
1677 5187 1733 5238 et
1778 5199 1865 5238 re-

231 5275 400 5379 “ar:
429 5256 460 5379 ἰ

297 5368 560 5424 Videntes
598 5384 738 5439 ergo
779 5369 1096 5425 sacerdotes
1133 5369 1342 5425 summi
1383 5373 1440 5427 et
1462 5369 1556 5426 alii
1584 5374 1753 5444 atque
1777 5371 1862 5426 le-

230 5463 376 5530 vitae,
403 5465 463 5519 et
490 5462 703 5534 reliqui
746 5462 943 5519 ﬁdeles
979 5465 1108 5536 plus
1148 5465 1406 5520 utilitatis
1447 5483 1610 5537 posse
1640 5465 1860 5540 afferre,

231 5557 274 5610 si
301 5557 668 5612 hiereditates
693 5561 750 5612 et
777 5573 946 5629 agros
971 5574 1111 5630 quos
1143 5561 1275 5613 ante
1301 5559 1641 5627 vendebant,
1685 5560 1862 5614 eccle-

231 5651 323 5705 siis
353 5650 559 5722 quibus
585 5650 974 5723 prmsidebant
999 5651 1244 5724 episcopi
1277 5653 1585 5723 traderent,
1619 5669 1685 5709 eo
1715 5655 1866 5725 quod

232 5761 295 5800 ex
323 5745 646 5817 sumptibus
675 5761 876 5800 eorum
900 5748 1021 5801 tam
1050 5746 1428 5817 praesentibus
1459 5763 1630 5818 quam
1661 5747 1866 5803 futuris

233 5838 591 5910 temporibus
630 5837 881 5911 plurima
927 5843 985 5895 et
1024 5839 1376 5912 elegantiora
1415 5844 1649 5912 possent
1692 5841 1864 5896 mini-

229 5934 407 5990 strare
445 5931 714 5989 ﬁdelibus
739 5949 1107 5991 communem
1130 5934 1305 5991 vitam
1334 5935 1668 5992 ducentibus
1695 5950 1866 6007 quam

1961 3772 2172 3836 autem,
2202 3768 2358 3840 quod
2398 3767 2562 3837 absit,
2595 3784 2753 3823 secus
2793 3767 2989 3840 egerit,
3032 3767 3220 3822 videat
3247 3785 3320 3823 ne
3352 3769 3592 3824 damna-

1959 3863 2174 3917 tionem
2210 3861 2446 3917 Ananiac
2481 3866 2537 3918 et
2575 3862 2834 3934 Saphirze
2861 3861 3154 3933 percipiat,
3185 3866 3242 3918 et
3269 3879 3398 3918 reus
3424 3865 3594 3919 sacri-

1959 3957 2096 4028 legii
2137 3956 2414 4011 efﬁciatur
2447 3956 2590 4011 sicut
2626 3955 2705 4011 illi
2733 3956 2916 4012 effecti
2955 3959 3088 4012 sunt
3114 3957 3212 4028 qui
3240 3957 3420 4029 pretia
3445 3975 3592 4030 prm-

1964 4051 2243 4106 dictarum
2275 4067 2470 4105 rerum
2511 4050 2936 4120 fraudaverunt,
2968 4052 3036 4106 de
3069 4051 3275 4123 quibus
3303 4052 3514 4125 legitur
3535 4054 3596 4110 in

1960 4145 2250 4218 praedictis
2274 4145 2665 4217 apostolorum
2699 4145 2930 4200 Actibus
2958 4164 2972 4201 :
3009 4164 3036 4197 «
3070 4145 3167 4200 Vir
3206 4148 3330 4200 erat
3358 4147 3595 4219 quidam

1960 4239 2196 4295 nomine
2225 4239 2493 4307 Ananias,
2525 4255 2655 4293 cum
2695 4239 2932 4311 Saphira
2972 4256 3154 4295 uxore
3184 4241 3303 4310 sua,
3341 4241 3597 4297 vendidit

1961 4350 2187 4405 agrum,
2233 4336 2289 4388 et
2322 4332 2605 4388 fraudavit
2649 4332 2719 4388 de
2760 4334 2943 4404 pretio
2979 4334 3122 4406 agri,
3150 4335 3375 4389 conscia
3415 4352 3594 4391 uxore

1963 4445 2090 4493 sua;
2125 4430 2184 4481 et
2213 4427 2455 4482 efferens
2487 4431 2710 4498 partem
2743 4428 3071 4498 quamdam,
3095 4428 3166 4482 ad
3185 4429 3356 4500 pedes
3381 4434 3598 4501 aposto-

1962 4521 2149 4577 lorum
2199 4521 2405 4593 posuit.
2459 4521 2607 4575 Dixit
2653 4527 2845 4576 autem
2902 4524 3096 4578 Petrus
3135 4522 3372 4577 Ananiae
3425 4540 3438 4577 :
3483 4524 3597 4578 Cur

1963 4614 2202 4670 tentavit
2234 4616 2466 4670 Satanas
2509 4631 2604 4668 cor
2640 4617 2804 4669 tuum
2838 4615 3064 4671 mentiri
3113 4621 3170 4670 te
3210 4615 3439 4686 Spiritui
3466 4633 3594 4671 san-

1964 4712 2074 4777 cto,
2116 4714 2171 4764 et
2201 4709 2465 4763 fraudare
2494 4709 2562 4763 de
2590 4708 2772 4779 pretio
2797 4709 2958 4780 agri?
2987 4710 3186 4764 Nonne
3224 4725 3464 4763 manens
3490 4709 3594 4764 tibi

1961 4805 2230 4861 manebat
2252 4808 2309 4859 et
2326 4804 2715 4860 venundatum
2736 4803 2928 4859 eratin
2950 4808 3044 4859 tua
3063 4809 3344 4876 potestate
3359 4805 3386 4860 ?
3407 4806 3595 4870 Quare

1961 4899 2196 4971 posuisti
2220 4899 2280 4953 in
2317 4899 2483 4954 corde
2515 4902 2612 4953 tuo
2641 4898 2790 4954 hanc
2815 4899 2977 4953 rem?
3016 4900 3138 4954 Non
3176 4914 3236 4953 es
3261 4898 3596 4954 hominibus

1964 4993 2258 5061 mentitus,
2287 4993 2385 5048 sed
2417 4993 2678 5048 Domino.
2710 4993 2960 5048 Audiens
2985 4995 3178 5048 autem
3204 4993 3456 5048 Ananias
3477 4994 3597 5049 haec

1963 5088 2154 5157 verba,
2211 5087 2411 5143 cecidit
2469 5091 2525 5142 et
2589 5086 2884 5159 expiravit.
2940 5089 3006 5142 Et
3065 5087 3248 5142 factus
3292 5091 3377 5144 est
3424 5088 3598 5143 timor

1965 5199 2206 5253 magnus
2238 5181 2298 5236 in
2344 5198 2544 5237 omnes
2585 5181 2683 5252 qui
2715 5180 3035 5236 audierant.
3069 5181 3378 5253 Surgentes
3402 5188 3594 5240 autem

1959 5277 2195 5347 juvenes
2229 5279 2566 5331 amoverunt
2605 5291 2756 5343 eum,
2789 5279 2845 5330 et
2884 5275 3186 5331 efferentes
3228 5278 3594 5350 sepelierunt.

1964 5371 2196 5426 Factum
2225 5375 2310 5425 est
2338 5375 2528 5426 autem
2557 5369 2715 5440 quasi
2744 5369 3023 5425 horarum
3048 5370 3222 5425 trium
3250 5372 3519 5444 spatium,
3543 5377 3600 5428 et

1964 5482 2110 5520 uxor
2144 5464 2319 5535 ipsius
2359 5464 2616 5518 nesciens
2653 5464 2802 5535 quod
2839 5465 3056 5520 factum
3092 5466 3283 5522 fuerat
3321 5466 3594 5522 introivit.

1964 5558 2331 5630 Respondens
2377 5560 2568 5612 autem
2625 5559 2820 5613 Petrus
2875 5559 2930 5614 ei
2977 5559 3120 5614 dixit
3165 5576 3178 5614 :
3218 5561 3316 5615 Dic
3369 5561 3512 5615 mihi
3552 5560 3597 5613 si

1963 5652 2107 5707 tanti
2133 5667 2336 5722 agrum
2371 5650 2704 5707 vendidistis
2724 5652 2753 5707 ‘?
2781 5654 2854 5707 At
2896 5652 2989 5707 illa
3018 5653 3178 5708 dixit.
3216 5653 3399 5707 Etiam
3426 5652 3592 5707 tanti.

1964 5748 2160 5801 Petrus
2187 5749 2382 5800 autem
2407 5746 2480 5800 ad
2516 5762 2640 5802 eam
2683 5762 2698 5801 :
2742 5745 2886 5811 Quid
2916 5746 3114 5818 utique
3143 5745 3404 5810 convenit
3442 5745 3596 5800 vobis

1966 5842 2190 5895 tentare
2229 5839 2502 5911 Spiritum
2543 5839 2806 5896 Domini?
2850 5842 2988 5895 Ecce
3026 5840 3199 5914 pedes
3246 5854 3448 5893 eorum
3498 5839 3597 5911 qui

1965 5933 2314 6008 sepelierunt
2349 5935 2535 5992 virum
2575 5939 2736 5991 tuum
2782 5935 2852 5989 ad
2899 5933 3128 6002 ostium,
3156 5935 3211 5987 et
3255 5931 3496 5988 eﬂ‘erent
3515 5935 3592 6000 te,
