4068 6294
497 299 593 354 139

495 405 809 464 Confestim
832 402 1037 459 cecidit
1062 403 1131 458 ad
1154 403 1327 475 pedes
1354 402 1496 473 ejus,
1519 404 1575 456 et
1597 397 1888 471 expiravit.
1917 400 2132 454 Intran-

493 507 579 558 tes
629 505 826 556 autem
861 499 1103 571 juvenes
1144 498 1483 552 invenerunt
1526 494 1680 550 illam
1721 498 2028 564 mortuam,
2071 497 2128 549 et

497 595 822 651 extulerunt
842 595 900 648 et
924 593 1273 664 sepelierunt
1313 591 1385 644 ad
1422 589 1605 644 virum
1632 605 1819 643 suum.
1858 590 1925 644 Et
1948 588 2128 643 factus

497 690 584 741 est
625 683 799 741 timor
844 699 1088 754 magnus
1130 681 1188 736 in
1235 679 1560 735 universam
1602 677 1909 734 Ecclesiam
1959 680 2016 731 et
2067 677 2127 732 in

499 795 697 835 omnes
724 778 822 850 qui
861 777 1158 832 audierant
1199 775 1319 829 haec
1369 775 1511 845 (Act.
1545 776 1641 841 v,l
1680 777 1730 828 et
1755 771 1884 844 seq).
1915 793 1942 822 »
1976 772 2125 839 Haec,

497 874 720 941 fratres,
750 872 911 927 valde
959 868 1206 925 cavenda
1255 871 1386 924 sunt
1435 871 1494 923 et
1539 866 1814 934 timenda,
1860 865 1997 938 quia
2038 881 2129 920 res

501 967 747 1022 ecclesiae
791 983 906 1021 non
948 964 1104 1036 quasi
1142 961 1412 1034 propriae,
1453 962 1554 1016 sed
1599 965 1664 1014 ut
1701 976 2034 1014 communes
2073 961 2132 1012 et

498 1060 737 1119 Domino
778 1059 996 1128 oblatae,
1040 1073 1169 1112 cum
1214 1072 1440 1111 summo
1482 1055 1690 1110 timore
1736 1071 1849 1108 non
1891 1053 1949 1107 in
1993 1052 2130 1107 alios

496 1171 670 1227 quam
700 1154 758 1209 in
786 1152 1056 1226 praefatos
1095 1167 1233 1205 usus
1272 1153 1408 1204 sunt
1434 1149 1681 1204 ﬁdeliter
1711 1147 2126 1219 dispensandae,

495 1265 568 1304 ne
607 1247 881 1319 sacrilegii
921 1244 1479 1300 reatum-incurrant
1504 1243 1602 1314 qui
1631 1258 1722 1296 eas
1750 1241 1880 1296 inde
1911 1240 2128 1295 abstra-

495 1344 643 1398 hunt
669 1341 769 1396 ubi
802 1339 1023 1396 traditae
1058 1340 1207 1408 sunt,
1251 1353 1322 1392 ne
1352 1353 1578 1408 poenam
1611 1339 1668 1391 et
1711 1339 1955 1390 mortem
1981 1336 2127 1388 Ana-

494 1437 607 1492 niae
639 1440 695 1490 et
732 1433 984 1504 Saphirae
1025 1433 1332 1498 incurrant,
1369 1436 1425 1485 et
1455 1430 1627 1502 (quod
1655 1429 1820 1501 pejus
1858 1431 1956 1494 est)
1990 1445 2127 1483 ana-

495 1531 694 1584 thema
717 1526 1057 1582 maranatha
1088 1526 1243 1580 ﬁant.
1270 1525 1335 1578 Et
1367 1525 1412 1578 si
1441 1540 1558 1578 non
1584 1540 1841 1594 corpore,
1886 1527 1947 1578 ut
1981 1526 2126 1577 Ana-

497 1623 620 1680 nias
663 1623 721 1676 et
760 1619 1014 1691 Saphira,
1057 1619 1269 1673 mortui
1312 1617 1654 1686 ceciderunt,
1695 1616 1888 1671 anima
1916 1620 2128 1684 tamen,

499 1733 629 1787 quae
667 1714 856 1786 potior
891 1717 974 1768 est
1011 1727 1270 1782 corpore,
1302 1715 1524 1766 mortua
1564 1713 1622 1765 et
1657 1710 1901 1766 alienata
1940 1727 1971 1765 a
1994 1726 2130 1764 con-

1390 294 1675 350 APPEND.
1715 293 1802 347 AD
1840 292 1999 346 SEC.
2043 292 2130 345 1X.
2160 319 2228 330 —-
2269 289 2511 346 lSlDORI
2553 287 2976 344 MERCATORIS

3670 322 3674 327 ι
3768 293 3872 346 140

2236 397 2467 467 faciatis,
2503 397 2601 453 sed
2632 396 3004 469 sponsionem
3027 411 3204 468 quam
3229 394 3473 453 Domino
3497 397 3558 452 in
3583 397 3875 469 baptismo

2228 493 2457 561 fecistis,
2485 491 2729 546 ﬁrmiter
2772 490 3029 565 tenea|is,
3060 507 3131 546 ne
3176 491 3424 564 reprobi,
3451 492 3550 548 sed
3596 492 3874 565 condigni

2227 603 2422 642 coram
2447 602 2514 642 eo
2541 584 3034 658 inveniamini.|Et
3072 585 3396 658 quicunque
3428 591 3680 642 vestram
3707 604 3871 642 com-

2228 697 2466 736 munem
2486 680 2661 734 vitam
2690 679 3011 750 susceptain
3032 679 3226 746 habet,
3249 681 3307 733 et
3331 679 3479 734 vovit
3500 696 3558 735 se
3580 680 3722 735 nihil
3742 697 3874 752 pro-

2228 775 2417 849 prium
2445 773 2681 842 habere,
2718 772 2904 828 videat
2926 789 3000 828 ne
3028 773 3495 844 pollicitationem
3536 791 3698 830 suam
3737 773 3870 830 irri-

2228 874 2348 925 tam
2379 868 2568 936 faciat,
2605 867 2828 922 sed-hoc
2856 867 3008 940 quod
3032 866 3275 922 Domino
3306 870 3392 922 est
3410 867 3715 939 pollicitus,
3737 867 3874 925 ﬁde-

2230 963 2362 1018 liter
2385 961 2667 1017 custodiat
2696 977 2766 1017 ne
2797 961 3253 1028 damnationem,
3286 961 3383 1017 sed
3433 961 3738 1033 praemium
3763 961 3876 1017 sibi

2229 1057 2506 1130 acquirat,
2528 1056 2800 1128 quoniam
2828 1055 3004 1110 satius
3022 1057 3108 1110 est
3126 1071 3245 1110 non
3264 1071 3466 1111 vovere
3479 1072 3654 1127 quam
3670 1060 3875 1112 votum

2229 1154 2404 1224 prout
2444 1149 2652 1205 melius
2693 1151 2898 1221 potest,
2941 1165 3056 1204 non
3098 1148 3391 1220 perﬁcere.
3436 1148 3670 1206 Gravius
3711 1150 3872 1206 enim

2230 1245 2552 1318 puniuntur
2588 1243 2687 1315 qui
2725 1245 2924 1297 votum
2961 1243 3236 1312 fecerunt,
3261 1247 3317 1299 et
3358 1247 3553 1299 votum
3594 1260 3712 1298 non
3738 1261 3871 1317 per-

2229 1339 2507 1406 fecerunt,
2541 1340 2642 1392 aut
2670 1337 2845 1392 ﬁdem
2875 1340 3271 1408 perceperunt,
3308 1341 3365 1392 et
3398 1337 3456 1392 in
3501 1337 3669 1393 malis
3693 1338 3875 1395 vitam

2231 1431 2525 1500 ﬁnierunt,
2576 1447 2750 1502 quam
2781 1431 2862 1486 illi
2904 1430 3002 1503 qui
3045 1431 3216 1486 vitam
3263 1430 3383 1484 sine
3413 1436 3542 1487 voto
3575 1432 3871 1503 ﬁnierunt,

2233 1530 2331 1581 aut
2356 1526 2475 1580 sine
2519 1525 2629 1581 fide
2667 1524 2881 1580 mortui
2927 1529 3078 1594 sunt,
3109 1529 3165 1580 et
3198 1530 3392 1581 tamen
3438 1525 3588 1580 bona
3628 1530 3877 1598 egerunt

2232 1636 2422 1692 opera.
2470 1619 2552 1675 Ad
2593 1620 2698 1674 hoc
2745 1619 2900 1675 enim
2946 1635 3174 1674 sensum
3221 1618 3625 1675 rationabilem
3652 1624 3875 1676 natura

2235 1731 2478 1770 munere
2505 1717 2562 1770 et
2587 1713 2852 1768 secundze
2890 1712 3200 1768 nativitatis
3229 1714 3652 1784 reparationem
3683 1731 3870 1770 susce-

498 1809 675 1864 sortio
711 1807 962 1864 ﬁdelium
1000 1806 1184 1874 cadat,
1217 1810 1272 1860 et
1307 1805 1366 1860 in
1396 1804 1743 1876 profundum
1771 1804 2021 1859 barathri
2047 1803 2126 1858 la-
2149 1798 2206 1870 B
2231 1809 2445 1880 pimus,
2470 1811 2534 1862 ut
2559 1807 2871 1862 secundum
2891 1806 3222 1879 Apostolum
3247 1828 3272 1855 ‹‹
3295 1808 3479 1879 magis
3499 1825 3627 1880 quae
3647 1826 3874 1865 sursum

497 1904 682 1959 batur.
725 1901 882 1957 Unde
921 1899 1338 1956 attendendum
1385 1902 1470 1954 est
1511 1898 1774 1954 omnibus
1819 1903 1873 1954 et
1893 1898 2136 1953 ﬁdeliter

500 1995 958 2062 custodiendum,
988 1998 1044 2050 et
1070 1993 1219 2048 illius
1249 1993 1632 2064 usurpationis
1659 1992 2005 2047 contumelia
2033 1991 2131 2046 de-

500 2090 782 2163 pellenda,
827 2105 898 2144 ne
943 2088 1160 2162 praedia
1210 2086 1400 2142 usibus
1431 2087 1793 2142 decretorum
1823 2085 2132 2141 caelestium

501 2183 765 2240 dedicata
789 2181 1182 2254 aquibusdam
1204 2181 1550 2236 irruentibus
1575 2183 1870 2236 vexentur.
1906 2179 2069 2244 Quod
2090 2179 2136 2234 si

500 2278 632 2351 quis
665 2276 892 2347 fecerit,
937 2280 1066 2348 post
1102 2275 1303 2332 debitae
1345 2275 1573 2330 ultionis
1617 2274 1983 2330 acrimoniam
2008 2290 2136 2345 quae

503 2389 639 2444 erga
661 2371 964 2442 sacrilegos
981 2371 1113 2442 jure
1134 2368 1454 2441 promenda
1484 2373 1585 2438 est,
1607 2371 1880 2440 perpetua
1909 2368 2138 2423 damne-

500 2471 594 2523 tur
618 2464 880 2533 infamia,
914 2467 970 2520 et
988 2464 1200 2520 carceri
1231 2463 1484 2519 tradatur
1513 2467 1612 2518 aut
1628 2462 1823 2518 exsilio
1843 2465 2137 2534 perpetuaa

501 2557 910 2631 deportationis
935 2560 1152 2626 utatur,
1184 2557 1456 2629 quoniam
1476 2557 1641 2628 juxta
1670 2557 2000 2628 Apostolum
2019 2563 2133 2612 tra-

502 2655 638 2710 dere
654 2657 882 2726 oportet
897 2651 994 2723 huj
1004 2652 1226 2708 usmodi
1249 2651 1802 2721 hominem‘Satanae,
1826 2654 1889 2704 ut
1906 2650 2136 2721 spiritus

504 2749 692 2804 salvus
718 2747 791 2802 sit
814 2746 874 2802 in
911 2745 1003 2802 die
1035 2745 1280 2800 Domini.
1309 2745 1627 2799 Mcmoratis
1653 2761 1790 2815 ergo
1808 2747 2138 2816 augmenta-

506 2841 758 2896 tionibus
821 2856 885 2894 ac
966 2839 1208 2894 cultibus
1279 2837 1566 2893 intantum
1620 2837 1869 2893 ecclesias
1933 2837 2138 2909 quibus

505 2934 759 3006 episcopi
801 2933 1128 3005 praesident,
1169 2931 1411 2986 Domino
1448 2931 1911 3002 adminiculante,
1945 2947 2136 2987 creve-

505 3032 662 3097 runt,
693 3029 752 3082 et
777 3027 948 3082 tantis
976 3025 1228 3081 maxima
1257 3041 1385 3096 pars
1405 3041 1601 3080 earum
1629 3025 1925 3081 abundant
1947 3025 2137 3092 rebus,

509 3127 571 3179 ut
594 3121 786 3178 nullus
814 3121 886 3176 sit
922 3120 980 3174 in
1022 3108 1504 3175 eisicommunem
1537 3119 1754 3191 eligens
1778 3118 1954 3174 vitam
1985 3119 2134 3174 indi-

595 3170 784 3178 --.---_-
815 3170 884 3176 -_-
922 3170 980 3174 __
1028 3170 1096 3175 -_-
1145 3170 1504 3175 ----___-___m_
1542 3170 1750 3191 -__O-__-
1793 3170 1954 3174 ,_-___
1987 3170 2105 3174 _,___

510 3232 670 3287 gens,
705 3215 824 3271 sed
873 3214 1064 3270 omnia
1103 3212 1418 3269 necessaria
1466 3213 1536 3268 ab
1597 3213 1863 3285 episcopo
1915 3170 2217 3285 suisquec

506 3309 782 3365 ministris
807 3307 1066 3381 percipit.
1113 3308 1240 3363 Ideo
1268 3307 1314 3362 si
1356 3307 1559 3380 aliquis
1604 3307 1885 3364 exstiterit
1913 3307 2141 3362 moder-

508 3405 596 3459 nis
623 3408 720 3459 aut
749 3402 952 3458 futuris
994 3400 1345 3474 temporibus
1369 3401 1468 3473 qui
1494 3403 1600 3456 hoc
1626 3403 1863 3458 avellere
1892 3400 2019 3475 32
2050 3401 2139 3456 ni-

511 3503 680 3569 tatur,
704 3499 824 3570 jam
851 3497 998 3552 dicta
1025 3495 1389 3552 damnatione
1416 3495 1674 3550 feriatur.

579 3593 740 3658 Quod
786 3596 978 3648 autem
1027 3591 1191 3647 sedes
1232 3591 1290 3645 iu
1333 3590 1729 3662 episcoporum
1773 3591 2020 3647 ecclesiis
2051 3608 2145 3646 ex-

507 3688 670 3743 celsa:
685 3687 1003 3742 constitutae
1017 3688 1418 3757 etprreparatm
1429 3684 1799 3740 inveniuntur
1811 3688 1872 3739 ut
1885 3686 2141 3753 thronus,

510 3781 963 3854 speculationem
994 3781 1050 3834 et
1091 3779 1440 3848 potestatem
1473 3777 1767 3848 judicandi
1795 3784 1851 3834 et
1891 3779 2146 3834 solvendi

511 3877 680 3944 atque
706 3871 924 3943 ligandi
951 3887 985 3925 a
1011 3870 1249 3925 Domino
1277 3869 1384 3923 sibi
1408 3869 1602 3924 datam
1641 3870 1936 3926 materiam
1963 3872 2142 3941 docet,

513 3966 666 4021 unde
703 3965 821 4037 ipse
861 3964 1122 4019 Salvator
1153 3962 1212 4018 in
1238 3963 1544 4034 Evangelio
1571 3963 1650 4018 ait
1684 3981 1697 4018 :
1727 3985 1753 4014 ‹‹
1783 3963 2147 4038 Quaecunque

511 4058 820 4132 ligaveritis
847 4074 1017 4129 super
1040 4060 1251 4112 terram
1294 4060 1463 4112 erunt
1503 4058 1677 4130 ligata
1715 4061 1773 4114 et
1808 4059 1869 4114 in
1895 4059 2062 4128 ccelo;
2094 4063 2150 4116 et

514 4169 872 4228 quaecunque
898 4151 1172 4207 solveritis
1203 4165 1374 4223 super
1410 4155 1621 4208 terram
1668 4155 1839 4209 erunt
1880 4153 2065 4209 soluta
2093 4159 2150 4210 et

513 4249 572 4304 in
628 4249 766 4304 coelo
812 4247 1026 4318 (Matth.
1073 4263 1229 4316 xvm,
1286 4249 1391 4320 18).
1422 4271 1449 4298 n
1497 4249 1565 4303 Et
1606 4247 1784 4303 alibi:
1819 4270 1846 4298 «
1902 4248 2150 4321 Accipite

514 4342 791 4415 Spiritum
819 4344 1076 4396 sanctum
1092 4358 1110 4412 ;
1157 4359 1398 4414 quorum
1434 4342 1762 4398 remiseritis
1787 4346 2018 4414 peccata
2051 4360 2146 4399 re-

513 4439 818 4492 mittuntur
856 4434 956 4504 eis,
1001 4439 1058 4491 et
1089 4452 1333 4506 quorum
1373 4437 1722 4492 retinueritis
1767 4440 1989 4493 retenta
2019 4442 2152 4493 sunt

2235 1907 2369 1958 sunt
2397 1901 2707 1974 sapiamus,
2741 1917 2857 1956 non
2887 1917 3013 1972 quae
3043 1917 3214 1972 super
3236 1905 3468 1972 terram,
3495 1901 3627 1974 quia
3656 1903 3877 1976 sapien-

2235 1997 2316 2051 tia
2358 1996 2528 2068 hujus
2571 1994 2772 2050 mundi
2824 1994 3064 2050 stultitia
3105 1999 3190 2050 est
3235 1996 3387 2066 apud
3412 1997 3614 2051 Deum.
3670 2019 3698 2046 »
3726 1998 3876 2062 Quid

2238 2093 2429 2145 autem
2473 2089 2692 2157 suadet,
2733 2088 3071 2155 charissimi,
3118 2089 3395 2160 sapientia
3445 2089 3616 2160 hujus
3661 2091 3875 2159 saeculi,

2237 2183 2348 2264 nisi
2373 2183 2634 2240 nocitura
2662 2199 2938 2255 quaerere,
2971 2185 3030 2238 et
3054 2199 3246 2238 amare
3277 2183 3550 2254 peritura,
3584 2184 3879 2256 negligere

2237 2277 2527 2345 salutaria,
2550 2293 2653 2348 pro
2676 2276 2854 2332 nihilo
2875 2281 3142 2348 reputare
3161 2277 3474 2348 perpetua?
3491 2278 3878 2349 Cupiditatem

2236 2371 2626 2439 commendat,
2655 2371 2727 2426 de
2753 2387 2867 2443 qua
2895 2370 3029 2426 dicit
3058 2388 3071 2426 :
3121 2392 3149 2421 ‹‹
3184 2371 3360 2426 Radix
3398 2371 3657 2427 omnium
3688 2372 3878 2428 malo-

2239 2482 2366 2520 rum
2391 2470 2475 2520 est
2499 2464 2800 2536 cupiditas.
2818 2486 2845 2514 »
2863 2464 2999 2528 Quae
3027 2464 3086 2518 in
3111 2465 3313 2536 primis
3336 2466 3439 2520 hoc
3461 2467 3677 2520 malum
3701 2467 3881 2523 habet

2237 2559 2393 2631 quod
2423 2559 2560 2614 dum
2597 2558 2808 2631 ingerit
2847 2559 3195 2628 transitoria,
3224 2559 3518 2614 abscondit
3541 2564 3787 2630 interna;
3821 2565 3882 2615 et

2240 2653 2379 2707 dum
2416 2670 2450 2707 a
2493 2652 2628 2708 foris
2673 2652 2859 2725 posita
2903 2652 3176 2725 conspicit
3216 2653 3369 2708 intra
3392 2670 3450 2709 se
3481 2655 3719 2710 latentia
3759 2671 3880 2711 non

2239 2746 2577 2818 introspicit,
2624 2750 2680 2801 et
2709 2747 2848 2802 dum
2887 2747 3070 2802 aliena
3107 2747 3336 2818 quaerit,
3361 2747 3624 2803 sectatori
3657 2765 3758 2803 suo
3787 2765 3879 2804 se-

2238 2839 2550 2913 metipsum
2589 2840 2842 2897 alienum
2884 2840 3040 2896 facit.
3079 2842 3218 2896 Ecce
3257 2841 3409 2913 quod
3449 2841 3648 2897 suadet
3686 2842 3883 2897 saeculi

2238 2934 2536 3007 sapientia,
2565 2934 2750 2991 vivere
2777 2934 2836 2989 in
2862 2934 3095 3004 deliciis,
3125 2935 3277 2990 unde
3303 2934 3512 2991 dicitur
3556 2952 3570 2989 :
3616 2958 3643 2987 «
3673 2936 3885 2992 Anima

2241 3045 2368 3102 quas
2392 3028 2452 3084 in
2477 3028 2690 3084 deliciis
2710 3034 2796 3084 est
2821 3029 3033 3098 vivens,
3057 3033 3288 3084 mortua
3316 3033 3418 3084 est.
3445 3052 3472 3079 ››
3502 3029 3716 3085 Suadet
3740 3046 3884 3102 ergo

2240 3123 2589 3179 mollissimis
2613 3123 3002 3192 suavitatibus,
3025 3122 3273 3195 peccatis
3293 3127 3350 3179 et
3374 3123 3525 3178 vitiis
3546 3128 3602 3180 et
3627 3123 3886 3180 ﬂammis

2242 3218 2463 3273 nutrire
2495 3233 2748 3287 carnem,
2779 3217 2890 3272 cibi
2918 3221 2974 3273 ct
3001 3217 3120 3272 vini
3161 3217 3600 3288 intemperantia
3625 3218 3886 3274 animam

2240 3328 2526 3382 premere,
2558 3328 2622 3366 ac
2649 3311 2823 3366 vitam
2865 3311 3098 3385 spiritus
3142 3311 3544 3380 intercludere,
3585 3314 3641 3366 et
3675 3315 3887 3368 contra

2243 3422 2301 3460 se
2350 3405 2498 3461 hosti
2552 3422 2652 3460 suo
2698 3405 2767 3462 de
2813 3422 2872 3460 se
2901 3405 3160 3477 gladium
3189 3405 3531 3460 ministrare.
3558 3407 3698 3460 Ecce
3727 3407 3885 3477 quod

2243 3500 2442 3556 suadet
2467 3499 2658 3555 smculi
2687 3499 2984 3572 sapientia,
3014 3502 3075 3554 ut
3114 3499 3214 3571 qui
3239 3499 3372 3554 boni
3403 3500 3534 3555 facti
3565 3504 3716 3568 sunt,
3741 3500 3885 3556 mali

2245 3610 2366 3649 esse
2395 3595 2622 3662 malint,
2663 3599 2720 3650 et
2742 3611 2844 3666 per
2873 3609 3127 3649 errorem
3171 3593 3378 3649 mentis
3406 3593 3530 3648 ﬁeri
3561 3593 3734 3649 etiam
3758 3599 3881 3649 stu-

2245 3688 2418 3743 deant
2456 3691 2802 3760 peccatores,
2832 3691 2888 3744 et
2916 3704 3031 3743 non
3069 3687 3324 3759 cogitent
3367 3687 3520 3742 illam
3563 3687 3886 3743 terribilem

2246 3781 2344 3837 Dei
2393 3798 2609 3852 vocem,
2670 3799 2796 3838 cum
2854 3786 3166 3840 exurentur
3222 3785 3545 3854 peccatores
3600 3780 3746 3837 sicut
3796 3783 3883 3836 fe-

2245 3891 2407 3931 num.
3125 3941 3132 3944 _

2320 3970 2531 4026 Omnes
2557 3971 2710 4027 enim
2731 3971 2924 4026 ﬁdeles
2953 3987 3058 4044 per
3082 3987 3288 4027 manus
3314 3969 3740 4044 impositionem
3765 3971 3891 4043 epi-

2250 4082 2557 4139 sc0porum
2572 4065 2844 4138 Spiritum
2858 4071 3116 4120 sanctum
3131 4065 3614 4138 postbaptismum
3627 4065 3890 4138 accipere

2251 4160 2479 4229 debent,
2509 4165 2574 4215 ut
2599 4162 2767 4231 plene
2795 4160 3101 4216 Christiani
3137 4160 3532 4229 inveniantur;
3561 4158 3716 4231 quia,
3747 4176 3890 4215 cum

2249 4250 2490 4322 Spiritus
2516 4253 2742 4304 sanctus
2761 4249 3102 4317 infunditur,
3121 4266 3220 4304 cor
3235 4249 3400 4304 ﬁdele
3422 4249 3493 4302 ad
3512 4249 3887 4320 prudentiam

2252 4348 2309 4399 et
2337 4345 2708 4399 constantiam
2751 4345 3041 4399 dilatatur.
3072 4345 3148 4398 De
3195 4343 3409 4415 Spiritu
3451 4347 3644 4398 sancto
3671 4343 3887 4416 accipi-

2248 4455 2377 4494 mus
2384 4441 2468 4508 ,ut
2483 4438 2727 4493 efﬁciam
2735 4455 2801 4493 ur
2815 4438 3296 4510 spirituales,quia
3307 4437 3458 4493 anim
3467 4437 3567 4492 alis
3581 4438 3754 4493 homo
3766 4454 3889 4494 non

514 4533 687 4603 (Joan.
734 4547 830 4601 xx,
858 4531 968 4602 23).
996 4548 1024 4582 )›
1076 4531 1208 4585 Ideo
1252 4530 1362 4587 ista
1397 4531 1772 4604 prmtulimus,
1803 4531 2144 4600 charissimi,
2166 4547 2226 4619 D
2248 4533 2493 4606 percipit
2519 4549 2584 4586 ea
2611 4549 2737 4605 qua:
2773 4535 2906 4587 sunt
2931 4532 3171 4603 Spiritus
3198 4532 3317 4587 Dei.
3349 4533 3423 4586 De
3451 4531 3663 4604 Spiritu
3690 4539 3895 4589 sancto

513 4631 579 4683 ut
596 4624 921 4698 intelligetis
943 4627 1281 4698 potestatem
1307 4626 1703 4699 episcoporum
1721 4630 2060 4694 vestrorum,
2090 4627 2150 4682 in

517 4723 708 4796 eisque
730 4721 1034 4776 Dominum
1047 4719 1422 4790 veneremini,
1444 4725 1608 4776 eteos
1624 4724 1687 4776 ut
1703 4721 1924 4777 animas
1935 4724 2150 4776 vestras

518 4815 784 4886 diligatis,
800 4820 856 4870 et
870 4815 1076 4887 quibus
1090 4814 1168 4869 illi
1192 4831 1308 4869 non
1327 4815 1751 4870 communicant
1769 4832 1883 4870 non
1899 4833 2148 4871 commu~

517 4907 736 4975 nicetis,
759 4913 815 4963 et
843 4910 995 4980 quod
1023 4908 1292 4980 ejecerint
1317 4925 1432 4963 non
1464 4909 1768 4980 recipiatis.
1791 4910 1964 4965 Valde
1993 4910 2148 4965 enim

516 5001 770 5056 timenda
799 5005 882 5056 est
906 5001 1184 5058 sententia
1212 5002 1483 5075 episcopi,
1509 5003 1644 5058 licet
1664 5003 1871 5075 injuste
1896 5005 2035 5076 liget
2053 5004 2150 5059 ali-

463 5145 466 5148 .
517 5111 710 5166 quem,
733 5094 887 5166 quod
902 5100 1093 5151 tamen
1113 5113 1475 5170 summopere
1496 5097 1811 5170 praevidere
1832 5099 2023 5154 debet.
2045 5100 2151 5153 Vos

518 5191 707 5244 autem
722 5188 1017 5244 hortantes
1033 5205 1330 5246 monemus
1347 5208 1542 5248 omnes
1552 5191 1650 5264 qui
1665 5191 2150 5247 Christianitatem

519 5281 862 5354 suscepistis,
893 5286 949 5337 et
972 5299 1004 5336 a
1041 5283 1260 5340 Christo
1300 5287 1634 5342 vocabulum
1659 5285 1966 5343 Christiani
1991 5301 2147 5340 sum-

518 5377 726 5449 psistis,
753 5393 824 5434 ne
851 5375 910 5432 in
939 5377 1131 5450 aliquo
1157 5379 1646 5438 Christianitatem
1670 5385 1912 5437 vestram
1931 5379 2148 5435 irritam

2251 4626 2580 4700 accipimus,
2609 4631 2674 4682 ut
2699 4627 2988 4698 sapiamus
3015 4627 3164 4681 inter
3188 4626 3402 4681 bonum
3419 4626 3755 4698 malumque
3781 4627 3894 4682 dis-

2251 4737 2506 4788 cernere,
2529 4720 2686 4793 justa
2717 4721 2975 4792 diligere,
3008 4721 3217 4792 injusta
3241 4737 3531 4792 respuere,
3557 4724 3623 4776 ut
3649 4720 3894 4777 malitia!

2249 4832 2312 4870 ac
2339 4815 2618 4887 superbia:
2663 4831 3069 4887 repugnemus,
3098 4819 3159 4869 ut
3200 4813 3438 4869 luxurias
3469 4830 3533 4868 ac
3563 4813 3801 4868 diversis
3833 4815 3897 4870 il-

2249 4909 2483 4966 lecebris
2509 4915 2566 4965 et
2605 4910 2750 4965 fedis
2788 4909 3155 4982 indignisque
3198 4907 3604 4981 cupiditatibus
3651 4910 3892 4965 resista-

2249 5021 2397 5060 mus.
2431 5007 2507 5059 De
2533 5003 2743 5076 Spiritu
2770 5007 2961 5059 sancto
2985 5003 3292 5074 accipimus
3337 5006 3397 5058 ut
3433 5019 3625 5058 amore
3668 5002 3802 5058 vitae
3833 5009 3894 5061 et

2251 5099 2445 5172 gloria:
2467 5098 2669 5153 ardore
2695 5098 2966 5169 succensi,
2991 5097 3207 5170 erigere
3226 5116 3258 5153 a
3280 5097 3521 5154 terrenis
3541 5102 3795 5154 mentem
3817 5100 3894 5155 ad

2252 5211 2491 5266 superna
2519 5197 2576 5248 et
2596 5193 2785 5247 divina
2809 5193 3119 5247 valeamus.
3148 5193 3283 5247 Data
3298 5194 3482 5248 Nonas
3510 5192 3890 5264 Septembris,

2248 5288 2306 5343 id
2328 5293 2411 5343 est
2429 5287 2632 5361 quinta
2649 5287 2738 5342 die
2765 5287 3021 5358 ejusdem
3039 5287 3272 5356 mensis,
3296 5287 3540 5344 Antonio
3563 5291 3620 5343 et
3647 5288 3895 5344 Alexan-

2249 5382 2351 5438 dro
2385 5384 2450 5438 lV
2477 5400 2556 5438 cc.
2588 5382 2801 5438 consul.
