4068 6330
225 334 316 388 Hi

1463 329 1934 390 DECRETALIUM
1973 329 2354 389 COLLECTIO.

3009 5 3281 17 7—?______

3009 5 3281 17 7—?______

3483 336 3586 390 142

811 600 1380 695 INCIPIUNT
1449 601 1975 696 DECRETA
2039 599 2574 694 PONTIANI
2641 601 3002 696 PAPZE.

1071 767 1256 839 (Anno
1291 767 1519 824 Domini
1548 771 1671 839 230,
1702 772 1962 840 tempore
1989 765 2298 823 Alexandri
2322 765 2730 839 imperatoris.)

239 1055 241 1058 ,
297 998 608 1051 Posrmnus
655 995 944 1068 episcopus
988 996 1167 1050 FELICI
1217 995 1537 1051 succrihoni
1590 995 1852 1051 salutem.
1878 993 2273 1081 Acontristari
2308 991 2650 1064 audivimus,
2679 1009 2794 1050 non
2822 994 3048 1052 modico
3088 996 3366 1070 compulsi
3396 1013 3590 1055 sumus

300 1089 518 1161 Oppido
548 1105 646 1145 cor
670 1094 932 1146 nostrum
976 1089 1235 1146 charitati
1267 1094 1469 1146 vestrae
1512 1091 1855 1162 congaudet,

219 1183 379 1256 quod
409 1183 661 1238 studium
693 1189 897 1240 sanctae
934 1183 1230 1256 religionis
1269 1201 1634 1256 summopere
1677 1184 1857 1238 adim-

222 1278 386 1350 plere
413 1278 672 1346 studetis,
707 1281 764 1332 et
790 1278 991 1334 fratres
1016 1283 1341 1351 maerentes,
1374 1296 1439 1334 ac
1470 1279 1767 1335 destitutos
1801 1277 1862 1332 in

222 1372 340 1427 ﬁde
393 1375 450 1427 et
498 1371 784 1444 religione
840 1372 1188 1428 confortatis.
1243 1374 1403 1430 Unde
1466 1371 1861 1444 Redemptoris

225 1465 412 1522 nostri
439 1465 890 1522 misericordiam
916 1483 1244 1538 exoramus,
1270 1470 1332 1522 ut
1355 1484 1456 1522 sua
1474 1467 1637 1522 nobis
1663 1466 1723 1521 in
1744 1483 1863 1522 om-

216 1561 398 1631 nibus
423 1559 605 1632 gratia
636 1560 996 1632 suffragetur,
1026 1566 1083 1617 et
1125 1561 1327 1618 effectu
1370 1561 1608 1633 implere
1652 1561 1863 1616 tribuat

225 1654 381 1726 quod
401 1654 543 1709 velle
562 1655 858 1710 concessit.
890 1656 951 1709 In
978 1656 1087 1710 hoc
1117 1655 1306 1727 itaque
1334 1655 1507 1724 bono,
1531 1658 1686 1710 tanto
1712 1671 1864 1710 com-

226 1748 398 1802 moda
439 1747 828 1802 retributionis
868 1751 1214 1818 accrescunt,
1243 1753 1458 1820 quanto
1503 1751 1562 1802 et
1606 1748 1862 1803 studium

229 1841 441 1897 laboris
464 1846 726 1914 augetur.
753 1843 820 1897 Et
850 1842 982 1914 quia
1009 1842 1069 1897 in
1096 1843 1186 1897 his
1214 1842 1478 1898 omnibus
1505 1842 1709 1897 divinae
1740 1858 1864 1914 gra-

229 1935 327 1990 tiae
345 1934 627 2006 adjutorio
648 1952 792 2006 opus
811 1938 916 2005 est,
935 1935 1344 2008 omnipotentis
1363 1935 1464 1991 Dei
1484 1935 1725 1991 assiduis
1741 1951 1865 2007 pre-

229 2029 394 2084 cibus
440 2028 803 2084 clementiam
852 2046 1174 2100 exoramus,
1217 2034 1497 2101 quatenus
1545 2030 1669 2085 haec
1709 2029 1865 2084 vobis

230 2140 461 2196 semper
486 2124 775 2195 operanda
798 2123 950 2180 bona
981 2128 1040 2178 et
1062 2124 1203 2180 velle
1228 2124 1443 2179 tribuat
1467 2126 1524 2179 et
1548 2140 1713 2196 posse
1735 2139 1866 2178 con-

229 2204 416 2287 cedat,
445 2221 614 2291 atque
641 2218 703 2272 in
729 2234 798 2274 ea
825 2235 925 2273 vos
954 2218 1066 2286 via,
1094 2235 1225 2274 cum
1258 2218 1445 2273 fructu
1482 2218 1620 2273 boni
1655 2217 1863 2290 operis,

227 2329 404 2385 quam
437 2328 493 2368 se
523 2313 720 2368 Pastor
743 2316 1035 2384 pastorum
1073 2328 1192 2367 esse
1239 2315 1476 2368 testatus
1513 2315 1598 2368 est
1631 2311 1860 2383 dirigat,

227 2409 295 2462 ut
316 2405 441 2461 sine
463 2423 576 2478 quo
597 2407 744 2463 nihil
769 2406 862 2478 agi
888 2410 1096 2478 potest,
1117 2422 1220 2478 per
1243 2406 1434 2478 ipsum
1453 2405 1695 2477 implere
1713 2405 1866 2461 bona
1883 2386 1940 2458 Β

227 2517 361 2573 quae
382 2499 628 2572 ccepistis
648 2500 898 2556 valeatis.
920 2501 1000 2554 De
1027 2500 1410 2556 sacerdotibus
1428 2503 1617 2555 autem
1637 2500 1864 2554 Domini

227 2611 376 2667 quos
401 2611 501 2650 vos
530 2593 848 2650 audivimus
879 2598 1081 2650 contra
1108 2611 1414 2666 pravorum
1441 2593 1745 2650 hominum
1771 2593 1862 2648 in-

226 2688 399 2744 sidias
449 2688 732 2760 adjuvare,
775 2704 1087 2759 eorumque
1131 2704 1328 2743 causas
1371 2691 1619 2760 portare,
1667 2688 1865 2743 scitote

227 2799 326 2838 vos
352 2783 414 2838 in
442 2797 507 2838 eo
534 2781 698 2838 valde
724 2783 839 2838 Deo
863 2782 1106 2853 placere,
1139 2782 1239 2854 qui
1265 2781 1371 2837 sibi
1396 2798 1490 2838 eos
1519 2782 1589 2837 ad
1609 2781 1863 2837 servien-

231 2877 370 2932 dum
398 2876 613 2945 ascivit,
643 2878 702 2932 et
729 2875 1041 2932 familiares
1064 2876 1352 2931 intantum
1386 2875 1493 2931 sibi
1518 2893 1637 2932 esse
1665 2875 1864 2944 voluit,

227 2975 294 3026 ut
318 2971 494 3026 etiam
537 2970 778 3026 aliorum
815 2970 1027 3026 hostias
1057 2986 1160 3042 per
1187 2987 1285 3025 eos
1331 2973 1668 3041 acceptaret,
1696 2975 1866 3042 atque

230 3082 433 3120 eorum
485 3067 720 3137 peccata
758 3065 1001 3119 donaret
1041 3063 1261 3136 sibique
1305 3063 1715 3133 reconciliaret,
1758 3065 1868 3136 ipsi

229 3176 461 3232 quoque
489 3159 722 3231 proprio
746 3175 843 3214 ore
865 3175 1069 3230 corpus
1089 3157 1311 3212 Domini
1343 3158 1651 3214 conficiunt
1679 3161 1737 3213 et
1761 3175 1864 3230 po-

131 3248 133 3250 ’
227 3255 376 3328 pulis
402 3253 658 3309 tradunt.
692 3254 772 3308 De
803 3252 913 3308 illis
951 3252 1104 3308 enim
1147 3253 1363 3308 dictum
1408 3255 1494 3307 est
1525 3269 1538 3307 :
1574 3273 1602 3303 ‹‹
1639 3253 1746 3317 Qui
1772 3269 1868 3307 vos

229 3347 590 3405 contristabit
617 3364 710 3403 me
749 3345 1122 3414 contristabit,
1152 3349 1209 3401 et
1241 3347 1338 3418 qui
1364 3345 1522 3401 vobis
1553 3345 1689 3402 facit
1714 3347 1865 3418 inju-

229 3444 396 3511 riam,
414 3441 654 3514 recipiet
673 3441 733 3496 id
750 3441 903 3513 quod
925 3439 1117 3512 inique
1141 3440 1352 3512 gessit:
1375 3460 1403 3491 »
1421 3442 1490 3494 Et
1515 3439 1648 3495 alibi
1676 3457 1688 3495 :
1715 3463 1743 3492 (ί
1762 3441 1866 3506 Qui

231 3554 329 3592 vos
369 3536 532 3592 audit
572 3552 666 3591 me
696 3535 872 3605 audit,
907 3539 963 3589 et
991 3534 1091 3606 qui
1115 3551 1210 3588 vos
1236 3533 1454 3605 spernit
1494 3549 1587 3589 me
1627 3535 1863 3606 spernit.

233 3632 340 3696 Qui
373 3633 573 3685 autem
611 3645 705 3684 me
737 3627 972 3700 spernit,
1001 3628 1220 3699 spernit
1265 3644 1397 3682 eum
1439 3627 1539 3699 qui
1580 3644 1672 3683 me
1714 3627 1870 3684 misit

235 3726 382 3797 (Luc.
413 3741 467 3792 Χ,
507 3724 610 3794 16).
643 3745 673 3774 ››
703 3721 769 3778 Hi
798 3721 954 3776 enim
982 3738 1098 3777 non
1127 3725 1259 3776 sunt
1282 3721 1612 3790 infestandi,
1635 3723 1735 3779 sed
1760 3723 1864 3779 ho-

233 3817 498 3874 norandi.
531 3819 593 3873 In
618 3816 702 3872 eis
748 3833 976 3889 quoque
1025 3816 1299 3871 Dominus
1343 3817 1677 3886 honoratur,
1707 3818 1869 3890 cujus

231 3912 522 3986 legatione
556 3911 899 3982 funguntur.
932 3909 997 3964 Hi
1032 3926 1190 3982 ergo,
1221 3909 1267 3964 si
1295 3910 1442 3966 forte
1486 3909 1790 3985 ceciderint
1835 3928 1882 3968 a'

231 4007 520 4076 fidelibus,
567 4009 703 4060 sunt
744 4003 1075 4060 sublevandi
1121 4006 1180 4060 et
1223 3990 1870 4154 portandi.4Accusandi

231 4105 422 4154 autem
465 4116 587 4154 non
637 4101 771 4153 sunt
827 4099 896 4153 ab
948 4097 1276 4154 infamibus.
1313 4103 1411 4154 aut
1447 4115 1537 4154 sce
1562 4099 1750 4154 eratis.
1780 4100 1868 4154 vel

229 4105 422 4158 autem
465 4116 587 4155 non
637 4101 771 4153 sunt
827 4099 896 4153 ab
948 4097 1276 4167 infamibus,
1313 4103 1411 4154 aut
1447 4097 1750 4168 sceleratis,
1780 4100 1868 4156 vel

231 4193 502 4264 inimicis,
526 4196 628 4248 aut
651 4191 880 4247 alterius
901 4197 1067 4248 secta:
1093 4192 1417 4247 hominibus
1433 4193 1522 4247 vel
1541 4193 1863 4265 religionis;

233 4289 278 4344 si
302 4286 685 4362 peccaverint,
701 4303 736 4340 a
753 4286 987 4359 reliquis
1007 4289 1324 4358 arguantur
1343 4287 1752 4358 sacerdotibus,
1771 4288 1870 4344 sed

235 4390 291 4439 et
318 4402 350 4439 a
377 4381 622 4438 summis
661 4380 1023 4452 pontiﬁcibus
1065 4381 1554 4452 constringantur,
1586 4387 1643 4437 et
1681 4399 1799 4438 non
1837 4400 1872 4438 a

234 4475 602 4534 saecularibus
633 4477 736 4530 aut
759 4473 925 4529 malae
945 4475 1075 4530 vitae
1096 4475 1423 4530 hominibus
1450 4479 1764 4547 arguantur
1781 4477 1870 4532 vel

236 4574 560 4628 arceantur.
590 4569 752 4634 Quod
794 4585 932 4640 ergo
972 4569 1043 4625 de
1083 4568 1274 4625 fratris
1298 4569 1469 4626 vestri
1509 4570 1750 4626 transitu
1772 4587 1870 4626 vos

1960 1105 2228 1144 maerore.
2277 1087 2434 1143 Unde
2479 1087 2932 1161 omnipotentem
2975 1091 3154 1146 Deum
3198 1107 3498 1163 rogamus,
3525 1098 3592 1149 ut

1961 1199 2080 1238 suae
2105 1199 2202 1237 vos
2234 1181 2429 1253 gratiae
2455 1181 2799 1253 aspiratione
2829 1184 3169 1254 consoletur,
3198 1201 3413 1257 vosque
3456 1190 3515 1241 et
3555 1205 3591 1243 a

1960 1275 2230 1346 malignis
2255 1274 2547 1346 spiritibus
2576 1278 2634 1330 et
2654 1292 2690 1347 β
2715 1276 2994 1347 perversis
3021 1277 3348 1334 hominibus
3379 1280 3590 1336 caelesti

1960 1292 2230 1346 malignis
2255 1292 2547 1346 SplI‘ltlDllS
2576 1292 2634 1330 et
2715 1292 2994 1347 perversns
3021 1292 3348 1334 nominibus
3379 1292 3588 1336 caelesti

1959 1370 2314 1442 protectione
2342 1292 2799 1518 custodia§ﬁam
2825 1374 2882 1426 et
2900 1370 2946 1424 si
2974 1387 3118 1443 quos
3147 1378 3277 1444 post
3299 1373 3448 1429 illius
3472 1373 3588 1430 obi-

1959 1468 2086 1518 tum
2110 1464 2386 1518 tumultus
2419 1480 2602 1518 cruoru
2707 1480 2801 1518 am
2831 1465 3253 1518 adversantium
3282 1468 3588 1518 sustinetis.

1959 1468 2086 1519 tum
2110 1464 2386 1519 tumultus
2419 1464 2801 1536 quorunidam
2831 1465 3253 1521 adversantium
3282 1468 3588 1539 sustinetis,

1962 1558 2138 1613 nolite
2165 1557 2363 1612 mirari
2392 1557 2438 1612 si
2467 1575 2563 1612 vos
2592 1557 2690 1630 qui
2714 1557 2828 1613 frui
2853 1558 3015 1614 bonis
3043 1559 3103 1613 in
3135 1562 3286 1615 terra
3310 1565 3511 1630 vestra,
3533 1562 3593 1617 id

1965 1655 2048 1707 est
2075 1653 2135 1707 in
2159 1656 2314 1707 terra
2337 1651 2673 1721 viventium,
2707 1653 2984 1725 quaeritis,
3016 1654 3173 1709 mala
3198 1653 3503 1710 hominum
3532 1655 3592 1711 in

1959 1751 2117 1802 terra
2160 1746 2344 1802 aliena
2381 1747 2641 1818 portatis.
2676 1746 3064 1819 Peregrinatio
3111 1747 3320 1820 quippe
3364 1753 3450 1804 est
3480 1748 3596 1804 vita

1961 1841 2263 1914 paenitens,
2293 1845 2349 1896 et
2380 1841 2480 1912 qui
2505 1840 2751 1912 suspirat
2785 1842 2856 1896 ad
2885 1841 3131 1914 patriam
3163 1842 3216 1898 ei
3239 1847 3598 1899 tormentum

1965 1940 2049 1992 est
2075 1934 2553 2008 peregrinationis
2582 1936 2762 2004 locus,
2795 1935 2967 1991 etiam
3009 1936 3055 1990 si
3090 1937 3331 1993 blandus
3357 1953 3477 1993 esse
3509 1937 3593 1994 vi-

1967 2029 2184 2097 deatur,
2214 2028 2368 2084 vobis
2395 2031 2588 2085 autem
2616 2029 2716 2102 qui
2743 2029 2988 2102 patriam
3015 2030 3264 2103 quaeritis
3295 2030 3446 2087 inter
3474 2048 3595 2087 sus-

1963 2123 2113 2196 piria
2138 2139 2265 2195 quae
2284 2121 2520 2190 habetis,
2544 2121 2719 2178 etiam
2741 2122 2986 2194 gemitus
3015 2124 3185 2180 audio
3211 2124 3482 2180 humanae
3502 2141 3597 2198 op-

1965 2215 2274 2291 pressionis
2311 2233 2636 2289 exsurgere.
2668 2217 2831 2282 Quod
2869 2217 3017 2274 mira
3058 2219 3470 2290 omnipotentis
3494 2219 3598 2274 Dei

1967 2311 2339 2384 dispositione
2365 2310 2576 2383 agitur,
2610 2315 2672 2367 ut
2695 2311 2834 2366 dum
2859 2311 3064 2368 veritas
3092 2328 3196 2385 per
3219 2328 3473 2370 amorem
3497 2330 3595 2368 vo-

1965 2411 2073 2477 cat,
2105 2406 2354 2461 mundus
2394 2405 2675 2476 paenitens
2715 2421 2750 2459 a
2793 2422 2854 2460 se
2897 2405 3018 2478 ipso
3065 2406 3318 2462 animam
3345 2410 3598 2464 vestram

1963 2517 2068 2573 per
2096 2498 2489 2555 tribulationes
2510 2515 2652 2571 quas
2681 2498 2910 2571 ingerit,
2934 2498 3168 2572 rejiciat.
3192 2502 3488 2574 Tantoque
3519 2502 3601 2558 fa-

1965 2594 2125 2650 cilius
2151 2594 2224 2648 ab
2253 2609 2453 2648 amore
2479 2593 2650 2663 hujus
2675 2593 2868 2648 saeculi
2891 2609 3055 2649 mens
3083 2599 3268 2663 exeat,
3299 2597 3512 2667 quanto
3543 2598 3604 2652 et

1964 2687 2280 2760 impellitur
2308 2688 2447 2743 dum
2479 2691 2731 2743 vocatur.
2761 2687 2953 2759 Itaque
2997 2687 3150 2759 quod
3189 2688 3452 2760 coepistis,
3485 2689 3595 2746 ho-

1965 2780 2288 2854 spitalitatis
2307 2797 2504 2836 curam
2524 2780 2858 2852 impendite,
2881 2779 2940 2835 in
2965 2780 3223 2838 oratione
3250 2786 3306 2838 et
3329 2782 3595 2856 lacrymis

1964 2875 2370 2932 instantissime
2416 2875 2689 2930 laborate.
2736 2875 3122 2948 Eleemosynis
3181 2892 3318 2948 quas
3366 2893 3600 2950 semper

1965 2970 2191 3026 amastis
2201 2971 2324 3042 jam
2343 2986 2495 3025 nunc
2512 2969 2725 3041 largius
2747 2975 2918 3042 atque
2937 2970 3171 3026 uberius
3192 2971 3322 3028 date
3341 2988 3596 3044 operam,

1967 3069 2031 3121 ut
2062 3068 2222 3120 tanto
2253 3067 2382 3136 post
2420 3068 2633 3119 crescat
2655 3063 2811 3120 vobis
2859 3063 2918 3118 in
2961 3064 3339 3121 retributione
3382 3066 3599 3122 fructus

1967 3158 2240 3227 muneris,
2281 3161 2494 3230 quanto
2547 3158 2640 3213 hic
2697 3157 3006 3215 excreverit
3059 3159 3314 3215 studium
3366 3159 3599 3219 laboris.

1965 3254 2250 3309 Praeterea
2296 3253 2603 3308 salutantes
2651 3254 2891 3325 paterna
2936 3252 3233 3310 dulcedine
3279 3253 3597 3311 bonitatem

1967 3351 2234 3415 vestram,
2261 3346 2508 3418 petimus
2543 3349 2606 3401 ut
2630 3345 2690 3402 in
2717 3346 2883 3402 bonis
2915 3363 3043 3419 quae
3081 3346 3326 3419 coepistis
3352 3365 3428 3405 ne
3459 3349 3596 3405 deti-

1969 3441 2144 3496 ciatis.
2172 3443 2371 3512 Neque
2412 3441 2559 3496 ullus
2587 3457 2688 3496 vos
2731 3441 2802 3496 ab
2852 3441 2934 3496 eis
2977 3445 3232 3498 avertere
3277 3443 3475 3514 possit,
3503 3445 3601 3500 sed

1966 3535 2027 3590 in
2050 3535 2265 3590 cunctis
2289 3533 2557 3589 affectum
2585 3538 2787 3590 vestrae
2813 3533 3120 3604 charitatis,
3151 3535 3339 3591 clerici
3368 3539 3428 3591 et
3451 3539 3599 3594 servi

1967 3629 2066 3683 Dei
2093 3644 2157 3682 ac
2184 3627 2370 3682 cuncti
2405 3627 2708 3684 Christiani
2747 3627 2845 3699 qui
2888 3628 2948 3682 in
2987 3627 3097 3682 illis
3142 3629 3394 3699 partibus
3439 3647 3596 3686 com-

1969 3724 2289 3792 morantur,
2319 3738 2516 3777 amore
2542 3719 2747 3776 Christi
2775 3725 2834 3776 et
2862 3721 3044 3776 sancti
3069 3721 3220 3777 Petri
3246 3721 3491 3794 pleniter
3515 3724 3600 3781 in-

1970 3815 2218 3886 veniant,
2250 3818 2308 3871 et
2342 3815 2550 3871 favoris
2578 3815 2750 3871 vestri
2788 3814 3000 3871 solatiis
3042 3831 3385 3888 quocunque
3427 3820 3598 3876 modo

1969 3926 2198 3968 necesse
2227 3910 2400 3965 fuerit
2424 3910 2735 3982 potiantur,
2755 3913 3035 3981 quatenus
3057 3915 3245 3966 vestra
3271 3911 3462 3968 cuncti
3489 3930 3598 3986 ope

1969 4005 2185 4062 defensi
2222 4008 2394 4076 atque
2425 4003 2623 4075 adjuti,
2652 4007 2710 4059 et
2746 4021 2851 4060 nos
2879 4005 3040 4060 vobis
3067 4005 3379 4078 gratiarum
3418 4008 3594 4080 possi-

1968 4117 2097 4155 mus
2124 4099 2362 4154 existere
2392 4099 2692 4167 debitores,
2721 4101 2777 4154 et
2805 4098 3057 4154 Christus
3102 4100 3368 4156 Dominus
3407 4104 3599 4160 noster

1970 4199 2139 4267 atque
2180 4193 2379 4248 beatus
2426 4194 2625 4248 Petrus
2656 4193 3041 4264 apostolorum
3068 4193 3334 4266 princeps
3360 4195 3420 4252 in
3450 4213 3597 4268 quo-

1969 4305 2100 4345 rum
2129 4305 2227 4344 vos
2254 4287 2435 4343 causis
2463 4287 2817 4359 impenditis,
2849 4289 3006 4343 Jesus
3044 4288 3295 4345 Christus
3324 4294 3599 4348 aeternam

1973 4381 2214 4456 gloriam
2234 4385 2584 4453 compenset,
2602 4385 2658 4437 et
2675 4380 2873 4437 beatus
2895 4384 3180 4454 apostolus
3200 4386 3399 4441 Petrus
3412 4385 3598 4458 ipsius

1973 4476 2167 4549 gloriae
2185 4475 2432 4548 januam
2461 4474 2702 4548 aperiat.
2731 4476 2872 4531 Data
2898 4493 2933 4531 x
2974 4477 3252 4534 Kalendas
3282 4479 3594 4552 Februarii,

1971 4570 2171 4627 Severo
2199 4572 2255 4627 et
2277 4569 2584 4636 Quintiano
2616 4571 2683 4626 IV
2713 4586 2794 4626 cc.
2817 4571 3032 4626 consul.

1243 4794 1704 4867 EPISTOLA
1764 4794 2226 4869 PONTIANI
2288 4793 2595 4866 PAPE.

1107 4928 1204 4991 De
1267 4928 1568 5007 fraterna
1637 4927 1975 4993 dilectione
2039 4937 2102 4992 et
2164 4928 2454 4992 vitandis
2521 4925 2738 4990 malis.

311 5066 625 5120 PONTIANUS
663 5066 876 5118 sanctae
911 5064 970 5117 et
1004 5061 1334 5120 universalis
1360 5061 1624 5120 Ecclesiae
1650 5063 1871 5136 episco-
1891 5077 1951 5152 D
1972 5066 2211 5139 phetam
2229 5065 2499 5138 loquitur
2537 5063 2762 5120 dicens:
2787 5061 3017 5127 «Quam
3035 5061 3218 5118 bonus
3254 5062 3428 5121 Israel
3457 5065 3603 5123 Deus

238 5161 326 5234 pis
355 5157 628 5216 omnibus
660 5160 812 5213 recte
850 5157 1154 5213 Dominum
1183 5158 1504 5215 colentibus
1532 5163 1590 5215 et
1619 5158 1874 5216 divinum

240 5255 457 5310 cultum
489 5251 839 5322 amantibus,
866 5251 1133 5307 salutem.

315 5347 503 5403 Gloria
534 5347 594 5402 in
621 5345 860 5402 excelsis
889 5346 1023 5416 Deo,
1055 5351 1112 5403 et
1139 5347 1199 5402 in
1227 5351 1380 5403 terra
1404 5363 1516 5420 pax
1545 5347 1876 5404 hominibus

243 5443 409 5498 bonae
438 5441 768 5498 voluntatis.
796 5441 928 5496 Haec
956 5440 1142 5510 verba,
1176 5442 1520 5511 charissimi,
1546 5459 1662 5498 non
1692 5442 1878 5499 homi-

243 5554 383 5594 num
421 5541 574 5607 sunt,
607 5535 709 5591 sed
750 5537 1106 5608 angelorum,
1149 5540 1206 5592 et
1243 5553 1359 5593 non
1402 5538 1655 5593 humano
1706 5553 1877 5593 sensu

241 5631 580 5704 excogitata,
605 5630 706 5686 sed
731 5629 804 5686 ab
833 5629 1052 5703 angelis
1079 5631 1140 5686 in
1170 5633 1298 5687 ortu
1328 5632 1630 5688 Salvatoris
1655 5648 1877 5688 annun-

242 5727 403 5796 tiata,
436 5725 645 5798 quibus
689 5723 1080 5782 indubitanter
1104 5726 1174 5782 ab
1199 5725 1461 5782 omnibus
1502 5726 1742 5798 intelligi
1769 5743 1878 5800 po-

245 5826 374 5891 test,
391 5820 552 5895 quod
565 5835 686 5877 non
704 5821 871 5878 malae
884 5820 1212 5892 voluntatis,
1231 5821 1328 5879 sed
1345 5821 1674 5879 hominibus
1689 5821 1875 5892 bonae,

243 5932 353 5988 pax
379 5916 457 5975 sit
484 5931 520 5974 a
544 5915 785 5975 Domino
809 5917 960 5990 data,
992 5916 1149 5975 unde
1198 5918 1256 5974 et
1299 5915 1576 5976 Dominus
1613 5933 1716 5990 per
1739 5933 1874 5990 pro-

1975 5161 2062 5216 his
2087 5159 2185 5234 qui
2215 5163 2373 5216 recto
2402 5161 2533 5214 sunt
2558 5158 2744 5228 corde,
2767 5157 2883 5212 mei
2913 5161 3106 5214 autem
3125 5173 3276 5230 pene
3303 5160 3446 5216 moti
3472 5164 3606 5217 sunt

1973 5255 2167 5327 pedes,
2198 5271 2349 5327 pene
2379 5253 2542 5311 eﬂ‘usi
2567 5255 2701 5308 sunt
2735 5267 2960 5324 gressus
2986 5251 3099 5308 mei
3137 5252 3271 5325 quia
3307 5238 3630 5311 aemulatus

1975 5366 2103 5405 sum
2137 5352 2338 5405 contra
2375 5347 2603 5419 iniquos
2633 5362 2831 5419 pacem
2872 5346 3186 5420 impiorum
3210 5348 3410 5405 videns
3437 5349 3601 5421 (Psal.

1976 5461 2124 5500 Lxxn
2163 5449 2215 5500 et
2246 5444 2436 5516 seqq.).
2470 5463 2498 5494 »
2533 5443 2614 5498 De
2658 5440 2822 5498 bonis
2849 5457 2980 5498 vero
3006 5441 3131 5515 ipsa
3167 5459 3273 5515 per
3303 5461 3362 5500 se
3388 5445 3606 5502 Veritas

1978 5539 2094 5594 ait:
2123 5538 2329 5595 «Beati
2357 5536 2574 5593 mundo
2602 5537 2791 5606 corde,
2813 5536 3083 5610 quoniam
3107 5536 3219 5610 ipsi
3249 5538 3425 5595 Deum
3449 5539 3606 5594 vide-

1975 5634 2123 5688 bunt
2152 5633 2365 5704 (Matth.
2393 5648 2448 5700 v,
2477 5632 2549 5704 8).
2581 5654 2608 5682 »
2635 5631 2828 5688 Mundi
2850 5631 3006 5688 enim
3029 5648 3145 5689 non
3167 5636 3299 5688 sunt
3314 5632 3481 5688 corde
3506 5631 3605 5702 qui

1976 5726 2128 5782 mala
2173 5725 2444 5798 cogitant,
2493 5729 2593 5783 aut
2639 5725 2844 5783 nociva
2887 5725 3154 5783 adversus
3197 5725 3401 5781 fratres
3448 5740 3600 5792 suos,

1977 5820 2114 5895 quia
2140 5820 2285 5877 nihil
2302 5820 2438 5878 mali
2457 5821 2578 5877 vult
2595 5820 2695 5894 qui
2713 5820 2896 5878 fidelis
2913 5823 3014 5877 est.
3043 5818 3246 5876 Fidelis
3269 5833 3408 5889 ergo
3428 5819 3602 5874 homo

1977 5915 2158 5990 magis
2184 5915 2369 5989 diligit
2398 5915 2596 5975 audire
2628 5931 2755 5990 quae
2783 5917 3009 5989 oportet
3050 5929 3220 5987 quam
3258 5911 3446 5970 dicere
3478 5929 3603 5986 quae
