4058 6298
476 299 574 355 143

1374 296 1655 351 ΑΡΡΕΝΙ).
1697 293 1784 348 AD
1822 293 1980 348 SEC.
2025 291 2113 345 ΙΧ.
2138 318 2204 329 -—
2243 287 2486 345 lSlDORl
2528 289 2945 346 MERCATORIS

3731 296 3838 352 4H:

470 425 591 464 non
619 409 860 480 oportet.
891 406 961 459 Et
999 404 1046 459 si
1087 402 1213 476 quis
1239 402 1422 459 ﬁdelis
1461 408 1562 474 est,
1589 402 1780 458 videat
1827 418 1897 456 ne
1943 400 2094 456 mala
2114 410 2174 485 Α
2195 397 2407 454 dividet
2431 399 2691 453 vulnera.
2735 397 3022 463 Quoniam
3049 397 3149 470 qui
3175 397 3321 454 fodit
3342 397 3589 471 foveam,
3621 400 3840 458 incidet

468 504 756 574 loquatur,
773 505 873 556 aut
887 498 1154 571 cuiquam
1170 497 1400 553 insidias
1416 500 1608 569 ponat.
1624 498 1688 553 In
1708 496 1814 556 hoc
1832 512 1969 567 ergo
1989 495 2095 550 dis-

471 599 787 654 cernuntur
826 593 929 649 ﬁlii
974 594 1070 650 Dei
1101 595 1157 648 et
1182 592 1282 647 ﬁlii
1311 591 1542 647 diaboli.
1571 591 1696 645 Filii
1727 606 1975 662 namque
2001 589 2098 646 Dei

470 707 699 762 semper
728 688 978 760 cogitant
1007 693 1061 744 et
1087 704 1254 760 agere
1285 686 1637 742 contendunt
1663 701 1792 759 quas
1820 685 1921 740 Dei
1945 689 2095 754 sunt,

471 789 529 842 et
551 786 752 840 fratres
778 782 1166 838 indesinenter
1193 780 1483 852 adjuvant,
1513 783 1570 835 et
1596 779 1741 834 nulli
1767 794 1970 834 nocere
1999 795 2094 833 vo-

470 880 615 935 lunt.
639 877 761 933 Filii
783 879 975 931 autem
993 873 1205 930 diaboli
1226 877 1461 930 econtra
1478 874 1633 928 mala
1653 876 1710 928 et
1727 874 1930 928 nociva
1951 889 2097 928 sem-

470 989 574 1045 per
602 971 970 1038 meditantur,
998 968 1129 1040 quia
1164 985 1343 1040 opera
1387 984 1586 1022 eorum
1633 969 1784 1021 mala
1830 971 1983 1022 sunt.
2020 968 2097 1023 De

471 1067 678 1140 quibus
704 1064 956 1136 loquitur
977 1062 1256 1118 Dominus
1281 1079 1384 1134 per
1407 1061 1713 1117 Jeremiam
1739 1062 2094 1134 prophetam,

473 1161 664 1216 dicens
698 1177 710 1214 :
747 1180 774 1208 <<
807 1158 1028 1230 Loquar
1058 1156 1280 1228 judicia
1308 1172 1437 1211 mea
1475 1172 1605 1210 cum
1633 1156 1714 1211 eis
1744 1173 1917 1227 super
1943 1155 2096 1210 omni

471 1253 688 1310 malitia
732 1268 930 1308 eorum
969 1251 1094 1321 (Jer.
1128 1255 1178 1318 1,
1223 1251 1326 1322 l6).
1358 1252 1665 1321 Propterea
1706 1249 1924 1320 judicio
1960 1267 2094 1304 con-

468 1347 704 1405 tendam
734 1346 920 1401 adhuc
946 1344 1256 1412 vobiscum,
1287 1345 1368 1400 ait
1398 1343 1690 1414 Dominus,
1714 1349 1771 1399 et
1806 1360 1937 1399 cum
1967 1344 2099 1398 ﬁliis

467 1443 664 1500 vestris
719 1438 1044 1511 disceptabo
1101 1439 1226 1510 (Jer.
1283 1455 1353 1508 ιι,
1412 1439 1483 1508 9).
1540 1439 1678 1496 Ecce
1727 1454 1836 1510 ego
1887 1438 2098 1509 ﬁngam

468 1541 671 1593 contra
692 1551 788 1589 vos
805 1533 1021 1588 malum
1053 1536 1110 1588 et
1136 1532 1323 1604 cogito
1355 1537 1550 1587 contra
1577 1548 1673 1586 vos
1697 1531 2096 1603 cogitationem

468 1634 597 1702 (Jer.
624 1645 779 1698 xvm,
809 1629 913 1698 Η).
949 1648 977 1677 ››
1010 1627 1156 1694 Haec,
1189 1627 1418 1696 fratres,
1457 1626 1621 1681 valde
1670 1631 1802 1681 sunt
1847 1626 2099 1681 timenda

469 1729 526 1780 et
555 1722 623 1778 ab
653 1721 918 1776 omnibus
946 1720 1220 1790 cavenda,
1249 1720 1524 1793 quoniam
1555 1736 1728 1793 super
1757 1736 1930 1792 quem
1949 1719 2100 1791 judi-

2195 493 2255 548 in
2273 492 2452 563 illam,
2481 495 2537 548 et
2561 492 2662 564 qui
2690 493 2886 548 statuit
2910 492 3159 565 lapidem
3189 494 3470 565 proximo,
3493 494 3744 552 offendet
3773 497 3837 552 in

2198 603 2284 656 eo,
2309 589 2366 641 et
2383 587 2482 657 qui
2502 587 2773 658 laqueum
2799 587 2894 641 alii
2923 587 3100 658 ponit,
3123 588 3332 659 peribit
3361 588 3420 643 in
3445 589 3559 644 illo.
3585 590 3838 646 Facienti

2195 679 2610 753 nequissimum
2657 680 2980 751 consilium,
3015 698 3188 753 super
3230 699 3364 753 eum
3400 683 3746 753 devolvetur,
3779 688 3842 740 et

2197 699 2610 753 nequissunum
2657 699 2980 751 consulum,
3015 699 3188 753 super
3230 699 3300 737 eu
3361 715 3364 718 ~
3400 699 3746 753 oevowetur,
3779 699 3842 740 et

2197 791 2317 830 non
2348 779 2655 846 cognoscet
2698 775 2848 830 unde
2889 776 3157 832 adveniet
3197 699 3516 870 illiilllﬁusio
3545 782 3601 834 et
3627 779 3842 852 impro-

2197 869 2422 941 perium
2460 869 2841 940 superborum
2885 875 2941 925 et
2967 870 3215 926 vindicta
3243 869 3388 926 sicut
3423 873 3513 927 leo
3537 872 3836 929 insidiabi-

2197 967 2294 1018 tur
2323 963 2424 1017 illi.
2455 963 2683 1034 Laqueo
2713 963 2982 1035 peribunt
3001 965 3100 1036 qui
3123 965 3482 1021 obiectantur
3507 983 3638 1022 casu
3655 968 3841 1040 justo-

2197 1057 2510 1124 rum,dolor
2521 1061 2713 1112 autem
2725 1074 2960 1113 consum
2968 1061 3024 1112 et
3037 1059 3165 1114 illos
3177 1061 3482 1132 antequam
3493 1062 3836 1133 moriantur,

2200 1150 2284 1205 ira
2305 1154 2360 1206 et
2385 1151 2544 1205 furor
2567 1153 2809 1223 utraque
2835 1152 3222 1221 exsecrabilia,
3247 1158 3303 1208 et
3321 1154 3406 1208 vir
3420 1157 3684 1225 peccator
3703 1173 3840 1212 con-

2197 1245 2384 1299 tinens
2407 1243 2515 1300 erit
2535 1245 2780 1300 illorum.
2802 1246 2907 1311 Qui
2933 1245 3206 1302 vindicari
3224 1248 3361 1315 vult,
3383 1265 3417 1302 a
3445 1249 3561 1303 Deo
3585 1249 3842 1306 inveniet

2198 1338 2530 1407 vindictam,
2574 1344 2630 1394 et
2675 1345 2903 1411 peccata
2944 1340 3090 1395 illius
3138 1358 3367 1396 servans
3419 1343 3678 1400 servabit.
3721 1346 3834 1400 Re-

2197 1432 2392 1505 linque
2433 1433 2692 1505 proximo
2729 1440 2828 1489 tuo
2875 1435 3104 1490 nocenti
3130 1438 3204 1504 te,
3237 1441 3295 1491 et
3330 1439 3465 1492 tunc
3504 1438 3838 1510 deprecanti

2199 1525 2302 1581 tibi
2343 1530 2581 1599 peccata
2625 1527 2937 1584 solventur.
2971 1530 3152 1584 Homo
3180 1530 3401 1585 homini
3441 1537 3622 1588 servat
3663 1533 3833 1603 iram,

2202 1623 2258 1674 et
2276 1637 2308 1674 a
2328 1621 2441 1675 Deo
2471 1622 2679 1693 quaerit
2697 1623 2979 1678 medelam
2996 1623 3024 1676 ‘?
3053 1625 3113 1678 In
3143 1625 3433 1680 hominem
3463 1625 3706 1682 similem
3727 1627 3836 1682 sibi

2202 1731 2317 1769 non
2343 1714 2517 1770 habet
2544 1714 3015 1785 misericordiam,
3046 1721 3102 1773 et
3123 1718 3193 1772 de
3224 1719 3470 1790 peccatis
3495 1719 3609 1775 suis
3639 1721 3837 1793 depre-

469 1818 624 1873 cium
666 1816 766 1871 Dei
806 1814 1092 1884 ceciderit,
1126 1789 1241 1869 non
1265 1789 1432 1870 —exiet
1475 1789 1808 1885 impunitus.
1856 1816 1923 1868 Et
1970 1813 2100 1869 ideo
2120 1789 2178 1861 Β
2202 1813 2363 1863 catur
2386 1809 2734 1864 Altissimum
2755 1810 2782 1864 ?
2807 1812 2933 1881 Ipse
2962 1810 3099 1865 dum
3127 1829 3258 1866 caro
3285 1812 3374 1884 sit,
3395 1819 3589 1874 servat
3611 1815 3756 1870 iram
3777 1820 3837 1871 et

470 1909 863 1983 unusquisque
899 1908 1205 1980 praevideat
1228 1925 1304 1963 ne
1329 1907 1438 1963 hoc
1463 1906 1824 1962 machinetur
1847 1911 1946 1962 aut
1970 1912 2103 1979 agat

471 2007 530 2060 in
561 2005 796 2060 fratrem
833 2003 985 2074 quod
1016 2003 1136 2074 ipse
1166 2001 1282 2073 pati
1309 2001 1572 2056 noluerit.
1602 2002 1671 2056 Et
1695 2018 1799 2056 nec
1822 2001 1882 2056 in
1914 2001 2099 2072 suspi-

468 2099 696 2155 cionem
711 2096 1090 2152 veniathomo
1108 2095 1312 2166 ﬁdelis,
1336 2099 1396 2150 ut
1415 2094 1564 2150 dicat
1583 2099 1682 2149 aut
1699 2093 1873 2150 faciat
1893 2111 1958 2150 ea
1973 2111 2102 2166 quae

465 2192 583 2264 pati
611 2207 727 2247 non
750 2190 886 2257 vult,
908 2189 1066 2244 unde
1099 2192 1391 2261 suspectos
1419 2192 1476 2244 et
1504 2188 1788 2258 inimicos,
1812 2192 1910 2243 aut
1936 2188 2102 2243 facile

465 2286 776 2358 litigantes,
799 2287 857 2339 et
886 2299 985 2338 eos
1011 2282 1110 2354 qui
1138 2299 1257 2337 non
1289 2287 1424 2337 sunt
1446 2283 1611 2337 bonae
1640 2281 2098 2348 conversationis,

465 2384 564 2435 aut
588 2393 832 2452 quorum
862 2376 975 2432 vita
1001 2379 1088 2432 est
1116 2375 1465 2444 accusabilis,
1494 2375 1594 2448 qui
1620 2378 1833 2431 rectam
1866 2391 1980 2430 non
2014 2377 2096 2430 te-

468 2475 608 2529 nent
651 2475 750 2526 aut
799 2471 1009 2526 docent
1066 2469 1264 2538 ﬁdem,
1313 2474 1669 2525 accusatores
1715 2472 2102 2527 antecesseres

464 2566 642 2624 nostri
673 2563 981 2637 apostolica
1006 2565 1341 2636 repulerunt
1369 2563 1726 2634 auctoritate,
1758 2565 1816 2620 et
1842 2580 1947 2619 nos
1973 2565 2102 2619 sub-

464 2676 761 2717 movemus
790 2662 964 2730 atque
995 2657 1202 2713 futuris
1239 2657 1594 2729 temporibus
1636 2657 1994 2713 excludimus
2025 2674 2100 2713 ne

464 2755 714 2809 libenter
737 2751 848 2807 labi
873 2751 1097 2823 possint
1125 2768 1266 2823 quos
1296 2767 1403 2806 nos
1433 2755 1628 2806 tenere
1669 2755 1724 2806 et
1760 2751 1976 2807 salvere
2003 2751 2097 2807 de-

464 2848 690 2916 bemus,
719 2861 809 2913 ne,
834 2845 989 2924 quod
1017 2844 1183 2913 absit,
1215 2844 1554 2916 praedictum
1583 2845 1681 2900 Dei
1703 2844 1989 2916 judicium
2016 2862 2102 2900 su-

466 2958 574 3016 per
598 2943 873 3010 utrosque
902 2937 1111 3007 veniat,
1143 2942 1200 2993 et
1225 2954 1330 2992 nos
1358 2953 1555 2994 eorum
1585 2938 1740 3007 vitio,
1769 2938 1922 3010 quod
1952 2939 2103 2993 Deus

2200 1901 2667 1973 propitiationem
2701 1903 2841 1973 petit
2874 1921 2907 1959 a
2933 1904 3086 1960 Deo?
3109 1905 3242 1970 Quis
3283 1908 3535 1962 exorabit
3563 1925 3666 1980 pro
3692 1909 3830 1965 deli-

2201 1996 2304 2050 ctis
2329 1996 2517 2051 illius?
2539 1998 2823 2052 Memento
2854 1999 3297 2055 novissimorum
3326 2005 3384 2055 et
3421 2002 3614 2058 desine
3648 2003 3839 2059 inimi-

2201 2089 2334 2157 cari,
2369 2089 2621 2145 tabitudo
2667 2091 2824 2145 enim
2869 2094 2926 2147 et
2967 2109 3120 2148 mors
3165 2093 3472 2150 imminent
3524 2097 3835 2155 mandatis.

2202 2185 2510 2239 Memorare
2557 2183 2827 2239 timorem
2872 2185 2976 2240 Dei
3021 2187 3300 2256 altissimi,
3333 2193 3390 2244 et
3430 2206 3545 2244 non
3573 2191 3839 2247 irascaris

2201 2277 2458 2348 proximo
2486 2280 2607 2333 tuo.
2633 2278 2945 2335 Memorare
2973 2282 3294 2338 testamenti
3327 2283 3620 2354 Altissimi,
3653 2289 3711 2340 et
3735 2287 3838 2342 de-

2201 2371 2352 2443 spice
2378 2372 2768 2443 ignorantiam
2795 2373 3064 2444 proximi.
3093 2375 3324 2432 Abstine
3352 2382 3407 2434 te
3435 2394 3470 2433 a
3495 2377 3616 2448 lite,
3651 2382 3709 2436 et
3734 2381 3840 2436 mi-

2201 2482 2340 2521 nues
2366 2468 2615 2536 peccata.
2643 2467 2819 2522 Homo
2849 2467 3004 2523 enim
3038 2468 3345 2526 iracundus
3369 2470 3623 2528 incendit
3651 2473 3836 2544 litem,

2202 2563 2260 2615 et
2299 2559 2386 2614 vir
2416 2563 2682 2632 peccator
2705 2561 2960 2617 turbabit
2983 2562 3214 2636 amicos,
3245 2569 3302 2620 et
3328 2565 3389 2621 in
3418 2568 3606 2623 medio
3631 2584 3838 2640 pacem

2203 2653 2534 2708 habentium
2590 2653 2859 2712 immittet
2905 2657 3251 2714 inimicitias.
3299 2659 3628 2718 Secundum
3679 2662 3836 2720 enim

2201 2746 2358 2818 ligna
2383 2747 2554 2817 silvae,
2587 2748 2663 2804 sic
2688 2749 2836 2820 ignis
2865 2752 3194 2821 exardescit,
3227 2757 3282 2810 et
3307 2756 3622 2812 secundum
3651 2756 3835 2814 virtu-

2203 2843 2320 2897 tem
2351 2842 2602 2897 hominis
2626 2844 2922 2900 iracundia
2950 2846 3099 2901 illius
3127 2847 3253 2916 erit,
3278 2851 3338 2903 et
3365 2851 3677 2906 secundum
3706 2852 3839 2909 sub-

2203 2935 2473 2992 stantiam
2494 2954 2653 2992 suam
2681 2939 2954 2994 exaltabit
2979 2940 3123 2995 iram
3149 2959 3332 2997 suam.
3355 2944 3658 3001 Certamen
3683 2947 3839 3003 festi-

467 3036 702 3101 avertat,
731 3047 1054 3105 pereamus.
1081 3031 1364 3104 Scriptum
1395 3037 1481 3088 est
1507 3031 1659 3088 enim
1693 3050 1706 3088 :
1742 3053 1769 3082 ‹‹
1799 3034 2100 3088 Rectorem
2201 3034 2399 3086 natum
2424 3031 2692 3086 incendet
2715 3033 2934 3105 ignem,
2957 3037 3014 3090 et
3041 3035 3110 3089 lis
3134 3036 3406 3092 festinans
3431 3038 3683 3096 effundet
3713 3057 3841 3097 san-

465 3127 891 3202 teposuerunt?
906 3141 1100 3181 curam
1122 3125 1351 3182 illorum
1371 3125 1538 3197 habe,
1560 3130 1622 3182 ut
1643 3127 1848 3182 laeteris
1869 3130 2104 3199 propter
2122 3165 2177 3240 Ο
2206 3124 2462 3196 guinem,
2486 3130 2542 3181 et
2559 3125 2754 3197 lingua
2777 3127 3082 3183 testiﬁcans
3101 3129 3347 3185 adducet
3366 3137 3634 3204 mortem,
3657 3134 3706 3189 si
3723 3136 3841 3191 suf-

467 3223 612 3293 illos,
637 3225 694 3276 et
725 3224 1128 3276 ornamentum
1156 3221 1360 3293 gratiae
1382 3220 1645 3293 accipias,
1673 3223 1730 3275 et
1755 3237 2027 3277 coronam
2048 3226 2104 3278 et
2125 3217 2177 3240 “‘
2202 3217 2424 3274 ﬂaveris
2444 3218 2605 3290 quasi
2619 3220 2769 3291 ignis
2786 3221 3024 3292 ardebit,
3043 3227 3099 3278 et
3115 3223 3162 3278 si
3179 3225 3462 3296 exspueris
3476 3228 3836 3299 superillam,

467 3316 858 3389 dignationem
875 3313 1239 3387 consequaris
1257 3331 1389 3370 cum
1409 3315 1708 3386 rogatione
1725 3314 1909 3386 (Ecch'.
1929 3331 2098 3383 xxxn,

473 3408 578 3468 l'et
601 3410 772 3482 seqq.)
796 3432 822 3458 »
846 3407 1093 3465 Verbum
1120 3407 1274 3464 enim
1296 3424 1546 3480 nequam
1569 3408 1895 3466 immutavit
1919 3425 2016 3464 cor
2037 3425 2101 3465 ex

469 3521 582 3578 quo
606 3507 853 3577 quatuor
876 3506 1068 3575 partes
1095 3502 1379 3558 oriuntur.
1403 3504 1620 3558 Bonum
1645 3505 1702 3558 et
1730 3503 1967 3573 malum,
1990 3502 2104 3565 ,vita

471 3604 526 3655 et
548 3615 720 3668 mors,
745 3602 802 3654 et
820 3596 1167 3653 dominatrix
1189 3599 1272 3652 est
1292 3613 1491 3652 eorum
1510 3597 1736 3652 assidua
1755 3597 1950 3670 lingua
1960 3583 2101 3745 fro

471 3693 671 3745 talibus
691 3690 945 3745 praedicti
960 3689 1172 3745 vitandi
1187 3690 1499 3745 admodum
1517 3695 1669 3745 sunt.
1688 3694 1744 3745 et
1765 3691 1964 3745 nriusa
2007 3707 2099 3745 am

467 3693 671 3748 talibus
691 3690 945 3764 praedicti
960 3689 1172 3746 vitandi
1187 3690 1499 3746 admodum
1517 3695 1669 3758 sunt,
1688 3694 1744 3745 et
1765 3689 2099 3762 priusquam

467 3785 753 3859 praedicta
789 3783 1129 3839 enucleatim
1169 3783 1576 3838 examinentur
1599 3782 1917 3854 opiniones,
1951 3786 2009 3838 et
2032 3784 2101 3839 ab

469 3879 579 3935 illis
620 3877 791 3932 alieni
835 3876 1200 3932 inveniantur
1229 3893 1345 3931 non
1396 3880 1530 3931 sunt
1575 3875 1936 3947 suscipiendi,
1968 3894 2102 3949 quq

468 3972 626 4028 niam
651 3969 989 4025 sacriﬁcium
1014 3969 1256 4025 salutare
1293 3974 1378 4025 est
1413 3969 1708 4025 attendere
1739 3971 2021 4026 mandatis
2047 3975 2104 4027 et

472 4065 759 4121 discedere
790 4064 860 4119 ab
887 4064 1045 4119 omni
1075 4063 1398 4135 iniquitate.
1429 4063 1857 4136 Beneplacitum
1888 4068 1973 4120 est
1999 4066 2102 4121 Do-

470 4159 629 4215 mino
653 4158 924 4214 recedere
947 4157 1016 4212 ab
1043 4157 1364 4229 iniquitate,
1389 4160 1444 4213 et
1471 4158 1722 4213 laudatio
1749 4159 2013 4215 recedere
2032 4160 2100 4214 ab

471 4252 766 4326 injustitia.
814 4251 1100 4316 Quoniam
1144 4250 1417 4323 scriptum
1461 4255 1588 4308 est:
1625 4273 1653 4300 ‹‹
1683 4252 1862 4324 Dilige
1909 4253 2097 4324 proxi-

469 4363 632 4404 mum
660 4350 823 4402 tuum
848 4349 905 4401 et
929 4347 1278 4418 conjungere
1308 4346 1419 4401 ﬁde
1443 4363 1572 4401 cum
1603 4346 1699 4401 illo
1719 4365 1735 4417 ;
1760 4348 2031 4419 quoniam
2056 4349 2102 4404 si

471 4441 850 4499 denudaveris
897 4440 1164 4496 absconsa
1207 4440 1377 4512 illius,
1410 4457 1525 4495 non
1571 4443 1929 4514 persequeris
1974 4448 2104 4515 post

2202 3311 2616 3384 exstinguetur,
2650 3318 2707 3369 et
2745 3319 2986 3386 utraque
3017 3333 3084 3370 ex
3118 3334 3214 3372 ore
3245 3319 3698 3390 proﬁciscuntur.
3735 3323 3839 3379 Su-

2202 3421 2364 3460 surro
2391 3410 2449 3460 et
2475 3405 2764 3478 bilinguis,
2793 3409 3147 3476 maledictus,
3170 3411 3382 3467 multos
3407 3413 3564 3468 enim
3588 3416 3841 3473 turbavit

2199 3515 2400 3571 pacem
2425 3499 2717 3571 habentes,
2748 3501 2945 3573 lingua
2974 3503 3141 3558 tertia
3186 3507 3398 3561 multos
3426 3510 3747 3579 commovit,
3781 3517 3841 3568 et

2204 3592 2467 3664 dispersit
2492 3593 2617 3649 illos
2641 3594 2710 3649 de
2745 3600 2914 3667 gente
2946 3595 3008 3650 in
3033 3601 3287 3669 gentem.
3313 3599 3577 3657 Civitates
3597 3603 3838 3661 divitum

2201 3687 2451 3742 munitas
2480 3688 2773 3757 destruxit,
2797 3692 2854 3744 et
2879 3689 3077 3746 domos
3105 3696 3447 3764 magnatum
3473 3695 3700 3766 effodit;
3727 3698 3838 3753 vir-

2202 3784 2350 3837 tutes
2373 3783 2720 3853 populorum
2745 3783 3012 3853 concidit,
3046 3789 3102 3841 et
3129 3791 3330 3858 gentes
3355 3788 3530 3844 fortes
3555 3789 3835 3849 dissolvit.

2200 3873 2419 3946 Lingua
2445 3876 2616 3931 tertia
2643 3877 2910 3942 mulieres
2933 3879 3140 3935 viratas
3167 3880 3352 3953 ejecit,
3378 3888 3435 3938 et
3453 3884 3694 3955 privavit
3709 3886 3839 3942 illas

2202 3967 2272 4024 de
2317 3969 2601 4025 laboribus
2648 3971 2784 4026 suis.
2829 3971 2934 4036 Qui
2974 3974 3201 4045 respicit
3243 3975 3418 4044 illam,
3451 3994 3566 4031 non
3603 3979 3840 4035 habebit

2201 4063 2480 4136 requiem,
2514 4081 2618 4120 nec
2659 4064 2934 4121 habitabit
2975 4083 3105 4121 cum
3149 4068 3379 4140 requie;
3420 4070 3632 4142 ﬂagelli
3662 4074 3839 4146 plaga

2200 4157 2436 4213 livorem
2466 4158 2621 4228 facit,
2656 4159 2820 4231 plaga
2855 4165 3048 4216 autem
3075 4161 3287 4234 linguae
3313 4165 3653 4220 comminuit
3681 4184 3834 4225 ossa.

2201 4251 2358 4306 Multi
2382 4251 2710 4307 ceciderunt
2748 4252 2806 4308 in
2834 4270 2933 4308 ore
2959 4255 3154 4326 gladii,
3184 4257 3279 4312 sed
3308 4274 3413 4313 nec
3441 4259 3518 4313 sic
3547 4260 3703 4330 quod
3734 4263 3836 4332 qui

2204 4345 2541 4402 interierunt
2551 4345 2928 4419 perlinguam
2950 4365 3133 4405 suam.
3157 4351 3363 4406 Beatus
3383 4353 3482 4424 qui
3502 4356 3684 4408 tectus
3705 4359 3836 4410 esta

2202 4439 2397 4510 lingua
2438 4455 2711 4511 nequam,
2761 4445 2817 4496 et
2867 4443 2966 4514 qui
3012 4443 3069 4497 in
3116 4444 3470 4501 iracundiam
3517 4447 3666 4502 illius
3713 4466 3832 4505 non

470 4554 621 4594 eum.
650 4537 807 4593 Sicut
835 4536 988 4591 enim
1019 4535 1192 4590 homo
1215 4535 1312 4606 qui
1333 4535 1518 4607 perdit
1542 4536 1793 4591 amicum
1815 4554 2003 4607 suum,
2025 4537 2103 4593 sic
2121 4540 2181 4612 D
2206 4531 2462 4588 transivit
2488 4536 2544 4587 et
2570 4534 2670 4606 qui
2712 4552 2826 4590 non
2864 4537 3098 4591 attraxit
3129 4538 3337 4610 jugum
3365 4541 3486 4612 ejus
3517 4544 3574 4596 et
3598 4542 3841 4599 vinculis

470 4632 569 4706 qui
600 4632 788 4705 perdit
828 4628 1136 4686 amicitiam
1183 4628 1436 4701 proximi
1484 4630 1588 4685 sui.
1621 4633 1687 4687 Et
1717 4631 1860 4686 sicut
1889 4633 1986 4703 qui
2016 4632 2101 4687 di-

467 4726 644 4782 mittit
668 4743 831 4782 avem
862 4726 931 4781 de
960 4741 1139 4780 manu
1166 4741 1290 4794 sua,
1311 4723 1387 4780 sic
1413 4725 1509 4796 qui
1540 4723 1889 4796 dereliquisti
1919 4726 2105 4797 proxi-

468 4836 629 4875 mum
662 4824 850 4890 tuum,
886 4824 944 4874 et
971 4835 1085 4873 non
1114 4835 1247 4873 eum
1274 4818 1477 4888 capies.
1508 4819 1633 4873 Non
1659 4819 1819 4873 illum
1851 4820 2104 4891 sequaris

467 4913 744 4985 quoniam
770 4914 943 4982 longe
971 4912 1128 4967 abest
1159 4928 1171 4966 :
1204 4910 1405 4982 effugit
1430 4913 1582 4966 enim
1611 4913 1768 4984 quasi
1801 4929 2006 4984 caprea
2034 4914 2102 4968 de

466 5009 692 5078 laqueo,
723 5005 856 5077 quia
879 5005 1181 5059 vulnerata
1223 5007 1306 5059 est
1351 5004 1540 5060 anima
1577 5006 1726 5077 ejus;
1777 5008 1929 5061 ultra
1969 5023 2101 5062 eum

468 5116 589 5156 non
615 5099 826 5170 poteris
855 5098 1143 5169 colligare,
1177 5102 1231 5153 et
1258 5099 1546 5155 maledicti
1577 5103 1662 5154 est
1689 5100 2053 5155 concordatio
2086 5118 2099 5156 :

453 5189 760 5250 ‘denudare
783 5191 937 5247 enim
960 5191 1126 5246 amici
1144 5192 1433 5264 mysteria,
1454 5193 1776 5265 desperatio
1794 5197 1878 5248 est
1896 5194 2103 5249 animae

467 5287 736 5342 inﬁdelis.
755 5289 1025 5342 Annuens
1040 5287 1201 5342 oculo
1216 5287 1457 5343 fabricat
1469 5287 1685 5359 iniqua,
1705 5291 1761 5343 et
1779 5303 1952 5343 nemo
1969 5304 2102 5343 eum

468 5380 597 5455 33
623 5379 863 5452 abjiciet.
903 5382 963 5435 In
1012 5387 1316 5452 conspectu
1361 5383 1657 5438 oculorum
1699 5383 1930 5437 tuorum
1967 5398 2099 5436 con-

468 5474 715 5530 culcabit
742 5493 802 5530 os
829 5491 1017 5546 suum,
1044 5481 1100 5532 et
1125 5494 1296 5549 super
1326 5492 1622 5532 sermones
1651 5479 1777 5532 tuos
1802 5474 2102 5531 admirabi-

463 5573 575 5625 tur.
611 5569 922 5626 Novissime
950 5574 1142 5628 autem
1169 5572 1455 5643 pervertet
1480 5586 1543 5624 os
1574 5586 1762 5641 suum,
1794 5572 1852 5625 et
1881 5569 1941 5624 in
1971 5587 2098 5625 ver-

461 5664 548 5720 bis
587 5664 696 5720 tuis
737 5665 896 5721 dabit
937 5665 1282 5721 scandalum.
1336 5664 1503 5718 Multa
1549 5664 1699 5719 odivi
1744 5669 1800 5721 et
1845 5681 1958 5720 non
2005 5682 2098 5720 co-

460 5758 680 5829 zequavi
702 5759 775 5827 ei,
800 5762 859 5815 et
877 5759 1151 5815 Dominus
1172 5757 1329 5812 odiet
1346 5757 1529 5812 illum.
1553 5758 1659 5822 Qui
1683 5759 1743 5813 in
1765 5760 1942 5814 altum
1963 5759 2102 5831 lapi-

461 5850 593 5908 dem
624 5852 816 5922 mittit,
847 5870 1019 5925 super
1047 5851 1170 5924 ejus
1212 5856 1384 5925 caput
1421 5851 1600 5922 cadet,
1632 5854 1690 5908 et
1726 5853 1895 5926 plaga
1925 5852 2099 5909 dolosi

2205 4627 2353 4682 illius
2382 4643 2501 4682 non
2524 4631 2607 4683 est
2635 4629 2866 4700 ligatus.
2897 4632 3107 4702 Jugum
3133 4633 3286 4688 enim
3311 4633 3462 4689 illius
3483 4635 3694 4707 jugum
3720 4637 3837 4692 fer-

2204 4739 2370 4777 reum
2402 4726 2504 4792 est,
2533 4726 2588 4778 et
2615 4723 2905 4779 vinculum
2944 4725 3098 4780 illius
3131 4725 3421 4782 vinculum
3467 4745 3681 4785 aereum
3731 4737 3836 4788 est.

2202 4815 2349 4871 Mors
2376 4815 2527 4871 illius
2566 4832 2721 4872 mors
2753 4817 3100 4890 nequissima
3135 4825 3240 4885 est,
3270 4826 3326 4876 et
3355 4822 3502 4877 utilis
3534 4823 3723 4894 potius
3748 4823 3836 4880 in-

2204 4911 2397 4966 fernus
2411 4927 2582 4982 quam
2595 4911 2710 4966 illa.
2730 4913 3153 4968 Perseverantia
3165 4913 3313 4970 illius
3325 4931 3439 4970 non
3454 4919 3838 4988 permanebit,

2205 5005 2300 5060 sed
2341 5004 2616 5060 obtinebit
2649 5005 2767 5059 vias
2810 5005 3155 5077 injustorum
3206 5014 3261 5063 et
3304 5008 3539 5064 ﬂamma
3581 5029 3682 5066 sua
3720 5030 3841 5068 non

2203 5098 2496 5153 comburet
2513 5099 2716 5170 justos.
2738 5099 2848 5164 Qui
2871 5100 3279 5174 derelinquunt
3303 5104 3482 5159 Deum
3503 5104 3760 5162 incidant
3777 5107 3839 5162 in

2204 5191 2376 5260 illam,
2412 5197 2468 5246 et
2500 5193 2825 5249 exardescet
2852 5194 2909 5248 in
2940 5193 3048 5249 illis
3089 5201 3145 5250 et
3177 5213 3294 5251 non
3336 5198 3752 5270 exstinguetur,
3783 5204 3844 5257 et

2203 5284 2550 5341 immittetur
2579 5286 2638 5341 in
2669 5303 2764 5342 eos
2796 5288 2956 5359 quasi
2988 5289 3075 5344 leo
3116 5292 3173 5344 et
3212 5291 3372 5362 quasi
3417 5292 3628 5363 pardus
3669 5293 3847 5350 laedet

2203 5395 2316 5436 eos.
2350 5380 2480 5452 Sepi
2517 5397 2683 5436 aures
2714 5383 2840 5436 tuas
2871 5382 3046 5454 spinis
3083 5386 3140 5438 et
3171 5384 3286 5438 noli
3333 5386 3529 5440 audire
3576 5385 3843 5458 linguam

2204 5491 2473 5547 nequam,
2506 5478 2564 5530 et
2607 5475 2694 5531 ori
2742 5479 2841 5531 tuo
2885 5476 3054 5532 facito
3099 5477 3260 5546 ostia,
3301 5482 3360 5533 et
3403 5495 3558 5536 seras
3601 5481 3842 5539 auribus

2202 5569 2332 5622 tuis.
2357 5571 2573 5624 Aurum
2601 5572 2765 5624 tuum
2787 5575 2843 5626 et
2869 5579 3174 5642 argentum
3207 5572 3412 5642 confla,
3432 5577 3490 5629 et
3514 5573 3702 5630 verbis
3723 5576 3842 5632 tuis

2202 5660 2369 5716 facito
2399 5666 2685 5730 stateram,
2715 5667 2772 5719 et
2808 5665 2998 5720 frenos
3031 5666 3116 5721 ori
3142 5671 3240 5723 tuo
3273 5671 3473 5738 rectos,
3507 5673 3560 5724 et
3601 5671 3842 5728 attende

2201 5772 2274 5811 ne
2306 5755 2448 5810 forte
2479 5756 2681 5811 labaris
2709 5758 2766 5813 in
2798 5759 2992 5831 lingua
3015 5764 3133 5829 tua,
3163 5764 3220 5816 et
3241 5763 3410 5818 cadas
3437 5761 3494 5816 in
3525 5769 3840 5833 conspectu

2201 5849 2559 5908 inimicorum
2590 5850 2976 5911 insidiantium
3009 5855 3129 5924 tibi,
3159 5861 3216 5912 et
3243 5855 3316 5912 sit
3341 5872 3500 5913 casus
3526 5859 3655 5913 tuus
3680 5857 3838 5914 insa~
