4058 6330
227 351 326 410 Mli

1436 354 1907 413 DECRETALIUM
1943 357 2328 416 COLLECTIO.

3487 362 3585 416 146

219 460 426 517 nabilis
463 460 536 516 ad
579 461 826 515 mortem
866 458 1048 531 (Ecch'.
1090 477 1259 530 xxvn,
1302 465 1366 519 18
1410 467 1460 518 et
1498 479 1634 535 seq.;
1665 481 1852 536 XXVIII,
1876 472 2063 552 Ater.
2092 468 2220 524 Noli
2246 468 2368 524 ﬁeri
2403 484 2510 541 pro
2545 466 2726 524 amico
2755 465 3021 524 inimicus
3057 466 3336 540 proximo.
3367 469 3582 541 Impro-

224 560 245 610 1
281 560 334 610 et
364 557 496 626 seq.)
527 577 556 605 »
593 555 720 610 «Ne
744 554 932 610 tardes
964 556 1217 611 converti
1244 556 1316 612 ad
1346 558 1675 628 Dominum,
1700 563 1756 614 et
1780 576 1852 616 ne

217 648 452 705 differas
472 648 540 704 de
567 647 659 703 die
680 648 740 703 in
766 648 939 704 diem.
967 648 1160 704 Subito
1182 650 1336 706 enim
1365 651 1554 706 veniet
1579 652 1662 706 ira
1681 651 1849 721 illius,

216 747 278 799 et
299 743 362 798 in
385 747 644 815 tempore
666 741 929 798 vindictae
956 742 1244 815 disperdat
1267 747 1345 800 te.
1363 745 1488 800 Noli
1508 746 1714 801 anxius
1733 762 1852 802 esse

217 838 283 893 in
321 837 527 893 divitiis
561 836 804 909 injustis,
839 835 983 893 nihil
1015 837 1169 893 enim
1197 838 1515 910 proderunt
1539 839 1644 895 tibi
1672 840 1731 895 in
1759 840 1854 895 die

219 931 584 987 obductionis
613 935 670 987 et
695 931 977 987 vindictae.
1014 933 1139 987 Non
1178 933 1416 988 ventiles
1440 936 1495 988 te
1529 933 1590 988 in
1622 951 1852 990 omnem

214 1029 472 1093 ventum,
511 1029 569 1080 et
597 1042 716 1081 non
745 1042 841 1081 eas
870 1025 930 1080 in
959 1027 1118 1081 omni
1144 1026 1255 1082 via.
1289 1027 1377 1083 Sic
1406 1028 1562 1083 enim
1591 1031 1854 1099 peccator

213 1118 496 1192 probatur
523 1118 731 1191 duplici
756 1119 974 1191 lingua.
1006 1121 1136 1175 Esto
1167 1121 1369 1175 ﬁrmus
1397 1120 1456 1176 in
1486 1121 1577 1176 via
1603 1121 1849 1191 Domini,

211 1216 275 1270 et
308 1212 369 1267 in
397 1212 629 1269 veritate
665 1229 859 1268 sensus
895 1214 980 1268 tui
1009 1218 1065 1269 et
1093 1214 1345 1284 scientia,
1385 1217 1440 1270 et
1479 1219 1854 1287 prosequatur

211 1309 274 1362 te
306 1306 542 1362 verbum
570 1306 722 1379 pacis
751 1311 807 1363 et
829 1307 1089 1380 justitiaa.
1126 1309 1260 1364 Esto
1290 1313 1625 1365 mansuetus
1649 1309 1723 1364 ad
1750 1327 1847 1365 au-

210 1400 497 1457 diendum
524 1401 760 1457 verbum
783 1406 850 1456 ut
877 1401 1181 1473 intelligas,
1212 1405 1270 1457 et
1298 1419 1430 1458 cum
1456 1403 1738 1475 sapientia
1766 1404 1853 1459 fer

210 1511 554 1567 responsum
596 1510 812 1550 verum.
849 1495 906 1550 Si
950 1497 1035 1552 est
1073 1495 1175 1550 tibi
1216 1497 1532 1552 intellectus
1569 1498 1852 1570 responde

212 1589 518 1662 proximo;
538 1589 626 1644 sin
649 1590 863 1654 autem,
887 1589 960 1644 sit
979 1606 1181 1644 manus
1196 1593 1297 1646 tua
1317 1607 1490 1662 super
1511 1608 1574 1646 os
1593 1595 1757 1646 tuum
1776 1609 1851 1646 ne

213 1682 546 1755 capiarisin
584 1682 756 1738 verbo
788 1683 1208 1755 indisciplinato
1239 1687 1298 1738 et
1332 1685 1712 1755 confundaris,
1745 1687 1849 1740 ho-

211 1792 328 1832 nor
345 1781 404 1831 et
428 1775 609 1848 gloria
625 1776 688 1831 in
711 1793 970 1850 sermone
993 1777 1224 1845 sensati,
1247 1777 1447 1850 lingua
1473 1778 1852 1850 imprudentis

213 1870 510 1925 subversio
535 1854 877 1945 ipsiusJNon
898 1871 1197 1942 appelleris
1218 1888 1466 1940 susurro,
1492 1875 1550 1926 et
1570 1873 1629 1927 in
1652 1872 1852 1945 lingua
1871 1854 1928 1926 B

215 1970 318 2020 tua
350 1980 428 2019 ne
464 1963 709 2036 capiaris
746 1963 804 2019 et
835 1964 1223 2020 confundaris.
1256 1964 1442 2037 Super
1469 1966 1658 2021 furem
1693 1967 1851 2022 enim

216 2068 307 2119 est
339 2060 596 2118 confusio
621 2062 679 2115 et
702 2058 1060 2131 poenitentia,
1091 2059 1377 2114 denotatio
1411 2060 1655 2131 pessima
1681 2078 1852 2133 super

213 2156 553 2229 bilinguem.
588 2152 942 2210 Susurratori
971 2157 1164 2208 autem
1192 2153 1390 2209 odium
1417 2159 1520 2224 est,
1551 2154 1852 2211 inimicitia

213 2254 273 2308 et
303 2249 671 2306 contumelia.
697 2246 948 2304 Justiﬁca
971 2246 1247 2319 pusillum
1274 2250 1330 2303 et
1355 2264 1632 2320 magnum
1657 2247 1852 2304 simili-

1953 561 2177 634 perium
2214 562 2368 617 enim
2395 566 2452 617 et
2484 562 2887 618 contumeliam
2913 563 3095 617 malus
3119 560 3497 632 haereditabit,
3529 565 3586 616 et

1953 655 2138 710 omnis
2166 660 2431 726 peccator
2458 655 2684 711 invidus
2709 659 2766 711 et
2794 655 3084 729 bilinguis.
3117 656 3242 711 Non
3271 659 3329 710 te
3358 655 3586 711 extollas

1951 750 2012 804 in
2033 749 2386 822 cogitatione
2415 749 2622 805 animae
2646 753 2763 805 tuae
2789 750 2946 806 velut
2963 755 3180 818 taurus,
3207 765 3279 805 ne
3304 749 3448 804 forte
3478 748 3582 804 eli-

1953 844 2118 899 datur
2143 843 2320 898 virtus
2350 846 2450 898 tua
2474 859 2643 916 super
2673 843 2993 915 stultitiam,
3025 845 3083 900 et
3106 843 3242 899 folia
3264 846 3366 898 tua
3391 858 3582 898 come-

1953 936 2050 992 dat
2101 940 2158 992 et
2208 937 2425 991 fructus
2477 939 2603 992 tuos
2653 938 2875 1009 perdat,
2931 942 2988 994 et
3046 936 3392 1009 relinquaris
3432 936 3588 992 velut

1952 1030 2176 1103 lignum
2226 1029 2450 1085 aridum
2502 1029 2562 1084 in
2613 1047 2822 1086 eremo.
2875 1030 3079 1086 Anima
3126 1030 3283 1087 enim
3331 1045 3584 1102 nequam

1953 1123 2226 1196 disperdit
2263 1123 2364 1195 qui
2398 1140 2456 1178 se
2492 1123 2688 1194 habet,
2717 1129 2774 1179 et
2808 1124 2868 1180 in
2907 1125 3182 1196 gaudium
3211 1123 3459 1179 inimicis
3485 1123 3587 1179 dat

1952 1218 2137 1288 illum,
2164 1219 2222 1272 et
2245 1217 2488 1273 deducet
2504 1216 2563 1271 in
2591 1220 2805 1272 sortem
2823 1217 3134 1288 impiorum
3154 1217 3334 1288 (Ecch'.
3357 1234 3410 1287 v,
3434 1217 3530 1288 v1).
3549 1237 3578 1267 »

1951 1311 2294 1380 Charissimi,
2312 1327 2615 1384 oppressos
2641 1295 2861 1383 erigere
2890 1312 3128 1379 studete,
3151 1314 3208 1366 et
3235 1327 3464 1366 necesse
3485 1310 3584 1366 ha-

1951 1406 2152 1461 bentes
2181 1421 2406 1477 semper
2433 1405 2716 1476 adjuvate,
2744 1403 3018 1477 quoniam
3045 1404 3142 1476 qui
3170 1404 3406 1460 fratrem
3431 1403 3580 1459 afﬂi-

1952 1503 2107 1554 ctum
2129 1498 2344 1554 relevat
2366 1499 2792 1570 apprehensum
2811 1497 2997 1571 eripit,
3027 1500 3370 1554 maerentem
3389 1514 3583 1552 conso-

1951 1593 2118 1663 latur,
2137 1593 2206 1648 ab
2226 1592 2324 1648 illo
2345 1591 2450 1647 sibi
2469 1592 2706 1648 retribui
2728 1592 2820 1648 cui
2839 1596 3028 1648 totum
3048 1591 3328 1664 impendit
3346 1606 3464 1646 non
3485 1591 3583 1646 du-

1951 1687 2093 1742 bitet
2120 1686 2220 1758 qui
2253 1686 2332 1741 ait
2363 1703 2377 1741 z
2409 1707 2436 1736 «
2465 1687 2626 1750 Quod
2655 1686 2755 1741 uni
2784 1702 2860 1757 ex
2889 1686 3145 1742 minimis
3173 1685 3314 1741 meis
3351 1683 3580 1753 fecistis,

1952 1780 2095 1836 mihi
2113 1779 2343 1836 fecistis.
2369 1799 2398 1832 η
2420 1779 2626 1836 Taliter
2651 1780 2807 1836 enim
2826 1780 2980 1836 bona
3002 1779 3396 1835 indesinenter
3413 1793 3585 1848 agere

1951 1875 2192 1942 studete,
2220 1877 2287 1929 ut
2311 1873 2561 1929 fructum
2582 1873 2720 1930 boni
2739 1873 2928 1947 operis
2947 1877 3004 1930 et
3022 1874 3116 1930 hic
3136 1870 3582 1944 consequamini,

1951 1971 2008 2024 et
2024 1968 2084 2022 in
2103 1968 2297 2024 futuro
2318 1967 2497 2040 gratia
2510 1968 2611 2024 Dei
2630 1967 3024 2040 perfruamini,
3043 1971 3322 2040 quatenus
3348 1963 3585 2021 caelestis

1951 2061 2117 2134 regni
2148 2061 2340 2117 aulam
2362 2061 2599 2117 introire
2621 2065 2814 2134 postea
2837 2061 3191 2118 mereamini.
3223 2062 3362 2116 Data
3383 2058 3584 2133 quinto

1951 2155 2150 2212 Kalen.
2203 2154 2362 2228 Maii,
2415 2156 2624 2214 Severo
2674 2159 2732 2213 et
2771 2156 3074 2223 Quintanio
3119 2157 3188 2213 IV
3233 2172 3316 2211 cc.
3374 2169 3580 2210 consu-

1952 2248 2120 2306 libus.

865 2573 1440 2673 INCIPIUNT
1507 2578 2031 2671 DECRETA
2097 2577 2517 2671 ANTERI
2588 2578 2954 2671 PAPIE.

1091 2756 1275 2827 (Anno
1303 2755 1531 2811 Domini
1559 2759 1683 2824 239,
1711 2759 1974 2828 tempore
1999 2756 2284 2813 Maximini
2312 2756 2714 2829 imperatoris.)
2762 2769 2782 2786 '

282 3015 641 3071 Charissimis
669 3014 938 3071 fratribus
976 3032 1082 3088 per
1107 3015 1328 3070 Baeticae
1365 3019 1533 3088 atque
1564 3015 1849 3071 Toletanae

214 3109 530 3182 provincias
568 3109 844 3181 episcopis
882 3109 1224 3178 constitutis,
1266 3113 1517 3167 ANTERUS
1555 3110 1849 3181 episcopus

214 3203 273 3259 in
300 3203 550 3259 Domino
575 3202 840 3258 salutem.

285 3297 506 3370 Optavi,
548 3297 749 3353 fratres
794 3295 1129 3367 charissimi,
1180 3312 1403 3369 semper
1441 3297 1754 3354 dilectionis
1796 3303 1854 3354 et

213 3393 364 3465 pacis
392 3394 598 3448 vestrae
630 3389 968 3446 sinceritatis
997 3391 1207 3462 gaudia
1243 3391 1460 3459 audire,
1492 3392 1571 3447 ita
1596 3395 1660 3448 ut
1687 3391 1848 3447 vicis-

218 3487 323 3541 sim
353 3483 802 3541 discurrentibus
822 3483 1023 3540 litteris
1049 3485 1332 3555 sospitatis
1360 3484 1571 3540 indicia
1589 3485 1852 3556 juvaren-

215 3585 327 3647 tur,
369 3581 415 3635 si
450 3579 676 3652 quietos
705 3595 807 3633 nos
837 3578 906 3634 ab
944 3578 1270 3633 incursione
1307 3595 1410 3633 sua
1442 3595 1638 3634 vacare
1675 3579 1853 3634 hostis

216 3675 486 3745 antiquus
512 3672 743 3728 sineret.
765 3671 870 3738 Qui
898 3672 968 3727 ab
995 3671 1159 3728 initio
1182 3672 1450 3742 mendax,
1480 3671 1743 3727 inimicus
1765 3690 1852 3727 ve-

215 3768 418 3837 ritatis,
452 3766 693 3822 aemulus
729 3765 996 3836 hominis,
1026 3781 1198 3837 quem
1227 3769 1290 3820 ut
1324 3765 1614 3838 deciperet
1639 3783 1696 3822 se
1722 3771 1851 3822 ante

215 3861 459 3934 decepit,
476 3859 767 3932 pudicitiae
783 3859 1401 3928 adversariusJuxurize
1421 3860 1716 3931 magister,
1731 3877 1854 3914 cru-

215 3954 543 4010 delitatibus
568 3953 837 4025 pascitur,
858 3953 1196 4009 abstinentia
1216 3953 1473 4025 punitur.
1491 3953 1622 4009 Odit
1634 3954 1713 4026 jej
1722 3953 1854 4009 unia

214 4046 495 4104 ministris
529 4046 647 4102 suis
674 4046 1139 4120 praedicantibus,
1171 4047 1310 4102 dum
1339 4046 1474 4101 dicit
1502 4062 1620 4102 esse
1649 4065 1848 4119 super-

216 4143 347 4213 flua,
377 4158 542 4215 spem
566 4157 683 4196 non
712 4141 930 4196 habens
955 4141 1024 4197 de
1054 4140 1280 4209 futuris,
1311 4141 1549 4212 apostoli
1573 4141 1854 4196 sententia

215 4252 583 4308 repercussus
625 4234 860 4291 dicentis
899 4252 912 4290 :
965 4257 992 4284 ‹‹
1031 4235 1429 4290 Manducemus
1472 4239 1528 4290 et
1568 4235 1851 4302 bibamus,

217 4347 341 4385 cras
377 4329 535 4385 enim
562 4329 880 4384 moriemur
909 4330 955 4400 (Ι
977 4329 1096 4385 Cor.
1131 4345 1222 4396 xv,
1251 4331 1364 4400 32).
1399 4350 1426 4379 »
1459 4330 1501 4384 Ο
1531 4329 1727 4384 infelix
1753 4346 1851 4384 au-

219 4423 395 4491 dacia,
417 4439 450 4477 o
470 4423 785 4494 desperatae
799 4421 1006 4477 mentis
1026 4421 1254 4478 astutia.
1276 4423 1295 4476 Ι
1301 4438 1397 4493 pse
1417 4423 1573 4478 enim
1595 4423 1856 4478 hortatur

217 4517 344 4572 odia
372 4521 428 4573 et
454 4517 620 4588 fugat
643 4515 1038 4583 concordiam;
1071 4518 1128 4572 et
1153 4515 1286 4587 quia
1314 4515 1474 4571 facile
1507 4517 1580 4572 ad
1606 4517 1852 4572 deterio-

1920 2987 2186 3089 ipropter
2213 3017 2527 3072 doctrinam
2571 3020 2630 3072 et
2664 3017 2875 3072 bonam
2901 3016 3079 3071 vitam
3111 3030 3284 3088 quam
3316 3013 3580 3079 habebat,

1951 3111 2244 3166 communi
2265 3112 2660 3183 episcoporum
2687 3115 2745 3167 et
2769 3111 3120 3183 reliquorum
3147 3108 3500 3164 sacerdotum
3521 3123 3586 3161 ac

1951 3205 2296 3277 populorum
2339 3204 2572 3260 consilio
2621 3207 2923 3261 translatus
2970 3209 3057 3260 est
3103 3203 3411 3275 Ephesum.
3459 3203 3585 3257 Non

1953 3299 2108 3355 enim
2153 3298 2349 3357 transit
2385 3300 2455 3354 de
2499 3299 2723 3354 civitate
2760 3300 2829 3356 ad
2873 3297 3160 3354 civitatem
3195 3297 3296 3370 qui
3327 3313 3441 3352 non
3482 3311 3584 3350 suo

1952 3392 2119 3448 libitu
2162 3396 2261 3447 aut
2298 3393 2520 3447 ambitu
2566 3394 2675 3448 hoc
2714 3393 2869 3461 facit,
2912 3392 3012 3448 sed
3056 3391 3292 3447 utilitate
3337 3390 3585 3462 quadam

1953 3489 2052 3541 aut
2069 3486 2401 3542 necessitate
2423 3486 2686 3554 aliorum,
2708 3487 2944 3542 hortatu
2963 3488 3020 3540 et
3041 3483 3273 3539 consilio
3296 3483 3584 3554 potiorum

1951 3579 2310 3634 transfertur.
2343 3581 2466 3634 Non
2503 3580 2843 3634 transfertur
2881 3580 2950 3634 de
2990 3577 3204 3632 minori
3243 3576 3468 3631 civitate
3512 3575 3620 3628 ad‘

1951 3670 2227 3741 majorem
2272 3670 2371 3742 qui
2418 3687 2536 3726 non
2586 3670 2825 3736 ambitu,
2872 3686 2977 3724 nec
3023 3667 3254 3740 propria
3295 3667 3584 3722 voluntate

1954 3764 2105 3832 facit,
2149 3765 2248 3818 sed
2286 3768 2386 3819 aut
2418 3764 2471 3820 vi
2506 3782 2540 3819 a
2577 3764 2812 3836 propria
2851 3762 2982 3819 sede
3018 3763 3233 3835 pulsus,
3265 3764 3358 3816 aut
3389 3775 3583 3815 neces-

1955 3859 2117 3914 sitate
2143 3861 2389 3928 coactus,
2425 3862 2526 3914 aut
2545 3858 2790 3914 utilitate
2815 3857 2946 3927 loci,
2977 3859 3077 3912 aut
3103 3855 3321 3928 populi,
3345 3871 3460 3910 non
3489 3871 3583 3909 su-

1955 3953 2165 4024 perbe,
2213 3953 2312 4008 sed
2362 3969 2494 4008 cum
2543 3952 2864 4008 humilitate
2907 3951 2977 4006 ab
3022 3949 3149 4005 aliis
3194 3950 3496 4005 translatus
3533 3953 3589 4004 et

1953 4046 2327 4102 intronizatus
2370 4051 2472 4114 est,
2531 4046 2664 4118 quia
2704 4047 2876 4100 homo
2921 4046 3073 4100 videt
3116 4044 3176 4099 in
3221 4043 3400 4112 facie,
3443 4045 3588 4098 Deus

1955 4145 2148 4196 autem
2168 4141 2229 4196 in
2261 4142 2448 4196 corde.
2472 4142 2539 4196 Et
2564 4140 2835 4195 Dominus
2856 4156 2960 4211 per
2979 4139 3321 4212 prophetam
3340 4137 3589 4209 loquitur

1955 4235 2146 4291 dicens
2175 4253 2188 4290 :
2215 4255 2244 4288 (ι
2271 4234 2549 4290 Dominus
2577 4235 2680 4289 scit
2709 4234 3085 4305 cogitationes
3115 4232 3416 4288 hominum
3445 4248 3585 4303 quo-

1953 4330 2109 4384 niam
2133 4346 2296 4384 vanae
2331 4331 2465 4383 sunt
2502 4330 2662 4397 (Psal.
2699 4345 2850 4396 xcm,
2884 4328 2988 4399 ll).
3019 4346 3047 4380 »
3084 4329 3205 4382 Non
3234 4343 3372 4399 ergo
3403 4328 3592 4380 mutat

1957 4424 2151 4478 sedem
2179 4424 2277 4494 qui
2308 4439 2424 4477 non
2451 4426 2638 4478 mutat
2664 4427 2945 4488 mentem;
2971 4439 3078 4477 nec
3101 4425 3288 4476 mutat
3309 4420 3589 4476 civitatem

1956 4516 2054 4588 qui
2085 4533 2203 4571 non
2243 4533 2344 4571 sua
2381 4521 2600 4588 sponte,
2641 4517 2741 4572 sed
2779 4515 3008 4571 consilio
3048 4520 3104 4570 et
3137 4515 3413 4571 electione
3448 4512 3586 4567 alio-

218 4627 344 4666 rem
394 4613 622 4682 partem
680 4626 844 4665 mens
903 4610 1159 4665 humana
1211 4609 1611 4679 transducitur,
1662 4600 2086 4672 volensDrum
2139 4611 2416 4664 mutatur.
2470 4612 2593 4665 Non
2649 4627 2786 4681 ergo
2841 4610 3055 4681 migrat
3117 4609 3188 4664 de
3247 4607 3470 4662 civitate
3519 4606 3590 4660 ad

217 4705 405 4776 magis
443 4721 551 4776 per
593 4704 906 4775 spatiosam
943 4703 1095 4758 viam
1130 4703 1444 4774 ambulare,
1476 4721 1652 4775 quam
1688 4708 1858 4759 arcta:

219 4798 346 4853 vitae
381 4798 493 4853 iter
525 4813 656 4852 cum
685 4797 876 4854 labore
901 4797 1159 4868 transire,
1189 4815 1302 4870 qua
1329 4797 1399 4852 de
1430 4814 1514 4867 re,
1544 4797 1744 4853 fratres
1771 4798 1855 4852 di-

219 4890 535 4959 lectissimi,
577 4891 868 4946 sectamini
904 4891 1159 4960 meliora,
1195 4896 1250 4946 et
1287 4907 1516 4962 semper
1556 4891 1856 4961 relinquite

221 4984 527 5040 deteriora.
561 4985 714 5039 Bona
744 4985 917 5056 agite,
948 4985 1094 5039 mala
1121 4984 1314 5052 vitate,
1345 4987 1406 5039 ut
1433 5000 1562 5039 vere
1599 4983 1858 5055 discipuli

221 5078 445 5134 Domini
473 5095 595 5134 esse
617 5077 1009 5134 inveniamini.
1038 5079 1116 5133 De
1143 5078 1457 5133 mutatione
1489 5095 1627 5149 ergo
1650 5078 1858 5149 episco-

219 5188 426 5244 porum
465 5172 617 5227 unde
653 5175 909 5227 sanctam
943 5172 1137 5228 sedem
1170 5173 1533 5244 apostolicam
1563 5173 1857 5227 consulere

221 5266 497 5336 voluistis,
521 5265 720 5321 scitote
739 5281 867 5320 eam
887 5265 1176 5320 communi
1196 5265 1440 5321 utilitate
1471 5270 1640 5338 atque
1658 5282 1856 5321 neces-

221 5361 380 5415 sitate
414 5359 539 5416 ﬁeri
567 5359 764 5428 licere,
793 5360 892 5415 sed
921 5377 1040 5415 non
1070 5360 1235 5415 libitu
1263 5361 1600 5432 cujusquam
1631 5365 1730 5416 aut
1758 5361 1856 5415 do-

221 5453 566 5509 minatione.
584 5455 806 5524 Petrus,
829 5457 1056 5509 sanctus
1087 5453 1362 5526 magister
1387 5457 1600 5526 noster,
1626 5459 1683 5510 et
1707 5453 1860 5526 prin-

219 5563 348 5619 ceps
376 5547 790 5620 apostolorum,
804 5549 874 5604 de
892 5547 1190 5604 Antiochia
1217 5547 1466 5605 utilitatis
1482 5565 1652 5604 causa
1669 5553 1856 5604 trans-

218 5639 367 5697 latus
393 5647 477 5698 est
499 5643 760 5711 Romam,
790 5646 853 5698 ut
881 5641 1098 5698 ibidem
1124 5641 1314 5714 potius
1339 5643 1614 5714 proﬁcere
1645 5647 1855 5715 posset.

218 5736 498 5793 Eusebius
534 5753 766 5810 quoque
794 5737 865 5792 de
894 5737 1142 5809 quadam
1179 5752 1351 5808 parva
1379 5736 1603 5793 civitate
1630 5740 1857 5809 aposto-

218 5828 322 5885 lica
357 5830 702 5886 auctoritate
742 5833 996 5886 mutatus
1026 5832 1110 5885 est
1138 5830 1553 5886 Alexandriam.
1592 5830 1861 5888 Similiter

220 5923 368 5982 Felix
391 5925 464 5984 de
491 5925 716 5982 civitate
745 5942 856 5998 qua
884 5923 1176 5982 ordinatus
1203 5928 1325 5980 erat
1351 5925 1623 5982 electione
1652 5925 1861 5983 civium

1957 4705 2262 4770 civitatem,
2285 4703 2382 4775 qui
2412 4720 2528 4758 non
2555 4703 2801 4757 avaritiae
2828 4720 3012 4770 causa,
3042 4719 3147 4756 nec
3173 4704 3372 4772 sponte
3401 4698 3590 4754 dimit-

1955 4799 2024 4854 tit
2060 4814 2240 4866 suam,
2276 4797 2375 4851 sed
2404 4802 2467 4851 ut
2499 4797 2620 4867 jam
2651 4795 2866 4850 dictum
2904 4799 3006 4864 est,
3037 4800 3136 4850 aut
3170 4794 3366 4866 pulsus
3403 4810 3437 4848 a
3463 4809 3586 4863 sua,

1959 4894 2058 4947 aut
2081 4890 2413 4947 necessitate
2439 4894 2666 4946 coactus
2689 4894 2788 4945 aut
2816 4889 3090 4945 electione
3116 4893 3174 4944 et
3202 4887 3591 4944 exhortatione

1958 4985 2317 5040 sacerdotum
2351 4988 2408 5038 et
2442 4985 2786 5056 populorum
2819 4985 3118 5039 translatus
3149 4985 3235 5038 est
3258 4983 3330 5038 ad
3355 4983 3592 5038 alteram

1960 5079 2267 5135 civitatem.
2317 5079 2458 5134 Nam
2507 5079 2651 5134 sicut
2701 5077 2944 5150 episcopi
2991 5077 3208 5133 habent
3252 5080 3592 5149 potestatem

1959 5174 2222 5230 ordinare
2257 5173 2598 5245 regulariter
2631 5173 2929 5244 episcopos
2965 5177 3022 5228 et
3049 5172 3300 5244 reliquos
3329 5172 3591 5228 sacerdo—

1958 5273 2064 5336 tes,
2106 5268 2184 5323 sic
2219 5267 2436 5340 quoties
2473 5266 2687 5322 utilitas
2722 5271 2819 5322 aut
2855 5267 3161 5322 necessitas
3198 5266 3596 5339 exp0poscerit

1959 5362 2279 5434 supradicto
2297 5361 2465 5416 modo
2492 5367 2548 5416 et
2570 5363 2796 5416 mutare
2817 5364 2874 5416 et
2893 5361 3236 5417 intronizare
3253 5364 3592 5434 potestatem

1959 5455 2174 5510 habent
2205 5472 2219 5509 :
2250 5455 2392 5523 haec,
2421 5458 2484 5510 ut
2511 5453 2750 5525 petistis,
2779 5455 2912 5511 licet
2935 5455 3090 5511 vobis
3117 5455 3316 5527 ignota
3341 5473 3458 5512 non
3485 5454 3596 5510 sint

1958 5549 2210 5604 tenenda
2237 5547 2592 5616 mandamus,
2622 5565 2696 5602 ne
2722 5548 3055 5621 ignorantia
3074 5551 3459 5622 quorumdam
3479 5566 3595 5603 me-

1957 5643 2098 5698 liora
2145 5646 2203 5698 et
2248 5641 2481 5697 utiliora
2524 5642 2794 5713 vitentur,
2837 5647 2894 5699 et
2937 5643 3227 5700 inutiliora
3272 5645 3590 5709 sumantur,

1959 5735 2105 5792 sicut
2128 5735 2187 5791 in
2216 5740 2412 5792 sancto
2443 5736 2653 5810 legitur
2677 5739 2986 5811 Evangelio
3011 5756 3023 5794 :
3058 5762 3085 5790 «ι
3107 5740 3200 5792 Vae
3219 5737 3396 5805 vobis,
3421 5736 3594 5807 hypo-

1959 5829 2134 5899 critaa,
2165 5831 2298 5904 quia
2324 5830 2619 5888 decimatis
2647 5833 2941 5890 mentham
2966 5833 3024 5887 et
3047 5832 3321 5888 anethum
3340 5832 3398 5886 et
3416 5829 3592 5884 cumi-

1959 5943 2118 5995 num,
2168 5929 2223 5982 et
2262 5925 2566 5999 reliquistis
2604 5943 2731 5999 quae
2775 5925 3037 5998 graviora
3075 5929 3206 5981 sunt
3242 5923 3404 5996 legis,
3435 5924 3589 5996 judi-
