4058 6298
491 304 590 358 147

1384 301 1664 357 APPEND.
1703 301 1790 356 AD
1828 299 1985 353 SJSC.
2031 299 2115 350 lX.
2151 322 2220 336 -ο
2258 297 2505 355 lSlDORl
2544 299 2968 356 MERCATORIS

3753 302 3855 358 148

487 410 639 466 cium
669 413 724 466 et
745 408 1192 466 misericordiam
1217 413 1273 466 et
1299 409 1490 476 ﬁdem,
1513 410 1636 464 hac
1660 408 1910 479 oportuit
1933 407 2120 464 facere
2141 416 2202 492 Α
2223 407 2456 478 effugiet
2513 408 2710 463 ﬁctum
2775 414 2831 464 et
2897 409 3120 463 auferet
3189 424 3246 463 se
3321 425 3356 462 a
3421 407 3863 480 cogitationibus

492 508 549 560 et
576 504 672 558 illa
703 521 818 559 non
847 504 1136 574 omittere;
1159 505 1329 560 duces
1349 503 1497 571 caci,
1516 503 1839 558 excolantes
1861 502 2118 570 culicem,

495 599 774 654 camelum
817 603 1009 654 autem
1051 599 1370 670 glutientes.
1400 618 1426 647 »
1460 596 1622 662 Quod
1653 597 1787 651 licet
1817 613 1930 651 non
1967 595 2118 666 licet,

495 695 553 748 et
585 692 740 765 quod
768 709 885 748 non
921 693 1058 749 licet
1093 693 1241 748 licet.
1285 691 1784 756 Quemadmodum
1821 692 2028 746 Jannes
2065 695 2124 744 et

495 786 776 842 Mambres
793 785 1125 842 restiterunt
1142 786 1360 841 veritati
1371 827 1384 853 ,
1398 785 1476 841 sic
1497 790 1553 840 et
1572 785 1654 840 illi
1668 788 1857 840 mente
1872 785 2119 856 reprobi,

495 885 757 935 amantes
782 880 1128 952 voluptatem
1154 879 1340 951 magis
1367 896 1539 950 quam
1567 881 1768 934 Deum.
1798 879 1959 942 Quod
1991 879 2124 934 licet

489 974 692 1030 docent
715 991 833 1029 non
858 974 1046 1041 licere,
1076 973 1136 1028 id
1163 977 1247 1030 est
1285 973 1575 1045 episc0pos
1610 973 1856 1045 migrare
1887 973 1956 1028 de
1985 973 2121 1028 civi-

490 1072 608 1123 tate
639 1068 712 1122 ad
734 1067 1012 1122 civitatem
1035 1071 1352 1139 prataxato
1379 1068 1571 1123 modo.
1593 1069 1662 1122 Et
1687 1067 1840 1139 quod
1861 1084 1973 1122 non
1994 1067 2124 1122 licet

493 1163 697 1217 docent
725 1161 913 1229 licere,
944 1161 1001 1216 id
1027 1166 1112 1217 est
1136 1161 1590 1216 misericordiam
1619 1178 1736 1216 non
1772 1177 1941 1233 agere
1977 1161 2124 1216 circa

494 1255 778 1327 patientes
795 1256 1214 1325 necessitatem,
1235 1255 1342 1310 hoc
1360 1259 1446 1310 est
1463 1255 1541 1310 eis
1557 1255 1652 1328 qui
1669 1255 1998 1328 episcopum
2007 1272 2123 1310 non

491 1349 706 1404 habent
719 1353 775 1405 et
789 1366 953 1404 sacro
971 1349 1273 1421 episcOpali
1287 1349 1548 1421 indigent
1559 1349 1893 1416 ministerio,
1914 1350 2125 1421 episco-

491 1460 631 1515 pum
651 1444 720 1498 de
741 1443 851 1497 alia
867 1442 1085 1498 civitate
1101 1460 1272 1499 causa
1284 1443 1536 1499 utilitatis
1556 1444 1645 1498 vel
1659 1443 2010 1499 necessitatis
2029 1445 2124 1499 tri-

489 1537 608 1604 bui,
633 1541 692 1592 et
710 1537 992 1608 episcopis
1017 1538 1474 1609 persecutionem
1496 1542 1595 1593 aut
1616 1539 2006 1594 necessitatem
2031 1555 2124 1610 pa-

490 1631 962 1699 tientibus,aliam
981 1632 1311 1687 cathedram
1335 1632 1455 1687 dari
1472 1632 2125 1703 negant.Contradicunt

495 1725 650 1779 enim
670 1741 844 1780 sacra
873 1726 1197 1797 Scriptura,
1219 1741 1346 1798 qua
1364 1730 1606 1782 testatur
1623 1727 1788 1781 malle
1809 1728 1991 1781 Deum
2012 1726 2119 1780 mi-

2222 518 2349 573 qua
2411 507 2543 558 sunt
2599 503 2720 558 sine
2784 501 3108 570 intellectu,
3165 507 3222 558 et
3278 501 3611 574 corripietur
3664 521 3697 558 a
3759 521 3860 558 su-

2222 596 2592 667 perveniente
2635 595 2959 667 iniquitate.
3010 595 3298 668 Benignus
3344 600 3429 653 est
3479 596 3634 652 enim
3683 597 3864 669 Spiri-

2221 693 2313 744 tus
2382 689 2706 760 sapientia,
2774 695 2830 745 et
2898 705 3016 745 non
3081 688 3348 746 liberabit
3406 690 3772 747 maledictum
3828 709 3864 747 a

2222 783 2386 839 labiis
2431 784 2565 852 suis,
2613 783 2882 856 quoniam
2924 799 3128 840 renum
3169 783 3323 839 illius
3361 785 3517 840 testis
3556 789 3639 840 est
3682 787 3859 856 Deus,

2224 880 2284 932 et
2321 877 2504 932 cordis
2548 879 2669 949 ejus
2712 882 2988 934 scrutator
3023 883 3108 934 est
3145 895 3329 946 verus,
3372 881 3430 932 et
3456 879 3669 950 lingua
3705 880 3862 935 illius

2221 972 2462 1039 auditor,
2503 972 2776 1044 quoniam
2823 972 3066 1044 Spiritus
3103 971 3330 1028 Domini
3375 973 3614 1044 replevit
3651 974 3860 1029 orbem

2223 1065 2350 1139 34
2388 1071 2689 1134 terrarum,
2728 1069 2786 1122 et
2824 1067 2930 1122 hoc
2963 1067 3117 1139 quod
3146 1067 3402 1123 continet
3436 1067 3647 1137 omnia,
3678 1069 3862 1124 scien-

2221 1159 2362 1215 tiam
2407 1161 2579 1216 habet
2607 1161 2779 1216 vocis.
2819 1162 3058 1232 Propter
3087 1161 3195 1217 hoc
3236 1161 3333 1233 qui
3370 1161 3625 1234 loquitur
3653 1162 3863 1234 iniqua

2221 1272 2340 1310 non
2393 1258 2579 1325 potest
2619 1256 2813 1322 latere,
2862 1271 2968 1310 nec
3012 1255 3299 1327 prateriet
3339 1255 3504 1311 illum
3539 1256 3862 1328 corripiens

2215 1349 2516 1420 judicium.
2545 1351 2608 1404 1n
2636 1349 3074 1420 cogitationibus
3105 1351 3260 1405 enim
3292 1350 3455 1422 impii
3480 1349 3862 1422 interrogatio

2223 1443 2364 1510 erit;
2405 1459 2736 1498 sermonum
2776 1447 2970 1499 autem
3010 1444 3159 1498 illius
3189 1443 3402 1499 auditio
3436 1444 3510 1498 ad
3541 1445 3858 1500 Dominum

2223 1537 2427 1604 veniet,
2460 1541 2516 1592 et
2551 1537 2621 1591 ad
2663 1537 3080 1608 correptionem
3113 1537 3477 1610 iniquitatum
3507 1537 3678 1606 illius,
3709 1548 3859 1610 qu‘o-

2223 1631 2376 1686 niam
2402 1630 2555 1686 auris
2580 1630 2682 1686 zeli
2713 1631 2870 1686 audit
2893 1631 3108 1698 omnia,
3137 1636 3194 1687 et
3222 1631 3499 1688 tumultus
3525 1649 3856 1688 murmura-

2225 1725 2445 1780 tionum
2475 1741 2590 1779 non
2617 1724 3016 1780 abscondetur.
3040 1725 3328 1780 Custodite
3361 1742 3498 1796 ergo
3522 1743 3620 1781 vos
3645 1744 3680 1781 a
3703 1743 3862 1782 mur-

492 1818 857 1874 sericordiam
876 1792 1045 1891 quam
1059 1792 1502 1891 judicium.Qua
1523 1837 1724 1892 precor
1739 1822 1925 1892 major
1942 1820 2124 1876 chari-
2141 1792 2200 1866 Β
2222 1819 2542 1874 muratione
2566 1835 2692 1890 qua
2721 1819 2869 1874 nihil
2908 1819 3172 1889 prodest;
3202 1824 3260 1874 et
3284 1837 3317 1873 a
3346 1792 3694 1876 detractione
3719 1838 3856 1892 par-

491 1918 577 1968 tas
607 1916 706 1968 aut
735 1912 1018 1968 efﬁcacius
1043 1913 1270 1985 pietatis
1298 1915 1678 1985 patrocinium
1706 1918 1895 1986 potest
1917 1932 1950 1970 a
1978 1932 2119 1987 quo-

489 2023 662 2078 quam
684 2007 853 2062 alicui
873 2007 1132 2079 impendi
1153 2025 1328 2080 quam
1354 2009 1399 2063 si
1426 2009 1765 2079 ignorantia
1785 2009 2045 2065 tenebras
2065 2013 2123 2064 et

487 2099 790 2173 imperitia
806 2101 1108 2174 caliginem
1125 2102 1195 2157 ab
1221 2119 1288 2158 eo
1307 2104 1560 2175 repellat,
1576 2104 1810 2158 demum
1831 2119 1977 2159 vera
1990 2103 2120 2158 fidei

489 2194 764 2250 doctrina
788 2196 1020 2267 pabulo,
1045 2213 1161 2251 non
1187 2197 1261 2251 ad
1286 2200 1589 2268 quastum,
1614 2214 1728 2252 non
1749 2197 1823 2252 ad
1852 2197 2117 2268 ambitio-

487 2304 644 2358 nem,
667 2289 761 2344 sed
777 2289 1164 2345 eruditionem
1179 2293 1235 2345 et
1259 2291 1694 2346 adiﬁcationem
1714 2291 1931 2347 reﬁciat
1941 2265 2120 2440 Ἴδη-

489 2398 661 2440 quam
681 2383 833 2438 enim
853 2383 1053 2438 mutilo
1077 2385 1140 2437 ﬁt
1157 2401 1379 2440 manus.
1405 2384 1600 2439 claudo
1621 2401 1737 2440 nes.
1757 2385 1951 2440 oculus
2004 2402 2118 2440 aco

489 2398 661 2453 quam
681 2383 833 2438 enim
853 2383 1053 2438 mutilo
1077 2385 1140 2437 ﬁt
1157 2401 1379 2453 manus,
1405 2384 1600 2439 claudo
1619 2401 1737 2456 pes,
1757 2385 1951 2440 oculus

487 2477 585 2547 qui
610 2476 952 2548 ignorantia
979 2477 1231 2533 tenebris
1261 2477 1525 2533 obvoluto
1552 2478 1846 2550 sapientia
1868 2484 1921 2534 et
1944 2479 2117 2534 scien-

483 2569 577 2624 tia
615 2571 950 2626 thesaurum
995 2577 1211 2627 reserat
1252 2575 1310 2627 et
1346 2571 1656 2627 candorem
1702 2573 1842 2627 lucis
1883 2573 2118 2645 viasque

486 2664 710 2719 Domini
751 2665 1081 2737 benigniter
1117 2665 1318 2738 aperit.
1367 2667 1627 2738 Utrisque
1668 2669 1881 2734 autem,
1930 2667 1987 2721 id
2033 2672 2119 2724 est

485 2760 541 2813 et
570 2758 781 2813 famem
806 2759 962 2814 verbi
992 2759 1091 2814 Dei
1120 2759 1470 2831 patientibus
1497 2763 1556 2814 et
1579 2760 1854 2832 episcOpis
1881 2764 2118 2816 necessi-

489 2853 682 2920 tatem,
729 2853 959 2923 quando
1012 2853 1426 2908 intronizantur
1470 2859 1704 2925 propter
1750 2872 2116 2910 communem

486 2945 790 3000 utilitatem
817 2945 876 3000 in
910 2946 1031 3000 aliis
1065 2946 1385 3002 civitatibus
1408 2963 1524 3002 non
1561 2947 1783 3004 modica
1817 2949 2118 3004 exhibetur

488 3038 894 3093 misericordia.
953 3040 1235 3111 Negantes
1284 3043 1475 3096 autem
1526 3040 1686 3112 hac,
1751 3046 1815 3097 ut
1869 3042 2114 3114 speciem

2004 2402 2118 2440 aco
2139 2391 2141 2394 ‘

2223 1912 2330 1968 cite
2379 1913 2612 1984 lingua,
2654 1913 2923 1984 quoniam
2969 1929 3155 1969 sermo
3197 1913 3472 1969 obscurus
3507 1913 3567 1969 in
3611 1931 3858 1970 vacuum

2220 2021 2338 2060 non
2377 2005 2514 2075 ibit;
2541 2021 2603 2060 os
2630 2006 2786 2078 quod
2811 2007 3107 2074 mentitur,
3137 2006 3341 2062 occidit
3366 2007 3640 2063 animam.
3672 2008 3859 2064 Nolite

2221 2100 2400 2156 zelare
2425 2105 2669 2156 mortem
2694 2100 2752 2156 in
2779 2117 2975 2157 errore
2995 2101 3124 2156 vita
3143 2105 3367 2168 vestra,
3386 2118 3576 2174 neque
3602 2103 3860 2174 acquira-

2219 2194 2289 2248 tis
2309 2193 2689 2265 perditionem
2708 2195 2766 2250 in
2787 2195 3055 2266 Operibus
3071 2211 3351 2251 manuum
3369 2198 3702 2264 vestrarum,
3717 2213 3859 2268 quo-

2217 2288 2373 2342 niam
2404 2289 2548 2342 Deus
2573 2293 2820 2344 mortem
2856 2305 2970 2343 non
3010 2289 3160 2356 fecit,
3188 2306 3290 2344 nec
3325 2290 3544 2345 latatur
3569 2289 3629 2344 in
3660 2290 3853 2361 perdi-

2220 2381 2374 2436 tione
2425 2381 2704 2436 vivorum.
2760 2382 2986 2436 Creavit
3032 2383 3189 2437 enim
3234 2385 3296 2436 ut
3331 2386 3521 2437 essent
3560 2383 3755 2438 omnia
3800 2389 3859 2439 et

2219 2474 2490 2530 sanabiles
2528 2491 2649 2529 esse
2687 2475 2866 2530 voluit
2902 2476 3164 2530 nationes
3207 2476 3360 2531 orbis
3392 2479 3696 2532 terrarum.
3729 2478 3853 2532 Non

2217 2573 2302 2623 est
2343 2568 2402 2622 in
2445 2569 2556 2622 illis
2596 2568 3076 2628 medicamentum
3117 2569 3466 2640 cxterminii,
3502 2587 3607 2624 nec
3646 2571 3856 2626 infero-

2219 2682 2346 2720 rum
2384 2683 2629 2737 regnum
2661 2667 2719 2721 in
2758 2671 2909 2722 terra
2945 2667 3282 2723 viventium.
3313 2667 3535 2724 Justitia
3572 2672 3856 2741 perpetua

2217 2769 2300 2818 est
2325 2768 2383 2818 et
2410 2764 2763 2832 immortalis,
2789 2765 3068 2836 injustitia
3092 2769 3285 2822 autem
3315 2766 3520 2822 mortis
3549 2772 3634 2822 est
3658 2768 3851 2839 acqui-

2216 2862 2378 2931 sitio;
2416 2863 2579 2934 impii
2619 2867 2809 2919 autem
2849 2865 3116 2920 manibus
3155 2869 3212 2920 et
3245 2865 3433 2920 verbis
3471 2865 3855 2921 accersierunt

2215 2956 2391 3024 illam,
2429 2959 2486 3012 et
2523 2956 2873 3013 aestimantes
2915 2974 3043 3013 eam
3083 2957 3347 3028 amicam,
3393 2959 3760 3015 deﬂuxerunt
3798 2966 3857 3017 et

2216 3051 2544 3123 sponsiones
2562 3056 2878 3122 posuerunt
2896 3052 2966 3107 ad
2987 3052 3166 3120 illam,
3193 3053 3466 3124 quoniam
3491 3057 3673 3108 morte
3693 3054 3854 3125 digni

488 3131 737 3236 habeant
781 3132 1031 3204 pietatis,
1079 3133 1348 3188 virtutem
1391 3138 1585 3189 tamen
1637 3135 1758 3206 ejus
1803 3137 2111 3209 abnegant.
2137 3165 2190 3241 Ο
2217 3149 2348 3200 sunt
2367 3161 2431 3200 ex
2450 3148 2616 3216 parte
2634 3145 2804 3200 illius.
2820 3146 3098 3201 Dixerunt
3117 3147 3271 3202 enim
3291 3148 3440 3219 apud
3461 3164 3519 3203 se
3539 3147 3854 3220 cogitantes

489 3227 632 3280 Nam
663 3226 724 3280 in
748 3227 850 3281 tali
877 3228 1104 3298 negotio
1138 3228 1464 3300 prosapiam
1487 3245 1603 3284 non
1630 3246 1892 3301 agnosco,
1921 3232 1966 3285 si
1990 3233 2116 3304 quis

482 3321 675 3375 tamen
725 3320 1068 3392 sapientium
1117 3339 1259 3394 quos
1312 3322 1711 3395 insipientibus
1766 3326 2115 3396 tempestatis

483 3413 654 3484 hujus
691 3416 943 3486 procella
979 3415 1100 3470 aliis
1136 3417 1370 3472 sociavit
1404 3418 1750 3489 auctoribus,
1795 3419 2114 3475 facinorum

481 3507 914 3580 participatione
951 3512 1290 3579 maculatur,
1334 3511 1601 3583 splendor
1639 3513 1928 3584 sapientis,
1970 3519 2027 3570 et
2067 3515 2112 3570 si

479 3603 942 3660 communionem
971 3605 1278 3660 criminum
1307 3606 1566 3674 incurrit,
1596 3608 1775 3662 nescit
1799 3611 1991 3663 tamen
2013 3609 2114 3663 du-

479 3710 603 3750 cem
638 3712 696 3752 se
732 3698 988 3768 prabere
1016 3699 1400 3769 peccantibus.
1430 3700 1554 3754 Alia
1577 3715 1804 3772 quoque
1831 3706 1914 3757 est
1943 3718 2112 3757 causa

483 3788 740 3843 utilitatis
792 3793 850 3843 et
896 3791 1267 3858 necessitatis,
1319 3798 1375 3847 et
1417 3793 1526 3846 alia
1572 3793 1820 3847 avaritia
1867 3798 1924 3848 et
1964 3811 2108 3865 pra-

481 3881 826 3952 sumptionis
856 3885 954 3937 aut
978 3885 1225 3955 propria
1253 3885 1573 3940 voluntatis.
1601 3886 1865 3942 Avaritia
1886 3904 2112 3960 quoque

482 3990 650 4030 causa
675 3976 758 4030 vel
787 3978 1252 4048 prasumptionis
1271 3983 1369 4034 aut
1397 3979 1641 4050 prOpria
1665 3981 1971 4037 voluntatis
1993 4000 2109 4040 non

482 4071 615 4124 sunt
645 4068 892 4141 episcopi
932 4071 1189 4126 mutandi
1219 4073 1288 4128 de
1321 4073 1546 4128 civitate
1571 4073 1641 4128 ad
1677 4073 1981 4146 civitatem,
2011 4078 2111 4132 sed

481 4161 739 4218 utilitatis
762 4165 820 4218 et
838 4165 1204 4220 necessitatis.
1229 4167 1392 4231 Quod
1426 4184 1592 4223 nemo
1623 4174 1792 4240 negat
1820 4169 1926 4225 nisi
1951 4171 2012 4226 hi
2039 4172 2110 4228 de

475 4257 682 4328 quibus
708 4256 922 4314 dictum
950 4263 1033 4315 est
1067 4277 1080 4314 :
1119 4283 1144 4310 ‹‹
1176 4261 1517 4316 Erraverunt
1551 4262 1610 4318 in
1643 4263 1934 4335 ebrietate,
1977 4283 2106 4320 nes-

480 4349 701 4407 cierunt
719 4352 1023 4421 videntem,
1043 4353 1454 4425 ignoraverunt
1465 4357 1752 4428 judicium
1773 4357 1898 4430 (Isa.
1914 4376 2103 4430 xxvm,

479 4445 561 4516 7);
595 4466 623 4496 »
665 4462 800 4502 nam
835 4447 882 4502 si
919 4450 1236 4505 enarrando
1266 4466 1505 4522 cogerer
1541 4452 1761 4523 aperire
1800 4457 2104 4522 transacta,

2214 3256 2332 3294 non
2361 3243 2514 3294 recte
2541 3239 2865 3310 :'Exiguum
2895 3243 2998 3310 est,
3032 3245 3089 3295 et
3114 3257 3245 3295 cum
3272 3241 3440 3297 tadio
3466 3245 3695 3314 tempus
3719 3243 3852 3298 vita

2215 3335 2444 3402 nostra,
2485 3336 2543 3388 et
2573 3350 2686 3388 non
2729 3337 2815 3388 est
2851 3333 3217 3405 refrigerium
3245 3335 3304 3390 in
3343 3335 3457 3390 fine
3491 3336 3760 3406 hominis,
3796 3341 3855 3393 et
3965 3364 3971 3369 -

2213 3443 2330 3482 non
2363 3430 2448 3481 est
2475 3426 2574 3498 qui
2600 3427 2827 3498 agnitus
2851 3427 2925 3482 sit
2953 3444 3209 3484 reversus
3234 3429 3304 3484 ab
3331 3428 3550 3497 inferis,
3567 3431 3847 3502 quoniam

2213 3537 2280 3584 ex
2302 3521 2481 3576 nihilo
2508 3521 2634 3575 facti
2664 3538 2877 3591 sumus,
2906 3525 2964 3576 et
2983 3525 3110 3593 post
3131 3523 3236 3577 hoc
3259 3523 3472 3579 erimus
3491 3527 3777 3596 tanquam
3802 3526 3850 3581 si

2214 3632 2328 3670 non
2364 3615 2663 3682 fuerimus,
2695 3615 2964 3688 quoniam
2992 3616 3184 3671 fumus
3221 3617 3448 3672 afﬂatus
3473 3621 3559 3673 est
3587 3618 3647 3674 in
3687 3621 3848 3675 nari-

2211 3709 2318 3764 bus
2357 3709 2584 3779 nostris,
2631 3713 2687 3765 et
2731 3726 2922 3765 sermo
2964 3709 3210 3765 scintilla
3253 3711 3326 3766 ad
3365 3713 3850 3769 commovendum

2212 3819 2308 3858 cor
2347 3806 2622 3871 nostrum,
2663 3820 2773 3875 qua
2817 3804 3110 3872 exstincta,
3156 3805 3299 3860 cinis
3346 3806 3456 3861 erit
3491 3823 3694 3878 corpus
3735 3825 3846 3864 no-

2211 3899 2412 3963 strum,
2441 3899 2498 3952 et
2535 3897 2766 3968 spiritus
2799 3897 3152 3954 diffundetur
3188 3901 3461 3972 tanquam
3500 3900 3692 3956 mollis
3725 3918 3845 3957 aer.

2211 3991 2279 4045 Et
2315 3989 2580 4045 transibit
2617 3989 2731 4046 vita
2777 3995 2972 4046 nostra
3013 3994 3288 4064 tanquam
3317 3993 3619 4065 vestigium
3657 3995 3848 4062 nubis,

2210 4087 2268 4140 et
2301 4083 2446 4140 sicut
2481 4083 2693 4140 nebula
2721 4085 3060 4140 dissolvetur
3091 4103 3220 4158 qua
3258 4087 3453 4159 fugata
3494 4091 3580 4143 est
3606 4105 3639 4143 a
3674 4089 3851 4144 radiis

2209 4177 2338 4233 solis
2369 4181 2428 4233 et
2451 4194 2485 4232 a
2511 4179 2692 4233 calore
2724 4179 2871 4234 illius
2899 4185 3222 4251 aggravata.
3253 4182 3320 4234 Et
3347 4198 3557 4236 nomen
3583 4185 3848 4239 nostrum

2208 4271 2554 4327 oblivionem
2577 4271 2818 4344 accipiet
2836 4290 2939 4345 per
2964 4277 3210 4346 tempus,
3232 4280 3288 4330 et
3315 4291 3485 4330 nemo
3507 4277 3847 4333 memoriam

2207 4365 2438 4421 habebit
2467 4381 2709 4437 operum
2747 4370 3110 4436 nostrorum;
3137 4368 3360 4423 umbra
3391 4369 3547 4424 enim
3574 4371 3847 4427 transitus

2208 4462 2294 4514 est
2323 4462 2552 4530 tempus
2577 4463 2858 4531 nostrum,
2889 4464 2945 4516 et
2964 4477 3080 4516 non
3110 4464 3194 4517 est
3218 4463 3468 4518 reversio
3488 4463 3614 4518 ﬁnis
3641 4464 3841 4532 nostri,

477 4541 840 4598 ostenderem
856 4542 1011 4598 vobis
1031 4544 1252 4600 nullum
1271 4545 1494 4602 evenire
1514 4546 1776 4603 solatium
1793 4547 1862 4604 de
1883 4565 2108 4620 compa—
2126 4542 2186 4616 D
2208 4553 2478 4625 quoniam
2506 4552 2840 4626 consignata
2870 4559 2974 4624 est,
3007 4559 3066 4610 et
3091 4572 3262 4612 nemo
3293 4561 3604 4613 revertetur
3625 4557 3778 4629 (Sap.
3802 4576 3842 4626 ι,

480 4635 696 4692 ratione
715 4636 1014 4694 factorum.

544 4731 825 4788 Caeterum
853 4736 1015 4801 state,
1050 4733 1389 4803 charissimi,
1422 4750 1591 4805 super
1611 4733 1745 4804 vias,
1773 4735 2110 4807 aspicientes

476 4825 535 4878 et
586 4823 1006 4898 interrogantes
1049 4828 1118 4882 de
1173 4829 1391 4883 semitis
1444 4829 1670 4884 Domini
1718 4829 2002 4901 antiquis,
2054 4835 2109 4888 et

475 4916 660 4972 videte
688 4934 816 4989 qua
841 4924 927 4975 est
950 4921 1042 4976 via
1065 4921 1217 4976 bona
1245 4925 1302 4977 et
1332 4926 1505 4991 recta,
1539 4927 1595 4978 et
1621 4923 1904 4979 ambulate
1930 4925 1990 4978 in
2017 4941 2102 4993 ea,

474 5013 531 5066 et
561 5010 858 5068 invenietis
886 5015 1148 5086 requiem
1174 5015 1470 5072 animabus
1502 5018 1719 5073 vestris.
1753 5019 1819 5073 Et
1845 5021 1912 5073 ut
1940 5019 2106 5089 juxta

477 5105 775 5175 Sapientia
807 5123 1005 5163 vocem
1043 5108 1330 5165 dicamus:
1363 5129 1389 5163 «
1436 5111 1662 5183 Diligite
1691 5111 1976 5182 justitiam
2007 5113 2106 5183 qui

469 5198 737 5268 judicatis
767 5203 1006 5256 terram.
1036 5202 1250 5258 Sentite
1282 5204 1350 5260 de
1380 5204 1618 5260 Domino
1645 5206 1705 5260 in
1741 5205 2013 5276 bonitate,
2049 5211 2106 5262 et

476 5292 534 5347 in
559 5292 918 5365 simplicitate
946 5295 1131 5351 cordis
1157 5298 1394 5368 quarite
1424 5300 1617 5368 illum;
1650 5300 1917 5371 quoniam
1943 5300 2102 5356 inve-

475 5387 633 5443 nitur
665 5388 736 5443 ab
773 5389 862 5444 his
893 5390 990 5462 qui
1023 5406 1138 5446 non
1165 5396 1385 5450 tentant
1414 5395 1614 5466 illum;
1644 5397 1881 5466 apparet
1909 5398 2105 5450 autem

475 5396 633 5443 nitur
665 5396 736 5443 ab
773 5396 862 5444 his
893 5396 990 5462 qui
1023 5406 1138 5446 non
1165 5396 1385 5450 tentant
1414 5396 1456 5450 il
1519 5411 1614 5464 m;
1644 5397 1881 5466 apparet
1909 5398 2100 5450 autem

472 5481 572 5550 eis,
605 5483 704 5555 qui
738 5482 914 5540 ﬁdem
949 5485 1163 5542 habent
1200 5487 1258 5543 in
1287 5396 1787 5594 illumKPerversa
1819 5489 1972 5544 enim
2006 5505 2100 5544 co-

472 5576 771 5649 gitationes
801 5586 1066 5652 separant
1095 5600 1128 5638 a
1153 5583 1418 5651 Domino,
1449 5576 1686 5654 probata
1712 5586 1901 5639 autem
1926 5582 2103 5640 virtus

469 5671 707 5744 corripit
729 5671 1076 5748 insipientes,
1101 5677 1376 5749 quoniam
1400 5675 1458 5732 in
1478 5678 1818 5733 malevolam
1848 5677 2102 5734 animam

472 5783 585 5823 non
630 5766 885 5824 introibit
935 5771 1230 5844 sapientia,
1282 5787 1388 5826 nec
1436 5769 1720 5827 habitabit
1760 5771 1819 5828 in
1862 5789 2102 5845 corpore

469 5860 719 5936 subdito:
738 5864 1002 5938 peccatis.
1050 5864 1290 5936 Spiritus
1328 5864 1481 5922 enim
1525 5869 1750 5921 sanctus
1790 5866 2100 5940 disciplina

2213 4647 2290 4717 ιι).
2337 4668 2364 4696 ››
2420 4648 2723 4718 Propterea
2787 4647 3092 4721 unicuique
3152 4651 3568 4722 providendum
3615 4655 3722 4721 est,
3782 4655 3847 4708 ut

2207 4757 2571 4812 summopere
2609 4758 2668 4796 se
2694 4742 2992 4814 custodiat,
3021 4748 3077 4800 et
3112 4744 3326 4800 utiliter
3351 4761 3412 4799 se
3441 4745 3751 4816 provideat,
3781 4750 3846 4801 ut

2208 4851 2339 4889 cum
2363 4834 2480 4891 dies
2505 4838 2761 4891 extrema
2787 4835 3031 4909 finisque
3056 4839 3182 4894 vita
3208 4839 3503 4895 advenerit
3520 4855 3638 4895 non
3661 4844 3845 4895 trans-

2208 4933 2298 4983 eat
2351 4929 2425 4984 ad
2476 4932 2810 5001 perpetuam
2859 4935 3128 5001 mortem,
3181 4932 3278 4988 sed
3324 4933 3396 4988 ad
3447 4934 3618 4989 vitam
3667 4936 3840 4990 ater-

2208 5038 2365 5078 nam.

2277 5115 2443 5170 Facta
2479 5115 2633 5170 enim
2663 5117 3023 5175 subditorum
3055 5119 3389 5190 judicantur
3432 5140 3465 5177 a
3510 5122 3694 5191 nobis,
3731 5142 3841 5180 no-

2205 5212 2322 5264 stra
2379 5225 2511 5264 vero
2565 5209 2785 5280 judicat
2841 5213 3008 5268 Deus.
3062 5215 3142 5268 Ex
3201 5215 3406 5271 merito
3466 5231 3597 5272 vero
3658 5218 3844 5288 plebis

2206 5319 2623 5376 nonnunquam
2657 5305 2908 5377 episcopi
2950 5307 3350 5380 depravantur,
3389 5314 3664 5382 quatenus
3702 5327 3845 5383 pro-

2205 5397 2401 5453 clivius
2435 5397 2642 5454 cadant
2679 5399 2780 5471 qui
2820 5405 3152 5473 sequuntur.
3199 5403 3394 5475 Capite
3435 5403 3846 5476 languescente

2205 5495 2413 5547 catera
2437 5492 2688 5564 corporis
2708 5494 2972 5550 membra
2999 5495 3349 5554 inﬁciuntur.
3374 5498 3691 5555 Deteriores
3707 5505 3847 5558 sunt

2205 5585 2302 5656 qui
2336 5585 2514 5642 vitam
2541 5603 2848 5661 moresque
2881 5588 3165 5645 bonorum
3196 5594 3593 5664 corrumpunt,
3620 5591 3712 5649 his
3742 5595 3845 5666 qui

2201 5678 2543 5736 substantias
2589 5681 2837 5738 aliorum
2886 5683 3224 5756 pradiaque
3278 5685 3578 5758 diripiunt.
3637 5688 3846 5747 Caveat

2203 5774 2591 5847 unusquisque
2639 5792 2711 5831 ne
2762 5779 2862 5832 aut
2907 5777 3200 5850 linguam,
3255 5783 3354 5835 aut
3404 5795 3574 5836 aures
3629 5781 3845 5840 habeat

2201 5867 2540 5940 prurientes,
2582 5869 2642 5924 id
2690 5872 2774 5927 est
2821 5887 2894 5929 ne
2937 5876 3035 5929 aut
3083 5873 3203 5945 ipse
3247 5873 3369 5930 aliis
3409 5875 3690 5947 detrahat,
3743 5881 3844 5937 aut
