4058 6316
240 332 341 387 149

1477 339 1944 396 DECRETALIUM
1984 341 2366 398 COLLECTIO.

3499 348 3598 403 l50

237 441 378 496 alios
410 442 605 498 audiat
647 443 1034 502 detrahentes.
1081 447 1318 516 Sedens,
1361 448 1564 522 inquit,
1611 451 1873 506 adversus
1892 461 2152 536 Aregno
2193 452 2402 508 Christi
2430 457 2488 508 et
2532 452 2653 508 Dei.
2698 452 2879 509 Nemo
2920 467 3016 508 vos
3059 452 3295 510 seducat
3337 453 3602 511 inanibus

237 537 477 593 fratrem
514 541 678 593 tuum
720 538 1046 611 loquebaris
1082 541 1458 610 detrahendo,
1507 546 1563 598 et
1603 545 1870 600 adversus

236 630 421 687 ﬁlium
450 631 652 687 matris
677 635 790 687 tua:
817 633 1070 705 ponebas
1096 635 1448 707 scandalum,
1482 640 1604 693 etc:
1630 641 1870 694 Parcant

235 713 451 796 singuli
500 725 831 782 detractioni
872 727 1101 799 linguas,
1153 730 1472 786 custodiant
1520 748 1648 803 quae
1699 735 1869 804 atque

235 835 526 875 sermones
552 837 703 889 suos,
732 824 790 874 et
815 821 1016 889 sciant,
1058 822 1190 894 quia
1231 829 1431 880 cuncta
1475 841 1603 895 quae
1643 826 1712 881 de
1745 826 1868 881 aliis

232 913 551 985 loquuntur
576 931 677 968 sua
717 915 997 970 sententia
1021 916 1452 987 judicabantur.
1490 919 1664 974 Nemo
1692 920 1867 975 invito

231 1007 482 1062 auditori
510 1008 760 1063 libenter
785 1009 978 1064 refert.
1007 1009 1187 1065 Ofﬁcii
1217 1011 1575 1083 singulorum
1605 1013 1696 1083 sit,
1728 1014 1864 1070 dile-

230 1101 498 1169 ctissimi,
545 1117 662 1156 non
703 1102 885 1158 solum
926 1104 1119 1159 oculos
1155 1109 1338 1161 castos
1383 1121 1628 1176 servare,
1669 1107 1767 1162 sed
1811 1110 1869 1162 et

227 1195 520 1268 linguam.
549 1197 661 1252 Nec
692 1196 831 1269 quid
854 1197 914 1252 in
941 1199 1280 1270 cujusquam
1303 1199 1474 1256 domo
1502 1203 1726 1272 agatur,
1757 1200 1868 1256 alia

159 1327 164 1330 -
227 1289 440 1346 domus
467 1306 569 1362 per
617 1305 716 1346 vos
765 1308 1022 1364 unquam
1064 1293 1306 1349 noverit.
1359 1294 1614 1349 Habeant
1665 1312 1864 1351 omnes

225 1383 655 1456 simplicitatem
704 1385 982 1441 columbae
1030 1402 1102 1442 ne
1145 1387 1410 1459 cuiquam
1467 1387 1866 1444 machinentur

227 1478 394 1533 dolos
419 1481 477 1532 et
498 1478 775 1551 serpentis
803 1479 1088 1549 astutiam,
1118 1497 1190 1536 ne
1219 1481 1463 1537 aliorum
1501 1485 1865 1554 supplanten-

226 1577 328 1626 tur
355 1571 592 1628 insidiis.
633 1574 756 1628 Non
792 1578 876 1628 est
913 1574 1254 1630 humilitatis
1289 1591 1432 1630 meae
1475 1591 1664 1646 neque
1695 1593 1863 1632 men-

226 1682 380 1720 surae
399 1666 658 1738 judicare
683 1667 753 1722 de
781 1667 998 1724 caeteris
1023 1673 1081 1723 et
1110 1668 1181 1723 de
1210 1668 1490 1724 ministris
1505 1669 1864 1725 ecclesiarum

225 1759 524 1815 sinistrum
551 1761 843 1833 quippiam
870 1761 1078 1817 dicere.
1114 1762 1266 1818 Absit
1288 1768 1354 1818 ut
1388 1763 1698 1835 quicquam
1722 1763 1860 1819 sini-

1969 544 2154 600 verbis
2187 550 2422 618 propter
2449 547 2606 602 enim
2632 547 2785 603 venit
2818 547 2905 602 ira
2944 547 3042 602 Dei
3070 547 3130 602 in
3161 546 3304 602 ﬁlios
3333 548 3599 604 difﬁden-

1967 640 2084 708 tiae,
2115 639 2291 694 nolite
2317 657 2456 711 ergo
2485 641 2627 696 efﬁci
2657 641 2963 713 participes
2989 657 3206 696 eorum.
3238 642 3419 698 Eratis
3445 643 3600 698 enim

1970 733 2278 805 aliquando
2305 734 2573 803 tenebrae,
2605 751 2758 790 nunc
2783 740 2976 790 autem
3014 735 3111 790 lux
3148 735 3206 789 in
3243 737 3505 805 Domino,
3539 741 3602 792 ut

1968 827 2069 881 filii
2094 815 2236 882 lucis
2263 827 2576 882 ambulate.
2611 829 2843 884 Fructus
2870 827 3025 883 enim
3050 829 3190 884 lucis
3228 833 3314 884 est
3350 829 3409 883 in
3442 830 3599 885 omni

1967 920 2242 990 bonitate,
2299 925 2356 975 et
2387 920 2606 991 justitia
2643 926 2699 976 et
2735 921 2988 989 veritate,
3023 923 3326 993 probantes
3367 923 3506 994 quid
3534 923 3606 979 sit

1966 1012 2390 1085 beneplacitum
2418 1015 2553 1069 Deo.
2589 1015 2657 1068 Et
2682 1015 2852 1070 nolite
2882 1015 3304 1071 communicare
3334 1017 3602 1088 operibus

1966 1106 2329 1163 infructuosis
2369 1107 2758 1178 tenebrarum,
2793 1109 2980 1179 magis
3015 1114 3212 1164 autem
3247 1110 3596 1181 redarguite.

1965 1202 2099 1265 Quae
2124 1201 2278 1256 enim
2304 1200 2364 1255 in
2390 1201 2610 1256 occulto
2639 1201 2784 1257 fiunt
2802 1202 2872 1256 ab
2908 1203 3044 1274 ipsis
3077 1208 3242 1276 turpe
3271 1209 3356 1260 est
3387 1203 3596 1260 dicere.

1967 1294 2169 1350 Omnia
2193 1299 2388 1350 autem
2417 1311 2547 1366 quae
2574 1297 2897 1367 arguuntur
2925 1295 3198 1352 alumine
3225 1297 3594 1354 manifestan-

1964 1390 2087 1458 tur;
2137 1405 2308 1443 omne
2372 1388 2529 1443 enim
2578 1389 2729 1460 quod
2771 1387 3164 1444 manifestatur
3234 1390 3430 1446 lumen
3474 1394 3594 1462 est;

1964 1485 2196 1554 propter
2225 1482 2379 1554 quod
2417 1482 2598 1538 dicit:
2642 1483 2823 1554 Surge
2858 1482 2959 1553 qui
3000 1482 3235 1550 dormis,
3277 1487 3334 1539 et
3364 1499 3602 1556 exsurge

1963 1592 1998 1630 a
2021 1574 2279 1644 mortuis,
2309 1580 2366 1631 et
2391 1575 2742 1631 illuminabit
2765 1579 2821 1632 te
2845 1575 3118 1631 Christus.
3156 1576 3351 1632 Videte
3383 1577 3596 1648 itaque,

1961 1668 2186 1738 fratres,
2216 1669 2504 1740 quomodo
2543 1675 2702 1725 caute
2731 1669 3056 1736 ambuletis,
3097 1686 3217 1725 non
3259 1669 3418 1741 quasi
3459 1671 3599 1725 insi-

1961 1762 2202 1835 pientes,
2243 1763 2454 1820 scilicet
2493 1768 2554 1819 ut
2598 1763 2900 1836 sapientes,
2957 1763 3304 1819 redimentes
3351 1767 3598 1836 tempus,

223 1859 411 1908 strum
423 1853 820 1926 dehisloquar,
839 1855 1247 1927 quiapostolico
1262 1857 1465 1928 gradui
1477 1858 1860 1928 succedentes,
1883 1845 1940 1917 B
1965 1857 2242 1930 quoniam
2273 1857 2395 1912 dies
2421 1857 2561 1912 mali
2587 1862 2740 1912 sunt.
2780 1859 3082 1930 Propterea
3104 1857 3281 1913 nolite
3325 1857 3450 1914 ﬁeri
3486 1857 3596 1914 im-
3638 1870 3653 1882 ’

225 1947 434 2002 Christi
459 1964 663 2020 corpus
698 1965 857 2004 sacro
907 1965 1004 2005 ore
1055 1949 1378 2020 conﬁciunt,
1425 1967 1528 2022 per
1571 1967 1712 2022 quos
1755 1968 1860 2006 nos
1959 1950 2288 2022 prudentes,
2343 1950 2442 2006 sed
2489 1951 2869 2024 intelligentes
2913 1968 3041 2024 quae
3081 1951 3153 2007 sit
3185 1951 3443 2006 voluntas
3474 1951 3596 2020 Dei,

227 2041 404 2096 etiam
431 2041 736 2097 Christiani
773 2059 990 2113 sumus,
1037 2044 1137 2115 qui
1181 2044 1362 2099 claves
1397 2045 1556 2118 regni
1585 2045 1860 2101 caelorum
1959 2048 2016 2100 et
2042 2044 2213 2100 nolite
2239 2044 2511 2100 inebriari
2535 2045 2686 2115 vino,
2721 2045 2782 2100 in
2809 2062 2924 2118 quo
2957 2051 3042 2102 est
3076 2045 3320 2112 luxuria,
3351 2045 3451 2101 sed
3480 2045 3592 2101 im-

225 2135 503 2190 habentes
530 2138 662 2192 ante
680 2136 879 2207 judicii
922 2136 1075 2192 diem
1105 2137 1383 2208 judicant.
1406 2135 1604 2211 [Veteri
1629 2139 1860 2211 quidem

222 2229 353 2300 lege
375 2229 640 2299 habetur,
673 2229 996 2302 quicunque
1021 2229 1416 2288 sacerdotibus!
1426 2248 1545 2288 non
1561 2233 1857 2306 obtempe-

222 2327 417 2391 rasset,
440 2327 539 2378 aut
560 2327 719 2379 extra
739 2330 920 2380 castra
937 2324 1151 2396 positus
1184 2326 1541 2398 lapidabatur
1575 2344 1608 2382 a
1625 2328 1856 2400 populo,

222 2419 326 2471 aut
371 2416 562 2488 gladio
608 2417 826 2473 cervice
873 2418 1121 2490 subjecta
1173 2423 1561 2492 contemptum
1599 2420 1862 2492 expiabat

221 2527 448 2565 cruore.
473 2512 633 2566 Nunc
659 2528 793 2566 vero
833 2511 1162 2568 inobediens
1194 2513 1473 2585 spirituali
1501 2514 1856 2570 animadver-

221 2605 382 2659 sione
414 2607 730 2675 truncatur,
763 2609 820 2660 et
849 2605 1062 2676 ejectus
1099 2607 1170 2661 ab
1213 2607 1474 2676 Ecclesia,
1515 2608 1710 2663 rabido
1741 2608 1856 2664 dae-

221 2714 466 2753 monum
493 2715 594 2754 ore
619 2698 963 2771 decerpitur.
991 2701 1225 2771 Oportet
1252 2701 1426 2772 enim,
1466 2706 1530 2757 ut
1555 2702 1653 2774 qui
1679 2705 1860 2758 Deum

1959 2138 2195 2210 plemini
2232 2137 2446 2210 Spiritu
2484 2144 2698 2208 sancto,
2742 2141 3039 2212 loquentes
3079 2138 3493 2211 vobismetipsis
3529 2139 3591 2194 in

1960 2232 2212 2304 psalmis,
2243 2233 2478 2305 hymnis
2505 2237 2565 2288 et
2591 2233 2821 2288 canticis
2849 2233 3256 2306 spiritualibus,
3300 2237 3596 2289 cantantes

1960 2329 2016 2380 et
2041 2326 2349 2396 psallentes
2377 2326 2439 2381 in
2467 2326 2735 2381 cordibus
2773 2326 2993 2395 vestris,
3037 2325 3311 2397 Domino;
3345 2326 3593 2382 Domino

1961 2419 2176 2489 gratias
2217 2423 2450 2492 agentes
2486 2436 2713 2492 semper
2748 2438 2856 2494 pro
2899 2421 3196 2491 omnibus,
3241 2420 3300 2475 in
3356 2421 3594 2476 nomine

1959 2512 2189 2568 Domini
2212 2513 2393 2568 nostri
2417 2515 2550 2568 Jesu
2579 2513 2784 2569 Christi
2815 2515 2926 2569 Deo
2958 2518 3015 2570 et
3046 2514 3202 2569 Patri
3235 2513 3476 2584 subjecti
3500 2513 3592 2568 in-

1960 2604 2139 2660 vicem
2165 2605 2224 2660 in
2252 2605 2456 2661 timore
2485 2606 2693 2662 Christi
2715 2606 2927 2678 (Ephes.
2957 2623 3031 2675 ιγ,
3061 2609 3253 2674 29-32;
3282 2623 3337 2674 γ,
3371 2606 3589 2678 1-21).››

2033 2699 2185 2756 State
2216 2699 2407 2772 itaque
2436 2701 2652 2769 fratres,
2681 2705 2738 2756 et
2779 2704 2968 2756 tenete
2997 2699 3334 2756 traditiones
3365 2704 3593 2772 aposto-

220 2792 556 2848 hmreditate
609 2793 914 2864 possident,
979 2793 1193 2865 absque
1268 2795 1379 2850 ullo
1443 2795 1860 2868 impedimento
1957 2793 2148 2849 lorum
2177 2796 2235 2849 et
2270 2794 2594 2866 apostolicze
2623 2793 2790 2865 sedis,
2833 2796 2896 2849 ut
2919 2793 3196 2849 Dominus
3220 2797 3415 2850 noster
3441 2795 3597 2849 Jesus

221 2886 415 2941 saeculi
467 2887 586 2941 Deo
636 2887 900 2956 serviant,
944 2891 1005 2942 ut
1053 2887 1240 2944 dicere
1283 2889 1547 2961 possint:
1589 2890 1862 2947 Dominus
1958 2887 2232 2958 Christus,
2263 2891 2321 2943 et
2354 2889 2524 2944 Pater
2561 2891 2774 2956 noster,
2815 2887 2914 2960 qui
2955 2887 3153 2944 dilexit
3189 2904 3314 2959 nos,
3360 2890 3418 2942 et
3443 2887 3598 2943 dedit

219 2996 350 3051 pars
381 2980 736 3036 haereditatis
766 2997 942 3051 meae;
973 2998 1006 3037 o
1035 2998 1210 3054 quam
1247 2983 1433 3038 bonus
1468 2987 1528 3038 et
1567 2985 1750 3040 suavis
1776 2989 1862 3041 est
1960 2981 2406 3038 consolationem
2437 2985 2730 3050 mternam,
2758 2986 2815 3038 et
2850 2998 3013 3055 spem
3054 2982 3266 3038 bonam
3290 2981 3351 3037 in
3385 2981 3594 3054 gratia,

219 3074 451 3146 spiritus
497 3077 650 3143 tuus,
692 3075 952 3146 Domine,
1003 3076 1063 3130 in
1110 3077 1393 3133 omnibus.
1439 3079 1628 3134 Parcis
1668 3083 1861 3135 autem
1960 3076 2290 3132 exhortetur
2351 3077 2520 3131 corda
2581 3080 2787 3146 vestra,
2843 3081 2901 3131 et
2966 3077 3270 3132 conﬁrmet
3312 3076 3370 3130 in
3436 3074 3593 3131 omni

221 3167 489 3224 omnibus
535 3169 811 3240 quoniam
854 3175 954 3225 tua
998 3174 1150 3240 sunt,
1198 3171 1457 3240 Domine,
1499 3172 1599 3244 qui
1640 3174 1860 3230 animas
1882 3218 1932 3244 η
1962 3186 2132 3242 opere
2159 3174 2217 3226 et
2240 3169 2300 3224 in
2327 3186 2593 3226 sermone
2621 3169 2792 3225 bono.
2821 3173 2896 3226 De
2921 3174 3148 3241 caetero,
3177 3170 3398 3236 fratres,
3434 3173 3593 3224 orate

227 3218 484 3224 '—'—""
539 3218 811 3240 Ὶ⁹’“””’““-
859 3218 954 3225 ⁷’”“”
999 3218 1150 3240 '_—',
1198 3218 1457 3240 ’ν’-ὀ-ἰ
1503 3218 1599 3244 Ἰ¹⁶⁹
1640 3218 1860 3230 ⁸³⁸⁸⁸⁵⁸⁶⁸³ν
1964 3218 2131 3242 *τ’-⁷
2163 3218 2216 3226 ⁷⁷
2240 3218 2300 3224 ’““
2327 3218 2590 3226 "'—"—"
2621 3218 2792 3225 —'_"
2821 3218 2894 3226 "
2925 3218 3148 3241 '"""'7
3177 3218 3398 3236 """""
3438 3218 3592 3224 """

221 3278 396 3317 amas.
432 3263 680 3334 Ideoque
720 3263 824 3318 hos
867 3263 967 3336 qui
1010 3269 1274 3320 exerrant
1308 3265 1561 3336 partibus
1599 3267 1855 3340 corripis,
1879 3218 1936 3293 Ο
1959 3280 2063 3336 pro
2109 3263 2276 3318 nobis
2323 3269 2386 3319 ut
2429 3279 2613 3319 sermo
2655 3263 2888 3320 Domini
2931 3269 3125 3319 currat
3158 3267 3215 3319 et
3258 3263 3596 3318 clariﬁcetur

221 3360 276 3409 et
299 3355 370 3411 de
397 3355 608 3428 quibus
634 3361 870 3428 peccant
906 3357 1178 3413 admones
1221 3361 1278 3414 et
1318 3359 1642 3431 alloqueris,
1671 3366 1737 3417 ut
1767 3377 1856 3416 re-
1959 3358 2105 3414 sicut
2133 3361 2191 3413 et
2219 3357 2376 3430 apud
2402 3374 2515 3425 vos,
2559 3360 2617 3413 et
2643 3361 2708 3413 ut
2732 3358 3040 3414 liberemur
3067 3359 3137 3412 ab
3169 3357 3514 3430 importunis
3540 3361 3598 3412 ct

221 3449 349 3504 licta
373 3449 600 3505 malitia
627 3450 860 3506 credant
884 3449 943 3506 in
969 3455 1043 3520 te,
1076 3452 1338 3508 Domine.
1373 3455 1453 3508 Tu
1474 3457 1687 3525 autem,
1717 3456 1860 3512 Deus
1959 3451 2124 3506 malis
2176 3450 2522 3507 hominibus.
2586 3453 2707 3506 Non
2781 3452 2934 3507 enim
2993 3451 3252 3506 omnium
3299 3455 3383 3506 est
3434 3451 3591 3506 ﬁdes.

223 3547 433 3611 noster,
461 3542 652 3598 suavis
678 3548 735 3600 et
759 3560 922 3600 verus
953 3561 1012 3600 es
1039 3545 1262 3616 patiens
1291 3550 1348 3602 et
1383 3547 1443 3602 in
1470 3547 1861 3613 misericordia
1960 3545 2163 3600 Fidelis
2219 3549 2411 3600 autem
2468 3546 2617 3600 Deus
2663 3548 2748 3600 est
2797 3545 2896 3616 qui
2950 3545 3312 3600 conﬁrmabit
3363 3561 3480 3614 vos,
3537 3548 3596 3599 et

221 3636 532 3709 disponens
582 3637 794 3693 omnia.
856 3639 1102 3708 Etenim,
1170 3640 1216 3694 si
1276 3640 1713 3712 peccaverimus,
1776 3640 1860 3698 tui
1960 3638 2240 3694 custodiet
2279 3655 2314 3694 a
2355 3638 2524 3693 malo.
2573 3638 2927 3710 Quapropter
2967 3638 3158 3709 ponite
3202 3637 3597 3692 indesinenter

222 3747 418 3786 sumus
451 3731 687 3786 scientes
715 3732 1174 3803 magnitudinem
1205 3738 1378 3788 tuam.
1413 3736 1480 3789 Et
1507 3734 1552 3789 si
1588 3752 1702 3790 non
1728 3753 1857 3808 pec-

220 3825 562 3892 caverimus,
589 3824 798 3880 scimus
825 3826 1096 3898 quoniam
1151 3828 1300 3898 apud
1326 3832 1380 3883 te
1404 3845 1601 3884 sumus
1625 3847 1857 3902 compu-

219 3920 341 3974 tati.
373 3919 615 3990 Spiritus
648 3919 974 3975 timentium
1011 3921 1319 3976 Dominum
1357 3923 1636 3994 quaeritur
1670 3924 1740 3979 ab
1770 3941 1857 3993 eo,

223 4017 277 4067 et
303 4012 366 4068 in
395 4017 660 4084 respectu
685 4013 833 4069 illius
862 4013 1289 4071 benedicentur.
1330 4017 1702 4090 Quapropter,
1743 4018 1858 4073 fra-

219 4111 334 4161 tres
359 4105 698 4177 charissimi,
735 4129 762 4158 ‹‹
795 4108 979 4164 omnis
1007 4125 1190 4165 sermo
1218 4109 1398 4164 malus
1438 4127 1507 4166 ex
1551 4129 1646 4166 ore
1675 4116 1857 4169 vestro

216 4216 336 4255 non
374 4201 664 4272 procedat,
711 4201 809 4257 sed
846 4202 892 4256 si
932 4202 1058 4274 quis
1093 4203 1275 4258 bonus
1309 4209 1392 4260 est
1429 4205 1500 4260 ad
1537 4205 1856 4262 aediﬁcatio-

221 4309 354 4349 nem
379 4294 824 4366 opportunitatis
852 4299 918 4351 ut
961 4296 1057 4351 det
1099 4297 1347 4370 gratiam
1386 4298 1774 4370 audientibus;
1805 4306 1860 4357 et

219 4388 395 4444 nolite
446 4388 782 4444 contristare
833 4389 1106 4462 Spiritum
1151 4397 1408 4447 sanctum
1469 4394 1566 4449 Dei
1634 4395 1694 4450 in
1746 4412 1859 4466 quo

220 4482 428 4554 signati
449 4482 579 4538 estis
602 4482 664 4537 in
685 4482 837 4539 diem
857 4483 1280 4556 redemptionis.
1303 4485 1502 4542 Omnis
1518 4488 1856 4560 amaritudo,

1960 3733 2132 3788 corda
2180 3736 2365 3788 vestra
2416 3732 2476 3786 in
2526 3731 2733 3788 virtute
2785 3731 2904 3802 Dei,
2963 3737 3020 3786 et
3072 3731 3312 3787 resistite
3363 3747 3597 3802 semper

1959 3826 2122 3882 malis
2170 3829 2228 3882 et
2275 3830 2535 3882 enarrate
2587 3826 2708 3881 haec
2755 3826 2915 3898 juxta
2962 3841 3161 3881 vocem
3205 3824 3498 3898 propheta:
3535 3823 3594 3879 in

1960 3919 2261 3993 progenies
2315 3921 2552 3991 alteras,
2611 3919 2887 3993 quoniam
2952 3919 3046 3974 hic
3097 3922 3182 3975 est
3243 3919 3394 3974 Deus
3449 3919 3594 3974 Deus

1960 4019 2153 4070 noster
2181 4014 2243 4070 in
2274 4016 2580 4083 aeternum,
2612 4016 2669 4070 et
2694 4014 2817 4086 ipse
2844 4017 3005 4086 reget
3026 4029 3131 4068 nos
3156 4013 3217 4068 in
3244 4013 3470 4068 saecula.

2032 4108 2194 4163 Unde
2220 4125 2338 4177 vos,
2369 4107 2468 4181 qui
2498 4107 2557 4162 in
2595 4109 2822 4180 specula
2863 4125 2896 4162 a
2933 4109 3176 4163 Domino
3213 4107 3344 4163 estis
3379 4107 3592 4163 consti-

1961 4201 2088 4271 tuti,
2132 4201 2511 4275 comprimere
2558 4207 2615 4258 et
2649 4203 2924 4274 repellere
2961 4219 3055 4258 eos
3090 4218 3452 4274 summepere
3497 4201 3594 4256 de-

1958 4296 2123 4364 betis,
2164 4297 2261 4370 qui
2302 4297 2572 4352 fratribus
2609 4296 2844 4352 insidias
2877 4301 3220 4368 praeparant,
3259 4300 3361 4351 aut
3400 4296 3459 4350 in
3503 4312 3598 4350 eos

1961 4390 2286 4460 seditiones,
2348 4395 2404 4446 et
2453 4391 2720 4446 scandala
2771 4390 3049 4459 excitant;
3096 4391 3258 4447 facile
3308 4394 3393 4446 est
3438 4389 3594 4445 enim

1959 4484 2254 4540 hominem
2276 4485 2449 4540 verbo
2469 4485 2685 4555 fallere,
2709 4485 2803 4540 sed
2846 4501 2960 4539 non
2978 4485 3304 4540 Dominum.
3329 4486 3459 4541 Ideo
3490 4484 3594 4538 hos

224 4581 282 4631 et
309 4577 418 4648 ira,
448 4580 505 4632 et
542 4576 882 4649 indignatio,
916 4581 976 4632 et
1001 4580 1236 4648 clamor,
1276 4584 1333 4635 et
1365 4580 1722 4652 blasphemia
1749 4585 1856 4639 tol-
1875 4593 1936 4667 D
1957 4579 2398 4650 reprehendere,
2441 4583 2498 4634 et
2533 4579 2604 4634 ab
2632 4579 2721 4634 his
2745 4596 2844 4634 vos
2884 4583 3137 4634 avertere
3173 4583 3411 4650 oportet,
3445 4593 3588 4648 qua-

221 4670 373 4726 latur
398 4687 433 4725 a
455 4670 617 4726 vobis
641 4687 773 4726 cum
807 4672 965 4728 omni
995 4673 1233 4729 malitia.
1269 4675 1456 4730 Estote
1496 4681 1687 4732 autem
1713 4678 1860 4732 invi-

222 4780 340 4820 cem
378 4764 638 4836 benigni,
679 4764 1090 4836 misericordes,
1130 4767 1403 4824 donantes
1442 4769 1686 4825 invicem
1721 4772 1863 4828 sicut

221 4862 277 4913 et
302 4859 450 4914 Deus
489 4857 550 4912 in
579 4857 796 4914 Christo
826 4859 1057 4915 donavit
1080 4860 1254 4916 vobis.
1287 4863 1476 4916 Estote
1503 4878 1639 4934 ergo
1665 4863 1858 4921 imita-

219 4954 372 5006 tores
424 4951 528 5006 Dei
581 4950 728 5006 sicut
781 4951 883 5007 ﬁlii
930 4953 1268 5024 charissimi,
1339 4958 1396 5009 et
1462 4955 1746 5012 ambulate
1800 4959 1860 5014 in

218 5043 515 5099 dilectione
562 5044 705 5100 sicut
735 5050 792 5101 et
839 5046 1095 5102 Christus
1143 5048 1344 5104 dilexit
1383 5065 1489 5104 nos
1529 5055 1585 5105 et
1627 5051 1862 5108 tradidit

218 5138 588 5209 semetipsum
630 5155 734 5210 pro
771 5139 934 5195 nobis
973 5141 1316 5197 oblationem
1353 5147 1409 5198 et
1450 5143 1700 5199 hostiam
1747 5146 1858 5202 Deo

215 5232 279 5286 in
326 5231 558 5287 odorem
610 5233 942 5305 suavitatis;
1000 5235 1298 5292 fornicatio
1344 5241 1535 5293 autem
1580 5243 1635 5294 et
1677 5239 1860 5295 omnis

217 5324 586 5381 immunditia
613 5331 714 5382 aut
740 5327 977 5383 avaritia
1007 5345 1124 5384 non
1152 5331 1482 5388 nominetur
1503 5333 1564 5388 in
1590 5333 1764 5401 vobis,
1794 5333 1860 5391 si-

219 5422 312 5473 cut
334 5419 500 5475 decet
524 5423 770 5489 sanctos,
801 5427 900 5478 aut
933 5423 1249 5494 turpitudo,
1293 5430 1391 5481 aut
1420 5426 1855 5499 stultiloquium,

215 5516 313 5568 aut
340 5512 651 5569 scurrilitas
677 5531 806 5587 qua:
833 5514 907 5572 ad
935 5532 1059 5572 rem
1089 5534 1202 5572 non
1224 5518 1529 5590 pertinent,
1553 5521 1650 5576 sed
1677 5522 1861 5593 magis

213 5607 538 5678 gratiarum
561 5608 731 5664 actio.
757 5610 870 5667 Hoc
897 5609 1053 5666 enim
1077 5611 1273 5670 scitote
1301 5613 1686 5685 intelligentes
1705 5615 1859 5688 quod

216 5701 403 5756 omnis
430 5700 744 5759 fornicator
788 5708 889 5761 aut
927 5705 1258 5762 immundus
1301 5712 1401 5764 aut
1437 5724 1660 5777 avarus,
1705 5709 1859 5782 quod

215 5800 300 5850 est
329 5795 622 5854 idolorum
671 5799 930 5870 servitus,
974 5817 1089 5857 non
1137 5801 1308 5858 habet
1362 5801 1755 5861 haereditatem
1798 5802 1857 5860 in

1959 4677 2124 4728 tenus
2170 4672 2450 4727 exstincta
2493 4672 2750 4727 funditus
2799 4672 3130 4744 hujusmodi
3176 4670 3446 4742 caligine,
3499 4671 3591 4724 lu-

1959 4767 2099 4821 cifer
2125 4766 2202 4822 eis
2242 4765 2620 4837 resplendeat,
2665 4768 2722 4820 et
2758 4765 2956 4820 laetitia
2997 4764 3210 4820 oriatur
3236 4764 3297 4819 in
3327 4762 3591 4819 cordibus

1961 4876 2181 4916 eorum.
2197 4859 2542 4916 Confidimus
2551 4864 2745 4914 autem
2758 4859 2829 4914 de
2840 4857 3244 4928 vobis,fratres,
3258 4857 3319 4913 in
3330 4856 3592 4927 Domino,

1960 4955 2234 5027 quoniam
2250 4971 2377 5028 quae
2390 4955 2767 5027 praecepimus
2780 4957 2835 5010 et
2849 4952 3048 5023 facitis,
3067 4956 3122 5008 et
3131 4951 3593 5017 facietis.Quanto

1960 5050 2114 5105 enim
2155 5049 2431 5106 beneﬁcia
2469 5053 2648 5104 vestra
2681 5049 2770 5104 his
2804 5047 3046 5120 amplius
3093 5047 3390 5116 cxhibetis,
3437 5049 3595 5102 tanto

1959 5144 2240 5214 majorem
2291 5143 2736 5199 vicissitudinem
2787 5141 2857 5196 ab
2910 5141 3290 5214 omnipotenti
3345 5143 3459 5197 Deo
3502 5142 3592 5195 cui

1961 5238 2214 5294 serviunt
2276 5237 2626 5308 exspectatis.
2699 5235 3071 5308 Omnipotens
3133 5237 3284 5291 Deus
3351 5253 3450 5291 sua
3499 5253 3593 5290 vos

1958 5332 2313 5404 protectione
2363 5329 2640 5386 custodiat
2688 5330 3084 5403 honoremque
3139 5335 3196 5386 et
3241 5335 3592 5403 praeceptum

1959 5442 2178 5482 servare
2228 5424 2528 5494 concedat,
2576 5428 2633 5479 et
2687 5425 2867 5498 gloria
2919 5426 3218 5497 honorque
3275 5425 3388 5480 Deo
3439 5423 3591 5479 Patri

1960 5519 2360 5592 omnipotenti,
2425 5519 2661 5592 ejusque
2744 5519 3041 5592 unigenito
3106 5519 3244 5574 Filio
3319 5517 3588 5574 Salvatori

1958 5619 2150 5669 nostro
2181 5629 2310 5668 cum
2339 5612 2555 5686 Spiritu
2587 5617 2778 5670 sancto
2808 5612 2880 5670 sit
2906 5614 2967 5672 in
3001 5613 3208 5670 saecula
3231 5613 3584 5678 saeculorum,

1958 5710 2156 5764 Amen.
