4058 6302
449 307 540 362 151
1347 309 1627 366 APPEND.
1668 309 1753 364 AD
1791 309 1949 364 S.»EC.
1997 310 2081 365 IX.
2113 340 2180 349 —
2220 309 2462 366 ISlDOBJ
2499 309 2923 368 MERCATORIS

1081 611 1199 705 ΙΝ
1204 609 1584 704 CIPIUN
1587 611 1656 701 T
1724 611 2090 704 DECRE

2191 612 2248 701 Α
2319 610 2780 705 FABIANI
2849 595 3219 708 ΡΑΡίΕ.

1561 799 1740 867 (Anno
1767 796 1994 853 Domini
2017 797 2142 866 242,
2169 796 2336 852 Decio
2366 797 2730 870 imperante.)

527 1084 910 1143 Dilectissimis
959 1087 1168 1160 ubique
1213 1087 1507 1145 catholicae
1551 1088 1810 1144 Ecclesiae
1845 1089 2086 1144 commi-
2110 1089 2248 1173 Aet
2272 1088 2550 1144 convertit
2589 1089 2649 1143 in
2695 1104 2933 1161 pravam
2980 1089 3322 1146 doctrinam.
3363 1093 3409 1145 A
3451 1089 3657 1163 quibus
3704 1108 3833 1161 vos,

455 1181 644 1235 nistris
688 1181 988 1251 Fabianus,
1034 1184 1277 1238 salutem
1306 1183 1367 1238 in
1414 1183 1669 1239 Domino.
1714 1183 1927 1238 Divinis
1952 1201 2095 1256 prae-

453 1274 628 1345 ceptis
679 1278 736 1330 et
783 1276 1106 1348 apostolicis
1168 1293 1474 1332 monemur
1539 1277 1811 1333 institutis
1874 1281 1937 1333 ut
1986 1295 2092 1350 pro

453 1372 791 1424 cunctarum
841 1369 1222 1425 Ecclesiarum
1273 1374 1421 1426 statu
1489 1371 1740 1444 impigro
1785 1373 2092 1444 vigilemus

453 1460 680 1531 affectu,
708 1462 864 1518 unde
891 1479 1242 1535 consequens
1280 1469 1365 1521 est
1399 1465 1604 1522 debere
1645 1483 1745 1522 vos
1772 1467 1935 1534 scire,
1963 1484 2091 1539 qum

456 1555 608 1626 apud
656 1556 972 1610 Romanam
1012 1557 1073 1612 in
1101 1575 1257 1613 sacro
1310 1562 1562 1631 aguntur
1604 1560 1720 1615 ritu
1765 1560 2088 1630 Ecclesiam,

453 1652 519 1702 ut
563 1649 685 1720 ejus
729 1655 1025 1722 sequentes
1059 1654 1338 1724 exempla,
1389 1639 1510 1725 ejus
1543 1655 1663 1708 veri
1698 1655 1797 1709 ﬁlii
1835 1655 2087 1710 invenia-

453 1741 617 1810 mini,
667 1759 796 1816 qua;
839 1746 1024 1800 vestra
1068 1751 1154 1801 est
1195 1749 1378 1802 mater
1425 1751 1635 1802 vocata.
1684 1748 1910 1820 Septem
1954 1765 2091 1820 ergo

457 1835 726 1892 diaconos
754 1838 810 1893 in
839 1839 976 1894 urbe
1000 1841 1179 1895 Roma
1207 1856 1312 1912 per
1336 1844 1552 1912 septem
1593 1841 1861 1913 regiones
1895 1842 2086 1898 civita-

456 1929 548 1997 tis,
581 1929 728 1986 sicut
769 1949 802 1985 a
835 1932 1089 2004 patribus
1134 1933 1474 2006 accepimus,
1524 1935 1819 2006 habemus,
1868 1937 1965 2009 qui
1991 1953 2092 2008 per

456 2023 711 2096 singulas
737 2025 1128 2082 hebdomadas
1151 2032 1210 2083 et
1235 2028 1554 2084 Dominicos
1585 2029 1705 2085 dies
1736 2035 1906 2102 atque
1932 2030 2089 2085 festi-

456 2117 695 2172 vitatum
737 2119 1021 2176 solemnia
1061 2137 1192 2176 cum
1245 2122 1680 2179 subdiaconibus
1739 2128 1798 2180 et
1839 2123 2088 2197 acolytis,

453 2229 519 2266 ac
575 2213 932 2283 sequentium
979 2214 1246 2271 ordinum
1297 2215 1610 2287 ministris,
1673 2217 1930 2289 injuncta
1985 2219 2092 2273 sibi

456 2306 756 2362 observant
779 2307 1094 2364 ministeria
1124 2314 1182 2364 et
1209 2310 1396 2382 parati
1417 2310 1577 2366 omni
1600 2311 1742 2367 hora
1761 2315 1894 2367 sunt
1913 2313 1985 2366 ad
2013 2312 2093 2367 di-

455 2399 655 2456 vinum
681 2401 932 2457 ofﬁcium
957 2406 1014 2459 et
1038 2403 1307 2476 quidquid
1339 2405 1417 2459 eis
1449 2405 1771 2478 injungitur
1807 2423 2089 2479 peragen-

454 2495 614 2550 dum.
645 2496 924 2552 Similiter
958 2502 1014 2552 et
1045 2471 1220 2565 vobis,
1261 2503 1432 2570 prout
1470 2471 1858 2572 opportunum
1893 2471 2086 2571 fuerit,
2110 2471 2167 2544 B

450 2607 556 2661 per
598 2589 848 2661 singulas
888 2591 1142 2646 civitates
1186 2596 1270 2646 est
1323 2593 1683 2664 faciendum,
1727 2597 1793 2649 ut
1836 2594 2088 2650 divinum

454 2683 667 2756 absque
696 2685 813 2738 ulla
842 2701 1003 2740 mora
1019 2689 1078 2740 et
1092 2686 1446 2757 negligentia
1472 2687 1721 2743 studiose
1743 2704 1808 2742 ac
1827 2689 2092 2744 solemni-

452 2781 541 2831 ter
559 2779 762 2848 agatur
780 2777 1050 2832 ofﬁcium.
1075 2779 1328 2851 Denique
1353 2784 1570 2851 septem
1591 2781 1852 2837 similiter
1867 2782 2092 2838 subdia-

455 2887 628 2925 conos
659 2870 1048 2926 ordinavimus
1075 2871 1174 2943 qui
1207 2877 1425 2944 septem
1463 2873 1699 2929 notariis
1723 2875 2094 2932 imminerent

455 2965 512 3018 et
541 2968 696 3035 gesta
735 2968 1054 3035 martyrum
1093 2966 1363 3022 veraciter
1400 2967 1461 3021 in
1498 2967 1722 3040 integro
1763 2969 2092 3041 colligerent

453 3057 730 3129 nobisque
776 3059 1036 3114 rimanda
1075 3060 1538 3127 manifestarent,
1585 3062 1738 3133 quod
1783 3063 1953 3117 etiam
1996 3080 2092 3118 vos

455 3167 652 3206 omnes
683 3168 854 3223 agere
900 3169 1220 3220 monemus,
1266 3169 1338 3209 ne
1370 3154 1429 3208 in
1474 3160 1764 3226 posterum
1809 3156 1996 3228 aliqua
2021 3173 2091 3212 ex

455 3244 544 3298 his
587 3245 870 3302 dubitatio
914 3246 1031 3316 fiat,
1079 3247 1428 3320 quaestioque
1471 3248 1702 3317 oriatur,
1745 3269 1774 3302 «
1819 3251 2092 3322 quoniam

458 3338 649 3392 omnia
699 3355 828 3411 quae
882 3339 1088 3411 scripta
1160 3345 1294 3396 sunt
1343 3342 1417 3395 ad
1463 3347 1715 3398 nostram
1769 3344 2091 3399 doctrinam

456 3431 657 3502 scripta
687 3437 836 3488 sunt.
866 3455 893 3482 »
927 3435 996 3489 Et
1023 3451 1151 3506 qum
1181 3435 1389 3490 nostris
1433 3437 1784 3508 temporibus
1822 3438 2094 3494 veraciter

456 3525 779 3581 scribuntur
806 3527 882 3582 ad
922 3529 1244 3584 futurorum
1282 3530 1596 3586 doctrinam
1636 3530 1982 3603 diriguntur.
2024 3534 2094 3587 Et

454 3618 580 3674 ideo
602 3620 947 3676 ﬁdelissimis
976 3622 1100 3677 haec
1128 3623 1358 3695 negotia
1397 3625 1677 3680 committi
1705 3626 2089 3698 praecipimus,

456 3729 526 3766 ne
566 3714 756 3786 aliqua
802 3714 859 3769 in
907 3715 988 3769 eis
1032 3715 1220 3771 illusio
1264 3717 1590 3772 inveniatur
1639 3735 1707 3772 ex
1758 3736 1870 3790 qua
1911 3719 2087 3774 ﬁdeli-

453 3807 558 3860 bus
585 3808 934 3876 scandalum,
964 3810 1115 3880 quod
1139 3811 1305 3880 absit,
1331 3810 1564 3876 oriatur,
1606 3812 1758 3865 unde
1803 3817 1860 3865 et
1905 3813 2088 3867 chari-

453 3903 628 3954 tatem
653 3904 900 3956 vestram
925 3905 1160 3972 paterna
1191 3903 1492 3958 dulcedine
1511 3904 1760 3975 petimus
1789 3907 1854 3959 ut
1881 3905 1939 3960 in
1960 3923 2092 3961 cun-

453 3993 558 4047 ctis
581 3992 847 4049 affectum
870 3997 1069 4049 vestrae
1097 3995 1387 4051 charitatis
1416 4002 1610 4053 sancta
1635 3999 1804 4053 modo
1844 4000 2092 4056 Ecclesia

453 4087 704 4143 inveniat
733 4091 788 4142 et
817 4089 1020 4142 favoris
1045 4089 1214 4145 vestri
1241 4091 1452 4145 solatiis
1491 4108 1834 4164 quocunque
1861 4110 2090 4149 necesse

454 4181 646 4251 fuerit,
686 4182 957 4254 potiatur.
990 4184 1057 4238 Et
1099 4183 1245 4239 sicut
1279 4185 1500 4240 bonitas
1538 4186 1708 4241 studii
1736 4186 1904 4243 vestri
1936 4187 2006 4242 de
2033 4204 2091 4244 se

456 4274 619 4330 nobis
660 4276 1060 4332 certitudinem
1118 4279 1352 4349 praebet,
1412 4283 1477 4335 ut
1517 4280 1576 4334 in
1632 4280 1789 4336 nullo
1837 4281 2090 4337 difﬁdere

454 4369 759 4426 debeamus
807 4372 877 4426 de
933 4388 1017 4441 ea,
1065 4374 1163 4428 sed
1222 4375 1402 4447 magis
1456 4381 1519 4431 ut
1568 4375 1911 4448 sapientibus
1961 4377 2090 4432 ﬁliis

452 4465 715 4520 Ecclesiae
758 4469 988 4534 nostrae,
1035 4467 1157 4522 haec
1215 4467 1551 4525 ﬁducialiter
1598 4471 2087 4540 commendemus,

452 4559 533 4614 ita
580 4561 710 4631 post
761 4559 973 4632 positas
1026 4563 1463 4633 opportunitatis
1528 4564 1849 4619 occasiones
1903 4570 2092 4620 vestra

453 4653 697 4709 efﬁcacia
738 4655 1026 4710 elaborare
1067 4656 1286 4712 enixius
1338 4657 1527 4725 debet,
1581 4661 1752 4730 atque
1804 4659 1863 4712 in
1907 4659 2090 4714 modis

455 4747 660 4817 quibus
679 4749 945 4820 possibile
961 4750 1137 4806 fuerit
1167 4750 1324 4806 omni
1347 4751 1532 4806 studio
1555 4752 1784 4824 abigere
1804 4755 2090 4807 contume-

453 4839 572 4894 lias.
620 4843 920 4897 Hortamur
961 4842 1136 4898 etiam
1181 4861 1298 4911 vos,
1337 4845 1496 4915 juxta
1549 4845 1764 4899 dictum
1821 4846 2086 4916 Apostoli,

453 4932 678 4987 stabiles
709 4950 829 4989 esse
862 4938 916 4990 et
943 4935 1284 5004 immobiles,
1307 4937 1677 5001 abundantes
1703 4937 1764 4990 in
1797 4955 1968 5008 opere
1988 4940 2091 4992 Do-

453 5025 599 5080 mini
644 5043 886 5099 semper,
936 5029 1174 5086 scientes
1216 5030 1368 5103 quod
1420 5029 1583 5084 labor
1624 5033 1808 5085 vester
1844 5047 1958 5085 non
2008 5034 2093 5086 est

451 5119 638 5173 inanis
683 5120 740 5174 in
772 5122 1032 5193 Domino,
1065 5129 1121 5179 et
1162 5125 1297 5179 alibi
1335 5141 1347 5179 :
1387 5145 1413 5173 «
1452 5123 1692 5194 Vigilate
1737 5131 1794 5178 et
1836 5127 1989 5180 orate
2037 5130 2092 5180 et

2189 1182 2412 1252 fratres,
2443 1183 2676 1238 avertite
2707 1187 2763 1238 et
2803 1185 2995 1238 cavete
3030 1183 3100 1238 ab
3145 1183 3410 1239 omnibus
3434 1185 3534 1256 qui
3581 1185 3832 1240 alteram

2190 1274 2360 1331 ﬁdem
2385 1279 2442 1330 et
2457 1277 2772 1332 doctrinam
2791 1281 2990 1332 tenent
3017 1293 3189 1349 quam
3211 1277 3449 1349 apostoli
3473 1281 3530 1333 et
3549 1263 3836 1334 successo-

2190 1385 2279 1424 res
2299 1385 2501 1425 eorum
2539 1373 2847 1426 tenuerunt
2877 1375 2934 1426 et
2968 1371 3308 1438 docuerunt,
3340 1389 3436 1442 ne,
3467 1373 3620 1444 quod
3660 1373 3831 1441 absit,

2189 1467 2316 1535 post
2352 1480 2488 1519 eum
2533 1464 2824 1535 abeuntes,
2867 1465 2928 1519 in
2970 1465 3234 1537 laqueum
3281 1470 3489 1520 satanae
3531 1467 3743 1522 cadatis
3775 1469 3837 1522 et

2191 1557 2560 1629 compedibus
2589 1559 2710 1629 ejus
2749 1560 3081 1614 teneamini.
3125 1560 3284 1614 Unde
3319 1559 3692 1616 fraternitatis
3732 1577 3834 1616 ve-

2191 1656 2323 1706 strae
2371 1651 2703 1708 charitatem
2754 1652 2970 1708 intimis
3029 1654 3386 1708 obsecramus
3426 1653 3710 1725 precibus,
3765 1659 3836 1710 ut

2191 1748 2400 1799 nostra:
2477 1745 2765 1816 parvitatis
2833 1747 2894 1800 in
2969 1745 3167 1802 vestris
3240 1746 3413 1801 sacris
3479 1747 3833 1803 orationibus

2190 1853 2475 1894 memores
2518 1855 2639 1894 esse
2681 1838 3022 1911 dignemini,
3075 1843 3300 1896 orantes
3353 1844 3409 1895 et
3455 1839 3832 1912 deprecantes

2190 1932 2500 1987 Dominum
2540 1932 2687 2002 coeli,
2736 1937 2803 1988 ut
2856 1937 2974 1988 tam
3027 1950 3130 1988 nos
3176 1950 3353 2006 quam
3402 1938 3596 1990 sancta
3642 1939 3834 1990 mater

2191 2025 2435 2081 Ecclesia
2463 2025 2670 2082 Christi
2717 2027 2969 2098 pretioso
3011 2026 3289 2100 sanguine
3319 2027 3632 2100 redempta,
3680 2045 3715 2083 a
3742 2030 3831 2084 la-

2191 2119 2352 2190 queis
2392 2120 2649 2175 venantis
2710 2124 2924 2176 satanae
2963 2125 3020 2176 et
3058 2121 3127 2175 ab
3171 2121 3518 2193 importunis
3562 2127 3619 2178 et
3665 2123 3835 2178 malis

2191 2213 2517 2268 hominibus
2545 2214 2877 2286 liberemur,
2911 2219 2968 2270 et
2997 2231 3184 2270 sermo
3217 2215 3312 2270 Dei
3340 2218 3529 2272 currat
3556 2219 3614 2270 et
3632 2217 3837 2271 clariﬁ-

2191 2311 2371 2374 cetur,
2401 2310 2458 2363 et
2481 2324 2654 2380 prava
2691 2325 2892 2363 eorum
2932 2313 2989 2364 et
3020 2309 3273 2364 omnium
3320 2326 3589 2381 perversa
3617 2311 3831 2365 docen-

2190 2401 2338 2456 tium
2390 2405 2615 2456 corruat
2675 2402 2930 2457 doctrina
2995 2407 3163 2475 atque
3231 2402 3474 2458 deﬁciat.
3525 2405 3836 2460 Precamur

2192 2496 2363 2550 etiam
2419 2501 2482 2550 ut
2528 2496 2748 2567 pietatis
2795 2498 2996 2552 vestrae
3046 2496 3308 2568 precibus
3359 2496 3666 2569 impetrare
3711 2503 3831 2553 stu-

2192 2590 2414 2657 deatis,
2457 2595 2522 2644 ut
2575 2591 2723 2645 Deus
2768 2595 2825 2644 et
2870 2590 3146 2645 Dominus
3201 2594 3394 2646 noster
3452 2592 3608 2646 Jesus
3661 2593 3832 2649 Chri-

2191 2688 2308 2739 stus
2357 2682 2482 2757 35
2529 2684 2628 2756 qui
2673 2685 2793 2739 vult
2835 2701 3035 2739 omnes
3081 2685 3344 2740 homines
3383 2686 3561 2740 salvos
3604 2685 3728 2741 ﬁeri
3774 2690 3836 2743 et

2192 2777 2482 2834 neminem
2537 2777 2723 2849 perire
2764 2795 2863 2833 sua
2909 2779 3128 2851 ingenti
3173 2778 3588 2850 omnipotentia
3633 2795 3833 2835 rever-

2191 2872 2235 2927 ti
2260 2872 2430 2926 faciat
2473 2873 2644 2928 corda
2685 2889 2884 2928 eorum
2924 2873 2997 2927 ad
3042 2889 3240 2928 sanam
3285 2873 3604 2928 doctrinam
3643 2879 3700 2928 et
3740 2891 3834 2929 ca-

2189 2965 2454 3021 tholicam
2505 2966 2702 3036 ﬁdem,
2770 2971 3054 3038 quatenus
3127 2966 3458 3039 resipiscant
3527 2983 3560 3021 a
3625 2967 3838 3023 diaboli

2192 3059 2405 3130 laqueis
2433 3059 2638 3131 quibus
2675 3060 2824 3132 capti
2872 3065 3158 3130 tenentur,
3189 3064 3247 3115 et
3289 3063 3678 3132 aggregentur
3702 3061 3839 3116 ﬁliis

2192 3153 2397 3206 matris
2444 3152 2732 3221 Ecclesiae;
2795 3154 3227 3209 reminiscentes
3294 3170 3522 3226 quoque
3586 3154 3837 3210 fratrum

2191 3249 2530 3314 vestrorum,
2562 3247 2911 3301 miseremini
2949 3247 3178 3302 illorum
3206 3248 3411 3319 quibus
3456 3247 3688 3319 potestis
3727 3249 3834 3303 bo-

2189 3340 2278 3394 nis
2315 3340 2512 3395 studiis
2554 3341 2754 3394 vestris
2806 3358 2878 3395 ne
2923 3341 3258 3412 perdantur,
3315 3342 3409 3395 sed
3456 3345 3513 3396 et
3569 3342 3836 3412 precibus

2191 3441 2247 3488 et
2291 3433 2412 3487 aliis
2449 3434 2716 3490 bonitatis
2743 3441 2942 3490 vestra:
2990 3435 3186 3489 studiis
3230 3436 3468 3489 Domino
3515 3436 3829 3491 salventur.

2192 3530 2272 3582 Ita
2316 3545 2452 3598 ergo
2497 3528 2556 3582 in
2600 3528 2688 3583 his
2725 3528 2907 3600 agite,
2947 3532 3006 3582 ut
3037 3528 3367 3584 obedientes
3406 3529 3508 3584 ﬁlii
3547 3534 3605 3584 et
3632 3530 3834 3586 ﬁdeles

2191 3605 2402 3676 sanctae
2451 3621 2548 3676 Dei
2607 3623 2867 3677 Ecclesize
2914 3623 3254 3694 appareatis,
3325 3628 3381 3678 et
3438 3626 3504 3678 ut
3549 3625 3834 3679 mercedis

2188 3715 2430 3786 praemia
2456 3715 2803 3786 percipiatis.

2263 3807 2329 3862 Hi
2373 3813 2431 3862 et
2473 3825 2671 3863 omnes
2709 3811 2808 3880 qui
2857 3813 3069 3865 rectam
3103 3826 3222 3865 non
3259 3811 3466 3866 docent
3505 3811 3830 3868 doctrinam

2191 3902 2280 3956 vel
2334 3906 2549 3958 rectam
2601 3919 2712 3957 non
2756 3906 2954 3959 tenent
2998 3903 3204 3972 ﬁdem,
3249 3908 3600 3960 accusatores
3641 3907 3830 3961 nemi-

2187 4013 2322 4051 nem
2363 4001 2513 4052 recte
2563 3997 2920 4052 credentium
2966 4014 3228 4053 accusare
3253 4001 3509 4069 possunt,
3557 3999 3690 4070 quia
3734 3999 3827 4054 in-

2190 4091 2366 4146 famia
2390 4095 2523 4146 sunt
2546 4091 2745 4160 notati,
2777 4095 2833 4146 et
2857 4109 2889 4145 a
2919 4091 3046 4146 sinu
3085 4095 3296 4146 sanctae
3337 4092 3538 4147 matris
3564 4094 3832 4149 Ecclesiae

2191 4185 2500 4256 apostolico
2543 4201 2819 4239 mucrone
2863 4201 3040 4256 usque
3086 4186 3158 4240 ad
3199 4189 3411 4240 rectam
3458 4188 3833 4243 conversatio-

2189 4296 2324 4334 nem
2355 4283 2411 4334 et
2439 4278 2826 4333 reversionem
2856 4294 3054 4334 eorum
3074 4278 3304 4346 abscisi;
3336 4280 3492 4334 unde
3519 4281 3831 4351 apostolica

2193 4372 2530 4427 auctoritate
2561 4388 2688 4426 cum
2719 4373 2985 4427 omnibus
3031 4373 3263 4444 ejudem
3305 4373 3627 4445 apostolicae
3654 4377 3831 4446 atque

2190 4465 2524 4519 universalis
2566 4465 2828 4520 Ecclesiae
2878 4465 3005 4519 ﬁliis
3047 4469 3363 4521 statuentes
3410 4467 3717 4539 sancimus,
3767 4475 3831 4525 ut

2191 4575 2390 4614 omnes
2422 4558 2520 4630 qui
2549 4559 2612 4613 in
2637 4559 2912 4614 catholica
2940 4559 3052 4613 ﬁde
3082 4560 3325 4631 suspecti
3352 4565 3485 4615 sunt
3509 4561 3566 4614 in
3595 4578 3826 4618 accusa-

2189 4652 2341 4708 tione
2370 4655 2523 4708 recte
2548 4653 2901 4708 credentium
2927 4670 3041 4708 non
3063 4654 3462 4725 suscipiantur,
3492 4655 3626 4726 quia
3647 4657 3829 4729 suspi-

2191 4745 2378 4801 ciones
2398 4763 2626 4819 semper
2650 4751 2782 4802 sunt
2823 4748 3173 4802 amovendae.
3213 4748 3409 4803 Merito
3455 4765 3589 4820 ergo
3625 4767 3826 4805 eorum

2190 4840 2533 4912 reprobatur
2555 4841 2857 4909 accusatio,
2887 4842 2985 4914 qui
3011 4842 3070 4896 in
3091 4845 3246 4896 recta
3269 4841 3381 4896 ﬁde
3407 4843 3652 4914 suspecti
3672 4849 3824 4912 sunt,

2190 4951 2294 4990 nec
2324 4935 2402 4989 eis
2426 4935 2660 4990 omnino
2690 4940 2774 4990 est
2814 4936 3164 4991 credendum
3201 4935 3297 5007 qui
3331 4936 3620 4991 Trinitatis
3654 4937 3829 4993 ﬁdem

2190 5026 2456 5098 ignorant
2520 5027 2791 5084 Similiter
2830 5045 3028 5084 omnes
3053 5046 3193 5101 quos
3227 5033 3554 5085 sanctorum
3592 5031 3831 5087 Patrum

2192 5123 2398 5175 statuta
2424 5125 2541 5175 tam
2570 5120 2872 5192 praeteritis
2892 5139 3063 5194 quam
3090 5122 3296 5178 futuris
3315 5123 3670 5195 temporibus
3694 5141 3832 5180 ana-

452 5217 594 5268 state
621 5214 680 5268 in
719 5215 852 5282 ﬁde,
896 5216 1135 5272 viriliter
1173 5219 1322 5288 agite
1366 5223 1421 5273 et
1451 5218 1871 5288 confortamini,
1901 5217 2170 5290 omniaD
2195 5215 2564 5270 thematizant
2605 5215 3032 5283 submovemus,
3063 5220 3119 5271 et
3157 5217 3227 5270 ab
3273 5217 3430 5271 omni
3468 5219 3830 5274 accusatione

448 5310 639 5362 vestra
664 5307 724 5362 in
753 5310 1030 5366 charitate
1059 5312 1198 5365 ﬁant
1227 5311 1268 5380 (1
1292 5312 1410 5367 Cor.
1445 5329 1556 5379 xvr,
1590 5315 1674 5379 i3,
1709 5311 1814 5383 14).
1848 5334 1875 5361 ››

517 5405 757 5474 Insuper
782 5409 838 5459 et
876 5404 1020 5459 illud
1061 5421 1156 5458 vos
1184 5404 1326 5459 scire
1364 5405 1773 5474 desideramus,
1815 5405 1948 5478 quia
1985 5422 2089 5461 no-

447 5496 576 5551 stris
634 5497 993 5568 temporibus
1048 5496 1526 5568 praepedientibus
1592 5499 1825 5571 quidem
1884 5499 2092 5554 nostris

446 5590 708 5661 peccatis,
735 5591 1011 5646 suadente
1031 5589 1263 5662 antiquo
1283 5590 1446 5646 hoste
1466 5592 1562 5663 qui
1587 5609 1832 5665 semper,
1860 5612 1886 5644 α
1922 5599 1984 5648 ut
2002 5593 2090 5649 leo

447 5685 703 5756 rugiens,
727 5684 926 5740 circuit
954 5700 1217 5756 quaerens
1243 5701 1411 5756 quem
1436 5684 1681 5741 devoret.
1703 5711 1730 5737 ››
1749 5688 2091 5759 Supervenit

449 5777 695 5833 Novatus
725 5794 795 5833 ex
835 5777 1040 5848 Africa,
1089 5781 1146 5832 et
1175 5777 1455 5850 separavit
1481 5779 1550 5834 de
1589 5780 1838 5836 Ecclesia
1880 5781 2088 5836 Christi

450 5870 824 5927 Novatianum
864 5876 920 5927 et
966 5871 1244 5943 quosdam
1295 5872 1430 5928 alios
1471 5871 1678 5928 Christi
1720 5876 2084 5946 confessores,

2193 5309 2450 5364 ﬁdelium
2497 5309 2830 5364 alienamus.
2878 5309 3108 5365 Discreti
3155 5327 3293 5382 ergo
3347 5328 3574 5383 semper
3617 5311 3835 5369 debent

2191 5419 2312 5458 esse
2339 5402 2531 5458 ﬁdeles
2569 5404 2640 5458 ab
2677 5403 3021 5471 inﬁdelibus,
3065 5409 3120 5458 et
3138 5405 3277 5475 justi
3309 5405 3378 5459 ab
3413 5405 3657 5476 injustis,
3690 5423 3836 5477 quo-

2191 5497 2345 5551 niam
2387 5496 2643 5552 inﬁdeles
2683 5503 2738 5553 et
2784 5497 3035 5553 malivoli
3101 5499 3284 5553 modis
3333 5499 3538 5571 quibus
3591 5507 3836 5570 possunt

2191 5606 2419 5660 semper
2443 5590 2715 5646 infestant
2742 5590 2935 5647 ﬁdeles
2962 5596 3018 5646 et
3042 5593 3281 5664 perdere
3306 5593 3588 5662 nituntur,
3613 5598 3672 5648 et
3695 5594 3832 5650 ideo

2187 5700 2307 5739 non
2335 5687 2468 5738 sunt
2499 5685 2865 5757 suscipiendi,
2900 5687 2994 5742 sed
3019 5686 3338 5758 repellendi
3379 5691 3436 5741 et
3461 5687 3657 5758 procul
3681 5687 3835 5759 abji-

2187 5776 2393 5845 ciendi,
2445 5795 2518 5834 ne
2567 5780 2805 5851 perdere
2857 5781 3052 5835 ﬁdeles
3108 5784 3207 5835 aut
3253 5781 3530 5836 infamare
3583 5781 3836 5852 possint.

2189 5873 2562 5946 Quapropter,
2613 5873 2955 5944 charissimi,
3012 5881 3200 5931 cavete
3250 5876 3453 5932 talium
3505 5877 3728 5934 foveam
3770 5876 3835 5933 in

3727 314 3831 370 152
3915 306 3918 307 ⁷
