4058 6354
233 390 332 442 153

1472 380 1944 440 DECRETALIUM
1983 384 2369 442 COLLECTIO.

3501 395 3604 449 154

229 509 405 566 quam
441 492 654 548 multos
680 491 954 547 cecidisse
990 492 1392 564 cognovimus;
1435 497 1626 548 cavete
1670 493 1874 548 talium
1895 504 1953 578 Α
1975 510 2112 548 nare
2131 494 2231 549 Dei
2251 492 2560 548 Ecclesiam
2575 493 2788 560 volunt,
2821 496 2878 548 et
2909 509 3040 549 cum
3061 509 3296 567 corpore
3315 497 3604 554 vobiscum

223 588 416 658 jacula
441 592 496 642 et
523 587 748 658 antiqui
785 585 962 642 hostis
993 588 1372 655 tentamenta,
1403 603 1507 659 per
1535 604 1664 659 quae
1695 587 1871 642 etiam

229 680 490 753 proprios
516 681 866 753 pr0pinquos
895 697 1092 736 coram
1121 681 1284 737 nobis
1317 681 1644 736 vulneratos
1668 681 1871 736 cadere

231 775 495 830 vidimus.
519 775 805 834 Attenditc
835 775 1070 846 laqueos
1105 775 1505 830 insidiantium
1532 775 1735 847 quibus
1767 791 1869 828 no-

229 873 320 923 tos
345 874 402 924 et
428 868 845 924 commilitones
880 869 1238 940 strangulare
1270 869 1486 936 solent;
1528 868 1702 923 nolite
1734 868 1871 923 tales

231 963 416 1034 sequi,
451 963 551 1017 sed
581 962 782 1034 procul
826 962 1083 1034 repellite
1121 979 1236 1018 eos.
1271 965 1482 1032 Estote,
1519 956 1685 1032 juxta
1713 962 1870 1016 Veri-

231 1055 366 1111 tatis
395 1071 611 1124 vocem,
639 1055 951 1127 prudentes
982 1061 1042 1111 ut
1073 1059 1382 1127 serpentes,
1417 1059 1474 1110 et
1499 1055 1783 1126 simplices
1811 1059 1874 1110 ut

233 1149 539 1204 columbae.
571 1149 770 1204 Videte
802 1166 874 1204 ne
901 1149 962 1205 in
988 1166 1229 1205 vacuum
1251 1166 1478 1222 quoque
1505 1148 1748 1204 curratis
1775 1151 1875 1203 aut

231 1243 527 1311 laboretis,
547 1242 646 1298 sed
664 1244 1004 1298 alterutrum
1017 1243 1147 1298 fulti
1168 1243 1432 1315 precibus
1452 1247 1510 1298 et
1525 1241 1874 1298 orationibus

233 1337 588 1392 voluntatem
608 1336 709 1392 Dei
739 1337 924 1392 facere
945 1337 1289 1405 contendite,
1311 1342 1366 1392 et
1384 1354 1416 1391 a
1442 1336 1794 1404 memoratis,
1825 1335 1874 1390 si

233 1429 653 1501 incorrigibiles
679 1432 1068 1502 apparuerint,
1093 1448 1189 1486 vos
1213 1431 1274 1486 in
1301 1431 1571 1486 omnibus
1596 1432 1871 1501 separate.

232 1524 507 1580 Similiter
519 1529 578 1578 et
592 1524 661 1579 ab
685 1524 951 1579 omnibus
969 1542 1112 1596 quos
1131 1526 1431 1596 Apostolus
1455 1526 1878 1580 commemorat

240 1618 457 1687 dicens,
485 1634 616 1672 cum
642 1617 722 1673 eis
746 1633 853 1673 nec
886 1619 1078 1673 cibum
1105 1635 1350 1688 sumere,
1380 1618 1517 1690 quia
1547 1621 1603 1673 et
1627 1618 1708 1673 illi
1734 1617 1878 1672 sicut

238 1716 300 1767 et
330 1711 423 1766 isti
452 1717 586 1767 sunt
609 1711 928 1783 repellendi
966 1717 1023 1768 et
1050 1718 1181 1768 ante
1222 1712 1658 1768 satisfactionem
1687 1712 1873 1766 Eccle-

236 1806 336 1860 sia:
365 1822 479 1861 non
508 1809 639 1860 sunt
667 1806 1029 1878 suscipiendi,
1073 1806 1345 1878 quoniam
1391 1806 1471 1860 illi
1513 1821 1644 1860 cum
1673 1805 1876 1878 quibus

1973 604 2092 643 esse
2118 587 2376 643 videatur
2402 590 2596 642 mente
2625 591 2681 642 et
2704 587 2902 642 animo
2927 582 3130 643 contra
3158 605 3254 644 vos
3291 594 3394 658 est,
3434 595 3492 646 et
3522 597 3607 649 est

1970 683 2152 736 multo
2177 681 2420 751 nequior
2448 681 2624 736 hostis
2652 680 2744 735 hic
2770 697 2943 753 quam
2969 681 3051 736 illi
3081 682 3178 754 qui
3209 683 3344 738 foris
3368 691 3520 754 sunt,
3551 691 3609 742 et

1972 774 2267 829 evidenter
2301 773 2530 840 inimici
2563 778 2722 845 sunt;
2770 775 2864 828 hic
2896 775 3050 830 enim
3091 792 3195 848 per
3223 777 3606 834 amicitiarum

1971 866 2218 938 speciem
2247 883 2374 939 quae
2415 873 2548 924 sunt
2568 868 2819 940 .inimica
2849 869 3015 940 gerit,
3065 875 3123 926 et
3167 871 3456 927 ecclesiam
3486 872 3603 928 dis-

1971 960 2160 1032 pergit
2185 977 2250 1015 ac
2277 964 2474 1016 vastat.
2517 939 2576 1107 ί

2041 1053 2289 1107 Ideoaue
2313 1096 2327 1107 .
2384 1055 2520 1107 char
2543 1072 2576 1107 s:

2041 1053 2289 1125 Ideoque
2313 1096 2327 1121 ,
2384 1053 2699 1109 charissimi
2725 1097 2739 1124 ,
2792 1055 2880 1110 his
2950 1056 3268 1128 apostolicis
3331 1057 3604 1116 institutis

1971 1163 2068 1202 vos
2097 1151 2400 1202 monentes
2428 1147 2786 1216 instruimus,
2813 1153 2877 1203 ut
2900 1149 3097 1206 effecta
3121 1152 3330 1207 certior
3358 1153 3606 1210 charitas

1974 1244 2158 1296 vestra
2173 1241 2464 1296 sollicitius
2476 1241 2743 1313 deinceps
2765 1258 2934 1313 agere
2959 1245 3183 1300 studeat
3197 1250 3256 1301 et
3274 1246 3514 1316 cautius,
3533 1265 3606 1303 ne

1973 1334 2222 1406 perversi
2253 1341 2310 1390 et
2334 1335 2588 1390 inﬁdeles
2613 1335 2878 1390 homines
2908 1336 3151 1392 laedendi
3175 1339 3372 1394 ﬁdeles
3408 1357 3474 1395 ac
3502 1341 3606 1398 be-

1975 1430 2204 1484 nevolos
2234 1429 2486 1484 habeant
2507 1429 2850 1498 facultatem,
2882 1430 3154 1501 quoniam
3174 1448 3300 1503 spes
3323 1434 3522 1490 talium
3552 1441 3610 1492 et

1977 1522 2240 1577 omnium
2261 1523 2572 1594 impiorum
2597 1527 2873 1595 tanquam
2898 1523 3112 1595 lanugo
3135 1527 3222 1579 est
3239 1541 3368 1596 quae
3390 1543 3423 1582 a
3442 1534 3611 1585 vento

1975 1615 2214 1686 tollitur,
2245 1621 2304 1671 et
2325 1615 2608 1688 tanquam
2633 1633 2839 1688 spuma
2875 1617 3100 1689 gracilis
3141 1635 3269 1690 quae
3305 1636 3338 1674 a
3360 1623 3613 1690 procella

1977 1710 2346 1782 dispergitur,
2377 1715 2431 1766 et
2455 1715 2733 1783 tanquam
2757 1711 2953 1766 fumus
2978 1712 3077 1784 qui
3109 1730 3142 1767 a
3177 1716 3350 1768 vento
3376 1714 3612 1771 diffusus

1977 1809 2080 1872 est,
2113 1808 2168 1859 et
2213 1811 2487 1876 tanquam
2530 1805 2808 1860 memoria
2857 1806 3096 1878 hospitis
3125 1806 3297 1862 unius
3335 1807 3449 1863 diei
3471 1825 3616 1881 prae-

235 1900 436 1954 cibum
463 1916 691 1954 sumere
716 1916 833 1955 non
861 1901 1014 1979 licet,
1041 1901 1346 1955 manifeste
1379 1903 1657 1971 apparent
1681 1915 1878 1971 seque-
1895 1882 1952 1954 Β
1975 1897 2276 1952 tereuntis.
2334 1898 2738 1969 Summopore,
2792 1899 3111 1954 charissimi
3128 1943 3142 1970 ,
3193 1901 3332 1956 tales
3379 1904 3616 1959 cavendi

236 1993 400 2049 strati
430 2010 610 2065 usque
637 1994 712 2048 ad
736 1994 1184 2050 satisfactionem
1225 2011 1258 2047 a
1292 1993 1531 2066 reliquis
1572 1994 1875 2061 fratribus;

239 2087 619 2160 quamobrem
654 2105 771 2144 non
811 2089 1018 2144 debent
1052 2104 1158 2144 nec
1195 2093 1436 2160 possunt
1475 2088 1537 2142 in
1566 2087 1877 2142 accusatio-

238 2199 376 2237 nem
400 2181 655 2237 ﬁdelium
680 2182 906 2255 suscipi,
936 2183 1036 2238 sed
1064 2181 1243 2237 etiam
1274 2182 1346 2236 ab
1371 2197 1568 2237 eorum
1596 2180 1878 2236 consortio

241 2292 423 2347 usque
448 2276 518 2330 ad
540 2275 666 2347 jam
706 2276 915 2330 dictam
950 2275 1396 2331 satisfactionem
1437 2275 1659 2346 repelli,
1705 2291 1778 2328 ne
1803 2273 1876 2328 si-

240 2369 410 2424 miles
439 2369 518 2424 eis
544 2369 882 2441 efﬁciantur,
914 2375 1012 2425 aut
1053 2386 1258 2425 eorum
1304 2367 1882 2424 excommunicationi

240 2463 593 2534 subjaceant,
621 2463 890 2536 quoniam
902 2464 981 2519 sic
1000 2464 1238 2536 apostoli
1261 2466 1586 2518 statuerunt
1598 2463 1847 2518 dicentes
1862 2479 1875 2518 :

239 2558 386 2614 Cum
413 2557 912 2614 excommunicatis
926 2575 1042 2614 non
1065 2563 1148 2614 est
1172 2557 1735 2628 communicandum,
1755 2560 1813 2612 et
1833 2556 1881 2611 si

241 2651 373 2724 quis
392 2669 522 2706 cum
543 2652 1039 2708 excommunicatis
1061 2653 1368 2709 avertendo
1396 2653 1622 2724 regulas
1640 2651 1883 2706 scienter

242 2746 452 2818 psallat
474 2746 538 2801 in
560 2747 749 2815 domo,
776 2750 876 2802 aut
895 2747 1064 2802 simul
1085 2749 1308 2802 locutus
1333 2747 1530 2816 fuerit,
1561 2749 1660 2802 aut
1685 2761 1881 2800 orave-

242 2839 342 2909 rit,
369 2840 464 2895 ille
480 2841 883 2898 communione
901 2840 1177 2913 privetur.
1196 2842 1356 2896 Tales
1378 2857 1516 2912 ergo
1537 2839 1598 2894 in
1619 2839 1884 2895 omnibus
1905 2832 1913 2842 ”

244 2939 380 2989 sunt
409 2935 652 2990 cavendi
679 2938 738 2990 et
766 2951 880 2990 non
911 2935 1275 3007 suscipiendi,
1305 2935 1442 3007 quia
1459 2935 1626 3006 juxta
1651 2937 1884 3005 Aposto-
1977 2927 2103 2999 jam
2130 2927 2268 2983 mali
2299 2931 2432 2983 sunt
2455 2945 2680 3001 semper

241 3027 366 3083 lum
391 3045 509 3084 non
538 3030 724 3084 solum
749 3029 848 3100 qui
873 3029 1094 3085 faciunt
1118 3029 1481 3098 damnantur,
1507 3028 1603 3084 sed
1629 3027 1725 3100 qui
1757 3044 1886 3083 con-

245 3121 502 3178 sentiunt
540 3122 900 3179 facientibus.
945 3123 1106 3179 Unde
1151 3126 1210 3178 et
1251 3123 1456 3178 beatus
1501 3123 1883 3194 apostolorum

247 3217 513 3289 princeps
542 3218 759 3286 Petrus,
786 3217 846 3272 in
876 3217 1233 3273 ordinatione
1254 3217 1566 3272 Clementis
1591 3216 1885 3288 alloquens

247 3261 513 3289 1".“er
543 3261 564 3272 "
586 3261 660 3272 V"
676 3261 759 3286 ’⁸⁸⁸1
787 3261 846 3272 ⁵⁸⁵
877 3261 1233 3273 ‘”""”“"“"’“"
1259 3261 1565 3272 ν⁶ν¹⁵⁵ν⁵⁸ν⁸ν
1591 3261 1885 3288 “”⁴¹’⁵ν“1““¹⁵“’

247 3311 545 3382 populum,
569 3310 718 3366 inter
755 3313 962 3370 caetera
994 3311 1077 3366 ait
1102 3327 1116 3366 :
1141 3311 1200 3367 Si
1222 3310 1484 3365 inimicus
1518 3315 1601 3366 est
1625 3309 1732 3365 iste
1761 3310 1886 3366 Cle-
1907 3261 1962 3337 Ο

248 3421 414 3459 mens
445 3404 613 3459 alicui
638 3421 742 3476 pro
779 3405 997 3461 actibus
1035 3406 1171 3475 suis,
1203 3422 1300 3459 vos
1337 3404 1512 3460 nolite
1540 3407 1886 3476 exspectare,

248 3501 315 3553 ut
337 3497 460 3570 ipse
487 3498 650 3553 vobis
681 3498 850 3568 dicat,
893 3516 1024 3554 cum
1063 3499 1161 3554 illo
1205 3499 1380 3554 nolite
1421 3497 1593 3553 amici
1623 3514 1763 3566 esse,
1793 3497 1891 3554 sed

250 3592 570 3665 prudenter
593 3593 889 3649 observare
917 3593 1159 3664 debetis,
1179 3599 1236 3650 et
1251 3593 1534 3649 voluntati
1547 3593 1594 3664 ej
1603 3609 1666 3646 us
1678 3591 1892 3663 absque

252 3687 782 3743 communicatione
812 3687 1196 3744 obsecundare
1228 3693 1285 3744 et
1313 3691 1562 3743 avertere
1591 3703 1688 3741 vos
1723 3687 1793 3741 ab
1823 3702 1891 3741 eo

251 3780 342 3835 cui
366 3781 553 3853 ipsum
577 3781 799 3837 sentitis
820 3782 1136 3852 adversum,
1162 3783 1261 3838 sed
1271 3799 1378 3838 nec
1399 3781 1558 3854 loqui
1577 3781 1666 3836 his
1685 3780 1893 3853 quibus

252 3875 374 3948 ipse
403 3893 522 3930 non
551 3875 822 3949 loquitur,
861 3881 926 3932 ut
955 3877 1345 3949 unusquisque
1382 3877 1482 3948 qui
1508 3876 1567 3931 in
1593 3876 1759 3947 culpa
1787 3877 1892 3946 est,

259 3969 399 4024 dum
425 3970 584 4043 cupit
610 3970 869 4026 omnium
887 3975 1136 4027 vestrum
1163 3971 1440 4026 amicitias
1467 3971 1638 4042 ferre,
1669 3970 1898 4026 festinet

255 4062 419 4118 citius
445 4063 799 4120 reconciliari
831 4063 882 4119 ei
906 4065 1006 4136 qui
1028 4065 1295 4120 omnibus
1321 4069 1547 4137 praeest,
1587 4069 1643 4120 et
1665 4081 1768 4136 per
1788 4063 1898 4118 hoc

257 4156 460 4212 redeat
480 4157 553 4212 ad
572 4159 816 4213 salutem
841 4175 970 4214 cum
991 4159 1223 4216 obedire
1243 4160 1478 4231 coeperit
1504 4158 1738 4214 monitis
1755 4174 1900 4230 prte-

260 4249 515 4308 sidentis.
544 4252 604 4308 Si
630 4267 763 4308 vero
805 4253 930 4325 quis
963 4253 1180 4309 amicus
1217 4253 1389 4310 fuerit
1416 4253 1505 4308 his
1543 4253 1750 4326 quibus
1778 4251 1899 4324 ipse

263 4361 379 4400 non
407 4346 680 4420 loquitur,
714 4363 863 4404 unus
888 4351 974 4405 est
1000 4353 1058 4405 et
1085 4348 1206 4422 ipse
1244 4365 1315 4405 ex
1347 4348 1456 4404 illis
1499 4348 1598 4420 qui
1627 4346 1896 4406 extermi-

1980 1995 2114 2046 sunt
2138 1995 2195 2046 et
2221 1991 2514 2047 avertendi
2541 1995 2713 2064 atque
2741 1993 3034 2064 rejiciendi
3068 1994 3117 2048 si
3144 1999 3413 2050 nocentes
3442 2013 3615 2069 appa-

1979 2085 2218 2154 ruerint,
2252 2085 2386 2156 quia
2408 2103 2527 2141 non
2549 2086 2736 2141 solum
2763 2087 3175 2158 ecclesiasticae,
3199 2089 3301 2144 sed
3318 2089 3494 2146 etiam
3513 2107 3613 2146 sa:-

1980 2178 2090 2233 culi
2119 2180 2296 2251 leges,
2321 2179 2368 2233 si
2389 2185 2674 2249 nocentes,
2697 2197 2814 2236 non
2833 2181 3165 2253 suscipiunt,
3187 2183 3286 2238 sed
3308 2184 3614 2256 repellunt.

1979 2272 2140 2327 Unde
2170 2273 2445 2344 scriptum
2485 2276 2589 2344 est,
2630 2291 2691 2328 os
2733 2273 3047 2346 impiorum
3073 2275 3305 2332 devorat
3340 2277 3615 2349 iniquita-

1979 2369 2118 2434 tem,
2146 2369 2202 2420 et
2237 2366 2512 2422 Dominus
2555 2383 2662 2438 per
2700 2368 3041 2439 prophetam
3082 2368 3334 2441 loquitur
3382 2370 3575 2426 dicens
3605 2390 3622 2430 :

1984 2477 2012 2510 «
2046 2459 2188 2514 Cum
2238 2463 2434 2514 sancto
2475 2465 2702 2515 sanctus
2748 2461 2878 2531 eris,
2917 2466 3132 2517 etcum
3173 2480 3437 2535 perverso
3482 2479 3616 2536 per-

1980 2553 2236 2621 verteris,
2265 2556 2322 2607 et
2353 2569 2483 2608 cum
2505 2553 2681 2609 electo
2707 2555 2920 2610 electus
2950 2555 3080 2626 eris,
3113 2561 3172 2612 et
3196 2572 3327 2612 cum
3358 2557 3476 2613 viro
3507 2576 3616 2614 no-

1982 2647 2130 2701 centi
2165 2663 2375 2702 nocens
2401 2647 2511 2702 eris
2557 2648 2721 2718 (Psal.
2764 2664 2895 2718 xvn,
2927 2651 2996 2704 26
3027 2653 3078 2705 et
3113 2650 3244 2722 seq.)
3256 2668 3274 2721 ;
3320 2671 3348 2702 ››
3394 2656 3451 2707 et
3474 2655 3619 2725 Apo—

1981 2741 2160 2795 stolus
2191 2740 2376 2812 inquit
2410 2759 2424 2796 :
2464 2761 2491 2791 «
2517 2742 2918 2819 Perverterunt
2931 2743 3107 2798 bonos
3134 2760 3322 2800 mores
3341 2745 3618 2819 colloquia

1982 2834 2132 2888 mala
2173 2834 2223 2906 (Ι
2247 2811 2367 2892 Cor.
2394 2851 2483 2905 xv,
2513 2836 2620 2907 33).
2657 2855 2685 2887 η
2699 2811 2968 2989 lldcirco,
3019 2840 3087 2893 ut
3125 2838 3484 2908 praelibatum
3500 2811 3616 2911 est,

1982 2927 2103 2989 jam
2130 2927 2268 2983 mali
2299 2931 2432 2983 sunt
2455 2945 2680 2989 semper
2738 2930 2960 2989 avendi.
2987 2935 3046 2986 et
3057 2931 3220 2986 bonis
3247 2935 3418 2989 atoue
3443 2933 3616 2989 bene-

2738 2930 2960 3000 avendi,
2987 2935 3046 2986 et
3057 2931 3220 2986 bonis
3247 2935 3418 3005 atque
3443 2933 3617 2990 bene-

1985 3022 2122 3077 volis
2153 3027 2238 3078 est
2270 3023 2690 3094 inhaerendum,
2735 3028 2794 3079 et
2826 3024 3143 3096 periculum
3173 3026 3404 3082 desidiae
3437 3044 3621 3100 quan-

1983 3124 2107 3176 tum
2134 3137 2434 3193 possumus
2469 3121 2838 3178 declinemus.
2882 3125 2950 3179 Et
2991 3140 3064 3180 ne
3090 3124 3263 3195 pestis
3295 3125 3417 3180 haec
3452 3127 3623 3184 latius

1987 3215 2331 3287 divulgetur,
2371 3217 2664 3272 severitate
2713 3233 2826 3288 qua
2864 3234 3163 3289 possumus
3201 3219 3623 3293 abscindamus,

1987 3309 2261 3381 quoniam
2277 3326 2392 3364 non
2403 3310 2690 3381 temeritas
2709 3311 3020 3366 intervenit
3037 3313 3502 3385 praesumptionis
3527 3315 3627 3372 ubi

1989 3406 2074 3458 est
2123 3403 2418 3474 diligentia
2470 3403 2716 3476 pietatis.
2767 3406 2915 3477 Agat
2964 3423 3195 3478 semper
3233 3409 3628 3483 unusquisque

1988 3501 2244 3552 vestrum
2292 3498 2400 3552 hac
2447 3497 2852 3555 informatione
2904 3501 3206 3572 apostolica
3251 3502 3426 3557 fultus
3455 3504 3623 3575 juxta

1989 3591 2136 3645 vires
2162 3607 2313 3661 suas,
2348 3595 2404 3646 et
2423 3591 2676 3646 fraterna
2704 3592 3006 3648 dilectione
3035 3596 3092 3649 et
3120 3597 3314 3649 sancta
3351 3597 3630 3668 religione

1990 3700 2178 3740 mores
2207 3684 2470 3756 proprios
2508 3701 2838 3741 conservare
2881 3689 2938 3741 et
2971 3687 3031 3742 in
3068 3703 3372 3744 commune
3411 3690 3629 3747 altam-

1991 3782 2150 3834 trum
2180 3779 2446 3851 adjuvare
2473 3782 2532 3834 et
2554 3779 2614 3834 in
2651 3779 2929 3836 charitate
2963 3798 3324 3854 permanere,
3360 3785 3499 3840 etin
3528 3787 3630 3843 Dei

1993 3874 2280 3929 voluntate
2314 3873 2702 3929 indesinenter
2743 3875 2969 3931 studeat
3011 3875 3309 3947 inhaerere,
3350 3883 3416 3934 ut
3460 3879 3636 3938 simul

1993 3967 2297 4023 laudantes
2341 3967 2645 4023 Dominum
2683 3967 2994 4025 indefessas
3039 3986 3264 4043 semper
3298 3971 3378 4027 illi
3417 3974 3634 4045 gratias

1995 4078 2254 4133 agamus.
2285 4063 2475 4118 Valete
2506 4062 2565 4117 in
2599 4063 2860 4134 Domino,
2889 4064 3226 4137 charissimi,
3255 4068 3313 4120 et
3336 4068 3628 4141 prtedicta,

1995 4161 2061 4210 ut
2086 4155 2294 4211 melius
2316 4155 2575 4228 potestis,
2597 4157 2840 4212 Domino
2860 4173 3028 4229 opem
3054 4159 3293 4229 ferente,
3317 4161 3634 4235 adimplere

1999 4251 2241 4306 studete.
2270 4251 2413 4306 Data
2463 4250 2661 4306 Kalen.
2690 4250 2844 4321 Julii,
2893 4252 3151 4309 Maximio
3190 4256 3249 4309 et
3289 4255 3533 4327 Aphrico
3565 4258 3633 4332 IV

1999 4344 2344 4402 consulibus.

805 4651 1263 4728 EPISTOLA
1315 4654 1604 4729 CUJUS
1659 4654 1968 4727 SUPRA
2018 4650 2150 4722 AD
2204 4647 2526 4722 OMNES
2577 4649 3109 4724 EPISCOPOS.

342 4827 608 4885 FABIANUS
640 4827 938 4902 episcopus
965 4830 1120 4887 urbis
1153 4833 1348 4888 Romae
1392 4831 1656 4887 omnibus
1697 4831 1900 4886 Orien-
1921 4841 1982 4916 D
2007 4828 2253 4884 turbare.
2284 4826 2390 4884 Sed
2431 4827 2578 4881 sicut
2616 4826 2722 4882 hoc
2755 4828 2909 4900 quod
2945 4826 3180 4885 rationis
3223 4827 3485 4906 exigebat
3537 4838 3643 4896 uti-

269 4921 475 4977 talibus
519 4921 822 4996 episcopis,
852 4927 909 4980 et
937 4926 1155 4982 cunctis
1179 4926 1436 4982 ﬁdelibus
1463 4926 1522 4981 in
1553 4926 1790 4982 Domino
1816 4943 1901 4980 sa-

270 5014 470 5071 lutem.

345 5109 535 5181 Exigit
584 5109 810 5168 dilectio
854 5118 1042 5170 vestra
1083 5114 1230 5170 sedis
1273 5114 1598 5187 apostolicae
1631 5112 1910 5183 consulta,

275 5219 402 5276 qua:
429 5204 586 5260 vobis
629 5206 915 5279 denegare
951 5226 1066 5264 non
1102 5226 1424 5281 possumus,
1463 5227 1569 5265 nec
1613 5208 1908 5276 debemus,

276 5297 385 5352 hoc
411 5303 605 5355 autem
639 5303 709 5355 et.
731 5303 1173 5372 praedecessores
1210 5308 1439 5360 nostros
1483 5304 1794 5359 multarum
1821 5317 1910 5357 re»-

281 5391 522 5472 gionum
554 5393 835 5467 episcopis
861 5397 1044 5469 egisse
1069 5398 1267 5471 liquet,
1304 5402 1360 5455 et
1386 5416 1491 5454 nos
1518 5398 1618 5471 qui
1638 5398 1695 5452 in
1717 5397 1916 5452 eadem

281 5487 412 5542 sede
435 5487 675 5543 Domino
696 5489 980 5562 largiente
1000 5493 1258 5548 collocati
1278 5511 1493 5565 sumus,
1515 5508 1686 5565 agere
1709 5491 1917 5547 debere

277 5581 534 5638 fraterna
560 5582 806 5640 charitas
837 5589 894 5640 et
929 5587 1268 5643 obedientiee
1315 5588 1571 5644 debitum
1605 5585 1917 5659 compellit.

279 5675 425 5730 Cura
437 5682 522 5732 est
537 5694 675 5750 ergo
694 5683 894 5736 vestrae
914 5681 1280 5738 sollicitudini
1303 5683 1625 5739 adhibenda
1640 5687 1702 5738 ut
1715 5697 1782 5737 ea
1793 5696 1920 5753 quae

280 5775 413 5826 sunt
443 5771 515 5826 ab
542 5773 807 5844 apostolis
850 5791 1163 5849 eorumque
1194 5777 1605 5834 successoribus
1643 5776 1919 5845 ordinata,

283 5870 340 5920 et
367 5864 676 5938 instigante
721 5872 914 5926 sancto
952 5870 1166 5944 Spiritu
1205 5872 1483 5942 instituta,
1523 5889 1628 5928 nec
1666 5870 1924 5926 dissimu-

281 5959 420 6016 latio
464 5962 780 6036 negligere,
809 5981 914 6024 nec
943 5966 1128 6039 aliqua
1157 5968 1529 6040 praesumptio
1573 5966 1759 6024 valeat
1787 5980 1922 6038 per-

2003 4925 2133 4980 litas
2159 4922 2410 4994 oportuit
2453 4921 2713 4991 deﬁnire,
2753 4923 2835 4978 ita
2871 4923 3026 4996 quod
3057 4923 3360 4983 deﬁnitum
3408 4934 3495 4986 est
3521 4949 3638 4990 non

2010 5019 2178 5075 debet
2202 5016 2420 5072 violari.
2467 5017 2691 5072 Litteris
2729 5018 2928 5072 vestris
2963 5032 3097 5074 vero
3142 5019 3294 5076 inter
3319 5028 3525 5082 caetera
3550 5027 3641 5084 in-

2011 5119 2228 5170 sertum
2256 5112 2579 5168 invenimus
2607 5111 2883 5184 quosdam
2911 5112 3164 5183 regionis
3191 5122 3389 5173 vestrae
3421 5120 3642 5192 episco-

2012 5224 2114 5279 pos
2142 5225 2175 5263 a
2217 5209 2402 5263 vestro
2435 5211 2745 5278 nostroque
2792 5205 2991 5262 ordine
3039 5207 3379 5283 discrepare,
3430 5219 3488 5270 et
3531 5234 3648 5274 non

2013 5319 2117 5374 per
2164 5301 2416 5373 singulos
2442 5317 2620 5355 annos
2661 5300 2722 5354 in
2757 5293 2916 5355 coena
2955 5301 3176 5358 Domini
3226 5306 3473 5364 chrisma
3518 5328 3653 5367 con-

2015 5397 2204 5464 ﬁcere,
2237 5395 2334 5450 sed
2362 5394 2502 5448 duos
2529 5398 2626 5448 aut
2650 5399 2764 5450 tres
2799 5411 2976 5451 annos
3013 5399 3426 5458 confectionem
3471 5405 3650 5462 sancti

2017 5488 2342 5545 chrismatis
2362 5487 2538 5542 semel
2565 5492 2752 5543 actam
2772 5505 3125 5546 conservare.
3157 5493 3362 5552 Dicunt
3386 5497 3560 5566 enim,
3587 5505 3656 5556 ut

2018 5584 2076 5638 in
2108 5582 2437 5638 memoratis
2461 5581 2714 5653 apicibus
2733 5584 3071 5656 reperimus,
3091 5603 3195 5642 nec
3214 5588 3528 5646 balsamum
3545 5607 3652 5663 per

2019 5679 2272 5749 singulos
2296 5693 2475 5731 annos
2499 5693 2662 5748 posse
2693 5678 2963 5750 reperire,
3004 5697 3107 5735 nec
3143 5698 3367 5738 necesse
3396 5685 3518 5738 fore
3547 5702 3653 5758 per

2021 5773 2272 5845 singulos
2297 5788 2474 5827 annos
2495 5771 2745 5827 chrisma
2765 5773 3064 5843 conficere,
3094 5775 3193 5829 sed
3222 5777 3360 5830 dum
3386 5793 3500 5832 una
3519 5795 3656 5837 con-

2022 5866 2190 5924 fectio
2215 5866 2535 5922 chrismatis
2578 5866 2845 5937 abundat,
2893 5867 3065 5922 aliam
3105 5868 3228 5922 ﬁeri
3267 5885 3496 5929 necesse
3535 5891 3653 5934 non

2026 5963 2255 6020 habere.
2285 5965 2491 6020 Errant
2516 5961 2668 6020 enim
2704 5962 2803 6036 qui
2832 5961 2965 6024 talia
3003 5961 3343 6038 excogitant,
3375 5972 3432 6023 et
3454 5974 3649 6036 mente
