4058 6300
479 339 577 393 155

1376 333 1656 390 APPEND.
1697 334 1784 388 AD
1821 333 1981 389 SxEC.
2025 333 2110 389 IX.
2142 363 2212 374 —-
2250 333 2493 390 lSlDORl
2532 331 2953 390 MERCATORIS

3749 334 3851 388 136

476 460 681 499 vesana
713 442 903 515 potius
932 458 1106 515 quam
1131 445 1290 496 recta
1320 439 1650 508 sentientes,
1675 441 1792 495 haec
1811 440 2026 494 dicunt.
2052 443 2112 496 ln
2133 454 2193 528 Α
2213 441 2300 496 sit.
2325 442 2465 496 Nam
2492 441 2734 513 apostoli
2771 442 2944 496 talem
2978 438 3442 495 consuetudinem
3474 455 3592 493 non
3627 439 3848 496 habue-

478 539 577 593 illa
601 539 756 593 enim
783 537 873 592 die
903 536 1173 592 Dominus
1190 536 1364 604 Jesus,
1386 539 1684 606 postquam
1719 535 1959 590 coenavit
1983 551 2114 590 cum

478 631 766 703 discipulis
791 631 923 702 suis,
955 635 1012 686 et
1037 629 1176 685 lavit
1204 645 1402 684 eorum
1430 628 1624 699 pedes,
1664 627 1808 683 sicut
1832 645 1865 682 a
1906 629 2114 684 sanctis

475 725 740 796 apostolis
789 725 1239 796 prsidecessores
1296 722 1474 777 nostri
1530 725 1874 793 acceperunt
1927 723 2114 776 nobis-

478 836 589 891 que
641 819 1013 890 reliquerunt,
1070 816 1318 872 chrisma
1372 815 1652 870 conﬁcere
1705 815 1932 885 docuit;
1987 816 2114 888 ipsa

480 913 633 968 enim
648 913 849 968 lavatio
868 912 1079 984 pedum
1104 913 1432 965 nostrorum
1449 908 1731 980 signiﬁcat
1742 908 2110 980 baptismum,

478 1007 710 1078 quando
736 1005 914 1060 sancti
950 1003 1270 1060 chrismatis
1312 1003 1579 1058 unctione
1622 1003 1918 1076 perficitur
1943 1007 2110 1075 atque

477 1101 866 1156 conﬁrmatur.
910 1100 1053 1153 Nam
1090 1098 1235 1152 sicut
1272 1096 1451 1169 ipsius
1489 1096 1603 1152 diei
1643 1096 1970 1152 solemnitas
2007 1113 2112 1168 per

475 1194 729 1265 singulos
783 1209 962 1247 annos
1013 1197 1098 1246 est
1151 1190 1524 1258 celebranda,
1582 1190 1660 1244 ita
1708 1188 1881 1262 ipsius
1934 1191 2111 1246 sancti

473 1286 796 1342 chrismatis
826 1285 1103 1341 confectio
1134 1301 1238 1356 per
1263 1284 1514 1355 singulos
1540 1301 1723 1338 annos
1750 1289 1834 1340 est
1859 1284 2103 1356 agenda,

475 1381 628 1436 etde
668 1397 818 1434 anno
848 1380 904 1433 in
946 1395 1164 1433 annum
1205 1378 1534 1433 renovanda
1579 1380 1636 1433 et
1687 1377 1946 1432 ﬁdelibus
1992 1381 2107 1432 tra-

477 1475 681 1542 denda,
715 1473 851 1544 quia
873 1489 1083 1527 novum
1105 1476 1385 1528 sacratum
1411 1474 1497 1526 est
1514 1488 1616 1543 per
1637 1472 1890 1543 singulos
1910 1488 2105 1541 annos,

476 1569 535 1622 et
555 1568 681 1638 jam
707 1565 856 1621 dicto
904 1565 994 1621 die
1037 1551 1556 1633 innovandum,'et
1595 1570 1755 1620 vetus
1801 1565 1859 1620 in
1905 1566 2109 1620 sanctis

477 1659 734 1718 Ecclesiis
761 1657 1151 1716 cremandum.
1182 1662 1292 1715 Ista
1319 1678 1352 1713 a
1381 1658 1586 1714 sanctis
1615 1658 1880 1730 apostolis
1901 1662 1958 1713 et
1983 1675 2104 1713 suc-

477 1754 791 1810 cessoribus
837 1770 1035 1810 eorum
1106 1752 1426 1825 accepimus
1449 1795 1463 1822 ,
1525 1752 1798 1824 vobisque
1866 1752 2108 1807 tenenda

2212 539 2370 605 runt,
2401 551 2505 590 nec
2531 534 2853 592 habendam
2879 534 3220 603 docuerunt;
3254 532 3515 589 similiter
3540 536 3599 587 et
3623 548 3848 588 succes-

2214 644 2369 682 sores
2399 645 2620 697 eorum,
2646 643 2975 700 quanquam
2994 627 3174 682 multa
3194 627 3262 682 de
3283 626 3511 695 talibus,
3533 626 3851 698 praeviden-

2210 726 2294 776 tes
2325 721 2538 792 Spiritu
2566 721 2661 777 Dei
2696 721 2909 790 futura,
2952 724 3295 776 statuerunt.
3336 722 3532 789 Porro,
3565 723 3631 775 ut
3658 720 3848 791 legitis

2213 815 2270 869 in
2296 815 2527 870 Actibus
2555 816 2959 887 apostolorum,
2993 817 3117 870 erat
3142 831 3208 870 eo
3235 819 3498 887 tempore
3522 814 3674 870 inter
3698 814 3845 870 ﬁde-

2211 907 2292 963 les
2318 925 2415 964 cor
2453 925 2635 964 unum
2679 914 2736 964 et
2783 909 2976 964 anima
3006 926 3136 979 una,
3175 925 3361 981 neque
3403 908 3607 980 aliquis
3645 924 3847 963 eorum

2211 1002 2425 1073 aliquid
2456 1019 2622 1057 suum
2646 1001 2946 1075 proprium
2975 1003 3213 1072 dicebat,
3253 1002 3350 1058 sed
3389 1006 3553 1057 erant
3587 1001 3695 1056 illis
3727 1018 3850 1056 om-

2213 1095 2310 1149 nia
2339 1096 2679 1152 communia.
2711 1096 2874 1151 Nulla
2899 1095 3055 1152 enim
3087 1096 3242 1151 inter
3287 1112 3386 1151 eos
3411 1095 3692 1150 accusatio
3735 1095 3850 1150 nisi

2210 1188 2502 1244 familiaris
2529 1193 2667 1257 erat,
2697 1206 2802 1244 nec
2825 1205 3083 1261 unquam
3115 1189 3266 1244 inter
3296 1188 3613 1244 imitatores
3639 1205 3849 1244 eorum

2209 1286 2309 1336 aut
2331 1282 2526 1338 ﬁdeles
2555 1283 2679 1339 ﬁeri
2704 1282 2895 1353 debet,
2927 1283 3149 1338 dicente
3187 1283 3428 1338 Domino
3453 1300 3467 1337 :
3499 1301 3528 1335 «
3555 1282 3717 1346 Quod
3740 1282 3845 1337 tibi

2209 1391 2324 1430 non
2353 1377 2434 1431 vis
2453 1376 2598 1445 ﬁeri,
2623 1377 2784 1432 alteri
2805 1393 2877 1433 ne
2902 1376 3092 1432 facias.
3113 1398 3141 1426 »
3166 1378 3233 1432 Et
3250 1376 3430 1432 idem:
3454 1376 3706 1448 «Diliges
3718 1392 3847 1448 pro-

2210 1470 2425 1525 ximum
2449 1475 2614 1526 tuum
2639 1471 2786 1525 sicut
2808 1470 3073 1542 teipsum,
3107 1475 3164 1525 et
3183 1470 3408 1526 dilectio
3443 1469 3688 1542 proximi
3714 1487 3842 1524 ma-

2207 1563 2328 1618 lum
2358 1581 2475 1620 non
2494 1568 2779 1636 operatur.
2808 1587 2835 1614 »
2860 1565 2970 1636 Ipsi
2993 1581 3132 1636 ergo
3152 1565 3392 1636 apostoli
3412 1569 3468 1620 et
3487 1581 3843 1620 successores

2209 1674 2408 1712 eorum
2431 1658 2569 1713 olim
2599 1662 2918 1714 statuerunt
2942 1675 3036 1714 eos
3063 1659 3135 1714 ad
3163 1659 3582 1715 accusationem
3605 1675 3720 1714 non
3747 1675 3837 1714 re-

2207 1751 2316 1823 cipi
2343 1752 2443 1824 qui
2472 1757 2602 1807 sunt
2627 1753 2871 1824 suspecti
2898 1753 2986 1807 vel
3025 1753 3124 1824 qui
3147 1753 3274 1808 heri
3305 1759 3406 1808 aut
3429 1752 3842 1808 nudiustertius

476 1850 836 1904 mandamus.
868 1849 994 1902 Haec
1021 1852 1213 1902 sancta
1253 1849 1511 1904 Romana
1551 1847 1797 1901 Ecclesia
1827 1849 1884 1902 et
1912 1845 2101 1902 Antio-
2128 1829 2183 1902 Β
2206 1846 2293 1900 vel
2319 1845 2538 1901 dudum
2577 1846 2811 1901 fuerunt
2856 1846 3091 1916 inimici,
3136 1847 3405 1918 quoniam
3436 1846 3685 1919 suspecti
3708 1845 3843 1902 facti

476 1943 657 1998 chena
679 1960 712 1996 a
731 1945 990 2014 tempore
1009 1941 1402 2014 apostolorum
1423 1939 1696 2008 custodit;
1718 1940 1839 1994 haec
1856 1939 2109 1995 Hieroso-

474 2038 756 2108 lymorum
787 2040 844 2091 et
869 2036 1319 2107 Ephesianorum
1347 2037 1518 2102 tenet,
1555 2035 1613 2088 in
1642 2034 1847 2105 quibus
1873 2034 2108 2105 apostoli

474 2130 840 2201 praesidentes
882 2130 1005 2184 haec
1045 2129 1380 2199 docuerunt,
1425 2131 1482 2184 et
1524 2131 1686 2184 vetus
1723 2128 1971 2183 chrisma
2016 2127 2106 2182 in-

473 2224 658 2291 cendi,
687 2227 746 2278 et
770 2240 887 2278 non
917 2223 1166 2295 amplius
1194 2239 1366 2294 quam
1399 2238 1517 2277 uno
1544 2239 1695 2276 anno
1725 2221 1806 2276 uti
1834 2221 2104 2293 permise-

471 2323 629 2386 runt,
676 2322 852 2388 atque
887 2316 1153 2389 deinceps
1181 2333 1323 2371 novo
1346 2316 1478 2386 frui,
1510 2321 1567 2370 et
1609 2332 1725 2370 non
1768 2315 1966 2384 veteri,
2007 2315 2104 2386 ju-

473 2411 675 2466 bentes
702 2411 1034 2466 docuerunt.
1065 2411 1119 2466 Si
1147 2410 1273 2482 quis
1307 2426 1445 2482 ergo
1479 2409 1568 2463 his
1595 2409 1821 2465 obviare
1848 2412 2104 2464 tentave-

471 2503 799 2575 rit,omnem
811 2504 1136 2576 sibipervos
1149 2507 1320 2575 etper
1330 2519 1532 2558 omnes
1543 2502 2104 2575 recteintelligentes,

470 2597 842 2670 indulgentia:
868 2597 1090 2652 aditum
1119 2597 1400 2669 intelligat
1425 2597 1774 2668 obseratum,
1805 2597 1942 2669 quia
1972 2614 2104 2669 pra-

469 2692 828 2747 vissimarum
854 2692 1136 2748 mentium
1162 2707 1425 2764 perversa
1450 2691 1726 2762 doctrina,
1743 2691 1886 2746 dum
1913 2690 2104 2746 indul-

473 2785 702 2857 gentius
725 2785 904 2840 frenis
939 2783 1141 2854 utitur,
1174 2785 1234 2839 in
1273 2784 1798 2856 praevaricationem
1827 2800 2105 2856 praasum-

473 2877 685 2951 ptionis
712 2877 1017 2934 delabitur.
1041 2879 1107 2933 Et
1129 2879 1452 2934 nullatenus
1480 2877 1716 2946 eruitur,
1732 2877 1840 2933 nisi
1854 2878 2104 2950 pruden-

473 2972 620 3028 tium
631 2973 824 3027 susten
831 2973 1040 3028 tatione
1060 2977 1116 3028 et
1129 2972 1477 3028 correctione
1497 2972 1791 3028 liberetur.
1809 2972 1904 3026 llla
1915 2974 2108 3028 autem

471 3083 602 3140 qum
628 3065 779 3122 circa
821 3065 1010 3121 divina
1056 3066 1322 3138 mysteria
1375 3069 1434 3120 et
1475 3081 1615 3137 erga
1661 3065 2021 3137 baptizandos
2045 3066 2107 3120 in

473 3160 736 3216 universo
779 3161 994 3216 mundo
1040 3164 1232 3215 sancta
1274 3160 1521 3216 Ecclesia
1564 3158 1932 3216 uniformiter
1967 3159 2103 3232 agit,

475 3272 594 3311 non
631 3255 815 3310 otioso
856 3254 1296 3327 contemplanda
1342 3258 1473 3310 sunt
1523 3253 1750 3322 intuitu,
1802 3269 1876 3308 ne
1918 3254 2106 3308 locum

471 3349 834 3422 supervacuis
871 3348 1282 3404 intentionibus
1319 3351 1377 3404 et
1419 3347 1912 3420 superstitionibus
1934 3347 2105 3403 facia-

471 3459 616 3500 mus.
649 3443 838 3501 Rudes
865 3459 1003 3515 ergo
1039 3443 1294 3499 ﬁdelium
1323 3445 1544 3498 mentes
1581 3442 1654 3497 ad
1693 3440 1829 3497 talia
1863 3458 1978 3497 non
2006 3442 2104 3498 de-

469 3539 675 3595 bemus
719 3537 1013 3609 inducere,
1059 3539 1198 3610 quia
1240 3536 1482 3593 docendi
1525 3536 1715 3610 potius
1761 3541 1893 3592 sunt
1932 3553 2106 3609 quam

468 3633 764 3689 illudendi.
819 3631 905 3688 Ad
955 3635 1210 3687 nostram
1257 3632 1412 3687 enim
1455 3631 1716 3686 lzetiﬁam
1764 3629 1908 3687 bene
1953 3631 2104 3687 facta

466 3727 832 3800 perveniunt,
884 3729 941 3781 et
989 3726 1250 3781 mceroris
1299 3725 1506 3781 aculeis
1554 3741 1660 3780 nos
1707 3740 1836 3796 qua:
1890 3724 2104 3780 fuerint

467 3821 617 3877 male
642 3821 790 3876 facta
827 3821 1243 3891 compungunt.
1285 3819 1381 3873 Hic
1425 3833 1558 3872 vero
1597 3818 1750 3872 inter
1781 3833 1986 3872 manus
2019 3818 2098 3872 la-

466 3917 699 3970 tronum
723 3917 782 3968 et
809 3913 1006 3969 dentes
1029 3913 1291 3983 luporum
1318 3911 1633 3966 furentium
1662 3915 1947 3984 utcunque
1976 3927 2099 3968 ver-

469 4024 685 4076 samur,
716 4011 775 4062 et
797 4009 1157 4062 contumaces
1182 4009 1315 4061 sunt
1343 4005 1550 4060 subditi
1580 4008 1750 4077 atque
1781 4021 1927 4061 oves.
1958 4007 2100 4062 Nam

467 4101 675 4158 latratu
736 4117 944 4156 canum
988 4101 1307 4171 baculoque
1340 4099 1578 4171 pastoris
1615 4099 1882 4171 luporum
1914 4099 2100 4156 rabies

467 4195 811 4252 deterrenda
840 4197 958 4265 est;
1000 4194 1095 4249 illa
1124 4211 1257 4250 vero
1288 4211 1416 4266 qua:
1443 4193 1712 4249 fomentis
1737 4210 1855 4249 non
1888 4210 2097 4249 sanan-

467 4291 564 4345 tur
598 4289 833 4344 vulnera
875 4289 1026 4343 ferro
1073 4286 1325 4344 abscindi
1358 4304 1588 4344 necesse
1633 4291 1735 4344 est.
1782 4288 1894 4343 Nec
1933 4289 2097 4344 silere

464 4399 765 4457 possumus
791 4387 860 4439 ut
881 4400 1012 4438 cum
1045 4383 1138 4438 hic
1167 4383 1238 4438 ab
1265 4381 1470 4437 illicitis
1498 4399 1824 4438 revocemus
1855 4382 2096 4455 aliquos,

465 4478 635 4534 officii
682 4479 864 4534 nostri
902 4493 1276 4550 provocemur
1328 4477 1618 4547 instinctu,
1667 4476 1727 4532 in
1776 4477 2017 4550 speculis
2065 4494 2099 4532 a

2125 3207 2182 3284 C

2208 1942 2360 2010 sunt,
2386 1942 2444 1994 et
2470 1940 2570 2010 qui
2591 1956 2704 1994 non
2734 1945 2866 1995 sunt
2888 1940 3057 1996 bona:
3087 1940 3557 2010 conversationis,
3588 1940 3675 1996 vel
3701 1956 3843 2012 quo-

2207 2048 2338 2088 rum
2383 2032 2495 2088 vita
2539 2038 2622 2088 est
2671 2033 3025 2104 accusabilis,
3079 2038 3178 2089 aut
3225 2034 3383 2090 dubii
3421 2034 3481 2089 in
3506 2037 3662 2089 recta
3704 2034 3837 2089 ﬁde.

2208 2125 2478 2182 Similiter
2498 2143 2746 2198 quorum
2773 2127 2930 2198 fides,
2962 2127 3077 2183 vita
3105 2133 3162 2183 et
3183 2128 3414 2184 libertas
3450 2127 3715 2195 nescitur,
3747 2129 3839 2182 vel

2209 2220 2308 2290 qui
2356 2220 2606 2275 infamiae
2648 2221 2886 2276 maculis
2923 2226 3058 2277 sunt
3107 2222 3338 2293 aspersi,
3396 2224 3494 2276 aut
3532 2221 3842 2277 sceleribus

2207 2313 2409 2370 irretiti
2428 2331 2441 2383 ;
2463 2329 2647 2387 neque
2684 2331 2780 2371 eos
2817 2316 3135 2371 sacerdotes
3172 2315 3380 2372 debere
3411 2317 3497 2370 vel
3543 2331 3707 2387 posse
3740 2321 3842 2372 aut

2207 2408 2438 2464 clericos
2464 2425 2723 2464 accusare
2763 2409 2864 2481 qui
2891 2409 2999 2465 rite
3037 2410 3356 2466 sacerdotes
3392 2409 3517 2465 ﬁeri
3555 2426 3674 2464 non
3705 2426 3837 2481 pos-

2206 2507 2357 2571 sunt,
2379 2519 2485 2558 nec
2510 2503 2598 2558 sui
2621 2508 2754 2559 sunt
2775 2503 3009 2559 ordinis.
3047 2503 3331 2568 Quoniam
3351 2503 3495 2558 sicut
3521 2503 3840 2558 sacerdotes

2207 2595 2294 2652 vel
2319 2597 2522 2669 reliqui
2550 2597 2735 2653 clerici
2772 2614 2806 2652 a
2839 2598 3194 2654 saecularium
3211 2598 3484 2654 laicorum
3522 2597 3836 2654 excludun-

2206 2694 2303 2745 tur
2322 2692 2702 2762 accusatione,
2723 2691 2974 2747 itailliab
3009 2691 3249 2748 istorum
3263 2695 3395 2748 sunt
3428 2692 3764 2748 excludendi
3783 2699 3843 2748 et

2175 2769 2493 2839 ialienandi
2535 2785 2963 2856 criminatione;
3012 2791 3069 2842 et
3102 2787 3247 2841 sicut
3282 2786 3373 2842 isti
3413 2786 3486 2841 ab
3509 2786 3640 2856 illis,
3672 2786 3751 2841 ita
3782 2791 3841 2841 et

2206 2877 2285 2932 illi
2306 2878 2378 2933 ab
2400 2878 2520 2933 istis
2561 2895 2678 2935 non
2716 2880 3087 2952 recipiuntur,
3125 2880 3396 2951 quoniam
3429 2880 3573 2935 sicut
3615 2879 3842 2935 Domini

2205 2973 2565 3029 sacerdotum
2592 2979 2893 3046 segregata
2921 2974 3090 3029 debet
3123 2990 3243 3030 esse
3267 2975 3613 3030 conversatio
3641 2973 3712 3029 ab
3737 2991 3836 3029 eo-

2203 3081 2353 3135 rum,
2381 3068 2458 3123 ita
2488 3073 2546 3124 et
2577 3069 2844 3140 litigatio,
2876 3069 3007 3139 quia
3050 3085 3276 3125 servum
3311 3069 3408 3125 Dei
3451 3086 3571 3125 non
3606 3071 3840 3142 oportet

2206 3159 2449 3234 litigare.

2275 3256 2456 3324 Tales,
2487 3256 2800 3312 charissimi
2825 3257 3051 3327 fratres,
3093 3257 3474 3314 accusationes
3515 3262 3571 3313 et
3595 3255 3838 3328 injustas

2205 3353 2306 3404 aut
2333 3351 2562 3405 nocivas
2603 3353 2989 3408 aemulationes
3008 3371 3111 3426 pro
3130 3353 3342 3408 viribus
3365 3351 3679 3424 prohibete,
3703 3351 3839 3424 quia

2206 3443 2497 3499 contentio
2512 3461 2881 3518 summopore
2902 3451 2986 3503 est
3012 3447 3245 3504 vitanda
3276 3465 3292 3502 :
3321 3445 3528 3517 septies
3553 3444 3711 3499 enim
3736 3461 3833 3500 ca-

2204 3537 2285 3594 dit
2303 3539 2490 3610 justus
2514 3539 2575 3594 in
2605 3539 2696 3594 die
2732 3543 2790 3594 et
2834 3542 3098 3614 resurgit,
3144 3540 3308 3612 impii
3346 3544 3538 3596 autem
3565 3543 3837 3595 corruent

2203 3631 2263 3686 in
2295 3633 2513 3688 malum
2565 3649 2577 3688 :
2630 3656 2660 3683 «
2717 3635 2858 3690 Cum
2912 3635 3184 3691 ceciderit
3237 3634 3503 3690 inimicus
3546 3638 3697 3703 tuus,
3755 3633 3837 3689 ait

2202 3725 2490 3796 Salomon,
2553 3743 2626 3782 ne
2707 3729 2974 3800 gaudeas,
3049 3732 3106 3785 et
3164 3729 3224 3784 in
3287 3727 3454 3785 ruina
3515 3726 3640 3800 36
3706 3726 3834 3797 ejus

2204 3835 2318 3875 non
2391 3820 2608 3876 exultet
2679 3837 2774 3877 cor
2844 3826 3032 3891 tuum,
3111 3840 3182 3879 ne
3252 3822 3398 3878 forte
3459 3822 3650 3878 videat
3721 3823 3832 3876 Do-

2203 3913 2392 3969 minus
2418 3917 2476 3970 et
2494 3915 2780 3988 displiceat
2818 3917 2892 3986 ei,
2921 3921 2977 3972 et
3005 3917 3226 3973 auferat
3263 3917 3333 3971 ab
3361 3933 3429 3971 eo
3462 3917 3604 3971 iram
3641 3931 3832 3972 suam.

2201 4008 2279 4064 Ne
2305 4010 2613 4065 contendas
2659 4026 2789 4066 cum
2833 4011 3112 4083 pessimis,
3145 4027 3248 4068 nec
3298 4011 3580 4066 aemuleris
3602 4009 3830 4082 impios,

2200 4103 2476 4174 quoniam
2530 4120 2648 4159 non
2699 4106 2914 4161 habent
2968 4107 3288 4162 futurorum
3352 4122 3514 4177 spem
3558 4104 3714 4174 mali,
3775 4109 3834 4160 et

2198 4195 2430 4253 lucerna
2449 4195 2761 4270 impiorum
2793 4198 3209 4272 exstinguetur,
3240 4215 3345 4256 nec
3365 4199 3648 4255 aamuleris
3675 4197 3832 4252 viros

2197 4292 2397 4360 malos,
2437 4309 2541 4348 nec
2587 4292 2874 4348 desideres
2916 4310 3035 4350 esse
3081 4311 3211 4350 cum
3241 4294 3342 4363 eis,
3393 4294 3528 4367 quia
3566 4293 3831 4364 rapinam

2197 4386 2508 4441 meditatur
2556 4403 2718 4443 mens
2771 4405 2970 4444 eorum
3031 4393 3088 4444 et
3146 4390 3373 4446 fraudes
3427 4387 3578 4445 labia
3627 4403 3830 4444 eorum

2197 4478 2526 4552 loquuntur,
2555 4502 2582 4530 »
2624 4481 2745 4538 haec
2769 4487 2978 4553 cavete,
3011 4483 3345 4539 charissimi.

467 4573 694 4628 Domini
720 4571 1034 4640 constituti,
1065 4574 1128 4626 ut
1157 4570 1462 4643 vigilantiae
1505 4576 1714 4626 nostrae
1744 4571 2174 4657 diligentiamD
2266 4574 2396 4629 Haec
2425 4574 2783 4632 meditemini
2809 4581 2866 4633 et
2895 4577 3162 4632 fratribus
3183 4579 3241 4633 in
3270 4578 3531 4634 omnibus
3559 4577 3826 4634 solatium

463 4668 920 4740 comprobantes,
955 4669 1012 4721 et
1037 4682 1165 4738 quae
1191 4665 1498 4721 coercenda
1517 4671 1648 4720 sunt
1678 4681 2014 4737 resecemus,
2038 4670 2095 4721 et

463 4778 591 4834 quae
613 4761 963 4817 observanda
988 4762 1122 4815 sunt
1140 4775 1487 4815 censeamus.

535 4856 833 4910 Consulere
872 4855 1043 4910 etiam
1083 4871 1210 4922 nos,
1257 4859 1318 4908 ut
1342 4853 1402 4908 in
1445 4853 1728 4928 praedictis
1766 4851 1968 4909 litteris
1992 4869 2090 4908 ve-

465 4946 594 5006 stris
635 4949 978 5017 invenimus,
1017 4965 1186 5020 super
1219 4946 1570 5002 accusatione
1601 4947 1960 5003 sacerdotum
1988 4964 2089 5002 vo-

463 5042 664 5109 luistis,
697 5056 826 5114 quae
848 5041 1056 5113 Oppido
1081 5043 1231 5114 apud
1257 5059 1372 5110 vos,
1401 5047 1467 5098 ut
1505 5041 1562 5096 in
1593 5041 1809 5097 eisdem
1837 5042 2091 5113 apicibus

463 5137 801 5210 reperimus,
843 5135 1162 5192 crebrescit.
1209 5137 1575 5210 Signiﬁcastis
1603 5136 1840 5207 insuper
1874 5138 2087 5208 pleros-

463 5249 573 5306 que
601 5231 919 5301 attendere,
948 5231 1158 5287 multos
1181 5231 1238 5286 in
1266 5231 1400 5304 ipsis
1424 5229 1739 5286 honoribus
1764 5229 2091 5286 ecclesiasti-

462 5328 540 5382 cis
587 5343 704 5382 non
753 5330 1138 5397 congruenter
1179 5326 1366 5382 vivere
1410 5324 1767 5380 sermonibus
1799 5329 1856 5380 et
1901 5342 2088 5381 sacra-

460 5421 667 5477 mentis
696 5437 824 5493 qua:
843 5436 946 5493 per
975 5436 1069 5476 eos
1093 5419 1318 5492 populis
1340 5419 1754 5475 ministrentur.
1784 5419 1826 5474 0
1852 5419 2090 5476 miseros

460 5515 738 5586 homines,
769 5516 870 5587 qui
899 5516 1002 5570 hos
1043 5513 1320 5569 intuendo
1342 5512 1636 5592 Christum
1661 5513 2086 5584 obliviscuntur,

459 5612 558 5684 qui
587 5615 642 5666 et
667 5610 848 5665 multo
885 5614 1019 5664 ante
1063 5588 1452 5682 praedixit,‘\ut
1480 5607 1594 5679 legi
1621 5608 1718 5664 Dei
1752 5608 1940 5680 potius
1986 5608 2085 5666 ob-

459 5707 813 5777 temperetur
838 5719 1009 5776 quam
1028 5700 1288 5756 imitandi
1315 5699 1610 5757 videantur
1628 5701 1710 5757 illi
1734 5703 1832 5775 qui
1861 5719 1928 5760 ea
1957 5721 2087 5777 quae

460 5799 656 5855 dicunt
702 5815 819 5855 non
873 5795 1091 5852 faciunt
1145 5796 1204 5849 et
1251 5793 1584 5850 traditorem
1626 5813 1794 5852 suum
1843 5799 2088 5856 tolerans

463 5908 638 5969 usque
665 5892 725 5948 in
751 5892 925 5948 ﬁnem
946 5889 1017 5948 ad
1045 5889 1548 5968 evangelizandum
1587 5905 1716 5947 cum
1735 5892 1954 5949 caeteris
1977 5893 2085 5950 mi-

2192 4673 2478 4741 praestate,
2507 4669 2640 4741 quia
2668 4671 2729 4726 in
2751 4671 2857 4727 hoc
2879 4675 3227 4743 cognoscent
3251 4690 3472 4742 omnes,
3494 4679 3559 4730 ut
3581 4673 3702 4746 ipsa
3721 4692 3829 4746 per

2193 4779 2252 4817 se
2283 4763 2497 4818 Veritas
2524 4764 2622 4834 ait,
2659 4765 2927 4836 quoniam
2958 4767 3072 4821 mei
3110 4767 3242 4822 estis
3279 4768 3559 4840 discipuli,
3588 4769 3633 4823 si
3677 4769 3822 4825 dileo

2192 4857 2441 4912 ctionem
2487 4858 2794 4914 habueritis
2837 4860 2911 4914 ad
2946 4861 3204 4917 invicem.
3253 4863 3306 4918 Si
3357 4863 3510 4919 enim
3547 4863 3608 4917 in
3652 4864 3828 4920 rebus

2192 4952 2556 5008 saecularibus
2596 4969 2764 5009 suum
2813 4954 3087 5027 cujusque
3135 4956 3231 5026 jus
3267 4963 3322 5012 et
3372 4958 3635 5029 proprius
3683 4960 3827 5016 ordo

2191 5046 2499 5101 servandus
2525 5052 2628 5116 est,
2659 5051 2872 5119 quanto
2898 5049 3084 5121 magis
3121 5049 3181 5105 in
3211 5051 3598 5107 ecclesiasticis
3624 5052 3825 5125 dispu-

2192 5139 2498 5195 tationibus
2541 5142 2699 5198 nulla
2744 5143 2914 5200 debet
2957 5144 3149 5199 induci
3191 5146 3476 5201 confusio!
3529 5146 3687 5210 Quod
3718 5148 3829 5205 ista

2192 5233 2587 5291 observatione
2638 5237 3031 5294 observabitur
3083 5240 3129 5294 si
3178 5240 3320 5296 nihil
3373 5242 3656 5314 potestati,
3723 5243 3828 5299 sed

2191 5330 2376 5384 totum
2397 5331 2648 5402 aequitati
2677 5332 3026 5390 retribuitur.

2261 5423 2417 5480 Unde
2448 5428 2668 5482 constat
2694 5427 2986 5500 episcopos
3013 5429 3272 5486 locorum
3299 5426 3658 5503 singulorum
3688 5449 3824 5488 om-

2187 5517 2350 5572 nium
2380 5519 2479 5590 qui
2526 5521 2632 5577 sub
2681 5537 2880 5578 eorum
2927 5524 3146 5596 degunt
3180 5525 3572 5581 moderamine
3621 5543 3823 5584 curam

2188 5610 2404 5667 habere
2449 5615 2768 5689 sollicitam,
2825 5623 2881 5674 et
2937 5635 3130 5675 causas
3199 5621 3577 5694 utilitatesque
3619 5638 3826 5680 eorum

2188 5721 2319 5761 cum
2345 5707 2442 5763 Dei
2470 5709 2676 5768 timore
2703 5711 3029 5784 disponere.
3059 5715 3231 5771 Valde
3258 5732 3394 5788 ergo
3418 5716 3683 5788 iniquum
3713 5721 3822 5789 est,

2185 5803 2253 5858 ut
2277 5800 2373 5856 alii
2396 5804 2652 5878 quilibet,
2674 5807 2892 5864 omissis
2913 5810 3046 5878 suis,
3083 5826 3142 5866 se
3171 5811 3400 5867 illorum
3435 5811 3618 5867 causis
3638 5811 3824 5869 admi-

2187 5899 2402 5973 sceant,
2425 5899 2522 5957 sed
2546 5899 2630 5956 illi
2656 5917 2854 5962 eorum
2878 5903 3050 5962 vitam
3075 5905 3428 5980 etjudicium
3469 5909 3822 5983 competenti
