4058 6322
248 378 348 430 157

1481 372 1954 435 DECRETALIUM
1993 379 2379 435 COLLECTIO.

3512 387 3610 440 158

243 482 614 555 regularique
666 481 912 538 debeant
960 482 1356 540 moderamine
1412 485 1734 559 disponere,
1782 487 1880 560 qui
1899 504 1958 577 Α
1980 491 2130 557 sunt,
2157 504 2229 542 ne
2256 491 2480 559 repetas
2503 486 2647 559 (Luc.
2677 503 2750 558 v1,
2776 487 2884 559 30).
2905 510 2932 538 ››
2956 490 3098 544 Sunt
3119 492 3311 545 autem
3340 491 3607 562 quaedam

243 594 342 632 eos
369 577 430 632 in
462 577 836 633 sacerdotium
866 577 1150 646 ordinant,
1180 582 1238 633 et
1262 595 1296 632 a
1329 579 1536 651 quibus
1566 582 1689 652 jam
1723 583 1877 638 ordi-

237 671 365 726 nati
419 675 570 740 sunt,
617 671 915 743 quoniam,
962 674 1027 727 ut
1076 672 1168 727 lex
1221 673 1493 745 loquitur,
1543 676 1878 732 maledictus

237 765 426 820 omnis
472 769 558 820 est
600 766 698 838 qui
744 766 1019 822 transfert
1067 767 1345 822 terminos
1388 769 1633 840 proximi
1674 771 1790 841 sui;
1821 774 1879 827 et

241 859 392 913 dixit
415 859 600 914 omnis
624 859 870 932 populus
898 877 911 914 :
946 861 1154 916 Amen.
1184 862 1332 916 Deus
1363 878 1520 933 ergo,
1546 863 1769 934 fratres,
1805 864 1877 919 ad

237 953 348 1007 hoc
384 953 792 1024 praeordinavit
815 970 932 1023 vos,
965 960 1030 1010 ut
1060 971 1261 1010 omnes
1287 956 1386 1028 qui
1421 973 1646 1012 summo
1685 974 1873 1013 sacer-

238 1046 398 1101 dotio
432 1047 774 1118 funguntur,
809 1051 872 1102 ut
909 1048 1213 1120 injustitias
1253 1051 1610 1119 removeatis,
1643 1057 1700 1107 et
1724 1068 1873 1123 pree-

237 1140 596 1212 sumptiones
611 1141 973 1209 abscindatis,
993 1144 1052 1197 et
1069 1142 1128 1197 in
1148 1143 1466 1200 sacerdotio
1487 1145 1875 1200 laborantibus

235 1235 604 1305 succurratis,
636 1238 694 1290 et
743 1236 1064 1307 opprobriis
1107 1241 1162 1292 et
1213 1237 1630 1294 calamitatibus
1677 1255 1876 1294 eorum

233 1328 426 1383 locum
481 1346 599 1384 non
653 1330 971 1400 praebeatis,
1013 1331 1114 1385 sed
1162 1332 1214 1386 ei
1262 1332 1360 1404 qui
1411 1333 1759 1388 calumniam
1819 1337 1876 1388 et

234 1422 611 1493 opprobrium
647 1423 865 1494 patitur
891 1423 1243 1495 adjutorium
1289 1426 1516 1496 feratis;
1550 1427 1714 1482 illum
1740 1443 1873 1483 vero

233 1516 337 1587 qui
367 1517 711 1572 calumniam
736 1518 824 1572 vel
862 1519 1238 1589 opprobrium
1267 1518 1420 1588 facit,
1455 1519 1794 1576 abscindatis
1819 1526 1875 1577 et

234 1609 474 1665 Domino
502 1611 564 1665 in
594 1611 708 1666 suis
735 1611 1116 1668 sacerdotibus
1143 1629 1311 1685 opem
1335 1614 1582 1676 feratis]

309 1704 634 1760 Sacerdotes
660 1721 889 1778 quoque
920 1706 1194 1761 Dominus
1245 1707 1350 1762 sibi
1381 1707 1556 1780 elegit
1592 1711 1659 1763 ut
1697 1707 1872 1763 sacri-

233 1797 408 1853 ﬁcent
453 1797 503 1853 ei
561 1803 619 1854 et
671 1799 917 1855 offerant
969 1800 1284 1856 oblationes
1341 1803 1619 1870 Domino;
1675 1802 1870 1858 levitas

1979 597 2107 652 quae
2134 581 2415 636 levissima
2440 584 2782 653 putarentur
2806 581 2916 637 nisi
2949 583 3009 638 in
3039 583 3341 655 Scripturis
3371 583 3605 640 demon-

1977 679 2296 730 strarentur
2327 672 2590 747 opinione
2632 677 2913 747 graviora.
2940 676 3075 741 Quis
3101 694 3357 749 unquam
3398 677 3610 735 dicenti

1975 768 2137 823 fratri
2162 785 2262 823 suo
2286 769 2439 824 fatue
2469 785 2633 845 reum
2660 771 2941 841 gehennae
2966 775 3192 843 putaret
3219 771 3329 826 nisi
3357 772 3484 845 ipsa
3514 773 3612 828 Ve-

1975 862 2114 917 ritas
2148 862 2408 918 diceret?
2426 838 2485 1010 ί

2047 956 2133 1010 Illi
2172 973 2304 1010 vero
2347 973 2425 1010 au

2047 956 2133 1010 Illi
2172 973 2304 1010 vero
2347 956 2449 1028 qui
2491 957 2589 1011 illa
2629 960 2859 1028 peccata
2906 962 3242 1030 perpetrant
3289 958 3360 1014 de
3399 959 3605 1030 quibus

1974 1049 2273 1121 Apostolus
2303 1051 2398 1118 ait,
2428 1051 2704 1122 quoniam
2730 1052 2829 1122 qui
2851 1052 2981 1106 talia
3010 1056 3212 1123 agunt,
3234 1069 3483 1125 regnum
3505 1054 3605 1108 Dei

1974 1159 2091 1198 non
2119 1149 2557 1216 consequentur,
2590 1144 2752 1199 valde
2783 1146 3019 1200 cavendi
3043 1151 3176 1201 sunt
3203 1151 3260 1202 et
3301 1147 3376 1201 ad
3407 1163 3603 1203 emen-

1976 1237 2284 1305 dationem,
2302 1237 2348 1292 si
2364 1237 2681 1293 voluntarie
2719 1239 3024 1309 noluerint,
3043 1240 3446 1312 compellendi,
3468 1242 3607 1313 quia

1974 1330 2225 1386 infamiae
2254 1331 2489 1386 maculis
2516 1336 2648 1386 sunt
2674 1331 2906 1403 aspersi,
2932 1335 2988 1386 et
3007 1332 3065 1386 in
3089 1333 3421 1389 barathrum
3447 1335 3603 1390 dela-

1971 1424 2188 1479 buntur
2229 1425 2338 1480 nisi
2380 1425 2462 1481 eis
2505 1425 2840 1481 sacerdotali
2890 1426 3222 1481 auctoritate
3267 1428 3605 1484 subventum

1972 1518 2178 1585 fuerit;
2234 1519 2514 1590 similiter,
2565 1522 2623 1574 et
2663 1519 2747 1573 illi
2792 1519 2864 1574 de
2910 1519 3116 1591 quibus
3161 1519 3282 1592 ipse
3326 1521 3424 1592 ait,
3469 1538 3600 1577 cum

1972 1612 2297 1683 hujusmodi
2326 1613 2658 1668 hominibus
2675 1629 2779 1668 nec
2800 1613 2990 1668 cibum
3020 1630 3264 1683 sumere,
3292 1615 3428 1686 quia
3451 1615 3602 1671 infa~

1970 1705 2085 1760 mia
2120 1711 2251 1762 sunt
2294 1707 2492 1776 notati,
2533 1713 2840 1779 antequam
2892 1708 3222 1763 sacerdotali
3271 1708 3599 1764 auctoritate

1971 1805 2263 1867 sanentur,
2320 1805 2378 1856 et
2428 1801 2490 1855 in
2545 1802 2764 1873 gremio
2813 1807 3021 1858 sanctae
3086 1802 3286 1857 matris
3344 1803 3603 1858 Ecclesiae

232 1907 466 1962 quoque
508 1891 616 1947 sub
657 1892 736 1947 eis
777 1909 898 1947 esse
942 1893 1114 1964 jussit
1154 1894 1215 1949 in
1263 1894 1596 1962 ministeriis
1643 1887 1946 1968 eorum,B
1970 1893 2462 1965 redintegrentur;
2493 1894 2624 1966 quia
2653 1895 2750 1967 qui
2777 1901 2932 1950 extra
2971 1913 3077 1951 nos
3111 1901 3262 1964 sunt,
3305 1895 3602 1952 nobiscum

232 1985 390 2040 unde
415 1985 484 2039 ad
507 1987 737 2058 Moysen
767 1985 1020 2058 loquitur
1048 1987 1245 2042 dicens
1279 2005 1292 2042 :
1327 1989 1648 2060 «Princeps
1674 1993 1868 2045 autem
1966 1988 2390 2043 communicare
2444 2004 2559 2043 non
2611 1994 2868 2061 possunt.
2914 1990 3272 2045 Manifestum
3315 1995 3400 2046 est
3443 1991 3600 2046 enim

229 2077 555 2150 principum
581 2079 887 2136 levitarum
911 2081 1140 2137 Eleazar
1166 2081 1318 2137 ﬁlius
1341 2085 1528 2138 Aaron
1558 2083 1866 2139 sacerdotis
1967 2083 2120 2154 quod
2146 2083 2208 2136 hi
2236 2086 2396 2138 extra
2425 2099 2528 2138 nos
2554 2086 2685 2138 sunt
2715 2088 2772 2138 et
2798 2101 2830 2137 a
2866 2083 3031 2138 nobis
3070 2083 3295 2139 discreti
3335 2100 3454 2140 esse
3497 2085 3595 2140 de-

231 2172 343 2227 erit
366 2189 539 2245 super
569 2174 927 2230 excubitores
963 2175 1211 2231 ecclesiae
1244 2177 1547 2232 sanctuarii
1577 2193 1590 2232 :
1623 2197 1650 2229 »
1683 2177 1751 2232 de
1777 2177 1866 2232 his
1965 2177 2121 2245 bent,
2149 2192 2279 2232 cum
2307 2177 2513 2248 quibus
2538 2193 2640 2230 nos
2664 2193 2768 2233 nec
2795 2177 2984 2246 edere,
3016 2193 3119 2233 nec
3140 2177 3345 2233 cibum
3374 2193 3598 2236 sumere

230 2266 389 2321 enim
416 2267 636 2323 locutus
668 2272 753 2323 est
778 2269 1056 2324 Dominus
1076 2270 1147 2325 ad
1166 2271 1416 2343 Moysen.
1439 2290 1467 2324 «
1491 2270 1644 2326 Tolle
1671 2271 1865 2327 levitas
1964 2270 2126 2338 licet;
2157 2270 2420 2326 similiter
2445 2273 2504 2324 et
2540 2287 2738 2327 omnes
2782 2287 3042 2343 personae
3090 2271 3435 2343 quibuslibet
3474 2274 3596 2326 tur-

225 2377 337 2432 pro
363 2360 762 2433 primogenitis
787 2362 1035 2419 ﬁliorum
1058 2365 1241 2432 Israel,
1267 2369 1324 2420 et
1343 2381 1546 2437 pecora
1565 2365 1866 2421 levitarum
1963 2363 2318 2436 pitudinibus
2347 2381 2412 2419 ac
2440 2365 2876 2420 scurrilitatibus
2901 2365 3170 2436 subjectis
3195 2365 3435 2421 infames
3463 2370 3600 2422 sunt

225 2470 336 2525 pro
389 2455 690 2527 pecoribus
743 2473 962 2527 eorum,
1009 2463 1292 2531 eruntque
1345 2459 1529 2515 levitas
1577 2459 1710 2528 mei,
1755 2475 1866 2532 ego
1964 2457 2196 2528 effectae,
2225 2462 2282 2514 et
2307 2475 2503 2514 omnes
2526 2459 2626 2531 qui
2654 2459 2920 2515 adversus
2945 2464 3132 2531 patres
3158 2465 3477 2532 armantur,
3506 2459 3595 2516 in-

224 2548 500 2604 Dominus
520 2549 700 2621 (Num.
725 2567 808 2620 111,
828 2552 916 2620 34,
939 2552 1028 2619 44,
1051 2552 1159 2624 45).
1186 2575 1214 2602 ››
1251 2553 1306 2609 Si
1348 2553 1541 2609 levitas
1578 2570 1709 2609 suos
1742 2570 1864 2610 esse
1965 2553 2140 2607 fames
2180 2551 2528 2607 efﬁciuntur.

225 2643 504 2699 Dominus
535 2644 734 2713 voluit,
770 2649 984 2717 quanto
1015 2647 1196 2718 magis
1223 2647 1544 2703 sacerdotes
1577 2648 1682 2702 sibi
1717 2649 1862 2703 asci-
2033 2651 2278 2703 Arenam
2299 2662 2430 2702 vero
2457 2651 2513 2700 et
2542 2647 2720 2700 salem
2749 2647 2806 2701 et
2834 2661 3082 2700 massam
3109 2647 3245 2701 ferri
3271 2647 3490 2704 facilius
3513 2649 3600 2704 est

223 2737 343 2792 vit?
387 2738 464 2792 De
505 2738 712 2811 quibus
757 2738 853 2811 ait,
891 2739 939 2794 si
985 2740 1112 2812 quis
1152 2744 1521 2797 externorum
1569 2742 1865 2798 accesserit
1963 2745 2191 2812 portare
2215 2756 2389 2811 quam
2409 2740 2702 2795 hominem
2728 2739 3154 2811 imprudentem
3175 2743 3233 2795 et
3254 2741 3499 2811 fatuum,
3519 2747 3600 2798 at.

224 2831 522 2887 morietur.
551 2832 756 2888 Omnia
783 2849 914 2890 vero
953 2850 1080 2906 quae
1123 2834 1352 2891 Domini
1387 2841 1518 2892 sunt
1554 2841 1718 2892 caute
1747 2841 1859 2892 tra-
1963 2851 2074 2907 que
2100 2833 2374 2906 impium;
2407 2833 2683 2906 quoniam
2714 2833 2810 2904 qui
2843 2833 3162 2888 minoratur
3189 2834 3357 2889 corde
3384 2836 3599 2906 cogitat

221 2926 430 2982 ctanda
460 2932 592 2982 sunt
619 2932 676 2983 et
703 2944 818 2983 non
839 2927 1037 2985 leviter
1059 2929 1489 3002 prmcipitanda,
1515 2931 1787 3003 quoniam
1807 2935 1864 2987 et
1959 2928 2176 2999 inania,
2194 2931 2250 2984 et
2260 2927 2694 3000 virimprudens
2709 2931 2766 2982 et
2777 2942 2973 2982 errans
2993 2927 3201 2999 cogitat
3212 2929 3400 2996 stulta;
3418 2929 3598 2986 multo

221 3020 654 3077 interhomines
667 3039 772 3094 pro
791 3021 1054 3078 ﬁdelibus
1073 3023 1363 3079 habentur
1379 3025 1478 3096 qui
1498 3025 1862 3081 dominorum
1962 3023 2116 3077 enim
2161 3022 2548 3095 supplantavit
2593 3021 2834 3092 suspicio
2880 3021 3134 3092 illorum,
3163 3024 3222 3076 et
3256 3021 3318 3077 in
3347 3023 3596 3080 vanitate

222 3130 460 3170 suorum
487 3132 684 3171 causas
708 3117 854 3172 bene
884 3117 1231 3189 custodiunt,
1262 3121 1320 3173 et
1347 3117 1592 3176 ﬁdeliter
1615 3123 1864 3176 tractant
1958 3116 2204 3173 detinuit
2230 3133 2426 3172 sensus
2451 3115 2702 3171 illorum.
2724 3117 2834 3172 Cor
2858 3115 3068 3171 durum
3096 3115 3249 3171 male
3279 3116 3510 3173 habebit
3531 3119 3594 3174 in

221 3211 393 3282 atque
446 3214 731 3283 praecepta
778 3211 1142 3268 dominorum
1199 3229 1434 3269 suorum
1481 3213 1628 3270 bene
1671 3216 1858 3270 custo-
1885 3265 1933 3284 η
1959 3210 2290 3281 novissimo,
2324 3214 2383 3266 et
2408 3210 2505 3283 qui
2534 3213 2694 3265 amat
2732 3209 3056 3283 periculum
3086 3210 3148 3264 in
3192 3209 3314 3282 ipso
3357 3210 3586 3284 peribit,

222 3265 389 3358 diunt
419 3265 478 3360 et
505 3265 1324 3378 nonltransgrediurft—urjPro
1366 3306 1686 3364 inﬁdelibus
1727 3324 1861 3365 vero
1880 3265 1936 3341 Ο
1962 3322 2057 3361 cor
2081 3265 2409 3378 ingrediens
2423 3265 2590 3361 Lduas
2629 3265 2754 3359 vias
2783 3321 2902 3360 non
2948 3303 3186 3360 habebit
3212 3265 3508 3377 lreqdiem,
3538 3265 3595 3362 et

218 3401 570 3471 reputantur
585 3398 646 3454 hi
661 3399 761 3472 qui
782 3399 1146 3457 dominorum
1163 3418 1400 3457 suorum
1419 3419 1614 3458 causas
1633 3403 1861 3460 incaute
1957 3399 2117 3472 pravi
2153 3399 2338 3455 cordis
2384 3399 2444 3454 in
2489 3399 2600 3454 illis
2644 3397 3150 3466 scandalizabitur;
3202 3415 3299 3454 cor
3343 3413 3594 3472 nequam

222 3495 280 3547 et
317 3493 683 3565 negligenter
705 3497 949 3552 tractant
989 3499 1047 3552 et
1090 3500 1373 3568 praecepta
1419 3513 1632 3553 eorum
1669 3497 1859 3570 despi-

221 3584 397 3657 ciunt,
431 3589 489 3642 et
515 3603 654 3657 non,
681 3592 748 3644 ut
774 3588 1007 3658 debent,
1041 3591 1384 3646 custodiunt.
1423 3591 1548 3647 ldeo
1574 3592 1700 3646 haec
1719 3608 1860 3664 pra:-

220 3680 485 3737 misimus
511 3687 577 3738 ut
611 3687 988 3755 cognoscatur
1011 3683 1081 3739 ab
1124 3683 1213 3740 his
1252 3684 1458 3757 quibus
1501 3685 1858 3758 incognitum

223 3780 305 3831 est
331 3777 490 3849 quod
519 3782 576 3833 et
602 3777 918 3834 sacerdotes
949 3777 1109 3852 (quos
1138 3779 1246 3835 sibi
1275 3780 1548 3836 Dominus
1584 3784 1641 3837 et
1669 3780 1857 3836 omni-

219 3869 324 3924 bus
378 3870 597 3942 ascivit,
646 3875 703 3928 et
735 3889 885 3928 suos
931 3889 1052 3930 esse
1090 3873 1284 3946 voluit)
1328 3892 1442 3930 non
1486 3878 1622 3931 sunt
1661 3875 1860 3932 leviter

221 3964 503 4019 tractandi
532 3981 636 4020 nec
672 3966 957 4022 lacerandi
997 3983 1103 4024 nec
1145 3971 1361 4024 temere
1404 3968 1731 4039 accusandi,
1761 3973 1860 4024 aut

220 4059 685 4130 reprehendendi
715 4059 824 4115 nisi
845 4078 878 4116 a
896 4061 1182 4133 magistris
1209 4063 1345 4131 suis,
1363 4063 1634 4135 quoniam
1657 4079 1859 4119 eorum

223 4167 420 4208 causas
445 4150 554 4207 sibi
578 4153 848 4209 Dominus
886 4171 1176 4212 reservare
1201 4157 1397 4227 voluit,
1431 4162 1487 4212 et
1516 4175 1616 4212 suo
1642 4157 1858 4229 judicio

223 4246 520 4303 vindicari.
547 4247 691 4302 Nam
711 4247 774 4303 in
800 4249 891 4304 his
918 4252 975 4304 et
997 4250 1058 4304 in
1084 4249 1209 4305 aliis
1229 4251 1531 4323 praeceptis
1555 4251 1785 4307 Domini
1805 4255 1862 4307 et

221 4338 418 4395 ﬁdeles
443 4346 865 4413 cognoscuntur
889 4348 944 4399 et
967 4343 1224 4400 inﬁdeles
1261 4345 1670 4417 reprobantur;
1715 4345 1858 4400 tole-

221 4435 384 4490 randi
412 4435 570 4491 enim
609 4435 672 4491 hi
695 4441 827 4492 sunt
863 4438 1050 4510 potius
1079 4455 1113 4493 a
1141 4438 1409 4494 ﬁdelibus
1449 4456 1626 4512 quam
1657 4456 1858 4512 expro-

221 4528 447 4599 brandi,
477 4530 654 4586 veluti
693 4533 1012 4603 paleacum
1055 4532 1240 4589 tritico
1278 4550 1459 4606 usque
1488 4535 1558 4589 ad
1584 4535 1858 4590 ultimum

1961 3493 2288 3565 gravabitur
2339 3493 2400 3547 in
2454 3493 2767 3564 doloribus,
2821 3497 2879 3548 et
2924 3497 3192 3564 peccator
3241 3492 3472 3565 adjiciet
3519 3494 3594 3550 ad

1957 3586 2332 3660 peccandum.

2030 3682 2185 3738 Talia
2267 3681 2578 3752 cogitantes
2661 3681 2843 3736 sancti
2929 3680 3199 3752 apostoli,
3275 3695 3593 3753 eorumque

1959 3792 2307 3834 successores
2369 3774 2579 3847 Spiritu
2640 3775 2740 3830 Dei
2801 3772 3027 3846 repleti,
3078 3774 3258 3830 malos
3320 3775 3587 3832 homines

1957 3872 2333 3945 praevidentes
2347 3875 2404 3927 et
2418 3869 2700 3942 simplices
2719 3869 3162 3939 considerantes,
3181 3868 3474 3926 difﬁcilem
3493 3874 3592 3927 aut

1959 3983 2253 4039 nunquam
2277 3967 2579 4021 voluerunt
2602 3980 2723 4020 esse
2747 3963 3171 4020 accusationem
3199 3964 3583 4037 sacerdotum,

1960 4077 2033 4116 ne
2055 4078 2089 4115 a
2114 4060 2282 4116 malis
2328 4059 2652 4132 potuissent
2677 4058 2851 4114 everti
2876 4063 2974 4114 aut
3001 4058 3342 4129 submoveri,
3372 4059 3507 4131 quia
3545 4059 3594 4116 si

1960 4155 2066 4210 hoc
2093 4154 2254 4210 facile
2274 4155 2680 4209 concederetur
2699 4152 3065 4208 saecularibus
3085 4158 3140 4208 et
3158 4154 3322 4208 malis
3341 4154 3592 4209 homini-

1958 4248 2085 4318 bus,
2099 4252 2198 4303 aut
2217 4249 2407 4304 nullus
2424 4251 2522 4302 aut
2533 4248 2628 4302 vix
2639 4248 2911 4320 perpauci
2927 4251 3309 4316 remanerent,
3323 4249 3593 4320 quoniam

1960 4359 2188 4414 semper
2213 4342 2320 4397 fuit
2358 4347 2414 4398 et
2443 4346 2545 4411 est,
2577 4346 2651 4410 et,
2677 4341 2834 4413 quod
2884 4341 3046 4412 pejus
3082 4345 3186 4410 est,
3219 4342 3386 4397 nimis
3416 4342 3590 4415 viget,

1959 4442 2024 4492 ut
2051 4437 2187 4490 mali
2214 4436 2395 4491 bonos
2431 4440 2864 4507 persequantur,
2895 4438 2951 4490 et
2979 4436 3230 4491 carnales
3273 4436 3592 4507 spirituales

1960 4531 2256 4598 infestent;
2287 4530 2518 4601 idcirco,
2553 4534 2618 4586 ut
2654 4530 2994 4602 praedictum
3034 4534 3136 4599 est,
3171 4534 3489 4585 statuerunt
3521 4547 3592 4586 ne

226 4623 630 4693 ventilabrum,
658 4625 800 4681 sicut
823 4625 1002 4698 pisces
1039 4627 1176 4682 mali
1223 4645 1354 4683 cum
1395 4628 1558 4684 bonis
1585 4645 1762 4702 usque
1791 4629 1939 4717 adD
1963 4626 2386 4692 accusarentur,
2441 4629 2540 4678 aut
2582 4624 2628 4678 si
2670 4624 2832 4678 aliter
2878 4624 3002 4678 ﬁeri
3054 4640 3170 4678 non
3219 4623 3412 4694 possit,
3458 4639 3589 4695 per-

229 4718 691 4790 segregationem
717 4736 846 4792 quae
884 4721 1073 4777 futura
1101 4727 1187 4777 est
1215 4723 1276 4777 in
1321 4716 1530 4791 litto're,
1560 4723 1666 4778 hoc
1693 4727 1776 4779 est
1805 4723 1864 4779 in

229 4811 338 4868 fine
364 4812 576 4868 saeculi.
611 4814 938 4870 Nullatenus
966 4832 1106 4888 ergo
1133 4820 1321 4888 potest
1346 4817 1718 4872 condemnari
1749 4818 1859 4872 hu-

230 4921 403 4962 mano
425 4908 689 4963 examine
719 4925 891 4981 quem
920 4911 1062 4966 Deus
1082 4927 1184 4966 suo
1209 4911 1425 4983 judicio
1454 4913 1774 4982 reservavit,
1798 4917 1864 4968 ut

225 5002 587 5074 propositum
616 5002 716 5057 Dei
743 5020 856 5076 quo
892 5005 1138 5062 decrevit
1167 5007 1378 5061 salvare
1425 5006 1574 5077 quod
1613 5006 1864 5078 perierat

227 5096 322 5151 ﬁat
361 5096 677 5152 immobile.
723 5100 791 5155 Et
821 5097 968 5168 ideo,
1001 5101 1136 5173 quia
1164 5102 1421 5156 voluntas
1464 5102 1584 5174 ejus
1613 5118 1728 5157 non
1753 5101 1860 5156 im-

228 5196 504 5259 mutatur,
554 5192 744 5248 nullus
785 5201 1098 5266 praesumat
1145 5211 1214 5251 ea
1255 5212 1385 5267 quae
1428 5195 1532 5250 sibi
1574 5213 1690 5251 non
1733 5199 1865 5251 sunt

229 5300 524 5352 concessa;
558 5279 713 5341 unde
755 5289 841 5342 est
877 5287 1019 5344 illud
1065 5289 1219 5360 quod
1269 5291 1570 5361 Apostolus
1612 5289 1866 5362 loquitur

229 5377 460 5435 dicens:
496 5401 524 5429 ‹‹
550 5381 677 5434 Jam
722 5380 958 5452 quidem
1000 5383 1236 5437 omnino
1277 5382 1550 5438 delictum
1591 5386 1694 5453 est,
1729 5383 1866 5455 quia

221 5471 438 5543 judicia
466 5473 690 5530 habetis
720 5475 1035 5544 vobiscum,
1067 5493 1244 5549 quare
1283 5494 1399 5532 non
1440 5477 1620 5550 magis
1649 5477 1862 5549 iniqui-

229 5568 405 5622 tatem
473 5568 786 5640 patimini?
836 5585 1011 5643 quare
1063 5588 1182 5626 non
1237 5571 1424 5645 potius
1476 5571 1865 5627 fraudamini?

228 5659 276 5730 {I
313 5663 433 5719 Cor.
462 5677 537 5730 v1,
569 5663 644 5736 7.)
673 5685 700 5714 »
752 5664 835 5719 Ad
877 5664 1017 5721 illud
1073 5665 1343 5722 redeatur
1391 5666 1542 5738 quod
1589 5667 1863 5722 Dominus

226 5754 307 5810 ait
334 5774 347 5810 :
381 5775 411 5808 α
441 5755 500 5812 Si
529 5757 657 5829 quis
691 5758 932 5816 voluerit
971 5760 1222 5816 tunicam
1270 5762 1427 5816 tuam
1469 5760 1689 5829 tollere,
1723 5763 1781 5816 et
1805 5760 1866 5815 in

221 5849 439 5921 judicio
498 5855 689 5908 tecum
745 5854 1108 5928 contendere,
1152 5854 1375 5911 dimitte
1425 5854 1477 5911 ei
1530 5859 1586 5912 et
1626 5854 1864 5928 pallium

231 5944 448 6021 (Matth.
477 5963 534 6018 v,
563 5948 672 6022 40).
703 5970 732 6000 ››
768 5951 835 6007 Et
857 5951 966 6009 alio
997 5951 1124 6008 loco
1157 5967 1170 6007 :
1203 5950 1361 6018 «Qui
1391 5951 1581 6008 aufert
1617 5966 1746 6026 quae
1770 5955 1868 6008 tua

1964 4719 2205 4776 difﬁcilis
2231 4735 2434 4774 eorum
2462 4717 2624 4773 ﬁeret
2655 4717 2957 4788 accusatio,
2987 4721 3044 4772 et
3071 4735 3103 4772 a
3137 4717 3362 4789 quibus,
3391 4732 3590 4789 supra.

1963 4815 2178 4870 dictum
2227 4816 2329 4881 est,
2375 4829 2493 4868 non
2539 4815 3002 4884 praesumeretur,
3038 4827 3226 4882 neque
3273 4827 3306 4864 a
3350 4812 3593 4884 propriis

1963 4909 2192 4964 sedibus
2223 4910 2322 4963 aut
2364 4907 2620 4963 Ecclesiis
2658 4905 2907 4978 episcopi
2947 4905 3322 4977 ejiceren'tur;
3361 4907 3517 4978 quod
3548 4905 3594 4963 si

1965 5002 2254 5076 quomodo
2274 5007 2690 5075 praesumptum
2715 5000 2906 5070 fuerit,
2929 5002 3234 5072 antequam
3255 5007 3311 5058 et
3331 5001 3594 5074 proprius

1961 5099 2119 5154 locus
2167 5100 2224 5153 et
2265 5115 2365 5153 sua
2413 5097 2606 5152 omnia
2656 5096 2736 5152 eis
2777 5094 2999 5167 legibus
3043 5095 3593 5169 redintegrarentur,

1965 5194 2285 5248 nullatenus
2327 5210 2361 5247 a
2405 5207 2696 5265 quoquam
2744 5192 3161 5261 accusarentur,
3190 5193 3289 5246 aut
3325 5191 3596 5248 criminas

1963 5293 2181 5357 rentur,
2203 5289 2260 5341 et
2285 5286 2394 5340 nisi
2417 5289 2619 5358 sponte
2646 5284 2946 5357 elegerint,
2975 5283 3242 5357 cuiquam
3261 5301 3366 5358 pro
3391 5283 3596 5342 talibus

1963 5399 2078 5437 non
2101 5381 2604 5453 reprehenderent,
2619 5379 2717 5435 sed
2736 5381 3063 5452 postquam,
3087 5383 3149 5434 ut
3168 5381 3468 5452 praeﬁxum
3490 5386 3594 5450 est,

1963 5476 2207 5532 restituti
2223 5474 2452 5541 fuerint,
2468 5478 2523 5530 et
2534 5490 2636 5529 sua
2648 5471 2846 5529 omnia
2863 5473 2941 5530 eis
2952 5473 3171 5546 legibus
3187 5475 3593 5547 redintegrata,

1965 5569 2252 5642 dispositis
2289 5567 2678 5641 ordinatisque
2717 5567 2830 5624 suis
2868 5585 3148 5640 magnum
3184 5570 3428 5641 spatium
3476 5572 3596 5624 tra-

1964 5665 2153 5719 ctandi
2182 5679 2348 5718 causa
2375 5662 2456 5718 eis
2482 5662 2910 5719 concederetur.
2939 5663 3008 5717 Et
3029 5667 3249 5734 postea,
3280 5663 3326 5716 si
3367 5677 3597 5717 necesse

1963 5757 2154 5822 fuerit,
2170 5755 2512 5829 regulariter
2527 5758 2712 5813 vocati
2729 5757 2990 5814 venirent
3004 5758 3074 5812 ad
3094 5770 3337 5824 causam,
3352 5756 3409 5809 et
3423 5754 3468 5809 si
3477 5755 3598 5826 jus-

1963 5859 2086 5909 tum
2097 5853 2279 5908 visum
2291 5849 2870 5924 fuerit,accusantium
2883 5848 3364 5924 propositionibus
3378 5852 3598 5907 susten-

1965 5948 2238 6007 tationem
2264 5948 2511 6006 fratrum
2544 5945 3049 6025 reprehenderent.
3078 5941 3240 5999 Nulla
3275 5943 3429 6001 enim
3460 5961 3592 6021 pera
