4058 6370
238 337 326 390 161

1478 335 1950 392 DECRETALIUM
1989 336 2378 393 COLLECTIO.

3495 350 3591 403 162

230 441 361 496 cubi
390 456 567 512 quam
592 440 654 495 in
683 440 809 496 foro
836 455 935 496 suo
964 439 1166 496 audiri.
1197 441 1257 498 Si
1281 442 1407 514 quis
1437 459 1570 499 vero
1605 444 1858 515 judicem
1882 443 2201 530 Ajungere
2225 445 2339 500 ﬁde
2358 461 2488 501 cum
2513 446 2630 501 illo.
2661 446 2826 510 Quod
2853 447 2899 502 si
2928 447 3300 505 denudaveris
3323 449 3592 507 absconsa

231 534 535 590 adversum
588 533 694 589 sibi
737 535 995 602 senserit,
1025 552 1219 590 vocem
1269 537 1664 608 appellationis
1706 539 1858 594 exhi-

229 628 381 695 beat,
412 627 794 700 appellantem
839 632 941 683 aut
977 645 1091 683 non
1140 630 1306 685 debet
1352 630 1583 686 afﬂictio
1619 633 1733 687 ulla
1764 636 1865 688 aut

232 721 581 776 detentionis
609 722 868 793 injuriari
896 723 1170 778 custodia.
1202 724 1313 778 Sed
1339 725 1504 779 liceat
1530 727 1864 797 appellatori

229 814 488 869 vitiatam
529 831 757 870 causam
801 815 1201 886 appellationis
1250 817 1506 873 remedio
1547 820 1859 875 sublevare.

231 909 424 964 Liceat
457 909 628 963 etiam
667 910 726 964 in
766 910 946 964 causis
991 909 1378 966 criminalibus
1421 913 1728 984 appellare,
1760 931 1863 970 nec

229 1019 343 1058 vox
367 1002 695 1073 appellandi
720 1003 1032 1075 denegetur
1062 1004 1115 1058 ei
1145 1021 1318 1076 quem
1348 1006 1622 1077 supplicio
1642 1012 1864 1063 senten-

231 1096 310 1150 tia
339 1095 654 1150 destinarit.
685 1097 941 1152 Pulsatus
967 1100 1099 1152 ante
1129 1115 1295 1153 suum
1331 1099 1590 1170 judicem
1632 1117 1861 1156 causam

229 1189 404 1258 dicat,
432 1193 488 1244 et
514 1207 628 1244 non
656 1195 789 1245 ante
815 1208 980 1246 suum
1001 1191 1252 1262 judicem
1276 1193 1528 1264 pulsatus
1554 1193 1600 1248 si
1624 1195 1866 1252 voluerit

229 1285 439 1350 taceat,
469 1288 528 1337 et
564 1287 627 1338 ut
665 1284 897 1355 pulsatis
921 1285 1141 1356 quoties
1172 1286 1579 1357 appellaverint
1619 1287 1865 1344 induciae

229 1376 461 1432 dentur.
507 1376 566 1432 Si
608 1376 734 1448 quis
781 1394 918 1449 ergo
963 1378 1137 1433 iratus
1193 1379 1408 1435 crimen
1455 1381 1685 1452 aliquod
1743 1382 1862 1437 cui-

226 1468 373 1524 libet
397 1474 611 1526 temere
641 1470 930 1542 objecerit,
963 1472 1281 1527 convicium
1305 1490 1423 1528 non
1456 1477 1543 1528 est
1566 1492 1669 1546 pro
1696 1493 1863 1532 accu-

230 1563 452 1618 satione
480 1563 827 1632 habendum,
852 1565 951 1620 sed
981 1566 1260 1636 permisso
1281 1568 1556 1623 tractandi
1583 1568 1782 1640 spatio,
1808 1570 1866 1626 id

230 1656 388 1728 quod
407 1656 586 1712 iratus
611 1657 753 1712 dixit
771 1674 875 1729 per
893 1658 1238 1730 Scripturam
1261 1675 1318 1716 se
1344 1661 1720 1732 probaturum
1741 1679 1864 1718 esse

227 1749 495 1819 fateatur,
528 1755 592 1805 ut
616 1751 664 1805 si
701 1751 932 1806 fortasse
971 1752 1306 1824 resipiscens
1332 1770 1460 1826 quae
1497 1772 1600 1827 pro
1636 1757 1862 1811 iracun-

1960 537 2112 592 illius
2156 555 2271 592 non
2322 538 2677 611 persequeris
2717 545 2844 612 post
2869 557 3023 597 eum.
3057 542 3212 597 Sicut
3241 542 3396 599 enim
3426 545 3596 600 homo

1964 631 2063 702 qui
2088 631 2274 702 perdit
2298 632 2548 687 amicum
2575 650 2763 705 suum,
2797 634 2895 704 sic,
2930 635 3027 706 qui
3056 636 3246 706 perdit
3284 636 3600 692 amicitiam

1960 723 2205 794 proximi
2237 723 2340 778 sui.
2375 725 2442 778 Et
2487 724 2630 780 sicut
2676 726 2774 798 qui
2821 726 3057 783 dimittit
3099 745 3262 783 avem
3308 729 3376 783 de
3419 747 3597 785 manu

1963 833 2083 883 sua,
2115 815 2193 870 sic
2238 817 2590 889 dereliquisti
2632 821 2963 889 proximum
3011 826 3174 876 tuum
3222 824 3279 876 et
3309 839 3425 878 non
3465 840 3596 877 eum

1963 909 2164 980 capies.
2205 910 2324 964 Non
2370 910 2531 965 illum
2575 913 2845 984 sequeris,
2876 914 3152 984 quoniam
3195 915 3367 988 longe
3417 916 3594 986 abest,

1964 1001 2165 1074 effugit
2212 1003 2367 1058 enim
2413 1005 2576 1075 quasi
2633 1022 2855 1077 capra-3a
2906 1007 2975 1061 de
3039 1007 3264 1079 laqueo,
3322 1011 3594 1080 quoniam

1962 1095 2257 1151 vulnerata
2305 1100 2391 1152 est
2429 1097 2620 1152 anima
2659 1098 2796 1170 ejus.
2844 1101 3000 1155 Ultra
3045 1117 3176 1156 eum
3219 1119 3334 1157 non
3382 1103 3599 1173 poteris

1964 1189 2250 1261 colligare,
2299 1193 2357 1245 et
2405 1190 2689 1246 maledicti
2735 1196 2817 1247 est
2863 1194 3241 1250 concordatio.
3302 1196 3598 1252 Denudare

1965 1287 2159 1338 autem
2197 1283 2363 1339 amici
2411 1283 2679 1355 mysteria
2726 1285 3043 1357 desperatio
3085 1290 3171 1341 est
3213 1288 3420 1343 anima:
3464 1289 3598 1343 inﬁ-

1966 1377 2126 1433 delis.
2154 1379 2424 1433 Annuens
2455 1379 2617 1433 oculo
2642 1378 2886 1433 fabricat
2914 1379 3129 1450 iniqua,
3159 1385 3214 1436 et
3246 1398 3414 1437 nemo
3459 1399 3597 1437 eum

1965 1471 2224 1542 abjiciet;
2254 1472 2313 1526 in
2334 1475 2643 1543 conspectu
2669 1473 2960 1530 oculorum
2983 1477 3218 1527 tuorum
3247 1475 3596 1532 conculcabit

1965 1581 2026 1619 os
2077 1581 2266 1633 suum,
2318 1568 2374 1620 et
2424 1582 2593 1636 super
2649 1581 2941 1621 sermones
2991 1572 3114 1620 tuos
3164 1566 3541 1622 admirabitur
3581 1585 3595 1621 :

1963 1657 2280 1713 Novissime
2325 1661 2521 1713 autem
2567 1663 2856 1731 pervertet
2906 1675 2967 1713 os
3010 1675 3196 1727 suum,
3226 1663 3283 1715 et
3326 1661 3385 1714 in
3412 1661 3599 1717 verbis

1964 1752 2077 1807 tuis
2103 1751 2262 1806 dabit
2287 1752 2636 1807 scandalum.
2669 1753 2838 1807 Multa
2865 1751 3050 1806 audivi
3079 1759 3134 1807 et
3161 1769 3280 1808 non
3310 1754 3601 1824 coasquavi

231 1842 330 1897 dia
357 1842 496 1898 dixit
519 1844 727 1900 iterare
764 1849 863 1899 aut
889 1845 1137 1901 scribere
1185 1847 1454 1918 noluerit,
1490 1866 1602 1904 non
1635 1855 1696 1905 ut
1736 1866 1866 1905 reus
1885 1841 1942 1914 B
1966 1845 2038 1912 ei,
2063 1849 2121 1900 et
2147 1844 2418 1900 Dominus
2449 1845 2604 1900 odiet
2632 1845 2812 1900 illum.
2839 1845 2944 1910 Olli
2971 1845 3031 1899 in
3059 1846 3236 1901 altum
3255 1847 3431 1901 mittit
3452 1847 3596 1918 lapi-

229 1935 487 1992 criminis
513 1943 796 1994 teneatur.
825 1940 1018 1995 Omnis
1071 1957 1208 2011 ergo
1260 1941 1360 2013 qui
1407 1943 1626 1998 crimen
1673 1943 1868 2014 objicit

234 2030 448 2084 scribat
501 2046 560 2086 se
622 2032 1010 2103 probaturum.
1051 2034 1270 2089 Revera
1311 2051 1537 2108 semper
1579 2036 1655 2091 ibi
1698 2053 1867 2092 causa

232 2128 460 2194 agatur,
492 2124 588 2179 ubi
619 2125 834 2181 crimen
863 2127 1203 2182 admittitur.
1253 2130 1319 2182 Et
1359 2129 1458 2200 qui
1497 2146 1614 2184 non
1658 2131 1862 2202 proba-

231 2218 381 2271 verit
445 2218 597 2288 quod
661 2218 884 2290 objecit,
937 2236 1164 2291 poenam
1212 2237 1388 2293 quam
1441 2223 1700 2278 intulerit
1744 2224 1865 2295 ipse

230 2309 503 2380 patiatur.
544 2312 758 2366 Placuit
800 2312 971 2368 etiam
1015 2316 1078 2368 ut
1127 2314 1175 2368 si
1227 2316 1524 2387 episcopus
1571 2319 1864 2371 accusatus

230 2403 601 2474 appellaverit
639 2404 713 2459 ad
758 2406 1128 2477 apostolicam
1172 2409 1384 2478 sedem,
1415 2409 1473 2464 id
1501 2410 1865 2466 statuendum

231 2496 389 2568 quod
421 2497 682 2568 ejusdem
713 2499 860 2554 sedis
888 2501 1144 2571 pontifex
1171 2503 1485 2571 censuerit;
1520 2503 1642 2558 haec
1672 2509 1863 2558 tamen

229 2590 469 2645 omnino
513 2590 572 2645 in
617 2593 976 2648 sacerdotum
1017 2611 1187 2649 causa
1237 2595 1424 2650 forma
1471 2600 1748 2668 servetur,
1791 2614 1864 2653 ne

227 2698 580 2755 quemquam
623 2687 902 2742 sententia
945 2704 1063 2743 non
1109 2705 1142 2744 a
1186 2706 1286 2745 suo
1323 2689 1514 2759 judice
1553 2690 1699 2745 dicta
1730 2707 1860 2745 con-

229 2776 496 2872 stringat.
525 2759 570 2872 ί

303 2854 610 2927 Occurrere
639 2888 868 2944 quoque
891 2873 1131 2946 quisque
1169 2872 1425 2930 ﬁdelium
1469 2854 1652 2932 ruinis
1696 2877 1867 2933 debet

232 2979 645 3037 oppressorum
694 2969 751 3020 et
795 2965 1139 3022 miserorum
1182 2969 1453 3038 subsidio,
1487 2986 1599 3041 quo
1644 2971 1867 3026 valeant

232 3073 300 3112 ex
326 3058 674 3113 revelatione
715 3060 913 3116 alienae
938 3061 1202 3117 vindicta:
1243 3080 1278 3116 a
1321 3079 1379 3118 se
1421 3064 1522 3120 Dei
1567 3081 1865 3121 removere

231 3149 563 3206 vindictam.
586 3153 747 3207 Libat
767 3155 922 3208 enim
949 3156 1190 3210 Domino
1209 3173 1477 3229 prosperp
1503 3158 1600 3229 qui
1627 3159 1696 3214 ab
1718 3158 1862 3213 afﬂi-

231 3173 563 3206 vmmccam.
586 3173 747 3207 Lmat
767 3173 922 3208 enlm
949 3173 1190 3210 uomlno
1209 3173 1410 3229 prospe

231 3246 335 3300 ctis
365 3246 526 3317 pellit
553 3246 808 3316 adversa,
841 3249 987 3304 unde
1013 3250 1284 3321 scriptum
1312 3173 1477 3344 est?

231 3345 378 3413 trem
410 3340 685 3411 adjuvans
711 3342 1065 3398 exaltabitur.
1100 3362 1129 3395 »
1164 3345 1408 3400 Ecclesia
1433 3340 1589 3400 enim
1623 3347 1721 3400 Dei
1742 3347 1863 3401 sine

231 3433 454 3488 macula
497 3439 554 3489 et
592 3450 738 3504 ruga
761 3435 930 3490 debet
958 3436 1219 3508 existere,
1251 3441 1310 3491 et
1335 3438 1462 3494 ideo
1487 3456 1604 3494 non
1642 3443 1864 3512 oportet

233 3543 362 3582 eam
407 3543 442 3582 ει
487 3527 828 3598 quibusdam
876 3531 1192 3586 conculcari
1244 3537 1341 3586 aut
1393 3533 1685 3601 maculari,
1727 3534 1866 3606 quia

232 3621 510 3692 scriptum
536 3624 640 3690 est,
677 3633 704 3671 (ξ
735 3622 853 3677 Una
875 3627 959 3678 est
986 3624 1248 3679 columba
1290 3641 1421 3680 mea
1460 3626 1709 3698 perfecta
1738 3643 1867 3682 mea

234 3715 412 3785 (Cant.
435 3730 511 3783 vt,
535 3717 608 3787 8).
632 3735 660 3765 »
690 3716 830 3771 Hinc
853 3717 1064 3772 iterum
1093 3719 1369 3774 Dominus
1395 3719 1469 3774 ad
1495 3720 1718 3792 Moysen
1744 3721 1858 3777 ait:

236 3830 264 3858 ‹‹
291 3810 390 3864 Est
412 3809 573 3864 locus
607 3825 783 3880 penes
821 3827 936 3879 me,
965 3817 1022 3866 et
1063 3813 1238 3868 stabis
1278 3829 1450 3884 super
1482 3818 1643 3885 petra
1669 3814 1862 3886 (Exod.

231 3919 399 3973 xxxu,
426 3905 538 3974 21).
570 3921 597 3954 »
628 3902 766 3967 Quis
790 3909 874 3960 est
901 3905 1058 3960 locus
1087 3906 1185 3978 qui
1219 3923 1336 3961 non
1370 3906 1444 3962 sit
1469 3907 1694 3963 Domini
1729 3908 1868 3963 dum

234 4001 439 4052 cuncta
459 3997 520 4052 in
536 3997 659 4068 ipso
679 4014 784 4069 per
804 4014 975 4070 quem
995 4003 1185 4055 creata
1204 4005 1336 4056 sunt
1361 4001 1744 4057 continentur.
1773 4003 1869 4056 Est

235 4093 430 4147 tamen
477 4091 634 4147 locus
676 4094 828 4164 apud
873 4110 1026 4162 eum,
1057 4093 1317 4150 videlicet
1360 4101 1566 4151 sanctae
1610 4096 1867 4151 Ecclesiae

235 4185 442 4254 unitas,
489 4186 551 4240 in
601 4203 717 4258 qua
761 4203 929 4259 supra
970 4191 1193 4259 petram
1235 4191 1437 4259 statur,
1466 4189 1601 4245 dum
1648 4189 1865 4246 confes-

236 4278 410 4335 sionis
467 4279 718 4336 soliditas
777 4281 1072 4337 humiliter
1124 4287 1371 4353 tenetur,
1419 4285 1515 4354 Te,
1567 4285 1764 4355 frater,
1813 4289 1870 4338 et

236 4389 436 4428 omnes
475 4373 684 4430 fratres
730 4379 949 4430 nostros
1000 4376 1306 4431 Ecclesiam
1345 4377 1549 4433 Christi
1595 4337 1889 4467 sanguine,

236 4467 591 4540 redemptam
627 4473 891 4540 regentes
935 4486 1258 4538 monemus,
1282 4476 1347 4526 ut
1371 4488 1570 4527 omnes
1604 4489 1637 4528 a
1665 4471 1866 4544 praeci-

1478 3271 1505 3301 «
1518 3211 1733 3308 ‘Frater
1757 3253 1866 3307 fra-
1886 3211 1940 3286 Ο

1965 1939 2114 2007 dem,
2144 1954 2312 2009 super
2341 1942 2511 2009 caput
2538 1938 2658 2009 ejus
2687 1938 2856 2007 cadit,
2885 1941 2941 1994 et
2968 1938 3144 2010 plaga
3178 1939 3376 1995 dolosa
3421 1941 3600 1995 dolosi

1967 2031 2177 2087 dividet
2200 2033 2468 2099 vulnera;
2501 2032 2596 2103 qui
2628 2032 2774 2087 fodit
2800 2033 3026 2087 foveam
3069 2032 3295 2088 decidet
3326 2034 3383 2088 in
3417 2034 3596 2098 illam,

1967 2129 2024 2180 et
2049 2125 2147 2197 qui
2185 2126 2384 2180 statuit
2425 2125 2675 2197 lapidem
2721 2126 2988 2197 proximo
3034 2127 3284 2182 offendet
3326 2127 3384 2182 in
3424 2143 3509 2194 eo,
3543 2132 3601 2182 et

1965 2219 2063 2290 qui
2089 2220 2358 2291 laqueum
2383 2219 2477 2274 alii
2505 2219 2668 2290 ponit
2695 2219 2904 2290 peribit
2929 2220 2989 2274 in
3019 2220 3132 2274 illo.
3164 2220 3410 2275 Facienti
3460 2237 3593 2276 con-

1965 2313 2153 2367 silium
2205 2312 2621 2385 nequissimum
2680 2329 2852 2384 super
2903 2314 3088 2384 ipsum
3141 2312 3486 2381 devolvetur,
3541 2319 3598 2369 et

1963 2423 2080 2462 non
2109 2409 2375 2478 agnoscet
2403 2406 2557 2462 unde
2583 2407 2849 2461 adveniet
2873 2407 2974 2462 illi.
3009 2407 3196 2462 lllusio
3222 2413 3278 2462 et
3306 2409 3596 2480 imprope-

1964 2501 2115 2555 rium
2143 2500 2522 2570 superborum
2554 2503 2611 2554 et
2641 2499 2892 2554 vindicta
2935 2500 3081 2556 sicut
3109 2501 3200 2556 leo
3231 2501 3586 2557 insidiabitm

1963 2593 2091 2649 illis.
2108 2595 2330 2665 Laqueo
2347 2593 2617 2664 peribunt
2637 2592 2734 2663 qui
2753 2593 3116 2648 oblectantur
3129 2610 3264 2648 casu
3276 2595 3591 2666 justorum:

1965 2687 2124 2742 dolor
2141 2690 2335 2742 autem
2361 2690 2656 2741 consumet
2673 2686 2799 2740 illos
2817 2691 3125 2758 antequam
3150 2687 3487 2742 moriantur.
3508 2690 3597 2745 Ira

1965 2785 2022 2835 et
2046 2780 2206 2835 furor
2232 2786 2475 2852 utraque
2504 2779 2884 2847 exsecrabilia,
2914 2783 2970 2833 et
2996 2780 3083 2834 vir
3117 2784 3382 2851 peccator
3413 2782 3592 2836 conti-

1963 2889 2105 2929 nens
2133 2874 2240 2929 erit
2265 2874 2512 2928 illorum.
2549 2872 2657 2937 Qui
2682 2872 2954 2927 vindicari
2984 2874 3103 2928 vult
3127 2891 3159 2928 a
3195 2875 3310 2929 Deo
3337 2874 3597 2986 iqveniet

1964 2967 2288 3036 vindictam,
2317 2972 2373 3022 et
2405 2971 2629 3038 peccata
2673 2966 2823 3020 illius
2849 2983 3078 3021 servans
3109 2966 3592 3038 servabits’Relin-

1965 3076 2076 3133 que
2116 3031 2378 3132 proximo
2405 3031 2520 3115 .tuo
2569 3059 2791 3115 nocenti
2839 3059 2963 3128 tibi,
2995 3063 3052 3115 et
3095 3063 3229 3116 tunc
3270 3031 3596 3133 deprecanti

1966 3155 2068 3209 tibi
2097 3159 2328 3226 peccata
2363 3154 2670 3209 solventur.
2693 3154 2870 3211 Homo
2912 3153 3130 3208 homini
3162 3158 3343 3210 servat
3371 3154 3515 3209 iram
3540 3158 3598 3210 et

1965 3264 1999 3302 a
2020 3249 2130 3304 Deo
2151 3246 2355 3320 quaerit
2374 3247 2681 3302 medelam.
2697 3247 2758 3300 In
2779 3246 3074 3302 hominem
3092 3247 3195 3302 sibi
3215 3247 3460 3303 similem
3477 3263 3596 3304 non

1967 3340 2140 3396 habet
2162 3339 2630 3408 misericordiam,
2661 3345 2717 3394 et
2747 3340 2818 3394 de
2845 3339 3084 3411 peccatis
3120 3340 3234 3395 suis
3261 3341 3599 3413 deprecatur

1964 3434 2335 3489 Altissimum.
2368 3435 2487 3504 Ipse
2514 3433 2654 3488 dum
2682 3449 2812 3488 caro
2839 3434 2912 3488 sit
2941 3437 3125 3489 servat
3148 3435 3293 3489 iram
3322 3440 3380 3491 et
3404 3436 3595 3508 propi-

1964 3527 2260 3583 tiationem
2298 3527 2440 3598 petit
2474 3543 2508 3581 a
2545 3527 2708 3581 Deo?
2747 3527 2885 3591 Quis
2933 3527 3184 3582 exorabit
3231 3545 3336 3599 pro
3381 3529 3599 3584 delictis

1966 3621 2122 3677 suis?
2168 3621 2450 3675 Memento
2502 3619 2940 3675 novissimorum
3003 3624 3235 3674 tuorum
3288 3625 3344 3675 et
3398 3621 3596 3678 desine

1965 3713 2271 3769 inimicari.
2292 3712 2567 3768 Tabitudo
2598 3713 2750 3768 enim
2771 3716 2830 3768 et
2848 3729 3002 3768 mors
3026 3713 3337 3769 imminent
3359 3714 3421 3769 in
3441 3731 3599 3771 man-

1966 3808 2128 3864 datis.
2161 3807 2474 3863 Memorare
2519 3806 2786 3862 timorem
2814 3806 3044 3861 Domini
3085 3811 3142 3862 et
3184 3823 3300 3862 non
3338 3807 3597 3863 irascaris

1965 3902 2248 3974 proximo.
2276 3902 2584 3958 Memorare
2614 3900 2938 3957 testamenti
2968 3900 3256 3972 Altissimi,
3290 3906 3347 3957 et
3372 3901 3599 3973 despice

1965 3995 2353 4069 ignorantiam
2397 3992 2664 4067 proximi.
2704 3994 2936 4050 Abstine
2977 3999 3033 4049 te
3064 3995 3224 4050 alite
3273 3999 3330 4052 et
3375 3995 3599 4052 minues

1967 4094 2200 4162 peccata
2233 4106 2245 4144 :
2273 4091 2445 4145 homo
2489 4088 2645 4144 enim
2688 4088 2994 4144 iracundus
3041 4088 3298 4144 incendit
3331 4088 3512 4161 litem,
3541 4093 3601 4145 et

1966 4187 2033 4239 ut
2077 4186 2340 4256 peccator
2379 4182 2634 4239 turbabit
2676 4183 2908 4254 amicos,
2950 4186 3007 4237 et
3049 4183 3110 4238 in
3155 4182 3348 4238 medio
3395 4200 3596 4256 pacem

1969 4278 2305 4334 habentium
2347 4277 2619 4333 immittet
2641 4276 3032 4350 Linimicitiam.
3076 4275 3399 4332 Secundum
3446 4278 3600 4334 enim

1967 4371 2125 4444 ligna
2151 4373 2326 4442 silvae,
2356 4371 2433 4426 sic
2458 4371 2608 4443 ignis
2631 4371 2974 4439 exardescet,
3003 4374 3060 4426 et
3081 4371 3394 4426 secundum
3425 4372 3598 4427 virtu-

1969 4469 2088 4521 tem
2114 4465 2361 4520 hominis
2384 4465 2683 4521 iracundia
2713 4464 2864 4519 illius
2893 4463 3019 4532 erit,
3045 4469 3103 4520 et
3128 4466 3443 4521 secundum
3473 4466 3602 4521 sub-

238 4560 377 4631 pitio
402 4561 462 4617 in
491 4577 605 4633 quo
628 4562 834 4619 fratres
855 4567 913 4620 et
930 4565 1154 4620 Domini
1182 4565 1500 4636 pastoribus
1521 4565 1869 4622 detrahendo
1889 4581 1948 4654 D
1973 4560 2245 4654 stantiam
2283 4576 2465 4654 suam,
2495 4559 2574 4654 sic
2613 4558 2886 4654 exaltabit
2913 4557 3056 4654 iram
3087 4575 3269 4654 suam.
3301 4560 3599 4654 Certamen

239 4661 296 4710 et
316 4656 721 4728 persequendo
739 4657 922 4712 verbis
941 4660 999 4712 et
1020 4657 1184 4713 factis
1207 4659 1498 4728 labuntur,
1514 4659 1733 4731 laqueis
1753 4660 1873 4732 qui-

241 4746 342 4803 bus
354 4751 595 4821 potestis
609 4751 926 4822 retentetis,
939 4756 997 4808 et
1014 4751 1252 4808 lacerari
1269 4768 1364 4808 eos
1379 4752 1438 4808 in
1450 4753 1622 4808 hamo
1638 4753 1739 4808 irae
1755 4769 1872 4809 non

242 4843 604 4913 permittatis,
631 4844 764 4916 quia
788 4845 1061 4918 scriptum
1082 4850 1169 4902 est
1195 4865 1209 4902 :
1238 4865 1267 4900 ς(
1292 4849 1374 4902 Ira
1404 4846 1560 4902 enim
1585 4847 1688 4902 viri
1701 4847 1869 4918 justi-

241 4935 378 4992 tiam
425 4937 527 4992 Dei
567 4954 689 4994 non
733 4943 1003 5011 operatur
1029 4942 1184 5011 (Iam,
1215 4958 1254 5010 ι,
1281 4941 1392 5013 20).
1420 4961 1448 4992 »
1479 4940 1616 4996 Hinc
1643 4957 1871 4997 rursum

245 5029 448 5106 dicitur
468 5047 484 5086 :
509 5052 547 5082 .«
573 5032 656 5089 Sit
682 5033 866 5088 omnis
889 5034 1061 5090 homo
1082 5036 1242 5091 velox
1264 5035 1339 5090 ad
1360 5035 1729 5106 audiendum,
1756 5040 1870 5090 tar-

240 5123 347 5178 dus
369 5127 568 5180 autem
589 5125 664 5181 ad
688 5127 1062 5199 loquendum,
1087 5132 1146 5184 et
1171 5130 1364 5185 tardus
1383 5130 1454 5185 ad
1480 5129 1626 5184 iram
1655 5131 1809 5200 (Jac.,
1831 5145 1870 5200 ι,

244 5219 350 5289 19).
372 5240 402 5268 ››
433 5219 562 5275 Haec
584 5225 779 5276 autem
796 5237 894 5276 vos
911 5227 1143 5278 auctore
1165 5224 1276 5280 Deo
1301 5223 1492 5280 omnia
1510 5241 1738 5280 servare
1756 5239 1874 5280 non

241 5311 494 5385 ambigo,
529 5313 631 5369 sed
672 5314 970 5371 occasione
1013 5317 1427 5373 admonitionis
1472 5323 1672 5374 exorta
1711 5317 1875 5374 bonis

241 5406 442 5462 vestris
464 5407 785 5480 desideriis,
818 5413 876 5465 et
905 5411 1174 5483 operibus
1203 5428 1296 5468 me
1323 5411 1529 5467 furtive
1567 5411 1872 5486 subjungo,

235 5503 306 5554 ut
325 5501 478 5571 quod
524 5519 641 5558 non
693 5503 973 5561 admoniti
1017 5505 1220 5574 facitis,
1251 5506 1479 5579 quando
1507 5506 1666 5563 vobis
1704 5507 1876 5563 etiam

234 5592 578 5668 admonens,
608 5596 858 5668 additur;
881 5597 1007 5670 jam
1044 5615 1160 5654 non
1200 5600 1305 5655 soli
1352 5599 1589 5656 faciatis.
1620 5601 1872 5673 Quapro-

227 5690 370 5761 pter
393 5690 598 5747 fratres
627 5695 854 5764 oportet
878 5709 975 5748 vos
1005 5697 1062 5750 et
1090 5710 1289 5751 omnes
1315 5694 1514 5750 ﬁdeles
1539 5695 1778 5768 diligere
1795 5694 1879 5751 in-

231 5781 440 5855 vicem,
474 5791 533 5842 et
571 5803 691 5842 non
725 5786 1027 5843 detrahere
1068 5789 1168 5844 aut
1219 5805 1486 5845 accusare
1517 5790 1874 5847 alterutrum.

231 5877 530 5952 Scriptum
574 5883 662 5938 est
705 5880 862 5937 enim
905 5899 918 5936 :
955 5902 983 5933 ‹‹
1028 5882 1210 5955 Dilige
1261 5884 1593 5956 proximum
1639 5888 1696 5942 et
1740 5901 1875 5941 con-

661 5979 936 6060 Ρέλνιέῐιοῐ,⁸
984 5979 1210 6047 CXXX.

1971 4652 2300 4710 festinatum
2329 4653 2600 4708 incendet
2626 4652 2842 4724 ignem,
2865 4656 2922 4706 et
2955 4652 3022 4706 lis
3046 4653 3318 4708 festinans
3347 4651 3602 4708 eﬂ‘undet

1970 4746 2308 4820 sanguinem
2339 4763 2352 4802 :
2385 4750 2444 4802 et
2477 4746 2675 4816 lingua
2705 4743 3012 4799 testiﬁcans
3051 4744 3295 4799 adducet
3331 4748 3596 4801 mortem.

1973 4842 2032 4898 Si
2069 4840 2398 4909 sufﬂaveris,
2431 4839 2490 4895 in
2537 4838 2839 4895 scintillam
2880 4837 3044 4910 quasi
3086 4836 3236 4909 ignis
3289 4837 3600 4908 exardebit,

1971 4940 2030 4994 et
2055 4937 2104 4991 si
2131 4934 2422 5008 exspueris
2452 4951 2624 5007 super
2649 4933 2822 5004 illam,
2852 4931 3242 5004 exstinguetur
3269 4934 3327 4987 et
3359 4937 3601 5005 utraque

1974 5048 2045 5087 ex
2065 5047 2162 5087 ore
2174 5030 2609 5103 proﬁciscuntur
2618 5071 2630 5085 .
2646 5028 2887 5084 Susurro
2900 5032 2955 5082 et
2966 5025 3237 5098 bilinguis
3249 5026 3601 5097 maledictus,

1972 5127 2181 5182 multos
2201 5125 2355 5181 enim
2376 5124 2626 5180 turbavit
2652 5137 2852 5194 pacem
2872 5119 3170 5178 habentes.
3194 5121 3412 5193 Lingua
3435 5122 3605 5177 tertia

1974 5222 2181 5276 multos
2211 5218 2539 5285 commovit,
2571 5221 2628 5272 et
2653 5215 2913 5287 dispersit
2935 5214 3059 5270 illos
3088 5233 3122 5270 a
3152 5219 3321 5287 gente
3359 5216 3420 5271 in
3460 5233 3603 5289 gen-

1974 5317 2110 5371 tem.
2143 5313 2407 5369 Civitates
2435 5315 2693 5367 muratas
2719 5308 2959 5364 divitum
2990 5309 3289 5378 destruxit,
3324 5313 3382 5365 et
3410 5311 3607 5367 domos

1975 5412 2384 5482 magnatorum
2425 5404 2662 5461 effodit:
2693 5403 2930 5460 virtutes
2973 5404 3324 5476 populorum
3365 5405 3609 5462 concidit

1978 5507 2036 5558 et
2080 5507 2277 5576 gentes
2326 5501 2502 5556 fortes
2545 5498 2816 5554 dissolvit.
2865 5498 3084 5571 Lingua
3129 5499 3298 5555 tertia
3340 5499 3608 5556 mulieres

1975 5596 2252 5653 veridicas
2287 5593 2452 5667 ejecit
2483 5597 2541 5649 et
2580 5591 2824 5666 privavit
2856 5591 2983 5648 illas
3025 5593 3095 5649 de
3143 5592 3432 5649 laboribus
3473 5593 3607 5648 suis.

1975 5691 2079 5758 Qui
2105 5689 2335 5762 respicit
2370 5687 2532 5743 illam
2573 5703 2693 5743 non
2729 5686 2962 5743 habebit
3001 5686 3282 5758 requiem,
3316 5703 3419 5742 nec
3446 5685 3607 5741 habi-

1977 5785 2117 5842 tabit
2155 5785 2214 5840 in
2258 5782 2472 5856 requie.
2501 5781 2735 5855 Flagelli
2772 5781 2946 5855 plaga
2985 5781 3217 5837 livorem
3261 5779 3416 5848 facit,
3443 5779 3616 5854 plaga

1979 5882 2173 5937 autem
2209 5878 2426 5954 linguas
2463 5875 2805 5934 comminuit
2840 5892 2981 5934 ossa.
3013 5874 3169 5932 Multi
3201 5871 3530 5932 ceciderunt
3556 5873 3617 5932 in

3186 5976 3222 6032 6
