4058 6346
492 293 589 346 163

1375 287 1659 344 ΑΡΡΕΝΙ).
1699 281 1789 341 AD
1829 280 1988 341 SAEC.
2029 282 2116 340 ιχ.
2156 313 2224 325 —-
2253 282 2499 339 lSlDORl
2536 278 2964 338 MERCATORIS

3753 280 3851 336 164·

486 414 582 453 ore
629 397 825 469 gladii,
867 397 963 452 sed
1013 412 1128 450 non
1178 396 1256 450 sic
1297 396 1580 467 quomodo
1629 394 1727 466 qui
1769 393 2114 448 interierunt
2133 391 2272 479 Ain
2316 391 2574 463 potentia
2609 389 2830 445 virtutis
2874 389 3014 459 ejus,
3046 386 3265 443 induite
3293 403 3388 442 vos
3433 402 3596 442 arma
3636 386 3757 456 Dei,
3788 392 3850 442 ut

486 508 591 563 per
619 491 879 561 linguam
909 506 1093 545 suam.
1127 491 1331 544 Beatus
1364 494 1446 543 est
1481 489 1580 559 qui
1608 491 1791 542 tectus
1827 491 1913 543 est
1943 506 1975 542 a
2001 487 2110 542 lin-

488 601 600 656 gua
629 601 898 656 nequam,
931 589 987 639 et
1017 583 1117 656 qui
1143 583 1201 638 in
1230 581 1583 637 iracundiam
1607 581 1758 636 illius
1784 599 1898 637 non
1927 587 2108 636 trans-

485 678 608 744 ivit,
652 683 708 732 et
748 677 846 748 qui
897 693 1015 731 non
1060 675 1286 732 attraxit
1323 675 1536 746 jugum
1586 675 1728 745 ejus,
1771 678 1829 730 et
1878 675 2112 729 vinculis

489 771 612 841 ejus
639 787 758 824 non
783 774 866 824 est
893 769 1122 840 ligatus.

555 865 766 934 Jugum
796 861 948 917 enim
986 862 1134 916 illius
1166 861 1375 932 jugum
1411 862 1663 916 ferreum
1700 862 1804 926 est,
1836 865 1892 914 et
1915 860 2110 915 vincu-

482 958 607 1012 lum
642 956 788 1011 illius
815 956 1101 1010 vinculum
1146 971 1361 1010 aereum
1407 960 1519 1024 est;
1565 971 1718 1008 mors
1765 954 1914 1008 illius
1956 970 2113 1008 mors

485 1050 851 1122 nequissima,
900 1052 956 1103 et
992 1049 1148 1102 utilis
1199 1047 1388 1118 potius
1446 1048 1704 1102 infernus
1757 1064 1933 1118 quam
1995 1048 2110 1101 illa.

481 1142 907 1198 Perseverantia
946 1141 1097 1196 illius
1135 1158 1251 1195 non
1292 1141 1669 1212 permanebit,
1701 1139 1799 1194 sed
1838 1140 2114 1195 obtinebit

479 1236 594 1291 vias
645 1236 1010 1306 injustorum,
1042 1239 1100 1290 et
1133 1234 1369 1288 ﬂamma
1402 1250 1504 1288 sua
1534 1249 1650 1288 non
1689 1233 1984 1287 comburet
2015 1232 2110 1303 ju-

482 1332 616 1384 stos.
648 1329 753 1392 Qui
795 1327 1210 1398 derelinquunt
1241 1328 1421 1381 Deum
1448 1326 1713 1381 incidunt
1750 1327 1810 1380 in
1851 1327 2026 1395 illam,
2059 1329 2115 1381 et

481 1423 807 1477 exardescet
835 1421 893 1475 in
919 1421 1029 1474 illis
1051 1423 1108 1475 et
1127 1437 1244 1475 non
1271 1421 1664 1491 exstinguetur
1692 1425 1748 1474 et
1771 1420 2114 1474 immittetur

481 1516 543 1570 in
569 1516 693 1569 illos
719 1514 883 1585 quasi
911 1515 1023 1583 leo,
1054 1519 1110 1569 et
1150 1514 1312 1584 quasi
1355 1514 1566 1585 pardus
1605 1514 1775 1568 lmdet
1807 1514 1953 1568 illos.
1985 1513 2112 1585 Sepi

483 1624 649 1663 aures
683 1611 810 1662 tuas
845 1607 1020 1679 spinis
1058 1613 1114 1662 et
1153 1608 1274 1662 noli
1318 1607 1517 1661 audire
1543 1607 1802 1679 linguam
1834 1623 2109 1678 nequam,

481 1704 539 1756 et
565 1700 650 1755 ori
680 1703 779 1755 tuo
804 1700 974 1754 facito
1007 1700 1147 1755 ostia
1188 1704 1245 1754 et
1286 1716 1437 1754 seras
1474 1700 1705 1753 auribus
1736 1700 1864 1755 tuis.
1895 1704 2111 1754 Aurum

2213 485 2433 557 possitis
2481 489 2627 538 stare
2689 483 2954 538 adversus
3010 481 3244 536 insidias
3302 480 3533 548 diaboli,
3575 480 3848 551 quoniam

2213 595 2328 632 non
2357 582 2443 632 est
2465 577 2628 631 nobis
2663 574 2984 630 colluctatio
3029 574 3298 629 adversus
3341 589 3573 628 carnem
3619 576 3678 627 et
3716 590 3844 627 san-

2213 671 2466 742 guinem,
2497 670 2593 724 sed
2635 669 2907 724 adversus
2945 667 3232 739 principes
3278 671 3336 721 et
3382 670 3715 738 potestates,
3747 666 3843 721 ad-

2212 781 2406 820 versus
2440 762 2646 817 mundi
2689 765 2936 817 rectores
2978 761 3346 817 tenebrarum
3394 761 3619 828 harum,
3649 765 3848 814 contra

2213 857 2530 928 spiritualia
2556 855 2825 927 nequities
2844 856 2905 909 in
2924 854 3265 921 coelestibus,
3286 857 3586 926 propterea
3607 854 3846 926 accipite

2213 954 2562 1006 armaturam
2592 949 2693 1004 Dei
2720 954 2784 1003 ut
2808 948 3036 1020 possitis
3066 948 3329 1003 resistere
3378 948 3438 1002 in
3485 947 3574 1002 die
3611 948 3765 1002 malo
3793 952 3849 1002 et

2212 1045 2272 1098 in
2324 1043 2594 1099 omnibus
2655 1042 2894 1114 perfecti
2948 1046 3117 1097 stare.
3171 1041 3326 1096 State
3381 1057 3519 1112 ergo
3580 1041 3849 1096 succincti

2213 1137 2438 1192 lumbos
2467 1140 2683 1192 vestros
2709 1136 2767 1190 in
2790 1136 3023 1190 veritate
3049 1139 3106 1190 et
3131 1135 3316 1189 induti
3344 1135 3516 1189 lorica
3533 1135 3773 1206 justitia:
3794 1139 3850 1189 et

2214 1231 2449 1285 calceati
2493 1231 2667 1302 pedes
2710 1230 2770 1284 in
2814 1229 3231 1300 praeparatione
3276 1229 3558 1300 evangelii
3586 1229 3759 1300 pacis,
3787 1229 3848 1283 in

2215 1324 2480 1379 omnibus
2541 1328 2831 1379 sumentes
2892 1329 3114 1377 scutum
3165 1321 3298 1376 ﬁdei
3345 1322 3404 1376 in
3453 1338 3566 1393 quo
3626 1321 3851 1393 possitis

2215 1417 2408 1472 omnia
2454 1417 2566 1472 tela
2613 1415 2944 1487 nequissimi
2989 1416 3158 1486 ignea
3203 1415 3583 1486 exstinguere.
3634 1417 3698 1470 Et
3743 1431 3847 1486 ga-

2212 1511 2359 1566 leam
2403 1510 2598 1564 salutis
2643 1509 2933 1580 assumite,‘
2971 1515 3027 1563 et
3076 1509 3329 1580 gladium
3373 1509 3612 1580 Spiritus
3664 1509 3849 1564 sancti

2215 1526 2359 1566 leam
2403 1526 2598 1564 saluus
2643 1526 2882 1565 assumit
2921 1527 2928 1536 ί
2971 1526 3027 1563 et
3076 1526 3329 1580 grauium
3373 1526 3612 1580 δριτιιιιε
3664 1526 3843 1563 sancti

2215 1606 2366 1677 quod
2392 1609 2476 1660 est
2506 1607 2742 1661 verbum
2768 1526 3052 1752 DeiZHaac
3095 1606 3272 1659 frater
3299 1621 3427 1676 quae
3469 1605 3574 1660 tibi
3619 1604 3843 1676 scripsi-

2215 1716 2339 1752 mus
2361 1700 2702 1752 qeneraliter
2727 1699 2883 1752 omni
2929 1715 2991 1752 us
3010 1701 3146 1752 nota
3177 1699 3300 1752 ﬁeri
3325 1700 3611 1752 volumus.
3632 1704 3696 1752 ut
3715 1715 3843 1752 quas

2213 1716 2339 1754 mus
2361 1700 2702 1771 generaliter
2727 1699 2991 1754 omnibus
3010 1701 3146 1753 nota
3177 1699 3300 1753 ﬁeri
3325 1700 3611 1766 volumus,
3632 1704 3696 1753 ut
3715 1715 3846 1769 quae

479 1799 645 1849 tuum
689 1797 744 1848 et
771 1786 1072 1864 argentum
1106 1793 1306 1862 conﬂa,
1335 1798 1391 1847 et
1418 1792 1601 1848 verbis
1635 1793 1745 1848 tuis
1786 1793 1957 1848 facito
1997 1797 2108 1847 sta-
2131 1777 2187 1848 Β
2211 1799 2444 1848 caeteros
2482 1795 2746 1864 tangunt,
2780 1793 3047 1847 omnibus
3089 1794 3224 1846 nota
3265 1791 3425 1846 ﬁant.
3474 1791 3846 1862 Omnipotens

481 1892 687 1957 teram,
722 1889 779 1941 et
826 1887 1016 1942 frenos
1067 1887 1152 1942 ori
1193 1892 1292 1941 tuo
1340 1892 1542 1941 rectos.
1571 1886 1811 1941 Attende
1851 1903 1922 1941 ne
1965 1887 2110 1942 forte

480 1980 691 2035 labaris
721 1980 780 2034 in
808 1980 1006 2052 lingua
1034 1984 1136 2035 tua
1163 1986 1220 2034 et
1245 1980 1412 2035 cadas
1440 1980 1500 2034 in
1526 1984 1831 2052 conspectu
1862 1980 2112 2035 inimico-

477 2090 607 2128 rum
635 2074 1034 2128 insidiantium
1061 2073 1182 2141 tibi,
1211 2079 1267 2128 et
1300 2073 1372 2128 sit
1411 2090 1569 2129 casus
1607 2077 1737 2141 tuus
1783 2074 2111 2128 insanabilis

477 2090 607 2128 rum
635 2090 1034 2128 insidiantium
1061 2090 1182 2141 uni,
1211 2090 1267 2128 et
1300 2090 1372 2128 Sit
1411 2090 1569 2129 casus
1607 2090 1667 2128 tu
1711 2092 1737 2128 s
1783 2090 2111 2128 insanabilis

475 2166 537 2221 in
603 2172 850 2222 mortem
909 2167 1090 2236 (Eccli.
1151 2183 1320 2236 xxvii,
1376 2170 1583 2238 xxvui).
1636 2090 1829 2271 ii‘ilsta
1877 2171 2112 2222 caveant

477 2275 679 2314 omnes
720 2265 776 2315 et
802 2259 1107 2315 cohibeant
1149 2259 1370 2331 linguas
1416 2277 1545 2315 suas
1590 2278 1623 2314 a
1669 2243 1838 2328 inalo,
1869 2264 1925 2315 et
1961 2243 2112 2316 labia

478 2369 680 2408 eorum
709 2370 781 2408 ne
815 2355 1122 2425 loquantur
1147 2353 1362 2409 dolum.

547 2447 626 2501 De
654 2451 877 2518 caetero,
903 2447 1237 2516 charissimi,
1271 2447 1674 2502 confortamini
1694 2447 1754 2502 in
1785 2447 2031 2503 Domino
2053 2451 2111 2504 et

2212 1887 2360 1941 Deus
2400 1889 2476 1956 te,
2515 1887 2713 1956 frater,
2743 1891 2798 1941 et
2836 1887 3086 1957 reliquos
3127 1886 3327 1941 fratres
3368 1892 3591 1941 nostros
3636 1885 3847 1957 ubique

2211 1980 2600 2048 consistentes,
2634 1983 2897 2052 protegat
2925 1996 3105 2050 usque
3135 1979 3194 2034 in
3219 1980 3417 2050 ﬁnem,
3451 1980 3550 2051 qui
3576 1984 3846 2035 cunctum

2213 2074 2496 2128 mundum
2516 2073 2783 2145 dignatus
2803 2076 2888 2128 est
2909 2073 3189 2128 redimere
3207 2074 3233 2128 J
3239 2089 3366 2128 esus
3387 2073 3639 2129 Christus
3659 2074 3847 2129 Domi-

2209 2183 2319 2222 nus
2360 2172 2556 2222 noster
2607 2167 2705 2238 qui
2751 2172 2835 2223 est
2881 2165 3221 2221 benedictus
3264 2167 3324 2221 in
3370 2167 3594 2237 saecula,
3637 2170 3841 2222 Amen.

2211 2261 2348 2316 Data
2391 2278 2503 2316 xvn
2547 2261 2783 2316 Kalend.
2829 2260 3099 2316 Novemb.
3147 2260 3409 2316 Africano
3463 2265 3520 2317 et
3559 2260 3728 2316 Decio
3778 2262 3846 2317 ιν

2210 2370 2292 2410 cc.
2334 2357 2554 2410 consul.

1059 2821 1178 2913 IN
1183 2818 1635 2915 CIPIUNT
1704 2823 2128 2916 DECRE’I

2211 2878 2229 2915 ι
2299 2821 2829 2918 CORNELII
2900 2823 3265 2916 PAPJE.

918 3017 1013 3082 De
1065 3017 1490 3082 translatione
1547 3036 1895 3101 corporum
1952 3020 2426 3102 apostolorum,
2489 3028 2553 3083 et
2607 3019 3000 3102 quibusdam
3059 3019 3395 3084 haereticis.

1402 3186 1586 3257 (Anno
1613 3186 1842 3243 Domini
1866 3190 1992 3257 255,
2023 3187 2190 3243 Decio
2215 3187 2560 3259 imperatore
2587 3186 2910 3258 regnante.)

545 3482 904 3538 Charissimis
951 3486 1122 3555 atque
1170 3469 1547 3540 dilectissimis
1587 3485 1856 3540 fratribus
1894 3489 2180 3573 sanctasc
2207 3486 2488 3557 praedium
2529 3486 2815 3558 praedicta
2852 3490 3154 3554 matronas,
3188 3483 3275 3537 via
3301 3480 3565 3551 Ostiensi,
3595 3481 3666 3535 ad
3693 3481 3845 3536 latus

475 3577 572 3632 Dei
622 3577 883 3632 Ecclesia
930 3577 1058 3631 ﬁliis
1101 3583 1158 3632 et
1201 3578 1466 3633 omnibus
1513 3580 1747 3634 Domino
1791 3584 1947 3636 recta
1992 3580 2104 3635 ﬁde

473 3671 903 3740 famulantibus,
931 3672 1239 3727 CORNELIUS
1272 3673 1586 3743 episcopus.

543 3764 754 3818 Videns
780 3763 1066 3818 cbaritatis
1094 3768 1294 3819 vestrae
1319 3765 1776 3820 benevolentiam
1809 3767 1942 3838 quia
1970 3784 2103 3838 apo-

477 3857 752 3911 stolorum
780 3860 1064 3910 amatores
1099 3857 1251 3925 estis,
1283 3873 1594 3929 eorumque
1617 3858 1790 3913 fidem
1821 3865 1877 3914 et
1898 3860 2103 3915 doctri-

473 3966 610 4004 nam
635 3948 861 4015 tenetis,
885 3948 1108 4002 decrevi
1125 3949 1283 4003 vobis
1306 3951 1556 4006 scribere
1603 3952 1846 4006 Domino
1878 3958 2106 4009 auctore

482 4043 749 4114 quaedam
763 4057 831 4096 ex
848 4041 934 4096 his
948 4059 1074 4112 qua;
1086 4059 1238 4097 nunc
1254 4045 1529 4116 temporis
1543 4047 1996 4102 necessariasunt
2007 4048 2109 4102 sci-

479 4136 548 4204 ri,
563 4138 620 4191 et
637 4151 764 4206 quae
785 4135 940 4207 apud
954 4152 1058 4190 nos
1078 4135 1138 4189 in
1159 4137 1408 4193 Ecclesia
1429 4139 1732 4195 auxiliante
1748 4141 1989 4196 Domino
2005 4142 2108 4196 Ro-

480 4246 656 4286 mana
665 4228 885 4284 meritis
898 4229 1280 4301 apostolorum
1294 4247 1478 4303 nuper
1489 4237 1612 4287 acta
1630 4237 1763 4288 sunt
1777 4234 1889 4289 sive
1907 4251 2109 4306 gerun-

479 4329 593 4392 tur,
623 4323 894 4395 quoniam
931 4324 1320 4394 patrocinante
1360 4325 1634 4382 charitate
1679 4328 1850 4384 credo
1878 4345 1977 4384 vos
2003 4347 2106 4401 pa-

479 4424 646 4474 terna
673 4418 859 4489 gratia
884 4418 1095 4490 scripta
1121 4419 1268 4474 sedis
1296 4421 1616 4490 apostolicae
1648 4422 1889 4478 libenter
1929 4424 2105 4478 susci-

475 4529 613 4585 pere
645 4516 703 4566 et
727 4511 1000 4566 mandata
1028 4511 1150 4583 ejus
1177 4529 1473 4584 peragere,
1507 4518 1676 4587 atque
1716 4515 1786 4571 de
1825 4516 1947 4588 ejus
1971 4534 2106 4589 pro-

476 4607 720 4662 fectibus
748 4606 1042 4678 gratulari,
1075 4606 1213 4678 quia
1240 4606 1484 4679 quisque
1513 4625 1572 4663 se
1605 4608 1665 4663 in
1696 4609 1884 4665 radice
1916 4611 2106 4665 chari-

476 4702 609 4756 tatis
633 4699 851 4768 inserit,
885 4716 989 4755 nec
1026 4717 1060 4755 a
1086 4700 1370 4757 viriditate
1411 4702 1620 4772 deﬁcit,
1647 4719 1751 4758 nec
1776 4720 1810 4758 a
1833 4703 2110 4760 fructibus

479 4796 776 4864 inanescit,
831 4810 935 4850 nec
989 4811 1186 4850 amore
1260 4795 1618 4850 fecunditatis
1691 4814 1834 4869 opus
1907 4800 2109 4854 efﬁcax

2209 3581 2301 3635 ubi
2349 3580 2658 3635 decollatus
2704 3585 2806 3634 est.
2848 3581 3046 3634 Postea
3086 3594 3218 3632 vero
3265 3576 3418 3632 beati
3459 3575 3843 3646 apostolorum

2205 3674 2477 3746 principis
2522 3673 2673 3728 Petri
2719 3673 3040 3745 accepimus
3087 3688 3308 3743 corpus,
3358 3675 3415 3724 et
3460 3669 3847 3724 condecenter

2205 3768 2502 3840 posuimus
2528 3767 2669 3821 illud
2688 3768 2855 3838 juxta
2880 3768 3068 3821 locum
3096 3765 3192 3820 ubi
3223 3763 3522 3819 cruciﬁxus
3565 3765 3651 3816 est
3691 3761 3847 3816 inter

2207 3877 2441 3932 corpora
2461 3865 2782 3916 sanctorum
2803 3861 3223 3933 episcoporum,
3238 3858 3297 3913 in
3313 3857 3528 3927 templo
3543 3854 3844 3926 Apollinis,

2208 3955 2267 4008 in
2296 3958 2490 4010 monte
2528 3958 2716 4010 Aureo
2748 3956 2810 4009 in
2839 3953 3107 4009 Vaticano
3149 3951 3342 4024 palatii
3385 3949 3624 4005 Neronis
3670 3947 3844 4002 tertio

2208 4049 2591 4104 Kalendarum
2633 4048 2916 4104 Juliarum
2951 4048 3064 4114 die,
3094 4050 3318 4102 orantes
3350 4045 3527 4099 Deum
3558 4047 3615 4097 et
3641 4041 3844 4096 Domi-

2209 4160 2349 4197 num
2391 4148 2652 4198 nostrum
2689 4144 2881 4198 Jesum
2923 4142 3232 4209 Christum,
3261 4143 3327 4194 ut
3357 4135 3846 4193 intercedentibus

2209 4237 2324 4291 suis
2374 4237 2582 4291 sanctis
2641 4236 2905 4307 apostolis
2961 4235 3215 4290 maculas
3266 4236 3585 4287 vestrorum
3633 4233 3851 4301 purget

2207 4336 2590 4403 peccatorum,
2619 4332 2676 4384 et
2713 4329 2772 4384 in
2814 4347 2913 4384 sua
2939 4346 3039 4384 vos
3076 4329 3368 4384 conservet
3401 4326 3690 4380 voluntate
3721 4321 3849 4379 die-

2207 4425 2312 4479 bus
2350 4424 2477 4480 vitae
2507 4425 2720 4492 vestrae,
2751 4426 2809 4478 et
2850 4424 2910 4478 in
2955 4424 3143 4478 fructu
3191 4421 3328 4476 boni
3373 4419 3556 4491 operis
3584 4434 3680 4472 vos
3711 4433 3851 4488 per-

2209 4517 2544 4574 severabiles
2591 4517 2807 4573 reddat.
2839 4518 2950 4571 Vos
2988 4533 3122 4572 vero
3166 4516 3255 4570 his
3304 4513 3658 4584 congaudete
3707 4510 3855 4595 quia

2209 4617 2265 4669 et
2311 4611 2418 4683 ipsi
2471 4611 2651 4666 sancti
2704 4611 2945 4683 apostoli
2997 4610 3070 4665 de
3125 4613 3310 4665 vestro
3369 4605 3855 4678 congratulantur

2211 4705 2438 4777 gaudio.
2468 4707 2574 4760 Vos
2602 4721 2832 4777 semper
2857 4705 3035 4759 Deum
3066 4703 3300 4758 laudate
3326 4707 3382 4757 et
3405 4701 3526 4773 ipse
3555 4697 3849 4770 gloriﬁce-

2209 4803 2304 4854 tur
2333 4799 2390 4854 in
2421 4799 2608 4866 vobis;
2640 4799 2912 4870 scriptum
2941 4802 3027 4852 est
3057 4797 3212 4853 enim
3246 4815 3260 4851 :
3296 4817 3322 4846 ‹‹
3353 4795 3500 4859 Quid
3525 4793 3852 4849 retribuam

481 4889 709 4945 amittit.
742 4890 867 4958 Ipsa
895 4888 1054 4943 enim
1088 4887 1333 4943 charitas
1363 4894 1582 4946 exercet
1619 4891 1790 4946 corda
1825 4892 2105 4963 ﬁdelium,
2127 4873 2186 4944 D
2209 4893 2448 4948 Domino
2481 4910 2584 4966 pro
2609 4892 2874 4949 omnibus
2905 4909 3030 4964 quin
3068 4889 3334 4946 retribuit
3374 4888 3557 4943 mihi?
3595 4886 3853 4943 Calicem

481 4999 675 5038 sensus
726 4981 1072 5052 corroborat,
1119 4987 1180 5038 ut
1225 4982 1366 5038 nihil
1420 5000 1610 5054 grave,
1661 4985 1804 5040 nihil
1856 4985 2105 5056 difﬁcile,

484 5077 584 5133 sed
625 5076 727 5130 ﬁat
765 5077 952 5130 totum
995 5075 1154 5132 dulce
1199 5077 1352 5148 quod
1398 5077 1608 5149 agitur,
1637 5079 1774 5134 dum
1815 5079 1935 5150 ejus
1976 5098 2104 5152 pro.

479 5171 671 5244 prium
720 5169 792 5223 sit
843 5167 1062 5223 nutrire
1115 5171 1489 5242 concordiam,
1537 5189 1764 5229 servare
1816 5174 2104 5246 mandata,

483 5269 653 5337 atque
715 5261 1014 5317 dissociata
1074 5265 1440 5338 conjungere,
1500 5283 1670 5338 prava
1730 5266 1992 5339 dirigere,
2052 5272 2109 5324 et

481 5364 719 5414 caeteras
733 5356 968 5411 virtutes
982 5358 1350 5429 perfectionis
1367 5377 1483 5416 suae
1504 5360 1823 5416 munimine
1840 5362 2103 5418 solidare.

477 5454 829 5525 Quapropter
868 5467 1012 5523 rogo
1047 5469 1145 5508 vos
1189 5454 1356 5508 nobis
1401 5456 1804 5527 congratulari,
1838 5455 1971 5527 quia
2013 5473 2104 5512 ro-

479 5552 612 5622 gatu
630 5545 926 5618 cujusdam
943 5546 1161 5602 devotae
1178 5546 1406 5602 feminae
1420 5549 1965 5620 aQuenobilissimae
1988 5567 2109 5605 ma-

474 5647 656 5698 trona
686 5641 914 5696 Lucinae
933 5640 1116 5696 levata
1139 5645 1271 5696 sunt
1291 5657 1526 5712 corpora
1549 5644 1937 5714 apostolorum
1957 5645 2110 5700 Petri

476 5742 534 5792 et
578 5737 733 5792 Pauli
783 5736 852 5790 de
909 5733 1300 5801 Catacumbis;
1350 5737 1407 5789 et
1451 5736 1638 5808 primo
1682 5739 1914 5809 quidem
1951 5739 2106 5794 beati

475 5832 630 5885 Pauli
685 5846 888 5900 corpus
940 5829 1192 5882 levatum
1250 5829 1472 5884 silentio
1525 5847 1587 5883 ac
1635 5833 1881 5900 positum
1924 5837 2010 5887 est
2048 5833 2106 5887 in

2207 4988 2465 5042 salutaris
2495 4986 2770 5058 accipiam
2799 4991 2855 5041 et
2881 5002 3097 5042 nomen
3123 4983 3349 5040 Domini
3375 4981 3650 5037 invocabo
3674 4981 3852 5052 (Psat.

2206 5098 2326 5150 cxv,
2345 5085 2428 5150 l2,
2447 5081 2550 5153 l3).
2565 5103 2593 5132 ››
2608 5082 2852 5136 Tantum
2874 5079 3029 5136 enim
3052 5097 3086 5134 a
3106 5077 3270 5134 nobis
3295 5076 3544 5149 exigitur
3562 5078 3858 5147 quantum

2206 5191 2505 5246 possumus
2556 5175 2864 5230 famulatus
2905 5173 3083 5228 nostri
3123 5171 3394 5247 obsequio
3437 5168 3850 5238 commodare;

2208 5269 2361 5324 unde
2392 5269 2626 5341 quidem
2650 5272 2810 5324 tanto
2839 5286 2940 5324 nos
2969 5283 3195 5323 necesse
3222 5269 3306 5321 est
3330 5261 3678 5337 importunis
3700 5279 3859 5334 pras-

2207 5362 2587 5418 dicationibus
2617 5363 2897 5431 insistere,
2929 5367 3143 5435 quanto
3169 5360 3331 5416 nobis
3359 5359 3625 5431 perfectae
3659 5372 3856 5428 nego-

2206 5457 2464 5512 tiationis
2508 5457 2756 5513 creditur
2791 5457 3075 5529 duplicata
3117 5457 3467 5511 talentorum
3511 5450 3853 5522 assignatio,

2205 5555 2374 5622 atque
2397 5551 2703 5607 Dominicae
2723 5552 2873 5608 vocis
2891 5551 2964 5606 ad
2990 5549 3408 5623 suscipiendam
3439 5546 3558 5617 ejus
3581 5545 3859 5618 requiem

2207 5645 2406 5701 suadet
2431 5647 2681 5703 assertio.

2278 5739 2405 5794 Haec
2457 5739 2714 5796 invidens
2769 5739 3036 5810 antiquus
3097 5737 3274 5792 hostis
3339 5735 3628 5791 suscitavit
3679 5735 3860 5792 nobis

2205 5833 2588 5890 adversarium
2641 5837 2938 5901 Novatum,
2987 5835 3157 5886 rectae
3201 5829 3336 5886 ﬁdei
3378 5834 3435 5885 et
3479 5835 3691 5885 sancta
3743 5830 3854 5888 ἀο-
