4058 6356
198 344 298 397 165

1429 343 1895 406 DECRETALIUM
1931 348 2316 406 COLLECTIO.

3456 359 3472 407 *l
3487 357 3552 410 66

194 453 393 548 ctrina:
420 455 713 526 aemulum,
748 455 847 527 qui
875 456 1038 511 extra
1068 455 1377 512 Ecclesiam
1410 458 1692 516 ordinavit
1716 462 1822 516 No-
1847 475 1907 548 Α
1926 461 2114 517 veniet
2140 464 2197 517 et
2223 476 2338 515 non
2366 457 2612 514 tardabit
2643 458 2821 529 (1bid.,
2853 459 2960 530 37).
2980 480 3008 508 »
3037 460 3176 515 Ecce
3195 459 3351 516 enim
3373 461 3554 532 judex

191 547 502 617 vatianum,
545 555 603 605 et
640 549 701 604 in
736 548 926 604 Africa
964 550 1361 621 Nicostratum,
1402 556 1664 624 utrosque
1703 555 1824 610 ha:-

192 640 399 696 reticos
450 642 593 698 sicut
640 642 735 697 ille
784 647 923 698 erat.
968 643 1034 697 Hi
1082 659 1212 699 vero
1265 645 1577 713 conatibus,
1621 647 1826 718 quibus
1923 648 2012 703 his
2068 648 2168 718 qui
2215 663 2319 718 pro
2373 663 2440 702 eo
2489 645 2848 717 passionibus
2903 645 3316 701 submittuntur

189 739 524 804 potuerunt,
580 737 788 791 multos
841 753 875 790 a
927 739 1084 791 recta
1127 740 1184 792 et
1224 738 1498 793 catholica
1544 738 1654 795 ﬁde
1695 758 1823 795 sua-

1926 559 2058 610 ante
2087 554 2323 625 januam
2364 552 2589 621 assistit,
2635 568 2872 608 coronas
2921 551 3176 608 hilariter
3217 570 3319 625 pro
3387 553 3556 610 'ttens

1926 648 2012 703 his
2068 648 2168 718 qui
2215 663 2319 718 pro
2373 663 2440 702 eo
2489 645 2848 717 passionibus
2903 567 3554 737 submittunturfntiluod

1925 742 1970 794 si
2014 740 2356 795 subtraxerit
2401 756 2460 793 se
2511 739 2672 811 quis,
2729 756 2842 794 non
2880 739 3126 810 placebit
3145 739 3365 795 "animas
3389 757 3550 809 meae,

189 827 392 882 dentes
426 828 1017 897 recederefecerunt,
1045 833 1102 884 et
1138 834 1265 900 post
1311 847 1370 884 se
1409 831 1469 886 in
1501 849 1826 904 perversam
1924 834 2022 888 sed
2053 833 2214 888 cadet
2239 833 2309 888 de
2344 832 2716 904 promissione
2755 835 2987 903 propter
3013 833 3399 904 negationem.
3440 837 3553 889 Nos

190 923 251 974 et
280 921 393 976 Deo
429 921 702 978 odibilem
746 922 1065 978 doctrinam
1102 939 1366 979 corruere
1403 931 1820 996 persuaserunt.

186 1013 303 1069 Sed
340 1015 484 1069 sicut
527 1015 770 1071 istorum
814 1015 1377 1087 tergiversationibus
1416 1018 1585 1072 nimis
1627 1036 1823 1075 sumus

185 1107 510 1164 contristati
565 1112 622 1164 et
663 1109 730 1165 de
763 1125 962 1164 eorum
1003 1109 1321 1180 perditione
1363 1111 1609 1182 contriti,
1638 1113 1716 1166 sic
1752 1113 1822 1168 de

187 1200 440 1256 aliorum
468 1203 891 1257 conversatione
919 1202 1160 1258 Domino
1178 1203 1486 1259 auxiliante
1514 1221 1707 1259 sumus
1729 1206 1823 1260 le-

185 1292 406 1350 tiﬁcati.
440 1295 586 1350 Deus
612 1299 805 1350 autem
836 1296 1199 1367 omnipotens
1216 1297 1314 1368 qui
1343 1297 1598 1353 tristibus
1623 1298 1822 1353 miscet

184 1387 337 1456 laeta,
369 1388 578 1459 Oppido
599 1405 705 1443 nos
723 1388 1048 1457 lastiﬁcavit,
1079 1406 1189 1461 quo
1215 1389 1450 1462 quidam
1475 1393 1821 1448 confessores

184 1480 288 1551 qui
315 1480 532 1535 dudum
576 1482 803 1536 fuerant
848 1482 1063 1552 ﬁdeles,
1113 1500 1147 1538 a
1174 1483 1336 1538 nobis
1365 1487 1421 1538 et
1450 1501 1484 1538 a
1527 1489 1678 1540 recta
1709 1486 1820 1540 ﬁde

185 1573 417 1629 diabolo
442 1575 750 1645 instigante
777 1591 835 1631 se
861 1579 1205 1647 separantes,
1235 1593 1367 1631 cum
1392 1577 1630 1633 Maximo
1659 1595 1815 1649 pres-

183 1667 390 1737 bytero
431 1668 503 1722 ad
557 1668 858 1723 Ecclesiam
899 1669 1252 1725 Catholicam
1300 1673 1358 1724 et
1393 1671 1564 1727 ﬁdem
1605 1678 1816 1727 rectam

185 1765 324 1815 sunt
369 1760 596 1831 reversi,
643 1764 699 1817 et
738 1762 926 1817 denuo
970 1763 1113 1818 sicut
1154 1767 1309 1835 prius
1344 1765 1479 1819 facti
1522 1770 1653 1820 sunt
1677 1782 1814 1820 con-

1925 931 2118 981 antem
2143 943 2260 981 non
2287 942 2480 980 sumus
2513 925 2907 980 subtractionis
2929 925 3031 979 ﬁlii
3057 926 3117 980 in
3152 927 3548 996 perditionem,

1921 1021 2018 1075 sed
2036 1019 2168 1074 ﬁdei
2189 1020 2247 1073 in
2264 1018 2696 1090 acquisitionem
2716 1018 2940 1073 animae.
2959 1019 3195 1090 Propter
3208 1020 3365 1091 quod
3390 1036 3548 1075 assu-

1921 1113 2060 1167 mite
2101 1129 2260 1167 arma
2294 1112 2412 1180 Dei,
2465 1117 2528 1166 ut
2576 1110 2798 1182 possitis
2847 1111 3106 1167 resistere
3151 1113 3212 1168 in
3262 1113 3352 1166 die
3397 1113 3548 1168 malo

1919 1205 2186 1261 adversus
2215 1221 2412 1260 omnes
2433 1203 2695 1258 inimicos
2719 1207 2926 1258 sanctae
2960 1204 3216 1260 Ecclesim
3237 1208 3294 1260 et
3312 1209 3546 1276 vestros,

1921 1304 1976 1354 et
2011 1298 2228 1354 induite
2265 1315 2362 1353 vos
2401 1297 2569 1352 lorica
2607 1296 2860 1367 justitim,
2908 1301 2964 1351 et
3000 1297 3230 1352 calceati
3273 1299 3444 1369 pedes
3488 1299 3548 1353 in

1919 1392 2329 1464 praeparatione
2348 1389 2637 1462 Evangelii
2649 1390 2821 1461 pacis,
2839 1389 2899 1443 in
2921 1389 3184 1444 omnibus
3201 1394 3546 1447 assumentes

1919 1491 2140 1540 scutum
2168 1485 2322 1552 ﬁdei,
2340 1485 2400 1539 in
2428 1501 2542 1556 quo
2562 1483 2785 1555 possitis
2799 1482 2994 1538 omnia
3010 1483 3202 1553 jacula
3219 1484 3548 1555 nequissimi

1916 1579 2096 1650 ignita
2129 1578 2508 1648 exstinguere.
2558 1578 2626 1631 Et
2671 1576 2896 1648 galeam
2937 1575 3131 1630 salutis
3174 1576 3462 1646 assumite,
3492 1580 3549 1631 et

1919 1671 2173 1743 gladium
2199 1671 2460 1743 Spiritus,
2491 1671 2642 1742 quod
2669 1674 2754 1726 est
2772 1669 3012 1725 verbum
3043 1668 3158 1736 Dei,
3191 1685 3294 1740 per
3320 1685 3549 1724 omnem

1918 1765 2236 1821 orationem
2282 1769 2338 1820 et
2384 1764 2840 1820 obsecrationem
2874 1762 3110 1818 radicati
3145 1767 3201 1817 et
3238 1762 3462 1817 fundati
3486 1762 3548 1816 in

185 1853 429 1908 fessores
490 1854 703 1909 ﬁdeles.
766 1856 1154 1928 Quapropter,
1222 1858 1566 1927 eharissimi,
1630 1848 1893 1920 horta-B
1917 1859 2114 1914 solatio
2162 1859 2404 1913 fratrum
2440 1874 2542 1928 pro
2590 1856 2812 1912 Christo
2871 1859 3005 1912 Jesu
3049 1854 3288 1909 Domino
3333 1860 3542 1910 nostro.

185 1963 320 2002 mur
355 1963 453 2002 vos
507 1952 564 2002 et
619 1948 991 2020 deprecamur
1041 1967 1145 2022 per
1200 1953 1505 2008 Dominum
1560 1958 1818 2007 nostrum

182 2041 378 2095 Jesum
448 2040 732 2096 Christum
761 2085 776 2110 ,
859 2048 920 2098 ut
993 2049 1051 2099 et
1123 2045 1420 2116 praedictos
1482 2045 1775 2101 haereticos
1799 2089 1813 2115 ,

185 2139 244 2188 et
300 2149 496 2189 omnes
548 2152 689 2206 quos
739 2153 772 2190 a
823 2141 974 2192 recta
1025 2137 1137 2193 ﬁde
1185 2145 1242 2194 et
1298 2139 1555 2195 doctrina
1604 2146 1818 2214 aposta-

185 2233 308 2282 tare
349 2229 747 2299 cognoveritis,
791 2230 1277 2287 exhortationibus
1319 2238 1376 2288 et
1416 2234 1580 2289 bonis
1618 2235 1816 2290 studiis

183 2319 380 2375 vestris
430 2321 500 2376 ad
553 2321 889 2378 catholicam
931 2323 1104 2379 ﬁdem
1151 2328 1208 2380 et
1244 2330 1456 2381 rectam
1503 2327 1817 2383 doctrinam

184 2411 318 2486 38
367 2419 694 2470 convertere
751 2417 1092 2485 contendite,
1161 2424 1218 2473 et
1267 2419 1329 2473 in
1385 2420 1482 2475 Dei
1528 2422 1816 2477 voluntate

181 2507 486 2576 persistere
513 2508 764 2565 suadete.
792 2512 860 2566 Et
886 2528 1001 2566 non
1028 2512 1208 2566 solum
1233 2512 1359 2581 hos,
1382 2514 1480 2568 sed
1499 2531 1695 2569 omnes
1716 2516 1815 2587 qui

182 2600 448 2655 nondum
476 2600 645 2656 ﬁdem
682 2609 894 2658 rectam
937 2609 1338 2677 perceperunt,
1383 2607 1453 2662 ad
1481 2607 1814 2662 catholicam

179 2693 356 2748 ﬁdem
381 2695 689 2766 perducere
713 2696 990 2766 festinate,
1017 2717 1044 2749 «
1069 2698 1205 2770 quia
1230 2715 1416 2771 neque
1431 2717 1607 2771 mors,
1628 2716 1815 2773 neque

179 2786 317 2856 vita,
371 2803 556 2859 neque
592 2790 801 2860 angeli,
851 2807 1037 2862 neque
1083 2792 1449 2864 principatus,
1493 2810 1680 2865 neque
1722 2795 1811 2848 in-

179 2880 411 2947 stantia,
442 2898 628 2953 neque
654 2883 863 2951 futura,
904 2900 1098 2956 neque
1131 2886 1428 2956 fortitudo,
1458 2903 1643 2959 neque
1686 2887 1811 2942 alti-

177 2974 338 3042 tudo,
370 2991 554 3046 neque
588 2976 964 3048 profundum,
1005 2994 1194 3050 neque
1237 2984 1493 3035 creatura
1523 2981 1631 3035 alia
1668 2981 1812 3052 (ma-

181 3068 359 3138 gistro
388 3069 648 3139 gentium
685 3070 939 3141 docente)
968 3071 1177 3142 poterit
1201 3089 1303 3128 nos
1333 3090 1590 3144 separare
1620 3092 1652 3128 a
1677 3074 1812 3130 cha-

177 3160 346 3214 ritate
365 3161 593 3225 Domini
618 3164 799 3218 nostri
821 3165 950 3218 Jesu
975 3165 1203 3233 Christi,
1240 3169 1297 3221 et
1321 3183 1450 3238 quae
1489 3167 1550 3221 in
1579 3167 1701 3239 ipso
1731 3173 1814 3223 est

181 3274 208 3304 ε(
237 3257 396 3309 recta
421 3219 535 3308 ﬁde
575 3255 742 3322 (Rom.
778 3273 894 3325 v11],
928 3217 1207 3330 38,739);
1833 3217 1887 3292 Ο

178 3352 295 3402 tere
351 3348 753 3405 conﬁdentiam
833 3354 1078 3407 vestram
1126 3369 1253 3425 quas
1322 3365 1592 3425 magnam
1643 3355 1814 3410 habet

177 3442 702 3498 remunerationem
750 3445 928 3515 (Hebr.
977 3462 1033 3513 x,
1090 3448 1196 3516 35).
1256 3467 1283 3496 ››
1333 3442 1612 3509 Patientia
1656 3449 1810 3503 enim

179 3535 340 3590 nobis
359 3536 682 3592 necessaria
702 3542 784 3592 est
796 3537 868 3592 ad
895 3539 1319 3595 colluctationes
1334 3541 1809 3611 adversariorum,

180 3632 466 3698 quatenus
504 3630 676 3686 ﬁdem
719 3632 1114 3688 intemeratam
1149 3650 1326 3706 usque
1369 3635 1430 3688 in
1467 3635 1640 3690 ﬁnem
1683 3652 1812 3690 con-

179 3727 468 3778 servantes
486 3724 988 3795 repromissionem
1008 3727 1386 3799 percipiamus
1418 3745 1588 3800 quam
1616 3745 1807 3801 repro-

176 3815 332 3871 misit
358 3815 452 3870 his
497 3818 596 3888 qui
639 3818 894 3890 legitime
937 3823 1150 3876 certare
1178 3826 1510 3894 properant.
1547 3845 1574 3873 «
1611 3822 1812 3878 Adhuc

178 3909 329 4001 enim
381 3909 676 3967 modicum
736 3913 1171 3986 aliquantulum,
1233 3916 1331 3988 qui
1382 3921 1652 3973 venturus
1705 3920 1808 3989 est,

1589 4063 1934 4072 .——.——.—.—~—_

1917 1953 2026 2008 Sed
2057 1956 2113 2006 et
2137 1969 2310 2020 nunc,
2338 1951 2567 2022 fratres,
2601 1949 3066 2005 commendamus
3097 1965 3191 2004 vos
3218 1949 3462 2003 Domino
3493 1953 3549 2004 et

1918 2062 2113 2101 omnes
2155 2045 2327 2100 verbo
2378 2045 2576 2116 gratia:
2619 2045 2759 2115 ejus,
2799 2043 2896 2116 qui
2952 2047 3138 2115 potest
3181 2042 3450 2113 perﬁcere
3492 2045 3552 2096 et

1917 2140 2051 2194 dare
2099 2138 2491 2194 haereditatem
2563 2137 2726 2192 nobis
2792 2153 2923 2192 cum
2997 2135 3258 2191 omnibus
3318 2134 3545 2190 sanctis.

1918 2235 2040 2304 lpse
2083 2236 2277 2288 autem
2314 2234 2458 2287 Deus
2499 2231 2656 2302 pacis
2703 2235 2759 2285 et
2811 2228 3205 2284 consolationis
3247 2228 3344 2283 det
3390 2227 3550 2283 vobis

1915 2325 2164 2396 idipsum
2210 2341 2405 2396 sapere
2471 2323 2528 2378 in
2569 2324 2932 2390 alterutrum,
2994 2327 3059 2377 ut
3101 2322 3258 2377 vobis
3305 2321 3551 2377 invicem

1915 2418 2248 2474 succurratis
2279 2421 2334 2474 et
2360 2433 2474 2472 non
2501 2416 2619 2471 sitis
2644 2416 2824 2484 divisi,
2857 2420 2922 2470 ut
2946 2416 3262 2482 unanimes,
3299 2431 3418 2470 uno
3451 2430 3550 2470 ore

1917 2517 1973 2568 et
2020 2529 2130 2567 une
2174 2512 2342 2566 corde
2385 2511 2767 2566 honoriﬁcetis
2811 2526 2944 2564 eum
2985 2509 3042 2564 in
3092 2509 3452 2564 concordiam
3493 2511 3551 2563 et

1916 2605 2358 2660 consolationem
2405 2605 2666 2674 fratrum,
2713 2603 2812 2674 qui
2855 2607 3041 2674 potest
3077 2602 3417 2657 confirmare
3452 2617 3550 2656 vos

1916 2699 2225 2756 secundum
2269 2697 2640 2769 Evangelium
2690 2697 2830 2768 ejus,
2894 2697 3065 2766 juxta
3145 2695 3549 2750 revelationem

1917 2793 2116 2848 aeterni
2143 2791 2416 2863 mysterii,
2447 2790 2799 2862 temporibus
2829 2789 3037 2844 scilicet
3075 2789 3381 2860 perpetuis,
3414 2789 3546 2860 qui-

1914 2886 2018 2942 bus
2071 2886 2225 2941 vobis
2276 2886 2599 2960 futurorum
2667 2883 3004 2956 gaudiorum
3063 2882 3356 2954 largienda
3418 2886 3552 2937 sunt

1913 2996 2172 3034 munera.
2191 2979 2570 3051 SummOpere
2587 2977 2943 3033 considerare
2964 2976 3137 3032 etiam
3157 2975 3372 3032 debetis
3393 2976 3550 3048 quod

1913 3074 1994 3128 illi
2039 3073 2137 3144 qui
2178 3072 2448 3127 fratribus
2496 3071 2756 3126 invident
2799 3086 3005 3142 eosque
3065 3071 3333 3125 damnare
3377 3073 3547 3140 atque

1911 3167 2151 3239 perdere
2177 3167 2436 3238 cupiunt,
2459 3183 2564 3237 per
2583 3182 2642 3221 se
2661 3182 2760 3221 sua
2776 3165 3047 3237 dogmata
3066 3165 3381 3220 destruunt.
3403 3163 3550 3218 Dicit

1913 3261 2070 3315 enim
2098 3260 2370 3316 Dominus
2398 3279 2414 3314 :
2450 3279 2477 3313 ‹‹
2505 3260 2686 3315 Omne
2708 3275 2952 3330 regnum
2981 3259 3042 3313 in
3075 3274 3133 3314 se
3161 3257 3402 3313 divisum
3431 3273 3547 3312 non

1912 3354 2082 3409 stabit
2128 3355 2341 3424 (Matth.
2386 3369 2484 3420 xn,
2531 3353 2640 3423 25),
2686 3351 2804 3424 nlet
2851 3351 3036 3406 omnis
3077 3351 3316 3407 scientia
3353 3355 3410 3406 et
3453 3351 3547 3405 lex

1910 3448 2207 3504 adversum
2237 3463 2295 3501 se
2336 3447 2513 3501 divisa
2547 3462 2664 3500 non
2699 3445 2885 3500 Stabit.
2927 3445 3175 3516 [deoque
3203 3461 3433 3500 necesse
3459 3446 3547 3498 est

1912 3545 1976 3595 ut
2000 3540 2352 3596 concorditer
2375 3539 2624 3594 salubres
2655 3537 2974 3609 suscipiatis
3005 3539 3282 3605 hortatus,
3314 3540 3372 3591 et
3401 3536 3544 3590 nihil

1910 3652 2016 3707 per
2051 3633 2474 3690 contentionem
2522 3635 2769 3704 agentes,
2813 3631 2909 3686 sed
2960 3632 3030 3686 ad
3071 3646 3241 3685 omne
3292 3629 3544 3684 studium

1913 3727 2232 3784 devotionis
2263 3726 2568 3782 unanimes
2593 3724 2795 3780 divinis
2823 3728 2881 3779 et
2908 3723 3224 3796 apostolicis
3259 3722 3538 3778 constitu-

1911 3822 2160 3878 tionibus
2184 3821 2448 3894 pareatis.
2476 3822 2610 3876 Data
2635 3835 2710 3875 vn
2746 3819 2872 3874 Idus
2898 3810 3264 3890 Septembris,
3289 3815 3456 3872 Decio
3483 3820 3542 3872 et

1910 3917 2145 3972 Maximo
2173 3932 2254 3972 ιω
2284 3932 2364 3972 cc.

1949 4064 2120 4071 Ἢ

435 4170 650 4242 ΙΤΕΜ
694 4172 1114 4245 EPISTOLA
1159 4176 1562 4247 CORNELII
1607 4178 1866 4248 ΡΑΡλΕ
1916 4178 2382 4247 ORIENTALI
2430 4174 2842 4246 EPISCOPO
2887 4174 3284 4245 DIRECTA.

797 4311 895 4380 Ne
922 4312 1282 4377 sacerdotes
1311 4314 1584 4378 Domini
1596 4315 1836 4396 jurare
1859 4321 2277 4397 prwsumant
2301 4313 2408 4376 vel
2431 4311 2922 4394 compellantur.

241 4478 556 4538 CORNELIUS
580 4479 876 4554 episcopus
920 4485 1075 4541 RUFO
1115 4486 1440 4559 coepiscopo
1467 4487 1527 4543 in
1563 4487 1802 4544 Domino
1821 4501 1883 4575 D
1905 4491 2068 4544 tenus
2098 4505 2132 4543 a
2160 4485 2397 4542 summis
2426 4483 2817 4540 sacerdotibus
2847 4484 2930 4538 vel
2963 4482 3194 4556 reliquis
3222 4481 3394 4553 exigi,
3427 4478 3538 4535 nisi

174 4569 433 4628 salutem.

242 4666 434 4739 Exigit
459 4666 685 4724 dilectio
707 4672 822 4739 tua,
850 4671 1024 4729 frater
1051 4673 1404 4746 charissima,
1429 4680 1494 4731 ut
1512 4693 1578 4732 ex
1610 4681 1802 4733 aucto-

173 4759 336 4816 ritate
380 4761 536 4817 sedis
563 4764 884 4835 apostolica:
926 4766 1040 4822 tuis
1084 4768 1420 4825 deberemus
1459 4771 1807 4827 consultibus

174 4855 543 4926 respondere.
570 4858 732 4922 Quod
773 4859 904 4915 licet
944 4877 1064 4917 non
1103 4863 1338 4934 prolixe,
1385 4863 1485 4920 sed
1523 4865 1805 4920 succincte

170 4963 344 5018 agere
367 4949 772 5009 festinaremus
792 4959 1022 5027 propter
1050 4957 1328 5028 quasdam
1353 4957 1808 5030 importunitates

171 5056 304 5112 quas
327 5043 542 5099 nostris
582 5047 1066 5119 praepedientibus
1106 5052 1348 5122 peccatis
1380 5052 1441 5107 in
1480 5069 1582 5107 nos
1609 5069 1805 5124 super-

168 5150 402 5208 venere,
433 5137 546 5193 tuis
571 5144 766 5196 tamen
813 5158 914 5214 per
945 5143 1163 5217 reliqua
1205 5148 1536 5202 sanctorum
1575 5151 1806 5218 patrum

163 5227 436 5286 instituta
489 5233 691 5288 studiis
754 5236 1086 5309 perquirere
1128 5239 1313 5309 latius,
1363 5244 1421 5296 et
1471 5240 1806 5313 investigare

165 5323 582 5394 permittimus.
611 5327 735 5383 Non
761 5329 917 5384 enim
941 5335 1126 5403 potest
1147 5349 1309 5388 mens
1327 5334 1519 5390 attrita
1546 5340 1604 5390 et
1629 5335 1809 5391 oneri-

165 5416 282 5471 bus
327 5420 500 5491 atque
539 5419 1070 5493 importunitatihus
1128 5431 1354 5498 gravata
1407 5433 1628 5486 tantum
1673 5430 1810 5486 boni

163 5525 474 5596 peragere,
526 5519 810 5587 quantum
881 5519 1156 5576 delectata
1220 5526 1277 5578 et
1347 5523 1807 5596 oppressionibus

165 5604 534 5687 soluta.\Non
567 5624 706 5682 ergo
754 5610 862 5666 ista
896 5612 967 5668 ob
1001 5613 1061 5668 id
1090 5616 1463 5687 praetulimus,
1500 5621 1563 5673 ut
1600 5619 1723 5674 haec
1753 5623 1810 5675 et

161 5698 280 5754 alia
305 5698 436 5772 quae
462 5704 778 5761 necessaria
816 5705 940 5764 fore
979 5711 1414 5780 cognoverimus
1447 5715 1562 5768 tuae
1599 5712 1809 5770 Sancti-

161 5793 274 5848 tati
315 5795 558 5852 velimus
597 5798 902 5873 denegare,
951 5803 1054 5859 sed
1097 5805 1252 5875 quod
1293 5806 1385 5862 hic
1424 5806 1612 5863 minus
1650 5807 1804 5864 inve-

157 5888 351 5961 nitur,
375 5891 548 5949 latius
576 5895 954 5967 perquiratur.
983 5899 1412 5959 Sacramentum
1455 5904 1646 5960 autem
1675 5903 1806 5959 hac-

1906 4599 2009 4654 pro
2039 4581 2148 4636 ﬁde
2174 4584 2326 4637 recta
2352 4579 2593 4654 minime
2624 4578 3011 4648 cognovimus,
3060 4592 3166 4631 nec
3193 4578 3537 4646 spontaneos

1901 4677 2125 4749 jurasse
2145 4673 2482 4746 reperimus.
2496 4666 2869 4749 Summopere
2892 4687 3029 4742 ergo
3054 4671 3278 4723 sanctus
3301 4666 3537 4722 .lacobus

1909 4771 2188 4843 apostolus
2221 4761 2531 4840 prohibens
2560 4768 2978 4820 sacramentum
3012 4761 3268 4834 loquitur
3295 4761 3490 4815 dicens
3519 4777 3533 4814 :

1911 4887 1939 4915 ι(
1965 4867 2110 4920 Ante
2137 4863 2349 4931 omnia,
2378 4863 2582 4917 fratres
2604 4859 2740 4927 mei,
2767 4859 2941 4914 nolite
2960 4857 3178 4928 jurare,
3215 4871 3406 4927 neque
3434 4871 3540 4927 per

1908 4961 2129 5028 coelum,
2152 4975 2338 5030 neque
2358 4975 2462 5030 per
2481 4960 2716 5026 terram,
2744 4970 2931 5025 neque
2960 4951 3116 5007 aliud
3149 4949 3536 5023 quodcunque

1901 5055 2316 5128 juramentum.
2345 5053 2431 5109 Sit
2462 5054 2656 5108 autem
2693 5065 2882 5104 sermo
2919 5051 3128 5117 vester,
3165 5049 3249 5100 est
3286 5047 3390 5112 est,
3423 5060 3540 5100 non

1905 5166 2047 5220 non,
2079 5154 2139 5205 ut
2172 5165 2286 5204 non
2313 5147 2416 5202 sub
2466 5144 2683 5219 judicio
2726 5142 2996 5198 decidatis
3027 5143 3157 5209 (Jac.
3189 5157 3242 5208 v,
3277 5139 3382 5210 l2).
3412 5160 3440 5189 »
3474 5139 3543 5194 Et

1909 5243 2184 5298 Dominus
2209 5243 2268 5297 in
2295 5240 2600 5312 Evangelio
2640 5237 2719 5292 ait
2749 5220 2823 5307 :f'a
2866 5234 3116 5291 Audistis
3160 5233 3296 5305 quia
3325 5233 3542 5288 dictum

1906 5340 1994 5393 est
2019 5335 2287 5409 antiquis,
2314 5352 2434 5390 non
2465 5330 2810 5405 perjurabis,
2845 5329 3049 5385 reddes
3083 5332 3277 5384 autem
3303 5327 3542 5382 Domino

1899 5431 2232 5504 juramenta
2274 5434 2388 5485 tua.
2436 5429 2554 5498 Ego
2585 5431 2776 5480 autem
2822 5424 2946 5480 dico
2987 5422 3165 5493 vobis,
3200 5439 3320 5478 non
3346 5422 3544 5495 jurare

1909 5526 2172 5594 omnino;
2217 5538 2404 5594 neque
2435 5537 2537 5593 per
2585 5519 2813 5588 coelum,
2857 5519 2988 5590 quia
3023 5517 3270 5574 thronus
3307 5515 3402 5572 Dei
3437 5519 3539 5585 est,

1909 5635 2094 5691 neque
2115 5634 2221 5691 per
2254 5621 2466 5673 terram
2507 5614 2638 5687 quia
2681 5613 2992 5669 scabellum
3031 5615 3117 5668 est
3153 5611 3367 5684 pedum
3394 5609 3539 5680 ejus,

1907 5729 2099 5786 neque
2123 5728 2227 5784 per
2256 5708 2722 5782 Hierosolymam,
2755 5707 2888 5780 quia
2932 5705 3123 5762 civitas
3163 5703 3364 5776 magni
3392 5701 3543 5772 regis

1908 5813 2010 5879 est,
2033 5821 2221 5879 neque
2239 5821 2345 5878 per
2365 5807 2533 5878 caput
2553 5809 2714 5860 tuum
2733 5800 3041 5874 juraveris,
3077 5799 3208 5871 quia
3233 5813 3350 5852 non
3379 5798 3541 5867 potes

1910 5919 2087 5960 unum
2105 5899 2373 5972 capillum
2394 5900 2589 5956 album
2611 5899 2798 5954 facere
2823 5899 2920 5953 aut
2954 5894 3208 5964 nigrum.
3244 5889 3324 5946 Sit
3348 5893 3540 5946 autem

3439 648 3554 703 uod
3617 668 3620 672 '
