4058 6352
518 318 619 372 167

1408 313 1692 370 APPEND.
1737 313 1824 366 AD
1863 311 2024 366 SASC.
2058 312 2144 366 1X.
2177 339 2246 350 -—-
2279 309 2524 366 lSlDORl
2560 306 2983 365 MERCATORIS

3783 302 3883 356 l68

515 439 708 480 sermo
744 424 945 492 vester,
992 424 1078 478 est
1129 423 1232 490 est,
1278 437 1395 476 non
1440 438 1575 476 non.
1625 420 1786 485 Quod
1830 423 2021 474 autem
2065 419 2154 474 his
2175 421 2482 508 Aoportet
2505 434 2604 473 vos
2634 434 2755 472 esse
2781 417 2840 470 in
2878 413 3084 470 sanctis
3129 407 3648 467 conversationibus
3683 411 3741 463 et
3767 407 3887 478 pie-

515 511 901 569 abundantius
928 515 1031 580 est,
1063 527 1096 566 a
1131 511 1286 566 malo
1321 515 1403 566 est
1436 511 1649 580 (Matth.
1694 526 1747 577 v,
1783 509 1992 580 33-37),
2023 530 2050 558 »
2094 509 2152 563 id
2175 500 2234 508 ”
2259 512 2487 580 tatibus,
2511 513 2894 581 exspectantes
2910 512 2965 563 et
2981 508 3349 579 properantes
3365 505 3424 558 in
3444 503 3751 558 adventum
3774 500 3889 554 diei

518 611 604 663 est
628 607 697 661 ab
728 606 992 675 exigente
1022 611 1077 659 et
1101 622 1133 659 a
1158 605 1407 675 jurante.
1433 605 1578 670 Haec,
1601 605 1781 658 frater
1805 603 2151 668 charissima,

516 700 640 771 ipse
681 698 956 753 Dominus
995 698 1278 768 prohibet,
1324 698 1379 751 id
1416 701 1500 752 est
1537 714 1655 751 non
1695 696 1902 751 debere
1935 697 2151 766 jurare,

515 793 638 848 haec
666 791 908 862 apostoli
945 792 1187 846 maxime
1227 807 1450 856 omnes,
1494 791 1616 844 haec
1657 790 1831 844 sancti
1865 789 1968 843 viri
2008 805 2150 859 pra:-

515 886 838 941 decessores
863 884 1038 939 nostri
1071 885 1167 955 qui
1197 884 1331 938 huic
1353 887 1567 938 sanctae
1597 883 1903 938 universali
1935 887 2154 952 aposto-

515 979 640 1033 licae
667 977 922 1034 Ecclesiae
943 977 1296 1048 praefuerunt
1320 980 1455 1031 ante
1476 994 1603 1045 nos,
1635 977 1757 1030 haac
1783 975 2077 1046 prophetia
2098 978 2155 1029 et

515 1072 721 1143 reliqui
773 1070 951 1125 sancti
999 1071 1260 1125 doctores
1323 1086 1428 1141 per
1493 1070 1820 1124 universum
1873 1069 2152 1123 mundum

514 1163 751 1234 dispersi
793 1164 865 1218 ad
916 1164 1369 1234 praedicandum,
1412 1164 1744 1234 juramenta
1773 1162 1897 1217 ﬁeri
1939 1165 2146 1217 vetant.

515 1259 767 1322 Quorum
791 1274 898 1312 nos
921 1258 1183 1327 exemplo
1203 1257 1251 1310 si
1269 1257 1608 1328 coeperimus
1623 1271 1962 1310 enumerare
1978 1255 2151 1309 autin

520 1350 794 1406 schedula
818 1351 926 1404 hac
954 1351 1224 1417 inserere,
1254 1353 1387 1404 ante
1409 1349 1675 1404 deﬁceret
1694 1350 1831 1403 hora
1845 1348 1959 1403 diei
1977 1364 2149 1419 quam

515 1460 716 1499 eorum
760 1444 1018 1514 exempla
1059 1443 1130 1496 de
1158 1443 1263 1497 hac
1305 1459 1471 1497 causa
1513 1442 1822 1513 prohibita.
1873 1443 2005 1505 Quae
2050 1458 2150 1495 nos

514 1542 840 1591 sanctorum
883 1538 1182 1606 sequentes
1231 1536 1621 1606 apostolorum
1667 1551 1979 1606 eorumque
2024 1551 2147 1589 suc-

515 1645 802 1684 cessorum
848 1629 979 1698 jura
1027 1628 1343 1696 firmamus,
1417 1633 1476 1683 et
1527 1631 1871 1684 sacramenta
1923 1628 2151 1682 incauta

515 1721 640 1777 fieri
666 1722 1060 1794 prohibemus.
1095 1722 1256 1776 Unde
1304 1727 1361 1777 et
1389 1722 1507 1792 ipse
1539 1722 1818 1777 Dominus
1858 1721 1917 1776 in
1942 1720 2149 1786 tabulis

2257 621 2358 676 per
2409 622 2578 676 quem
2629 603 2755 659 coeli
2802 603 3065 657 ardentes
3131 600 3434 665 solventur,
3500 601 3558 651 et
3605 596 3889 651 elementa

2256 698 2405 768 ignis
2454 697 2655 752 ardore
2705 697 2992 750 tabescent
3043 695 3112 764 (II
3155 696 3300 748 Petr.
3352 708 3432 756 IIl,
3478 690 3642 761 8-12).
3697 709 3724 738 »
3776 689 3887 742 Vos

2254 794 2464 857 autem,
2509 789 2843 858 charissimi,
2873 788 3011 843 dixit
3054 788 3225 841 Judas
3266 783 3569 855 apostolus,
3602 796 3888 836 memores

2255 887 2430 938 estote
2477 884 2780 938 verborum
2840 898 2966 952 quae
3011 879 3280 950 praedicta
3332 881 3465 931 sunt
3504 876 3573 929 ab
3621 873 3886 945 apostolis

2254 977 2480 1031 Domini
2538 976 2719 1031 nostri
2768 977 2899 1030 Jesu
2953 973 3180 1039 Christi,
3237 971 3337 1042 qui
3389 969 3652 1024 dicebant
3703 966 3884 1032 vobis,

2255 1071 2522 1140 quoniam
2573 1071 2633 1124 in
2683 1068 2990 1123 novissimo
3044 1072 3305 1137 tempore
3357 1063 3586 1118 venient
3630 1062 3886 1115 illusores

2254 1164 2564 1218 secundum
2595 1179 2696 1217 sua
2727 1162 3010 1218 desideria
3033 1159 3393 1214 ambulantes
3413 1155 3802 1227 impietatum.
3822 1154 3886 1206 Hi

2253 1262 2384 1311 sunt
2418 1257 2516 1328 qui
2552 1259 2855 1328 segregant
2889 1254 3239 1324 semetipsos,
3287 1249 3579 1318 animales,
3621 1247 3884 1318 spiritum

2253 1272 2384 1311 sunt
2418 1274 2516 1328 qui
2552 1273 2712 1327 segre
2755 1272 2855 1309 ant
2889 1272 3239 1324 semetipsos,
3287 1272 3579 1318 annuales,
3621 1272 3884 1318 spiritum

2252 1368 2367 1405 non
2411 1272 2856 1452 habentesiVos
2898 1350 3110 1414 autem,
3157 1343 3496 1409 charissimi,
3537 1340 3886 1412 superaediﬁ-

2696 1448 2704 1452 -
3092 1440 3124 1452 ,α
3192 1439 3201 1449 σ
3477 1443 3486 1452 ι
3644 1434 3714 1452 ρ]
3761 1433 3770 1444 ⁸
3829 1434 3877 1452 ΞΛ

2251 1451 2442 1499 cantes
2493 1433 2870 1513 vosmetipsos
2951 1439 3318 1495 sanctissimae
3375 1443 3574 1492 vestrae
3641 1433 3773 1488 ﬁdei
3827 1434 3887 1487 in

2252 1538 2463 1608 Spiritu
2501 1542 2690 1592 sancto
2736 1539 2962 1590 orantes
3000 1534 3151 1605 ipsos
3187 1550 3284 1586 vos
3331 1531 3390 1586 in
3435 1528 3735 1584 dilectione
3784 1527 3886 1581 Dei

2253 1635 2488 1699 servate,
2548 1634 2936 1702 exspectantes
3000 1625 3452 1682 misericordiam
3505 1621 3729 1678 Domini
3780 1637 3883 1675 no-

2251 1724 2353 1779 stri
2381 1726 2509 1779 Jesu
2533 1723 2739 1779 Christi
2776 1722 2836 1777 in
2883 1721 3059 1776 vitam
3091 1723 3385 1774 aeternam.
3419 1718 3488 1770 Et
3517 1717 3623 1770 hos
3652 1713 3886 1785 quidem

513 1814 758 1887 lapideis
802 1831 944 1886 quas
981 1814 1150 1886 Moysi
1198 1814 1368 1882 dedit,
1417 1815 1651 1886 propria
1685 1831 1862 1869 manu
1906 1814 2147 1885 scripsit,
2169 1801 2227 1873 Β
2251 1817 2473 1888 arguite
2493 1817 2794 1888 judicatos,
2835 1815 2962 1869 illos
2990 1831 3123 1869 vero
3153 1813 3357 1869 salvate
3389 1811 3459 1864 de
3488 1810 3620 1879 igne
3652 1806 3882 1878 rapien-

515 1909 730 1964 dicens.
755 1929 785 1959 ‹‹
821 1908 954 1964 Vide
981 1925 1056 1963 ne
1082 1923 1338 1962 assumas
1369 1925 1582 1962 nomen
1609 1908 1712 1962 Dei
1739 1908 1822 1962 tui
1854 1907 1912 1961 in
1938 1924 2148 1962 vanum

513 2001 708 2072 (Exod.
742 2017 831 2069 xx,
877 2003 950 2072 7),
1002 2021 1029 2052 »
1077 2004 1134 2056 et
1173 2001 1410 2072 reliqua.
1461 2002 1572 2056 Nos
1615 2005 1811 2055 autem
1856 2001 1938 2072 (ut
1978 2001 2148 2071 paulo

513 2094 776 2166 superius
806 2093 1245 2166 praelibavimus)
1284 2099 1702 2150 sacramentum
1741 2093 2019 2165 episcopis
2046 2110 2146 2148 ne-

513 2187 724 2244 scimus
754 2188 1026 2258 oblatum,
1062 2205 1167 2242 nec
1194 2204 1452 2258 unquam
1496 2187 1620 2242 fieri
1663 2187 1850 2254 debet,
1879 2187 2149 2258 quoniam

513 2281 596 2352 (ut
621 2299 789 2353 supra
843 2287 1232 2337 memoratum
1280 2281 1379 2349 est)
1418 2285 1772 2352 praeceptum
1812 2285 1897 2335 est
1929 2281 2090 2335 nobis
2117 2297 2150 2333 a

512 2375 759 2430 Domino
812 2392 928 2429 non
973 2375 1311 2446 jurandum,
1363 2391 1549 2446 neque
1597 2391 1700 2446 per
1743 2375 1967 2443 coelum,
2015 2375 2150 2444 quia

509 2469 752 2524 thronus
779 2469 879 2523 Dei
908 2473 1012 2535 est,
1057 2483 1245 2539 neque
1275 2483 1382 2538 per
1410 2473 1643 2536 terram,
1677 2466 1811 2539 quia
1845 2467 2148 2522 scabellum

508 2566 594 2618 est
617 2561 828 2633 pedum
857 2561 1001 2632 ejus,
1036 2576 1224 2632 neque
1252 2577 1358 2632 per
1387 2565 1558 2632 caput
1584 2577 1772 2630 suum,
1805 2561 1936 2632 quia
1957 2561 2148 2614 nullus

507 2659 693 2727 potest
750 2671 930 2709 unum
981 2653 1249 2725 capillum
1301 2669 1514 2708 creare.
1553 2654 1951 2725 Unusquisque
1991 2653 2144 2708 enim

512 2748 657 2803 sicut
687 2750 819 2802 ante
845 2749 1025 2802 altare
1044 2750 1200 2801 stans
1217 2747 1320 2802 Dei
1348 2747 1613 2802 timorem
1633 2747 1809 2801 habet
1827 2764 1945 2818 prae
1972 2747 2148 2802 oculis

512 2845 569 2898 et
616 2841 904 2912 propriam
967 2839 1380 2895 conscientiam
1435 2840 1712 2895 mundam
1768 2845 1950 2896 servat
2007 2842 2144 2908 Deo,

511 2930 667 3002 quod
694 2929 753 2983 in
780 2929 1122 2984 memoriam
1151 2927 1380 2998 retinet,
1418 2929 1742 2982 nullatenus
1769 2929 1945 2984 habet
1971 2929 2144 2984 inter-

511 3023 760 3090 mittere,
793 3022 1066 3094 quoniam
1088 3038 1149 3076 os
1167 3021 1323 3094 quod
1345 3022 1624 3077 mentitur
1645 3021 1852 3077 occidit
1872 3021 2144 3076 animam.

511 3118 582 3174 Et
609 3116 909 3188 Apostolus
938 3115 1016 3170 ait
1047 3133 1061 3171 :
1095 3134 1122 3168 ι(
1157 3115 1482 3188 Loquimini
1509 3116 1812 3172 veritatem
1844 3116 2146 3187 unusquis-

2247 1914 2349 1966 tes.
2397 1910 2533 1964 Aliis
2580 1915 2774 1964 autem
2823 1907 3180 1963 miseremini
3235 1906 3294 1960 in
3343 1905 3571 1972 timore,
3625 1900 3886 1955 odientes

2250 2020 2373 2059 eam
2413 2020 2544 2076 quae
2588 2003 2828 2058 carnalis
2863 2006 2946 2057 est
2982 2001 3319 2055 maculatam
3365 1996 3635 2053 tunicam.
3687 1994 3886 2048 Nullus

2252 2097 2406 2152 enim
2448 2098 2804 2153 sacerdotum
2851 2111 3079 2150 causam
3123 2109 3282 2148 suam
3325 2091 3507 2146 alieno
3562 2087 3888 2144 committat

2243 2191 2476 2262 judicio,
2517 2191 2623 2246 nisi
2657 2192 2727 2246 ad
2771 2190 2966 2245 sedem
3015 2187 3381 2259 apostolicam
3425 2183 3596 2239 fuerit
3641 2181 3889 2253 appella-

2250 2290 2392 2354 tum,
2438 2285 2538 2339 sed
2583 2282 2975 2354 unusquisque
3020 2277 3521 2352 comprovinciales
3553 2275 3775 2347 judices
3832 2277 3891 2329 et

2248 2383 2413 2434 notos
2444 2377 2668 2447 habeat,
2700 2376 2808 2431 nisi
2838 2377 3085 2447 aliquam
3117 2374 3233 2428 vim
3268 2369 3586 2428 temerariae
3624 2367 3884 2423 multitu-

2249 2471 2395 2527 dinis
2424 2470 2538 2525 illic
2563 2470 2839 2537 timuerit,
2872 2474 2971 2524 aut
2998 2468 3250 2536 infestos,
3295 2470 3392 2520 aut
3428 2466 3717 2535 suspectos
3741 2462 3889 2516 inibi

2241 2565 2462 2636 judices
2507 2564 2792 2630 habuerit,
2843 2579 2945 2634 pro
3026 2561 3232 2634 quibus
3282 2559 3463 2614 causis
3518 2557 3591 2612 ad
3649 2556 3889 2626 majoris

2247 2658 2598 2713 auctoritatis
2635 2657 2878 2729 judices,
2925 2661 2982 2711 et
3024 2655 3097 2710 ad
3138 2655 3278 2709 alias
3322 2651 3642 2724 provincias
3683 2649 3885 2720 appel-

2247 2751 2364 2806 lare
2415 2754 2474 2806 et
2520 2751 2713 2806 venire
2764 2766 3093 2806 concessum
3147 2753 3248 2802 est.
3305 2745 3510 2802 Omnia
3561 2760 3700 2814 ergo
3757 2759 3888 2814 quas

2247 2845 2512 2900 adversus
2539 2844 2802 2899 absentes
2832 2844 2890 2898 in
2944 2843 3100 2898 omni
3137 2840 3372 2912 negotio
3418 2844 3516 2894 aut
3543 2838 3667 2893 loco
3701 2853 3888 2908 agun-

2247 2942 2342 2993 tur
2355 2925 2482 3009 autj
2493 2938 2790 2993 udicantur
2804 2936 3038 2992 omnino
3053 2940 3387 3000 vacuentur,
3410 2932 3680 3003 quoniam
3693 2931 3894 2986 absen-

2247 3035 2367 3086 tem
2390 3033 2581 3086 nullus
2606 3032 2836 3099 addicit,
2869 3047 2974 3086 nec
3001 3030 3121 3085 ulla
3147 3029 3240 3084 lex
3278 3028 3527 3094 damnat,
3559 3025 3720 3080 facile
3749 3041 3890 3096 ergo

2250 3126 2420 3182 homo
2455 3126 2750 3181 hominem
2796 3125 2993 3186 fallere
3045 3129 3249 3195 potest,
3293 3138 3411 3177 non
3451 3127 3645 3175 tamen
3679 3119 3890 3186 Deum,

513 3168 580 3174 —-
1049 3168 1060 3171 τ
1157 3168 1182 3170 —
1210 3168 1274 3188 -ι
1305 3168 1481 3170 Nam
2251 3168 2418 3182 ..νων
2455 3168 2750 3181 “nunc...
2797 3168 2993 3186 mm...
3046 3168 3249 3195 re.--“
3294 3168 3411 3177 ..-η
3457 3168 3645 3175 -_----._
3679 3168 3890 3186 ~-__-,

513 3227 624 3284 que
675 3226 804 3264 cum
863 3209 1122 3280 ΡΓοΧίΠῙο
1181 3226 1302 3280 δυο,
1352 3209 1629 3280 quoniam
1678 3227 1872 3264 sumus
1909 3168 2225 3265 inViCemC
2250 3221 2408 3291 cujus
2451 3220 2627 3274 oculis
2660 3219 2852 3274 omnia
2895 3217 3051 3272 nuda
3099 3221 3232 3271 sunt
3258 3221 3315 3270 et
3367 3217 3582 3286 aperta.
3616 3213 3784 3267 Unde
3811 3212 3895 3266 ait

511 3304 775 3360 membra
806 3305 1013 3374 (Ephes.
1049 3320 1119 3373 1v,
1143 3303 1254 3375 25).
1289 3321 1315 3355 ››
1347 3304 1415 3357 Et
1441 3303 1578 3358 alibi
1611 3321 1623 3358 :
1657 3325 1684 3354 «
1711 3303 1896 3358 Nolite
1918 3304 2149 3359 mentiri

510 3396 753 3454 invicem
796 3398 927 3468 (Col.
974 3414 1053 3465 III,
1103 3398 1177 3468 9).
1220 3417 1248 3446 »
1297 3398 1424 3451 Haec
1469 3402 1599 3452 sunt
1640 3401 1924 3469 praecepta
1967 3398 2150 3453 Salva-

509 3492 666 3560 toris,
725 3491 846 3546 haec
887 3491 1328 3563 prophetarum,
1375 3491 1500 3544 haec
1546 3495 1874 3546 sanctorum
1917 3493 2149 3546 Patrum

509 3585 785 3640 instituta.
817 3585 956 3649 Quae
986 3584 1033 3639 si
1070 3583 1197 3656 quis
1240 3584 1300 3638 in
1341 3600 1548 3639 vanum
1587 3585 1831 3654 duxerit,
1861 3585 2036 3640 hostis
2065 3591 2150 3639 est

510 3678 718 3734 anima:
775 3695 912 3748 suis,
971 3678 1104 3750 quia
1149 3695 1322 3733 nemo
1365 3684 1567 3734 contra
1611 3679 1934 3750 prophetas,
1977 3695 2148 3733 nemo

512 3777 712 3826 contra
751 3771 1096 3843 apostolum,
1143 3788 1315 3826 nemo
1364 3777 1565 3826 contra
1608 3772 1976 3842 Evangelium
2013 3773 2150 3828 facit

513 3863 731 3934 aliquid
759 3863 970 3934 absque
1030 3863 1301 3934 periculo.
1341 3865 1408 3917 Et
1444 3881 1808 3935 summopore
1843 3865 2149 3936 praeviden-

513 3960 651 4015 dum
679 3963 781 4028 est,
812 3976 884 4015 ne
909 3962 1202 4031 pastorem
1229 3977 1397 4015 suum
1423 3977 1556 4015 oves
1587 3978 1715 4032 quae
1741 3963 1792 4016 ei
1823 3963 2143 4018 commissa:

513 4053 740 4108 fuerant
794 4053 1210 4124 reprehendere
1270 4052 1396 4122 (nisi
1466 4071 1499 4108 a
1547 4055 1658 4110 ﬁde
1725 4055 2145 4128 exorbitaverit)

516 4163 702 4219 neque
731 4163 992 4201 accusare
1027 4151 1396 4218 praesumant,
1441 4147 1714 4219 quoniam
1755 4149 1891 4204 tales
1929 4166 2148 4205 accusa-

513 4241 698 4296 tiones
735 4240 850 4294 vim
890 4257 1008 4296 non
1047 4240 1281 4309 habent,
1318 4257 1505 4313 neque
1545 4241 1625 4296 eis
1665 4259 1867 4298 nocere
1894 4249 2142 4314 possunt.

519 4356 546 4385 «
571 4336 755 4390 Unum
768 4351 927 4401 vero,
950 4333 1284 4403 charissimi,
1305 4356 1333 4386 »
1358 4337 1424 4390 ut
1437 4335 1517 4389 ait
1536 4336 1730 4391 beatus
1743 4338 2030 4408 apostolus
2050 4340 2146 4393 Pe-

515 4431 657 4499 trus,
679 4445 794 4483 non
815 4429 991 4482 lateat
1010 4444 1127 4498 vos,
1153 4428 1286 4499 quia
1313 4444 1464 4484 unus
1492 4429 1611 4484 dies
1643 4431 1795 4502 apud
1817 4431 2142 4500 Dominum,

2249 3314 2528 3385 propheta
2561 3329 2575 3367 :
2612 3332 2639 3365 «
2671 3313 2945 3368 Dominus
2983 3311 3139 3366 novit
3178 3309 3547 3381 cogitationes
3575 3306 3892 3361 hominum

2249 3407 2517 3478 quoniam
2544 3422 2700 3460 vanas
2739 3409 2871 3460 sunt
2909 3407 2952 3475 (1
2987 3406 3105 3462 Cor.
3147 3420 3228 3471 III,
3259 3403 3370 3472 20).
3414 3422 3442 3452 »
3475 3399 3720 3472 Sapiens
3750 3415 3892 3470 ergo

2248 3517 2366 3556 non
2411 3504 2496 3556 est
2538 3500 2636 3571 qui
2677 3505 2875 3567 nocet,
2926 3515 3031 3554 nec
3075 3497 3393 3569 quidquam
3444 3494 3585 3549 mali
3632 3493 3759 3549 vult
3790 3492 3893 3565 qui

2247 3595 2428 3650 fidelis
2455 3599 2560 3661 est,
2591 3599 2690 3649 aut
2719 3593 2985 3664 cuiquam
3015 3591 3248 3645 insidias
3274 3589 3654 3644 machinatur.

2325 3689 2646 3755 Hortamur,
2669 3689 2866 3756 frater,
2904 3691 2960 3740 et
2979 3701 3278 3740 monemus
3307 3689 3464 3738 tuam
3492 3681 3888 3748 dilectionem,

2246 3785 2313 3836 ut
2341 3798 2539 3836 omnes
2567 3797 2808 3852 semper,
2855 3781 3024 3851 prout
3067 3777 3272 3832 melius
3317 3775 3587 3847 potueris,
3630 3774 3893 3845 adjuves,

2249 3875 2530 3930 confortes
2555 3880 2612 3930 et
2640 3873 2964 3940 consoleris,
3002 3875 3059 3927 et
3087 3872 3441 3926 sacramenta
3479 3883 3650 3939 super
3677 3867 3898 3938 quibus

2248 3970 2394 4024 hanc
2426 3973 2677 4024 sanctam
2707 3968 3026 4020 Romanam
3055 3981 3118 4020 ac
3157 3962 3534 4019 universalem
3573 3959 3898 4015 Ecclesiam

2249 4063 2540 4118 consulere
2575 4061 2821 4127 voluisti,
2853 4060 2976 4113 ﬁeri
3011 4058 3313 4131 prohibeas
3349 4059 3406 4110 et
3442 4054 3737 4110 neminem
3777 4070 3896 4107 un-

2245 4172 2422 4228 quam
2445 4156 2702 4224 infestes,
2745 4158 2843 4208 aut
2879 4169 3098 4208 noceas.
3136 4153 3284 4221 Haec,
3325 4151 3500 4205 frater
3522 4147 3595 4202 ad
3624 4146 3894 4218 reliquo-

2246 4267 2375 4305 rum
2405 4250 2651 4304 fratrum
2675 4247 2933 4302 notitiam
2961 4251 3056 4300 tua
3081 4246 3253 4300 faciat
3271 4243 3536 4299 sanctitas
3560 4241 3893 4313 pervenire,

2249 4349 2310 4398 ut
2339 4359 2534 4398 omnes
2578 4343 2701 4396 hinc
2736 4343 2891 4396 mala
2939 4343 3193 4406 caveant,
3243 4344 3299 4394 et
3349 4337 3494 4392 sicut
3538 4334 3900 4407 generaliter

2249 4440 2367 4492 tam
2417 4437 2487 4491 ab
2540 4436 2662 4507 ipso
2694 4435 2939 4491 Domino
3003 4451 3173 4506 quam
3215 4449 3248 4487 a
3290 4431 3497 4486 sanctis
3541 4433 3599 4484 et
3642 4427 3899 4500 reliquis

513 4522 660 4578 sicut
688 4521 846 4577 mille
876 4521 1034 4590 anni,
1064 4526 1122 4577 et
1147 4522 1305 4577 mille
1331 4523 1470 4577 anni
1511 4524 1655 4579 sicut
1677 4541 1824 4580 unus
1855 4525 1992 4580 dies.
2028 4528 2148 4580 Non
2168 4539 2228 4612 D
2250 4529 2565 4601 apostolicis
2591 4529 2744 4597 viris,
2776 4533 2833 4584 et
2857 4527 3073 4583 caeteris
3108 4526 3360 4598 patribus
3400 4529 3532 4578 sunt
3564 4521 3898 4595 prohibita,

511 4617 702 4674 tardat
719 4615 995 4672 Deminus
1013 4615 1328 4688 promissis,
1357 4617 1452 4673 sed
1467 4618 1749 4689 patienter
1773 4619 1894 4690 agit
1915 4624 2152 4691 propter

511 4729 628 4781 vos,
679 4713 880 4768 nolens
921 4710 1139 4784 aliquos
1180 4711 1387 4783 perire,
1456 4712 1557 4767 sed
1609 4730 1807 4769 omnes
1851 4713 1924 4768 ad
1967 4714 2148 4785 poeni-

513 4806 756 4861 tentiam
797 4805 1024 4862 reverti.
1076 4805 1356 4860 Adveniet
1405 4810 1598 4862 autem
1651 4808 1772 4862 dies
1822 4807 2046 4862 Domini
2083 4810 2150 4863 ut

513 4896 627 4964 fur,
656 4898 714 4951 in
746 4915 861 4970 qua
891 4899 1018 4956 coeli
1058 4915 1273 4974 magno
1300 4897 1516 4969 impetu
1544 4900 1839 4970 transient,
1871 4901 2151 4958 elementa

517 5005 652 5044 vero
681 4991 860 5047 calore
903 4994 1210 5048 solventur.
1233 4991 1396 5092 ‘Cum
1432 4994 1552 5048 haec
1588 4993 1762 5065 igitur
1797 4994 1989 5049 omnia
2032 4995 2146 5050 dis-

517 5083 784 5138 solvenda
837 5091 986 5154 sunt,
1054 5104 1119 5144 ex
1152 5083 1252 5144 his'
1276 5086 1514 5160 potestis
1559 5087 1916 5144 considerare
1957 5091 2149 5162 quales

2249 4624 2331 4678 ita
2352 4623 2693 4694 generaliter
2713 4623 2784 4678 ab
2804 4621 3069 4677 omnibus
3089 4619 3502 4675 custodiantur.
3527 4617 3675 4671 Bene
3688 4615 3904 4671 valere

2248 4716 2659 4772 beatitudinem
2693 4719 2851 4772 tuam
2889 4731 3114 4786 semper
3150 4717 3431 4785 optamus,
3477 4716 3533 4766 et
3573 4709 3744 4765 sacris
3778 4709 3908 4764 vir-

2249 4811 2465 4867 tutibus
2499 4811 2775 4882 prolicere
2810 4815 2866 4865 te
2898 4809 3305 4876 desideramus,
3348 4806 3523 4861 frater
3551 4801 3908 4861 charissima

2250 4907 2420 4978 atque
2446 4902 2858 4960 amantissime.
2892 4903 3024 4959 Data
3050 4919 3103 4960 x1
3136 4901 3411 4956 Kalendas
3436 4897 3608 4969 Junii,
3638 4897 3907 4954 Maximo

2251 5004 2309 5055 et
2324 4999 2489 5056 Decio
2513 5000 2577 5053 Ν
2603 4998 2945 5054 consulibus.

523 5208 3838 5236 ._____________________________________________________________

1155 5330 1274 5423 IN
1277 5328 1656 5426 CIPIUN
1661 5333 1732 5425 T
1831 5328 2354 5429 DECRETA

2457 5335 2755 5430 LUCII
2857 5331 3224 5426 PAPIE.

1293 5471 1474 5542 (Anno
1501 5473 1725 5531 Domini
1752 5477 1873 5542 258,
1904 5474 2062 5532 Gallo
2093 5477 2395 5534 Hosuliano
2422 5478 2770 5549 imperatore
2797 5472 3114 5546 regnante.)

589 5649 977 5714 Dilectissimis
1006 5653 1278 5713 fratribus
1303 5660 1565 5718 omnibus
1595 5664 1869 5737 episcopis
1897 5663 1955 5721 in
1980 5667 2151 5738 parti-

515 5753 620 5809 bus
647 5751 1084 5808 occidentalibus
1110 5753 1227 5806 tam
1258 5753 1430 5809 Gallis
1455 5773 1626 5828 quam
1653 5764 1708 5814 et
1739 5760 1995 5832 Hispanis
2015 5778 2146 5816 con-

517 5847 864 5916 sistentibus,
888 5846 1084 5904 Lucws
1117 5845 1412 5922 episcopus
1445 5849 1501 5904 in
1530 5851 1768 5908 Domino
1801 5857 2064 5913 salutem.

2320 5667 2558 5721 Litteras
2601 5664 2915 5722 dilectionis
2959 5666 3158 5733 vestrae
3217 5674 3360 5731 quas
3411 5655 3484 5711 ad
3529 5655 3684 5710 beati
3736 5656 3918 5712 Petri

2248 5761 2487 5833 apostoli
2528 5761 2719 5816 sedem
2766 5776 2868 5831 pro
2921 5756 3089 5813 vestri
3151 5770 3316 5810 causa
3368 5749 3582 5822 negotii
3631 5749 3918 5823 misistis,

2249 5854 2499 5912 libenter
2546 5854 2935 5928 suscepimus,
2985 5851 3082 5909 sed
3131 5849 3202 5904 de
3244 5846 3442 5904 vestris
3480 5843 3923 5904 afﬂictionibus
