4058 6322
215 428 315 485 169

1439 427 1908 484 DECRETALIUM
1947 428 2331 483 COLLECTIO.

3477 432 3577 486 170

201 551 324 592 non
363 535 591 592 modice
630 537 946 593 contristati
999 553 1211 593 sumus.
1262 535 1634 610 Signiﬁcastis
1682 537 1837 593 enim
1858 545 1918 619 Α
1938 533 2044 588 nisi
2072 538 2352 605 quantum
2379 533 2455 590 ad
2482 533 2744 606 proprias
2773 536 3026 607 pertinet
3051 534 3371 608 parochias,
3399 542 3578 609 agant

202 645 305 685 vos
334 632 454 685 tam
478 647 511 684 a
536 630 881 702 quibusdam
912 648 1026 686 non
1047 634 1263 687 rectam
1289 631 1463 687 ﬁdem
1489 631 1836 701 tenentibus,

203 723 308 778 sed
355 723 642 779 erroribus
678 724 987 796 implicitis,
1021 742 1196 797 quam
1237 728 1293 781 et
1323 725 1394 780 ab
1433 725 1558 780 aliis
1585 741 1679 782 eos
1708 725 1835 780 imi-

202 816 460 872 tantibus
503 834 603 872 vos
647 818 912 890 persequi
958 821 1018 874 et
1062 818 1357 887 infamari,
1409 822 1578 890 atque
1625 825 1838 873 vestras

201 909 466 966 ecclesias
499 911 614 966 suis
653 911 896 982 dotibus,
938 915 996 967 et
1033 912 1291 967 ﬁdelium
1330 912 1714 967 oblationibus
1739 927 1837 967 ex-

201 1002 456 1074 spoliari,
491 1007 826 1076 vestrosque
859 1005 1150 1060 ministros
1181 1005 1350 1060 nimis
1376 1005 1589 1074 vexari,
1623 1009 1678 1060 et
1706 1005 1836 1060 ideo

198 1097 415 1151 multos
451 1113 484 1151 a
519 1097 679 1152 vobis
717 1102 774 1153 et
812 1115 846 1153 a
884 1103 1038 1154 recta
1073 1098 1187 1154 ﬁde
1221 1098 1531 1168 discedere,
1569 1098 1837 1168 quoniam

198 1188 285 1243 eis
309 1205 426 1244 non
454 1190 690 1260 potestis
711 1191 1110 1246 defensionem
1140 1191 1473 1263 impendere
1494 1207 1599 1246 nec
1619 1207 1688 1246 ea
1709 1207 1837 1262 quae

197 1283 529 1338 necessaria
554 1288 685 1339 sunt
708 1284 1060 1340 ministrare.
1088 1286 1272 1342 Nolite
1294 1284 1512 1352 mirari,
1536 1285 1762 1351 fratres,
1789 1284 1839 1338 si

195 1393 304 1432 vos
347 1376 610 1431 malevoli
661 1381 718 1432 et
772 1378 935 1448 impii
983 1359 1421 1450 persequuntur,
1470 1394 1600 1432 cum
1644 1377 1836 1448 ipsum

195 1469 490 1525 Christum
533 1475 702 1541 caput
747 1475 1006 1526 nostrum
1052 1471 1165 1526 sint
1220 1470 1529 1542 persecuti,
1578 1471 1731 1525 unde
1781 1475 1838 1526 et

197 1563 639 1619 consolatricem
683 1564 869 1635 ipsam
906 1565 1127 1620 habetis
1170 1565 1496 1634 Veritatem,
1545 1581 1672 1635 quae
1709 1563 1787 1618 ait
1818 1581 1831 1618 :

200 1680 230 1708 ‹‹
270 1658 330 1714 Si
358 1646 832 1730 patremfamilias
875 1658 1183 1713 Belzebuth
1226 1661 1587 1726 vocaverunt,
1624 1661 1835 1728 quanto

196 1751 388 1823 magis
412 1751 750 1807 domesticos
782 1751 905 1822 ejus
935 1751 1146 1821 (Matth.
1173 1769 1228 1821 x,
1259 1751 1380 1822 25)!
1417 1770 1445 1804 »
1478 1752 1602 1822 Ipsa
1625 1751 1837 1806 iterum

196 1844 496 1900 consolans
528 1861 651 1912 nos,
678 1844 934 1916 loquitur
963 1844 1157 1899 dicens
1185 1861 1198 1898 :
1233 1863 1260 1897 ‹‹
1289 1844 1348 1900 Si
1380 1844 1448 1900 de
1479 1845 1587 1900 hoc
1616 1829 1834 1899 mundo

1930 627 2096 698 juxta
2137 631 2460 681 sanctorum
2501 628 2804 683 constituta
2838 633 3088 700 patrum,
3118 632 3182 683 ut
3216 646 3332 686 uno
3357 630 3574 703 animo,

1938 737 2052 774 uno
2082 735 2179 775 ore
2218 720 2577 775 concorditer
2618 725 2817 776 sancta
2855 722 3202 793 gloriﬁcatur
3235 722 3477 780 Trinitas
3513 725 3576 782 in

1937 814 2157 869 saecula.
2190 813 2466 868 Similiter
2503 815 2842 871 auctoritate
2885 815 3013 871 fulti
3054 816 3385 887 apostolica,
3424 835 3569 889 prae-

1937 906 2199 977 cipimus,
2225 909 2289 961 ut
2318 907 2508 962 nullus
2537 909 3012 980 metropolitanus
3037 909 3336 981 episcopus
3362 910 3576 983 absque

1937 1004 2280 1055 caeterorum
2308 999 2569 1055 omnium
2593 1001 3161 1074 comprovincialium
3181 1003 3576 1075 episcoporum

1936 1092 2208 1147 instantia
2246 1092 2574 1164 aliquorum
2615 1094 2808 1150 audiat
2845 1111 3043 1150 causas
3083 1111 3302 1164 eorum,
3334 1097 3469 1168 quia
3505 1097 3576 1152 ir-

1936 1186 2046 1240 rita
2075 1192 2263 1254 erunt,
2298 1190 2354 1241 et
2382 1186 2506 1257 ipse
2545 1203 2769 1242 causam
2804 1204 2908 1258 pro
2932 1188 3082 1243 facto
3107 1188 3282 1244 dabit.
3315 1190 3575 1262 Episcopi

1934 1295 2067 1334 vero
2095 1295 2199 1350 per
2226 1279 2482 1351 singulas
2513 1279 2826 1351 provincias
2853 1281 3151 1337 observent
3183 1299 3260 1337 ne
3294 1284 3569 1354 posterio-

1935 1389 2026 1428 res
2056 1389 2115 1428 se
2145 1372 2432 1444 prioribus
2461 1373 2576 1429 suis
2614 1374 2939 1446 praeferant,
2968 1391 3071 1430 nec
3105 1375 3184 1430 eis
3209 1375 3568 1448 inconsultis,

1935 1465 2043 1520 nisi
2104 1469 2381 1537 quantum
2434 1467 2504 1521 ad
2556 1467 2849 1539 prOpriam
2907 1467 3158 1539 pertinet
3208 1470 3570 1540 parochiam,

1935 1558 2148 1630 aliquid
2186 1563 2379 1630 agant,
2424 1560 2524 1616 sed
2569 1576 2768 1615 omnes
2817 1561 2887 1616 de
2931 1561 3332 1617 communibus
3374 1579 3572 1619 eorum

1937 1652 2117 1707 causis
2148 1668 2458 1708 consonam
2500 1654 2848 1709 sententiam
2879 1654 3178 1726 proferant
3207 1657 3265 1710 et
3301 1655 3571 1712 determi-

1936 1749 2094 1816 nent,
2125 1746 2397 1818 quoniam
2421 1747 2588 1802 aliter
2608 1750 2735 1803 acta
2759 1747 2945 1804 nullas
2969 1747 3117 1804 vires
3138 1747 3446 1818 habebunt,
3471 1766 3574 1807 nec

1937 1839 2312 1895 ecclesiastica
2336 1840 2775 1913 reputabuntur.

197 1937 466 2005 fuissetis,
495 1910 924 2008 mundus-quod
944 1955 1111 1992 suum
1132 1943 1252 1994 erat
1271 1937 1554 2008 diligeret,
1584 1937 1684 1991 sed
1705 1910 1911 2008 quiaB
2006 1935 2226 1987 Bonum
2262 1910 2426 2002 esset,
2458 1933 2680 2004 fratres,
2715 1937 2770 1990 et
2806 1934 2974 1990 valde
3004 1938 3182 1992 Deum
3217 1935 3570 2005 timentibus,

197 2047 317 2086 non
341 2031 472 2086 estis
489 2032 557 2086 de
584 2031 691 2086 hoc
715 2031 954 2098 mundo,
975 2032 1069 2086 sed
1091 2048 1198 2102 ego
1221 2031 1367 2102 elegi
1386 2047 1486 2086 vos
1505 2031 1574 2086 de
1593 2031 1832 2099 mundo,
1935 2029 1992 2082 et
2017 2026 2111 2097 pie
2140 2026 2328 2082 vivere
2357 2027 2674 2082 volentibus
2704 2028 3116 2100 necessarium,
3139 2029 3187 2084 si
3212 2029 3362 2085 intra
3384 2030 3574 2086 catho-

197 2127 500 2197 prOpterea
529 2125 651 2180 odit
674 2141 772 2179 vos
797 2125 1047 2179 mundus
1071 2124 1248 2196 (Joan.
1279 2142 1366 2189 xv,
1402 2124 1509 2195 19).
1541 2146 1568 2175 ››
1596 2127 1836 2196 Propter
1933 2119 2103 2174 licam
2129 2119 2434 2176 Ecclesiam
2461 2120 2676 2174 nullius
2702 2120 2842 2176 mali
2871 2125 2971 2176 aut
2993 2121 3367 2178 infestationis
3393 2123 3568 2178 alicu-

195 2218 358 2284 tales,
398 2217 620 2285 fratres,
664 2219 967 2273 hortamur
1003 2235 1098 2272 vos
1139 2219 1282 2272 sicut
1319 2221 1378 2272 et
1406 2217 1466 2272 in
1496 2218 1607 2272 hac
1642 2223 1834 2272 sancta
1925 2213 2022 2284 jus
2054 2229 2194 2284 erga
2220 2212 2447 2268 Domini
2473 2214 2791 2270 sacerdotes
2817 2219 2916 2270 aut
2936 2215 3087 2286 juste
3114 2218 3171 2270 et
3195 2215 3289 2288 pie
3315 2218 3571 2273 volentes

194 2311 438 2366 Ecclesia
467 2311 842 2365 constitutum
869 2311 1166 2378 habemus,
1201 2313 1264 2365 ut
1290 2326 1520 2382 semper
1545 2316 1714 2366 testes
1742 2327 1835 2365 vo-

191 2404 415 2459 biscum
439 2405 760 2459 sacerdotes
786 2408 843 2459 et
867 2403 1133 2458 diaconos
1159 2403 1431 2472 habeatis,
1464 2406 1521 2459 et
1550 2404 1677 2459 licet
1704 2421 1830 2458 con-

194 2497 490 2553 scientiam
536 2496 797 2552 sufficere
846 2497 1023 2568 possit
1061 2497 1320 2568 propria,
1366 2501 1556 2552 tamen
1599 2502 1832 2569 propter

192 2591 517 2658 malevolos,
539 2591 706 2662 juxta
739 2591 1061 2661 apostolum
1096 2591 1265 2645 etiam
1302 2590 1699 2646 testimonium
1735 2608 1832 2646 vos

193 2688 420 2756 oportet
439 2684 654 2739 habere
674 2683 894 2739 bonum
912 2684 984 2739 ab
1006 2684 1094 2739 his
1110 2685 1207 2755 qui
1217 2684 1359 2739 foris
1379 2687 1529 2739 sunt.
1547 2684 1831 2748 Quoniam

191 2777 250 2832 in
297 2778 405 2833 hac
449 2781 650 2833 sancta
692 2778 822 2833 sede
859 2777 1228 2833 constitutum
1265 2778 1571 2847 habemus,
1617 2781 1681 2832 ut
1718 2778 1830 2833 duo

190 2871 531 2944 presbyteri,
561 2872 648 2926 vel
679 2876 792 2927 tres
826 2871 1046 2926 diaconi
1082 2871 1142 2926 in
1168 2871 1326 2925 omni
1349 2871 1470 2926 loco
1501 2872 1829 2943 episcopum

190 2981 306 3019 non
349 2965 618 3019 deserant
652 2968 888 3036 propter
927 2964 1320 3020 testimonium
1361 2964 1826 3020 ecclesiasticum.

190 3057 448 3129 Episcopi
477 3074 620 3129 ergo
648 3074 764 3113 non
795 3062 927 3112 sunt
953 3058 1154 3113 leviter
1184 3057 1486 3113 accusandi
1515 3059 1602 3113 vel
1638 3058 1828 3114 detra-

191 3151 385 3218 hendi,
416 3149 555 3222 quia
576 3151 789 3222 injuria
816 3167 1013 3207 eorum
1039 3151 1111 3205 ad
1137 3150 1424 3206 Christum
1450 3151 1714 3222 pertinet,
1739 3168 1830 3206 cu-

183 3246 277 3314 jus
301 3245 424 3299 vice
454 3249 513 3298 et
532 3233 820 3316 legatione
847 3245 1170 3316 funguntur
1191 3244 1251 3299 in
1272 3245 1536 3300 Ecclesia.
1557 3245 1719 3301 Unde
1734 3262 1828 3301 vo-

189 3337 273 3392 bis
298 3337 572 3392 omnibus
600 3340 658 3391 et
685 3337 782 3407 qui
807 3337 1100 3393 vobiscum
1127 3340 1264 3392 sunt
1289 3337 1350 3392 in
1380 3340 1574 3392 nostro
1601 3337 1823 3407 solatio,

190 3430 333 3485 sicut
357 3434 417 3484 et
442 3429 583 3485 olim
609 3429 822 3484 factum
848 3431 1193 3499 invenimus,
1221 3430 1487 3486 c‘onstitui
1507 3430 1738 3501 placuit,
1765 3437 1828 3487 ut

188 3523 616 3578 criminationes
637 3524 920 3594 majorum
940 3529 1078 3578 natu
1099 3540 1206 3595 per
1226 3523 1367 3579 alios
1391 3539 1509 3578 non
1537 3523 1695 3594 ﬁant,
1717 3525 1826 3580 nisi

185 3633 288 3688 per
337 3617 495 3688 ipsos
546 3617 644 3687 qui
694 3616 936 3671 crimina
985 3616 1323 3683 intendunt,
1376 3617 1422 3672 si
1475 3621 1666 3672 tamen
1716 3618 1824 3688 ipsi

188 3713 241 3764 et
285 3709 454 3780 digni
494 3713 553 3764 et
588 3709 1114 3781 irreprehensibiles
1159 3710 1551 3781 apparuerint,
1595 3713 1652 3766 et
1688 3711 1825 3765 actis

187 3803 490 3858 docuerint
523 3802 781 3874 publicis,
811 3804 969 3857 omni
994 3819 1052 3858 se
1082 3819 1275 3858 carere
1310 3803 1628 3875 suspicione
1655 3808 1825 3875 atque

185 3896 510 3961 inimicitia,
548 3901 604 3950 et
641 3896 1202 3968 irreprehensibilem
1231 3896 1404 3952 ﬁdem
1433 3914 1496 3952 ac
1526 3914 1822 3952 conversa-

185 3991 405 4045 tionem
439 3987 567 4061 39
607 3988 830 4044 ducere.
866 3989 1025 4045 Unde
1060 3990 1272 4061 placuit
1303 3993 1369 4044 ut
1405 4007 1438 4044 a
1476 3991 1821 4061 quibuscun-

186 4099 293 4154 que
325 4082 622 4153 judicibus
662 4083 1044 4137 ecclesiasticis
1086 4083 1156 4137 ad
1207 4083 1346 4138 alios
1385 4083 1608 4153 judices
1655 4084 1825 4140 eccle-

185 4176 463 4244 siasticos,
502 4175 600 4230 ubi
633 4180 717 4229 est
751 4175 938 4245 major
971 4176 1279 4231 auctoritas
1314 4176 1382 4247 (si
1411 4177 1584 4232 fuerit
1612 4194 1822 4248 provo-

185 4270 416 4337 catum),
463 4267 753 4323 audientia
790 4285 904 4323 non
944 4273 1205 4340 negetur.
1247 4271 1388 4324 Item
1431 4269 1824 4326 constituimus

185 4363 327 4417 sicut
357 4366 416 4416 et
444 4378 479 4416 a
507 4361 716 4416 sanctis
741 4363 1029 4433 apostolis,
1061 4379 1377 4434 eorumque
1409 4364 1822 4420 successoribus

185 4456 479 4510 decretum
518 4455 835 4526 reperimus
878 4472 891 4510 :
939 4457 984 4509 si
1026 4455 1152 4527 quis
1195 4457 1666 4528 metropolitanus
1701 4458 1818 4529 epi-

185 4565 386 4621 scopus
422 4548 531 4603 nisi
572 4549 726 4619 quod
755 4550 1114 4604 solummodo
1145 4549 1544 4621 adpropriam
1577 4551 1826 4621 pertinet

1932 2307 2120 2361 vivere
2151 2323 2388 2378 germen
2420 2312 2772 2378 exsurgeret.
2805 2308 2917 2364 Sed
2947 2309 3081 2380 quia
3110 2310 3455 2380 praevalente
3479 2310 3568 2366 in-

1931 2399 2098 2466 vidia,
2137 2400 2292 2471 quod
2329 2400 2575 2456 deterius
2613 2403 2718 2470 est,
2760 2401 2944 2473 surgit
2972 2406 3030 2457 et
3062 2403 3260 2458 crescit
3283 2406 3454 2476 atque
3489 2404 3572 2460 ni-

1932 2492 2041 2547 mis
2081 2509 2138 2547 se
2177 2493 2237 2547 in
2281 2508 2478 2548 omnes
2526 2499 2712 2564 partes
2754 2494 3036 2564 extendit,
3083 2495 3290 2550 idcirco
3337 2513 3570 2554 necesse

1933 2591 2017 2640 est
2070 2585 2211 2640 illud
2260 2585 2634 2641 ecclesiastico
2684 2590 2742 2642 et
2787 2588 3089 2658 apostolico
3137 2588 3390 2644 abscindi
3436 2607 3561 2646 mu-

1932 2695 2131 2748 crone,
2177 2695 2250 2734 ne
2291 2695 2478 2734 servos
2521 2679 2620 2734 Dei
2660 2696 2725 2734 ac
2763 2680 2995 2735 Domini
3037 2682 3428 2738 sacerdotibus
3465 2700 3565 2739 va-

1929 2772 2044 2828 leat
2073 2788 2277 2828 nocere
2303 2776 2402 2828 aut
2427 2769 2686 2844 perdére.
2717 2795 2746 2824 ‹‹
2778 2775 3156 2829 Exhonoravit
3184 2775 3341 2830 enim
3372 2777 3563 2833 Domi-

1930 2883 2055 2934 nus,
2094 2887 2122 2916 «
2156 2870 2218 2920 ut
2252 2865 2312 2920 in
2350 2866 2735 2923 Ecclesiastico
2760 2867 2973 2938 legitur
3002 2867 3167 2937 libro,
3201 2887 3228 2921 »
3256 2875 3563 2927 conventus

1927 2960 2241 3027 malorum,
2275 2963 2332 3015 et
2357 2960 2635 3016 destruxit
2659 2961 2808 3015 Deus
2838 2977 2934 3016 eos
2961 2977 3142 3034 usque
3167 2963 3227 3017 in
3252 2964 3446 3019 ﬁnem.
3476 2965 3568 3021 Se-

1929 3054 2028 3108 des
2072 3053 2284 3109 ducum
2321 3055 2699 3125 superborum
2744 3054 3024 3111 destruxit
3063 3056 3227 3128 Deus,
3269 3061 3324 3112 et
3368 3058 3563 3114 sedere

1929 3148 2064 3203 fecit
2101 3148 2269 3202 mites
2306 3164 2409 3219 pro
2457 3148 2558 3203 eis.
2603 3148 2840 3204 Radices
2882 3150 3142 3221 gentium
3190 3153 3563 3222 superbarum

1928 3240 2160 3296 arefecit
2195 3242 2359 3308 Deus,
2409 3243 2467 3296 et
2506 3241 2784 3312 plantavit
2813 3243 3059 3298 humiles
3095 3259 3160 3300 ex
3197 3243 3332 3316 ipsis
3374 3247 3560 3316 genti-

1924 3335 2052 3390 bus.
2095 3336 2296 3390 Terras
2341 3334 2603 3405 gentium
2647 3335 2850 3390 evertit
2885 3336 3178 3407 Dominus,
3221 3340 3278 3392 et
3313 3339 3564 3410 perdidit

1927 3445 2021 3482 eas
2064 3443 2244 3499 usque
2288 3427 2358 3482 ad
2409 3428 2872 3484 fundamentum.
2910 3429 3158 3486 Arefecit
3205 3448 3272 3486 ex
3321 3433 3458 3504 ipsis
3485 3421 3566 3489 ἐι

1926 3521 2258 3593 disperdidit
2290 3536 2403 3587 eos,
2452 3530 2507 3574 et
2553 3537 2771 3576 cessare
2814 3522 2946 3577 fecit
2981 3524 3318 3580 memoriam
3359 3543 3559 3582 eorum

1927 3615 1996 3670 de
2034 3620 2205 3670 terra.
2251 3613 2501 3669 Perdidit
2523 3615 2670 3669 Deus
2703 3617 3042 3670 memoriam
3072 3617 3472 3688 superborum,
3504 3624 3563 3675 et

1924 3707 2157 3780 reliquit
2188 3707 2524 3762 memoriam
2550 3707 2858 3763 humilium
2895 3726 3084 3764 sensu.
3113 3711 3235 3764 Non
3262 3715 3344 3766 est
3372 3717 3561 3768 creata

1926 3801 2254 3857 hominibus
2281 3801 2544 3873 superbia
2568 3817 2755 3874 neque
2781 3801 3077 3858 iracundia
3102 3804 3316 3860 nationi
3353 3806 3557 3862 mulie-

1923 3913 2073 3951 rum.
2103 3895 2311 3951 Semen
2347 3896 2650 3951 hominum
2687 3896 3064 3952 honorabitur
3084 3899 3190 3953 hoc
3217 3899 3372 3970 quod
3396 3899 3562 3957 timet

1923 3991 2122 4056 Deum,
2154 4005 2347 4044 semen
2388 3994 2582 4044 autem
2625 3990 2732 4044 hoc
2777 3990 3222 4046 exhonorabitur
3258 3993 3559 4048 hominum

1926 4083 2076 4155 quod
2107 4081 2364 4154 praeterit
2403 4083 2672 4138 mandata
2709 4083 2955 4138 Domini.
2982 4087 3051 4140 ‘ln
3087 4085 3279 4140 medio
3318 4086 3559 4142 fratrum

1924 4181 2112 4232 rector
2137 4177 2370 4231 illorum
2403 4176 2460 4231 in
2490 4178 2725 4246 honore,
2760 4180 2817 4232 et
2846 4177 2942 4248 qui
2983 4178 3189 4234 timent
3228 4181 3554 4251 Dominum,

1925 4273 2094 4324 erunt
2130 4271 2191 4325 in
2235 4270 2412 4325 oculis
2453 4271 2592 4341 ejus.
2637 4271 2824 4325 Gloria
2865 4271 3107 4326 divitum
3150 4273 3558 4330 honoratorum

1925 4369 1982 4418 et
2006 4380 2324 4434 pauperum
2346 4364 2519 4418 timor
2539 4364 2639 4418 Dei
2666 4369 2750 4419 est
2773 4381 2786 4418 :
2809 4364 2925 4418 noli
2951 4365 3236 4438 despicere
3264 4368 3558 4423 hominem

1915 4458 2138 4528 justum
2177 4473 2512 4528 pauperem,
2552 4461 2608 4511 et
2642 4458 2758 4512 noli
2798 4459 3166 4530 magniﬁcare
3210 4460 3396 4516 virum
3425 4479 3556 4533 pec-

1924 4553 2173 4605 catorem
2228 4551 2483 4606 divitem.
2535 4551 2768 4622 Magnus
2823 4557 2907 4606 est
2965 4553 3179 4622 Judex,
3238 4558 3294 4608 et
3357 4559 3556 4624 potens
3629 4549 3642 4559 ’

186 4643 518 4713 parochiam
545 4641 666 4696 sine
697 4642 930 4697 consilio
962 4647 1019 4696 et
1044 4643 1337 4698 voluntate
1366 4645 1627 4699 omnium
1657 4661 1814 4700 com-
1838 4646 1897 4719 D
1920 4647 2004 4700 est
2056 4644 2275 4698 honore
2297 4685 2314 4710 ,
2373 4649 2431 4698 et
2490 4659 2608 4698 non
2669 4649 2753 4698 est
2805 4644 2990 4714 major
3055 4645 3152 4700 illo
3182 4667 3184 4670 ν
3229 4646 3326 4716 qui
3397 4647 3558 4701 timet

189 4735 623 4806 provincialium
677 4735 1078 4808 episcoporum
1150 4741 1308 4792 extra
1374 4737 1590 4808 aliquid
1652 4754 1823 4809 agere

191 4828 510 4894 tentaverit,
553 4828 761 4899 gradus
797 4829 884 4883 sui
914 4829 1166 4900 periculo
1205 4829 1536 4901 subjacebit,
1572 4834 1629 4885 et
1667 4832 1825 4903 quod

191 4923 373 4994 egerit
407 4921 642 4977 irritum
677 4922 953 4978 habeatur
987 4927 1044 4978 et
1088 4939 1348 4979 vacuum.
1391 4924 1500 4978 Sed
1544 4924 1824 4995 quidquid

188 5015 254 5070 de
285 5015 855 5087 comprovincialium
885 5016 1351 5089 coepiscoporum
1381 5017 1564 5073 causis
1595 5034 1823 5073 eorum-

191 5125 299 5180 que
343 5108 715 5164 ecclesiarum
756 5113 815 5165 et
863 5109 1200 5166 clericorum
1248 5116 1417 5183 atque
1469 5111 1826 5168 sacularium

188 5202 633 5272 necessitatibus,
681 5208 780 5258 aut
831 5203 901 5260 de
951 5204 1382 5278 quibuscumque
1430 5205 1825 5261 communibus

191 5297 368 5352 causis
406 5313 576 5368 agere
611 5302 709 5352 aut
747 5297 1050 5370 disponere
1080 5315 1305 5355 necesse
1334 5299 1523 5369 fuerit,
1559 5299 1665 5356 hoc
1696 5317 1826 5355 cum

192 5390 450 5447 omnium
477 5407 757 5447 consensu
782 5393 1347 5465 comprovincialium
1380 5397 1582 5465 agatur
1605 5394 1826 5464 pontiﬁ-

191 5500 343 5553 cum,
382 5501 501 5540 non
540 5485 734 5558 aliquo
771 5485 1178 5543 dominationis
1212 5487 1382 5558 fastu,
1423 5488 1519 5543 sed
1559 5488 1827 5544 concordi

191 5581 245 5632 et
287 5578 618 5635 humillima
657 5579 1167 5652 administratione,
1210 5582 1354 5637 sicut
1384 5581 1661 5638 Dominus
1699 5582 1777 5637 ait
1809 5599 1822 5637 :

194 5693 220 5720 ‹‹
253 5672 378 5727 Non
400 5672 530 5728 veni
546 5672 882 5742 ministrari,
902 5675 1003 5730 sed
1030 5675 1355 5731 ministrare
1377 5675 1567 5746 (Marc.
1590 5692 1642 5742 x,
1667 5676 1778 5747 45).
1796 5696 1823 5725 ››

190 5765 258 5820 Et
302 5766 436 5822 alibi
476 5784 491 5821 :
528 5785 558 5819 (ι
603 5767 710 5833 Qui
751 5768 939 5840 major
979 5772 1064 5825 est
1103 5773 1371 5840 vestrum,
1421 5769 1529 5825 erit
1569 5769 1827 5827 minister

190 5863 372 5916 vester
392 5860 612 5934 (Matth.
631 5878 828 5933 xxvm,
855 5865 998 5934 ll),»
1015 5867 1072 5920 et
1089 5863 1332 5937 reliqua.
1356 5863 1632 5921 Similiter
1646 5869 1702 5921 et
1719 5864 1828 5937 ipsi

191 5954 697 6027 comprovinciales
737 5957 985 6031 episcopi
1024 5960 1224 6017 cuncta
1261 5974 1390 6016 cum
1421 5958 1542 6031 ejus
1571 5957 1825 6032 consilio,

1925 4740 2124 4793 Deum.
2168 4738 2340 4793 Servo
2394 4742 2617 4791 sensato
2652 4735 2818 4790 liberi
2866 4736 3146 4804 serviunt,
3200 4742 3257 4792 et
3297 4737 3381 4791 vir
3416 4756 3554 4810 pru-

1928 4832 2068 4886 dens
2109 4837 2164 4886 et
2208 4830 2603 4901 disciplinatus
2649 4846 2763 4884 non
2806 4830 3190 4885 murmurahit
3228 4837 3555 4903 correptus,

1927 4930 1981 4981 et
2026 4925 2237 4980 inscius
2285 4941 2401 4979 non
2461 4922 2857 4979 honorabitur.
2909 4923 3032 4977 Noli
3077 4929 3135 4979 te
3185 4926 3450 4982 extollere
3497 4927 3558 4982 in

1924 5019 2182 5075 faciendo
2231 5035 2406 5090 Opera
2449 5021 2570 5086 tua,
2621 5022 2679 5074 et
2726 5018 2842 5073 noli
2889 5018 3138 5072 cunctari
3183 5019 3246 5074 in
3299 5023 3557 5092 tempore

1925 5113 2222 5184 angustiae.
2268 5113 2466 5168 Melior
2514 5116 2598 5168 est
2643 5112 2739 5183 qui
2789 5116 3060 5183 operatur
3099 5117 3155 5168 et
3197 5114 3451 5170 abundat
3500 5115 3557 5170 in

1927 5207 2192 5263 omnibus
2220 5224 2390 5279 quam
2428 5207 2524 5279 qui
2567 5205 2842 5277 gloriatur
2877 5209 2934 5261 et
2973 5211 3103 5279 eget
3131 5222 3297 5280 pane.
3338 5208 3461 5280 Fili,
3499 5211 3560 5265 in

1925 5301 2360 5357 mansuetudine
2394 5317 2550 5355 serva
2579 5299 2832 5355 animam
2863 5304 3025 5356 tuam
3069 5306 3124 5358 et
3160 5302 3233 5357 da
3274 5303 3358 5358 illi
3387 5304 3565 5360 hono-

1925 5412 2051 5451 rem
2082 5395 2394 5450 secundum
2433 5392 2705 5448 meritum
2746 5410 2933 5450 suum.
2963 5396 3302 5453 Peccantem
3339 5397 3402 5453 in
3436 5398 3561 5454 ani-

1926 5505 2081 5544 mam
2126 5505 2288 5543 suam
2331 5485 2457 5559 quis
2481 5486 2857 5558 justiﬁcabit?
2897 5494 2954 5544 et
2980 5490 3124 5561 ,quis
3167 5491 3564 5548 honoriﬁcabit

1927 5582 2378 5638 exhonorantem
2434 5579 2689 5635 animam
2745 5579 3231 5657 suam?[Pauper
3285 5585 3563 5656 gloriatur

1925 5691 2031 5747 per
2060 5673 2414 5746 disciplinam
2446 5677 2505 5730 et
2539 5674 2809 5731 timorem
2847 5673 3037 5747 suum,
3067 5682 3123 5733 et
3151 5682 3236 5733 est
3267 5679 3438 5732 homo
3464 5677 3561 5748 qui

1927 5767 2331 5825 honoriﬁcatur
2349 5773 2584 5841 propter
2610 5768 2989 5826 substantiam
3016 5787 3194 5826 suam.
3218 5770 3326 5834 Qui
3353 5769 3563 5841 gloria-

1926 5866 2022 5919 tur
2057 5862 2118 5917 in
2155 5865 2512 5935 paupertate,
2552 5865 2765 5934 quanto
2800 5863 2981 5936 magis
3024 5863 3082 5918 in
3111 5861 3466 5917 substantia?
3505 5867 3563 5919 et

1927 5956 2028 6031 qui
2061 5956 2343 6031 gloriatur
2374 5956 2434 6014 in
2474 5956 2806 6026 substantia,
2842 5959 3233 6028 paupertatem
3275 5960 3556 6015 vereatur.
