4058 6324
505 389 596 446 ΓΗ

1397 391 1673 444 ΑΡΡΕΝΟ.
1717 389 1804 442 AD
1841 389 2001 443 διλΕΟ.
2044 389 2131 442 ΙΧ.
2155 414 2222 426 --
2263 387 2503 443 lSIDORl
2541 387 2966 443 MERCATORIS

3755 391 3860 445 172

496 497 784 571 Sapientia
813 497 1099 554 humiliati
1125 497 1392 553 exaltabit
1413 501 1582 568 caput
1604 497 1744 568 ejus,
1775 496 1910 552 et‘in
1938 495 2123 552 medio
2146 507 2206 580 Α
2225 497 2625 570 alienigenam,
2653 501 2708 552 et
2732 496 3014 551 subvertet
3035 501 3090 551 te
3118 493 3177 551 in
3207 493 3456 580 turbine,
3486 498 3544 553 et
3560 494 3855 554 abaliena-

497 596 910 664 magnatorum
967 591 1250 646 considere
1300 590 1459 644 illum
1513 590 1696 645 faciet.
1747 592 1863 645 Non
1927 591 2124 646 laudes

495 687 684 741 virum
725 686 784 740 in
829 685 1012 757 specie
1054 701 1170 754 sua,
1214 700 1401 754 neque
1453 700 1688 755 spernas
1729 683 2025 738 hominem
2064 685 2121 738 in

493 779 618 834 visu
659 796 781 834 suo.
816 779 1003 834 Brevis
1039 779 1096 832 in
1137 777 1455 832 volatilibus
1497 781 1580 832 est
1619 777 1755 848 apis,
1799 781 1857 831 et
1897 777 2123 832 initium

498 871 747 926 dulcoris
775 871 949 926 habet
976 870 1188 925 fructus
1220 870 1390 924 illius.
1428 872 1491 925 In
1527 870 1728 925 vestitu
1767 887 1840 924 ne
1871 870 2125 941 glorieris

494 981 775 1036 unquam,
807 981 907 1018 nec
935 964 994 1017 in
1022 963 1111 1018 die
1143 963 1376 1018 honoris
1406 963 1489 1017 tui
1518 962 1828 1031 extollaris,
1857 963 2123 1034 quoniam

494 1058 773 1113 mirabilia
823 1074 995 1128 opera
1057 1056 1324 1111 Altissimi
1379 1055 1581 1122 solius,
1647 1060 1705 1111 et
1763 1057 2006 1126 gloriosa
2069 1063 2125 1112 et

494 1151 764 1206 absconsa
797 1155 852 1204 et
895 1149 1072 1204 invisa
1107 1166 1276 1221 opera
1309 1149 1478 1203 illius.
1516 1149 1668 1203 Multi
1704 1151 1928 1220 tyranni
1959 1151 2119 1206 sede-

493 1248 629 1300 runt
665 1243 723 1298 in
762 1244 994 1311 throno,
1023 1247 1080 1298 et
1116 1243 1526 1313 insuspicabilis
1564 1243 1806 1314 portavit
1838 1243 2117 1299 diadema.

489 1338 642 1394 Multi
674 1341 933 1410 potentes
970 1337 1221 1408 oppressi
1254 1340 1387 1391 sunt
1422 1336 1620 1403 valide,
1649 1341 1706 1390 et
1742 1337 1972 1406 gloriosi
2003 1341 2116 1392 tra-

493 1432 599 1487 diti
637 1435 770 1485 sunt
806 1432 866 1486 in
892 1447 1098 1485 manus
1139 1431 1469 1485 alterorum.
1505 1431 1841 1501 Priusquam
1875 1430 2119 1486 interro-

494 1542 612 1597 ges,
636 1542 708 1578 ne
733 1524 1020 1595 vituperes
1040 1541 1408 1596 quemquam,
1434 1529 1488 1579 et
1513 1541 1643 1580 cum
1666 1525 2118 1595 interrogaveris,

491 1617 711 1688 corripe
753 1618 924 1688 juste.
977 1617 1317 1688 Priusquam
1373 1618 1604 1684 audias,
1657 1635 1730 1672 ne
1784 1619 2120 1688 respondeas
2170 1677 2175 1682 ,

489 1711 752 1778 verbum,
779 1715 834 1766 et
863 1710 920 1765 in
952 1711 1141 1766 medio
1167 1711 1450 1765 seniorum
1477 1727 1550 1764 ne
1580 1711 1810 1782 adjicias
1835 1711 2009 1783 loqui.
2040 1713 2119 1766 De

492 1823 560 1861 ea
587 1821 647 1861 re
679 1821 807 1876 qua
840 1808 894 1858 te
924 1820 1039 1858 non
1076 1805 1335 1859 molestat
1361 1820 1434 1858 ne
1469 1805 1714 1872 certaris,
1743 1809 1798 1859 et
1828 1805 1887 1859 in
1907 1804 2119 1875 judicio

2223 591 2307 647 bit
2331 594 2386 646 te
2406 567 2446 645 a
2476 591 2587 646 tuis
2611 590 2858 662 propriis
2885 590 3063 660 (Eccli.
3091 607 3147 655 χ,
3182 590 3281 661 x1).
3312 567 3393 737 >1

2300 706 2326 734 ‹‹
2355 683 2536 737 Tales.
2566 683 2901 737 charissimi.
2926 683 3083 737 valde
3102 687 3233 737 sunt
3257 699 3321 737 ca
3358 698 3393 737 et

2300 706 2326 734 α
2355 683 2536 751 Tales,
2566 683 2901 750 charissimi,
2926 683 3083 737 valde
3102 687 3233 737 sunt
3257 681 3486 737 caﬂendi
3507 699 3690 754 usque
3715 684 3855 738 dum

2225 783 2324 833 aut
2365 780 2784 844 convertantur,
2830 781 2929 831 aut
2969 777 3370 832 abscindantur
3415 777 3586 830 verbo
3639 777 3850 833 divino.

2228 894 2255 921 ‹‹
2308 873 2512 926 Beatus
2559 875 2748 925 autem
2803 874 2890 924 est
2939 869 3033 925 ille
3089 869 3187 941 qui
3239 886 3354 924 non
3406 875 3490 925 est
3546 872 3736 942 lapsus
3794 872 3856 926 in

2222 951 2400 1019 verbo.
2423 981 2491 1018 ex
2527 979 2622 1017 ore
2658 981 2779 1030 suo,
2820 968 3023 1018 etnon
3064 967 3148 1018 est
3178 963 3497 1018 stimulatus
3530 964 3587 1018 in
3626 963 3855 1019 tristitia

2225 1058 2428 1114 delicti.
2469 1057 2621 1112 Felix
2666 1057 2763 1128 qui
2806 1074 2921 1112 non
2964 1057 3138 1112 habet
3183 1057 3364 1111 animi
3408 1057 3492 1111 sui
3539 1057 3849 1124 tristitiam,

2224 1156 2280 1206 et
2325 1167 2443 1206 non
2497 1151 2742 1206 abscedit
2789 1151 2860 1205 ab
2913 1167 3008 1222 spe
3063 1167 3164 1204 sua
3213 1151 3398 1220 (Ecclz'.
3458 1168 3570 1220 xw,
3629 1153 3766 1222 l~3).
3821 1174 3848 1201 »

2224 1245 2508 1316 Scriptum
2559 1248 2644 1298 est
2697 1243 2850 1298 enim
2905 1261 2917 1298 :
2977 1265 3002 1293 α
3051 1244 3242 1299 Melior
3295 1249 3382 1300 est
3429 1262 3580 1300 unus
3643 1245 3855 1300 timens

2222 1341 2402 1394 Deum
2442 1354 2611 1408 quam
2651 1337 2804 1392 mille
2845 1337 3006 1408 impii
3048 1337 3233 1409 (Eccli.
3270 1355 3378 1405 xvr,
3420 1339 3492 1409 3).
3540 1358 3566 1389 »
3609 1338 3855 1410 Sapiens

2222 1448 2356 1486 vero
2376 1448 2491 1485 non
2511 1434 2595 1485 est
2615 1431 2802 1485 omnis
2819 1430 2916 1502 qui
2934 1431 3230 1485 nocet.Res
3241 1448 3466 1503 quoque
3485 1431 3853 1486 ecclesiarum

2221 1529 2536 1580 vestrarum
2567 1527 2624 1578 et
2652 1524 2963 1579 oblationes
2991 1524 3246 1579 ﬁdelium
3272 1541 3412 1596 quas
3437 1524 3796 1597 signiﬁcastis
3822 1542 3854 1579 a

2220 1618 2560 1691 quibusdam
2591 1618 2934 1672 irruentibus
2967 1619 3177 1688 vexari,
3214 1619 3486 1690 vobisque
3516 1623 3572 1673 et
3601 1618 3853 1673 ecclesiis

2217 1712 2415 1768 vestris
2459 1711 2691 1780 auferri,
2731 1711 3123 1767 indubitanter
3172 1713 3492 1768 maximum
3535 1715 3620 1767 est
3655 1729 3854 1784 pecca-

2221 1810 2366 1875 tum,
2405 1808 2645 1860 testante
2692 1804 2812 1875 ipsa
2849 1804 3160 1876 Scriptura,
3194 1823 3322 1877 qua
3361 1806 3481 1860 ait:
3510 1805 3612 1870 Qui
3650 1805 3848 1860 abstu-

486 1898 843 1971 peccantium
870 1913 942 1952 ne
973 1897 1263 1952 consistas.
1298 1897 1398 1951 Fili
1431 1897 1530 1965 mi,
1569 1915 1641 1953 ne
1683 1898 1739 1952 in
1775 1899 1968 1953 multis
2007 1871 2194 1952 sintB
2217 1899 2346 1954 lerit
2373 1898 2584 1970 aliquid
2619 1898 2769 1969 patri
2805 1898 2892 1953 vel
2927 1898 3113 1967 matri,
3155 1902 3212 1953 et
3254 1899 3388 1954 dicit
3426 1900 3535 1954 hoc
3570 1915 3683 1953 non
3726 1915 3851 1954 esse

487 1998 642 2048 actus
672 1991 772 2061 tui,
803 1995 860 2047 et
894 1990 938 2045 si
975 1991 1129 2046 dives
1155 1989 1332 2046 fueris
1365 2007 1483 2045 non
1515 1991 1624 2045 eris
1655 1991 1929 2046 immunis
1955 2008 1989 2046 a
2018 1991 2114 2046 de-

486 2086 639 2141 licto.
685 2085 744 2141 Si
777 2085 933 2140 enim
978 2087 1200 2139 secutus
1238 2083 1411 2139 fueris
1451 2101 1565 2138 non
1605 2085 2022 2156 apprehendes,
2063 2089 2118 2140 et

485 2196 604 2234 non
645 2179 886 2250 effugies
928 2180 974 2232 si
1015 2178 1472 2249 pracucurreris.
1503 2179 1597 2231 Est
1639 2177 1813 2232 homo
1855 2179 2117 2233 laborans

485 2279 542 2327 et
577 2273 848 2326 festinans
893 2275 950 2326 et
991 2270 1184 2326 dolens
1223 2271 1451 2342 impius,
1493 2274 1550 2324 et
1585 2273 1740 2325 tanto
1777 2272 1961 2343 magis
1999 2289 2114 2327 non

486 2366 753 2420 abundat.
787 2366 881 2420 Est
915 2365 1086 2419 homo
1121 2364 1422 2432 marcidus,
1451 2380 1627 2434 egens
1665 2365 2111 2435 recuperatione,

483 2461 609 2532 plus
641 2458 906 2513 deﬁciens
947 2459 1173 2526 virtute,
1217 2462 1274 2511 et
1310 2456 1607 2512 abundans
1643 2461 2026 2529 paupertate:
2059 2464 2116 2513 et

375 2552 377 2555 ’
484 2553 679 2609 oculus
715 2551 812 2606 Dei
848 2551 1096 2623 respexit
1139 2551 1302 2606 illum
1342 2551 1403 2605 in
1437 2550 1611 2618 bono,
1643 2555 1699 2606 et
1736 2552 1915 2606 erexit
1952 2552 2113 2607 illum

481 2647 552 2702 ab
606 2645 923 2701 humilitate
981 2645 1158 2716 ipsius
1207 2649 1263 2700 et
1313 2644 1580 2699 exaltabit
1629 2648 1800 2716 caput
1852 2646 2006 2716 ejus,
2059 2650 2116 2700 et

479 2740 671 2795 mirati
715 2745 846 2793 sunt
893 2739 950 2793 in
999 2738 1094 2792 illo
1136 2737 1300 2792 multi
1340 2743 1398 2792 et
1446 2730 1872 2792 honoraverunt
1915 2740 2108 2794 Deum.

481 2835 637 2887 Bona
679 2835 736 2885 et
777 2830 950 2897 mala,
986 2831 1100 2885 vita
1139 2834 1194 2885 et
1227 2847 1398 2898 mors,
1431 2835 1733 2901 paupertas
1765 2836 1822 2885 et
1844 2831 2113 2886 honestas

481 2944 516 2981 a
549 2929 663 2981 Deo
700 2929 850 2978 sunt.
880 2924 1037 2979 Datio
1068 2925 1165 2979 Dei
1193 2928 1494 2995 permanet
1515 2924 1704 2994 justis,
1738 2928 1796 2978 et
1824 2925 2113 2995 profectus

481 3019 629 3074 illius
656 3034 940 3073 successus
968 3017 1260 3072 habebunt
1286 3017 1346 3071 in
1377 3022 1670 3073 aternum.
1703 3019 1796 3072 Est
1832 3019 1928 3090 qui
1959 3020 2107 3073 locu-

478 3113 724 3185 pletatur
751 3128 920 3182 parce
963 3111 1209 3182 agendo,
1247 3116 1303 3166 et
1339 3111 1460 3165 hac
1495 3128 1624 3181 pars
1653 3111 1932 3167 mercedis
1966 3112 2112 3167 illius

483 3207 540 3261 in
578 3223 644 3261 eo
685 3205 840 3276 quod
886 3204 1063 3260 dicit:
1098 3227 1124 3255 «
1171 3205 1366 3260 Inveni
1405 3206 1664 3277 requiem
1703 3205 1865 3275 mihi,
1899 3209 1956 3260 et
1993 3223 2109 3261 non
2132 3238 2187 3312 Ο

481 3300 840 3356 manducabo
876 3300 945 3354 de
975 3299 1140 3355 bonis
1168 3299 1309 3353 meis
1349 3300 1500 3353 solus
1531 3300 1678 3368 (Luc.
1717 3315 1811 3366 x11,
1848 3301 1952 3371 19);
1985 3322 2012 3349 ››
2056 3306 2112 3356 et

481 3395 660 3449 nescit
695 3395 850 3466 quod
895 3399 1121 3465 tempus
1168 3395 1472 3465 praetereat
1509 3393 1686 3462 illum,
1727 3396 1784 3448 et
1827 3393 2112 3466 relinquet

477 3489 666 3544 omnia
707 3488 830 3543 aliis
866 3491 924 3542 et
957 3488 1257 3543 morietur.
1292 3487 1390 3543 Sta
1423 3485 1482 3540 in
1527 3489 1868 3542 testamento
1906 3492 2020 3558 tuo,
2055 3493 2112 3543 et

473 3582 534 3637 in
563 3582 657 3637 illo
697 3583 1016 3654 colloquare
1049 3585 1107 3636 et
1142 3581 1202 3635 in
1238 3597 1410 3653 opera
1439 3580 1847 3636 mandatorum
1873 3586 2108 3637 tuorum

474 3679 775 3732 veterasce.
826 3677 905 3730 Ne
957 3676 1240 3731 manseris
1285 3676 1345 3729 in
1408 3675 1675 3746 operibus
1727 3678 2105 3746 peccatorum.

473 3769 704 3824 Confide
730 3772 923 3823 autem
955 3769 1015 3822 in
1053 3770 1186 3835 Deo,
1228 3771 1284 3822 et
1321 3783 1488 3821 mane
1523 3768 1582 3821 in
1622 3769 1744 3821 loco
1773 3772 1905 3834 tuo;
1944 3768 2106 3824 facile

477 3868 561 3918 est
587 3862 740 3916 enim
778 3862 837 3916 in
874 3862 1050 3916 oculis
1087 3861 1184 3915 Dei
1225 3861 1410 3915 subito
1441 3861 1738 3916 honestare
1771 3877 2104 3932 pauperem.

476 3955 802 4010 Benedictio
843 3954 940 4010 Dei
984 3953 1043 4008 in
1092 3953 1416 4009 mercedem
1457 3953 1596 4024 justi
1651 3953 1898 4024 festinat,
1949 3959 2006 4010 et
2045 3956 2105 4010 in

476 4049 695 4103 honore
736 4048 909 4103 veloci
952 4064 1244 4119 processus
1282 4046 1429 4101 illius
1464 4046 1754 4118 justiﬁcat.
1787 4048 1864 4102 Ne
1908 4047 2056 4103 dicas
2088 4067 2102 4104 :

475 4142 620 4207 Quid
649 4144 733 4197 est
759 4141 900 4196 mihi
929 4159 1071 4213 opus
1097 4146 1152 4196 et
1180 4157 1307 4212 qua
1336 4145 1504 4197 erunt
1531 4141 1672 4196 mihi
1699 4158 1764 4196 ex
1790 4141 1898 4196 hoc
1919 4143 2105 4199 bona?

475 4237 553 4290 Ne
592 4235 740 4290 dicas
768 4255 781 4291 :
821 4235 1113 4296 Sufficiens
1148 4235 1291 4290 mihi
1328 4252 1454 4290 sum
1487 4239 1542 4291 et
1569 4235 1706 4307 quid
1736 4253 1806 4290 ex
1835 4237 1940 4291 hoc
1975 4253 2102 4308 pes-

475 4329 724 4385 simabor
740 4329 766 4385 ?
781 4331 841 4385 In
869 4330 960 4386 die
978 4330 1264 4385 bonorum
1291 4346 1361 4384 ne
1384 4328 1685 4384 immemor
1704 4329 1778 4384 sis
1797 4330 2100 4402 malorum,

351 4451 368 4467 ι
475 4427 532 4478 et
559 4423 618 4477 in
657 4423 747 4479 die
782 4425 1063 4479 malorum
1092 4440 1162 4479 ne
1194 4423 1500 4478 immemor
1527 4424 1600 4477 sis
1629 4423 1930 4493 bonorum,
1958 4440 2102 4496 quo-

470 4518 628 4572 niam
667 4519 832 4573 facile
869 4523 951 4574 est
985 4535 1173 4572 coram
1215 4519 1329 4573 Deo
1365 4517 1424 4572 in
1457 4517 1547 4571 die
1578 4517 1764 4572 obitus
1790 4517 2102 4572 retribuere

2215 1997 2532 2064 peccatum,
2570 1991 2871 2045 homicida
2909 1991 3192 2063 particeps
3234 1995 3337 2046 est.
3383 1994 3547 2046 Pater
3575 2009 3709 2063 ergo
3737 2009 3847 2048 no-

2217 2090 2333 2140 ster
2360 2085 2480 2140 sine
2511 2085 2684 2140 dubio
2722 2087 2867 2139 Deus
2897 2087 2998 2154 est,
3032 2085 3129 2156 qui
3168 2103 3275 2140 nos
3313 2086 3539 2154 creavit,
3574 2091 3631 2140 et
3664 2090 3852 2141 mater

2218 2183 2412 2234 nostra
2456 2178 2696 2233 Ecclesia
2737 2195 2863 2249 qua
2908 2195 3009 2232 nos
3052 2179 3109 2232 in
3153 2178 3432 2249 baptismo
3479 2179 3852 2251 spiritualiter

2217 2271 2528 2344 generavit.
2559 2272 2628 2325 Et
2652 2271 2780 2326 ideo
2812 2271 2910 2343 qui
2945 2272 3150 2328 Christi
3188 2273 3459 2343 pecunias
3496 2278 3553 2327 et
3582 2274 3850 2328 Ecclesia

2214 2367 2418 2434 aufert,
2448 2365 2678 2420 fraudat
2703 2368 2760 2420 et
2783 2365 2956 2436 rapit,
2984 2365 3267 2420 homicida
3297 2364 3355 2419 in
3383 2370 3684 2438 conspectu
3706 2367 3851 2437 justi
3896 2369 3901 2373 ’

2209 2459 2416 2530 judicis
2459 2475 2581 2513 esse
2625 2458 3008 2529 deputabitur,
3047 2459 3200 2514 unde
3247 2459 3521 2530 scriptum
3560 2466 3644 2514 est
3686 2480 3699 2515 :
3740 2461 3847 2525 Qui

2215 2553 2366 2623 rapit
2406 2551 2712 2622 pecuniam
2750 2552 3000 2623 proximi
3039 2553 3124 2606 sui
3163 2552 3518 2624 iniquitatem
3551 2553 3703 2620 facit,
3747 2555 3850 2625 qui

2213 2651 2408 2700 autem
2457 2645 2729 2716 pecunias
2782 2647 2870 2700 vel
2921 2663 3010 2703 res
3056 2645 3311 2701 Ecclesia
3361 2646 3692 2714 abstulerit,
3751 2663 3845 2704 sa-

2215 2737 2514 2809 crilegium
2545 2738 2692 2793 facit.
2723 2739 2881 2793 Unde
2920 2743 2976 2793 et
3011 2739 3184 2794 Judas
3217 2739 3315 2810 qui
3350 2741 3650 2810 pecuniam
3687 2741 3845 2796 frau-

2215 2831 2386 2898 davit,
2420 2847 2547 2902 qua
2579 2831 2770 2885 usibus
2800 2831 3078 2897 Ecclesia,
3106 2831 3167 2886 id
3204 2837 3288 2887 est
3327 2833 3672 2904 pauperibus
3702 2851 3847 2905 quos

2212 2925 2457 2979 Ecclesia
2483 2941 2715 2996 pascere
2745 2925 2930 2992 debet,
2956 2924 3394 2980 distribuebatur
3404 2926 3567 2996 jussu
3590 2927 3848 2983 Salvato-

2211 3018 2309 3087 ris,
2339 3018 2500 3089 cujus
2526 3017 2709 3072 vicem
2737 3018 2987 3089 episcopi
3015 3022 3228 3086 tenent,
3251 3035 3372 3074 non
3397 3020 3579 3074 solum
3605 3020 3717 3089 fur,
3743 3022 3844 3076 sed

2212 3112 2306 3166 fur
2356 3115 2414 3165 et
2457 3111 2766 3182 sacrilegus
2807 3111 2989 3166 factus
3034 3115 3138 3166 est.
3186 3114 3261 3168 De
3308 3113 3515 3167 talibus
3561 3114 3739 3182 enim,
3785 3115 3845 3169 id

2213 3207 2314 3272 est,
2351 3205 2448 3276 qui
2491 3205 2786 3259 facultates
2830 3205 3088 3259 Ecclesia
3131 3205 3381 3277 rapiunt,
3435 3207 3720 3275 fraudant,
3758 3209 3844 3264 vel

2213 3298 2494 3368 auferunt,
2533 3297 2806 3353 Dominus
2846 3298 3200 3354 comminans
3237 3299 3520 3367 omnibus,
3561 3318 3668 3373 per
3705 3320 3842 3374 pro-

2209 3392 2444 3464 phetam
2482 3392 2753 3463 loquitur,
2783 3392 2973 3447 dicens
3000 3409 3012 3446 :
3044 3414 3070 3442 «
3099 3396 3262 3463 Deus,
3292 3411 3363 3449 ne
3398 3397 3588 3449 taceas
3617 3395 3738 3461 tibi,
3768 3413 3841 3451 ne

2209 3487 2370 3540 sileas
2409 3489 2465 3541 et
2501 3502 2615 3541 non
2656 3486 2932 3557 quiescas,
2977 3488 3152 3557 Deus,
3179 3487 3313 3558 quia
3351 3504 3480 3543 ecce
3509 3488 3728 3544 inimici
3758 3491 3843 3546 tui

2208 3580 2535 3635 tumultuati
2566 3582 2717 3649 sunt,
2741 3583 2799 3634 et
2825 3579 2922 3651 qui
2948 3579 3193 3635 oderunt
3216 3586 3274 3635 te
3299 3581 3627 3637 levaverunt
3646 3589 3840 3655 caput.

2210 3675 2416 3730 Contra
2465 3673 2742 3745 populum
2791 3677 2956 3728 tuum
3003 3674 3270 3746 nequiter
3320 3680 3736 3745 tractaverunt,
3787 3682 3846 3733 et

2208 3767 2460 3822 inierunt
2495 3766 2797 3822 consilium
2834 3767 3106 3823 adversus
3142 3784 3414 3823 arcanum
3452 3772 3635 3837 tuum,
3681 3771 3841 3826 dixe-

2207 3864 2362 3927 runt,
2392 3860 2576 3916 venite
2607 3864 2664 3916 et
2693 3865 3050 3917 conteramus
3080 3878 3177 3917 eos
3212 3862 3282 3917 de
3319 3865 3508 3934 gente,
3540 3867 3595 3919 et
3625 3880 3739 3918 non
3770 3865 3845 3920 sit

2207 3954 2483 4010 memoria
2512 3954 2757 4009 nominis
2801 3957 2970 4010 Israel
3016 3957 3180 4011 ultra.
3223 3957 3504 4021 Quoniam
3539 3960 3844 4014 tacuerunt

2207 4049 2392 4118 corde,
2421 4047 2636 4120 pariter
2663 4053 2859 4104 contra
2883 4049 3066 4104 foedus
3094 4049 3440 4122 pepigerunt
3472 4051 3842 4108 tabernacula

2207 4143 2471 4198 Idumaa
2508 4146 2564 4197 et
2597 4142 3031 4211 Ismaelitarum,
3059 4143 3238 4213 Moab,
3268 4147 3324 4198 et
3347 4145 3610 4216 Agareni,
3640 4145 3836 4216 Gebal,

2207 4241 2264 4291 et
2286 4237 2554 4302 Ammbn,
2579 4239 2633 4290 et
2659 4236 2944 4304 Amalech,
2968 4235 3242 4292 Palestina
3269 4254 3398 4293 cum
3419 4238 3840 4294 habitatoribus

2204 4329 2350 4400 Tyri.
2383 4329 2492 4384 Sed
2521 4333 2577 4383 et
2604 4330 2774 4383 Assur
2797 4329 2991 4399 junxit
3019 4347 3077 4385 se
3106 4347 3232 4385 cum
3261 4330 3360 4401 eis,
3389 4331 3518 4386 facti
3545 4336 3677 4387 sunt
3703 4332 3834 4387 bra-

2207 4420 2396 4475 chium
2439 4421 2686 4476 ﬁliorum
2729 4423 2889 4477 Loth.
2933 4424 3038 4477 Fac
3078 4423 3189 4479 illis
3232 4423 3377 4478 sicut
3412 4424 3650 4494 Madian,
3692 4424 3839 4480 sicut

2206 4513 2412 4583 Sisare,
2445 4516 2589 4571 sicut
2621 4508 2781 4571 Jabin
2822 4517 2880 4571 in
2919 4519 3170 4572 torrente
3210 4518 3394 4574 Cison.
3431 4518 3668 4573 Contriti
3705 4524 3842 4575 sunt

472 4612 774 4686 unicuique
805 4613 1122 4668 secundum
1147 4611 1262 4666 vias
1288 4628 1434 4666 suas.
1465 4611 1672 4666 Malitia
1698 4611 1852 4665 hora
1877 4611 2103 4666 oblivio-
2122 4613 2181 4685 D
2208 4607 2263 4662 in
2300 4607 2508 4678 Endor,
2542 4609 2778 4664 fuerunt
2813 4609 2969 4681 quasi
3010 4610 3428 4682 sterquilinium
3457 4615 3641 4666 terra.
3684 4613 3838 4667 Pone

467 4723 601 4761 nem
626 4707 756 4762 facit
783 4707 1022 4762 luxuria
1049 4723 1299 4778 magna,
1331 4710 1386 4759 et
1414 4705 1473 4759 in
1503 4703 1616 4758 ﬁne
1647 4703 1898 4758 hominis
1924 4705 2099 4760 denu-

469 4800 616 4854 datio
639 4817 876 4870 operum
899 4800 1112 4854 illius.A
1123 4803 1218 4854 nte
1237 4802 1483 4853 mortem
1506 4815 1578 4852 ne
1594 4798 1788 4851 laudes
1806 4797 2102 4854 hominem

469 4907 841 4961 quemquam,
887 4893 1166 4963 quoniam
1208 4892 1266 4944 in
1313 4891 1443 4944 filiis
1483 4891 1596 4945 suis
1632 4890 1958 4959 agnoscitur
1995 4891 2096 4946 vir.

467 4984 589 5038 Non
633 5001 860 5038 omnem
905 4985 1199 5040 hominem
1251 4983 1487 5038 inducas
1532 4983 1592 5037 in
1636 4983 1868 5037 domum
1907 4988 2096 5056 tuam,

467 5075 665 5130 multa
709 5076 862 5131 enim
907 5079 1128 5133 insidia
1169 5083 1301 5133 sunt
1342 5075 1539 5133 dolosi.
1588 5075 1742 5131 Sicut
1783 5076 1936 5132 enim
1976 5094 2100 5133 eru-

467 5173 621 5224 ctant
650 5171 967 5240 praecordia
1004 5171 1327 5227 fatentium
1369 5175 1425 5226 et
1467 5170 1607 5225 sicut
1640 5171 1841 5241 perdix
1876 5171 2094 5227 induci-

466 5267 560 5318 tur
585 5262 643 5318 in
676 5280 928 5331 caveam,
965 5268 1110 5320 etut
1143 5283 1348 5337 caprea
1381 5265 1438 5319 in
1478 5266 1767 5337 laqueum,
1806 5265 1883 5321 sic
1911 5270 1967 5323 et
2004 5284 2099 5323 cor

463 5356 883 5427 superborum,
937 5364 994 5412 et
1050 5359 1195 5413 sicut
1253 5362 1583 5430 prospector
1643 5360 1842 5417 videns
1903 5378 2096 5417 casum

462 5449 712 5521 proximi
754 5451 860 5507 sui.
907 5452 1062 5506 Bona
1100 5452 1160 5506 in
1207 5452 1423 5507 malum
1463 5455 1739 5510 convertit
1775 5455 2090 5523 insidiator,

463 5548 519 5599 et
549 5543 606 5599 in
633 5544 822 5600 electis
849 5544 1094 5616 imponit
1119 5545 1421 5602 maculam.
1452 5550 1496 5602 A
1525 5549 1765 5605 scintilla
1791 5566 1902 5604 una
1927 5565 2094 5620 auge-

461 5641 555 5692 tur
581 5637 748 5711 ignis,
783 5643 839 5694 et
880 5639 950 5694 ab
990 5656 1101 5695 uno
1137 5640 1329 5696 doloso
1359 5647 1604 5716 augetur
1631 5642 1880 5714 sanguis.
1911 5643 2091 5697 Homo

459 5747 592 5788 vero
637 5737 902 5804 peccator
949 5734 1211 5808 sanguini
1259 5734 1578 5792 insidiatur.
1632 5735 1871 5791 Attende
1923 5735 2022 5790 tibi
2059 5753 2092 5790 a

2207 4703 2375 4757 duces
2417 4718 2615 4758 eorum
2664 4702 2807 4757 sicut
2853 4702 2999 4758 Oreb
3045 4707 3101 4759 et
3152 4705 3283 4772 Zeb,
3337 4705 3480 4759 sicut
3527 4703 3726 4774 Zebee,
3782 4710 3838 4760 et

2206 4777 2526 4875 Salmanaﬁ
2546 4797 2758 4852 Omnes
2808 4797 3087 4868 principes
3129 4814 3329 4853 eorum
3376 4798 3476 4869 qui
3530 4797 3834 4867 dixerunt,

2203 4881 2586 4961 possideamus
2615 4890 2781 4946 nobis
2814 4891 3301 4962 pulchritudinem
3329 4892 3446 4947 Dei.
3476 4893 3620 4946 Deus
3649 4909 3835 4961 meus,

2200 5001 2348 5055 pone
2394 4984 2522 5039 illos
2567 4989 2632 5039 nt
2674 4987 2896 5052 rotam,
2943 4985 3104 5056 quasi
3146 4986 3414 5055 stipulam
3457 4989 3589 5040 ante
3631 4985 3835 5041 faciem

2200 5078 2369 5132 venti.
2390 5076 2684 5142 Quomodo
2703 5078 2850 5149 ignis
2865 5078 3147 5133 comburit
3160 5079 3354 5133 silvam
3372 5083 3428 5134 et
3444 5078 3588 5134 sicut
3603 5079 3840 5134 ﬂamma

2201 5170 2433 5226 devorat
2470 5175 2712 5241 montes,
2755 5172 2834 5227 sic
2867 5173 3227 5244 persequeris
3267 5189 3361 5227 eos
3399 5172 3458 5226 in
3498 5175 3838 5244 tempestate

2199 5269 2296 5320 tua
2327 5269 2383 5319 et
2411 5264 2468 5319 in
2498 5264 2725 5321 turbine
2765 5266 3019 5321 turbabis
3054 5282 3171 5321 eos.
3212 5267 3388 5337 Imple
3422 5265 3596 5320 facies
3633 5281 3836 5320 eorum

2197 5358 2539 5430 ignominia,
2571 5361 2627 5414 et
2651 5364 2910 5431 quarent
2938 5375 3150 5415 nomen
3178 5363 3362 5427 tuum,
3392 5359 3653 5414 Domine.
3686 5361 3835 5415 Con-

2195 5452 2508 5508 fundantur
2551 5457 2607 5508 et
2649 5454 3063 5510 conturbentur
3106 5469 3283 5526 usque
3324 5454 3385 5508 in
3431 5456 3733 5521 aternum,
3781 5457 3840 5510 et

2197 5546 2554 5616 erubescant,
2586 5550 2643 5603 et
2679 5553 2930 5619 pereant,
2962 5553 3020 5604 et
3054 5549 3234 5604 sciant
3259 5547 3392 5620 quia
3419 5563 3637 5602 nomen
3667 5551 3832 5603 tuum

2194 5639 2482 5712 Dominus,
2525 5641 2675 5696 solus
2714 5645 2773 5696 tu
2819 5644 3070 5699 excelsus
3108 5659 3283 5714 super
3310 5658 3548 5697 omnem
3589 5610 3866 5747 terram},

2193 5735 2318 5788 Hac
2347 5733 2470 5790 ﬁeri
2501 5736 2812 5808 propheta,
2854 5738 2973 5792 hac
3012 5737 3270 5809 apostoli,
3308 5737 3430 5792 hac
3475 5754 3836 5794 successores

456 5826 747 5897 pestifero,
781 5827 1022 5885 fabricat
1047 5830 1197 5886 enim
1226 5831 1372 5884 mala
1404 5847 1475 5884 ne
1505 5832 1646 5885 forte
1669 5827 1897 5884 inducat
1922 5846 2092 5900 super
2190 5845 2385 5884 eorum
2418 5833 2474 5884 et
2497 5830 2758 5885 omnium
2789 5831 3198 5887 catholicorum
3229 5833 3462 5887 Patrum
3493 5835 3690 5888 vetant
3727 5833 3829 5889 de-

454 5921 507 5971 te
560 5918 1060 5979 subsannationem
1103 5924 1158 5979 in
1212 5925 1576 5997 perpetuum.
1619 5921 1865 5978 Admitte
1917 5923 1989 5978 ad
2034 5927 2087 5977 te

2191 5928 2369 5989 creta,
2424 5926 2480 5979 et
2543 5924 2682 5979 tales
2738 5925 3210 5997 prasumptioncs
3273 5925 3635 5998 sacrilegium
3707 5944 3831 5983 esse
