4058 6316
270 415 370 472 l73

1483 409 1956 471 DECRETALIUM
1994 409 2384 468 COLLECTIO.

3533 419 3549 472 l
3565 416 3628 474 74

264 522 605 594 diiudicant.
635 521 890 588 Quorum
914 539 1019 578 nos
1058 524 1356 596 sequentes
1393 524 1653 594 exempla
1699 539 1900 579 omnes
1920 529 1980 602 Α
2000 522 2059 574 et
2083 520 2144 575 in
2169 521 2278 576 ﬁde
2309 523 2483 590 recta,
2513 524 2686 592 atque
2712 501 3011 577 haereticis
3037 523 3094 577 et
3147 523 3373 578 aemulis
3423 524 3627 580 Christi

266 619 413 673 tales
472 622 916 689 praesumptores
968 622 1026 673 et
1078 617 1339 674 Ecclesiae
1400 620 1678 688 raptores,
1730 622 1899 689 atque

264 727 502 766 suarum
535 711 873 766 facultatum
900 711 1258 778 alienatores,
1292 727 1402 765 una
1433 710 1729 765 nobiscum
1767 727 1799 764 a
1830 711 1898 764 li-

265 804 518 858 minibus
590 809 795 860 sanctas
873 804 1072 860 matris
1130 804 1389 859 Ecclesiae.
1451 803 1896 859 anathemetiza-

267 901 353 952 tos
397 898 700 969 apostolica
749 899 1083 954 auctoritate
1128 897 1394 970 pellimus
1438 900 1494 952 et
1537 897 1895 964 damnamus,

264 996 439 1063 atque
467 992 770 1063 sacrilegos
805 1007 926 1046 esse
946 992 1295 1062 judicamus,
1326 994 1385 1046 et
1413 1007 1530 1046 non
1563 991 1750 1045 solum
1780 1007 1896 1058 eos,

263 1085 366 1140 sed
410 1101 608 1140 omnes
652 1085 1070 1140 consentientes
1115 1084 1214 1152 eis,
1251 1085 1384 1155 quia
1428 1101 1543 1138 non
1587 1083 1769 1138 solum
1801 1083 1898 1154 qui

263 1178 486 1233 faciunt
529 1179 616 1232 rei
652 1178 1002 1249 judicantur,
1036 1178 1131 1233 sed
1173 1177 1347 1232 etiam
1389 1175 1487 1249 qui
1535 1176 1899 1231 consentiunt

259 1271 617 1339 facientibus,
652 1288 759 1342 par
783 1271 935 1326 enim
961 1288 1133 1342 poena
1174 1277 1232 1326 et
1275 1275 1510 1341 agentes
1561 1275 1618 1325 et
1658 1286 1894 1324 consen-

260 1365 470 1420 tientes
511 1365 964 1436 comprehendit.
996 1366 1105 1419 Vos
1144 1381 1300 1436 ergo,
1329 1365 1552 1430 fratres,
1585 1363 1812 1435 vigilate
1842 1368 1898 1418 et

259 1463 443 1528 orate,
471 1459 710 1513 viriliter
735 1458 887 1530 agite
919 1461 976 1513 et
1003 1458 1404 1513 confortamini
1444 1457 1504 1511 in
1544 1457 1807 1527 Domino,
1841 1461 1898 1512 et

263 1551 458 1607 omnia
486 1556 672 1606 vestra
707 1551 874 1622 juxta
911 1552 1271 1624 Apostolum,
1305 1551 1366 1605 in
1412 1550 1684 1605 charitate
1732 1549 1891 1605 ﬁant.

259 1647 305 1699 Α
332 1649 482 1699 recta
510 1660 648 1715 ergo
691 1644 801 1699 ﬁde
845 1650 901 1699 et
948 1643 1254 1715 apostolico
1286 1645 1518 1699 tramite
1548 1648 1781 1715 propter
1803 1644 1892 1698 111-

258 1739 380 1793 lam
416 1737 907 1808 perturbationem
950 1739 1126 1793 nolite
1173 1737 1464 1806 recedere,
1492 1737 1735 1792 scientes
1762 1737 1896 1807 quia

250 1831 419 1901 juxta
448 1831 747 1887 Salvatoris
773 1831 1142 1900 sententiam,
1174 1830 1323 1886 beati
1351 1835 1484 1886 sunt
1507 1830 1604 1902 qui
1633 1846 1892 1902 persecu-

1999 630 2341 685 repugnare,
2380 623 2437 669 et
2475 631 2774 686 nunquam
2818 632 2851 669 a
2886 614 3141 670 veritatis
3179 616 3408 671 tramite
3455 616 3628 672 decli-

2001 723 2158 774 nare,
2187 707 2460 778 quoniam
2499 708 2773 762 Dominus
2801 710 2857 762 et
2887 709 3136 764 Salvator
3161 709 3422 764 omnium
3470 711 3629 782 cujus

1998 799 2138 854 ﬁdes
2169 803 2274 868 est,
2303 800 2399 871 qui
2426 817 2528 872 pro
2557 801 2725 856 nobis
2751 801 2898 856 mori
2926 818 3042 857 non
3073 802 3366 871 dubitavit,
3401 806 3459 858 et
3493 821 3626 876 pro-

1997 893 2124 964 prio
2150 909 2254 948 nos
2281 910 2381 948 suo
2408 893 2654 948 redemit
2677 895 2978 966 sanguine,
3014 895 3112 966 qui
3139 895 3313 951 ﬁdem
3341 896 3488 952 beati
3522 899 3627 953 Pe-

1998 985 2071 1039 tri
2113 1002 2230 1040 non
2277 986 2628 1041 defecturam
2673 988 2952 1059 promisit,
2995 993 3050 1044 et
3098 989 3436 1045 conﬁrmare
3489 1007 3624 1045 eum

1998 1079 2202 1134 fratres
2249 1096 2378 1134 suos
2425 1080 2739 1150 admonuit,
2776 1082 2925 1152 quod
2964 1083 3295 1153 apostolicos
3335 1084 3628 1155 pontiﬁces

1997 1189 2142 1227 meas
2187 1173 2510 1244 exiguitatis
2558 1174 3005 1244 prmdecessores
3048 1176 3403 1232 conﬁdenter
3429 1179 3628 1233 fecisse

1997 1283 2225 1338 semper
2251 1267 2466 1321 cunctis
2499 1270 2583 1321 est
2612 1267 2924 1338 cognitum.
2958 1270 3211 1333 Quorum
3251 1276 3307 1326 et
3352 1271 3628 1342 pusillitas

1995 1377 2144 1430 mea,
2174 1360 2304 1415 licet
2345 1360 2536 1431 impar
2569 1363 2626 1414 et
2667 1360 2929 1432 minima,
2969 1378 3073 1432 pro
3117 1369 3376 1435 suscepto
3428 1369 3627 1420 tamen

1997 1453 2189 1508 divina
2217 1453 2551 1524 dignatione
2601 1454 2918 1510 ministerio
2946 1455 3284 1528 pedissequa
3315 1458 3472 1528 cupit
3505 1458 3623 1513 exi-

1997 1551 2167 1601 stere.
2197 1548 2292 1602 Va:
2329 1547 2482 1602 enim
2508 1548 2616 1602 erit
2639 1548 2801 1602 nobis
2832 1549 2932 1619 qui
2959 1550 3130 1620 hujus
3157 1549 3459 1605 ministerii
3484 1567 3626 1606 onus

1995 1644 2319 1711 susceptum
2365 1640 2665 1708 habemus,
2697 1640 2743 1694 si
2772 1641 3070 1696 veritatem
3114 1641 3412 1698 Salvatoris
3450 1644 3628 1698 nostri

1993 1734 2020 1786 J
2027 1749 2126 1787 esu
2145 1733 2350 1788 Christi
2372 1749 2546 1805 quam
2566 1734 2809 1805 apostoli
2829 1735 3301 1806 praedicaverunt,
3316 1736 3625 1808 praedicare

1997 1826 2438 1898 neglexerimus,
2478 1844 2562 1881 vas
2606 1827 2715 1882 erit
2765 1828 2925 1883 nobis
2967 1828 3012 1883 si
3056 1829 3280 1884 silentio
3326 1830 3626 1886 veritatem

257 1894 485 1980 tionem
528 1925 822 1996 patiuntur
861 1929 1093 1996 propter
1130 1894 1415 1995 justitiam
1447 1894 1660 1992 (Matth:
1693 1940 1747 1991 v,
1788 1924 1892 1995 lO).
1915 1894 1973 1967 B
1998 1894 2651 1992 oppresserimus,quam
2671 1937 2904 1993 erogare
2923 1922 3624 1994 nummulariisjubemur,

258 2019 390 2072 Haec
434 2019 520 2072 est
567 2018 954 2088 apostolorum
993 2016 1115 2071 viva
1163 2017 1417 2082 traditio,
1452 2017 1573 2071 haec
1598 2033 1734 2070 vera
1758 2017 1892 2071 cha-

260 2110 394 2165 ritas
425 2127 554 2182 qua:
580 2110 946 2182 prmdicanda
977 2113 1081 2179 est,
1112 2113 1171 2163 et
1195 2109 1482 2180 praecipue
1515 2109 1804 2181 diligenda
1833 2126 1896 2164 ac

257 2204 505 2260 fovenda
532 2209 701 2275 atque
727 2203 1065 2258 ﬁducialiter
1093 2204 1162 2258 ab
1193 2203 1459 2258 omnibus
1478 2203 1744 2257 tenenda.
1767 2204 1895 2258 Haec

259 2303 458 2352 sancta
506 2299 563 2352 et
610 2298 916 2368 apostolica
969 2300 1154 2352 mater
1202 2296 1460 2352 omnium
1521 2294 1893 2350 Ecclesiarum

254 2389 465 2446 Christi
508 2389 754 2446 Ecclesia
780 2406 908 2461 quae
934 2406 1038 2461 per
1065 2389 1163 2444 Dei
1195 2388 1602 2460 omnipotentis
1649 2388 1893 2460 gratiam

251 2500 288 2538 a
319 2483 549 2538 tramite
597 2483 917 2554 apostolicae
961 2482 1284 2538 traditionis
1330 2498 1628 2553 nunquam
1672 2498 1892 2536 errasse

252 2576 551 2649 probatur,
610 2593 715 2632 nec
775 2576 1062 2632 heereticis
1125 2575 1469 2631 novitatibus
1527 2575 1891 2646 depravanda

251 2669 570 2738 succubuit,
605 2669 705 2724 sed
731 2675 794 2725 ut
825 2669 884 2724 in
916 2669 1156 2725 exordio
1201 2685 1464 2724 normam
1502 2668 1635 2723 ﬁdei
1675 2673 1894 2740 aposto-

250 2763 376 2818 licm
401 2763 656 2834 percepit
679 2762 751 2818 ab
782 2762 1108 2818 auctoribus
1131 2762 1267 2831 suis,
1295 2762 1682 2833 apostolorum
1724 2761 1889 2818 Chri-

251 2857 323 2910 sti
350 2855 706 2928 principibus
748 2856 967 2910 illibata
1006 2855 1286 2910 ﬁnetenus
1326 2859 1525 2910 manet
1571 2855 1887 2910 secundum

248 2949 430 3020 ipsius
478 2949 705 3004 Domini
745 2949 1047 3005 Salvatoris
1097 2949 1346 3003 divinam
1392 2948 1883 3019 pollicitationem,

249 3043 349 3115 qui
393 3042 799 3114 discipulorum
848 3059 1081 3098 suorum
1113 3041 1357 3113 principi
1383 3041 1440 3096 in
1471 3041 1585 3096 suis
1626 3042 1774 3096 fatus
1804 3047 1888 3096 est

248 3136 574 3206 Evangeliis
601 3153 614 3190 :
649 3157 677 3186 «
702 3137 886 3203 Petre,
915 3135 1199 3208 inquiens,
1229 3152 1356 3190 ecce
1392 3135 1562 3190 Satan
1599 3135 1882 3206 expetivit,

249 3234 314 3284 ut
340 3229 615 3285 cribraret
641 3244 738 3282 vos
768 3229 913 3284 sicut
938 3229 1036 3301 qui
1080 3228 1291 3284 cribrat
1337 3228 1607 3295 triticum,
1642 3245 1748 3300 ego
1780 3246 1880 3283 au-

245 3328 366 3377 tem
394 3338 500 3393 pro
525 3326 581 3377 te
611 3322 824 3394 rogavi,
855 3326 920 3376 ut
965 3339 1080 3378 non
1127 3322 1355 3376 deﬁciat
1392 3321 1533 3376 ﬁdes
1577 3323 1697 3390 tua,
1729 3323 1787 3376 et
1822 3326 1884 3376 tu

245 3414 557 3487 aliquando
579 3431 881 3471 conversus
901 3416 1179 3470 confirma
1197 3415 1401 3470 fratres
1420 3417 1551 3470 tuos
1575 3415 1723 3484 (Luc.
1747 3431 1877 3485 xxn,

249 3511 338 3572 38,
370 3510 479 3574 32).
525 3529 553 3556 »

1995 2013 2057 2068 id
2092 2017 2195 2081 est,
2218 2013 2553 2068 christianos
2587 2017 2826 2085 pOpulos
2862 2015 3118 2070 imbuere
3149 2019 3206 2071 et
3231 2016 3455 2072 docere.
3483 2017 3628 2082 Quid

1995 2107 2055 2161 in
2080 2107 2255 2178 ipsius
2273 2107 2477 2162 Christi
2497 2108 2690 2163 futuro
2711 2107 2918 2162 dicturi
2936 2108 3062 2181 4ο
3085 2126 3279 2164 sumus
3301 2111 3557 2165 examine
3578 2111 3624 2165 si

1995 2216 2325 2255 sermonum
2352 2201 2475 2271 ejus
2503 2200 2804 2256 veritatem
2833 2201 3240 2256 confundimur
3266 2203 3579 2275 praedicare
3598 2204 3626 2258 ?

1996 2293 2140 2357 Quid
2173 2294 2281 2348 erit
2308 2293 2377 2348 de
2402 2293 2564 2348 nobis
2589 2311 2717 2348 cum
2747 2295 2816 2349 de
2849 2295 3163 2350 commissis
3206 2297 3369 2351 nobis
3401 2297 3622 2352 anima-

1992 2387 2117 2454 bus,
2146 2390 2202 2441 et
2242 2387 2310 2441 de
2356 2387 2543 2441 ofﬁcio
2589 2390 2849 2460 suscepto
2895 2389 3181 2445 rationem
3222 2390 3408 2461 justus
3440 2391 3622 2462 judex

1991 2479 2246 2535 Christus
2319 2479 2593 2535 Dominus
2664 2485 2857 2537 noster
2934 2481 3246 2537 districtam
3319 2484 3622 2554 exegerit?

1991 2574 2144 2640 Ideo,
2173 2573 2398 2643 fratres,
2427 2574 2626 2628 hortor
2671 2574 3031 2629 dilectionem
3069 2578 3334 2646 vestram,
3371 2576 3622 2632 obtestor

1991 2669 2048 2720 et
2075 2683 2305 2734 moneo,
2333 2669 2398 2721 ut
2444 2683 2555 2738 qua
2596 2666 2812 2722 debetis
2858 2672 2914 2722 et
2961 2669 3195 2738 potestis
3241 2669 3620 2726 sollicitudine

1988 2758 2228 2830 vigiletis
2289 2759 2362 2814 ad
2416 2759 2846 2832 investigandos
2901 2761 3197 2816 haereticos
3251 2766 3309 2817 et
3356 2762 3620 2819 inimicos

1989 2855 2192 2906 sanctae
2223 2852 2319 2908 Dei
2345 2852 2627 2922 Ecclesiae,
2662 2856 2718 2908 et
2740 2871 2772 2908 a
2800 2853 2953 2908 sanis
2997 2855 3286 2910 mentibus
3322 2872 3396 2910 ne
3442 2856 3618 2928 pestis

1988 2946 2108 3000 haec
2153 2945 2319 3000 latius
2350 2946 2692 3018 divulgetur,
2719 2948 3036 3018 severitate,
3066 2966 3180 3020 qua
3225 2950 3464 3022 potestis
3511 2968 3616 3022 pro

1985 3038 2200 3093 viribus
2225 3038 2532 3110 extirpetis.
2565 3040 2845 3104 Quoniam
2873 3046 2935 3097 ut
2960 3042 3196 3097 habebit
3218 3060 3252 3097 a
3281 3044 3396 3098 Deo
3425 3044 3614 3115 dignae

1984 3132 2463 3188 remunerationis
2504 3133 2810 3205 prtemium
2854 3134 2949 3207 qui
3002 3135 3328 3207 diligentius
3355 3138 3512 3208 quod
3543 3139 3614 3192 ad

1985 3227 2229 3281 salutem
2257 3227 2570 3282 commissas
2601 3227 2706 3282 sibi
2734 3228 2913 3299 plebis
2940 3229 3218 3300 proﬁciat,
3247 3230 3420 3286 fuerit
3449 3247 3612 3287 exse-

1984 3323 2166 3387 cutus,
2195 3319 2274 3374 ita
2301 3324 2432 3374 ante
2460 3320 2704 3375 tribunal
2749 3321 2975 3377 Domini
3014 3322 3083 3377 de
3121 3325 3285 3378 reatu
3311 3324 3609 3396 negligen-

1980 3413 2078 3467 tiae
2100 3429 2158 3469 se
2184 3429 2299 3468 non
2324 3413 2534 3484 poterit
2551 3430 2820 3470 excusare
2850 3416 3172 3488 quicunque
3192 3417 3420 3489 plebem
3449 3435 3613 3474 suam

1980 3509 2178 3560 contra
2204 3506 2499 3578 sacrilegae
2533 3507 2912 3578 persuasionis
2943 3515 3203 3564 auctores
3233 3511 3480 3567 noluerit
3509 3530 3608 3567 cu-

318 3600 654 3657 Consideret
673 3599 866 3672 itaque
881 3604 1067 3656 vestra
1087 3599 1366 3656 excellens
1385 3599 1689 3672 prudentia
1705 3615 1877 3672 quam
1977 3599 2211 3655 stodire.
2244 3600 2384 3655 Data
2427 3601 2627 3656 Kalen.
2657 3601 2862 3673 Aprilis
2903 3602 3077 3658 Gallio
3123 3606 3182 3659 et
3211 3605 3515 3660 Volusiano
3543 3608 3611 3660 IV

245 3694 464 3750 bonum
493 3693 566 3748 sit
590 3693 888 3766 persistere
915 3692 976 3748 in
1007 3693 1428 3766 dispensatione
1456 3692 1614 3749 vobis
1643 3692 1875 3761 credita,

1978 3709 2058 3748 cc.
2087 3693 2302 3749 consul.

820 4055 941 4148 IN
945 4055 1398 4150 CIPIUNT
1464 4056 1885 4149 DECRE’I

1986 4141 1989 4148 .
2057 4057 2616 4151 STEPHANI
2686 4059 3053 4154 ΡΑΡΑΞ.

317 4241 506 4309 (Anno
527 4241 752 4298 Domini
772 4245 895 4299 261.
919 4244 1018 4299 Hic
1038 4244 1312 4300 destruxit
1332 4244 1609 4317 templum
1627 4243 1837 4312 Martis,
1859 4243 2156 4301 Valeriano
2180 4249 2237 4302 et
2255 4244 2468 4302 Galeno
2494 4245 2932 4319 imperantibus,
2954 4251 3019 4305 ut
3043 4250 3180 4308 dicit
3199 4253 3528 4328 Rauderus.)

311 4541 688 4599 Dilectissimo
717 4544 878 4599 fratri
915 4549 1087 4617 atque
1122 4545 1391 4602 familiari
1422 4548 1605 4604 amico
1639 4549 1870 4605 HILARIO
1973 4549 2163 4605 scinde
2200 4564 2349 4618 eam,
2372 4554 2425 4606 et
2457 4551 2673 4623 projice
2698 4553 2797 4608 abs
2842 4559 2917 4609 te.
2941 4553 3210 4612 Similiter
3248 4561 3305 4614 et
3346 4561 3415 4616 de
3454 4564 3602 4632 pede

239 4636 556 4693 Summus
581 4638 876 4709 episcopus
899 4638 1117 4694 intimae
1149 4639 1437 4695 charitatis
1464 4642 1725 4698 salutem.

309 4731 648 4803 Quanquam
665 4748 888 4803 sperem
905 4733 1267 4788 dilectionem
1283 4738 1441 4789 tuam
1454 4736 1525 4790 ad
1545 4752 1715 4790 omne
1731 4753 1873 4808 opus

238 4823 458 4879 bonum
497 4840 621 4880 esse
649 4825 933 4896 devotam,
966 4831 1160 4882 tamen
1202 4844 1308 4899 pro
1351 4828 1735 4884 familiaritate
1764 4846 1873 4901 qua

1971 4643 2258 4715 agendum
2287 4647 2392 4712 est,
2422 4645 2553 4716 quia
2577 4647 2780 4701 melius
2807 4650 2893 4702 est
2923 4649 3026 4703 tibi
3053 4651 3269 4705 luscum
3310 4658 3408 4708 aut
3446 4656 3601 4710 clau-

1974 4736 2112 4791 dum
2135 4736 2346 4792 intrare
2371 4738 2431 4792 in
2456 4754 2700 4810 regnum
2724 4741 2992 4796 caelorum
3014 4759 3189 4814 quam
3221 4744 3361 4800 duos
3387 4748 3599 4818 oculos,

1974 4837 2074 4886 aut
2112 4830 2251 4885 duas
2292 4847 2511 4900 manus,
2544 4836 2642 4887 aut
2665 4833 2806 4889 duos
2832 4835 3004 4906 pedes
3031 4835 3338 4894 habentem
3366 4840 3518 4898 mitti
3545 4843 3601 4898 in

239 4917 402 4973 nobis
432 4918 766 4986 conjunctus
795 4936 918 4974 esse
947 4922 1323 4992 cognosceris,
1357 4924 1420 4976 ut
1454 4924 1553 4976 tua
1589 4922 1951 5025 efﬁcaciorD
1976 4925 2302 4997 gehennam
2344 4925 2493 4998 ignis
2534 4927 2750 4998 (Matth.
2783 4945 2836 4997 v,
2867 4930 2977 5002 29).
3009 4930 3077 4986 Et
3116 4930 3175 4986 in
3222 4933 3605 4994 Ecclesiastico

243 5011 338 5066 fiat
373 5011 677 5078 industria,
706 5029 1025 5085 congruum
1059 5015 1227 5070 nobis
1255 5015 1438 5070 visum
1483 5017 1586 5085 est,
1620 5016 1720 5070 has
1752 5017 1872 5071 fra-

241 5103 520 5159 ternitatis
536 5105 758 5161 litteras
777 5110 891 5162 tute
915 5107 1201 5163 dilectioni
1229 5109 1434 5165 debere
1460 5108 1729 5182 dirigere.
1757 5111 1870 5165 Mo-

245 5214 445 5253 nemus
469 5201 546 5269 te,
570 5199 925 5272 charissime,
949 5219 1177 5273 semper
1200 5202 1260 5256 in
1289 5203 1450 5258 bonis
1479 5220 1734 5274 manere,
1760 5207 1816 5260 et
1841 5222 1875 5259 a

243 5292 402 5346 malis
431 5309 648 5348 cavere.
685 5294 825 5350 Cum
868 5294 1034 5350 bonis
1064 5301 1120 5351 et
1162 5299 1330 5352 rectae.
1377 5297 1512 5352 ﬁdei
1559 5315 1622 5353 ac
1667 5304 1874 5354 sanctae

244 5386 686 5442 conversationis
716 5388 1045 5444 hominibus
1071 5390 1295 5446 assidue
1327 5408 1467 5459 esse,
1500 5397 1555 5448 et
1580 5409 1613 5447 a
1642 5409 1870 5464 perver-

243 5479 315 5534 sis
340 5497 404 5536 ac
431 5481 674 5536 fratrum
700 5482 1128 5539 insidiatoribus
1168 5484 1276 5539 nisi
1313 5488 1380 5540 ut
1419 5503 1511 5541 eos
1561 5490 1870 5555 convertas,

241 5577 298 5628 et
321 5573 392 5629 ad
421 5575 787 5631 concordiam
817 5576 1072 5646 reducas,
1102 5580 1371 5650 separari.
1409 5601 1436 5632 «
1467 5579 1776 5652 Quoniam,
1810 5584 1874 5636 ut

239 5666 320 5721 ait
352 5669 676 5740 Apostolus,
710 5676 1089 5744 corrumpunt
1141 5689 1327 5728 mores
1369 5673 1549 5729 bonos
1592 5675 1873 5747 colloquia

238 5761 389 5816 mala
419 5761 470 5833 (Ι
495 5764 615 5821 Cor.
643 5779 732 5834 xv,
766 5764 874 5837 33).
909 5787 937 5816 »
965 5765 1036 5820 Et
1058 5764 1178 5838 ipsa
1206 5783 1310 5838 per
1338 5784 1398 5822 se
1428 5767 1648 5824 Veritas
1687 5768 1823 5824 dicit
1854 5785 1867 5824 :

238 5853 294 5909 Si
319 5855 518 5910 oculus
545 5859 677 5913 tuus
702 5858 1162 5916 scandalizaverit
1202 5864 1278 5930 te,
1311 5878 1448 5917 erue
1479 5879 1614 5919 eum
1651 5865 1708 5920 et
1735 5879 1868 5936 pro-

231 5946 345 6019 jice
377 5949 478 6005 abs
502 5953 582 6007 te.
611 5952 681 6008 Et
706 5951 753 6008 si
788 5969 993 6010 manus
1028 5957 1122 6011 tua
1166 5955 1625 6014 scandalizaverit
1662 5958 1739 6029 te,
1768 5957 1866 6014 ab-

1973 5018 2299 5074 invenietur
2335 5020 2480 5075 libro
2513 5038 2526 5076 :
2565 5041 2592 5073 ‹‹
2621 5023 2681 5076 In
2727 5021 2888 5077 bonis
2929 5023 3030 5078 viri
3077 5024 3298 5081 inimici
3342 5028 3512 5100 illius,
3539 5032 3605 5102 lin

1974 5112 2200 5168 tristitia
2223 5129 2359 5168 vero
2387 5114 2527 5170 etin
2553 5116 2766 5171 malitia
2792 5116 2962 5186 illius,
2992 5119 3209 5174 amicus
3236 5121 3465 5194 agnitus
3493 5133 3676 5194 est];

1973 5208 2037 5260 In
2063 5207 2226 5261 labiis
2253 5206 2367 5261 suis
2394 5208 2646 5264 indulcat
2687 5209 2972 5280 inimicus,
3004 5217 3059 5268 et
3087 5212 3148 5269 in
3175 5216 3344 5272 corde
3373 5236 3473 5275 suo
3510 5206 3602 5275 in,-

1975 5300 2230 5372 sidiatur,
2253 5305 2319 5355 ut
2344 5301 2631 5358 subvertat
2660 5305 2716 5358 te
2740 5304 2799 5358 in
2826 5305 3071 5362 foveam.
3118 5310 3187 5363 Et
3216 5311 3316 5384 qui
3354 5314 3607 5388 tetigerit

1973 5394 2183 5466 picem,
2197 5394 2589 5467 inquinabitur
2603 5397 2673 5452 ab
2693 5415 2775 5454 ea.
2792 5401 2860 5456 Et
2875 5401 2973 5473 qui
2997 5406 3500 5464 communicaverit
3519 5428 3606 5465 su-

1971 5488 2149 5559 perbo
2185 5488 2451 5544 induetur
2476 5491 2754 5562 superbia,
2781 5495 3010 5565 pondus
3039 5513 3209 5569 super
3238 5517 3297 5555 se
3335 5502 3481 5558 tollit
3507 5505 3605 5575 qui

1973 5581 2285 5636 honestiori
2304 5599 2361 5638 se
2387 5585 2798 5657 communicat,
2822 5588 3013 5644 ditiori
3033 5595 3090 5646 te
3109 5608 3182 5648 ne
3203 5593 3376 5649 fueris
3394 5596 3596 5650 socius.

1974 5674 2121 5740 Quid
2147 5677 2591 5733 communicabit
2626 5681 2864 5737 cacabus
2897 5684 2971 5738 ad
3001 5685 3223 5742 ollam?
3263 5688 3502 5752 Quando
3540 5680 3612 5744 sc'

1971 5768 2299 5842 colliserint,
2329 5771 2742 5846 confringetur.
2774 5775 2935 5832 Dives
2977 5779 3184 5850 injuste
3227 5784 3358 5850 aget
3403 5785 3460 5836 et
3486 5781 3597 5838 fre-

1969 5866 2106 5934 met,
2137 5881 2358 5939 pauper
2385 5871 2581 5924 autem
2610 5870 2778 5925 laestis
2803 5871 3028 5927 tacebit.
3054 5872 3108 5927 Si
3135 5871 3369 5944 largitus
3399 5873 3451 5930 ei
3476 5875 3598 5933 fue-

1969 5957 2067 6028 ris,
2098 5962 2348 6018 assumet
2382 5965 2457 6033 te,
2491 5965 2548 6017 et
2578 5962 2622 6018 si
2663 5980 2779 6021 non
2811 5964 3092 6032 habueris,
3121 5964 3475 6040 derelinquat
3523 5972 3594 6024 tc.
