4058 6304
441 375 540 428 175

3703 372 3805 427 176

513 479 570 534 Si
598 477 794 548 habes,
826 477 1084 532 convivet
1112 479 1318 544 tecum,
1345 479 1400 530 et
1428 476 1722 531 evacuabit
1749 479 1824 546 te,
1855 479 1911 531 et
1945 476 2069 548 ipse
2089 486 2150 561 Α
2172 473 2499 561 fugientes.|
2529 476 2598 530 Et
2635 473 2732 546 qui
2769 473 3010 546 indigna
3042 473 3150 530 sibi
3183 476 3388 547 petunt
3422 475 3543 532 loca
3581 480 3805 546 tenere,

438 589 556 629 non
583 571 798 627 dolebit
822 587 993 642 super
1019 573 1091 626 te.
1124 570 1179 625 Si
1211 569 1560 625 necessarius
1601 569 1682 625 illi
1710 570 1902 640 fueris,
1935 587 2066 642 sup-

440 665 715 739 plantabit
740 667 813 732 te,
847 667 904 719 et
947 663 1242 718 subridens
1283 679 1443 734 spem
1484 663 1660 731 dabit,
1692 679 1933 719 narrans
1964 663 2069 719 tibi

439 760 608 827 bona,
637 761 693 814 et
724 757 872 813 dicet
900 774 912 812 :
947 757 1088 822 Quid
1115 774 1254 828 opus
1285 759 1368 812 est
1393 756 1544 811 tibi?
1569 758 1637 812 Et
1671 758 1985 813 confundet
2014 761 2068 814 te

442 852 502 907 in
539 852 676 907 cibis
720 851 854 919 suis,
888 851 1062 906 donec
1101 855 1157 904 te
1200 849 1493 905 exinaniat
1537 850 1626 904 bis
1673 854 1729 905 et
1772 855 1878 918 ter,
1906 855 1963 906 et
2009 851 2070 906 in

441 946 747 1000 novissimo
777 942 1053 998 deridebit
1073 947 1148 997 te.
1176 944 1376 998 Postea
1393 942 1593 997 videns
1615 943 1974 1014 derelinquet
1990 947 2066 1014 te,

442 1043 499 1094 et
546 1043 715 1110 caput
761 1053 926 1091 suum
971 1036 1222 1090 movebit
1271 1037 1341 1090 ad
1383 1039 1461 1091 te.
1499 1036 1810 1091 Humiliare
1847 1037 1983 1106 Deo,
2013 1041 2070 1091 et

442 1136 695 1203 exspecta
714 1147 916 1184 manus
944 1129 1085 1201 ejus.
1107 1130 1349 1184 Attende
1373 1145 1444 1184 ne
1475 1130 1734 1186 seductus
1753 1130 1813 1184 in
1832 1130 2069 1185 stultitia

440 1224 772 1279 humilieris.
815 1224 939 1278 Noli
987 1240 1110 1278 esse
1156 1223 1383 1277 humilis
1419 1223 1479 1278 in
1529 1223 1803 1295 sapientia
1839 1226 1956 1294 tua,
1994 1242 2066 1280 ne

438 1318 768 1373 humiliatus
797 1317 857 1372 in
896 1315 1192 1371 stultitiam
1222 1317 1530 1372 seducaris.
1563 1318 1876 1373 Advocatus
1905 1336 1939 1372 a
1962 1336 2065 1390 po-

435 1411 676 1467 tentiore
720 1411 963 1477 discede,
1002 1426 1070 1465 ex
1111 1410 1216 1465 hoc
1258 1410 1412 1466 enim
1449 1411 1631 1483 magis
1669 1415 1720 1466 te
1753 1412 2064 1468 advocabit.

433 1507 513 1560 Ne
541 1505 836 1576 improbus
862 1504 956 1570 sis,
987 1520 1059 1558 ne
1086 1503 1440 1575 impingaris,
1487 1507 1543 1558 et
1580 1522 1653 1559 ne
1697 1507 1868 1576 longe
1896 1507 1970 1561 sis
1998 1507 2067 1562 ab

435 1616 525 1666 eo,
561 1604 616 1653 et
643 1615 738 1652 eas
763 1598 822 1652 in
848 1598 1209 1652 oblivionem.
1241 1599 1319 1653 Ne
1345 1598 1590 1654 retineas
1623 1617 1692 1654 ex
1723 1616 1885 1671 aequo
1913 1601 2068 1672 loqui

434 1709 566 1746 cum
592 1691 710 1758 illo,
742 1694 799 1745 et
822 1707 892 1746 ne
919 1691 1119 1746 credas
1146 1691 1342 1746 multis
1371 1691 1552 1746 verbis
1577 1693 1724 1748 illius
1749 1710 1760 1748 :
1793 1709 1859 1748 ex
1890 1695 2070 1749 multa

1329 371 1610 424 APPEND.
1652 368 1741 424 AD
1781 370 1942 424 SIEC.
1986 368 2072 422 lX.
2107 395 2176 408 --
2205 367 2452 423 lSlDORl
2541 365 2914 423 ERCATORIS

1345 479 1400 530 et
1428 476 1722 531 evacuabit
1749 479 1824 546 te,
1855 479 1911 531 et
1945 476 2069 548 ipse
2089 486 2150 561 Α
2172 368 2598 623 fugientestEt
2635 473 2732 546 qui
2769 473 2914 546 indie

1329 569 1560 623 essarius
1601 569 1682 623 illi
1710 570 1902 623 fueris.
1935 587 2066 623 sun-
2170 572 2270 623 aut
2309 569 2461 623 facul
2521 571 2602 623 tes
2648 569 2909 623 Ecclesia;

2170 572 2270 624 aut
2309 568 2602 624 facultates
2648 569 2909 624 Ecclesia;
2955 568 3294 625 abstrahunt
3337 569 3564 642 injuste,
3616 577 3674 627 et
3701 573 3804 645 qui

2170 662 2376 718 fratres
2402 662 2847 730 calumniantur,
2865 665 2965 717 aut
2981 668 3268 731 accusant,
3302 669 3359 720 et
3389 681 3507 720 non
3535 666 3802 736 probant,

2168 755 2256 811 vel
2285 755 2383 827 qui
2409 761 2610 811 contra
2635 755 2969 812 innocentes
2989 755 3313 829 principum
3345 758 3565 814 animos
3595 760 3667 814 ad
3686 759 3801 816 ira-

2170 849 2438 904 cundiam
2460 853 2787 921 provocant,
2815 853 2873 905 et
2914 866 3112 906 omnes
3149 851 3676 923 anathematizatos,
3713 854 3806 910 vel

2167 958 2271 1014 pro
2326 942 2440 997 suis
2488 942 2796 998 sceleribus
2844 943 2914 998 ab
2961 944 3205 999 Ecclesia
3242 945 3454 1016 pulsos,
3503 950 3560 1002 et
3602 963 3806 1004 omnes

2171 1052 2313 1106 quos
2345 1035 2731 1092 ecclesiasticae
2763 1037 2849 1092 vel
2875 1037 3048 1091 seculi
3083 1039 3240 1109 leges
3269 1039 3511 1095 infames
3540 1056 3802 1112 pronun-

2168 1129 2332 1184 tiant.
2349 1131 2459 1184 llos
2472 1146 2604 1184 vero
2619 1147 2737 1185 non
2751 1129 2822 1184 ad
2844 1147 3030 1185 sacros
3048 1132 3274 1188 ordinet
3291 1133 3421 1188 licet
3438 1149 3803 1204 promovere,

2167 1239 2272 1277 nec
2302 1240 2493 1278 servos
2519 1227 2651 1278 ante
2683 1223 2989 1295 ligitimam
3019 1225 3364 1292 libertatem,
3398 1243 3502 1282 nec
3529 1228 3808 1298 poeniten-

2167 1320 2272 1383 tes,
2322 1333 2426 1371 nec
2476 1317 2754 1387 bigamos,
2805 1334 2911 1372 nec
2953 1335 3049 1374 eos
3095 1318 3192 1390 qui
3241 1320 3409 1374 curiae
3453 1321 3803 1390 deserviunt,

2168 1411 2254 1464 vel
2281 1409 2378 1481 qui
2407 1426 2526 1465 non
2559 1415 2692 1465 sunt
2716 1411 2924 1482 integri
2944 1429 3196 1484 corpore,
3221 1419 3320 1468 aut
3337 1430 3536 1469 sanam
3565 1431 3681 1469 non
3703 1416 3809 1470 ha-

2168 1503 2307 1559 bent
2365 1507 2640 1572 mentem,
2700 1506 2788 1559 vel
2838 1506 3212 1574 intellectum,
3267 1511 3364 1561 aut
3408 1507 3807 1564 inobedientes

2171 1601 2500 1653 sanctorum
2529 1598 2770 1653 decretis
2803 1599 3070 1667 existunt,
3093 1603 3194 1654 aut
3214 1600 3414 1655 furiosi
3437 1602 3807 1658 manifestan-

2169 1695 2280 1745 tur.
2310 1691 2375 1745 Hi
2427 1708 2628 1746 omnes
2677 1709 2781 1746 nec
2822 1694 2893 1747 ad
2938 1709 3123 1747 sacros
3165 1693 3373 1764 gradus
3415 1694 3626 1750 debent
3665 1713 3802 1767 pro-

434 1786 588 1840 enim
615 1785 844 1857 loquela
867 1783 1129 1852 tentabit,
1171 1787 1228 1838 et
1273 1785 1570 1840 subridens
1610 1786 1986 1858 interrogabit
2009 1792 2063 1842 te
2088 1857 2119 1858 ί
2166 1783 2318 1854 vehi,
2343 1799 2446 1839 nec
2473 1784 2585 1854 isti,
2605 1801 2710 1840 nec
2733 1785 2946 1856 liberti,
2962 1802 3150 1857 neque
3177 1787 3438 1858 suspecti,
3462 1805 3568 1843 nec
3585 1793 3806 1844 rectam

432 1880 501 1934 de
531 1877 878 1934 absconditis
903 1878 1032 1933 tuis.
1070 1878 1305 1933 Immitis
1335 1880 1559 1933 animus
1585 1879 1734 1935 illius
1765 1897 2059 1936 conserva-
2085 1857 2141 1929 B
2166 1877 2339 1932 fidem
2391 1877 2479 1932 vel
2521 1878 2756 1949 dignam
2804 1879 3289 1939 conversationem
3343 1897 3461 1936 non
3503 1882 3802 1952 habentes,

430 1973 515 2028 bit
538 1972 710 2027 verba
739 1975 855 2041 tua,
893 1975 951 2025 et
985 1988 1099 2026 non
1140 1974 1335 2043 parcet
1374 1971 1443 2028 de
1476 1973 1711 2040 malitia,
1757 1980 1812 2028 et
1840 1973 1910 2029 de
1937 1974 2059 2028 vin-

431 2066 587 2121 culis.
635 2066 780 2120 Cave
808 2065 928 2132 tibi,
971 2070 1028 2120 et
1063 2066 1294 2120 attende
1340 2064 1644 2138 diligenter
1694 2067 1914 2122 auditui
1940 2072 2058 2136 tuo,

430 2159 704 2231 quoniam
728 2159 786 2213 in
826 2158 1191 2214 subversione
1218 2163 1314 2214 tua
1340 2159 1612 2214 ambulas.
1646 2161 1897 2215 Audiens
1925 2177 2060 2218 vero

430 2253 523 2307 illa
549 2253 711 2324 quasi
762 2252 819 2306 in
873 2252 1106 2321 somnis,
1157 2252 1284 2307 vide
1323 2257 1381 2308 et
1423 2253 1704 2323 vigilabis.
1738 2253 1911 2309 Omni
1947 2255 2062 2310 vita

430 2349 526 2400 tua
553 2345 726 2417 dilige
749 2347 956 2415 Deum,
985 2349 1042 2400 et
1070 2345 1268 2400 invoca
1287 2362 1419 2401 eum
1448 2347 1509 2400 in
1536 2346 1713 2401 salute
1743 2350 1857 2402 tua.
1883 2349 2060 2402 Omne

429 2440 642 2494 animal
668 2438 1048 2511 diligitsimile
1083 2439 1208 2509 sibi,
1241 2439 1316 2494 sic
1345 2444 1402 2495 et
1435 2440 1622 2495 omnis
1647 2440 1838 2509 homo,
1873 2442 2062 2513 proxi-

425 2549 591 2588 mum
617 2532 744 2588 sibi.
776 2532 972 2587 Omnis
1001 2549 1130 2587 caro
1151 2532 1224 2587 ad
1255 2533 1502 2589 similem
1532 2533 1637 2588 sibi
1663 2535 2058 2606 conjungitur,

427 2629 482 2682 et
512 2627 702 2681 omnis
725 2627 898 2681 homo
925 2625 1095 2680 simili
1124 2626 1228 2680 sibi
1256 2626 1519 2683 sociatur.
1543 2627 1598 2682 Si
1623 2628 2063 2683 communicabit

425 2719 590 2791 lupus
614 2737 762 2792 agno
788 2720 1115 2791 aliquando,
1148 2720 1226 2774 sic
1257 2723 1519 2791 peccator
1537 2721 1715 2790 justo.
1741 2721 1880 2785 Quae
1903 2738 2058 2776 com-

428 2813 734 2867 municatio
763 2816 954 2867 sancto
984 2812 1208 2867 homini
1239 2814 1311 2868 ad
1355 2812 1601 2868 canem?
1650 2818 1749 2869 aut
1795 2831 1923 2886 quae
1952 2831 2061 2886 pax

428 2907 579 2961 bona
607 2905 763 2960 diviti
792 2907 866 2960 ad
901 2907 1258 2978 pauperem?
1294 2907 1518 2961 venatio
1552 2907 1731 2961 leonis
1758 2924 1972 2978 onager
2001 2909 2062 2962 in

427 3017 636 3067 eremo,
668 3000 747 3054 sic
795 3016 1003 3070 pascua
1035 2999 1273 3054 divitum
1311 3005 1444 3056 sunt
1485 3017 1786 3072 pauperes.
1824 3003 1892 3056 Et
1919 3001 2064 3058 sicut

428 3093 782 3150 abominatio
805 3097 888 3148 est
919 3093 1161 3164 superbo
1183 3094 1497 3162 humilitas,
1528 3094 1605 3148 sic
1632 3095 1945 3150 exsecratio
1974 3096 2058 3150 di-

2163 1987 2418 2026 summos
2445 1972 2765 2027 sacerdotes
2793 1977 3031 2044 possunt
3064 1990 3346 2030 accusare.
3391 1975 3499 2031 Sed
3537 1980 3592 2030 et
3618 1976 3804 2046 quali-

2163 2067 2252 2119 ter
2311 2065 2641 2120 obedientia
2687 2067 2774 2119 vel
2821 2067 3138 2122 reverentia
3175 2068 3247 2122 sit
3288 2068 3603 2139 praepositis
3641 2068 3803 2123 exhi-

2162 2158 2366 2225 benda,
2397 2175 2466 2213 ex
2489 2159 2599 2213 tuis
2641 2176 2872 2231 quoque
2914 2160 3182 2230 subjectis
3217 2161 3339 2232 ipse
3376 2179 3488 2216 non
3517 2162 3802 2233 ambigis;

2162 2251 2221 2305 in
2252 2268 2366 2323 qua
2392 2268 2452 2307 re
2477 2252 2636 2307 valde
2662 2256 2747 2307 est
2773 2253 2931 2320 utile,
2960 2253 3006 2307 si
3033 2254 3089 2308 id
3117 2255 3270 2326 quod
3299 2253 3612 2326 disciplinas
3639 2256 3805 2326 vigor

2163 2345 2428 2417 imponit,
2458 2345 2616 2400 nullo
2644 2349 2882 2416 cogente
2907 2347 3196 2401 humilitas
3231 2347 3512 2402 laudanda
3541 2365 3801 2404 servave-

2161 2438 2256 2495 rit.
2278 2438 2648 2510 Omnipotens
2672 2442 2819 2494 Deus
2843 2439 2904 2494 in
2928 2440 3088 2511 cujus
3114 2457 3292 2496 manu
3317 2444 3450 2495 sunt
3483 2441 3694 2511 omnia,
3731 2443 3803 2498 de

2164 2549 2276 2603 quo
2322 2532 2597 2603 scriptum
2642 2537 2726 2588 est
2769 2550 2783 2587 :
2837 2553 2866 2582 «
2921 2535 3045 2588 Non
3088 2537 3174 2590 est
3221 2534 3511 2606 sapientia,
3558 2552 3673 2591 non
3716 2541 3804 2592 est

2162 2625 2483 2696 prudentia,
2502 2642 2615 2680 non
2646 2629 2732 2680 est
2757 2626 3058 2682 consilium
3078 2632 3278 2682 contra
3299 2628 3604 2684 Dominum
3620 2628 3799 2700 (Ρνου.

2161 2734 2273 2786 XXI,
2306 2720 2425 2790 30);
2455 2738 2482 2770 »
2514 2719 2635 2790 ipse
2668 2724 2746 2789 te,
2774 2723 3020 2791 tuosque
3067 2724 3124 2775 et
3150 2721 3358 2791 divina,
3391 2727 3448 2776 et
3476 2723 3802 2793 apostolicae

2162 2811 2311 2866 sedis
2339 2811 2596 2867 instituta
2623 2813 2839 2868 illibata
2864 2829 3110 2877 servare,
3134 2818 3192 2869 et
3222 2815 3294 2870 ad
3328 2815 3550 2888 potiora
3575 2832 3801 2888 semper

2161 2905 2558 2976 conscendere,
2587 2909 2643 2961 et
2669 2907 2739 2961 de
2764 2907 2856 2962 die
2896 2906 2956 2962 in
2994 2908 3146 2963 diem
3184 2908 3468 2965 deteriora
3497 2926 3718 2978 cavere,
3746 2916 3806 2968 et

2161 2999 2398 3055 meliora
2429 3016 2492 3054 ac
2518 3001 2630 3056 Deo
2656 3001 2859 3072 placita
2906 3001 3111 3057 sectari
3151 3005 3320 3075 atque
3355 3004 3630 3075 perﬁcere
3658 3021 3800 3060 con-

2163 3092 2346 3148 cedat.

425 3188 524 3242 viti
550 3204 782 3259 pauper.
813 3187 972 3243 Dives
1003 3191 1320 3243 commotus
1347 3188 1719 3243 conﬁrmatur
1745 3189 1814 3243 ab
1842 3189 2056 3260 amicis,
2081 3220 2136 3296 Ο
2234 3185 2580 3242 Vestimenta
2608 3203 2743 3242 vero
2773 3187 3146 3244 ecclesiastica
3183 3190 3387 3262 quibus
3422 3193 3666 3247 Domino
3689 3193 3799 3248 mi-

428 3281 660 3337 humilis
709 3287 900 3337 autem
944 3298 1074 3337 cum
1120 3282 1403 3350 ceciderit,
1446 3284 1757 3355 expelletur
1797 3286 1853 3338 et
1883 3300 1916 3338 a
1952 3300 2057 3338 no-

379 3409 387 3416 ς
427 3377 517 3430 tis.
549 3375 711 3430 Diviti
757 3376 990 3447 decepto
1027 3376 1192 3430 multi
1230 3379 1681 3447 recuperatores,
1720 3379 1941 3432 locutus
1978 3381 2063 3433 est

427 3474 687 3546 superba,
715 3478 773 3528 et
784 3473 1177 3545 justificaverit
1200 3474 1381 3544 illum,
1405 3475 1635 3530 humilis
1666 3475 1933 3548 deceptus
1955 3480 2057 3543 est,

426 3572 483 3622 et
509 3569 745 3640 insuper
773 3569 1054 3640 arguitur,
1083 3570 1306 3624 locutus
1345 3575 1432 3625 est
1468 3573 1712 3638 sensate,
1743 3575 1798 3626 et
1827 3587 1946 3625 non
1977 3575 2062 3626 est

424 3661 585 3717 datus
612 3664 664 3717 ei
688 3663 866 3718 locus.
900 3663 1059 3718 Dives
1080 3663 1301 3718 locutus
1318 3667 1421 3729 est,
1447 3667 1502 3718 et
1519 3679 1714 3718 omnes
1739 3667 2056 3733 tacuerunt,

427 3759 482 3811 et
507 3757 745 3810 verbum
776 3756 926 3809 illius
954 3772 1132 3826 usque
1173 3757 1245 3810 ad
1271 3756 1449 3810 nubes
1479 3757 1807 3826 perducent.
1843 3758 2061 3826 Pauper

426 3849 649 3903 locutus
667 3851 751 3904 est
780 3851 837 3902 et
863 3849 1059 3903 dicunt
1092 3865 1104 3901 :
1142 3849 1278 3912 Quis
1306 3853 1392 3903 est
1420 3848 1550 3903 hic?
1579 3850 1647 3902 Et
1673 3849 1719 3902 si
1739 3848 2058 3918 offenderit,

428 3942 762 3996 subvertunt
799 3940 982 3995 illum.
1017 3941 1175 3995 Bona
1206 3944 1290 3995 est
1336 3940 1672 4010 substantia,
1717 3941 1806 3995 cui
1835 3957 1948 3996 non
1974 3947 2063 3998 'est

427 4038 726 4108 peccatum
769 4035 826 4088 in
869 4033 1226 4101 conscientia,
1267 4039 1325 4089 et
1367 4033 1717 4106 nequissima
1761 4038 2063 4106 paupertas

429 4129 491 4183 in
519 4145 615 4183 ore
645 4127 825 4200 impii.
851 4131 959 4184 Cor
978 4126 1229 4182 hominis
1251 4127 1515 4182 immutat
1538 4129 1737 4183 faciem
1764 4128 2062 4196 illius,sive

428 4224 488 4276 in
531 4222 697 4289 bona,
745 4221 858 4276 sive
904 4220 962 4275 in
1012 4221 1175 4275 mala.
1237 4221 1550 4293 Vestigium
1582 4222 1716 4277 boni
1765 4221 1969 4290 cordis,
2008 4227 2064 4278 et

429 4315 634 4369 faciem
655 4315 870 4369 bonam
897 4314 1125 4369 difﬁcile
1146 4315 1400 4370 invenies
1423 4318 1480 4369 et
1498 4332 1628 4371 cum
1663 4316 1853 4371 labore
1880 4317 2058 4386 (Ecclz‘.

429 4425 526 4476 xu,
563 4411 715 4478 9-15;
747 4425 864 4476 x111,
900 4410 1069 4478 1-32).
1113 4431 1139 4457 »

501 4504 647 4573 Haec,
673 4502 869 4570 frater,
895 4518 1031 4557 cave
1056 4501 1175 4570 tibi,
1200 4507 1255 4557 et
1273 4505 1404 4574 post
1431 4501 1912 4574 concupiscentias
1940 4506 2062 4559 tuas

2161 3279 2452 3350 nistratur,
2479 3280 2775 3352 cultusque
2804 3281 3029 3336 divinus
3055 3284 3217 3338 omni
3251 3301 3382 3339 cum
3419 3285 3799 3342 honoriﬁcen-

2117 3423 2122 3429 .
2159 3374 2240 3429 tia
2280 3377 2338 3430 et
2377 3375 2675 3429 honestate
2713 3391 2748 3429 a
2805 3376 3192 3431 sacerdotibus
3232 3378 3579 3450 reliquisque
3616 3381 3803 3436 Eccle-

2160 3467 2257 3522 siae
2309 3468 2582 3523 ministris
2630 3470 2987 3536 celebratur,
3039 3476 3258 3526 sacrata
3295 3472 3508 3527 debent
3557 3490 3696 3542 esse,
3745 3479 3803 3530 et

2161 3563 2420 3618 honesta.
2447 3563 2658 3628 Quibus
2694 3563 2816 3618 aliis
2865 3563 2924 3617 in
2967 3564 3182 3635 usibus,
3227 3582 3357 3620 cum
3400 3567 3512 3621 Deo
3560 3567 3801 3638 ejusque

2161 3656 2390 3711 servitio
2437 3663 2760 3712 consecrata
2804 3661 2862 3712 et
2903 3657 3162 3713 dedicata
3210 3664 3360 3727 sunt,
3410 3677 3580 3727 nemo
3629 3662 3806 3717 debet

2161 3677 2390 3711 SCI‘VIUO
2437 3677 2760 3712 consecrata
2804 3677 2862 3712 θῐ
2903 3677 3162 3713 (100108.Ιᾶ
3210 3677 3360 3727 sunt,
3410 3677 3482 3715 ne
3548 3677 3580 3715 Ο
3629 3677 3804 3717 debet

2161 3750 2273 3806 frui
2301 3767 2474 3821 quam
2517 3751 2902 3806 ecclesiasticis
2942 3754 3000 3806 et
3043 3752 3230 3823 dignis
3270 3677 3664 3902 ofﬁciiszuae
3691 3771 3804 3811 nec

2161 3844 2230 3898 ab
2261 3844 2383 3899 aliis
2423 3844 2634 3899 debent
2677 3845 2953 3902 contingi.
2997 3850 3094 3900 aut
3136 3846 3290 3902 ferri.
3331 3847 3439 3902 nisi
3566 3849 3802 3902 sacratis

2161 3844 2230 3898 ab
2261 3844 2383 3899 aliis
2423 3844 2634 3899 debent
2677 3845 2953 3916 contingi,
2997 3850 3094 3900 aut
3136 3846 3290 3915 ferri,
3331 3847 3439 3902 nisi
3484 3844 3518 3902 εἰ
3566 3849 3802 3904 sacratis

2161 3937 2511 4006 hominibus,
2561 3955 2635 3993 ne
2686 3938 2826 3993 ultio
2855 3955 2981 4010 quin
3034 3939 3322 3994 Balthasar
3375 3942 3650 4012 percussit
3699 3959 3800 3997 su-

2161 4048 2266 4103 per
2303 4031 2424 4086 hazc
2465 4031 3012 4104 transgredientibus
3052 4038 3109 4088 et
3150 4033 3284 4088 talia
3322 4035 3803 4106 praesumentibus

2161 4126 2356 4180 veniat
2438 4125 2644 4196 divina,
2729 4129 2788 4179 et
2865 4143 3131 4182 corruere
3209 4143 3303 4182 eos
3369 4128 3539 4183 faciat
3589 4128 3802 4184 divinae

2164 4219 2390 4274 ultionis
2425 4219 2645 4290 justum
2690 4218 2980 4289 ﬂagellum
3015 4220 3088 4274 ad
3129 4219 3264 4275 ima.
3294 4222 3423 4275 Haec
3468 4221 3576 4275 illis
3617 4223 3798 4292 parti-

2162 4313 2267 4368 bus
2310 4311 2516 4384 quibus
2562 4313 2802 4367 moraris
2847 4318 2904 4368 et
2947 4314 3006 4368 in
3051 4314 3314 4368 omnibus
3354 4315 3558 4386 quibus
3606 4321 3802 4386 potue-

2164 4407 2240 4461 ris
2289 4405 2505 4460 cunctis
2562 4408 2694 4460 nota
2750 4405 2955 4474 facito,
3011 4410 3069 4461 et
3140 4409 3439 4463 observare
3492 4409 3802 4479 apostolica

2164 4498 2434 4554 mandato
2465 4498 2825 4566 auctoritate,
2871 4499 3008 4570 quia
3036 4504 3091 4554 et
3130 4501 3308 4556 nostri
3340 4501 3613 4573 nobisque
3640 4517 3801 4557 com-

430 4613 546 4652 non
575 4597 761 4652 vadas.
821 4596 967 4662 Quid
1009 4612 1138 4651 vero
1175 4597 1504 4652 consuluisti
1552 4596 1750 4651 sedem
1792 4598 2058 4670 apostoli-
2079 4593 2139 4665 D
2162 4592 2318 4647 missi
2345 4591 2406 4645 in
2435 4597 2628 4647 sancta
2654 4591 2961 4662 apostolica
2990 4597 3045 4647 et
3078 4594 3380 4649 universali
3410 4596 3657 4650 Ecclesia
3677 4612 3800 4651 om-

430 4692 594 4747 cam?
640 4691 738 4762 qui
787 4697 916 4746 sunt
959 4690 1217 4762 infames,
1249 4696 1346 4746 aut
1388 4691 1485 4762 qui
1513 4691 1583 4744 ad
1625 4691 1830 4762 gradus
1873 4693 2062 4746 Eccle-

428 4785 676 4840 siasticos
705 4802 818 4840 non
848 4787 981 4840 sunt
1009 4785 1367 4852 admittendi,
1391 4788 1446 4839 et
1477 4801 1641 4838 nosse
1671 4789 1725 4839 te
1754 4783 2061 4855 credimus,

433 4882 489 4932 et
514 4893 616 4948 pro
644 4879 980 4933 auctoritate
1006 4878 1156 4933 sedis
1181 4877 1502 4950 apostolicae
1532 4881 1586 4932 te
1608 4878 1916 4934 informare
1943 4895 2061 4934 non

433 4971 805 5041 denegamus.
847 4971 1090 5026 lnfames
1121 4975 1316 5026 autem
1345 4987 1463 5027 esse
1495 4988 1585 5027 eas
1615 4989 1884 5042 personas
1921 4972 2059 5026 dici-

433 5080 560 5119 mus
586 5081 714 5135 quac
741 5081 843 5134 pro
874 5065 1063 5136 aliqua
1102 5067 1268 5137 culpa
1305 5069 1578 5122 notantur
1605 5066 1862 5132 infamia,
1891 5065 1949 5120 id
1980 5068 2065 5120 est

434 5174 638 5212 omnes
684 5158 782 5229 qui
823 5158 1154 5214 Christianae
1200 5159 1341 5232 legis
1384 5177 1649 5216 normam
1691 5159 1980 5230 abjiciunt,
2009 5163 2065 5213 et

433 5253 647 5306 statuta
670 5252 1054 5308 Ecclesiastica
1074 5257 1467 5324 contemnunt,
1490 5254 1748 5310 similiter
1773 5253 1946 5319 fures,
1971 5269 2060 5306 sa-

432 5343 688 5415 crilegos,
718 5349 774 5400 et
819 5363 1018 5401 omnes
1057 5348 1387 5419 capitalibus
1423 5347 1754 5404 criminibus
1789 5346 2060 5402 irretitos.

433 5439 835 5510 Sepulcrorum
883 5457 1111 5512 quoque
1163 5443 1480 5508 violatores,
1539 5445 1596 5496 et
1651 5439 2058 5511 apostolorum,

433 5537 605 5606 atque
635 5550 1023 5590 successorum
1067 5553 1282 5605 eorum,
1318 5535 1787 5606 reliquorumque
1829 5535 2062 5590 Patrum

431 5629 641 5683 statuta
685 5627 930 5685 libenter
976 5629 1269 5697 violantes,
1305 5635 1362 5684 et
1416 5645 1613 5684 omnes
1655 5628 1754 5701 qui
1798 5628 2062 5684 adversus

430 5722 626 5776 Patres
650 5726 964 5795 armantur,
980 5725 1078 5797 qui
1093 5724 1153 5779 in
1180 5723 1331 5778 omni
1357 5722 1574 5777 mundo
1596 5722 1830 5780 infamia
1847 5726 2057 5780 notan-

429 5817 538 5870 tur.
597 5815 869 5874 Similiter
923 5819 1308 5887 incestuosos,
1371 5817 1720 5887 homicidas,
1780 5818 2056 5889 perjuros,

432 5911 709 5981 raptores,
763 5914 1067 5981 maleﬁcos,
1105 5913 1404 5980 veneﬁcos,
1447 5912 1747 5978 adulteros,
1787 5913 1856 5969 de
1900 5911 2060 5967 bellis

2164 4702 2266 4742 nes
2294 4686 2418 4740 haec
2449 4686 2776 4755 observare,
2800 4703 2951 4740 nunc
2976 4689 3033 4741 et
3056 4686 3260 4742 futuris
3279 4689 3632 4760 temporibus
3659 4706 3797 4760 pro-

2165 4779 2295 4835 fessi
2316 4783 2466 4834 sunt.
2492 4779 2587 4834 His
2598 4780 2847 4835 breviter
2873 4780 2986 4834 tuis
3011 4780 3188 4836 frater
3206 4782 3510 4852 magnifice
3525 4782 3798 4853 respondi

2163 4873 2384 4929 litteris.
2441 4873 2653 4939 Quibus
2710 4878 2805 4928 tua
2861 4873 3086 4929 dilectio
3143 4874 3218 4928 ita
3272 4875 3541 4944 societur,
3597 4878 3662 4929 ut
3712 4875 3802 4929 ni-

2163 4966 2245 5022 hil
2274 4967 2333 5022 in
2359 4967 2448 5022 his
2475 4984 2603 5038 quas
2629 4967 2700 5021 ad
2723 4967 3058 5022 universalis
3089 4968 3349 5023 Ecclesiae
3376 4972 3586 5024 statum
3615 4969 3796 5039 perti-

2165 5065 2326 5131 nent,
2356 5065 2453 5116 aut
2491 5060 2659 5116 dubie
2698 5067 2918 5133 agatur,
2959 5065 3057 5116 aut
3100 5061 3368 5134 segniter.
3416 5064 3484 5117 Et
3522 5079 3653 5116 cum
3695 5065 3800 5118 tali

2164 5155 2563 5233 moderatione
2591 5158 2841 5225 agantur
2880 5159 3100 5223 cuncta,
3141 5160 3205 5211 ut
3242 5173 3345 5211 nec
3383 5156 3803 5212 benevolentiae

2163 5253 2378 5321 partes,
2407 5266 2512 5304 nec
2531 5248 2767 5320 justitiae
2795 5249 3185 5326 negligantur,
3227 5250 3327 5306 sed
3359 5250 3572 5322 absque
3599 5266 3798 5322 perso-

2163 5359 2367 5398 narum
2394 5342 2722 5414 acceptione
2750 5343 3006 5399 divinum
3029 5343 3088 5398 in
3115 5344 3380 5399 omnibus
3398 5343 3681 5416 judicium
3710 5361 3805 5400 co-

2165 5436 2392 5510 gitetur.
2425 5438 2591 5503 Quod
2617 5443 2680 5493 ut
2721 5441 2873 5494 recta
2915 5438 3268 5494 observantia
3303 5440 3486 5495 valeat
3527 5439 3802 5494 custodiri

2162 5531 2452 5586 catholicae
2479 5531 2745 5603 primitus
2775 5537 3033 5588 servetur
3055 5532 3192 5587 ﬁdei
3215 5532 3532 5604 integritas.
3567 5534 3636 5587 Et
3663 5533 3806 5605 quia

2161 5642 2268 5698 per
2284 5625 2476 5680 omnia
2496 5628 2739 5698 augusta
2753 5631 2808 5682 et
2824 5627 3079 5682 arctavia
3099 5630 3183 5682 est
3197 5642 3326 5698 (Ιιιω
3343 5627 3499 5682 ducit
3512 5627 3583 5682 ad
3595 5626 3799 5697 vitam,

2161 5735 2346 5790 neque
2364 5717 2423 5773 in
2440 5717 2747 5790 sinistram,
2767 5737 2954 5793 neque
2976 5719 3034 5774 in
3057 5720 3315 5776 dextram
3331 5721 3402 5776 ab
3421 5720 3543 5792 ejus
3564 5720 3802 5778 tramite

2161 5813 2436 5869 devictur.
2467 5815 2606 5869 Data
2625 5815 2825 5885 quinto
2856 5817 3041 5871 Nonas
3069 5815 3192 5871 Maii
3221 5814 3517 5872 Valeriano
3549 5817 3606 5871 et
3623 5815 3796 5872 Galli-

2160 5924 2299 5964 cano
2331 5910 2396 5963 lV
2426 5908 2767 5965 consulibus.
