4058 6352
217 447 313 501 177

1436 446 1912 505 DECRETALIUM
1950 447 2334 506 COLLECTIO.

3473 458 3574 514 178

364 600 574 669 ΙΤΕΜ
619 601 1042 672 EPISTOLA
1088 601 1520 674 STEPHANI
1564 602 1826 673 ΡΑΡλἘ
1870 602 1983 670 DE
2030 603 2775 678 ACCUSATIONIBUS
2825 607 3430 680 SACERDOTUM.

282 747 600 806 STEPHANUS
644 755 851 806 sanctae
898 751 1221 823 apostolicae
1271 757 1328 808 et
1373 753 1700 810 universalis
1737 755 1841 809 Ro-
1861 760 1920 834 Α
1942 753 2138 807 ceatur
2157 753 2408 808 ecclesiae
2431 771 2610 826 usque
2635 756 2704 811 ad
2731 755 3075 828 condignam
3104 757 3566 814 satisfactionem.

208 856 399 898 mante
443 843 701 900 Ecclesia:
753 845 1048 918 episcopus
1071 888 1084 914 ,
1131 846 1395 902 omnibus
1437 864 1539 919 per
1589 848 1841 903 diversas

206 935 528 1007 provincias
557 937 880 993 constitutis
906 940 1204 1012 episcopis,
1227 940 1287 995 in
1308 941 1549 996 Domino
1575 942 1836 997 salutem.

279 1029 601 1085 Plurimum
632 1032 947 1102 gaudemus
975 1033 1035 1088 in
1066 1034 1325 1102 Domino,
1355 1038 1410 1090 et
1437 1035 1498 1090 in
1523 1035 1672 1090 dono
1702 1051 1837 1106 gra-

207 1122 304 1176 tiae
316 1123 495 1194 ipsius
511 1125 843 1195 gloriamur,
859 1127 1016 1197 quod
1031 1127 1171 1182 fides
1182 1131 1368 1182 vestra
1383 1128 1648 1200 perbona
1666 1145 1840 1200 opera

206 1217 409 1271 crescit
434 1217 755 1288 magniﬁce,
779 1223 834 1274 et
859 1219 1123 1276 dilatatur
1139 1222 1510 1293 amplissime.
1536 1222 1651 1278 Sed
1668 1222 1840 1277 nimis

202 1310 523 1382 afﬂigimur
543 1316 599 1367 et
624 1313 965 1368 tribulamur
982 1314 1052 1368 de
1073 1320 1257 1370 vestra
1282 1316 1647 1387 oppressione
1668 1332 1840 1388 super

202 1420 320 1475 qua
355 1405 610 1460 crebrior
639 1408 1088 1463 commeantium
1123 1425 1305 1482 usque
1344 1410 1416 1465 ad
1458 1427 1559 1464 nos
1595 1410 1838 1464 fratrum

203 1513 396 1552 sermo
436 1499 688 1570 perlatus
717 1504 818 1554 est.
859 1501 982 1556 Non
1017 1506 1349 1572 oportuerat
1376 1502 1605 1574 quidem
1631 1504 1700 1558 ab
1728 1503 1836 1558 illis

203 1608 240 1645 a
271 1591 476 1662 quibus
513 1592 833 1662 sustentari,
878 1597 935 1648 et
970 1595 1209 1666 portari,
1239 1599 1296 1650 et
1323 1597 1592 1652 honorari
1624 1597 1834 1651 debue-

202 1684 365 1750 ratis,
398 1685 570 1739 tantis
596 1702 693 1740 vos
721 1687 1184 1758 oppressionibus
1209 1691 1452 1746 concuti.
1483 1692 1838 1761 Quapropter

202 1777 592 1832 necessarium
628 1782 730 1847 est,
767 1785 828 1834 ut
860 1781 1095 1836 remotis
1128 1781 1326 1836 talium
1364 1782 1839 1853 tergiversationi—

201 1867 330 1938 bus,
364 1871 570 1941 quibus
599 1888 884 1928 venenosa
908 1874 1125 1928 malitia
1154 1875 1414 1943 revelari,
1450 1881 1618 1947 atque
1646 1877 1838 1930 obscu-

201 1964 320 2017 rari
347 1963 568 2019 bonitas
603 1968 660 2019 et
693 1966 896 2021 veritas
924 1968 1084 2036 solet,
1114 1968 1526 2024 adminiculum
1562 1986 1675 2024 non
1711 1986 1836 2025 m0-

201 2057 390 2112 dicum
428 2059 584 2112 vobis
626 2076 660 2113 a
692 2059 954 2115 ﬁdelibus
989 2061 1374 2132 impendatur,
1417 2066 1585 2134 atque
1624 2063 1694 2118 ab
1730 2064 1837 2117 hac

199 2151 508 2221 apostolica
545 2153 675 2208 sede
710 2126 1250 2226 suﬁ'ragetur,—quos
1287 2126 1390 2226 per
1425 2126 1675 2210 divinam
1715 2126 1913 2228 gra-B

199 2245 345 2299 tiam
382 2245 590 2300 Christi
621 2247 826 2301 auxilio
867 2247 1110 2316 dignum
1139 2251 1223 2303 est
1249 2249 1524 2320 adjuvari,
1555 2267 1626 2304 ne
1658 2250 1718 2303 in
1749 2255 1833 2305 to-

199 2338 316 2392 tius
358 2340 620 2394 Ecclesise
658 2340 1150 2411 perturbationem
1188 2342 1524 2414 imprudens
1564 2343 1838 2414 procedat

198 2431 467 2499 intentio,
508 2437 567 2487 et
602 2449 668 2487 ea
701 2449 829 2504 qua:
863 2452 897 2488 a
935 2435 1141 2490 sanctis
1179 2435 1696 2507 praedecessoribus
1732 2453 1832 2491 no-

197 2525 348 2592 stris,
369 2530 428 2580 et
445 2525 680 2597 reliquis
701 2527 912 2582 sanctis
931 2528 1190 2583 Patribus
1215 2529 1432 2584 dudum
1458 2529 1690 2584 fuerant
1709 2547 1836 2601 pro-

196 2618 398 2685 hibita,
431 2619 623 2675 denuo
649 2619 1002 2676 reviviscent.
1043 2622 1176 2676 Loci
1207 2638 1457 2694 namque
1488 2623 1664 2677 nostri
1695 2639 1834 2678 con-

197 2711 543 2766 sideratione
559 2714 956 2783 compellimur
968 2729 1036 2768 ea
1055 2731 1183 2786 quae
1201 2715 1272 2769 ad
1294 2715 1554 2770 notitiam
1577 2720 1835 2772 nostram

197 2805 564 2860 emendanda
589 2809 991 2876 pervenerunt,
1021 2812 1254 2878 propter
1273 2809 1582 2864 Dominum
1608 2826 1723 2864 non
1745 2809 1837 2864 de

195 2897 546 2969 relinquere,
582 2899 684 2952 sed
714 2899 888 2970 digna
917 2901 1320 2956 emendatione
1355 2901 1662 2972 corrigere.
1694 2904 1761 2957 Et
1789 2902 1835 2957 si

196 2991 566 3046 saecularibus
595 2991 794 3046 officiis
823 2993 963 3047 ordo
991 3009 1123 3048 suus
1149 2997 1207 3049 et
1228 2994 1436 3049 tradita
1460 3011 1492 3048 a
1520 2995 1834 3066 majoribus

198 3084 503 3156 disciplina
532 3085 807 3140 servanda
837 3089 940 3154 est,
972 3087 1100 3158 quis
1128 3086 1275 3142 ferat
1303 3087 1710 3143 ecclesiasticos
1739 3105 1831 3143 or-

197 3178 362 3233 dines
387 3177 696 3234 temeraria
724 3179 1168 3251 praesumptione
1200 3181 1492 3249 confundi,
1521 3181 1712 3237 audita
1741 3197 1836 3238 ne-

199 3271 441 3343 gligere,
475 3276 533 3326 et
564 3271 924 3327 emendanda
960 3289 1077 3328 non
1121 3290 1292 3345 opem
1326 3274 1560 3329 ferendo
1598 3277 1830 3346 postpo-

199 3365 378 3420 nere?
412 3363 753 3418 Audivimus
787 3365 943 3420 enim
983 3382 1082 3420 vos
1129 3382 1163 3420 a
1201 3365 1543 3437 quibusdam
1585 3367 1834 3422 accusari

197 3473 319 3512 non
349 3461 467 3512 tam
500 3473 607 3528 pro
638 3461 824 3512 vestra
849 3459 1032 3530 culpa,
1069 3475 1244 3530 quam
1270 3475 1374 3530 pro
1402 3475 1599 3515 eorum
1629 3459 1793 3515 libitu
1810 3478 1827 3531 ;

198 3556 263 3605 ut
293 3554 484 3606 vestra
508 3567 711 3623 rapere
737 3552 973 3623 possint,
1004 3555 1063 3606 et
1085 3553 1215 3608 ideo
1251 3568 1349 3608 vos
1379 3553 1548 3607 nimis
1573 3553 1752 3624 afﬂigi
1777 3558 1833 3609 et

197 3643 427 3698 concuti
453 3643 768 3710 intantum,
796 3647 860 3698 ut
887 3643 1056 3700 etiam
1083 3661 1117 3699 a
1144 3645 1375 3700 sedibus
1399 3645 1642 3717 propriis
1661 3645 1833 3716 pella-

196 3737 365 3805 mini,
394 3742 453 3791 et
475 3737 575 3792 tali
595 3737 888 3792 occasione
915 3737 1173 3793 Ecclesiae
1200 3739 1610 3810 facultatesque
1630 3743 1832 3794 vestrae

196 3833 494 3886 vastentur
543 3847 606 3885 ac
660 3830 1082 3902 depraadentur.
1143 3834 1271 3900 Ista,
1328 3832 1660 3902 charissimi,
1717 3848 1831 3887 non

197 3928 426 3995 Oportet
444 3923 586 3991 fieri,
609 3939 710 3978 nec
738 3925 926 3979 denuo
950 3925 1230 3995 replicari.
1252 3926 1473 3980 Tamen
1499 3943 1728 3982 necesse
1749 3931 1836 3982 est

199 4033 331 4088 qua:
371 4017 534 4072 toties
575 4023 940 4089 usurpantur,
980 4019 1187 4090 smpius
1225 4019 1577 4091 replicentur
1605 4023 1663 4074 et
1699 4036 1832 4091 pro-

195 4110 527 4166 hibeantur.
571 4112 714 4166 Nam
746 4111 1022 4183 quidquid
1059 4112 1119 4166 in
1163 4112 1394 4166 sacratis
1432 4115 1540 4181 Deo
1579 4113 1746 4168 rebus
1777 4117 1836 4169 et

197 4203 482 4275 episcopis
515 4204 723 4275 injuste
761 4205 950 4276 agitur
982 4222 1086 4276 pro
1124 4206 1423 4278 sacrilegio
1454 4207 1830 4277 reputabitur,

197 4297 333 4367 quia
365 4313 522 4351 sacra
558 4301 709 4366 sunt,
746 4300 802 4352 et
829 4297 1031 4352 violari
1066 4315 1100 4353 a
1128 4315 1416 4370 quoquam
1447 4315 1565 4354 non
1604 4299 1830 4355 debent.

269 4390 472 4462 Nullus
501 4391 659 4445 enim
689 4391 1108 4463 episcOporum,
1142 4391 1281 4446 dum
1315 4394 1431 4446 suis
1466 4392 1641 4447 fuerit
1663 4393 1835 4447 rebus

194 4484 560 4554 exspoliatus,
599 4487 700 4538 aut
735 4501 769 4538 a
809 4484 942 4539 sede
988 4485 1221 4556 propria
1258 4485 1512 4556 qualibet
1544 4486 1835 4542 occasione

193 4578 417 4649 pulsus,
451 4575 620 4633 debet
641 4578 916 4645 accusari,
941 4581 1042 4632 aut
1070 4595 1103 4634 a
1131 4594 1425 4649 quoquam
1450 4579 1500 4633 ei
1528 4583 1714 4650 potest
1735 4581 1837 4634 cri-

194 4686 333 4724 men
364 4669 552 4741 objici,
585 4670 922 4742 priusquam
960 4671 1334 4743 integerrime
1379 4675 1747 4742 restauretur,
1783 4677 1839 4727 et

197 4763 397 4818 omnia
429 4779 556 4835 quia
591 4763 669 4817 illi
698 4763 885 4819 ablata
923 4781 1267 4837 quocunque
1311 4751 1546 4836 ingenio
1589 4767 1834 4833 fuerant,

1939 848 2306 902 Accusatores
2338 863 2469 903 vero
2505 851 2563 903 et
2597 849 2982 905 accusationes
3011 867 3154 923 quas
3192 851 3383 906 saeculi
3412 853 3571 923 leges

1939 955 2057 995 non
2092 939 2393 1011 recipiunt,
2427 944 2484 996 et
2509 945 2886 999 antecessores
2915 945 3096 1000 nostri
3130 945 3567 1016 prohibuerunt,

1941 1035 1998 1086 et
2024 1049 2128 1088 nos
2153 1033 2567 1090 submovemus.
2600 1037 2796 1092 Nullus
2822 1037 2977 1093 enim
3006 1038 3334 1110 alienigena
3360 1043 3458 1094 aut
3484 1055 3571 1094 ac-

1939 1129 2161 1181 cusator
2188 1143 2385 1182 eorum
2421 1128 2519 1183 ﬁat
2557 1132 2656 1183 aut
2688 1129 2880 1200 judex.
2913 1131 3072 1187 Unde
3101 1135 3158 1187 et
3190 1131 3261 1186 de
3289 1133 3396 1188 Lot
3428 1131 3566 1187 scri-

1937 1223 2100 1290 ptum
2131 1223 2250 1275 est:
2277 1241 2306 1270 ‹‹
2336 1223 2624 1292 Ingressus
2651 1237 2710 1278 es
2736 1227 2799 1278 ut
2828 1223 3063 1293 advena,
3092 1224 3356 1296 nunquid
3383 1227 3450 1280 ut
3468 1225 3567 1295 ju-

1937 1313 2090 1368 dices
2130 1313 2331 1381 (Genes.
2373 1331 2487 1385 xxx,
2526 1316 2616 1387 9)?
2645 1337 2674 1367 »
2703 1318 3006 1371 Accusator
3033 1321 3226 1372 autem
3251 1322 3570 1374 vestrorum

1939 1406 2128 1461 nullus
2171 1407 2242 1462 sit
2288 1424 2482 1463 servus
2526 1413 2627 1464 aut
2672 1409 2942 1479 libertus,
2993 1409 3262 1481 nullaque
3311 1414 3570 1482 suspecta

1937 1516 2186 1571 persona
2206 1506 2304 1555 aut
2323 1501 2573 1556 infamis.
2595 1503 2970 1574 Repellantur
2990 1503 3161 1557 etiam
3182 1503 3568 1560 cohabitantes

1939 1593 2181 1648 inimicis
2206 1597 2264 1648 et
2291 1610 2488 1649 omnes
2513 1595 2662 1662 laici,
2688 1595 2823 1666 quia
2849 1595 3276 1651 infestationem
3301 1597 3566 1667 blasphe-

1936 1686 2067 1741 miae
2086 1687 2310 1742 affectio
2333 1688 2603 1743 amicitiae
2623 1689 2860 1744 incitare
2886 1691 3046 1744 solet.
3075 1690 3186 1745 Nec
3207 1689 3288 1744 illi
3307 1690 3366 1744 in
3387 1693 3571 1744 vestra

1939 1785 2070 1834 sunt
2106 1780 2447 1852 suscipiendi
2487 1783 2863 1852 accusatione,
2895 1782 2993 1854 qui
3023 1799 3121 1837 vos
3151 1783 3213 1838 in
3241 1799 3342 1846 sua
3374 1783 3572 1838 volunt

1937 1873 2190 1944 recipere
2217 1873 2608 1930 infamatione.
2639 1877 2836 1931 Nullus
2861 1876 3016 1930 enim
3051 1877 3363 1931 anathema
3392 1875 3567 1930 susci-

1938 1967 2144 2037 piatur,
2176 1983 2282 2022 nec
2307 1985 2341 2022 a
2368 1984 2656 2040 quoquam
2683 1969 2993 2024 credantur
3019 1985 3146 2040 quas
3175 1969 3246 2024 ab
3273 1970 3352 2025 eis
3376 1969 3463 2024 vel
3490 1967 3572 2024 di-

1938 2063 2147 2114 cuntur
2169 2061 2259 2115 vel
2286 2061 2742 2117 conscribuntur.
2774 2063 2881 2116 Eos
2909 2078 3139 2134 quoque
3169 2062 3294 2118 dico
3327 2062 3565 2117 anathe-

1937 2153 2233 2209 matizatos
2262 2171 2416 2225 esse,
2459 2171 2603 2227 quos
2640 2155 2890 2227 episcopi
2925 2155 3041 2210 suis
3079 2155 3300 2226 scriptis
3339 2156 3571 2210 anathe-

1936 2246 2366 2315 matizaverunt,
2421 2253 2521 2303 aut
2562 2264 2763 2304 eorum
2813 2253 3024 2304 statuta
3067 2248 3567 2303 anathematizant.

1935 2341 2042 2396 Per
2075 2340 2283 2412 scripta
2319 2342 2473 2395 enim
2509 2341 2720 2397 nullius
2758 2341 3037 2397 accusatio
3074 2341 3434 2412 suscipiatur,
3467 2340 3569 2395 sed

1936 2433 2166 2504 propria
2186 2450 2340 2500 voce,
2362 2435 2408 2488 si
2428 2435 2684 2504 legitima
2703 2439 2759 2490 et
2784 2435 3069 2506 condigna
3090 2434 3425 2490 accusatoris
3444 2450 3570 2504 per-

1936 2543 2078 2582 sona
2127 2527 2316 2594 fuerit,
2361 2533 2642 2599 praesente
2684 2527 2948 2583 videlicet
2987 2545 3055 2584 eo
3101 2544 3272 2600 quem
3310 2542 3569 2582 accusare

1936 2620 2242 2690 desiderat,
2287 2621 2420 2692 quia
2458 2621 2649 2675 nullus
2693 2620 2895 2676 absens
2945 2626 3043 2676 aut
3082 2619 3334 2675 accusari
3384 2623 3571 2691 potest

1937 2718 2037 2768 aut
2057 2724 2340 2769 accusare.
2363 2714 2558 2768 Nullus
2582 2719 2780 2768 tamen
2809 2714 3030 2785 praefati
3058 2713 3273 2769 ordinis
3296 2713 3382 2767 vir
3409 2729 3569 2767 accu-

1937 2806 2045 2860 sari
2071 2809 2276 2878 potest,
2299 2810 2398 2861 aut
2423 2807 2764 2878 respondere
2791 2807 2905 2861 suis
2931 2805 3352 2861 accusatoribus
3378 2805 3567 2872 debet,

1934 2900 2272 2972 priusquam
2297 2899 2640 2972 regulariter
2665 2917 2700 2954 a
2725 2917 2826 2954 suo
2851 2899 3093 2972 primate
3119 2902 3349 2955 vocatus
3374 2899 3467 2967 sit,
3491 2899 3571 2954 lo-

1934 3008 2177 3064 cumque
2190 2993 2531 3049 defendendi
2543 2998 2598 3049 et
2611 2992 2939 3066 inquirendi
2953 2993 3192 3065 accipiat
3207 2992 3279 3048 ad
3287 2991 3570 3048 abluenda

1935 3085 2194 3141 crimina.

2004 3179 2156 3234 Nulli
2176 3179 2334 3234 enim
2353 3180 2782 3252 metropolitani
2798 3181 2897 3235 aut
2909 3179 3004 3235 alii
3018 3179 3266 3253 episcopi
3280 3178 3566 3251 appellan-

1932 3274 2029 3327 tur
2055 3273 2350 3344 primates,
2388 3273 2497 3328 nisi
2534 3273 2632 3345 qui
2666 3273 2879 3344 primas
2910 3273 3072 3328 sedes
3099 3277 3315 3340 tenent,
3348 3274 3407 3326 et
3432 3287 3568 3344 quo-

1932 3382 2063 3420 rum
2109 3366 2363 3421 civitates
2410 3365 2632 3437 antiqui
2690 3366 2962 3436 primates
3024 3382 3145 3421 esse
3200 3368 3566 3421 censuerunt.

1934 3460 2156 3530 Reliqui
2199 3475 2332 3514 vero
2377 3460 2473 3530 qui
2522 3462 2751 3514 caeteras
2798 3460 3262 3530 metropolitanas
3313 3458 3564 3513 civitates

1931 3552 2122 3623 adepti
2164 3554 2316 3621 sunt,
2357 3569 2472 3607 non
2517 3553 2811 3623 primates,
2858 3553 2956 3607 sed
2996 3556 3096 3607 aut
3128 3551 3558 3622 archiepiscopi,

1933 3651 2030 3700 aut
2054 3645 2481 3716 metropolitani
2506 3648 2798 3700 vocentur.
2825 3645 3000 3700 Urbes
3027 3643 3184 3699 enim
3210 3647 3267 3699 et
3289 3644 3418 3698 loca
3447 3641 3568 3714 qui-

1931 3737 2037 3792 bus
2064 3737 2339 3810 primates
2368 3737 2677 3809 praesidere
2705 3737 2934 3805 debent,
2961 3754 3081 3792 non
3118 3736 3431 3806 modernis,
3465 3735 3567 3790 sed

1933 3831 2105 3902 etiam
2151 3831 2344 3886 multis
2386 3835 2518 3887 ante
2565 3831 2876 3886 adventum
2918 3829 3124 3886 Christi
3172 3832 3305 3885 sunt
3348 3831 3569 3884 statutae

1931 3925 2307 3998 temporibus,
2348 3941 2596 3997 quarum
2639 3925 2915 3996 primates
2960 3925 3132 3980 etiam
3177 3923 3415 3996 gentiles
3462 3939 3567 3995 pro

1911 4019 2241 4090 .majoribus
2270 4018 2446 4074 etiam
2481 4018 2724 4090 negotiis
2762 4018 3138 4090 appellabant.
3170 4019 3232 4072 In
3270 4016 3404 4088 ipsis
3432 4033 3568 4072 vero

1934 4112 2170 4168 urbibus
2194 4117 2322 4183 post
2352 4111 2559 4166 Christi
2587 4112 2894 4166 adventum
2925 4109 3164 4182 apostoli
3197 4117 3254 4166 et
3280 4126 3566 4166 successo-

1933 4221 2023 4260 res
2055 4221 2256 4260 eorum
2293 4205 2647 4277 patriarchas
2680 4204 2768 4261 vel
2807 4204 3083 4276 primates
3119 4208 3453 4275 posuerunt.
3485 4203 3572 4258 Ad

1936 4315 2075 4370 quos
2097 4299 2498 4370 episcoporum
2523 4298 2774 4369 negotia,
2797 4299 2946 4353 salva
2970 4297 3028 4352 in
3057 4297 3322 4353 omnibus
3350 4299 3573 4368 aposto-

1932 4391 2039 4446 lica
2066 4392 2423 4458 auctoritate,
2459 4396 2516 4447 et
2555 4393 2802 4463 majores
2834 4408 3015 4446 causae
3050 4393 3177 4462 post
3206 4391 3572 4462 apostolicam

1935 4486 2128 4541 sedem
2148 4490 2282 4540 sunt
2301 4485 2636 4540 referendae.
2662 4487 2728 4540 Et
2748 4485 2900 4554 licet,
2922 4486 3190 4556 Apostolo
3211 4485 3569 4556 prohibente,

1935 4579 2086 4634 inter
2103 4578 2448 4634 Christianos
2474 4595 2592 4633 non
2621 4578 2866 4634 debeant
2887 4578 3278 4634 accusationes
3298 4576 3568 4642 exerceri,

1935 4672 2035 4726 sed
2066 4673 2110 4726 si
2136 4671 2432 4743 prohiberi
2456 4687 2574 4726 non
2602 4676 2927 4742 potuerunt,
2951 4671 3339 4726 accusationes
3359 4669 3568 4739 episco-

1935 4781 2143 4836 porum
2161 4765 2230 4819 ad
2251 4767 2603 4819 memoratos
2623 4763 2898 4834 primates
2918 4763 3128 4818 debent
3145 4763 3215 4817 ab
3235 4760 3569 4817 accusatori-

194 4857 420 4928 legibus
453 4855 940 4929 redintegrentur,
969 4863 1026 4913 et
1053 4858 1174 4929 ipse
1203 4859 1451 4930 propriae
1483 4859 1601 4915 sedi
1633 4863 1690 4915 et
1717 4860 1834 4932 pri-
1854 4857 1916 4932 D
1937 4858 2042 4914 bus
2061 4857 2288 4913 deferri.
2305 4857 2657 4913 Studendum
2677 4862 2760 4913 est
2777 4860 2964 4911 tamen
2993 4855 3293 4928 episcopis,
3321 4858 3384 4909 ut
3404 4853 3567 4909 dissi-

193 4949 348 5005 stino
381 4950 556 5005 statui
580 4951 1245 5022 regulariterreddatur,
1279 4952 1358 5007 ita
1384 4957 1448 5007 ut
1477 4969 1677 5008 omnes
1706 4971 1832 5025 pos-

191 5044 500 5111 sessiones,
539 5048 597 5099 et
637 5047 844 5099 cuncta
879 5044 985 5099 sibi
1021 5046 1232 5117 injuste
1259 5046 1469 5115 ablata,
1509 5049 1679 5118 atque
1713 5047 1834 5102 fru-

191 5140 323 5192 ctus
351 5153 550 5192 omnes
586 5143 720 5193 ante
750 5143 993 5210 coeptam
1031 5138 1450 5194 accusationem
1481 5140 1752 5212 primates
1783 5144 1839 5197 et

191 5231 455 5301 synodus
484 5231 748 5303 episcopo
776 5232 846 5288 de
875 5248 987 5304 quo
1018 5232 1210 5304 agitur
1234 5233 1488 5288 funditus
1512 5218 1835 5302 restituant,

189 5324 337 5395 quia
364 5324 474 5379 hoc
504 5341 618 5380 non
647 5326 835 5381 solum
867 5325 1281 5396 ecclesiasticae,
1311 5326 1412 5381 sed
1441 5327 1616 5382 etiam
1649 5328 1838 5383 saaculi

182 5418 351 5488 leges
381 5417 507 5474 ﬁeri
542 5418 872 5490 prohibent.
905 5421 1097 5491 Neque
1126 5419 1330 5492 aliquis
1367 5436 1564 5476 eorum
1598 5423 1696 5474 aut
1733 5423 1835 5476 Ec-

184 5511 499 5567 clesiarum
526 5515 784 5568 actorum
810 5514 898 5568 vel
929 5513 1296 5569 defensorum
1325 5514 1398 5569 ad
1439 5514 1656 5586 aliquos
1683 5514 1838 5586 prius

105 5633 126 5689 ς
183 5604 464 5689 accusari
491 5604 664 5662 debet
681 5622 869 5677 "quam
906 5606 1016 5678 ipsi
1051 5607 1381 5662 charitative
1408 5607 1516 5674 bis,
1549 5611 1607 5662 et
1640 5611 1732 5663 ter
1767 5607 1837 5663 ab

124 5687 136 5780 ’ν
180 5699 277 5755 eis
307 5698 408 5770 qui
441 5687 502 5754 se
531 5700 697 5755 laesos
729 5699 1036 5770 aestimant,
1068 5701 1159 5756 vel
1189 5716 1284 5756 eos
1311 5717 1416 5772 pro
1445 5701 1729 5772 aliquibus
1755 5716 1842 5755 er-

139 5815 152 5830 ο
179 5791 419 5850 ratibus
433 5792 723 5865 corripere
738 5793 996 5865 cupiunt,
1017 5795 1447 5863 conveniantur,
1470 5798 1534 5850 ut
1553 5793 1624 5850 ab
1642 5793 1722 5849 eis
1744 5798 1842 5850 aut

181 5886 547 5944 familiarem
559 5887 676 5961 41
692 5889 1162 5944 emendationem
1171 5891 1288 5959 ,aut
1291 5889 1508 5961 justam
1519 5887 1842 5961 percipiant

180 5980 656 6040 excusationem.
673 5982 839 6050 Quod
861 5983 960 6055 qui
976 5982 1427 6057 praesumpserit,
1447 5981 1737 6040 liminibus
1755 5997 1841 6039 ar-

1937 4952 2134 5008 dentes
2167 4952 2370 5007 fratres
2400 4951 2585 5022 magis
2621 4950 2692 5006 ad
2732 4967 2932 5024 pacem
2972 4966 3144 5022 quam
3183 4949 3257 5004 ad
3285 4947 3571 5020 judicium

1937 5045 2637 5117 coerceantur.Episcopus
2658 5047 2850 5114 autem
2872 5043 3036 5099 aliter
3057 5060 3176 5099 non
3200 5042 3367 5100 debet
3387 5042 3572 5098 audiri

1936 5143 2035 5194 aut
2056 5139 2322 5212 judicari,
2356 5139 2464 5194 nisi
2494 5138 2554 5194 in
2583 5138 2886 5210 praesentia
2916 5137 3173 5193 omnium
3212 5136 3568 5208 comprovin-

1938 5233 2188 5303 cialium,
2212 5238 2269 5288 et
2294 5233 2363 5288 ab
2397 5232 2661 5288 omnibus
2682 5231 3252 5303 comprovincialibus
3272 5229 3569 5302 episcopis,

1939 5326 2073 5398 quia
2107 5327 2240 5398 ipsis
2282 5321 2626 5392 absentibus,
2667 5341 2770 5380 nec
2819 5324 3009 5393 debet,
3047 5341 3152 5380 nec
3189 5329 3393 5397 potest.
3434 5325 3572 5390 Quae

1936 5435 2072 5474 vero
2118 5436 2377 5491 persona:
2419 5419 2492 5473 ad
2537 5418 2953 5473 accusationem
3005 5436 3204 5474 eorum
3269 5435 3388 5474 non
3440 5422 3572 5474 sunt

1939 5477 2432 5608 admittendm,\et
2469 5511 2731 5582 superius
2772 5528 2838 5566 ex
2893 5516 3052 5584 parte
3095 5512 3312 5569 dictum
3359 5516 3462 5578 est,
3516 5515 3572 5566 et

1936 5605 2102 5660 latius
2126 5609 2245 5661 tam
2275 5604 2335 5660 hi
2370 5603 2541 5676 quam
2571 5609 2628 5660 et
2655 5605 2898 5662 infames
2930 5622 3210 5678 personae,
3247 5605 3306 5661 in
3337 5603 3571 5676 epistola

1938 5715 2111 5771 quam
2129 5699 2345 5754 dudum
2368 5698 2576 5754 Hilario
2597 5698 2874 5770 misimus,
2898 5705 3031 5756 sunt
3049 5700 3458 5756 adnumeratae.
3485 5696 3571 5750 Ul-

1937 5796 2028 5848 tra
2048 5791 2353 5865 provinciae
2367 5809 2499 5849 vero
2517 5792 2795 5850 terminos
2815 5793 3112 5850 accusandi
3137 5790 3423 5847 licentiam
3451 5805 3568 5843 non

1938 5885 2358 5959 progrediatur,
2379 5887 2478 5944 sed
2517 5887 2702 5944 omnis
2729 5887 3008 5944 accusatio
3042 5887 3188 5942 intra
3217 5881 3570 5955 provinciam

1941 5980 2223 6051 audiatur,
2265 5985 2322 6038 et
2365 5998 2398 6037 a
2439 5980 3001 6055 comprovincialibus
3049 5976 3408 6046 terminatur,
3457 5975 3563 6032 nisi
