4058 6334
512 419 609 474 179

1388 421 1669 476 APPEND.
1712 420 1798 475 AD
1835 421 1998 476 SzEC.
2044 421 2126 474 ΙΧ.
2159 449 2226 459 --
2269 418 2514 474 lSlDORl
2554 416 2980 474 MERCATORIS

3762 411 3870 470 180

501 525 578 581 ad
607 525 974 597 apostolicam
1000 527 1197 584 sedem
1228 527 1397 584 fuerit
1420 531 1639 582 tantum
1664 528 2032 598 appellatum.
2064 530 2130 584 Et
2150 541 2209 614 Α
2230 527 2359 583 dolo
2391 527 2604 598 (Jcrem.
2639 542 2692 591 v,
2719 523 2929 594 25-27).
2964 544 2989 571 ››
3019 524 3085 579 Et
3105 538 3208 594 per
3234 519 3409 577 David
3435 519 3551 576 ait:
3582 541 3610 569 «
3638 519 3745 585 Qui
3773 537 3871 574 co-

505 620 772 690 neganda
827 625 911 675 est
961 621 1228 675 accusatis
1275 620 1506 675 licentia
1552 621 1889 676 criminandi
1941 622 2122 693 prius-

503 730 677 784 quam
698 730 756 768 se
782 713 1018 770 crimine
1042 731 1154 785 quo
1180 716 1526 785 premuntur
1547 713 1829 781 exuerint,
1853 715 1988 785 quia
2012 732 2126 770 non

504 811 590 860 est
635 806 986 862 credendum
1020 812 1218 861 contra
1255 806 1393 861 alios
1431 823 1629 862 eorum
1662 808 2002 863 confessioni
2031 809 2129 880 qui

501 898 836 954 criminibus
864 899 1131 970 implicati
1161 904 1313 969 sunt,
1346 900 1456 954 nisi
1485 917 1546 954 se
1578 901 1734 971 prius
1763 901 2130 972 probaverint

500 992 832 1047 innocentes
861 993 1137 1063 quoniam
1175 993 1493 1064 periculosa
1524 999 1626 1061 est,
1668 999 1725 1049 et
1751 994 1974 1048 admitti
2010 1011 2129 1049 non

502 1083 741 1139 debetur
771 1084 853 1138 rei
889 1084 1155 1140 adversus
1185 1102 1585 1157 quemcunque
1617 1087 1911 1158 professio.
1945 1088 2128 1142 Fami-

500 1176 666 1232 liares
693 1193 824 1232 vero
861 1182 918 1233 et
947 1182 1149 1250 sponte
1181 1179 1428 1249 confessi
1450 1183 1621 1251 atque
1661 1181 1959 1236 sceleribus
1982 1181 2127 1235 irre-

498 1269 588 1324 titi
612 1286 727 1324 non
756 1271 970 1325 debent
995 1271 1239 1339 admitti,
1261 1288 1365 1327 nec
1392 1273 1452 1326 hi
1477 1273 1573 1343 qui
1601 1274 1868 1328 hesterna
1893 1274 2004 1340 die,
2033 1277 2131 1328 aut

499 1362 704 1433 pridie,
742 1367 840 1417 aut
875 1367 1004 1418 ante
1037 1364 1270 1420 fuerunt
1303 1365 1540 1420 inimici.
1580 1367 1824 1422 Clericus
1863 1384 2000 1438 ergo
2030 1369 2129 1439 qui

498 1455 832 1528 episcopum
866 1473 1031 1511 suum
1056 1459 1417 1529 accusaverit,
1449 1464 1547 1516 aut
1575 1461 1624 1516 ei
1652 1460 1946 1516 insidiator
1970 1461 2130 1516 exsti-

499 1549 655 1616 terit,
687 1566 803 1604 non
833 1555 916 1604 est
939 1550 1321 1622 recipiendus,
1351 1553 1482 1622 quia
1507 1553 1734 1608 infamis
1761 1553 1993 1608 effectus
2023 1557 2128 1624 est,

503 1644 559 1695 et
587 1659 621 1694 a
656 1643 839 1712 gradu
867 1643 1039 1698 debet
1067 1644 1356 1714 recedere,
1393 1650 1492 1701 aut
1524 1647 1696 1701 curiae
1719 1648 1865 1702 tradi
1892 1647 2129 1703 servitu-

501 1750 620 1788 rus.
674 1735 849 1789 Laicis
892 1753 1153 1809 quoque,
1199 1740 1452 1809 quamvis
1494 1741 1748 1812 religiosi
1798 1740 1937 1809 sint,
1991 1741 2132 1795 nulli

501 1829 696 1882 tamen
738 1828 806 1883 de
855 1830 1241 1885 ecclesiasticis
1283 1831 1644 1887 facultatibus
1680 1834 1892 1905 aliquid
1936 1833 2128 1904 dispo-

2230 621 2554 692 gitaverunt
2588 618 2832 673 malitias
2875 617 2932 671 in
2972 616 3142 671 corde
3186 620 3306 671 tota
3345 614 3435 670 die
3479 614 3678 668 versati
3729 617 3871 668 sunt

2226 714 2286 768 in
2325 712 2552 784 praeliis.
2598 714 2951 768 Exacuerunt
2992 710 3216 781 linguas
3255 725 3380 763 suas
3429 709 3574 762 sicut
3620 723 3868 778 serpen-

2227 810 2332 874 tes,
2385 822 2672 860 venenum
2735 804 2996 875 aspidum
3052 803 3155 858 sub
3211 801 3374 857 labiis
3437 817 3639 856 eorum
3689 799 3863 866 (Psal.

2228 915 2458 968 cxxx1x,
2506 902 2567 967 3,
2619 898 2692 970 4).
2741 917 2769 949 ››
2811 899 2877 952 Et
2919 897 3088 968 paulo
3126 900 3252 967 post
3297 912 3310 949 :
3363 916 3389 944 «
3430 894 3650 949 Cadent
3694 909 3869 964 super

2230 1010 2328 1048 eos
2361 992 2634 1047 carbones
2663 991 2722 1045 in
2749 991 2903 1061 igne,
2933 989 3157 1061 dejicies
3183 1005 3279 1043 eos
3307 988 3367 1042 in
3401 989 3612 1055 foveas,
3644 990 3710 1041 ut
3748 1003 3867 1041 non

2229 1090 2597 1157 consurgant.
2640 1085 2736 1138 Vir
2773 1084 3064 1154 linguosus
3110 1099 3224 1136 non
3268 1082 3547 1153 dirigetur
3585 1080 3646 1135 in
3686 1086 3863 1148 terra,

2227 1181 2414 1234 virum
2441 1179 2718 1250 injustum
2743 1178 2895 1232 mala
2923 1177 3150 1248 capient
3178 1177 3239 1230 in
3276 1175 3533 1230 interitu.
3568 1175 3695 1230 Scio
3727 1173 3867 1244 quia

2229 1273 2399 1341 faciet
2420 1272 2724 1342 nilominus
2766 1286 2993 1326 causam
3038 1269 3245 1341 inopis,
3284 1268 3502 1341 judicia
3543 1283 3865 1339 pauperum

2232 1326 2501 1438 trial}?
2539 1369 2622 1434 l2,
2669 1365 2772 1435 13).
2817 1385 2843 1412 ››
2887 1366 3029 1420 Item
3060 1326 3212 1418 1de
3229 1326 3260 1416 ἐ
3284 1326 3328 1410 υα
3357 1362 3506 1416 Muta
3539 1326 3677 1416 fiant
3712 1360 3865 1415 labia

2231 1459 2426 1514 dolosa
2466 1459 2628 1526 (Psal.
2674 1473 2796 1524 xxx,
2842 1457 2950 1528 19).
2998 1477 3026 1506 »
3062 1457 3130 1510 Et
3166 1456 3375 1509 iterum
3419 1470 3525 1525 per
3550 1453 3865 1509 Jeremiam

2231 1551 2450 1622 inquit:
2488 1571 2516 1598 «
2545 1550 2755 1604 Omnes
2783 1549 2843 1602 in
2868 1547 3142 1618 sanguine
3167 1547 3523 1618 judicantur;
3555 1546 3863 1617 unusquis-

2234 1661 2345 1715 que
2388 1643 2709 1714 proximum
2753 1658 2922 1696 suum
2965 1641 3198 1696 tribulat
3236 1657 3250 1692 :
3295 1655 3495 1694 omnes
3533 1639 3592 1692 in
3640 1637 3866 1692 malum

2233 1753 2438 1791 manus
2494 1752 2625 1790 suas
2673 1737 2998 1806 praeparant
3038 1733 3215 1802 (Mich.
3262 1748 3358 1800 vII,
3399 1733 3474 1802 2).
3522 1752 3550 1780 ››
3598 1732 3705 1785 Hos
3749 1732 3862 1786 Do-

2234 1831 2425 1884 minus
2455 1828 2771 1900 praevidens
2797 1827 3066 1898 apostolis
3096 1825 3386 1898 princepit,
3423 1841 3497 1880 ne
3530 1825 3691 1879 facile
3718 1824 3863 1878 servi

501 1920 679 1975 nendi
731 1921 940 1993 legitur
979 1940 1230 1995 unquam
1274 1925 1543 1980 attributa
1586 1927 1840 1982 facultas.
1888 1928 2128 1994 Scimus,
2151 1905 2208 1977 Β
2231 1923 2320 1978 sui
2343 1923 2745 1988 lacerarentur,
2776 1937 2847 1975 nc
2876 1921 3022 1976 forte
3049 1921 3444 1991 perderentur,
3473 1924 3573 1973 aut
3599 1918 3659 1972 in
3689 1918 3864 1973 talem

504 2012 871 2083 dilectissimi,
904 2016 1037 2086 quia
1068 2032 1295 2089 semper
1325 2020 1578 2074 carnales
1607 2020 1926 2091 spirituales
1951 2021 2134 2075 solent

501 2107 788 2178 persequi,
807 2110 864 2162 et
883 2110 1148 2166 malevoli
1169 2111 1466 2166 benevolos
1486 2113 1763 2169 infamare
1785 2118 1842 2169 et
1862 2115 2127 2169 lacerare.

502 2198 748 2271 Ideoque
792 2203 1032 2272 apostoli
1077 2206 1135 2257 et
1182 2221 1526 2261 successores
1569 2223 1768 2261 eorum
1821 2224 1887 2261 ac
1931 2207 2132 2279 reliqui

503 2291 684 2346 sancti
729 2295 918 2349 Patres
966 2297 1271 2351 noluerunt
1303 2298 1427 2352 ﬁeri
1470 2299 1698 2354 facilem
1737 2300 2129 2372 episcoporum

502 2387 942 2457 accusationem,
983 2389 1255 2460 quoniam
1295 2391 1344 2444 si
1379 2392 1555 2446 facilis
1595 2396 1756 2462 esset,
1789 2397 1886 2448 aut
1919 2394 2130 2461 nullus,

501 2482 602 2532 aut
636 2479 725 2533 vix
759 2480 960 2552 aliquis
988 2483 1162 2537 modo
1196 2484 1566 2540 inveniretur.
1597 2486 1806 2540 Throni
1843 2488 1999 2541 enim
2029 2488 2131 2542 Dei

499 2576 789 2640 vocantur,
820 2573 948 2628 ideo
986 2592 1104 2630 non
1148 2576 1356 2632 debent
1391 2578 1628 2646 moveri,
1670 2584 1769 2633 aut
1803 2580 2002 2650 afﬂigi,
2041 2581 2129 2634 vel

497 2665 814 2733 pertubari.
871 2668 950 2721 De
1003 2668 1140 2739 ipsis
1192 2686 1330 2740 ergo
1386 2671 1465 2724 ait
1512 2671 1793 2742 propheta
1847 2690 1859 2728 ε
1919 2695 1946 2722 ‹‹
1993 2673 2130 2728 Cceli

501 2770 774 2811 enarrant
790 2759 1031 2828 gloriam
1053 2761 1172 2829 Dei,
1197 2765 1256 2816 et
1277 2779 1450 2833 opera
1466 2780 1744 2818 manuum
1766 2766 1890 2834 ejus
1911 2783 2132 2821 annun-

499 2848 603 2902 tiat
636 2849 1063 2906 firmamentum
1095 2854 1260 2922 (Psal.
1289 2872 1441 2923 XVIII,
1473 2858 1544 2926 3).
1581 2878 1608 2906 »
1641 2857 1706 2911 Hi
1733 2874 1864 2913 vero
1895 2859 1991 2930 qui
2016 2877 2131 2914 non

502 2944 638 2994 sunt
651 2941 816 2996 bonae
841 2947 1304 3015 conversationis,
1333 2953 1389 3003 et
1409 2966 1653 3020 quorum
1672 2951 1788 3005 vita
1808 2956 1894 3005 est
1913 2968 2132 3007 accusa-

499 3032 646 3100 bilis,
675 3041 774 3089 aut
792 3053 1038 3106 quorum
1066 3039 1228 3108 fides,
1251 3041 1363 3095 vita
1383 3046 1439 3096 et
1469 3042 1698 3097 libertas
1722 3045 1990 3113 nescitur,
2014 3062 2131 3099 non

499 3131 739 3196 possunt
777 3145 870 3183 eos
907 3147 1192 3187 accusare.
1230 3134 1421 3188 Primo
1467 3152 1700 3206 semper
1741 3142 2130 3192 accusatorum

500 3236 780 3290 personae,
823 3221 982 3291 fides,
1021 3225 1152 3292 vita,
1193 3231 1251 3281 et
1289 3229 1640 3283 conversatio
1675 3234 1760 3283 est
1790 3231 2205 3335 enucleatimc

500 3312 832 3335 2....___'_____1_
915 3321 953 3335 ,1
1108 3325 1117 3335 ι
1432 3321 1507 3335 ιιι
1549 3321 1559 3332 ι
1652 3327 1661 3335 .
1713 3323 1781 3335 η·-
1823 3323 1879 3335 ν.
2112 3327 2121 3335 ι

497 3312 862 3386 inquirenda,
904 3321 962 3372 et
999 3325 1192 3389 postea
1228 3337 1356 3391 quae
1399 3321 1670 3391 objiciunt
1707 3323 1953 3378 fideliter
1999 3327 2131 3378 sunt

497 3410 920 3479 pertractanda,
952 3412 1085 3482 quia
1114 3413 1260 3468 nihil
1291 3414 1447 3484 prius
1473 3414 1596 3469 ﬁeri
1621 3415 1810 3485 debet,
1833 3433 2006 3487 quam
2027 3417 2129 3472 im-

495 3499 808 3570 petitorum
835 3519 1094 3574 personae
1119 3506 1373 3578 fidesque
1403 3508 1519 3562 vita
1550 3512 1607 3563 et
1631 3509 1982 3564 conversatio
2008 3510 2129 3565 dili-

497 3596 700 3663 genter
726 3595 1119 3668 discutiantur,
1157 3617 1228 3654 ne
1267 3601 1505 3672 alicujus
1544 3600 1771 3669 invidia,
1805 3607 1902 3658 aut
1934 3603 2125 3658 inimi-

495 3686 627 3741 citia
653 3690 742 3743 vel
767 3689 1084 3747 intentione
1113 3696 1263 3747 mala
1289 3695 1589 3766 quisquam
1611 3699 1866 3751 vexetur.

564 3780 995 3838 Criminationes
1023 3785 1290 3840 adversus
1327 3786 1615 3841 doctorem
1641 3803 1810 3842 nemo
1838 3788 2124 3859 suscipiat,

495 3871 631 3942 quia
673 3873 857 3943 magis
894 3878 1029 3929 sunt
1071 3877 1333 3932 doctores
1370 3879 1637 3949 portendi
1673 3896 1849 3950 quam
1885 3880 2127 3937 laedendi

496 3967 595 4018 aut
623 3965 956 4022 infamandi.
984 3969 1142 4024 Unde
1173 3971 1256 4024 ait
1283 3973 1578 4041 Apostolus
1609 3990 1622 4026 :
1662 3993 1688 4022 «
1717 3973 1872 4028 Alter
1895 3974 2128 4030 alterius

499 4072 675 4111 onera
716 4061 935 4130 portate
961 4102 974 4128 ,
1030 4064 1088 4116 et
1134 4063 1213 4117 sic
1268 4063 1652 4135 adimplebitis
1693 4065 1881 4138 legem
1922 4067 2127 4123 Christi

496 4148 700 4218 (Galat.
735 4168 808 4220 vI,
839 4153 912 4222 2).
947 4173 976 4202 »
1017 4155 1274 4212 Charitas
1309 4159 1497 4212 autem
1537 4175 1651 4212 non
1683 4163 1770 4213 est
1803 4159 2123 4231 ambitiosa,

496 4258 615 4297 non
652 4245 972 4316 aemulatur,
1013 4264 1132 4303 non
1171 4249 1422 4318 inﬂatur,
1471 4268 1589 4306 non
1627 4253 1834 4325 quaerit
1869 4269 1994 4324 quae
2025 4271 2126 4309 sua

496 4341 647 4404 sunt,
677 4338 776 4392 sed
804 4355 931 4410 quae
960 4342 1093 4396 Jesu
1125 4342 1351 4398 Christi.
1383 4344 1489 4408 Qui
1522 4349 1716 4401 manet
1745 4346 1803 4400 in
1831 4347 2121 4417 charitate,

496 4429 554 4484 in
588 4431 704 4486 Deo
733 4437 944 4501 manet,
977 4438 1034 4489 et
1063 4435 1207 4491 Deus
1237 4435 1296 4490 in
1329 4453 1413 4492 eo.
1448 4439 1516 4492 Et
1539 4439 1636 4510 qui
1671 4440 1731 4494 in
1766 4441 1881 4494 Deo
1907 4445 2122 4510 manet,

493 4523 635 4578 nulli
669 4524 791 4579 vult
826 4543 1049 4594 nocere,
1084 4528 1183 4583 sed
1220 4547 1422 4585 omnes
1461 4531 1746 4588 desiderat
1773 4534 2042 4604 adjuvare
2068 4537 2125 4589 et

2235 2017 2611 2071 tentationem
2653 2014 2992 2080 inciderent,
3045 2030 3218 2084 quam
3268 2013 3416 2067 ferre
3461 2012 3705 2066 minime
3741 2028 3864 2082 pos~

2233 2113 2375 2164 sent.
2425 2108 2638 2164 Idcirco
2680 2107 2857 2162 sancti
2902 2106 3140 2178 apostoli
3183 2110 3240 2160 et
3277 2121 3623 2160 successores
3662 2121 3862 2160 eorum

2234 2203 2591 2258 decretorum
2625 2217 2858 2256 normas
2885 2203 3227 2266 statuerunt,
3256 2215 3328 2254 ne
3351 2199 3552 2253 talium
3579 2215 3689 2253 vox
3719 2200 3865 2270 (quae

2231 2296 2414 2366 magis
2441 2295 2680 2366 perdere
2708 2294 2909 2348 nititur
2934 2293 3267 2347 innocentes
3287 2297 3342 2346 et
3369 2291 3658 2363 simplices
3685 2307 3863 2362 quam

2232 2389 2476 2458 salvare)
2542 2388 2701 2442 facile
2769 2387 3138 2457 reciperetur,
3210 2386 3312 2440 sed
3369 2385 3476 2456 ipsi
3535 2385 3626 2438 his
3696 2385 3864 2455 jacu-

2231 2482 2300 2536 lis
2337 2482 2689 2554 pellerentur
2731 2482 2945 2553 procul,
2989 2485 3046 2534 et
3083 2479 3314 2534 Domini
3358 2478 3663 2550 discipulos
3701 2479 3868 2548 juxta

2231 2576 2549 2630 voluntates
2580 2581 2635 2630 et
2659 2574 2931 2629 versutias
2963 2590 3162 2628 eorum
3190 2573 3427 2626 minime
3456 2572 3698 2643 perdere
3734 2589 3865 2643 pos-

2232 2674 2376 2723 sent.
2411 2668 2568 2723 Unde
2607 2673 2662 2722 et
2693 2668 2811 2739 ipse
2847 2666 3119 2722 Dominus
3157 2667 3274 2720 ait:
3314 2687 3341 2714 ‹‹
3369 2666 3625 2720 Excutite
3660 2666 3863 2736 pulve-

2231 2778 2353 2816 rem
2375 2763 2443 2816 de
2468 2762 2708 2833 pedibus
2737 2761 2933 2815 vestris
2959 2761 3018 2814 in
3045 2759 3435 2814 testimonium
3464 2758 3571 2813 illis
3603 2759 3750 2828 (Luc.
3787 2776 3861 2829 Ix,

2232 2855 2302 2926 5).
2344 2875 2370 2904 »
2413 2856 2477 2908 Et
2505 2855 2638 2909 alibi
2679 2855 2799 2925 ipsa
2837 2870 2939 2924 per
2981 2869 3038 2908 se
3082 2852 3298 2907 Veritas
3329 2853 3399 2906 de
3436 2852 3640 2907 talibus
3679 2852 3817 2907 dicit
3849 2870 3860 2907 :

2234 2970 2261 2998 «
2291 2948 2481 3003 Melius
2504 2951 2590 3002 est
2609 2948 2706 3015 illi,
2730 2953 2792 3001 ut
2807 2947 3186 3018 suspendatur
3204 2947 3356 3001 mola
3375 2945 3622 3001 asinaria
3639 2947 3698 3000 in
3723 2947 3863 3000 collo

2233 3042 2380 3111 ejus,
2433 3045 2490 3095 et
2529 3041 2891 3111 demergatur
2934 3039 2993 3094 in
3042 3040 3394 3111 profundum
3440 3038 3645 3106 maris,
3685 3056 3861 3111 quam

2231 3133 2569 3189 scandalizet
2592 3151 2778 3188 unum
2809 3134 2877 3188 de
2908 3133 3127 3204 pusillis
3149 3133 3269 3187 istis
3300 3134 3516 3202 (Matth.
3549 3149 3701 3200 XVIII,
3725 3134 3798 3204 6).
3834 3156 3860 3180 ››

2230 3228 2299 3281 Et
2333 3228 2571 3282 Jacobus
2603 3228 2890 3297 apostolus
2918 3227 3108 3298 inquit
3138 3243 3150 3280 :
3174 3226 3457 3296 judicium
3485 3227 3606 3280 sine
3636 3227 3860 3281 miseri-

2230 3320 2418 3375 cordia
2446 3320 2544 3374 ﬁet
2580 3320 2679 3387 illi,
2721 3320 2818 3390 qui
2859 3336 2973 3374 non
3009 3319 3207 3374 fecerit
3243 3319 3696 3380 misericordiam
3729 3323 3859 3385 (Jac.

2227 3430 2288 3481 II,
2324 3413 2430 3484 13).
2460 3434 2488 3462 ››
2522 3412 2645 3476 Qua
2669 3413 2822 3467 enim
2850 3413 3040 3468 fronte
3069 3413 3196 3483 quis
3228 3418 3602 3484 peccatorum.
3623 3431 3857 3469 suorum

2227 3507 2456 3562 veniam
2495 3510 2686 3576 sperat
2719 3523 2754 3559 a
2795 3507 2908 3560 Deo
2947 3522 3004 3560 se
3047 3506 3506 3576 impetraturum,
3541 3507 3639 3577 qui
3679 3507 3857 3562 delin-

2228 3599 2426 3672 quenti
2470 3599 2632 3654 fratri
2676 3599 2818 3653 nihil
2866 3614 2970 3669 per
3008 3599 3234 3669 pietatis
3269 3603 3327 3653 et
3369 3599 3687 3654 clementiae
3735 3600 3859 3655 offi-

2229 3694 2382 3748 cium
2419 3693 2539 3746 vult
2575 3692 2937 3747 condonare?
2960 3691 3220 3747 Profecto
3257 3708 3484 3748 necesse
3509 3696 3592 3747 est
3615 3698 3682 3747 ut
3710 3694 3861 3748 msti-

2227 3790 2348 3841 met
2367 3803 2426 3841 se
2453 3786 2624 3840 talem
2652 3785 2712 3840 in
2724 3785 2941 3856 judicio
2959 3786 3138 3840 Deum
3159 3788 3548 3857 experturum,
3572 3802 3707 3841 cum
3729 3792 3863 3843 ante

2221 3879 2360 3950 justi
2393 3877 2602 3950 judicis
2645 3878 2894 3933 tribunal
2931 3878 3106 3950 fuerit
3142 3879 3496 3949 constitutus,
3530 3880 3764 3950 qualem
3801 3897 3861 3935 se

2225 3972 2385 4028 fratri
2426 3989 2528 4027 suo
2569 3971 2890 4027 exhibuerit
2921 3969 2998 4048 κὶα
3039 3973 3182 4026 Nam
3215 3989 3327 4044 qua
3365 3989 3634 4027 mensura
3673 3975 3858 4029 mensi

2225 4064 2522 4133 fuerimus,
2553 4064 2750 4120 eadem
2780 4063 3116 4120 remetietur
3145 4065 3304 4120 nobis
3343 4065 3532 4136 (Marc.
3575 4082 3651 4134 Iv,
3680 4069 3792 4132 24).
3828 4088 3856 4120 ιο

2227 4160 2294 4213 Et
2321 4160 2568 4214 Joannes
2605 4159 2890 4228 apostolus
2919 4163 2976 4213 et
3001 4158 3348 4229 evangelista
3379 4158 3458 4214 ait
3485 4176 3498 4212 :
3531 4181 3560 4209 «
3591 4161 3698 4224 Qui
3737 4161 3863 4216 odit

2225 4252 2460 4307 fratrem
2505 4267 2674 4306 suum
2718 4251 3003 4307 homicida
3042 4255 3144 4306 est.
3191 4253 3258 4306 Et
3293 4252 3447 4307 scitis
3489 4252 3623 4324 quia
3666 4255 3861 4310 omnis

2225 4344 2516 4400 homicida
2535 4359 2654 4399 non
2670 4343 2842 4400 habet
2860 4344 3032 4399 vitam
3055 4348 3330 4400 aeternam
3354 4344 3414 4400 in
3441 4362 3500 4401 se
3521 4351 3860 4404 manentem

2227 4438 2277 4508 (Ι
2293 4441 2450 4494 Joan.
2473 4453 2554 4505 III,
2588 4436 2693 4507 15).
2723 4458 2751 4487 ››

2295 4532 2405 4586 Vos
2432 4535 2648 4600 tamen,
2685 4530 2786 4585 ﬁlii
2823 4530 3158 4598 charissimi,
3198 4533 3500 4587 hortamur
3534 4537 3600 4587 ut
3636 4535 3865 4605 patien-

493 4620 834 4686 sustentare,
863 4619 1006 4675 sicut
1032 4621 1152 4693 ipse
1177 4623 1452 4680 Dominus
1480 4642 1679 4681 omnes
1703 4627 1858 4682 venit
1882 4628 2122 4695 salvare,
2143 4630 2204 4703 Ι)
2226 4629 2315 4680 ter
2344 4626 2494 4678 mala
2519 4623 2677 4679 vobis
2702 4625 2854 4678 illata
2883 4624 3114 4680 Domini
3137 4625 3482 4681 adminiculo
3508 4628 3768 4698 portatis,
3803 4635 3863 4685 et

493 4713 550 4765 et
580 4712 832 4768 animam
871 4731 1034 4769 suam
1072 4716 1204 4772 dare
1235 4717 1294 4772 in
1323 4718 1779 4790 redemptionem
1805 4737 1909 4792 pro
1939 4721 2119 4774 nobis.

494 4805 706 4859 Eorum
736 4811 928 4862 autem
963 4810 1264 4864 accusandi
1303 4813 1624 4867 sacerdotes
1661 4813 1750 4868 vel
1789 4813 2122 4868 testificandi

495 4895 553 4949 in
596 4913 693 4951 eos
722 4915 920 4955 vocem
949 4901 1312 4970 obstruimus,
1347 4920 1490 4975 quos
1530 4905 1802 4960 humanis
1834 4908 1891 4960 et
1923 4906 2124 4961 divinis

493 4988 722 5043 vocibus
772 4991 1064 5049 damnatos
1115 4997 1201 5050 vel
1256 5001 1514 5052 mortuos
1564 5014 1686 5053 esse
1739 4999 2120 5069 agnoscimus.

492 5081 807 5138 Preevidere
845 5101 983 5156 ergo
1024 5105 1391 5162 summopere
1431 5091 1640 5146 debent
1669 5107 1866 5146 omnes
1899 5092 1995 5162 qui
2030 5109 2119 5147 sa-

493 5173 755 5229 cerdotes
799 5177 1023 5233 Domini
1061 5189 1481 5255 persequuntur
1525 5188 1646 5238 tam
1695 5185 1908 5238 occulte
1947 5201 2121 5255 quam

494 5267 809 5336 manifeste,
848 5287 920 5326 ne
953 5273 1217 5345 subjectis
1255 5277 1484 5332 Domini
1522 5277 1870 5332 damnentur
1906 5294 2121 5348 praece-

492 5359 624 5428 ptis.
655 5363 762 5416 Per
797 5365 1101 5422 Jeremiam
1136 5374 1328 5425 autem
1364 5371 1703 5442 prophetam
1738 5369 1940 5424 talibus
1968 5388 2119 5426 com-

493 5451 764 5511 minando
785 5459 1052 5516 Dominus
1081 5463 1336 5534 loquitur
1355 5464 1544 5518 dicens
1572 5481 1586 5518 :
1620 5485 1647 5515 ‹‹
1674 5463 2009 5534 lniquitates
2029 5482 2123 5520 no-

493 5548 625 5602 strae
662 5548 1086 5609 declinaverunt
1120 5555 1334 5619 omnia,
1378 5561 1434 5610 et
1467 5561 1698 5626 peccata
1735 5561 1929 5612 nostra
1960 5575 2120 5614 amo-

489 5645 696 5696 verunt
735 5643 886 5700 bona
923 5663 957 5700 a
988 5647 1172 5716 nobis,
1215 5647 1350 5718 quia
1388 5647 1600 5705 inventi
1640 5653 1771 5705 sunt
1814 5650 1873 5704 in
1912 5653 2123 5724 populo

491 5749 619 5789 meo
649 5735 832 5808 impii,
863 5744 921 5794 et
948 5739 1241 5810 loquentes
1270 5756 1433 5795 vana.
1452 5741 1783 5800 Statuerunt
1805 5743 1876 5799 ad
1905 5743 2121 5816 disper-

492 5827 710 5884 dendos
745 5831 914 5899 viros,
956 5837 1012 5887 et
1048 5833 1631 5906 comprehenderunt,
1662 5841 1729 5893 ut
1764 5839 1996 5909 laqueus
2025 5855 2120 5894 ve-

493 5921 682 5976 nantis
727 5924 930 5993 plenus
966 5925 1308 5999 volatilibus,
1351 5929 1426 5984 sic
1466 5930 1669 5985 domus
1710 5947 1910 5986 eorum
1955 5933 2122 6002 plena

2225 4716 2312 4771 his
2362 4717 2687 4788 apostolicis
2732 4717 3028 4788 praeceptis
3077 4718 3215 4772 tales
3267 4719 3461 4790 procul
3511 4719 3740 4791 pellite,
3783 4739 3859 4778 ne

2224 4827 2384 4866 more
2436 4811 2639 4866 canino
2687 4828 2783 4865 vos
2832 4810 3103 4880 lacerare,
3149 4817 3250 4866 aut
3299 4813 3561 4867 mordere
3606 4815 3855 4872 valeant.

2224 4905 2559 4960 Mementote
2603 4904 2778 4960 etiam
2821 4904 2952 4975 quia
2977 4905 3142 4975 juxta
3178 4906 3610 4976 psalmographi
3648 4923 3856 4963 vocem

2224 4999 2400 5053 homo
2439 4999 2582 5052 sicut
2615 4998 2828 5053 faenum
2867 4997 2985 5052 dies
3015 4998 3156 5069 ejus,
3189 5003 3245 5053 et
3274 5002 3337 5052 ut
3364 4998 3469 5054 ﬂos
3498 4999 3620 5070 agri
3651 5000 3728 5055 ita
3759 5003 3852 5056 fo-

2222 5096 2329 5146 ret.
2365 5093 2434 5146 Et
2469 5093 2769 5162 Apostolus
2806 5090 2882 5145 ait
2913 5109 2926 5145 :
2960 5109 2988 5142 «
3020 5093 3187 5146 Totus
3229 5092 3478 5146 mundus
3511 5093 3569 5146 in
3598 5093 3861 5166 maligno

2222 5183 2437 5255 positus
2485 5188 2570 5238 est
2614 5183 2662 5254 (I
2705 5186 2860 5238 Joan.
2903 5199 2956 5251 v,
3010 5185 3114 5254 19).
3168 5205 3194 5233 ››
3243 5185 3401 5240 Unde
3439 5201 3742 5256 precamur
3783 5206 3860 5243 ne

2226 5278 2363 5332 tales
2407 5277 2654 5332 multum
2694 5276 2960 5344 timeatis,
3007 5277 3142 5348 quia
3188 5277 3426 5333 infames
3470 5283 3600 5334 sunt
3645 5284 3702 5335 et
3740 5298 3861 5336 non

2224 5372 2466 5426 multum
2505 5371 2661 5425 vobis
2694 5387 2902 5425 nocere
2938 5373 3190 5442 possunt,
3220 5372 3351 5442 quia
3383 5388 3580 5428 eorum
3609 5390 3718 5429 vox
3759 5392 3862 5430 ex-

2224 5465 2424 5520 stincta
2451 5469 2552 5532 est,
2587 5464 2857 5536 quoniam
2885 5465 2964 5519 sic
2991 5465 3112 5520 odit
3135 5466 3286 5520 Deus
3313 5482 3428 5532 eos,
3455 5466 3552 5538 qui
3583 5466 3865 5524 adversus

2223 5563 2408 5628 patres
2433 5561 2744 5628 armantur,
2783 5562 2845 5612 ut
2878 5562 3106 5629 patrum
3137 5557 3444 5626 invasores,
3480 5560 3576 5631 qui
3602 5560 3662 5615 in
3696 5563 3864 5618 omni

2223 5650 2437 5705 mundo
2485 5649 2727 5706 infamia
2776 5655 2910 5706 sunt
2954 5651 3156 5707 notati.
3210 5652 3528 5707 Armamini
3578 5669 3717 5726 ergo
3772 5656 3864 5711 his

2225 5743 2545 5814 apostolicis
2585 5744 2944 5800 adminiculis
2981 5749 3177 5800 contra
3209 5761 3324 5814 eos,
3365 5749 3423 5800 et
3452 5746 3652 5818 spiritu
3692 5743 3861 5819 prin-

2224 5836 2388 5909 cipali
2412 5837 2669 5895 roborata
2699 5838 2873 5894 corda
2903 5842 3107 5906 vestra,
3141 5844 3202 5894 ut
3230 5841 3378 5894 Deus
3403 5840 3500 5912 qui
3530 5857 3628 5896 vos
3655 5847 3863 5914 pasto-

2223 5948 2313 5987 res
2341 5930 2400 5988 in
2425 5932 2634 6004 populo
2663 5949 2766 5988 suo
2799 5933 2981 5989 vocari
3006 5933 3201 6001 voluit,
3230 5949 3348 5990 non
3375 5935 3737 6008 negligentes
3758 5942 3864 5993 aut
