4058 6344
233 444 322 498 181

1469 442 1938 500 DECRETALIUM
1976 405 2360 500 COLLECTIO.

3497 453 3596 507 182

222 547 472 621 tepidos,
501 547 648 620 lupis
695 546 1226 622 supervenientibus
1258 549 1544 621 fugientes
1586 551 1862 622 inveniat,
1887 563 2196 638 Asemper
2220 552 2438 609 invidet
2474 552 2722 610 Satanas.
2762 557 2830 611 Et
2872 555 3081 612 idcirco
3113 559 3257 613 tales
3296 558 3597 615 adversum

223 643 326 698 sed
354 643 614 714 exemplo
642 642 778 697 boni
802 643 1050 714 pastoris
1073 659 1255 714 agnos
1273 644 1489 715 pariter
1515 662 1646 701 cum
1673 647 1867 702 matri-

226 735 338 791 bus
367 741 422 792 et
450 734 578 790 ﬁliis
616 753 681 790 ac
723 735 945 791 ﬁliabus
992 735 1232 791 viriliter
1269 737 1656 810 defensantes,
1697 744 1866 813 atque

225 829 300 884 ad
327 834 583 885 sanctam
621 834 868 904 matrem
905 830 1208 886 Ecclesiam
1241 829 1486 888 ﬁdeliter
1511 837 1867 904 reportantes

229 938 460 994 semper
499 903 772 978 inveniat.
815 924 884 978 Et
917 940 1250 995 quanquam
1287 923 1408 979 dies
1438 925 1571 980 mali
1606 927 1738 995 sint,
1769 943 1866 982 vos

223 1020 421 1072 tamen
443 1016 621 1072 nolite
641 1033 761 1072 esse
779 1016 1197 1088 imprudentes,
1218 1018 1321 1072 sed
1335 999 1718 1091 intelligentes
1737 1037 1865 1092 quae

225 1109 300 1165 sit
327 1111 588 1166 voluntas
612 1110 735 1165 Dei.
775 1110 1160 1175 Quamobrem
1193 1111 1610 1180 confortamini,
1641 1118 1698 1168 et
1723 1118 1866 1170 state

225 1203 288 1259 in
314 1203 449 1272 ﬁde,
479 1204 718 1259 viriliter
739 1209 995 1275 agentes,
1039 1221 1105 1258 ac
1142 1205 1334 1260 omnia
1369 1210 1556 1260 vestra
1583 1206 1644 1261 in
1677 1207 1862 1263 chari-

228 1300 344 1353 tate
374 1297 534 1365 ﬁant,
566 1303 626 1352 et
648 1298 961 1353 secundum
995 1301 1254 1353 sanctum
1291 1299 1667 1371 Evangelium
1694 1317 1707 1355 :
1747 1322 1775 1351 «
1806 1303 1867 1356 In

226 1391 505 1464 patientia
560 1395 742 1446 vestra
795 1391 1152 1462 possidebitis
1193 1391 1416 1448 animas
1462 1397 1675 1448 vestras
1721 1394 1863 1464 (Luc.

225 1502 340 1554 xm,
375 1485 482 1556 19).
517 1503 546 1536 n
575 1485 973 1540 Recordamini
1008 1501 1232 1556 quoque
1276 1489 1606 1541 sanctorum
1636 1491 1863 1558 aposto-

225 1578 421 1633 lorum
439 1582 498 1633 et
513 1578 945 1649 prophetarum,
967 1583 1022 1634 et
1047 1579 1179 1650 quia
1198 1579 1447 1634 multum
1472 1580 1870 1636 laboraverunt

224 1671 287 1726 in
318 1672 580 1738 Domino,
600 1671 727 1726 ideo
741 1671 934 1742 adepti
965 1677 1097 1726 sunt
1122 1672 1359 1742 praemia
1377 1673 1739 1744 sempiterna.
1757 1674 1868 1730 Sci-

224 1769 344 1820 tote
372 1765 545 1820 etiam
567 1765 839 1835 quoniam
853 1764 1016 1835 juxta
1037 1765 1341 1820 Psalmistaa
1361 1782 1562 1821 vocem
1593 1784 1604 1821 :
1637 1767 1867 1823 «Multae

224 1858 628 1914 tribulationes
649 1858 935 1928 justorum
966 1861 1022 1912 et
1068 1859 1137 1913 de
1176 1858 1439 1914 omnibus
1477 1859 1565 1913 his
1603 1859 1869 1915 liberabit

226 1969 327 2008 eos
353 1951 636 2007 Dominus
662 1952 827 2020 (Psal.
857 1967 954 2018 v11,
987 1951 1098 2022 20).
1129 1971 1156 2002 »
1191 1951 1571 2023 Quapropter,
1600 1952 1703 2007 ﬁlii
1729 1954 1864 2008 cha-
1887 1930 1942 2002 B

228 2046 466 2114 rissimi,
508 2045 807 2099 hortamur
843 2061 940 2100 vos
990 2049 1048 2100 et
1090 2045 1488 2116 deprecamur,
1545 2051 1610 2101 ut
1654 2047 1866 2102 crebris

228 2140 561 2196 orationum
602 2143 918 2193 vestrarum
964 2138 1226 2210 precibus
1283 2140 1466 2194 Deum
1513 2140 1761 2196 cxoretis
1803 2145 1868 2195 ut

225 2233 544 2288 liberemur
569 2249 671 2287 nos
702 2235 760 2287 et
784 2249 882 2288 vos
911 2232 1078 2304 juxta
1105 2232 1319 2287 dictum
1359 2233 1610 2304 Apostoli
1649 2233 1720 2288 ab
1752 2234 1863 2288 im-

224 2327 488 2399 portunis
514 2329 573 2381 et
597 2325 762 2380 malis
785 2325 1115 2381 hominibus
1148 2325 1301 2397 quia,
1339 2343 1457 2381 non
1493 2328 1753 2382 omnium
1784 2331 1868 2382 est

224 2421 392 2476 ﬁdes.
423 2419 700 2492 Flagitate
749 2419 940 2487 etiam,
989 2422 1055 2474 ut
1084 2420 1231 2474 Deus
1263 2424 1319 2475 et
1361 2420 1632 2475 Dominus
1673 2426 1868 2476 noster

225 2515 332 2586 qui
361 2518 444 2569 est
467 2513 756 2585 refugium
784 2528 1118 2584 pauperum,
1151 2517 1209 2568 et
1232 2529 1360 2585 spes
1384 2513 1715 2581 humilium,
1744 2531 1867 2569 san-

224 2613 378 2663 ctam
421 2624 581 2662 suam
629 2607 936 2662 Ecclesiam
993 2607 1240 2677 pretioso
1279 2607 1542 2662 videlicet
1595 2607 1866 2678 sanguine

231 2717 335 2756 suo
365 2700 746 2770 redemptam,
775 2702 832 2753 et
857 2715 958 2753 nos
979 2698 1077 2769 qui
1105 2699 1367 2754 eamdem
1392 2703 1641 2754 sanctam
1672 2700 1864 2756 Eccle-

231 2795 377 2849 siam
409 2794 630 2859 docere,
661 2809 885 2863 regere,
917 2796 1165 2864 portare,
1194 2797 1250 2848 et
1281 2793 1430 2847 tueri
1469 2793 1763 2862 debemus,
1798 2793 1866 2848 de

229 2887 520 2960 praedictis
561 2885 1064 2958 oppressionibus,
1116 2889 1174 2940 et
1233 2886 1642 2942 tentationibus
1699 2886 1869 2957 hujus

232 2981 428 3037 saeculi
455 2996 726 3051 nequam,
753 2984 925 3050 atque
948 2979 1016 3034 de
1037 2979 1302 3034 omnibus
1319 2979 1748 3035 necessitatibus
1770 2997 1870 3035 no-

233 3075 367 3131 stris
390 3073 837 3128 misericorditer
864 3075 1046 3140 eruat,
1087 3075 1149 3126 ut
1198 3089 1386 3127 sermo
1431 3073 1528 3128 Dei
1568 3077 1780 3141 currat,
1813 3077 1870 3129 et

234 3168 584 3241 gloriﬁcetur
634 3167 943 3238 gloriosum
1001 3167 1371 3237 Evangelium
1417 3166 1644 3221 Domini
1692 3166 1868 3222 nostri

230 3264 360 3318 Jesu
388 3261 615 3328 Christi,
647 3262 706 3315 et
735 3260 922 3332 gratia
946 3261 1068 3330 ejus
1105 3260 1164 3314 in
1194 3259 1356 3314 nobis
1398 3276 1575 3314 vacua
1607 3276 1721 3314 non
1752 3259 1865 3328 ﬁat,

232 3373 310 3410 ne
358 3355 480 3410 sine
529 3355 716 3409 fructu
756 3353 1064 3425 Evangelii,
1126 3353 1279 3424 quod
1328 3353 1494 3420 absit,
1548 3353 1766 3408 steriles
1808 3353 1869 3408 in

234 3452 544 3521 conspectu
582 3447 683 3502 Dei
718 3463 1114 3519 appareamus,
1158 3450 1214 3501 et
1249 3446 1408 3500 vacui
1446 3446 1692 3501 ﬁliorum
1726 3445 1864 3501 ﬁlia-

232 3558 480 3614 rumque
513 3556 758 3596 numero
788 3543 1165 3608 revertamur,
1191 3556 1299 3595 nec
1325 3539 1395 3594 de
1424 3539 1753 3594 abscondito
1783 3542 1865 3593 ta-

233 3636 395 3691 lento
418 3634 661 3690 Domine
681 3633 949 3690 veniente
973 3633 1059 3688 rei
1080 3649 1201 3688 esse
1209 3633 1563 3705 judicemur;
1588 3631 1695 3687 ista
1711 3632 1866 3688 enim

1967 663 2068 701 nos
2091 646 2338 715 suscitat,
2361 647 2458 719 qui
2479 665 2583 704 nos
2599 653 2891 720 premant,
2906 655 2964 706 et
2979 649 3278 721 suﬁ‘ocent,
3297 653 3596 708 utDomini

1965 756 2092 794 oves
2117 740 2330 811 absque
2354 741 2520 796 nobis
2542 741 2747 813 rapiat,
2791 745 2849 797 et
2878 744 2938 798 in
2976 743 3110 813 ima,
3150 761 3265 800 non
3303 745 3596 801 existenti-

1963 832 2071 888 bus
2107 833 2432 905 pastoribus
2473 835 2572 906 qui
2618 853 2718 890 nos
2765 837 3107 905 custodiant,
3165 842 3222 892 et
3265 838 3594 908 defendant,

1965 943 2135 981 ruere
2182 927 2372 982 faciat.
2422 929 2532 982 Vos
2578 927 2751 1000 igitur
2798 947 2907 1001 pro
2961 930 3176 986 viribus
3237 932 3488 987 laborate
3541 935 3600 986 et

1967 1025 2128 1075 orate
2177 1024 2344 1092 atque
2385 1020 2630 1092 vigilate,
2685 1039 2758 1077 ne
2812 1024 2934 1079 haec
2983 1023 3152 1094 ﬁant,
3198 1025 3440 1080 scientes
3491 1042 3597 1081 nos

1966 1129 2192 1184 semper
2220 1118 2448 1184 paratos
2478 1130 2599 1169 esse
2639 1114 2696 1168 in
2736 1117 2998 1172 omnibus
3030 1118 3461 1189 quibuscunque
3483 1119 3594 1174 Do-

1965 1207 2159 1260 minus
2186 1223 2348 1278 posse
2375 1207 2597 1262 dederit
2620 1208 2825 1279 modis,
2861 1210 3016 1264 vobis
3053 1227 3219 1282 opem
3256 1211 3425 1279 ferre,
3465 1211 3598 1266 licet

1967 1316 2072 1354 nos
2098 1300 2169 1354 ab
2198 1299 2333 1371 ipsis
2362 1301 2582 1356 aemulis
2612 1305 2823 1356 sanctae
2853 1302 2949 1356 Dei
2984 1304 3241 1358 Ecclesia;
3275 1307 3333 1358 et
3361 1305 3593 1372 nostris,

1968 1410 2079 1448 non
2112 1393 2287 1448 simus
2331 1393 2573 1466 excepti,
2623 1399 2680 1450 et
2719 1394 3114 1450 tribulationes
3159 1396 3345 1451 cordis
3391 1397 3593 1465 nostri,

1965 1504 2069 1558 pro
2093 1490 2288 1542 nostra
2332 1491 2388 1542 et
2429 1491 2617 1542 vestra
2655 1487 3022 1543 tribulatione
3067 1488 3182 1544 sive
3219 1490 3408 1544 ovium
3436 1491 3596 1546 nobis

1966 1580 2403 1635 commissarum
2433 1581 2747 1636 admodum
2782 1581 2895 1636 sint
2923 1582 3193 1637 dilatatis.
3235 1584 3343 1637 Vos
3368 1599 3595 1654 quoque

1969 1674 2355 1742 obsecramus,
2384 1677 2447 1728 ut
2474 1675 2796 1745 injunctum
2823 1675 2981 1730 vobis
3008 1692 3043 1730 a
3080 1676 3324 1731 Domino
3350 1676 3592 1731 famula-

1965 1769 2089 1821 tum
2120 1783 2238 1822 non
2264 1766 2588 1838 negligatis,
2621 1771 2678 1822 et
2703 1763 2906 1824 omnes
2932 1785 3251 1840 oppressos,
3281 1772 3339 1823 et
3367 1772 3602 1824 cunctos

1965 1860 2067 1914 Dei
2114 1876 2299 1914 servos
2348 1864 2518 1931 atque
2571 1861 2914 1932 generaliter
2977 1878 3178 1916 omnes
3230 1861 3596 1931 Christianos,

1967 1956 2136 2024 prout
2161 1953 2434 2008 Dominus
2455 1970 2619 2024 posse
2646 1955 2887 2022 dederit,
2910 1955 3180 2026 adjuvare
3211 1943 3601 2022 studeatisjut

1966 2051 2098 2102 ante
2115 2047 2358 2101 tribunal
2382 2046 2588 2102 Christi
2611 2048 2936 2103 mercedem
2959 2047 3216 2103 habeatis
3235 2051 3570 2119 perpetuam
3583 2090 3596 2102 .

1965 2141 2034 2196 Et
2078 2139 2278 2195 scitote
2333 2139 2489 2211 quod
2541 2140 2822 2195 memoria
2875 2141 3046 2196 vestri
3104 2157 3297 2196 coram
3350 2141 3466 2196 Deo
3515 2145 3601 2196 est

1966 2232 2209 2288 assidue.
2258 2234 2398 2287 Nam
2446 2233 2941 2304 quemadmodum
2993 2235 3244 2290 dolentes
3299 2233 3596 2305 cognosci-

1964 2343 2114 2395 mus,
2143 2343 2240 2381 vos
2271 2326 2341 2380 ab
2379 2325 2611 2398 iniquis,
2656 2331 2711 2382 et
2749 2327 2998 2383 scelestis
3038 2326 3362 2383 hominibus
3401 2327 3595 2382 obtur-

1964 2419 2112 2488 bari,
2142 2420 2223 2474 ita
2247 2419 2516 2475 continuo
2543 2420 2702 2475 vobis
2723 2421 3129 2492 compatimur,
3159 2422 3339 2475 Deum
3372 2426 3600 2476 orantes

1966 2529 2070 2584 pro
2115 2513 2453 2568 liberatione
2494 2530 2557 2567 ac
2593 2513 2981 2568 sublevatione
3016 2518 3217 2569 vestrae
3250 2513 3597 2581 afﬂictionis,

1965 2623 2093 2678 qua!
2120 2606 2278 2661 vobis
2326 2607 2496 2678 (unde
2546 2606 2793 2678 graviter
2833 2607 3125 2678 angimur)
3173 2607 3244 2661 ab
3285 2605 3497 2677 iniquis
3539 2605 3600 2659 in

1968 2699 2089 2754 dies
2143 2699 2452 2771 irrogatur,
2506 2705 2562 2755 et
2614 2703 2746 2754 ante
2785 2716 3035 2771 corpora
3071 2700 3456 2771 apostolorum
3493 2715 3600 2770 pro

1965 2792 2126 2847 vobis
2155 2809 2354 2864 preces
2384 2794 2529 2848 ﬁunt
2557 2792 2825 2865 quotidie,
2861 2797 2924 2848 ut
2961 2796 3017 2847 et
3046 2809 3141 2847 vos
3169 2791 3499 2847 liberemini
3529 2791 3601 2846 ab

1967 2886 2310 2957 importunis
2357 2890 2416 2940 et
2458 2886 2624 2941 malis
2665 2885 2993 2941 hominibus
3034 2885 3258 2940 Domini
3287 2884 3516 2952 auxilio,
3545 2890 3604 2939 et

1969 2996 2102 3034 oves
2127 2979 2284 3034 vobis
2310 2979 2627 3034 commissae
2675 2981 2746 3034 ad
2793 2995 2996 3050 pascua
3043 2982 3273 3033 aeterna:
3319 2978 3448 3032 vitae
3488 2994 3602 3032 una

1966 3071 2257 3127 vobiscum
2268 3074 2605 3144 perveniant
2617 3072 2988 3144 sempiterna.
3003 3071 3288 3127 Unitatem
3301 3075 3356 3126 et
3367 3070 3492 3142 conj
3504 3087 3602 3125 un-

1968 3165 2217 3220 ctionem
2251 3165 2568 3220 dilectionis
2584 3172 2783 3221 vestras
2808 3165 3090 3221 valentem
3109 3170 3278 3237 atque
3303 3163 3603 3236 proﬁcien-

1967 3263 2088 3314 tem
2117 3259 2178 3313 in
2205 3260 2448 3313 salutem
2473 3259 2730 3314 omnium
2750 3259 3085 3331 populorum
3108 3262 3330 3314 creator
3347 3257 3602 3312 omnium

1968 3352 2241 3408 Dominus
2281 3353 2645 3424 omnipotens
2683 3369 3000 3408 memorem
3043 3352 3219 3407 nostri
3260 3351 3603 3407 aeternaliter

1968 3445 2262 3514 custodiat,
2315 3462 2506 3500 amen.
2556 3447 2694 3500 Data
2744 3446 2929 3500 Nonas
2977 3445 3181 3517 Aprilis
3222 3443 3515 3500 Valeriano
3545 3446 3602 3497 et

1967 3538 2251 3594 Gallicano
2274 3539 2340 3592 IV
2359 3555 2438 3593 cc.
2473 3539 2686 3592 consul.

523 3985 651 4059 42
727 3985 1302 4082 INCIPIUNT
1388 3987 1912 4080 DECRETA
1999 3986 2299 4080 SIXTI
2393 3969 2725 4078 PAPIE
2811 3982 3332 4078 SECUNDI.

1036 4182 1217 4250 (Anno
1248 4181 1625 4276 Domini.264,
1658 4181 1898 4238 Deciano
1927 4185 1985 4239 et
2008 4181 2303 4238 Valeriano
2328 4180 2814 4254 imperatoribus.)

310 4482 619 4554 Episcopus
650 4479 841 4537 SIXTUS
867 4479 1050 4536 Gnaro
1077 4479 1410 4552 coepiscopo
1439 4478 1701 4534 salutem.

308 4574 521 4631 Laetari
557 4578 613 4629 et
644 4574 895 4646 gaudere
921 4589 1016 4628 me
1052 4572 1364 4645 plurimum
1404 4572 1464 4626 in
1499 4571 1719 4627 Christo
1749 4571 1876 4627 Jesu

1977 4476 2168 4534 biliter
2192 4479 2550 4549 generatum,
2595 4476 2717 4549 ipso
2770 4477 2886 4531 Deo
2928 4477 3090 4531 Patre
3119 4491 3223 4547 per
3263 4473 3606 4546 prophetam

1978 4572 2199 4627 dicente
2230 4587 2243 4626 :
2277 4592 2305 4621 «
2333 4573 2396 4625 In
2423 4569 2818 4642 splendoribus
2836 4571 3163 4624 sanctorum
3191 4584 3260 4623 ex
3286 4572 3446 4621 utero
3474 4567 3606 4619 ante

240 4669 486 4725 Domino
511 4670 705 4723 nostro
737 4666 1050 4722 dilectionis
1081 4671 1192 4722 tuae
1215 4665 1423 4737 scripta
1446 4666 1723 4734 fecerunt,
1759 4664 1956 4760 qui-D
1977 4665 2276 4722 luciferum
2300 4664 2474 4736 genui
2493 4668 2550 4718 te
2571 4663 2737 4734 (Psal.
2767 4679 2872 4730 CIX,
2901 4663 2974 4732 3).
3005 4683 3032 4711 »
3061 4662 3242 4725 Quam
3263 4657 3606 4760 sententiam

241 4764 342 4819 bus
372 4760 1013 4837 evidenterostenditur
1029 4762 1312 4832 quantum
1335 4758 1670 4814 catholicam
1694 4757 1879 4829 diligis
1896 4749 1947 4760 ”
1981 4762 2039 4814 et
2069 4757 2238 4813 Isaias
2266 4758 2547 4830 propheta
2571 4755 2756 4811 dubiis
2784 4760 2952 4826 atque
2982 4752 3285 4809 incredulis
3317 4749 3609 4805 evidenter

241 4857 436 4924 ﬁdem,
458 4859 518 4910 et
539 4856 815 4926 quantum
835 4871 1136 4926 pravorum
1157 4853 1457 4909 hominum
1479 4851 1775 4907 detestaris
1796 4867 1881 4906 er-

240 4967 456 5017 rorem,
479 4948 667 5004 omnis
691 4948 842 5003 enim
865 4947 1098 5003 haresis
1120 4947 1288 5002 nimis
1302 4950 1387 5002 est
1406 4945 1602 5017 impia,
1629 4947 1687 4999 et
1705 4946 1880 4999 Evan-

242 5045 438 5118 gelicaa
457 5041 715 5098 veritatis
736 5041 987 5109 inimica,
1007 5058 1134 5113 quae
1157 5057 1270 5096 non
1284 5041 1609 5112 portionem
1631 5038 1879 5110 aliquam

239 5138 471 5204 lzedere,
496 5136 595 5191 sed
615 5136 740 5207 ipsa
756 5135 1087 5190 Christianae
1108 5134 1408 5207 religionis
1427 5135 1666 5188 conatur
1684 5132 1879 5187 funda-

239 5235 440 5286 menta
469 5229 817 5285 convellere.
849 5230 1066 5285 Memor
1101 5227 1256 5283 enim
1295 5244 1419 5282 sum
1459 5243 1553 5281 me
1596 5226 1699 5281 sub
1733 5225 1881 5281 illius

238 5325 476 5380 nomine
521 5323 780 5378 Ecclesiae
817 5322 1147 5394 praesidere,
1187 5322 1348 5393 cujus
1394 5338 1428 5376 a
1470 5320 1710 5376 Domino
1751 5322 1882 5375 Jesu

234 5418 460 5474 Christo
489 5420 576 5472 est
594 5417 904 5489 gloriﬁcata
926 5415 1224 5484 confessio,
1250 5418 1309 5471 et
1329 5414 1488 5486 cujus
1499 5415 1637 5470 ﬁdes
1657 5414 1882 5469 nullum

234 5528 500 5586 unquam
526 5510 694 5582 fallit,
723 5511 824 5566 sed
850 5526 1052 5566 omnes
1079 5509 1312 5581 quidem
1347 5510 1593 5564 haereses
1618 5507 1878 5564 destruit.

232 5605 509 5678 Intelligo
528 5607 721 5660 autem
736 5604 882 5660 mihi
897 5603 1064 5660 aliter
1088 5620 1206 5659 non
1220 5603 1394 5658 licere
1409 5619 1585 5675 quam
1606 5606 1669 5658 ut
1683 5618 1883 5656 omnes

231 5704 482 5756 conatus
494 5715 657 5754 meos
670 5698 722 5753 ei
735 5714 918 5754 causa:
928 5698 988 5753 in
1001 5714 1112 5770 qua
1121 5697 1452 5754 universalis
1462 5696 1722 5752 Ecclesiae
1738 5695 1883 5750 salus

229 5794 551 5850 infestatur
583 5791 938 5864 impendam.
967 5793 1249 5864 Agnosce,
1282 5791 1362 5846 ﬁli
1385 5789 1737 5860 charissime,
1766 5805 1883 5844 non

228 5905 310 5946 ex
339 5891 607 5960 tempore
635 5902 822 5959 neque
846 5889 976 5959 post
994 5890 1262 5959 tempora
1299 5884 1503 5941 Filium
1532 5883 1632 5940 Dei
1658 5887 1878 5953 natum,

229 5981 342 6039 sed
371 5984 505 6038 ante
531 5981 726 6038 omnia
753 5982 1010 6053 tempora
1041 5980 1112 6036 de
1139 5983 1380 6053 paterno
1399 5982 1564 6036 utero
1585 5979 1878 6034 inenarra-

1979 4851 2271 4925 expressit,
2285 4851 2421 4906 dum
2439 4866 2556 4906 non
2571 4848 2800 4904 aliunde
2815 4847 3022 4903 Filium
3041 4861 3210 4918 quam
3234 4844 3304 4900 de
3324 4846 3490 4899 Patre
3511 4859 3605 4897 na-

1978 4951 2102 5002 tum
2129 4943 2496 5000 ineﬁ‘abiliter
2536 4942 2784 4999 ostendit
2809 4958 2822 4997 ε
2873 4963 2901 4992 ‹‹
2932 4944 2994 4997 In
3027 4938 3368 5006 humilitate,
3398 4935 3605 5008 inquit,

1971 5039 2251 5111 judicium
2267 5039 2390 5110 ejus
2403 5038 2688 5092 sublatum
2701 5034 3162 5104 est,nativitatem
3175 5032 3298 5104 ejus
3311 5030 3435 5103 quis
3451 5047 3610 5085 enar-

1980 5133 2165 5189 rabit?
2179 5156 2204 5183 »
2223 5133 2370 5204 (Isai.
2399 5148 2512 5201 ιω,
2536 5132 2610 5202 8.)
2623 5131 2758 5186 Etin
2773 5129 2918 5183 libro
2930 5127 3031 5183 Job
3048 5144 3061 5182 :
3080 5125 3470 5198 «Sapientiam
3484 5122 3609 5190 Dei,

1980 5226 2076 5294 ait,
2101 5226 2249 5281 unde
2271 5225 2558 5280 invenies?
2579 5224 2737 5278 Latet
2749 5221 2905 5276 enim
2921 5221 2991 5276 ab
3012 5219 3187 5276 oculis
3206 5219 3530 5287 hominum,
3555 5219 3616 5272 et

1980 5337 2012 5374 a
2042 5319 2364 5375 volucribus
2391 5317 2518 5372 coeli
2549 5316 2825 5371 absconsa
2855 5317 2938 5370 est
2962 5314 3096 5385 (Job.
3119 5329 3309 5379 xxvm,
3330 5313 3435 5383 l2).
3455 5330 3484 5363 »
3503 5311 3610 5366 Ex-

1980 5412 2302 5486 pergiscere
2329 5410 2641 5483 paululum,
2667 5414 2724 5465 et
2759 5409 2806 5464 si
2846 5409 3042 5464 lumen
3087 5406 3339 5462 scientiae
3376 5406 3436 5460 in
3469 5404 3609 5475 teip-

1982 5523 2109 5561 sum
2145 5506 2501 5578 aliquantum
2539 5503 2734 5571 habes,
2764 5501 3041 5570 invenies,
3074 5501 3235 5572 cujus
3274 5498 3532 5555 nativitas
3581 5512 3614 5550 a

1981 5600 2262 5672 propheta
2291 5614 2404 5653 non
2427 5596 2614 5670 potuit
2637 5597 2891 5653 enarrari
2923 5613 2991 5651 ex
3022 5600 3278 5667 tempore
3311 5593 3395 5648 vel
3430 5594 3496 5645 ut
3521 5605 3611 5643 as-

1982 5697 2172 5748 truere
2192 5691 2312 5764 ipse
2339 5691 2582 5761 conaris,
2603 5707 2717 5746 non
2743 5690 2932 5763 potuit
2952 5687 3237 5762 generari.
3262 5708 3288 5737 ‹‹
3315 5687 3375 5739 In
3396 5679 3611 5753 princi-

1981 5786 2098 5860 pio,
2132 5785 2322 5858 inquit
2369 5787 2614 5842 Joannes
2656 5783 3042 5856 Evangelista,
3095 5783 3219 5836 erat
3258 5775 3525 5841 Verbum,
3557 5776 3614 5828 et

1982 5880 2231 5937 Verbum
2253 5883 2372 5937 erat
2391 5880 2546 5954 apud
2566 5881 2769 5948 Deum,
2793 5880 2853 5934 et
2869 5879 3015 5934 Deus
3051 5875 3169 5931 erat
3205 5868 3476 5937 Verbum,
3506 5867 3613 5922 hoc

1987 5979 2109 6032 erat
2138 5976 2192 6032 in
2217 5974 2494 6049 principio
2519 5973 2669 6047 apud
2696 5973 2891 6026 Deum.
2915 5966 3116 6023 Omnia
3137 5980 3238 6036 per
3255 5963 3445 6034 ipsum
3465 5961 3614 6016 facta
