4058 6304
457 407 557 464 183

1358 401 1634 457 APPEND.
1678 400 1765 453 AD
1802 398 1963 453 SEC.
2007 400 2093 452 IX.
2124 425 2191 436 --
2233 396 2473 452 ISIDORI
2511 394 2933 450 MERCATORIS

3721 394 3825 451 184-

454 515 607 582 sunt,
631 515 688 570 et
703 511 822 568 sine
842 511 961 584 ipso
977 511 1190 567 factum
1203 512 1289 565 est
1303 508 1448 564 nihil
1462 508 1634 578 (Joan.
1650 522 1690 577 ι,
1709 506 1846 576 1-3).
1861 526 1888 556 ››
1905 507 1970 560 Et
1984 505 2086 559 ite-
2107 521 2168 591 Α
2187 503 2438 560 siasticas
2468 518 2664 558 causas
2686 506 2744 557 et
2769 501 3168 574 episcoporum
3186 500 3399 573 judicia
3417 500 3654 572 antiqua
3680 517 3822 572 apo-

455 623 617 664 rum:
645 627 673 658 ‹‹
695 605 933 662 Eratlux
943 621 1076 661 vera
1087 620 1213 676 quas
1238 601 1526 658 illuminat
1543 615 1773 655 omnem
1785 597 2086 653 hominem

459 699 785 757 venientem
804 699 865 754 in
890 699 1042 753 hunc
1059 696 1341 752 mundum
1362 693 1550 765 (Ibid.,
1570 695 1642 764 9).
1661 713 1688 742 »
1711 693 1775 748 In
1791 691 1898 746 isto
1919 691 2096 763 igitur

462 794 618 866 quod
639 792 845 848 dicitur
863 795 1001 855 erat,
1015 791 1060 846 si
1078 794 1305 861 tempus
1317 803 1575 860 quaerere
1591 784 1860 851 volueris,
1882 801 2001 840 non
2013 784 2096 838 in-

459 887 672 954 venies,
703 884 973 956 quoniam
1003 900 1071 938 ex
1103 899 1216 954 quo
1261 883 1445 949 Pater,
1492 897 1560 934 ex
1596 879 1693 934 illo
1729 881 1787 933 et
1815 877 2005 947 Filius,
2039 879 2097 931 et

462 979 617 1050 quod
637 980 800 1033 Pater
817 980 918 1046 est,
936 977 996 1031 id
1013 979 1099 1030 est
1112 975 1287 1030 etiam
1302 973 1490 1043 Filius,
1513 971 1821 1028 Salomone
1839 969 2058 1026 dicente
2077 988 2092 1024 :

466 1074 617 1143 «Ego
631 1088 699 1126 ex
711 1085 805 1125 ore
815 1068 1087 1124 Altissimi
1099 1057 1701 1140 prodii,primogenita
1713 1067 1845 1119 ante
1860 1079 2091 1126 omnem

461 1168 798 1221 creaturam.
825 1164 946 1234 Ego
969 1162 1079 1217 feci
1099 1165 1161 1216 ut
1176 1162 1236 1215 in
1264 1161 1402 1214 melo
1424 1159 1668 1214 oriretur
1684 1159 1881 1212 lumen
1903 1156 2099 1212 indeﬁ-

461 1258 615 1312 ciens
645 1261 702 1312 et
726 1257 869 1311 sicut
897 1256 1110 1310 nebula
1138 1254 1252 1309 texi
1277 1269 1511 1308 omnem
1537 1255 1766 1306 terram.
1798 1252 1916 1321 Ego
1947 1250 2004 1304 in
2025 1250 2097 1304 a1-

461 1349 691 1405 tissimis
703 1349 924 1418 habito,
939 1351 995 1404 et
1014 1349 1251 1402 thronus
1264 1363 1424 1402 meus
1442 1347 1501 1401 in
1515 1346 1782 1400 columna
1795 1343 1978 1398 nubis.
1995 1345 2098 1414 Gy-

461 1461 593 1500 rum
606 1443 732 1499 cmli
747 1441 978 1496 circuivi
995 1442 1132 1508 sola,
1149 1445 1205 1496 et
1221 1439 1566 1512 profundum
1581 1438 1766 1509 abyssi
1781 1436 2094 1508 penetravi.

461 1540 522 1592 In
546 1553 779 1591 omnem
804 1539 1016 1590 terram
1054 1535 1203 1604 steti,
1248 1539 1305 1588 et
1334 1533 1549 1605 populo
1585 1532 1899 1602 primatum
1924 1529 2100 1585 habui

467 1631 651 1699 (Eccli.
681 1645 825 1695 xx1v,
857 1629 1020 1699 7-10).
1046 1649 1073 1677 ››
1099 1630 1241 1682 Item
1272 1626 1348 1681 ibi
1375 1643 1388 1678 :
1423 1629 1612 1700 «Cum
1637 1626 1866 1696 pararet
1890 1624 2098 1678 coelum

468 1723 706 1778 aderam
728 1721 808 1776 illi
830 1740 842 1775 :
865 1726 922 1776 et
943 1737 1075 1776 cum
1097 1721 1292 1775 sedem
1311 1737 1474 1774 suam
1496 1721 1836 1774 secerneret.
1859 1716 2098 1782 Quando

467 1832 639 1886 super
654 1820 851 1870 ventos
863 1815 1035 1869 fortes
1053 1813 1294 1868 faciebat
1325 1813 1385 1868 in
1405 1828 1630 1866 summo
1652 1810 1853 1877 nubes,
1887 1813 1944 1863 et
1967 1825 2099 1863 cum

466 1885 650 1964 certos
678 1907 922 1979 ponebat
952 1907 1138 1962 fontes
1167 1907 1270 1960 sub
1302 1907 1461 1973 coelo,
1495 1922 1624 1960 cum
1660 1903 1834 1958 fortia
1863 1885 2174 1957 faciebatB

465 2000 844 2056 fundamenta
864 2003 1050 2069 terrae,
1071 2015 1176 2070 ego
1196 2015 1353 2054 eram
1377 2014 1506 2052 cum
1528 1998 1624 2052 illo
1646 2012 2022 2068 componens,
2043 1999 2101 2050 et

467 2110 574 2165 ego
589 2109 746 2148 eram
767 2093 853 2148 cui
876 2094 945 2149 ad
951 2093 1239 2164 gaudebat
1251 2109 1378 2146 cum
1393 2093 1686 2146 laetaretur
1696 2091 1832 2145 orbe
1845 2089 2097 2160 perfecto

469 2189 736 2256 (Proverb.
752 2203 867 2253 VIII,
883 2188 1084 2257 27-30).
1108 2209 1134 2236 »
1156 2188 1222 2241 Et
1234 2186 1294 2239 in
1309 2187 1528 2256 psalmo
1541 2184 1856 2238 centesimo
1873 2183 2056 2254 primo
2081 2199 2095 2238 :

472 2304 497 2328 ‹‹
526 2282 629 2348 Τιι,
652 2280 908 2348 Domine,
925 2281 985 2334 in
1007 2279 1287 2350 principio
1313 2283 1526 2336 terram
1550 2277 1818 2343 fundasti,
1852 2279 1909 2330 et
1926 2293 2100 2348 opera

470 2390 752 2429 manuum
783 2376 1010 2428 tuarum
1035 2377 1167 2427 sunt
1184 2371 1328 2427 coeli.
1359 2371 1467 2442 Ipsi
1487 2371 1772 2442 peribunt,
1813 2374 1872 2424 tu
1906 2373 2098 2424 autem

467 2471 848 2538 permanes,et
859 2467 1004 2521 sicut
1014 2466 1362 2538 opertorium
1375 2464 1619 2520 mutabis
1631 2481 1724 2518 eos
1736 2469 1791 2519 et
1801 2464 2100 2518 mutabun-

468 2564 580 2626 tur;
593 2564 656 2615 tu
667 2563 858 2616 autem
872 2560 1027 2614 idem
1039 2560 1160 2630 ipse
1175 2577 1253 2626 es,
1270 2564 1326 2614 et
1339 2559 1474 2614 anni
1488 2560 1568 2613 tui
1583 2575 1698 2612 non
1711 2557 1975 2612 deﬁcient
1985 2557 2096 2628 (Ps.

471 2671 541 2721 (η,
561 2657 648 2720 26,
662 2654 748 2722 29)
759 2654 934 2708 .»Non
945 2653 1099 2708 enim
1117 2655 1238 2708 erat
1253 2658 1410 2719 aetas,
1425 2651 1755 2722 autaliquod
1770 2654 1995 2721 tempus
2006 2667 2102 2704 an-

469 2752 702 2817 tequam
717 2747 787 2801 de
799 2748 964 2801 Patre
978 2746 1150 2800 Filius
1173 2750 1524 2811 nasceretur,
1553 2744 1825 2816 quoniam
1840 2743 1937 2815 qui
1953 2747 2099 2798 tem-

471 2856 610 2910 pora
628 2839 893 2893 universa
903 2838 1133 2910 propria
1147 2841 1427 2910 potestate
1439 2838 1750 2904 constituit,
1766 2854 1833 2892 ex
1845 2841 2100 2909 tempore

472 2934 559 2987 vel
577 2936 706 3002 post
718 2935 973 3003 tempora
1000 2932 1156 2986 nasci
1179 2949 1292 2986 non
1312 2931 1516 3002 potuit.
1539 2931 1635 2986 His
1655 2931 1850 3002 paucis
1874 2935 2101 2986 senten-

473 3025 566 3081 tiis
580 3025 826 3080 breviter
846 3025 1114 3080 consultis
1126 3025 1237 3080 tuis
1253 3025 1544 3096 respondi,
1561 3027 1741 3080 frater
1751 3025 2098 3080 charissime.

543 3120 622 3173 De
650 3122 858 3174 caetero
889 3123 1048 3174 tuam
1094 3136 1305 3174 moneo
1352 3119 1737 3188 dilectionem,
1785 3123 1846 3174 ut
1874 3121 2104 3173 cunctos

2192 597 2469 653 stolorum
2491 611 2806 667 eorumque
2823 611 3210 651 successorum
3232 599 3402 666 atque
3422 611 3710 650 canonum
3726 611 3826 650 au-

2192 691 2420 747 ctoritas
2440 689 2763 759 reservavit,
2788 689 3059 760 quoniam
3091 690 3394 760 culpantur
3426 688 3694 760 episcopi,
3725 688 3826 760 qui

2193 784 2358 840 aliter
2371 800 2510 854 erga
2527 783 2976 854 fratresegerint
2999 800 3174 856 quam
3201 783 3459 858 ejusdem
3480 782 3630 836 sedis
3660 799 3825 854 papae

2194 877 2317 932 fieri
2347 877 2646 948 placuerit.
2682 876 2837 932 Unde
2881 877 3092 948 placuit
3134 880 3201 931 ut
3228 879 3514 930 accusatus
3555 877 3644 931 vel
3665 875 3824 946 judi-

2197 975 2351 1026 catus
2376 987 2411 1025 a
2439 969 3008 1042 comprovincialibus
3032 969 3092 1025 in
3115 969 3303 1042 aliqua
3331 985 3500 1024 causa
3525 969 3828 1041 episcopus

2195 1063 2432 1119 licenter
2477 1063 2726 1136 appellet
2766 1066 2824 1117 et
2861 1063 3026 1119 adeat
3053 1063 3371 1134 apostolicae
3410 1062 3558 1118 sedis
3595 1063 3826 1134 pontifi-

2197 1173 2342 1224 cem,
2372 1157 2468 1229 qui
2498 1162 2594 1212 aut
2618 1173 2723 1228 per
2747 1174 2807 1212 se
2847 1162 2946 1212 aut
2978 1173 3086 1229 per
3125 1155 3365 1211 vicarios
3399 1172 3528 1211 suos
3557 1156 3679 1227 ejus
3705 1159 3825 1211 tra-

2196 1251 2334 1305 ctari
2345 1251 2639 1322 negotium
2655 1253 2924 1322 procuret
2936 1267 2952 1319 ;
2969 1255 3023 1304 et
3037 1250 3175 1304 dum
3192 1249 3397 1305 iterato
3407 1248 3620 1320 judicio
3632 1249 3830 1319 ponti-

2195 1345 2285 1399 fex
2297 1360 2525 1399 causam
2537 1361 2697 1398 suam
2713 1343 3047 1415 agit,nullus
3063 1343 3205 1398 alius
3215 1342 3275 1398 in
3290 1343 3412 1414 ejus
3424 1343 3546 1396 loco
3559 1345 3830 1413 ponatur,

2197 1442 2296 1492 aut
2322 1437 2617 1492 ordinetur
2637 1437 2952 1508 episcopus,
2978 1436 3254 1508 quoniam
3271 1451 3648 1507 quanquama
3666 1451 3832 1490 com-

2196 1530 2632 1602 provincialibus
2658 1531 2955 1602 episcopus
2995 1530 3239 1585 accusati
3277 1545 3505 1584 causam
3543 1527 3834 1600 pontiﬁcis

2198 1623 2433 1680 scrutari
2446 1624 2755 1692 liceat,non
2767 1627 2958 1679 tamen
2969 1622 3221 1692 diffiniri,
3237 1623 3554 1678 inconsulto
3569 1624 3834 1678 Romano

2196 1716 2485 1790 pontifice,
2517 1718 2858 1789 permissum
2885 1720 2989 1784 est,
3017 1733 3149 1772 cum
3171 1717 3340 1772 beato
3370 1718 3535 1771 Petro
3569 1716 3832 1788 apostolo

2197 1829 2314 1866 non
2336 1812 2407 1866 ab
2422 1812 2532 1866 alio
2546 1827 2717 1882 quam
2733 1811 2804 1866 ab
2818 1811 2941 1882 ipso
2961 1811 3175 1865 dictum
3196 1811 3310 1866 sita
3332 1809 3570 1865 Domino
3590 1827 3603 1864 :
3625 1832 3651 1859 ‹‹
3669 1811 3834 1874 Quaa-

2198 1922 2425 1977 cunque
2445 1905 2708 1976 ligaveris
2723 1920 2894 1976 super
2907 1910 3139 1973 terram,
3155 1904 3512 1976 eruntligata
3523 1907 3581 1959 et
3592 1904 3649 1958 in
3665 1905 3829 1958 ccelo.

2196 2001 2265 2054 Et
2291 2015 2648 2070 quaecunque
2669 1998 2904 2053 solveris
2931 2014 3100 2069 super
3118 2002 3350 2066 terram,
3372 2000 3540 2053 erunt
3563 1998 3750 2052 soluta
3775 2003 3836 2052 et

2197 2093 2256 2147 in
2287 2093 2426 2148 caelo
2457 2094 2670 2162 (Matth.
2700 2109 2852 2161 xvm,
2889 2093 2994 2162 10).
3029 2114 3057 2141 ››
3091 2093 3158 2146 Et
3183 2091 3232 2145 si
3255 2090 3382 2162 quis
3412 2091 3694 2162 putaverit
3717 2107 3776 2146 se
3798 2107 3834 2145 a

2196 2186 2431 2258 proprio
2453 2185 2895 2257 metropolitano
2921 2185 3164 2257 gravari,
3187 2185 3338 2256 apud
3359 2185 3662 2256 primatem
3686 2185 3830 2239 dice-

2199 2297 2388 2335 ceseos
2412 2283 2511 2335 aut
2534 2296 2709 2351 penes
2729 2279 3062 2334 universalis
3094 2279 3416 2350 apostolica:
3445 2279 3700 2334 Ecclesiae
3732 2295 3832 2349 pa-

2198 2374 2640 2446 pamjudicetur.
2654 2373 2746 2428 Ait
2758 2373 2912 2428 enim
2927 2373 3164 2428 Jacobus
3176 2374 3491 2443 apostolus:
3510 2393 3536 2422 ‹‹
3548 2374 3573 2428 J
3581 2371 3835 2427 udicium

2201 2469 2319 2523 sine
2339 2467 2728 2522 misericordia
2744 2466 2824 2520 illi
2841 2467 2940 2520 fiet
2958 2466 3054 2538 qui
3075 2483 3191 2521 non
3212 2466 3342 2520 fecit
3358 2465 3834 2521 misericordiam.

2201 2561 2593 2632 Superextollit
2634 2565 2825 2615 autem
2869 2559 3318 2614 misericordiam
3351 2559 3567 2630 judicio
3606 2559 3736 2629 (Jac.
3770 2576 3833 2628 u,

2205 2655 2307 2724 l3).
2338 2675 2366 2702 »
2391 2655 2450 2708 In
2478 2653 2746 2707 omnibus
2771 2669 2927 2723 ergo,
2951 2651 3031 2706 ﬁli
3058 2651 3442 2719 dilectissime,
3471 2669 3567 2707 cor
3592 2652 3833 2720 custodi,

2203 2748 2351 2801 sicut
2365 2747 2636 2818 scriptum
2649 2750 2733 2800 est
2755 2763 2768 2800 :
2788 2745 3000 2801 «Omni
3021 2745 3276 2801 custodia
3295 2746 3514 2802 custodi
3530 2761 3630 2800 cor
3646 2749 3808 2800 tuum
3819 2789 3833 2813 ,

2201 2841 2334 2912 quia
2378 2857 2447 2894 ex
2491 2840 2616 2911 ipso
2655 2841 2769 2894 vita
2817 2839 3076 2910 procedit
3120 2840 3296 2911 (Prov.
3341 2856 3414 2908 IV,
3461 2839 3572 2910 23).
3627 2857 3656 2891 »
3706 2841 3840 2894 Hazc

2200 2934 2448 2989 breviter
2472 2950 2576 3006 pro
2602 2933 3153 2989 commemoratione
3182 2932 3464 3004 rescripsi,
3494 2933 3594 2988 sed
3621 2937 3749 3003 peto
3774 2937 3841 2988 ut

2199 3045 2306 3100 pro
2331 3044 2424 3082 me
2453 3043 2612 3082 orare
2645 3028 2870 3095 debeas,
2903 3031 3184 3098 quatenus
3219 3027 3582 3098 omnipotens
3609 3027 3757 3081 Deus
3782 3032 3842 3082 et

2204 3138 2238 3176 a
2270 3122 2540 3194 malignis
2578 3137 2672 3176 me
2707 3120 3000 3192 spiritibus
3044 3126 3100 3176 et
3125 3137 3158 3175 a
3187 3121 3466 3192 perversis
3504 3120 3840 3176 hominibus

471 3229 618 3285 quos
644 3229 834 3268 errare
853 3213 1207 3284 cognoveris,
1250 3213 1322 3268 ad
1359 3213 1697 3268 catholicam
1737 3212 1910 3268 fidem
1945 3215 2002 3267 et
2029 3211 2102 3266 ad
2125 3253 2180 3328 C
2203 3215 2486 3270 custodire
2516 3215 2806 3285 dignetur,
2831 3215 2966 3286 quia
2987 3214 3046 3268 in
3066 3215 3171 3268 hac
3190 3213 3319 3268 vitae
3340 3231 3484 3269 mese
3508 3214 3837 3285 peregrina-

475 3306 748 3328 -__:1-A-_A
783 3310 929 3328 __-1A
968 3306 1309 3328 ___J__.A:___.-
1352 3310 1575 3328 --__--_L
1594 3323 1668 3328 -_-
1695 3306 1919 3328 -ι--.ι---
1973 3309 2022 3328 -1.
2043 3308 2101 3328 Α--
2209 3309 2352 3328 12-..-
2379 3309 2516 3328 ___I_
2548 3324 2597 3328 μ-
2618 3325 2634 3328 -
2676 3308 2834 3328 -:_____1
2866 3313 2911 3328 ,Α
2933 3309 3102 3328 ..-ηιι-
3138 3308 3479 3328 _3_-____J__.L
3522 3307 3592 3328 ξι-
3622 3312 3680 3328 --Δ
3712 3324 3829 3328 _____-

475 3306 755 3362 unitatem
781 3310 934 3362 recte
961 3306 1316 3362 credentium
1345 3310 1674 3362 convertere
1692 3306 1942 3374 studeas,
1969 3309 2025 3360 et
2043 3308 2105 3359 tu
2127 3306 2180 3328 ν
2207 3309 2358 3364 tione
2379 3309 2526 3362 mala
2548 3324 2640 3362 me
2672 3308 2838 3362 simul
2859 3313 2914 3363 et
2933 3309 3113 3362 multa
3130 3308 3503 3376 circumdant,
3522 3307 3602 3362 ita
3622 3312 3686 3362 ut
3704 3324 3834 3362 cum

478 3417 773 3472 nunquam
797 3401 869 3456 ab
911 3402 1222 3472 apostolico
1272 3401 1499 3456 tramite
1544 3401 1791 3456 recedas.
1835 3400 1890 3456 Si
1913 3402 2108 3454 autem

475 3499 530 3548 te
557 3511 672 3549 non
702 3494 988 3549 audierint
1014 3499 1072 3550 et
1098 3499 1376 3561 errantes,
1411 3495 1560 3566 quod
1587 3494 1750 3561 absit,
1783 3509 2108 3565 permanse-

474 3587 606 3654 rint,
637 3589 802 3643 nobis
839 3604 932 3643 eos
957 3588 1328 3644 manifestare
1353 3605 1527 3661 quam
1558 3588 1723 3642 citius
1751 3588 1966 3658 poteris
1992 3603 2105 3640 non

475 3681 686 3749 tardes,
722 3686 783 3736 ut
822 3683 1131 3754 apostolica
1174 3683 1510 3737 auctoritate
1553 3686 1651 3736 aut
1676 3681 1786 3735 cito
1815 3681 1887 3735 ad
1917 3680 2102 3734 Eccle-

477 3775 620 3829 siam
633 3778 1060 3842 convertantur,
1086 3780 1186 3829 aut
1211 3775 1280 3828 ab
1297 3769 1541 3828 Ecclesia
1560 3776 1912 3844 separentur.
1931 3773 2106 3827 Audi-

475 3869 661 3922 vimus
671 3867 842 3922 etiam
856 3867 1006 3938 quod
1020 3867 1252 3937 quidam
1270 3867 1500 3922 erronei
1523 3865 2008 3921 etconsentientes
2029 3867 2108 3920 eis

477 3967 536 4016 te
548 3965 603 4015 et
623 3959 872 4032 reliquos
891 3959 1162 4015 infestent
1179 3959 1492 4032 episcopos,
1517 3964 1576 4014 et
1595 3958 1884 4031 episcopos
1893 3959 2109 4030 aliquos

479 4053 986 4124 comprovinciales
1033 4053 1104 4107 ad
1151 4058 1418 4124 vestram,
1456 4053 1891 4108 infamationem
1939 4058 2108 4124 atque

480 4077 986 4124 ευωμιυνιιιυιωεδ
1033 4077 1104 4107 au
1155 4077 1397 4108 γεδυ-ειω
1457 4077 1891 4108 ιωωιιᾱιιυυθω
1939 4077 2107 4124 atque

480 4147 905 4203 damnationem
925 4163 1112 4201 secum
1132 4077 1746 4314 trahantijuapropter
1756 4146 1812 4201 in
1829 4147 1934 4201 hac
1947 4162 2107 4201 sanc-

480 4245 538 4294 ta
557 4242 689 4296 sede
711 4240 928 4295 dudum
945 4257 978 4294 a
993 4240 1184 4295 multis
1197 4241 1346 4312 episc
1426 4241 1471 4295 is
1498 4240 1869 4296 constitutum
1891 4243 2032 4308 erat,
2054 4243 2107 4294 et

479 4245 538 4294 ta
557 4242 689 4296 sede
711 4240 928 4295 dudum
945 4257 978 4294 a
993 4240 1184 4295 multis
1197 4240 1471 4312 episcopis
1498 4240 1869 4296 constitutum
1891 4243 2032 4308 erat,
2054 4243 2112 4294 et

483 4333 660 4389 modo
684 4334 756 4388 ad
769 4337 1019 4388 vestrum
1035 4339 1091 4389 et
1105 4338 1447 4389 caeterorum
1481 4334 1720 4390 fratrum
1738 4334 2016 4389 auxilium
2027 4337 2111 4389 est

483 4428 672 4483 denuo
698 4429 1053 4496 roboratum,
1082 4433 1146 4484 ut
1173 4445 1372 4483 omnes
1403 4429 1652 4500 episcopi
1672 4429 1768 4500 qui
1797 4429 1854 4483 in
1881 4427 2111 4500 quibus-

484 4524 613 4578 dam
655 4523 1013 4594 gravioribus
1038 4523 1358 4594 pulsantur,
1387 4525 1472 4578 vel
1508 4523 1882 4578 criminantur
1907 4523 2107 4590 causis,

2206 3401 2498 3457 Psalmista
2509 3403 2639 3472 jure
2662 3401 2879 3456 dicam:
2909 3423 2935 3450 ‹‹
2953 3403 3012 3456 In
3036 3418 3128 3456 me
3147 3401 3497 3456 transierunt
3516 3401 3616 3455 irae
3636 3405 3768 3470 tum,
3784 3406 3841 3456 et

2206 3500 2453 3550 terrores
2467 3495 2548 3549 tui
2571 3495 3050 3550 conturbaverunt
3070 3511 3184 3548 me.
3213 3494 3838 3549 Circumdederuntme

2208 3589 2354 3643 sicut
2371 3605 2535 3660 aqua:
2555 3592 2677 3644 tota
2702 3589 2813 3654 die,
2837 3588 3341 3643 circumdederunt
3365 3604 3459 3642 me
3477 3587 3640 3642 simul
3668 3588 3836 3658 (Psal.

2208 3699 2441 3750 Lxxxvn,
2471 3687 2554 3751 t7,
2582 3684 2686 3752 t8).
2712 3681 3002 3738 »Coelestis
3023 3682 3206 3754 gratia
3222 3687 3278 3736 et
3303 3698 3405 3736 nos
3428 3681 3487 3734 in
3500 3681 3756 3748 urbibus,
3783 3684 3840 3735 et

2207 3793 2304 3830 vos
2333 3775 2546 3846 ubique
2577 3778 2855 3846 protegat,
2895 3774 3028 3846 quia
3058 3775 3325 3846 antiquus
3353 3774 3528 3829 hostis
3556 3779 3841 3829 terrarum

2207 3869 2342 3924 locis
2369 3887 2402 3922 a
2428 3869 2745 3923 tentatione
2775 3885 2889 3923 non
2911 3869 3247 3937 excluditur,
3267 3868 3397 3940 quia
3427 3869 3471 3922 si
3495 3869 3553 3922 in
3574 3868 3841 3938 paradiso

2209 3963 2502 4018 hominem
2529 3963 2742 4029 stravit,
2791 3962 2918 4034 quis
2961 3963 3118 4018 locus
3158 3965 3320 4017 extra
3360 3961 3686 4032 paradisum
3721 3977 3841 4017 esse

2208 4060 2391 4128 potest
2405 4056 2464 4109 in
2479 4073 2591 4126 quo
2608 4059 2832 4110 mentes
2843 4055 3142 4110 hominum
3161 4060 3458 4126 penetrare
3477 4071 3595 4109 non
3611 4055 3840 4110 valeat?

2208 4149 2438 4222 Antiqui
2467 4149 2621 4204 enim
2641 4148 2817 4203 hostis
2837 4150 2995 4220 cujus
3015 4149 3223 4204 invidia
3244 4165 3396 4203 mors
3413 4148 3736 4204 introivitin
3755 4165 3843 4204 or-

2208 4244 2340 4299 bem
2353 4243 2654 4313 terrarum)
2668 4246 2798 4296 sunt
2812 4259 3041 4313 semper
3053 4241 3199 4297 oculi
3212 4241 3406 4312 vigiles
3420 4242 3491 4296 ad
3505 4241 3729 4296 animas
3739 4242 3842 4297 ho-

2210 4337 2433 4392 minum
2449 4335 2890 4406 illaqueandum,
2907 4337 3232 4406 multosque
3245 4352 3348 4389 sua
3358 4335 3636 4406 pravitate
3649 4352 3842 4390 secum

2209 4431 2268 4485 in
2301 4429 2682 4500 perditionem
2726 4429 2954 4483 trahere
3001 4428 3155 4500 cupit
3200 4428 3297 4499 qui
3343 4431 3540 4499 suapte
3569 4428 3844 4483 malitiaa

2212 4523 2388 4593 gloria
2406 4522 2594 4592 lapsus
2607 4521 2760 4576 estin
2771 4521 3086 4576 miseriam.
3101 4523 3163 4575 In
3178 4522 3290 4575 sola
3303 4539 3440 4592 ergo
3451 4521 3731 4575 Creatoris
3744 4539 3845 4576 no-

451 4618 702 4691 ,quoties
734 4633 962 4673 necesse
987 4617 1176 4686 fuerit,
1206 4617 1382 4672 libere
1409 4617 1777 4688 apostolicam
1818 4617 2184 4692 appellentD
2208 4616 2309 4670 stri
2332 4615 2688 4687 protectione
2719 4614 3015 4669 fidendum
3054 4619 3158 4683 est,
3195 4614 3285 4668 cui
3322 4631 3390 4669 ex
3429 4614 3632 4669 intimo
3673 4615 3846 4670 corde

481 4711 697 4780 sedem,
720 4716 890 4783 atque
907 4711 977 4766 ad
999 4728 1122 4766 eam
1139 4712 1300 4784 quasi
1328 4711 1398 4766 ad
1416 4715 1658 4766 matrem
1679 4711 2030 4782 confugiant,
2051 4714 2114 4764 ut

481 4805 552 4858 ab
581 4822 668 4874 ea,
695 4805 838 4860 sicut
864 4822 1092 4877 semper
1112 4806 1238 4874 fuit,
1269 4806 1360 4876 pie
1385 4805 1712 4873 fulciantur,
1731 4805 2113 4860 defendantur

484 4902 540 4951 et
558 4896 892 4955 liberentur.
904 4900 1076 4971 Cujus
1092 4898 1452 4972 dispositioni
1467 4915 1666 4955 omnes
1677 4899 1922 4970 majores
1940 4899 2112 4953 eccle-

2213 4709 2520 4764 clamemus
2553 4726 2566 4764 ε
2598 4711 2728 4764 Esto
2758 4708 2901 4762 mihi
2928 4708 2989 4762 in
3031 4709 3209 4763 Deum
3252 4711 3651 4782 protectorem,
3699 4711 3757 4762 et
3783 4708 3846 4763 in

2210 4804 2399 4858 locum
2427 4803 2738 4869 munitum,
2766 4806 2827 4857 ut
2852 4803 3065 4856 salvum
3091 4818 3185 4857 me
3211 4802 3405 4856 facias.
3436 4802 3570 4856 Data
3597 4801 3841 4856 Kalend.

2211 4897 2564 4968 Septembris
2594 4896 2894 4952 Valeriano
2923 4899 2980 4951 et
3005 4895 3232 4952 Decimo
3259 4897 3326 4951 IV
3351 4913 3430 4951 cc.
3456 4896 3672 4951 consul.

1952 5020 2365 5035 *ᾑ-

1482 5123 1693 5193 ΙΤΕΜ
1760 5121 2181 5191 EPISTOLA
2249 5121 2479 5190 SIXTI
2542 5119 2826 5189 PAPzE.

554 5263 941 5320 Dilectissimis
957 5266 1226 5324 fratribus
1244 5288 1348 5344 per
1369 5271 1767 5344 Hispaniarum
1787 5268 2108 5341 provincias

480 5359 796 5414 constitutis
821 5361 1012 5418 SIXTUS
1038 5364 1335 5437 episcopus
1365 5366 1424 5420 in
1454 5364 1694 5420 Domino
1725 5363 1985 5418 salutem.

507 5461 520 5464 “
551 5454 756 5525 Magno
786 5471 1025 5512 munere
1054 5458 1460 5514 misericordia:
1499 5457 1595 5514 Dei
1638 5457 1811 5513 totius
1851 5456 2112 5512 Ecclesiae

481 5547 773 5603 catholicae
795 5551 1168 5622 multiplicata
1189 5556 1320 5607 sunt
1341 5551 1718 5622 gaudia,cum
1737 5551 2113 5608 Ecclesiarum

483 5646 659 5696 status
734 5658 800 5697 eo
847 5643 1003 5716 viget
1063 5645 1262 5701 ordine
1316 5661 1429 5715 quo
1488 5646 1740 5717 Apostoli
1799 5661 2112 5719 eorumque

482 5751 826 5793 successores
866 5737 1029 5793 illum
1079 5742 1424 5794 statuerunt.
1478 5740 1544 5795 Et
1588 5756 1720 5795 cum
1763 5740 1982 5814 antiqui
2008 5741 2111 5795 ho-

485 5829 584 5882 stis
613 5830 823 5886 astutia
856 5848 988 5886 eum
1025 5831 1242 5886 turbari
1287 5834 1704 5904 cognoscimus,
1753 5852 1866 5890 non
1889 5834 2111 5890 modico

485 5922 889 5978 contristamur
906 5940 1169 5980 maerore.
1191 5926 1369 5991 Quam
1391 5928 1460 5984 ob
1473 5945 1720 5995 causam,
1744 5929 1964 5996 fratres,
1985 5929 2115 5983 hor-

2213 5272 2402 5323 tamur
2446 5284 2560 5336 vos,
2605 5283 2911 5322 monemus
2954 5273 3012 5322 et
3054 5265 3402 5337 ﬂagitamus,
3449 5268 3513 5320 ut
3552 5281 3587 5318 a
3617 5262 3852 5318 tramite

2213 5362 2537 5435 apostolica:
2566 5359 2937 5416 institutionis
2967 5376 3335 5432 nequaquam
3362 5357 3659 5427 recedatis,
3688 5373 3795 5412 nec
3821 5375 3861 5413 a

2213 5457 2398 5528 capite
2411 5454 2851 5525 dissideatis,sed
2863 5454 3036 5510 fidem
3058 5458 3116 5509 et
3135 5453 3396 5509 ordinem
3415 5468 3589 5525 quem
3606 5453 3860 5523 apostoli

2215 5553 2274 5604 et
2286 5549 2583 5621 apostolici
2601 5549 2706 5603 viri
2721 5551 3040 5604 statuerunt
3057 5547 3269 5619 absque
3283 5546 3644 5602 hmsitatione
3661 5549 3864 5601 tenea-

2213 5644 2448 5700 tis.Nam
2463 5643 2508 5697 si
2521 5643 2798 5697 columna:
2810 5642 3046 5714 alicujus
3058 5658 3284 5713 magnae
3295 5641 3498 5705 domus
3509 5639 3860 5711 corruerint,

2213 5737 2336 5810 ipsa
2365 5739 2562 5808 postea
2579 5737 2782 5793 domus
2814 5736 3057 5791 minime
3080 5735 3264 5791 stabit.
3289 5734 3377 5791 Sic
3413 5737 3471 5788 et
3502 5750 3600 5788 vos
3624 5733 3725 5804 qui
3755 5749 3862 5788 co-

2213 5833 2431 5888 lumnae
2447 5831 2708 5887 Ecclesiae
2738 5831 2890 5900 estis,
2913 5830 2962 5886 si
2987 5829 3316 5886 labefactari
3335 5827 3636 5901 coeperitis,
3660 5829 3866 5883 sancta

2215 5925 2460 5983 Ecclesia
2479 5927 2619 5998 (qua:
2631 5941 2734 5998 per
2747 5942 2840 5981 vos
2853 5925 3089 5998 regitur)
3104 5925 3355 5982 tabescet
3367 5927 3423 5982 et
3436 5923 3657 5980 labetur
3668 5939 3685 5993 ς
3706 5922 3834 5978 haec
3847 5966 3863 5992 ,
