4058 6330
273 291 374 344 185

1509 288 1980 351 DECRETALIUM
2015 296 2403 354 COLLECTIO.

3529 309 3628 364 186

263 395 492 466 fratres,
524 411 650 469 quae
676 395 802 452 dico
820 397 982 453 valde
1003 397 1257 454 timenda
1278 402 1428 469 sunt,
1453 405 1512 456 et
1531 418 1756 456 summo
1773 419 1897 458 mo-
1920 415 1980 488 Α
1999 404 2131 459 rari.
2164 406 2190 460 J
2197 410 2319 460 usto
2347 404 2502 460 enim
2524 403 2741 476 judicio
2760 405 2858 461 Dei
2883 407 3048 462 datur
3070 405 3410 481 plerumque
3438 427 3633 482 pecca-

264 489 565 544 deramine
608 491 920 562 pensanda,
967 495 1138 564 atque
1187 509 1260 547 ne
1285 491 1423 548 ﬁant
1463 495 1745 564 cavenda;
1776 496 1900 567 ipsa

264 582 422 637 enim
436 584 648 638 Veritas
663 601 766 656 per
779 601 840 640 se
859 584 1032 640 dixit:
1055 606 1082 636 «
1102 586 1212 641 Vos
1228 587 1360 641 estis
1378 587 1458 641 sal
1475 593 1660 643 terrae.
1675 588 1835 653 Quod
1853 589 1900 642 si

265 676 350 729 sal
373 677 765 744 evanuerit,in
786 659 1180 750 quosalietur?
1213 679 1428 750 (Matth.
1456 697 1509 750 v,
1534 682 1615 752 13)
1640 686 1747 737 etc.
1769 682 1899 737 Ideo

259 784 378 836 vos,
411 771 748 838 charissimi,
770 788 997 840 moneo,
1021 772 1154 844 quia
1179 774 1338 828 vobis
1371 774 1594 830 debitor
1637 792 1785 843 sum,
1843 778 1900 830 et

261 863 427 917 valde
449 880 544 917 vos
566 863 762 935 diligo.
792 867 859 920 Et
875 866 1102 937 quando
1117 866 1271 921 bona
1289 867 1456 921 audio
1484 867 1554 922 de
1575 869 1751 938 vobis,
1774 885 1900 924 con-

263 957 529 1026 gratulor
548 957 702 1026 satis,
721 963 776 1013 et
797 961 1028 1014 econtra
1053 961 1278 1031 quando
1301 959 1555 1030 adversa,
1569 961 1738 1016 nimis
1758 979 1896 1018 con-

259 1049 485 1105 turbor.
507 1051 626 1122 Ego
663 1067 797 1107 vero
830 1053 1085 1124 quamvis
1116 1070 1150 1108 a
1199 1053 1354 1108 vobis
1393 1071 1500 1126 per
1526 1056 1697 1127 longa
1725 1061 1900 1111 terra-

260 1159 392 1196 rum
419 1144 716 1199 intervalla
743 1145 1057 1216 disjunctus
1103 1147 1229 1214 sim,
1266 1164 1394 1202 sum
1419 1151 1620 1203 tamen
1660 1150 1898 1205 omnino

258 1235 560 1292 vobiscum
598 1239 768 1294 corde
793 1240 1148 1311 conjunctus.
1172 1241 1422 1313 Ideoque
1447 1242 1515 1296 de
1541 1247 1727 1297 vestra
1753 1243 1896 1298 bea-

258 1329 511 1385 titudine
542 1348 680 1404 erga
704 1349 797 1387 me
827 1333 1012 1388 modis
1042 1334 1307 1388 omnibus
1336 1336 1579 1404 conﬁdo,
1615 1336 1745 1407 quia
1768 1353 1898 1392 cum

259 1439 356 1477 me
383 1423 631 1479 vicissim
653 1425 886 1497 diligitis
911 1443 944 1481 a
971 1443 1066 1481 me
1093 1428 1267 1499 longe
1293 1445 1406 1483 non
1428 1429 1580 1497 estis,
1602 1430 1755 1485 unde
1777 1447 1895 1484 ma-

260 1516 348 1586 gis
372 1518 582 1588 gratias
606 1519 904 1574 referimus
924 1520 1004 1574 illi
1023 1537 1202 1593 grano
1231 1522 1444 1594 sinapis
1467 1523 1616 1594 quod
1638 1540 1707 1578 ex
1719 1524 1899 1579 modi-

260 1609 311 1663 ci
338 1609 812 1684 despicabilisque
839 1613 1070 1668 seminis
1099 1615 1308 1686 specie,
1331 1615 1412 1670 ita
1429 1617 1601 1670 ramis
1614 1633 1682 1671 ex
1699 1617 1897 1672 eadem

257 1702 453 1759 radice
486 1706 849 1776 surgentibus
892 1711 1061 1778 atque
1102 1725 1160 1763 se
1211 1708 1660 1764 distendentibus
1693 1727 1896 1782 usque-

2001 498 2216 552 toribus
2256 502 2507 570 potestas
2543 515 2656 570 qua
2699 503 2924 554 sanctos
2968 500 3147 574 ipsius
3193 507 3630 577 persequantur,

2000 594 2063 644 ut
2112 592 2210 662 qui
2251 591 2465 662 Spiritu
2504 591 2599 646 Dei
2629 592 2902 664 juvantur
2947 596 3004 649 et
3048 599 3298 666 aguntur
3338 595 3479 650 fiant
3529 613 3633 668 per

1998 683 2257 739 laborum
2314 685 2580 739 exercitia
2626 685 2906 741 clariores.
2970 687 3054 741 llli
3112 690 3303 742 tamen
3364 690 3464 760 qui
3524 691 3634 745 hoc

2001 780 2181 848 agunt
2207 778 2531 832 nullatenus
2561 779 2802 834 evadant
2841 796 3089 850 paenam,
3127 781 3281 853 quia,
3313 785 3379 836 ut
3411 783 3490 836 ait
3514 783 3630 838 Do-

1998 871 2190 924 minus
2224 887 2236 924 :
2266 889 2294 922 «
2319 872 2412 925 Vae
2442 871 2523 924 illi
2546 887 2648 942 per
2674 887 2846 942 quem
2874 873 3203 928 scandalum
3231 874 3388 928 venit
3407 875 3626 946 (Matth.

1997 979 2150 1031 xvm,
2182 964 2256 1042 7).
2288 984 2316 1013 ››
2349 965 2416 1018 Et
2441 980 2769 1036 quanquam
2783 965 2948 1036 juxta
2969 966 3269 1022 Salvatoris
3289 968 3632 1024 sententiam

1996 1073 2226 1112 necesse
2255 1057 2328 1112 sit
2355 1057 2546 1112 venire
2576 1059 2857 1128 scandala,
2885 1076 2968 1114 vae
2993 1063 3182 1115 tamen
3207 1077 3310 1132 per
3329 1077 3500 1132 quem
3531 1079 3627 1117 ve-

1998 1150 2185 1205 niunt.
2217 1152 2294 1206 De
2337 1151 2569 1206 occultis
2602 1151 2753 1205 enim
2792 1152 2972 1207 cordis
3015 1153 3186 1208 alieni
3222 1157 3438 1209 temere
3471 1155 3627 1225 judi-

1997 1255 2123 1294 care
2153 1245 2454 1311 peccatum
2475 1245 2577 1306 est,
2608 1245 2666 1295 et
2691 1256 2823 1294 eum
2847 1241 3006 1310 cujus
3033 1258 3148 1296 non
3169 1241 3434 1298 videntur
3453 1260 3628 1315 opera

1995 1332 2106 1387 nisi
2131 1333 2298 1403 bona,
2330 1333 2590 1405 iniquum
2621 1337 2706 1388 est
2748 1350 2817 1388 ex
2851 1334 3167 1403 suspicione
3207 1337 3626 1407 reprehendere

1997 1443 2130 1482 cum
2183 1444 2386 1482 eorum
2439 1444 2568 1499 quae
2638 1427 2858 1482 homini
2920 1430 3053 1482 sunt
3120 1427 3424 1500 incognita,
3473 1431 3628 1486 solus

1995 1521 2144 1576 Deus
2185 1521 2365 1591 judex
2417 1521 2490 1575 sit
2531 1522 2738 1592 justus,
2801 1521 2898 1592 qui
2953 1521 3239 1593 inspector
3299 1527 3384 1578 est
3437 1539 3623 1580 verus.

1994 1615 2150 1669 Unde
2198 1615 2469 1686 scriptum
2514 1619 2599 1670 est
2629 1631 2642 1669 :
2671 1616 2889 1670 Incerta
2937 1631 3053 1670 non
3093 1615 3418 1685 judicemus
3441 1616 3628 1688 quoad

1998 1706 2124 1780 43
2150 1724 2333 1779 usque
2363 1708 2553 1763 veniat
2585 1709 2854 1763 Dominus
2879 1709 2977 1780 qui
3025 1708 3366 1764 illuminabit
3392 1709 3629 1766 abscon-

259 1811 489 1868 quaque
520 1798 791 1854 diffusum
839 1803 940 1870 est,
965 1799 1105 1855 utin
1143 1801 1224 1856 eis
1259 1802 1504 1857 volatilia
1541 1803 1666 1858 coeli
1700 1807 1898 1858 cuncta
1918 1788 1972 1860 B
1998 1801 2116 1856 dita
2141 1802 2536 1870 tenebrarum,
2582 1807 2640 1856 et
2682 1801 3070 1857 manifestabit
3111 1788 3350 1857 consilia
3372 1803 3628 1859 cordium

257 1889 572 1946 nidificent.
617 1892 917 1964 Gratiaque
964 1894 1035 1948 sit
1078 1895 1363 1951 fermento
1397 1896 1476 1950 illi
1522 1897 1671 1968 quod
1717 1897 1896 1952 tribus

254 1982 462 2039 farinae
483 1985 617 2039 satis
642 1986 818 2041 totius
838 1987 1074 2042 humani
1091 1988 1311 2060 generis
1333 2006 1580 2044 massam
1600 1990 1659 2044 in
1679 1991 1898 2046 unitate

218 2126 224 2127 ,
257 2077 588 2149 conspersit,
603 2083 774 2151 atque
801 2097 972 2152 parvo
999 2081 1177 2152 lapidi
1197 2082 1296 2154 qui
1327 2083 1602 2138 abscissus
1629 2084 1699 2138 de
1728 2099 1893 2139 mon-

257 2177 315 2226 te
343 2172 466 2226 sine
500 2173 783 2242 manibus,
820 2175 1115 2246 occupavit
1155 2176 1476 2232 universam
1512 2177 1718 2232 faciem
1746 2177 1896 2233 orbis

256 2269 426 2320 terrae
460 2282 474 2320 :
507 2266 606 2337 qui
633 2267 703 2321 ad
730 2267 839 2322 hoc
866 2271 1130 2323 naturam
1160 2273 1369 2324 nostrae
1403 2271 1605 2339 carnis,
1637 2276 1694 2326 et
1719 2273 1896 2327 status

256 2359 474 2413 servilis
495 2358 742 2414 formam
787 2377 1103 2430 assumens,
1153 2363 1446 2419 humiliter
1484 2381 1894 2436 usquequaque

256 2451 553 2520 distendit,
583 2457 648 2508 ut
671 2454 828 2509 omni
861 2456 1118 2511 humano
1167 2473 1376 2528 genere
1407 2457 1466 2512 in
1506 2458 1784 2513 unitatem
1811 2475 1897 2514 re-

257 2550 446 2618 dacto,
469 2551 637 2608 totius
660 2569 866 2624 corpus
898 2555 1121 2609 unitum
1159 2555 1459 2627 perﬁceret
1495 2556 1776 2625 Ecclesiae,
1808 2559 1891 2611 at-

258 2659 371 2715 que
400 2644 480 2699 ita
508 2644 582 2699 ad
606 2645 778 2701 totius
807 2646 1160 2718 compaginis
1186 2649 1500 2718 pertineret
1528 2649 1895 2705 commodum

255 2738 651 2793 membrorum
689 2739 945 2810 partialis
971 2740 1080 2796 ista
1107 2741 1418 2798 distinctio.
1442 2743 1597 2798 Unde
1624 2759 1726 2798 nos
1751 2760 1892 2815 quo-

256 2847 371 2903 que
397 2848 429 2886 a
453 2831 611 2887 vobis
635 2833 806 2905 longe
833 2851 947 2888 non
961 2851 1176 2905 sumus,
1199 2836 1336 2907 quia
1354 2835 1414 2891 in
1438 2835 1534 2891 illo
1556 2837 1652 2908 qui
1678 2837 1894 2909 ubique

256 2929 344 2979 est
366 2942 551 2980 unum
580 2943 792 2982 sumus.
824 2931 1070 2998 Agamus
1119 2945 1256 3000 ergo
1283 2929 1333 2985 ei
1376 2931 1581 3002 gratias
1606 2930 1707 3002 qui
1737 2931 1892 2985 solu-

254 3017 329 3072 tis
365 3019 677 3075 inimicitiis
717 3020 775 3075 in
825 3037 994 3076 carne
1025 3039 1124 3077 sua
1149 3065 1162 3092 ,
1209 3021 1343 3078 fecit
1375 3027 1440 3078 ut
1481 3023 1539 3078 in
1579 3023 1734 3078 omni
1760 3024 1923 3106 orbe.

256 3113 538 3166 terrarum
571 3129 718 3168 unus
764 3119 908 3169 esset
950 3131 1105 3186 grex,
1145 3119 1201 3170 et
1237 3132 1416 3170 unum
1457 3117 1597 3172 ovile
1627 3117 1731 3171 sub
1774 3133 1892 3172 uno

253 3209 502 3276 pastore,
522 3222 750 3279 semper
763 3224 1044 3264 memores
1059 3210 1213 3281 quod
1231 3226 1326 3264 vos
1345 3209 1600 3264 veritatis
1611 3209 1890 3266 Praedica-

253 3302 350 3354 tor
367 3299 692 3368 admoneat,
708 3301 898 3357 dicens
915 3319 930 3357 :
949 3323 977 3355 «
1002 3304 1245 3359 Sollicite
1265 3309 1479 3360 servate
1496 3303 1771 3359 unitatem
1787 3304 1895 3376 spi-

251 3392 397 3447 ritus
418 3393 479 3447 in
505 3393 734 3450 vinculo
769 3396 922 3467 pacis
947 3396 1160 3467 (Ephes.
1189 3414 1263 3465 Iv,
1284 3398 1356 3468 3);
1382 3417 1410 3449 ι)
1432 3398 1720 3452 vinculum
1739 3397 1893 3452 enim

250 3487 410 3559 pacis
441 3504 610 3543 nemo
646 3495 834 3545 servat
877 3491 1016 3546 dum
1058 3491 1234 3546 alium
1270 3491 1521 3562 infestat,
1560 3495 1657 3546 aut
1683 3491 1889 3560 verbis,

254 3583 358 3635 aut
389 3581 547 3636 factis
570 3571 1010 3663 persequitur]

328 3673 482 3743 Ideo,
509 3675 734 3746 fratres,
763 3677 872 3731 ista
898 3678 1273 3749 praetulimus,
1299 3679 1433 3751 quia
1457 3677 1776 3734 audivimus
1800 3679 1890 3733 in-

251 3766 344 3817 ter
370 3778 470 3817 vos
516 3765 899 3822 accusationes
944 3769 1209 3838 exerceri,
1256 3770 1313 3824 et
1355 3769 1547 3840 pulsos
1589 3785 1623 3823 a
1663 3767 1893 3823 sedibus

253 3856 575 3929 episcOpos,
607 3861 708 3913 aut
736 3859 850 3913 suis
887 3859 1058 3915 rebus
1087 3861 1427 3934 exspoliatos
1449 3861 1713 3933 judicari.
1738 3861 1891 3925 Qua-

252 3952 496 4022 prOpter
537 3955 815 4008 statutum
845 3958 948 4024 est,
978 3959 1045 4009 ut
1081 3954 1127 4008 si
1174 3955 1301 4027 quis
1347 3959 1540 4010 contra
1565 3954 1892 4028 episcopum

251 4043 342 4098 vel
393 4048 616 4100 actores
661 4045 920 4101 Ecclesiae
972 4064 1031 4102 se
1092 4049 1390 4121 prOprium
1444 4048 1749 4104 crediderit
1792 4049 1890 4103 ha-

251 4136 389 4192 bere
415 4138 735 4210 negotium,
763 4156 878 4195 non
897 4141 1056 4213 prius
1081 4142 1246 4199 adeat
1270 4143 1492 4213 judices
1510 4155 1685 4214 quam
1706 4142 1776 4196 ad
1796 4159 1893 4197 eos

252 4237 514 4287 recurrat
543 4232 830 4288 charitatis
855 4235 1041 4290 studio
1064 4239 1126 4291 ut
1145 4235 1412 4292 familiari
1435 4235 1714 4307 colloquio
1736 4252 1889 4291 com-

252 4325 481 4393 moniti,
500 4341 566 4380 ea
579 4343 780 4382 sanare
795 4328 1060 4398 debeant,
1081 4345 1209 4401 quae
1221 4330 1279 4384 in
1291 4330 1706 4402 querimoniam
1719 4329 1894 4384 dedu-

255 4423 485 4474 cuntur.
512 4419 677 4483 Quod
709 4419 754 4474 si
786 4421 950 4476 aliter
977 4421 1159 4494 egerit
1185 4424 1587 4478 communione
1617 4422 1888 4495 privetur.

1913 3153 1968 3228 C

1997 1894 2046 1964 (Ι
2071 1897 2191 1953 Cor.
2213 1912 2287 1964 1v,
2321 1895 2393 1968 5.)
2425 1897 2492 1950 Et
2521 1895 2772 1966 quamvis
2801 1912 2936 1950 vera
2964 1895 3096 1963 sint,
3142 1913 3258 1951 non
3285 1899 3477 1952 tamen
3503 1913 3625 1952 cre-

1999 1987 2188 2042 denda
2229 1993 2378 2055 sunt,
2411 1989 2522 2043 nisi
2567 1988 2731 2043 certis
2768 1988 2990 2044 indiciis
3027 1989 3491 2062 comprobentur,
3519 1989 3632 2046 nisi

1998 2097 2128 2153 quae
2147 2082 2444 2137 manifesto
2468 2081 2685 2154 judicio
2715 2081 3148 2151 convincuntur,
3177 2083 3286 2138 nisi
3318 2100 3445 2155 quae
3470 2083 3627 2154 judi-

1996 2174 2166 2229 ciario
2192 2176 2388 2230 ordine
2436 2176 2822 2248 publicantur.
2882 2176 3077 2230 Nullus
3129 2192 3264 2247 ergo
3312 2179 3502 2248 potest
3554 2193 3627 2232 ex

1996 2269 2248 2324 humano
2271 2269 2640 2324 condemnari
2657 2269 2921 2324 examine
2939 2285 3112 2341 quem
3132 2271 3281 2324 Deus
3300 2286 3400 2324 suo
3407 2269 3624 2340 judicio

1995 2362 2319 2418 reservavit.
2352 2364 2480 2418 Haec
2502 2363 2695 2418 omnia
2720 2379 3082 2435 summOpere
3104 2367 3236 2418 sunt
3261 2363 3626 2435 praecavenda

1996 2472 2068 2510 ne
2087 2461 2530 2528 praesumptores
2551 2473 2670 2512 esse
2688 2457 2998 2512 videamur.
3026 2459 3092 2512 Et
3114 2459 3394 2512 accusatio
3415 2457 3628 2528 episco-

1995 2565 2201 2620 porum
2229 2566 2343 2604 non
2374 2552 2459 2604 est
2498 2549 2660 2605 facile
2697 2549 3042 2621 recipienda,
3089 2549 3311 2606 dicente
3334 2550 3574 2605 Domino
3605 2566 3619 2605 :

1998 2659 2026 2693 (ί
2057 2643 2179 2697 Non
2210 2642 2476 2714 suscipias
2511 2659 2706 2698 vocem
2745 2643 3028 2698 mendacii
3067 2643 3258 2712 (Exod.
3295 2659 3448 2713 mu,
3485 2645 3556 2715 l).
3590 2661 3619 2694 »

1994 2736 2062 2790 Et
2075 2737 2376 2807 Apostolus
2395 2735 2582 2807 inquit
2603 2736 2869 2791 adversus
2888 2735 3284 2808 presbyterum
3306 2735 3622 2808 inscriptio-

1993 2844 2129 2883 nem
2152 2845 2270 2884 non
2290 2828 2681 2900 recipiendam
2711 2830 2923 2902 absque
2945 2828 3167 2884 duobus
3192 2829 3281 2884 vel
3307 2829 3484 2884 tribus
3502 2829 3622 2884 ido-

1993 2922 2115 2977 neis
2143 2922 2398 2978 testibus.
2426 2922 2486 2978 Si
2514 2923 2634 2978 haec
2675 2922 2746 2978 de
2773 2922 3114 2995 presbyteris
3141 2924 3229 2978 vel
3261 2923 3478 2978 caeteris
3492 2923 3630 2978 fide-

1993 3015 2141 3071 libus
2167 3020 2300 3072 sunt
2327 3016 2716 3089 praecavenda,
2751 3021 2964 3088 quanto
2992 3017 3178 3088 magis
3203 3017 3271 3071 de
3297 3015 3572 3088 episcopis
3597 3017 3625 3071 ?

1991 3109 2208 3174 Quibus
2227 3109 2484 3181 cognitis,
2509 3109 2689 3181 magis
2707 3125 2806 3164 vos
2822 3111 3084 3165 damnari
3099 3109 3240 3165 velle
3259 3109 3624 3166 manifestum

1993 3208 2078 3258 est
2109 3220 2283 3274 quam
2333 3204 2625 3258 consulere
2685 3204 2976 3271 fratribus,
3025 3209 3122 3259 aut
3165 3209 3474 3260 sustentare
3507 3220 3623 3275 eos,

1994 3296 2125 3368 quia
2144 3297 2330 3352 honor
2353 3297 2516 3351 inﬂat
2539 3297 2885 3369 superbiam,
2907 3301 2964 3351 et
2984 3296 3139 3368 quod
3158 3298 3447 3368 provisum
3458 3296 3623 3353 estad

1996 3391 2357 3446 concordiam
2375 3391 2556 3446 tendit
2576 3391 2648 3445 ad
2667 3408 2894 3446 noxam.
2910 3392 3189 3446 Decuerat
3202 3408 3452 3463 namque
3461 3393 3628 3463 juxta

1994 3485 2261 3555 praefatas
2289 3485 2535 3555 regulas,
2554 3479 2621 3539 ut
2650 3485 2694 3538 si
2719 3484 2935 3555 aliquid
2965 3484 3214 3556 egissent
3242 3492 3439 3541 contra
3458 3502 3626 3564 suum

1993 3577 2254 3631 ordinem
2302 3577 2574 3632 mandare
2603 3577 2784 3644 nobis,
2817 3580 2876 3631 et
2914 3581 3240 3649 exspectare
3267 3579 3403 3649 quid
3429 3579 3498 3633 ad
3530 3596 3622 3633 ve.

1992 3672 2110 3725 stra
2139 3670 2396 3725 consulta
2435 3670 2894 3737 rescriberemus,
2945 3671 3228 3725 intantum
3266 3673 3329 3724 ut
3369 3669 3415 3724 si
3450 3671 3626 3726 etiam

1995 3763 2266 3836 quidquid
2281 3780 2447 3835 grave
2470 3762 3006 3834 intolerandumque
3028 3764 3467 3831 committerent,
3489 3780 3622 3818 nos-

1993 3861 2081 3912 tra
2113 3858 2536 3929 praestolaretur
2572 3873 2829 3927 censura,
2851 3861 2917 3912 ut
2943 3857 3086 3912 nihil
3106 3858 3262 3929 prius
3289 3861 3388 3912 aut
3407 3857 3625 3930 aliquid

1993 3951 2144 4007 aliud
2174 3951 2555 4007 decerneretis
2575 3967 2744 4023 quam
2764 3951 2916 4024 quod
2932 3951 3096 4007 nobis
3107 3953 3326 4024 placere
3345 3967 3624 4024 cognove-

1991 4045 2117 4100 ritis
2147 4050 2202 4101 et
2227 4063 2257 4100 a
2285 4045 2499 4116 regulis
2519 4045 2848 4114 praestitutis
2871 4047 3026 4101 nulla
3050 4052 3148 4100 aut
3165 4045 3513 4118 negligentia
3531 4051 3629 4103 aut

1993 4139 2436 4211 praesumptione
2466 4139 2826 4194 recederetis.
2859 4140 3050 4195 Cesset
3067 4140 3399 4211 hujusmodi
3434 4155 3626 4211 pressa

1997 4221 2189 4288 nostra
2215 4233 2552 4288 auctoritate
2608 4234 2996 4305 praesumptio,
3024 4235 3273 4289 vitentur
3298 4232 3629 4306 hujusmodi

1992 4331 2354 4394 Documenta,
2371 4326 2506 4398 quia
2518 4343 2880 4399 nequaquam
2898 4327 3034 4382 talia
3045 4327 3332 4399 patienter
3341 4328 3485 4382 ferre
3496 4343 3628 4404 pos-

1993 4437 2189 4475 sumus
2204 4420 2686 4487 machinamenta,
2702 4409 2972 4492 quoniam
2990 4421 3255 4477 convenit
3267 4420 3433 4476 nobis
3444 4425 3632 4492 pater.

252 4509 434 4566 Nemo
459 4512 792 4583 pontiﬁcum
821 4513 1087 4587 deinceps
1122 4516 1376 4588 aliquem
1412 4517 1741 4589 episcopum
1774 4515 1890 4570 suis
1907 4524 1967 4597 D
1989 4530 2196 4569 narum
2222 4514 2581 4569 sanctionum
2619 4514 2921 4586 diligentes
2965 4532 3084 4570 esse
3124 4515 3399 4570 custodes.
3429 4513 3626 4570 Merito

255 4605 635 4678 exspoliatum
652 4607 839 4676 rebus,
855 4614 954 4663 aut
965 4625 1000 4664 a
1009 4610 1138 4665 sede
1155 4611 1383 4681 pulsum
1395 4610 1887 4666 excommunicare

256 4701 355 4754 aut
363 4699 627 4770 judicare
649 4705 976 4772 praesumat,
999 4703 1129 4775 quia
1145 4721 1261 4760 non
1290 4709 1373 4760 est
1391 4703 1754 4778 privilegium
1775 4720 1887 4776 quo

255 4792 553 4865 exspoliari
582 4795 761 4866 possit
780 4796 901 4867 jam
927 4798 1188 4852 nudatus.
1218 4798 1412 4853 Nullus
1435 4797 1724 4870 episcopus
1750 4798 1885 4853 alte-

255 4887 369 4942 rius
379 4904 525 4959 paro
531 4887 795 4944 chianum
807 4905 1051 4961 praesum
1057 4895 1115 4946 at
1127 4891 1371 4949 retinere
1382 4895 1480 4947 aut
1489 4891 1751 4947 ordinare
1769 4891 1892 4947 abs-

255 4997 364 5053 que
390 4981 516 5052 ejus
542 4982 830 5039 voluntate
849 4984 934 5039 vel
948 4984 1227 5056 judicare,
1256 4986 1388 5058 quia
1420 4985 1563 5041 sicut
1582 4985 1743 5040 irrita
1768 4985 1890 5056 ejus

255 5072 364 5130 erit
388 5074 700 5144 ordinatio,
728 5075 806 5131 ita
832 5081 889 5132 et
914 5078 1265 5151 dijudicatio,
1295 5080 1565 5152 quoniam
1599 5095 1891 5135 censemus

254 5167 479 5224 nullum
496 5169 733 5226 alterius
743 5170 971 5242 judicis,
992 5171 1100 5228 nisi
1111 5173 1217 5242 sui,
1234 5173 1513 5229 sententia
1527 5173 1731 5229 teneri.
1747 5174 1890 5228 Nam

257 5262 358 5334 qui
382 5279 519 5320 eum
535 5263 803 5320 ordinare
830 5281 949 5320 non
978 5268 1180 5337 potuit,
1201 5284 1308 5323 nec
1328 5268 1585 5340 judicare
1612 5267 1891 5323 ullatenus

255 5357 486 5429 poterit.
521 5358 630 5413 Ista
659 5358 815 5414 enim
839 5359 998 5414 vobis
1022 5359 1289 5433 deinceps
1316 5362 1582 5432 tenenda,
1613 5366 1669 5418 et
1689 5361 1892 5417 fratres

256 5450 499 5506 vicissim
513 5451 781 5524 adjuvare
792 5469 924 5509 man
931 5453 1152 5511 damus.
1166 5456 1388 5512 Fratres
1408 5473 1543 5512 vero
1565 5472 1704 5528 quos
1717 5455 1858 5510 timo
1867 5486 1890 5496 -

256 5549 560 5601 reterreno
576 5546 788 5617 injuste
809 5547 1141 5618 damnastis,
1159 5549 1355 5605 scitote
1375 5566 1408 5604 a
1423 5549 1587 5605 nobis
1599 5549 1751 5622 juste
1771 5565 1892 5604 esse

258 5637 565 5694 restitutos.
582 5640 798 5705 Quibus
811 5658 881 5698 ex
897 5643 1227 5699 auctoritate
1241 5643 1415 5699 sancti
1428 5643 1582 5698 Petri
1594 5648 1651 5698 et
1667 5646 1891 5716 aposto-

256 5727 362 5788 lica
376 5733 709 5790 auctoritate
729 5736 925 5792 omnia
937 5753 1066 5809 quae
1089 5737 1170 5792 eis
1184 5737 1368 5792 ablata
1383 5741 1514 5793 sunt
1529 5737 1896 5810 integerrime

257 5823 423 5882 reddi
465 5827 851 5900 praecipimus,
899 5831 1094 5887 sinon
1138 5831 1304 5886 vultis
1343 5847 1463 5900 vos,
1512 5835 1570 5887 et
1611 5830 1896 5903 principes

256 5919 436 5977 vestri
458 5935 492 5976 a
521 5921 760 6000 collegio
797 5927 991 5982 nostro
1037 5928 1094 5983 et
1135 5925 1407 5983 membris
1447 5924 1706 5982 Ecclesiae
1735 5939 1893 5998 sepa-

1987 4624 2241 4679 namque
2263 4624 2432 4663 causa
2447 4625 2550 4662 nos
2569 4608 2796 4679 respicit
2811 4609 2853 4662 si
2875 4608 3100 4664 silentio
3118 4608 3402 4663 faveamus
3423 4607 3623 4663 errori.

1988 4705 2083 4758 Est
2099 4701 2591 4773 insuperasanctis
2610 4701 3121 4773 praedecessoribus
3146 4702 3350 4756 nostris
3375 4700 3628 4771 plerum-

1990 4812 2100 4868 que
2121 4796 2245 4867 jam
2274 4797 2569 4864 statutum,
2597 4798 2664 4848 ut
2689 4809 2858 4849 nemo
2887 4795 3193 4849 anathema
3219 4794 3278 4848 in
3304 4796 3501 4849 nostra
3525 4811 3624 4850 su-

1989 4889 2258 4961 scipiatur
2282 4888 2660 4958 accusatione,
2689 4904 2793 4944 nec
2819 4886 2897 4942 illi
2928 4887 3027 4960 qui
3061 4903 3165 4942 nos
3197 4887 3259 4942 in
3301 4904 3402 4943 sua
3423 4887 3626 4945 nolunt

1987 4984 2243 5056 recipere
2284 4983 2516 5057 querela
2563 4983 2650 5038 vel
2693 4982 3067 5047 accusatione,
3115 4967 3246 5036 cum
3290 4999 3396 5038 nos
3452 4997 3625 5055 super

1989 5077 2116 5133 illos
2130 5078 2392 5150 Isciamus
2417 5094 2452 5132 a
2479 5077 2718 5133 Domino
2749 5075 3103 5145 constitutos,
3149 5093 3266 5132 non
3299 5076 3426 5132 illos
3451 5091 3626 5150 super

1989 5127 2113 5133 ---η
2145 5127 2389 5134 _-______
2421 5127 2451 5132 _
2479 5127 2714 5133 _-____-
2755 5127 3103 5145 --_-____--_,
3151 5127 3266 5132 _-_
3299 5127 3423 5132 ἠ--
3451 5127 3613 5150 ηπ--

1988 5127 2214 5322 nos.LEt
2241 5173 2384 5228 sicut
2412 5172 2594 5244 major
2641 5188 2761 5226 non
2806 5174 2989 5242 potest
3030 5187 3064 5226 a
3105 5170 3326 5227 minore
3355 5171 3624 5243 judicari,

1993 5265 2070 5320 ita
2090 5282 2130 5320 n
2167 5283 2196 5321 c
2215 5265 2490 5322 colligari.
2512 5265 2647 5322 quia
2666 5281 2862 5320 rarum
2875 5268 2960 5320 est
2972 5281 3141 5321 omne
3151 5265 3306 5322 quod
3319 5281 3623 5322 magnum.

1993 5265 2070 5320 ita
2090 5265 2196 5322 n'ec
2215 5265 2490 5337 colligari,
2512 5265 2647 5337 quia
2666 5281 2862 5320 rarum
2875 5268 2960 5320 est
2972 5281 3141 5321 omne
3151 5265 3306 5338 quod
3319 5281 3623 5339 magnum,

1993 5365 2098 5415 est.
2118 5347 2413 5416 Portemus
2433 5375 2606 5414 onera
2628 5358 2887 5414 omnium
2902 5359 2999 5432 qui
3020 5361 3352 5432 gravantur,
3366 5359 3624 5433 quinimo

1992 5453 2115 5508 haec
2145 5456 2335 5526 portat
2367 5453 2426 5507 in
2455 5452 2620 5508 nobis
2646 5453 2846 5509 beatus
2886 5454 3178 5526 apostolus
3210 5455 3430 5524 Petrus,
3465 5453 3624 5527 cujus

1991 5547 2111 5602 vice
2126 5546 2423 5618 fungimur
2439 5546 2740 5624 legatione,
2764 5552 2822 5602 et
2841 5548 3000 5620 cujus
3019 5549 3218 5620 regula
3240 5549 3624 5604 informamur

1993 5647 2278 5713 quatenus
2304 5641 2427 5713 ejus
2473 5640 2601 5697 fulti
2627 5641 2838 5696 auxilio
2889 5641 2960 5697 ab
2982 5643 3248 5698 omnibus
3290 5657 3439 5696 nunc
3473 5645 3529 5697 et
3560 5641 3620 5698 in

1993 5738 2334 5807 perpetuum
2365 5735 2923 5797 tueamuradversis.
2957 5737 3114 5792 Data.
3142 5751 3255 5790 xxu
3280 5734 3472 5789 Kalen.
3500 5737 3618 5794 Au-

1997 5829 2168 5903 gusti,
2198 5829 2495 5887 Valeriano
2523 5833 2582 5888 et
2603 5829 2769 5888 Decio
2798 5831 2862 5886 IV
2889 5846 2970 5888 cc.
2996 5829 3207 5886 consul.
