4058 6302
459 261 557 315 187

1337 253 1620 310 ΑΡΡΕΝΙ).
1661 253 1750 308 AD
1790 251 1950 308 SIEC.
1994 252 2081 307 1X.
2113 279 2182 291 —
2220 249 2468 308 lSlDORl
2505 249 2934 308 MERCATORIS

1017 524 1593 620 INCIPIUNT
1677 525 2133 617 DECRET.

2189 590 2204 616 ι
2289 522 2806 618 DIONYSII
2896 521 3265 614 ΡΑΡλίΕ.

1305 685 1486 755 (Anno
1514 684 1742 739 Domini
1772 687 1896 752 266,
1922 688 2181 755 tempore
2208 682 2447 753 Claudii,
2481 687 2546 738 ut
2570 682 2705 737 dicit
2728 680 2970 737 Platina.

526 904 823 959 DIONYSIUS
850 902 1142 972 episcopus
1162 901 1382 954 ΗΒΕΑΝο
1409 898 1675 969 prafecto
1697 898 1955 953 salutem.

529 997 832 1052 Summum
849 995 1062 1048 bonum
1077 995 1161 1048 est
1171 1008 1362 1047 amare
1378 996 1636 1046 amantes
1655 1008 1734 1046 se.
1751 993 1816 1046 Et
1836 994 2083 1059 econtra,

455 1090 546 1162 pej
557 1107 619 1144 us
645 1090 854 1144 malum
868 1103 986 1143 non
998 1093 1083 1142 est
1106 1103 1282 1158 quam
1301 1090 1367 1140 ut
1385 1085 1532 1140 cives
1551 1084 2084 1140 civibusinvideant.

453 1182 668 1238 Gratias
701 1180 981 1252 siquidem
1020 1179 1246 1250 agimus
1287 1182 1398 1233 tua
1435 1177 1693 1232 charitati
1719 1177 1871 1250 quod
1895 1178 2088 1232 ﬁdeles

453 1275 632 1329 sancti
659 1274 809 1329 Petri
831 1274 978 1328 bene
1021 1271 1256 1342 suscipis
1294 1275 1352 1325 et
1391 1272 1643 1342 adjuvas,
1689 1273 1840 1326 unde
1869 1271 2008 1326 scias
2031 1274 2087 1325 te

449 1372 506 1422 et
534 1385 568 1422 a
597 1366 762 1422 nobis
802 1365 1126 1436 nostrisque
1152 1364 1337 1436 diligi,
1381 1369 1436 1419 et
1481 1365 1563 1418 tui
1594 1367 1941 1436 tuorumque
1969 1380 2085 1419 non

451 1460 748 1516 modicum
767 1475 959 1514 curam
975 1458 1208 1513 habere.
1239 1457 1596 1529 Quapropter
1614 1462 1769 1512 tuam
1791 1458 2088 1512 hortamur

451 1554 832 1622 dilectionem,
853 1557 926 1606 .ut
949 1552 1162 1606 bonum
1184 1551 1336 1622 quod
1363 1550 1580 1622 coepisti
1606 1567 1831 1621 semper
1851 1549 2087 1622 implere

445 1662 567 1705 non
594 1645 840 1712 differas,
883 1644 1018 1717 quia
1059 1660 1175 1698 non
1203 1644 1470 1698 laudatur
1514 1643 1762 1713 initium,
1808 1643 1906 1698 sed
1937 1643 2082 1697 ﬁnis.

453 1738 809 1810 Sapientiam
834 1739 1004 1792 etiam
1032 1742 1089 1793 te
1116 1738 1415 1792 hortamur
1447 1736 1703 1807 diligere,
1744 1739 1801 1790 et
1822 1737 2079 1802 scrutari,

454 1836 518 1886 ut
541 1831 950 1887 rationabiliter
979 1836 1038 1885 et
1077 1830 1365 1902 sapienter
1408 1829 1668 1900 disponas
1691 1835 1746 1885 et
1764 1830 1987 1900 judices
2016 1846 2084 1883 ea

453 1942 583 1997 qua
598 1924 701 1980 tibi
720 1924 1025 1979 commissa
1042 1926 1192 1991 sunt,
1217 1923 1436 1978 dicente
1463 1923 1705 1978 Domino
1725 1939 1828 1994 per
1847 1922 2088 1994 prophe-

452 2024 594 2074 tam.
621 2037 648 2070 «
671 2017 990 2072 Erudimini
1012 2017 1110 2088 qui
1124 2016 1392 2088 judicatis
1412 2021 1620 2072 terram
1650 2017 1817 2086 (Psal.
1842 2033 1900 2086 ιι,
1929 2017 2031 2085 10).
2058 2037 2084 2064 ››

455 2112 615 2166 Time
646 2127 784 2182 ergo
827 2111 1008 2165 Deum
1054 2115 1110 2165 et
1150 2110 1419 2164 mandata
1453 2110 1574 2180 ejus
1600 2126 1780 2179 serva,
1836 2113 1892 2164 et
1915 2109 2087 2179 dilige

458 2221 591 2259 eum
635 2204 767 2259 totis
815 2203 1141 2273 visceribus,
1189 2208 1245 2257 et
1272 2203 1596 2274 proximum
1640 2207 1803 2256 tuum
1843 2202 1983 2256 sicut
2012 2206 2090 2255 te-

453 2299 663 2369 ipsum.
694 2298 843 2352 Deus
871 2297 1177 2352 altissimus
1220 2296 1432 2351 creavit
1469 2296 1809 2367 sapientiam
1834 2295 1892 2349 in
1918 2294 2089 2366 Spiri-
2107 2275 2165 2348 B

455 2393 520 2444 tu
546 2393 758 2445 sancto.
788 2392 854 2444 Et
878 2389 1018 2444 vidit
1047 2393 1105 2443 et
1143 2389 1236 2444 din
1248 2389 1524 2443 umeravit
1552 2391 1608 2443 et
1641 2405 1870 2443 mensus
1903 2392 2006 2455 est,
2034 2391 2091 2443 et

460 2483 660 2539 effudit
686 2483 837 2538 illam
863 2499 1038 2555 super
1057 2482 1246 2536 omnia
1273 2499 1449 2554 opera
1465 2499 1584 2549 sua,
1613 2487 1669 2537 et
1682 2498 2089 2553 superomnem

455 2593 704 2632 carnem.
737 2577 1063 2632 Secundum
1089 2575 1290 2631 datum
1323 2592 1488 2630 suum
1514 2575 1758 2647 prabuit
1786 2575 1939 2630 illam
1967 2575 2087 2630 dili-

457 2671 724 2743 gentibus
770 2686 848 2726 se.
896 2670 1089 2724 Timor
1139 2669 1360 2723 Domini
1404 2669 1587 2740 gloria
1626 2673 1682 2723 et
1722 2669 2002 2740 gloriatio,
2035 2672 2091 2722 et

451 2764 670 2831 laetitia,
705 2767 763 2818 et
801 2745 1015 2818 corona
1056 2761 1465 2817 exsultationis.
1506 2761 1694 2816 Timor
1724 2761 1949 2816 Domini
1987 2762 2087 2816 de-

456 2856 690 2914 lectabit
715 2871 832 2922 cor,
863 2861 919 2910 et
945 2855 1100 2910 dabit
1123 2854 1379 2909 latitiam
1407 2857 1465 2909 et
1507 2855 1779 2925 gaudium
1819 2855 1877 2909 in
1903 2854 2087 2926 longi-

458 2949 659 3004 tudine
680 2948 926 3003 dierum.
961 2947 1202 3003 Timenti
1231 2949 1410 3002 Deum
1429 2947 1575 3002 bene
1594 2947 1772 3002 eritin
1800 2948 2087 3020 extremis,

459 3048 517 3098 et
543 3044 601 3097 in
629 3043 718 3097 die
745 3041 1128 3096 defunctionis
1166 3057 1280 3095 sua
1324 3041 1714 3109 benedicetur,
1748 3041 1967 3096 dilectio
1991 3041 2090 3096 Dei
2145 3046 2156 3061 ‘

461 3135 810 3192 honorabilis
855 3135 1146 3206 sapientia.
1195 3133 1408 3198 Quibus
1448 3139 1638 3190 autem
1681 3135 2009 3206 apparuerit
2031 3135 2089 3189 in

459 3231 587 3285 visu
614 3228 861 3301 diligunt
907 3244 1040 3284 eum
1087 3228 1146 3284 in
1189 3227 1418 3298 visione,
1466 3229 1606 3283 etin
1651 3229 1944 3299 agnitione
1969 3245 2088 3283 ma-

461 3322 721 3396 gnalium
749 3338 1002 3378 suorum.
1043 3320 1274 3378 Initium
1307 3321 1596 3394 sapientia
1632 3322 1802 3376 timor
1844 3321 2088 3378 Domini.

459 3419 528 3475 Et
553 3434 682 3473 cum
722 3416 982 3471 ﬁdelibus
1027 3416 1086 3470 in
1122 3417 1286 3470 vulva
1329 3420 1660 3471 concreatus
1709 3420 1812 3485 est,
1859 3419 1916 3471 et
1961 3432 2092 3470 cum

461 3512 651 3586 electis
675 3509 902 3565 feminis
923 3509 1199 3580 graditur,
1224 3515 1281 3565 et
1301 3526 1428 3564 cum
1443 3509 1613 3579 justis
1629 3509 1889 3565 ﬁdelibus
1911 3526 2090 3581 agno-

460 3605 653 3660 scitur.
684 3605 876 3659 Timor
905 3603 1130 3658 Domini
1172 3603 1421 3659 scientia
1463 3603 1820 3674 religiositas,
1861 3603 2090 3675 religio-

459 3699 594 3755 sitas
620 3697 901 3753 custodiet
920 3702 975 3751 et
986 3697 1321 3768 justificabit
1337 3691 1452 3764 cor,
1473 3696 1907 3768 jucundidatem
1921 3701 2090 3768 atque

464 3791 738 3864 gaudium
759 3789 931 3845 dabit.
955 3789 1196 3844 Timenti
1219 3791 1392 3844 Deum
1417 3789 1563 3844 bene
1585 3789 1710 3844 erit.
1735 3790 1804 3843 Et
1820 3790 1878 3843 in
1898 3789 2094 3844 diebus

462 3883 966 3940 consummationis
992 3883 1141 3937 illius
1158 3882 1547 3938 benedicetur.
1565 3881 1860 3937 Plenitudo
1875 3883 2094 3954 sapien-

463 3977 556 4033 tia
585 3981 670 4031 est
691 3975 892 4032 timere
918 3977 1119 4043 Deum,
1149 3979 1204 4030 et
1231 3974 1532 4047 plenitudo
1556 3990 1588 4027 a
1620 3974 1894 4029 fructibus
1917 3975 2089 4030 illius.

459 4071 702 4127 Omnem
743 4069 976 4124 domum
1017 4069 1167 4124 illius
1222 4069 1476 4140 implevit
1525 4085 1558 4122 a
1605 4069 2091 4141 generationibus,

461 4169 518 4220 et
537 4165 889 4235 receptacula
919 4181 953 4217 a
1002 4162 1281 4218 thesauris
1333 4161 1499 4217 illius.
1545 4163 1764 4217 Corona
1801 4163 2093 4234 sapientia

459 4258 631 4314 timor
656 4257 903 4328 Domini,
931 4257 1157 4329 replens
1185 4273 1385 4329 pacem
1423 4261 1479 4312 et
1509 4256 1704 4311 salutis
1737 4256 2005 4327 fructum,
2037 4261 2094 4314 et

459 4350 605 4407 vidit
630 4355 688 4408 et
710 4350 1091 4407 dinumeravit
1116 4367 1265 4406 eam.
1292 4353 1537 4423 Utraque
1564 4353 1753 4405 autem
1790 4355 1923 4407 sunt
1947 4351 2094 4408 dona

2114 3648 2168 3723 C

2111 912 2170 982 Α
2189 897 2266 951 ris
2293 895 2588 968 sapientia
2618 894 2960 967 signiﬁcatio
3003 893 3335 966 disciplina,
3377 893 3687 949 exsecratio
3714 910 3820 948 au-

2190 995 2305 1046 tem
2333 989 2614 1062 peccatori
2640 989 2861 1044 cultura
2876 987 2990 1042 Dei.
3015 988 3138 1054 Fili,
3170 987 3575 1060 concupiscens
3602 987 3825 1058 sapien-

2186 1083 2348 1151 tiam,
2393 1099 2664 1138 conserva
2699 1081 3001 1153 justitiam,
3053 1085 3110 1135 et
3149 1082 3295 1136 Deus
3337 1080 3614 1152 prabebit
3663 1080 3824 1134 illam

2187 1176 2311 1232 tibi.
2339 1176 2626 1248 Sapientia
2659 1175 2814 1230 enim
2857 1177 2914 1228 et
2940 1174 3238 1244 disciplina
3269 1175 3443 1229 timor
3469 1173 3718 1229 Domini.
3753 1174 3826 1227 Et

2188 1269 2341 1341 quod
2361 1269 2786 1341 beneplacitum
2821 1273 2904 1323 est
2929 1267 3028 1338 illi,
3063 1267 3202 1322 ﬁdes
3243 1271 3300 1322 et
3337 1266 3736 1335 mansuetudo,
3766 1271 3827 1322 et

2186 1363 2522 1434 adimplebit
2545 1363 2842 1417 thesauros
2873 1362 3015 1432 ejus.
3044 1363 3356 1417 Contumax
3390 1378 3510 1416 non
3540 1361 3612 1416 sis
3647 1366 3706 1415 et
3728 1361 3822 1414 in-

2187 1461 2466 1516 credibilis
2507 1461 2699 1515 timori
2745 1460 2991 1526 Domini,
3020 1464 3076 1514 et
3120 1476 3191 1515 ne
3221 1459 3518 1516 accesseris
3569 1459 3641 1515 ad
3688 1476 3827 1515 eum

2188 1554 2396 1626 duplici
2420 1553 2608 1608 corde.
2643 1554 2721 1608 Ne
2753 1553 2932 1608 fueris
2961 1553 3256 1624 hypocrita
3292 1553 3351 1606 in
3377 1557 3680 1624 conspectu
3711 1553 3824 1606 ho-

2186 1647 2429 1718 minum,
2453 1651 2512 1702 et
2538 1663 2653 1701 non
2679 1646 3067 1702 scandalizeris
3107 1645 3266 1700 labiis
3305 1646 3436 1700 tuis.
3479 1647 3716 1701 Attende
3760 1646 3825 1700 in

2186 1740 2292 1795 illis
2317 1757 2388 1796 ne
2416 1740 2560 1795 forte
2592 1740 2776 1807 cadas,
2805 1745 2861 1794 et
2879 1756 3059 1811 ponas
3086 1739 3417 1794 scandalum
3445 1739 3653 1794 anima
3681 1742 3823 1802 tua,

2187 1838 2243 1888 et
2284 1833 2534 1888 adducas
2578 1833 3077 1902 iphonorationem
3121 1832 3261 1902 tibi,
3310 1835 3368 1887 et
3412 1833 3627 1888 revelet
3672 1834 3827 1887 Deus

2188 1927 2466 1981 absconsa
2493 1925 2746 1995 tua.\Pro
2777 1926 2887 1980 ﬁde
2911 1926 3086 1980 frater
3111 1928 3168 1980 et
3179 1925 3405 1995 justitia
3423 1943 3487 1980 ac
3514 1943 3616 1997 pro
3636 1927 3826 1980 salute

2188 2020 2393 2075 anima
2424 2023 2536 2074 tua
2573 2023 2728 2074 certa
2754 2035 3000 2091 semper,
3035 2024 3093 2074 et
3123 2035 3226 2090 pro
3267 2019 3549 2090 adjutorio
3575 2020 3826 2074 fratrum

2186 2113 2424 2169 viriliter
2451 2130 2579 2184 age,
2612 2118 2729 2168 uta
2755 2113 2994 2168 Domino
3022 2112 3261 2184 recipias
3276 2114 3822 2169 remunerationem.

2189 2206 2474 2278 Scriptum
2503 2209 2589 2261 est
2614 2205 2768 2260 enim
2795 2222 2808 2260 :
2847 2227 2874 2255 ‹‹
2908 2205 3028 2275 Fili,
3061 2221 3330 2260 conserva
3353 2211 3602 2278 tempus,
3637 2210 3696 2260 et
3721 2207 3822 2262 de-

2188 2299 2302 2354 vita
2324 2316 2357 2354 a
2375 2299 2545 2367 malo,
2563 2315 2668 2370 pro
2685 2298 2877 2353 anima
2899 2303 2994 2353 tua
3014 2315 3130 2353 non
3149 2298 3513 2354 confundaris
3535 2299 3722 2354 dicere
3734 2316 3828 2356 ve-

2165 2409 2317 2448 rum
2342 2393 2522 2462 (Eccli.
2545 2409 2620 2459 ιν,
2644 2395 2731 2460 23,
2754 2393 2859 2463 24).
2894 2413 2921 2441 ››
2952 2394 3046 2448 Est
3072 2392 3226 2447 enim
3246 2393 3501 2448 confusio
3535 2393 3826 2448 adducens

2189 2492 2507 2557 peccatum,
2539 2491 2596 2541 et
2626 2490 2710 2540 est
2735 2485 2988 2540 confusio
3015 2486 3298 2541 adducens
3323 2486 3566 2557 gloriam
3597 2492 3653 2541 et
3688 2503 3822 2558 gra-

2190 2579 2345 2634 tiam.
2375 2581 2454 2634 Ne
2484 2579 2727 2651 accipias
2749 2579 2954 2634 faciem
2982 2579 3249 2634 adversus
3274 2579 3478 2634 faciem
3507 2585 3688 2648 tuam,
3715 2596 3825 2635 nec

2189 2673 2454 2728 adversus
2492 2674 2740 2727 animam
2766 2678 2926 2728 tuam
2951 2673 3330 2728 mendacium.
3361 2674 3481 2728 Non
3514 2674 3826 2728 reverearis

2189 2767 2514 2838 proximum
2530 2769 2696 2821 tuum
2717 2767 2777 2821 in
2799 2783 2930 2821 casu
2956 2783 3077 2836 suo,
3103 2784 3208 2821 nec
3233 2766 3482 2823 retineas
3499 2767 3737 2822 verbum
3760 2767 3825 2822 in

2190 2863 2446 2931 tempore
2481 2860 2693 2914 salutis.
2727 2861 2847 2914 Non
2877 2860 3180 2916 abscondas
3209 2860 3547 2931 sapientiam
3575 2865 3736 2915 tuam
3761 2861 3824 2914 in

2191 2953 2398 3007 decore
2427 2953 2570 3024 ejus.
2601 2956 2662 3009 1n
2690 2953 2890 3025 lingua
2916 2953 3069 3008 enim
3096 2953 3424 3026 agnoscitur
3442 2953 3736 3025 sapientia,
3767 2959 3827 3009 et

2190 3062 2406 3114 sensus,
2437 3051 2493 3100 et
2523 3046 2776 3114 scientia,
2805 3053 2862 3102 et
2889 3047 3150 3102 doctrina
3173 3047 3233 3101 in
3261 3047 3444 3101 verbis
3468 3047 3736 3115 veritatis,
3766 3050 3826 3102 et

2191 3139 2616 3194 firmamentum
2644 3139 2704 3194 in
2735 3140 3004 3211 operibus
3020 3140 3276 3211 justitia.
3311 3141 3434 3194 Non
3464 3141 3824 3195 contradicas

2191 3232 2414 3288 veritati
2437 3234 2555 3288 ullo
2578 3233 2768 3303 modo,
2802 3237 2860 3287 et
2892 3233 2960 3289 de
2989 3234 3282 3289 mendacio
3303 3233 3694 3289 ineruditionis
3710 3240 3826 3290 tua

2191 3325 2554 3381 confundere.
2584 3327 2708 3380 Non
2735 3327 3098 3382 confundaris
3137 3326 3392 3382 conﬁteri
3432 3332 3663 3397 peccata
3705 3331 3822 3397 tua,

2193 3423 2248 3474 et
2272 3435 2344 3475 ne
2372 3419 2635 3490 subjicias
2654 3423 2709 3474 te
2734 3420 2955 3475 homini
2981 3437 3085 3492 pro
3121 3423 3370 3492 peccato.
3411 3420 3534 3474 Noli
3559 3421 3824 3476 resistere

2193 3517 2396 3583 contra
2418 3512 2619 3567 faciem
2666 3513 2928 3583 potentis,
2984 3530 3088 3568 nec
3133 3514 3352 3568 coneris
3401 3517 3598 3568 contra
3645 3513 3826 3568 ictum

2192 3577 2496 3688 ﬂuviiJPro
2516 3606 2739 3677 justitia
2761 3607 3062 3677 agonizare
3086 3623 3189 3678 pro
3209 3607 3399 3661 anima
3427 3613 3544 3676 tua,
3566 3611 3623 3661 et
3641 3624 3825 3679 usque

2195 3699 2266 3753 ad
2292 3702 2534 3754 mortem
2579 3702 2732 3753 certa
2768 3717 2871 3770 pro
2916 3699 3153 3770 justitia,
3195 3705 3254 3754 et
3292 3701 3435 3754 Deus
3471 3701 3829 3772 expugnabit

2193 3809 2296 3864 pro
2323 3797 2381 3848 te
2407 3792 2667 3848 inimicos
2680 3795 2827 3864 tuos,
2857 3795 2916 3847 et
2938 3809 3030 3848 eos
3051 3797 3265 3848 evertet
3279 3794 3532 3862 viriliter,
3546 3793 3666 3848 noli
3685 3795 3825 3850 cita-

2192 3889 2283 3940 tus
2313 3902 2432 3942 esse
2458 3887 2518 3941 in
2543 3886 2738 3958 lingua
2760 3890 2856 3941 tua
2877 3891 2932 3942 et
2957 3886 3174 3941 inutilis
3199 3890 3255 3942 et
3274 3887 3540 3942 remissus
3553 3887 3612 3942 in
3635 3888 3825 3958 operi-

2191 3978 2301 4035 bus
2312 3980 2443 4035 tuis.
2458 3979 2583 4034 Noli
2596 3997 2713 4035 esse
2726 3980 2872 4035 sicut
2882 3981 2969 4034 leo
2982 3981 3040 4035 in
3057 3981 3225 4036 domo
3238 3984 3618 4050 tua,evertens
3629 3981 3764 4036 dom
3772 3999 3829 4035 e-

2194 4073 2358 4129 sticos
2379 4077 2503 4129 tuos
2525 4077 2583 4128 et
2604 4074 2931 4145 opprimens
2951 4073 3070 4146 subj
3080 4077 3233 4130 ectos
3252 4074 3374 4129 tibi.
3393 4076 3516 4129 Non
3540 4075 3611 4129 sit
3625 4091 3828 4147 porre-

2194 4170 2281 4221 cta
2298 4184 2500 4222 manus
2521 4172 2619 4222 tua
2643 4167 2716 4221 ad
2737 4167 3126 4238 accipiendum
3142 4177 3198 4223 et
3215 4168 3287 4222 ad
3306 4169 3556 4224 dandum
3570 4169 3827 4226 collecta.

2194 4261 2377 4331 (Ιὸἰαυ
2396 4265 2463 4316 25
2479 4261 2704 4332 etseqq.)
2720 4261 2814 4316 His
2843 4261 3019 4316 fultus
3039 4261 3453 4333 Scripturarum
3471 4263 3827 4320 auctoritati-

2191 4353 2299 4408 bus
2328 4370 2578 4425 semper,
2610 4358 2695 4409 sta
2719 4359 2905 4411 rectus
2925 4360 2980 4410 et
3007 4372 3039 4410 a
3062 4355 3150 4409 via
3167 4356 3420 4412 veritatis
3437 4372 3508 4411 ne
3531 4357 3827 4427 avertaris,

458 4445 579 4516 Dei,
633 4444 868 4500 scientia
910 4449 968 4500 et
1006 4444 1338 4500 intellectus.
1371 4443 1653 4516 Sapientia
1690 4444 2094 4516 compartietur
2191 4451 2257 4502 ut
2284 4448 2528 4519 gratiam
2556 4448 2655 4502 Dei
2683 4465 2910 4520 semper
2934 4449 3208 4520 acquiras,
3237 4453 3294 4504 et
3323 4449 3604 4505 bonorum
3632 4450 3827 4506 homi-

450 4539 780 4616 prudentia
814 4544 870 4595 et
915 4537 1156 4610 gloriam
1196 4537 1516 4594 tenentium
1553 4553 1611 4594 se
1655 4538 1882 4594 exaltat.
1916 4539 2092 4594 Radix
2192 4557 2332 4596 num
2349 4541 2607 4596 amicitia
2625 4558 2853 4614 semper
2872 4542 3094 4610 fruaris,
3113 4545 3387 4616 tantoque
3409 4543 3828 4601 tuafaciliusab

456 4633 750 4706 sapientia
767 4636 852 4690 est
870 4631 1076 4688 timere
1099 4633 1300 4700 Deum,
1317 4631 1463 4687 rami
1480 4631 1634 4687 enim
1656 4632 1808 4687 illius
1823 4632 2089 4704 longaevi,
2197 4651 2394 4690 amore
2405 4635 2575 4706 hujus
2591 4637 2780 4691 saculi
2797 4653 2961 4691 mens
2990 4643 3173 4707 exeat,
3202 4643 3417 4709 quanto
3437 4642 3494 4693 et
3514 4638 3832 4709 impellitur

455 4729 518 4789 in
544 4727 830 4784 thesauris
843 4726 1158 4800 sapientia,
1174 4726 1493 4781 intellectus
1506 4725 1841 4796 etscientia,
1855 4725 2089 4797 religio-
2194 4729 2331 4784 dum
2352 4732 2602 4785 vocatur.
2625 4732 2766 4785 Nam
2785 4748 2880 4785 vos
2892 4735 2947 4786 et
2963 4735 3268 4803 prasentes
3287 4731 3480 4786 videre
3493 4732 3755 4804 cupimus
3771 4736 3833 4789 et

459 4822 614 4890 sitas,
639 4821 947 4877 exsecratio
965 4823 1160 4876 autem
1180 4819 1569 4890 peccatoribus
1581 4819 1877 4891 sapientia.
1899 4819 2094 4874 Timor
2191 4822 2519 4878 absentibus
2547 4823 2788 4894 colloqui
2829 4824 3027 4879 saltem
3074 4841 3179 4896 per
3217 4825 3511 4896 epistolam
3543 4825 3832 4882 desidera-

457 4913 687 4970 Domini
706 4915 951 4985 repellet
978 4917 1293 4985 peccatum,
1321 4929 1456 4967 nam
1489 4912 1587 4985 qui
1621 4913 1742 4968 sine
1778 4912 1982 4968 timore
2009 4917 2095 4967 est
2191 4932 2338 4972 mus.
2365 4917 2524 4972 Unde
2558 4922 2822 4988 optamus
2857 4923 2919 4973 ut
2955 4935 3054 4973 vos
3081 4918 3277 4974 beatus
3311 4921 3508 4974 Petrus
3543 4920 3830 4991 apostolo-

460 5024 579 5063 non
603 5006 811 5078 poterit
831 5005 1150 5077 justiﬁcari.
1198 5007 1490 5061 Iracundia
1529 5005 1684 5061 enim
1722 5005 2092 5060 animositatis
2109 5016 2170 5090 D
2192 5025 2322 5064 rum
2350 5010 2613 5082 princeps
2641 5010 2714 5064 ad
2743 5027 2843 5065 sua
2868 5011 3070 5066 limina
3097 5011 3335 5068 feliciter
3362 5013 3655 5084 perducat,
3682 5030 3837 5086 qua-‘

459 5101 612 5156 illius
641 5099 928 5155 subversio
958 5098 1110 5153 illius
1140 5102 1242 5152 est.
1284 5100 1471 5172 Usque
1513 5099 1574 5154 in
1604 5104 1828 5170 tempus
1854 5099 2094 5156 sustine-
2195 5106 2360 5158 tenus
2381 5104 2440 5157 in
2463 5104 2876 5175 omnipotentis
2895 5105 3072 5177 gratia
3090 5106 3309 5177 perfrui
3334 5111 3519 5162 vestra
3540 5107 3830 5180 poeniten-

459 5191 545 5248 bit
567 5193 810 5266 patiens,
863 5197 920 5248 et
966 5196 1164 5264 postea
1206 5193 1443 5248 redditio
1480 5191 1870 5264 jucunditatis.
1907 5193 2094 5250 Bonus
2195 5196 2270 5251 tia
2292 5214 2636 5252 mereamur.
2668 5199 2806 5252 Data
2832 5215 2885 5252 ιν
2908 5200 3094 5254 Nonas
3123 5199 3411 5256 Februarii
3436 5201 3743 5258 Aureliano
3770 5208 3835 5260 et

458 5304 661 5345 sensus
683 5303 860 5360 usque
905 5285 978 5340 ad
1018 5289 1245 5358 tempus
1285 5286 1600 5343 abscondet
1634 5285 1806 5340 verba
1830 5285 2003 5356 illius,
2038 5291 2097 5343 et
2196 5290 2359 5347 Basso
2387 5293 2453 5348 ιν
2474 5309 2554 5347 cc.
2585 5291 2798 5348 consul.

457 5381 610 5440 labia
634 5381 950 5438 multorum
966 5379 1318 5436 enarrabunt
1337 5395 1567 5437 sensum
1589 5378 1761 5434 illius.
1791 5380 1852 5434 In
1872 5379 2095 5438 thesau~

973 5560 1396 5632 EPISTOLA
1441 5557 1820 5632 DIONYSII
1865 5562 2125 5633 PAP/E
2170 5567 2290 5633 AD
2336 5565 2751 5640 SEVERUM
2795 5567 3306 5641 EPISCOPUM.

525 5707 830 5762 DIONYSIUS
859 5703 1154 5776 episcopus
1183 5699 1396 5756 Savano
1425 5697 1689 5770 episcopo
1715 5699 1982 5757 salutem.
2188 5703 2575 5774 apostolorum
2599 5706 2856 5779 principe
2886 5707 3186 5776 ﬁduciam,
3205 5711 3267 5763 ut
3285 5707 3601 5764 habeamus
3629 5712 3826 5765 aucto-

525 5799 675 5862 Olim
696 5803 754 5857 et
777 5799 848 5858 ab
867 5798 1031 5856 initio
1053 5800 1270 5853 tantam
1292 5792 1654 5866 percepimus
1678 5810 1712 5849 a
1735 5793 1902 5852 beato
1922 5797 2089 5852 Petro
2188 5796 2419 5854 ritatem
2443 5799 2750 5858 universali
2786 5802 3047 5860 Ecclesia
3077 5802 3386 5858 auxiliante
3423 5802 3661 5872 Domino
3691 5803 3828 5864 sub-
