4058 6366
220 327 318 381 189

1479 316 1949 381 DECRETALIUM
1987 325 2373 383 COLLECTIO.

3478 336 3579 391 190

213 432 406 488 venire
431 435 490 486 et
513 430 792 503 quidquid
818 431 1047 486 noxium
1076 434 1163 486 est
1184 431 1516 487 auctoritate
1537 433 1843 503 apostolica
1864 446 1923 519 Α
1943 436 2137 488 tamen
2162 434 2268 506 ipsi
2294 434 2456 506 digni
2476 438 2533 489 et
2556 432 3081 506 irreprehensibiles
3108 438 3493 509 apparuerint,
3518 446 3576 497 et

213 526 499 596 corrigere
526 529 581 580 et
606 525 931 581 emendare.
956 526 1041 580 Ad
1068 526 1177 580 hoc
1208 525 1360 580 enim
1390 525 1594 580 divinae
1622 526 1844 597 dispen-

214 620 452 675 sationis
484 619 726 690 provisio
758 620 964 691 gradus
996 622 1053 674 et
1089 619 1335 675 diversos
1364 619 1658 674 constituit
1688 620 1844 673 ordi-

211 730 314 767 nes
357 729 479 768 esse
521 713 831 780 distinctos,
876 718 941 768 ut
989 712 1128 768 dum
1176 713 1555 768 reverentiam
1596 712 1845 768 minores

213 805 530 876 potioribus
549 806 903 873 exhiberent,
926 808 983 861 et
999 805 1246 876 potiores
1264 806 1579 860 minoribus
1599 805 1845 861 dilectio-

213 916 348 954 nem
369 898 786 970 impenderent,
800 916 912 953 una
929 899 1243 954 concordiae
1257 899 1419 955 ﬁeret
1440 916 1507 955 ex
1525 899 1843 954 diversitate

214 993 589 1061 contextio,et
608 998 758 1047 recte
774 992 1092 1048 ofﬁciorum
1113 992 1845 1064 generareturadministra-

213 1086 292 1140 tio
323 1086 702 1157 singulorum.
733 1087 924 1157 Neque
953 1086 1107 1142 enim
1133 1086 1466 1141 universitas
1494 1087 1602 1141 alia
1625 1091 1846 1158 poterat

210 1180 433 1235 ratione
454 1180 776 1247 subsistere,
797 1180 902 1234 nisi
925 1180 1249 1251 hujusmodi
1272 1197 1519 1252 magnus
1537 1197 1668 1235 eam
1691 1180 1845 1235 diffe-

211 1274 414 1328 rentiae
459 1274 598 1328 ordo
647 1277 915 1329 servaret.
962 1273 1108 1337 Quia
1148 1290 1281 1329 vero
1327 1277 1585 1329 creatura
1624 1275 1685 1328 in
1726 1291 1845 1329 una

212 1368 524 1438 eademque
537 1368 856 1439 aequalitate
872 1367 1177 1438 gubernari
1195 1368 1283 1422 vel
1298 1368 1482 1422 vivere
1503 1385 1616 1423 non
1633 1371 1839 1440 potest,

212 1461 531 1515 ccelestium
564 1460 896 1515 militiarum
937 1461 1226 1531 exemplar
1269 1477 1376 1515 nos
1420 1461 1667 1528 instruit,
1709 1461 1844 1532 quia

211 1554 349 1608 dum
391 1554 507 1609 sint
548 1554 757 1625 angeli,
803 1554 914 1609 sint
961 1555 1295 1625 archangeli
1334 1555 1515 1625 liquet
1553 1554 1684 1625 quia
1728 1571 1843 1609 non

213 1648 460 1718 aequales
494 1651 644 1714 sunt,
676 1648 774 1701 sed
804 1648 864 1701 in
898 1650 1176 1717 potestate
1203 1653 1259 1701 et
1286 1648 1486 1703 ordine
1516 1648 1662 1702 sicut
1695 1647 1844 1702 nosti

213 1741 404 1796 differt
426 1743 571 1796 alter
589 1742 658 1796 ab
684 1743 883 1797 altero.
906 1742 960 1798 Si
988 1760 1123 1814 ergo
1150 1745 1299 1799 inter
1324 1759 1420 1797 eos
1447 1740 1544 1813 qui
1573 1742 1695 1795 sine
1716 1758 1843 1811 pec-

1944 527 2079 581 actis
2108 528 2412 583 docuerint
2434 528 2675 600 publicis
2700 529 2857 583 omni
2882 547 2941 583 se
2967 546 3155 585 carere
3180 531 3499 603 suspicione
3520 538 3578 589 et

1943 621 2263 690 inimicitia,
2296 627 2352 676 et
2386 622 2949 693 irreprehensibilem
2985 623 3156 678 fidem
3193 626 3575 681 conversatio-

1943 731 2192 786 nemque
2230 714 2455 770 ducere.
2487 716 2715 771 Nemini
2751 716 2905 771 enim
2936 718 3005 772 de
3037 733 3095 773 se
3125 718 3380 773 confesso
3419 720 3576 774 credi

1943 812 2128 879 potest
2156 825 2325 878 super
2350 808 2567 865 crimen
2605 810 2876 879 alienum,
2908 811 3177 882 quoniam
3206 813 3392 867 omnis
3421 812 3572 884 ejus-

1945 917 2057 973 que
2109 900 2193 956 rei
2239 902 2512 956 confessio
2558 903 2871 973 periculosa
2914 909 3035 974 est,
3085 908 3142 960 et
3187 906 3411 961 admitti
3456 923 3574 961 non

1944 994 2132 1049 debet.
2158 994 2434 1050 Similiter
2454 996 2626 1050 alieni
2646 998 2853 1051 erroris
2873 998 3088 1053 socium
3111 1000 3200 1054 vel
3221 1016 3254 1053 a
3276 999 3362 1053 sui
3381 1000 3574 1055 volun«

1943 1087 2086 1143 tarie
2126 1088 2399 1159 propositi
2444 1089 2671 1144 tramite
2714 1091 3094 1160 recedentem,
3130 1097 3229 1146 aut
3265 1092 3432 1148 sacris
3473 1110 3575 1165 pa-

1945 1185 2098 1235 trum
2118 1182 2333 1252 regulis
2354 1187 2411 1236 et
2434 1182 2930 1237 constitutionibus
2947 1184 3388 1253 inobedientem,
3403 1187 3572 1241 susci-

1941 1291 2077 1346 pere
2128 1292 2241 1329 non
2286 1292 2613 1346 possumus,
2655 1293 2760 1330 nec
2806 1277 3108 1347 debemus,
3155 1295 3257 1333 nec
3298 1278 3572 1350 impetere

1942 1373 2095 1423 recte
2125 1369 2418 1424 credentes
2446 1370 2534 1423 vel
2572 1372 3164 1427 sanctorum/Patrum
3196 1373 3572 1427 sanctionibus

1944 1461 2400 1533 obtemperantes
2439 1464 2858 1534 permittimus,
2885 1461 3042 1534 [quia
3084 1463 3321 1518 infames
3368 1482 3569 1521 omnes

1944 1571 2065 1609 esse
2092 1572 2409 1625 censemus,
2443 1557 2541 1627 qui
2573 1574 2735 1612 suam
2771 1561 2870 1612 aut
2894 1557 3269 1612 Christianam
3301 1559 3569 1628 praevari-

1943 1653 2142 1703 cantur
2157 1650 2371 1721 legem,
2388 1653 2487 1704 aut
2498 1651 2868 1721 apostolicam
2882 1652 2972 1705 vel
2990 1651 3309 1721 regularem
3326 1650 3573 1708 libenter

1941 1747 2293 1814 postponunt
2318 1744 2735 1799 auctoritatem.
2766 1745 2893 1799 Haec
2922 1745 3131 1816 itaque,
3160 1744 3333 1799 frater
3364 1745 3573 1800 charis.

211 1838 338 1889 cato
367 1840 500 1889 sunt
526 1835 634 1889 ista
660 1839 881 1890 constat
909 1852 1028 1891 esse
1062 1836 1365 1905 distinctio,
1390 1835 1515 1907 quis
1542 1834 1842 1889 hominum
1861 1820 1917 1892 Β
1942 1835 2100 1903 sime,
2121 1853 2249 1907 quae
2270 1853 2373 1907 pro
2395 1837 2599 1892 affectu
2616 1838 2975 1893 sacerdotalis
2998 1837 3243 1892 nominis
3263 1840 3321 1891 et
3336 1838 3572 1894 honoris

207 1928 423 1982 abnuat
442 1928 573 1983 huic
593 1944 650 1983 se
667 1929 914 1983 libenter
934 1929 1290 2000 dispositioni
1315 1929 1646 1983 submittere
1661 1929 1688 1981 ?
1706 1928 1840 1982 Hinc

209 2021 423 2075 etenim
450 2037 563 2092 pax
586 2024 643 2076 et
662 2021 906 2083 charitas
926 2025 1125 2077 mutua
1144 2039 1202 2077 se
1224 2022 1341 2077 vice
1362 2022 1838 2092 complectuntur,

209 2119 269 2170 et
306 2118 501 2169 manet
532 2115 700 2169 ﬁrma
727 2115 1043 2171 concordia:
1073 2117 1129 2171 in
1165 2117 1386 2171 alterna
1415 2119 1471 2170 et
1498 2116 1607 2169 Deo
1639 2114 1843 2185 placita

1941 1929 2352 2000 impendimus,
2403 1931 2506 1985 tibi
2546 1931 2771 2002 tuisque
2809 1930 3046 1986 subditis
3085 1937 3142 1986 et
3188 1932 3453 1986 omnibus
3482 1938 3570 1988 te-

1941 2022 2134 2077 nenda
2179 2027 2237 2077 et
2274 2023 2394 2077 aliis
2431 2024 2753 2079 nuntianda
2798 2030 2967 2097 atque
3008 2025 3367 2097 praedicanda
3404 2041 3571 2080 man-

1943 2117 2171 2185 damus,
2219 2118 2426 2188 quibus
2473 2120 2530 2173 et
2573 2118 2752 2188 pietas
2795 2118 2869 2172 ad
2914 2118 3251 2185 utilitatem,
3292 2124 3349 2173 et
3390 2118 3463 2172 sit
3497 2119 3571 2173 ad

211 2207 517 2263 dilectione
534 2208 842 2264 sinceritas.
868 2209 1011 2274 Quia
1034 2210 1213 2281 igitur
1232 2209 1687 2280 unumquodque
1706 2214 1842 2263 tunc
1938 2210 2191 2265 fructum
2224 2211 2471 2266 dilectio.
2504 2212 2662 2266 Unde
2695 2211 3074 2283 objurgando,
3106 2211 3409 2280 hortando,
3441 2228 3569 2268 sua-

210 2302 509 2357 salubriter
547 2303 857 2374 completur
892 2303 1163 2373 ofﬁcium,
1210 2320 1340 2358 cum
1377 2302 1552 2357 fuerit
1591 2318 1736 2355 unus
1771 2301 1843 2356 ad

209 2412 384 2467 quem
415 2396 589 2467 possit
616 2412 908 2451 recurrere
937 2397 1294 2469 praepositus.
1322 2398 1401 2451 De
1432 2395 1680 2451 ecclesiis
1706 2411 1841 2466 ergo

207 2489 568 2561 parochianis
606 2490 756 2545 unde
797 2490 1164 2562 apostolicam
1201 2492 1390 2546 sedem
1421 2490 1712 2544 consulere
1742 2505 1838 2543 vo-

206 2583 387 2651 luisti,
430 2582 676 2655 qualiter
711 2582 823 2638 sint
859 2584 1240 2639 custodiendae
1280 2601 1384 2655 per
1417 2583 1842 2639 Cordubensem

208 2678 566 2748 provinciam
614 2694 679 2731 ac
722 2678 1038 2733 dividendae
1086 2678 1490 2746 sacerdotibus,
1540 2676 1683 2731 nihil
1729 2682 1842 2731 tua;

208 2771 475 2825 charitati
514 2771 717 2826 melius
764 2772 925 2825 nobis
967 2772 1193 2826 videtur
1234 2772 1520 2838 intimare,
1565 2787 1740 2842 quam
1782 2774 1845 2823 ut

209 2865 464 2937 sequaris
490 2865 645 2936 quod
668 2882 773 2920 nos
798 2865 858 2920 in
890 2866 1141 2921 Romana
1170 2865 1416 2920 Ecclesia
1442 2880 1627 2935 nuper
1658 2863 1843 2934 egisse

209 2960 590 3030 cognoscitur.
614 2959 885 3014 Ecclesias
904 2976 1040 3015 vero
1068 2960 1316 3030 singulas
1343 2958 1579 3030 singulis
1604 2958 1841 3029 presby-

208 3052 347 3106 teris
375 3052 658 3120 dedimus,
686 3052 977 3125 parochias
1002 3057 1059 3107 et
1086 3052 1410 3107 coemeteria
1429 3050 1508 3107 eis
1530 3050 1840 3120 divisimus,

210 3146 311 3200 sed
358 3146 664 3218 unicuique
696 3147 791 3217 jus
834 3146 1131 3219 proprium
1169 3147 1375 3201 habere
1404 3144 1723 3215 statuimus,
1765 3144 1843 3197 ita
1862 3188 1917 3263 Ο

210 3238 472 3263 ..ζ-ἱλιέ--ι
519 3246 579 3263 --Δ
618 3240 803 3263 ..--¹Ι⁴Ι---
850 3240 1071 3263 -IL-_1-__
1117 3239 1392 3263 _.-..--LIM
1433 3239 1704 3263 ...Α-...κεκρι-
1747 3242 1841 3263 Α..ι

210 3238 477 3294 videlicet
519 3246 583 3294 ut
618 3240 807 3295 nullus
848 3240 1074 3296 alterius
1115 3239 1395 3311 parochias
1433 3239 1707 3293 terminos
1745 3242 1843 3293 aut

200 3334 300 3405 jus
326 3333 575 3403 invadat,
604 3335 705 3389 sed
730 3336 1123 3407 unusquisque
1148 3333 1264 3389 suis
1299 3332 1562 3388 terminis
1597 3332 1669 3386 sit
1703 3348 1838 3386 con-

209 3430 421 3495 tentus,
452 3432 506 3482 et
534 3427 720 3483 taliter
759 3428 1051 3483 ecclesiam
1090 3431 1148 3482 et
1182 3427 1411 3498 plebem
1438 3426 1543 3481 sibi
1573 3425 1839 3480 commis—

213 3538 337 3575 sam
386 3521 684 3592 custodiat,
729 3525 791 3575 ut
831 3527 963 3577 ante
1002 3521 1251 3577 tribunal
1294 3520 1496 3575 aeterni
1526 3519 1734 3590 judicis
1773 3535 1842 3574 ex

211 3615 476 3670 omnibus
504 3615 610 3670 sibi
634 3615 947 3671 commissis
973 3616 1253 3671 rationem
1283 3615 1482 3670 reddat
1512 3619 1569 3669 et
1608 3629 1721 3667 non
1741 3613 1839 3684 ju-

212 3709 445 3779 dicium,
477 3710 576 3764 sed
613 3710 853 3781 gloriam
882 3727 985 3781 pro
1016 3709 1131 3765 suis
1158 3709 1375 3763 actibus
1403 3706 1660 3778 accipiat.
1692 3708 1843 3761 Hanc

213 3820 443 3875 quoque
469 3819 753 3871 normam,
780 3803 1127 3872 charissime,
1156 3810 1212 3858 te
1237 3807 1293 3857 et
1328 3818 1527 3857 omnes
1555 3801 1844 3872 episc0pos

214 3897 373 3968 sequi
401 3898 684 3965 convenit,
714 3903 768 3952 et
792 3898 943 3969 quod
967 3897 1069 3953 tibi
1100 3897 1382 3966 scribitur,
1413 3895 1676 3950 omnibus
1713 3894 1841 3965 qui-

212 3990 548 4062 buscunque
576 3990 831 4063 potueris
858 3996 1061 4047 notum
1095 3990 1283 4058 facias,
1313 3993 1381 4044 ut
1417 4006 1535 4044 non
1569 3987 1841 4059 specialis,

214 4084 311 4139 sed
340 4084 621 4156 generalis
646 4085 747 4139 ﬁat
774 4084 879 4139 ista
909 4084 1233 4156 praeceptio.
1264 4083 1517 4140 Crimina
1546 4099 1676 4137 vero
1719 4097 1845 4153 quas

217 4178 495 4250 episcopis
531 4178 850 4251 impingere
886 4178 1042 4247 dicis,
1083 4195 1185 4250 per
1221 4178 1356 4232 alios
1392 4194 1508 4232 non
1550 4176 1700 4230 sinas
1731 4175 1847 4230 ullo

218 4273 386 4329 modo
413 4273 539 4329 ﬁeri
573 4273 683 4328 nisi
716 4289 823 4345 per
853 4271 1001 4344 ipsos
1027 4273 1124 4345 qui
1156 4271 1393 4327 crimina
1430 4270 1753 4326 intendunt.
1789 4268 1847 4324 Si

1943 2302 2152 2374 dendo,
2167 2304 2533 2373 blandiendo,
2552 2305 2915 2373 consolando,
2940 2305 3205 2376 prodesse
3224 2305 3427 2377 quibus
3448 2323 3575 2377 pos-

1943 2415 2138 2452 sumus
2170 2400 2528 2454 festinemus.
2565 2400 2784 2470 Lingua
2820 2403 3014 2454 nostra
3051 2399 3218 2454 bonis
3253 2401 3573 2455 fomentum

1943 2492 2032 2559 sit,
2055 2493 2244 2562 pravis
2266 2495 2515 2548 aculeus.
2539 2492 2808 2547 Tumidos
2827 2494 3116 2560 retundat,
3139 2493 3308 2548 iratos
3326 2493 3569 2564 mitiget,

1941 2585 2133 2657 pigros
2169 2591 2419 2655 exacuet,
2463 2586 2685 2641 desides
2723 2586 3002 2640 hortando
3044 2586 3367 2656 succendat,
3412 2587 3570 2641 refu-

1944 2680 2227 2749 gientibus
2274 2680 2542 2747 suadeat,
2585 2680 2794 2750 asperis
2838 2680 3199 2748 blandiatur,
3246 2681 3573 2751 desperatos

1943 2774 2281 2843 consoletur,
2314 2778 2376 2827 ut
2420 2773 2548 2844 quia
2583 2772 2841 2827 doctores
2879 2773 3143 2842 dicimur,
3183 2773 3333 2827 viam
3373 2774 3572 2828 salutis

1945 2866 2338 2937 gradientibus
2362 2867 2744 2922 ostendamus.
2767 2866 2956 2921 Simus
2979 2867 3037 2920 in
3061 2866 3316 2920 custodia
3338 2866 3574 2938 vigilan-

1942 2965 2046 3029 tes,
2068 2961 2286 3015 aditum
2306 2965 2501 3015 contra
2522 2960 2695 3015 hostis
2717 2959 2948 3015 insidias
2974 2960 3198 3015 solliciti
3226 2959 3570 3016 muniamus.

1944 3055 2010 3109 Et
2034 3054 2078 3108 si
2108 3055 2339 3125 quando
2367 3054 2651 3126 perditam
2680 3071 2841 3109 ovem
2868 3055 2937 3109 de
2961 3054 3276 3109 commissis
3305 3054 3573 3125 gregibus

1944 3164 2104 3202 error
2131 3148 2451 3216 abduxerit,
2485 3151 2602 3203 toto
2642 3148 2797 3202 illam
2835 3147 3038 3202 annisu
3070 3148 3142 3202 ad
3175 3147 3366 3202 caulas
3392 3148 3573 3202 domi-

1944 3242 2097 3296 nicas
2126 3258 2393 3296 revocare
2424 3241 2857 3309 contendamus,
2884 3244 2951 3295 ut
2976 3242 3046 3296 de
3076 3241 3317 3312 pastoris
3342 3240 3577 3296 nomine

1941 3335 2093 3407 quod
2118 3335 2416 3407 habemus,
2439 3353 2558 3391 non
2589 3335 2932 3407 supplicium
2966 3334 3067 3389 sed
3100 3335 3403 3406 praemium
3435 3334 3566 3407 44

1941 3420 2530 3524 consequamurlQuia
2545 3446 2680 3500 ergo
2696 3429 2755 3483 in
2773 3428 2858 3482 his
2874 3428 3139 3483 omnibus
3154 3428 3357 3483 divinae
3376 3428 3575 3499 gratiae

1942 3522 2290 3593 adjutorium
2320 3521 2460 3593 opus
2489 3528 2593 3589 est,
2628 3522 3035 3593 omnipotentis
3062 3522 3159 3576 Dei
3186 3521 3424 3575 assiduis
3448 3538 3575 3592 pres

1942 3616 2099 3671 cibus
2129 3615 2495 3670 clementiam
2519 3631 2834 3684 exoremus,
2852 3618 3131 3685 quatenus
3158 3614 3232 3668 ad
3258 3615 3380 3668 haec
3409 3612 3575 3668 nobis

1944 3708 2234 3780 cperanda
2260 3712 2317 3763 et
2340 3710 2482 3763 velle
2507 3708 2724 3763 tribuat
2748 3713 2805 3763 et
2822 3724 2987 3779 posse
3008 3707 3303 3775 concedat,
3325 3709 3494 3778 atque
3511 3707 3572 3761 in

1944 3820 2009 3857 ea
2048 3820 2154 3858 nos
2183 3803 2271 3856 via
2312 3819 2441 3857 cum
2469 3802 2657 3857 fructu
2692 3801 2829 3856 boni
2868 3800 3053 3872 operis
3082 3817 3253 3872 quam
3292 3815 3351 3854 se
3379 3803 3575 3871 pastor

1944 3900 2238 3967 pastorum
2269 3912 2390 3951 esse
2416 3900 2656 3952 testatus
2683 3900 2767 3949 est
2792 3895 3021 3967 dirigat,
3055 3900 3117 3950 ut
3144 3895 3263 3950 sine
3290 3911 3402 3966 quo
3429 3893 3574 3949 nihil

1945 4007 2115 4062 agere
2134 4007 2452 4063 possumus,
2472 4008 2574 4063 per
2592 3991 2779 4062 ipsum
2798 3989 3037 4061 implere
3056 3989 3249 4045 omnia
3266 3990 3573 4044 valeamus.

1944 4072 2084 4140 Data
2114 4102 2143 4138 v
2176 4086 2305 4140 Idus
2341 4085 2705 4157 Septembris,
2740 4083 2971 4140 Claudio
3009 4087 3066 4138 et
3102 4085 3347 4139 Paterno
3384 4083 3449 4137 IV
3490 4099 3573 4139 cc.

1946 4180 2162 4235 consul.

762 4659 1389 4758 INCIPIUNT
1467 4656 2029 4755 DECRETA
2104 4655 2567 4752 FELICIS
2655 4655 3029 4750 PAPZE.

1519 4835 1699 4903 (Anno
1731 4833 1958 4889 Domini
1994 4833 2277 4903 269-274.)

292 5119 635 5176 Charissimo
661 5123 833 5193 atque
860 5121 1223 5177 dilectissimo
1245 5124 1492 5178 Pusam
1514 5121 1851 5192 coepiscopo
1868 5134 1929 5205 D
1950 5122 2328 5193 Quoscunque
2355 5119 2511 5175 enim
2536 5118 2685 5190 rapit
2714 5119 2785 5173 ad
2819 5135 2898 5187 se,
2927 5129 3041 5173 non
3068 5116 3251 5174 solum
3278 5112 3339 5175 in
3370 5118 3477 5176 hoc
3506 5119 3582 5177 vi-

217 5214 382 5270 Fsux
406 5214 709 5286 episcopus
737 5215 797 5270 in
828 5215 1069 5271 Domino
1096 5217 1357 5272 salutem.

288 5309 547 5363 Gaudere
572 5325 666 5364 me
692 5309 1003 5380 plurimum
1029 5313 1086 5365 et
1112 5311 1385 5365 exsultare
1410 5309 1470 5364 in
1499 5308 1736 5364 Domino
1762 5309 1849 5365 di-

211 5401 476 5457 lectionis
528 5405 643 5458 tuaa
702 5402 912 5475 scripta
962 5406 1248 5472 fecerunt,
1299 5403 1507 5476 quibus
1562 5403 1853 5459 evidenter

214 5495 542 5552 ostenditur
584 5503 865 5568 quantum
915 5497 1251 5553 catholicam
1308 5497 1497 5569 diligis
1536 5498 1707 5553 tidem
1731 5539 1745 5567 ,
1798 5501 1855 5552 et

210 5595 503 5662 quantum
554 5590 888 5647 haereticum
938 5591 1232 5647 detestaris
1284 5608 1554 5647 errorem.
1615 5590 1854 5647 Haeresis

208 5684 431 5757 quippe
468 5690 555 5740 est
591 5685 764 5740 nimis
795 5685 973 5757 impia
1004 5690 1061 5741 et
1088 5686 1438 5757 Evangelicae
1470 5685 1719 5741 veritatis
1755 5684 1855 5739 ini-

207 5778 385 5848 mica,
420 5796 552 5852 quae
578 5796 693 5835 non
723 5780 1052 5851 portionem
1076 5779 1323 5853 aliquam
1349 5779 1578 5848 laedere,
1609 5779 1704 5835 sed
1736 5779 1857 5850 ipsa

210 5874 560 5933 Christianae
577 5873 869 5946 religionis
887 5879 1128 5932 conatur
1136 5876 1509 5932 fundamenta
1519 5874 1853 5931 convellere.

1953 5214 2126 5282 tium,
2166 5214 2267 5269 sed
2304 5214 2363 5268 in
2407 5214 2585 5268 multa
2623 5213 2732 5267 alia
2773 5212 2907 5267 vitia
2943 5230 3109 5268 ruere
3145 5212 3311 5283 facit,
3361 5219 3418 5297 et
3459 5216 3583 5289 ipso

1954 5309 2221 5363 suadente
2274 5308 2507 5379 antiquo
2558 5307 2715 5360 hoste
2774 5324 2891 5361 non
2946 5306 3134 5362 solum
3192 5313 3584 5379 persecutores

1952 5402 2236 5469 Ecclesiae,
2267 5400 2365 5456 sed
2394 5399 2564 5454 etiam
2589 5399 2945 5455 sacerdotum
2976 5401 3099 5473 ejus
3126 5402 3292 5457 ﬁunt.
3324 5404 3442 5459 Una
3468 5404 3581 5477 igi-

1951 5501 2047 5551 tur
2080 5499 2267 5550 mente
2308 5493 2593 5566 corrigere
2632 5508 2895 5550 curemus
2930 5498 2987 5549 et
3026 5495 3396 5568 insequamur
3424 5500 3582 5570 tales,

1955 5593 2013 5643 et
2042 5589 2112 5643 ab
2140 5589 2299 5643 hoste
2331 5604 2431 5642 suo
2470 5586 2795 5655 Ecclesiam,
2823 5588 3058 5660 ejusque
3087 5589 3285 5645 ﬁdeles
3311 5595 3367 5647 et
3400 5608 3581 5647 sacer-

1954 5683 2115 5738 dotes
2166 5681 2389 5736 Domini
2454 5681 2708 5736 nitamur
2764 5682 3022 5739 liberare.
3086 5684 3377 5739 Praestabit
3438 5684 3582 5739 vires

1955 5776 2319 5848 omnipotens
2362 5775 2695 5847 redemptor
2739 5781 2930 5832 noster
2974 5776 3233 5831 charitati
3278 5780 3445 5846 atque
3484 5776 3579 5846 ju-

1955 5870 2140 5927 stitiae.
2172 5869 2469 5926 Praestabit
2506 5870 2668 5927 nobis
2702 5871 2871 5943 longe
2908 5888 2941 5926 a
2979 5888 3037 5926 se
3078 5869 3276 5941 positis
3304 5868 3584 5937 unitatem
