4058 6312
510 251 604 304 191

1399 244 1683 302 APPEND.
1724 245 1812 301 AD
1849 245 2010 300 SAEC.
2053 245 2140 300 IX.
2171 273 2238 284 —-
2277 243 2522 300 ISIDORI
2560 243 2983 302 MERCATORIS

3771 246 3876 298 192

509 354 740 427 spiritus
770 353 856 409 sui
896 354 1017 426 ipse
1058 354 1218 424 cujus
1254 353 1490 408 artiﬁcio
1530 353 1693 424 quasi
1731 353 1792 406 in
1830 369 1975 407 arcae
2010 368 2135 407 mo-
2160 363 2218 436 Α
2240 352 2356 407 dite
2382 353 2619 407 verbum
2651 351 2878 407 Domini
2919 351 3016 423 qui
3053 350 3298 406 tremitis
3338 351 3412 405 ad
3437 349 3677 405 verbum
3723 351 3874 421 ejus.

511 449 652 503 dum
677 453 922 519 quatuor
951 448 1154 502 mundi
1189 449 1510 501 constructa
1536 445 1804 500 lateribus
1831 449 1999 518 atque
2025 446 2136 500 im-

509 541 866 613 putribilium
893 541 1182 614 lignorum
1221 556 1522 611 compage,
1562 543 1618 594 et
1645 539 1924 594 bitumine
1953 539 2137 594 chari-

511 635 641 689 tatis
670 634 919 705 astricta,
948 638 1014 689 ut
1053 634 1256 688 nullius
1283 633 1619 688 adversitate
1649 632 1895 703 spiritus,
1931 633 2140 686 nullius

510 728 790 796 venientis
839 729 1182 783 extrinsecus
1230 731 1454 781 tumore
1512 726 1713 781 ﬂuctus
1777 726 2142 796 perturbetur

512 788 903 888 Ecclesia.{-Sed
919 821 1398 893 quemadmodum
1415 819 1564 875 illius
1583 788 1942 891 gubernante
1959 819 2141 890 gratia

511 915 826 986 petendum
862 921 963 982 est,
1007 919 1066 969 ut
1099 915 1254 969 nulla
1293 931 1397 970 nos
1444 913 1852 985 superveniens
1895 912 2141 968 exterius

514 1009 666 1063 unda
696 1007 1012 1075 conturbet,
1035 1008 1112 1062 ita
1137 1026 1203 1063 ex
1232 1008 1364 1062 totis
1395 1009 1679 1064 orandum
1706 1010 1790 1062 est
1815 1005 2136 1075 visceribus,

511 1101 689 1155 frater
704 1101 1052 1168 charissima,
1071 1105 1138 1155 ut
1161 1118 1279 1156 suae
1301 1100 1680 1172 providentiae
1701 1100 1928 1154 dextera
1949 1115 2144 1153 cumu-

512 1194 631 1248 lum
659 1195 898 1248 sentiuae
923 1194 1088 1249 nobis
1119 1195 1409 1250 interioris
1432 1193 1744 1249 exhauriat.
1775 1192 2140 1247 Adversarius

511 1285 720 1358 quippe
737 1287 1000 1342 diabolus
1021 1288 1117 1358 qui
1137 1291 1336 1343 contra
1355 1287 1602 1343 humiles
1623 1286 1860 1342 saeviens
1879 1286 2025 1340 sicut
2048 1285 2139 1340 leo

510 1379 745 1451 rugiens
778 1381 978 1434 circuit
1002 1397 1262 1451 quaerens
1293 1397 1465 1453 quem
1503 1381 1752 1450 devoret,
1781 1397 1895 1435 non
1927 1380 2048 1450 jam
2079 1382 2143 1432 ut

511 1473 798 1528 cernimus
832 1474 1019 1528 caulas
1056 1474 1328 1545 circuivit,
1359 1476 1451 1530 sed
1491 1474 1567 1528 ita
1597 1475 1779 1530 valide
1815 1475 1875 1528 in
1907 1473 2138 1545 quibus-

514 1567 647 1621 dam
693 1566 940 1622 ecclesiaa
976 1568 1305 1622 necessariis
1343 1567 1614 1623 membris
1643 1569 1870 1624 dentem
1907 1567 2051 1638 ﬁgit,
2081 1571 2144 1620 ut

516 1660 658 1714 nulli
701 1660 774 1714 sit
803 1660 1058 1729 dubium,
1089 1662 1223 1732 quia
1253 1661 1361 1716 nisi
1395 1661 1751 1716 unanimiter
1778 1663 2003 1716 favente
2029 1661 2140 1714 Do-

2239 445 2517 500 Dixerunt
2561 446 2760 501 fratres
2813 444 2982 502 vestri
3024 444 3282 499 odientes
3311 461 3406 498 vos
3449 447 3506 498 et
3543 444 3878 515 abjicientes

2239 543 2473 610 pr0pter
2500 556 2712 594 nomen
2740 555 2957 593 meum.
2993 538 3347 593 Gloriﬁcetur
3382 537 3660 593 Dominus
3699 540 3755 592 et
3784 538 3876 591 vi-

2241 632 2501 687 debimus
2525 633 2584 686 in
2613 633 2810 688 laetitia
2841 637 3045 700 vestra,
3071 632 3179 702 ipsi
3200 636 3391 686 autem
3426 631 3874 686 confundentur.

2238 726 2357 780 Vox
2402 726 2599 796 populi
2628 725 2699 779 de
2728 725 2969 795 civitate,
2997 742 3097 779 vox
3125 725 3194 779 de
3229 725 3466 796 templo,
3497 741 3603 778 vox
3647 724 3876 779 Domini

2241 818 2531 873 reddentis
2583 818 3016 874 retributionem
3065 818 3311 873 inimicis
3357 819 3495 873 suis.
3544 821 3876 890 Antequam

2240 912 2566 982 parturiret,
2599 913 2842 984 peperit,
2886 915 3195 983 antequam
3236 911 3459 966 veniret
3497 917 3690 983 partus
3727 913 3870 982 ejus,

2239 1006 2460 1076 peperit
2515 1007 2854 1060 masculum.
2899 1005 3032 1069 Quis
3073 1006 3289 1060 audivit
3333 1022 3588 1076 unquam
3636 1006 3772 1072 tale,
3817 1009 3878 1060 et

2240 1100 2366 1171 quis
2390 1099 2532 1154 vidit
2557 1100 2690 1153 huic
2711 1099 3009 1154 similiter?
3037 1099 3304 1170 Nunquid
3336 1099 3612 1170 parturiet
3635 1103 3791 1154 terra
3815 1099 3875 1153 in

2240 1193 2331 1249 die
2359 1209 2494 1260 una,
2523 1197 2623 1247 aut
2649 1192 3000 1264 parturietur
3024 1209 3166 1263 gens
3203 1193 3371 1246 simul
3403 1193 3534 1264 quia
3571 1192 3878 1264 parturivit

2241 1290 2297 1342 et
2326 1287 2553 1358 peperit
2578 1286 2713 1341 Sion
2740 1285 2886 1341 ﬁlios
2916 1286 3088 1341 suos?
3133 1286 3397 1357 Nunquid
3438 1302 3546 1357 ego
3591 1287 3691 1357 qui
3732 1286 3875 1340 alios

2239 1396 2440 1452 parere
2486 1379 2652 1447 facio,
2683 1379 2802 1450 ipse
2847 1396 2965 1434 non
3013 1379 3256 1451 pariam,
3287 1378 3420 1434 dicit
3467 1379 3776 1434 Dominus?
3817 1380 3876 1436 Si

2241 1490 2349 1544 ego
2391 1473 2490 1544 qui
2535 1473 2968 1545 generationem
3014 1473 3230 1528 ceteris
3271 1473 3480 1542 tribuo,
3515 1473 3723 1528 sterilis
3748 1490 3872 1543 ero,

2242 1567 2322 1622 ait
2355 1566 2630 1626 Dominus
2656 1567 2802 1620 Deus
2830 1566 3003 1621 tuus?
3051 1565 3350 1620 Laetamini
3391 1582 3517 1619 cum
3562 1567 3876 1622 Jerusalem

2241 1664 2298 1714 et
2324 1661 2592 1714 exsultate
2620 1659 2678 1714 in
2708 1677 2776 1715 ea
2805 1676 3001 1714 omnes
3044 1660 3140 1730 qui
3182 1659 3416 1729 diligitis
3447 1675 3596 1727 eam,
3627 1659 3876 1730 gaudete

516 1753 676 1809 mino
703 1759 1039 1809 cunctorum
1060 1755 1295 1825 provida
1320 1758 1614 1826 pastorum
1638 1755 1801 1809 turba
1824 1758 2136 1820 concurrat,
2159 1737 2216 1809 B
2241 1769 2370 1807 cum
2398 1770 2467 1806 ea
2509 1752 2721 1823 gaudio
2751 1752 3015 1821 universi,
3046 1751 3144 1823 qui
3189 1753 3396 1822 lugetis
3432 1768 3603 1822 super
3629 1768 3778 1819 eam,
3805 1755 3876 1807 ut

515 1863 684 1902 omne
717 1847 885 1918 (quod
921 1848 1086 1918 absit)
1123 1848 1287 1903 citius
1323 1849 1466 1903 ovile
1503 1848 1754 1904 dilaniet.
1787 1849 2143 1918 Quapropter

515 1939 863 1996 detractores
893 1941 991 2013 qui
1031 1941 1220 1996 divina
1260 1941 1595 1996 auctoritate
1630 1941 1949 1996 eradicandi
1987 1945 2140 2006 sunt,

513 2035 571 2092 et
603 2034 855 2089 fautores
887 2033 1251 2089 inimicorum
1289 2035 1360 2089 ab
1403 2035 1711 2106 episcopali
1745 2034 2143 2090 submovemus

512 2127 893 2182 accusatione.
922 2127 1194 2183 Similiter
1228 2145 1300 2183 ne
1340 2145 1695 2183 summorum
1723 2127 2004 2198 quispiam
2018 2127 2139 2198 pmi-

515 2236 722 2275 norum
752 2221 1203 2276 accusationibus
1231 2221 1560 2293 impetatur,
1591 2224 1690 2276 aut
1718 2185 2145 2368 dispereat,‘ne-

515 2330 624 2368 aue
645 2315 704 2367 in
734 2330 796 2368 re
820 2313 994 2368 dubia
1019 2317 1171 2368 certa
1190 2314 1477 2368 iudicetur
1503 2315 1804 2368 sententia.
1832 2331 1936 2368 nec
1960 2315 2018 2368 ul
2046 2329 2144 2368 um

514 2330 624 2385 que
645 2315 704 2367 in
734 2330 796 2368 re
820 2313 994 2369 dubia
1019 2317 1171 2369 certa
1183 2314 1477 2385 judicetur
1503 2315 1804 2381 sententia,
1832 2331 1936 2368 nec
1960 2313 2144 2368 ullum

507 2407 815 2480 judicium,
858 2407 967 2461 nisi
1006 2407 1397 2463 ordinabiliter
1442 2408 1718 2477 habitum,
1763 2411 2048 2462 teneatur.
2087 2405 2142 2462 Si

513 2500 640 2572 quis
675 2517 846 2572 super
872 2500 1216 2573 quibuslibet
1253 2501 1589 2556 criminibus
1617 2501 1884 2556 clericum
1914 2501 2140 2572 pulsan-

513 2593 653 2649 dum
672 2593 991 2662 crediderit,
1021 2593 1079 2648 in
1103 2594 1395 2666 provincia
1419 2595 1479 2648 in
1509 2611 1623 2666 qua
1649 2593 1903 2650 consistit
1925 2593 2019 2649 ille
2045 2593 2144 2664 qui

513 2687 771 2759 pulsatur
809 2705 936 2743 suas
985 2692 1246 2743 exerceat
1281 2688 1552 2756 actiones,
1597 2704 1702 2744 nec
1739 2686 1981 2743 aestimet
2009 2703 2142 2741 eum

516 2784 810 2836 accusator
835 2781 968 2835 alibi
997 2786 1096 2836 aut
1130 2780 1354 2851 longius
1392 2781 1840 2852 pertrahendum
1880 2780 1951 2836 ad
1981 2780 2139 2851 judi-

515 2874 690 2928 cium.
722 2874 805 2928 Illi
837 2889 967 2929 vero
999 2874 1098 2945 qui
1127 2873 1380 2946 pulsatus
1410 2874 1603 2944 fuerit,
1631 2875 1677 2928 si
1695 2874 1917 2946 judices
1946 2889 2142 2946 suspe-

517 2972 633 3022 ctos
676 2967 959 3034 habuerit,
1002 2966 1170 3022 liceat
1210 2967 1496 3038 appellare
1534 2968 1828 3038 primates.
1869 2967 2142 3022 Primates

517 3077 745 3133 quoque
775 3063 1098 3115 accusatum
1127 3059 1492 3116 discutientes
1517 3061 1847 3133 episcopum
1873 3077 1986 3115 non
2011 3062 2144 3115 ante

516 3154 859 3209 sententiam
898 3153 1188 3226 proferant
1219 3154 1593 3210 damnationis
1631 3171 1802 3227 quam
1835 3154 2142 3226 apostolica

517 3247 647 3304 freti
669 3248 1005 3304 auctoritate
1026 3251 1124 3304 aut
1143 3265 1304 3304 reum
1328 3265 1387 3303 se
1409 3248 1525 3320 ipse
1547 3250 1904 3317 confiteatur,
1927 3253 2024 3303 aut
2043 3265 2144 3320 per

515 3342 850 3398 innocentes
875 3344 932 3398 et
957 3341 1220 3397 canonice
1239 3342 1590 3398 examinatos
1609 3343 1946 3414 regulariter
1973 3345 2142 3396 testes

516 3437 893 3504 convincatur;
921 3437 1084 3492 aliter
1102 3436 1320 3492 irritam
1343 3453 1463 3492 esse
1483 3453 1779 3493 censemus
1799 3439 1856 3492 et
1873 3436 2144 3508 injustam

515 3529 905 3603 episcoporum
920 3530 1368 3599 damnationem,
1384 3535 1439 3586 et
1455 3531 1665 3586 idcirco
1688 3547 1721 3586 a
1739 3531 1950 3603 synodo
1972 3536 2143 3586 retra-

514 3624 799 3693 clandam,
820 3625 898 3679 ita
923 3631 984 3681 ut
1001 3625 1282 3696 oppressis
1301 3626 1371 3679 ab
1393 3625 1656 3680 omnibus
1685 3624 1744 3680 in
1775 3623 1987 3680 cunctis
2005 3625 2139 3678 sub-

513 3718 772 3774 veniatur
789 3718 988 3774 causis.
1011 3721 1258 3774 Caveant
1273 3719 1495 3788 judices
1523 3719 1781 3773 Ecclesiae
1805 3735 1880 3772 ne
1908 3719 2142 3773 absente

513 3828 578 3868 eo
599 3812 758 3882 cujus
777 3828 944 3866 causa
967 3811 1289 3878 ventilatur,
1313 3812 1648 3866 sententiam
1674 3812 1988 3882 proferant,
2012 3811 2144 3882 quia

515 3905 678 3960 irrita
696 3904 805 3960 erit
822 3904 918 3974 qui
943 3904 1114 3958 etiam
1140 3903 1425 3958 rationem
1452 3920 1554 3974 pro
1574 3903 1792 3958 actione
1820 3904 2056 3959 fratrum
2082 3905 2142 3960 in

515 3997 814 4069 praesentia
833 3997 1430 4052 dabunt.Proditorum
1447 4013 1578 4052 vero
1600 4013 1702 4052 nec
1723 3999 2020 4066 calumnia,
2036 3997 2142 4054 ﬁec

517 4108 626 4147 vox
655 4088 937 4146 audiatur.
959 4093 1134 4146 Nemo
1164 4091 1318 4145 enim
1346 4091 1665 4146 debitorem
1693 4092 1935 4163 amplius
1961 4096 2144 4163 potest

519 4200 880 4256 cognoscere,
905 4201 1076 4256 quam
1103 4185 1194 4239 ille
1213 4185 1310 4256 qui
1333 4184 1600 4256 injuriam
1621 4185 1853 4257 ejusque
1880 4185 2143 4242 sustinuit

515 4277 856 4350 nequitiam.
903 4278 1109 4333 Omnes
1148 4294 1287 4350 ergo
1328 4277 1428 4351 qui
1468 4278 1525 4333 in
1561 4277 1783 4334 Christo
1827 4280 2021 4334 volunt
2050 4280 2141 4352 pie

515 4370 723 4439 vivere,
762 4387 989 4427 necesse
1025 4375 1110 4426 est
1146 4375 1208 4426 ut
1246 4371 1314 4425 ab
1352 4371 1544 4444 impiis
1575 4377 1632 4428 et
1659 4372 2021 4428 dissimilibus
2048 4391 2143 4446 pa-

2163 3107 2218 3182 C

2241 1847 2486 1917 surgatis
2533 1850 2591 1901 et
2633 1846 2967 1917 repleamini
2991 1845 3062 1900 ab
3094 1845 3266 1900 ubere
3296 1844 3699 1900 consolationis
3725 1846 3872 1916 ejus,

2239 1945 2304 1995 ut
2323 1939 2646 2010 mulgeatis,
2666 1943 2724 1995 et
2750 1940 2967 1994 deliciis
2984 1939 3232 2010 afﬂuatis
3242 1939 3313 1993 ab
3336 1939 3667 1994 omnimoda
3689 1939 3875 2010 gloria

2244 1957 2304 1995 ut
2323 1957 2646 2010 mulgeatis,
2666 1957 2724 1995 et
2750 1957 2967 1994 oeucus
2984 1957 3197 1994 amuau
3242 1957 3313 1993 ao
3336 1957 3667 1994 ommmooa
3689 1957 3872 2010 gloria

2244 2034 2383 2104 ejus.
2423 2033 2567 2098 Quia
2592 2018 2713 2088 haec
2741 2033 2878 2088 dicit
2907 2033 3178 2089 Dominus
3203 1957 3392 2135 :Ecce
3423 2049 3531 2104 ego
3569 2033 3872 2089 declinabo

2243 2143 2415 2198 super
2446 2143 2577 2182 eam
2603 2127 2763 2198 quasi
2790 2128 3028 2182 ﬂuvium
3054 2126 3232 2199 pacis;
3259 2131 3316 2182 et
3356 2126 3520 2198 quasi
3557 2130 3875 2182 torrentem

2241 2219 2622 2275 inundantem
2679 2220 2920 2290 gloriam
2971 2221 3231 2292 gentium
3288 2236 3464 2290 quam
3507 2219 3737 2291 sugetis.
3786 2220 3876 2274 Ad

2242 2313 2418 2368 ubera
2458 2313 2843 2384 portabimini,
2871 2318 2928 2370 et
2955 2331 3125 2386 super
3167 2330 3358 2385 genua
3383 2313 3744 2368 blandientur
3767 2330 3873 2368 vo-

2241 2405 2346 2460 bis.
2383 2407 2678 2471 Quomodo
2709 2407 2754 2462 si
2793 2407 2885 2462 cui
2915 2411 3104 2463 mater
3131 2407 3476 2479 blandiatur,
3502 2408 3578 2462 ita
3603 2423 3711 2479 ego
3741 2423 3879 2462 con-

2243 2499 2470 2555 solabor
2498 2517 2614 2570 vos,
2647 2505 2705 2556 et
2732 2500 2791 2556 in
2821 2501 2994 2556 lsrael
3023 2501 3498 2569 consolabimini;
3530 2499 3793 2556 videbitis
3819 2507 3879 2556 et

2245 2593 2513 2665 gaudebit
2555 2610 2650 2649 cor
2686 2599 2960 2663 vestrum,
3009 2599 3065 2651 et
3107 2612 3233 2650 ossa
3273 2600 3459 2653 vestra
3503 2596 3647 2650 sicut
3692 2594 3878 2650 herba

2245 2686 2647 2758 germinabunt
2674 2705 2688 2744 :
2719 2692 2776 2744 et
2805 2693 3182 2760 cognoscetur
3205 2705 3411 2744 manus
3448 2688 3673 2744 Domini
3698 2687 3879 2743 servis

2242 2785 2300 2835 et
2326 2780 2717 2852 indignabitur
2759 2781 3002 2837 inimicis
3029 2783 3162 2852 suis,
3193 2781 3326 2854 quia
3355 2799 3484 2838 ecce
3513 2781 3786 2838 Dominus
3813 2782 3877 2837 in

2242 2873 2376 2945 igne
2403 2874 2597 2929 veniet
2635 2880 2690 2930 et
2733 2876 2892 2946 quasi
2933 2876 3102 2931 turbo
3129 2877 3404 2948 quadriga
3427 2877 3550 2948 ejus
3582 2895 3596 2930 ε
3628 2874 3874 2931 reddere
3911 2889 3916 2892 '

2243 2966 2300 3021 in
2349 2967 2740 3038 indignatione
2788 2969 3044 3024 furorem
3096 2986 3265 3024 suum
3314 2974 3371 3024 et
3418 2969 3876 3041 increpationem

2242 3078 2401 3116 suam
2429 3061 2488 3116 in
2519 3061 2752 3117 ﬂamma
2774 3063 2942 3134 ignis.
2967 3063 3111 3128 Quia
3136 3063 3196 3119 in
3215 3065 3348 3136 igne
3376 3064 3649 3119 Dominus
3669 3063 3880 3134 dijudi-

2244 3158 2350 3222 cat,
2379 3155 2522 3209 etin
2551 3156 2741 3226 gladio
2771 3173 2870 3212 suo
2913 3158 2984 3213 ad
3027 3173 3259 3213 omnem
3303 3174 3556 3225 carnem,
3586 3162 3644 3213 et
3685 3156 3879 3212 multi-

2242 3247 2599 3320 plicabuntur
2636 3250 2917 3306 interfecti
2952 3269 2986 3306 a
3022 3251 3277 3307 Domino.
3313 3251 3419 3316 Qui
3451 3250 3877 3307 sanctificaban-

2241 3347 2336 3397 tur
2366 3346 2423 3397 et
2452 3343 2696 3399 mundos
2723 3361 2782 3399 se
2811 3345 3089 3416 putabant
3119 3346 3176 3400 in
3206 3346 3344 3401 ortis
3372 3350 3496 3418 post
3517 3346 3753 3416 januam
3789 3346 3877 3400 in-

2242 3435 2536 3507 trinsecus,
2569 3437 2666 3509 qui
2709 3438 3080 3494 comedebant
3117 3455 3348 3494 carnem
3391 3438 3633 3506 suillam,
3661 3442 3718 3494 et
3741 3438 3877 3494 abo-

2242 3530 2610 3586 minationem
2661 3535 2718 3588 et
2757 3549 3004 3602 murem,
3054 3534 3219 3589 simul
3265 3537 3689 3601 consumentur,
3735 3532 3877 3589 dicit

2242 3625 2534 3680 Dominus.
2582 3627 2701 3697 Ego
2749 3632 2939 3682 autem
2977 3644 3149 3698 opera
3190 3644 3388 3683 eorum
3413 3632 3470 3682 et
3497 3627 3876 3699 cogitationes

2242 3734 2458 3786 eorum,
2487 3719 2651 3773 venio
2679 3723 2746 3774 ut
2770 3737 3120 3793 congregem
3149 3738 3279 3776 cum
3311 3721 3577 3776 omnibus
3607 3719 3876 3790 gentibus

2243 3817 2300 3867 et
2325 3811 2554 3881 linguis,
2583 3815 2640 3868 et
2667 3815 2895 3869 venient
2920 3817 2977 3870 et
3001 3814 3272 3870 videbunt
3298 3813 3540 3885 gloriam
3577 3829 3784 3881 meam,
3817 3818 3878 3869 et

2241 3921 2453 3976 ponam
2482 3906 2540 3960 in
2571 3905 2651 3961 eis
2681 3907 2930 3978 signum.
2960 3910 3026 3963 Et
3052 3909 3275 3964 mittam
3305 3925 3371 3963 ex
3409 3908 3489 3962 eis
3529 3907 3627 3979 qui
3674 3906 3876 3962 salvati

2240 3999 2454 4054 fuerint
2501 3999 2575 4054 ad
2627 4004 2842 4072 gentes,
2887 4003 2947 4057 in
3004 4001 3170 4072 mari,
3222 4002 3279 4056 in
3332 4001 3517 4056 Africa
3569 4006 3626 4056 et
3674 4001 3874 4072 Lydia,

2241 4096 2498 4148 tenentes
2529 4095 2792 4165 sagittam
2820 4092 2879 4150 in
2908 4096 3123 4150 Italiam
3156 4099 3212 4151 et
3238 4092 3532 4165 Graeciam,
3561 4094 3634 4150 ad
3660 4092 3878 4150 insulas

2243 4186 2436 4258 longe,
2458 4187 2530 4242 ad
2555 4204 2654 4242 eos
2685 4188 2780 4259 qui
2811 4205 2926 4244 non
2954 4189 3265 4244 audierunt
3291 4189 3360 4244 de
3391 4206 3483 4244 me
3503 4193 3560 4244 et
3585 4205 3697 4244 non
3722 4188 3879 4244 vide-

2244 4286 2378 4335 runt
2400 4281 2639 4352 gloriam
2660 4297 2870 4350 meam,
2893 4288 2950 4338 et
2969 4283 3391 4338 annuntiabunt
3425 4282 3662 4354 gloriam
3683 4298 3878 4338 meam

2243 4371 2524 4444 gentibus,
2573 4377 2630 4428 et
2695 4375 2976 4431 adducent
3025 4393 3225 4431 omnes
3285 4376 3487 4432 fratres
3536 4378 3750 4431 vestros
3803 4375 3877 4432 de

513 4462 730 4554 tiantur
757 4465 1080 4538 opprobria,
1105 4471 1160 4521 et
1192 4465 1574 4538 despiciantur
1601 4469 1876 4538 tanquam
1906 4467 2061 4522 stulti
2087 4473 2143 4523 et
2161 4483 2219 4555 D
2242 4467 2460 4521 cunctis
2490 4467 2754 4538 gentibus
2780 4469 2994 4524 donum
3023 4469 3285 4540 Domino,
3308 4469 3366 4524 in
3388 4469 3548 4541 equis
3573 4469 3705 4524 etin
3735 4486 3879 4541 qua-

515 4547 722 4629 insani,
763 4558 859 4631 qui
899 4559 1204 4632 praesentia
1244 4559 1396 4614 bona
1431 4560 1700 4632 perdunt,
1738 4565 1800 4616 ut
1843 4560 2143 4616 invisibilia

516 4656 571 4707 et
611 4653 803 4707 futura
839 4649 1155 4722 acquirant.
1187 4651 1478 4722 DeSpectio
1518 4653 1711 4706 tamen
1751 4655 1807 4706 et
1835 4651 2022 4706 irrisio
2057 4655 2138 4706 ta-

517 4747 656 4800 lium
682 4746 743 4800 in
775 4745 924 4817 ipsos
949 4744 1372 4817 retorquebitur
1396 4744 1495 4816 qui
1524 4745 1675 4815 ipsos
1694 4744 1985 4813 infestant,
2009 4745 2144 4816 quia

515 4843 574 4894 et
616 4838 966 4893 abundantia
1017 4855 1216 4894 eorum
1271 4837 1331 4912 in
1379 4840 1686 4908 egestatem
1713 4881 1726 4905 ,
1773 4841 1829 4893 et
1883 4837 2146 4909 superbia

517 4931 779 4986 transibit
806 4931 864 4984 in
901 4929 1335 5001 confusionem.\
1351 4930 1421 4984 Et
1451 4929 1728 5001 quidquid
1755 4930 1922 5001 justis
1951 4931 2146 4986 adver-

519 5023 744 5079 sitatum
771 5024 857 5079 vel
898 5025 1178 5081 malorum
1213 5023 1523 5094 irro‘gatur,
1559 5039 1673 5077 non
1711 5026 1796 5078 est
1829 5040 1996 5095 poena
2032 5024 2140 5079 cri-

517 5115 708 5185 minis,
740 5116 837 5172 sed
874 5116 1094 5174 virtutis
1121 5134 1380 5174 examen.
1412 5118 1480 5172 Et
1505 5115 1651 5172 sicut
1679 5131 1903 5186 aurum,
1930 5121 2145 5190 quanto

516 5213 645 5286 plus
688 5211 1042 5282 excoquitur,
1082 5215 1238 5268 tanto
1274 5212 1479 5268 melius
1525 5210 1787 5281 efﬁcitur,
1828 5212 1906 5266 sic
1936 5212 2141 5284 justus,

518 5309 732 5378 quanto
764 5305 890 5376 plus
922 5304 1223 5359 tribulatur
1253 5303 1317 5376 (si
1352 5305 1537 5376 ipsam
1573 5305 2004 5360 tribulationem
2040 5322 2142 5378 pa-

516 5399 725 5456 tienter
751 5397 1073 5470 portaverit)
1104 5399 1283 5454 multo
1311 5399 1511 5470 purior
1539 5402 1598 5455 et
1630 5398 1831 5454 clarior
1861 5396 1975 5454 Deo
2013 5400 2142 5455 red-

519 5495 690 5551 ditur.
729 5491 886 5548 Unde
925 5491 1046 5562 ipsa
1089 5507 1194 5562 per
1233 5508 1293 5547 se
1335 5493 1551 5548 Veritas
1587 5493 1768 5548 dicit:
1805 5515 1833 5543 «
1863 5493 2017 5548 Beati
2045 5493 2144 5566 qui

519 5586 969 5663 persecutionem
988 5584 1287 5657 patiuntur
1311 5589 1544 5657 propter
1552 5587 1852 5658 justitiam,
1876 5588 2146 5660 quoniam

517 5684 772 5757 ipsorum
812 5684 898 5737 est
935 5695 1180 5751 regnum
1217 5679 1490 5734 caelorum
1518 5680 1732 5750 (Matth.
1772 5699 1824 5750 v,
1858 5683 1966 5754 10).
1998 5704 2026 5734 ››
2067 5682 2145 5737 De

520 5779 724 5842 talibus
749 5774 1021 5835 Dominus
1052 5789 1154 5848 per
1182 5772 1381 5830 Isaiam
1403 5773 1676 5852 loquitur,
1705 5775 1898 5833 dicens
1926 5792 1940 5832 :
1972 5795 2001 5830 «
2026 5777 2142 5833 Au-

2242 4559 2438 4631 drigis,
2468 4561 2610 4616 etin
2647 4561 2876 4631 lecticis,
2908 4566 2964 4618 et
2991 4563 3050 4618 in
3089 4563 3278 4632 mulis,
3310 4567 3369 4618 et
3405 4563 3465 4618 in
3507 4561 3772 4629 carrucis,
3803 4561 3878 4619 ad

2243 4657 2501 4709 montem
2532 4658 2789 4710 sanctum
2825 4672 3018 4712 meum
3050 4657 3383 4728 Jerusalem,
3413 4654 3549 4712 dicit
3577 4654 3876 4727 Dominus,

2243 4748 2528 4819 quomodo
2553 4749 2599 4804 si
2619 4749 2864 4805 inferant
2889 4750 2990 4804 filii
3009 4751 3179 4805 Israel
3197 4767 3406 4806 munus
3428 4749 3486 4805 in
3507 4767 3633 4805 vase
3658 4750 3879 4806 mundo

2243 4839 2302 4895 in
2331 4842 2570 4898 domum
2597 4844 2844 4913 Domini,
2869 4847 2927 4899 et
2951 4860 3238 4899 assumam
3267 4861 3330 4899 ex
3362 4844 3442 4900 eis
3468 4844 3527 4900 in
3555 4844 3881 4900 sacerdotes

2243 4938 2300 4990 et
2323 4935 2382 4990 in
2411 4936 2626 5006 levitas,
2650 4937 2785 4992 dicit
2814 4937 3119 4993 Dominus:
3144 4938 3284 5002 Quia
3309 4937 3456 4993 sicut
3481 4936 3606 4993 coeli
3635 4938 3790 5008 novi,
3821 4941 3884 4994 et

2243 5032 2398 5085 terra
2423 5044 2565 5085 nova
2595 5046 2722 5101 quas
2751 5047 2857 5103 ego
2887 5029 3034 5087 facio
3059 5036 3210 5087 stare
3237 5048 3434 5088 coram
3464 5048 3576 5100 me,
3609 5031 3748 5087 dicit
3775 5032 3882 5087 Do—

2243 5123 2453 5192 minus,
2477 5124 2555 5179 sic
2581 5123 2750 5179 stabit
2780 5141 2977 5180 semen
2998 5129 3250 5180 vestrum
3278 5127 3337 5181 et
3363 5141 3576 5181 nomen
3600 5130 3879 5182 vestrum.

2245 5218 2312 5272 Et
2339 5217 2446 5273 erit
2469 5218 2679 5272 mensis
2709 5235 2775 5273 ex
2804 5235 3024 5290 mense,
3054 5223 3111 5273 et
3151 5219 3465 5274 Sabbatum
3506 5235 3575 5275 ex
3605 5219 3880 5290 Sabbato,

2243 5311 2509 5366 etveniet
2547 5311 2733 5382 omnis
2775 5328 2906 5368 caro
2948 5312 3016 5368 ut
3059 5313 3259 5368 adoret
3299 5329 3495 5368 coram
3539 5312 3680 5368 facie
3722 5329 3880 5382 mea,

2244 5329 2302 5366 et
2323 5329 2509 5366 veniet
2547 5329 2682 5366 omn
2775 5329 2906 5368 caro
2948 5329 3016 5368 ut
3059 5329 3259 5368 adoret
3299 5329 3495 5368 coram
3539 5329 3680 5368 tacte
3722 5329 3880 5382 mea,

2244 5403 2378 5459 dicit
2406 5329 2796 5554 Dominus:th
2834 5406 3204 5479 egredientur
3227 5411 3284 5462 et
3306 5406 3582 5462 videbunt
3607 5407 3887 5462 cadavera

2244 5495 2624 5554 virorum‘aui
2653 5517 2690 5554 ι)
2775 5499 3003 5554 varicati
3029 5503 3161 5554 sunt
3200 5499 3259 5554 in
3304 5515 3420 5554 me.
3443 5499 3650 5554 vermis
3679 5516 3887 5554 eorum

2244 5495 2624 5569 virorum‘qui
2653 5495 3003 5571 pt‘aavaricati
3029 5503 3161 5555 sunt
3200 5499 3259 5554 in
3304 5515 3420 5567 me,
3443 5499 3650 5555 vermis
3679 5516 3888 5556 eorum

2243 5605 2358 5644 non
2403 5591 2706 5660 morietur,
2733 5597 2792 5648 et
2815 5592 2963 5665 ignis
2986 5609 3186 5648 eorum
3226 5609 3342 5648 non
3381 5593 3794 5664 exstinguetur,
3825 5597 3886 5650 et

2245 5688 2413 5738 erunt
2458 5700 2638 5756 usque
2681 5686 2752 5742 ad
2797 5687 3117 5743 satietatem
3141 5686 3372 5742 visionis
3413 5686 3570 5742 omni
3621 5687 3805 5744 carni.
3846 5709 3876 5740 »

2246 5777 2374 5852 (Isa.
2434 5794 2573 5851 mi,
2623 5779 2790 5857 5-24.)
2835 5780 2979 5847 Quid
3030 5781 3184 5839 aliud
3228 5780 3590 5839 detrahentes
3633 5781 3879 5858 faciunt,
