4058 6338
183 381 275 432 193
1442 379 1914 436 DECRETALIUM
1953 381 2336 438 COLLECTIU.
3447 390 3546 441 194

177 485 279 540 nisi
305 485 364 539 in
397 486 689 557 pulverem
731 486 891 554 ﬁant,
923 487 1092 558 atque
1120 488 1179 542 in
1211 489 1400 542 oculos
1438 506 1567 544 suos
1596 494 1803 545 terram
1827 503 1885 575 Α
1904 508 2204 546 monemus
2245 491 2627 562 prudentiam,
2657 495 2723 547 ut
2760 508 2862 564 pro
2887 497 3040 548 statu
3077 492 3336 549 Ecclesiae
3366 496 3424 547 et
3449 510 3536 548 sa-

177 579 463 634 excitant?
513 580 573 634 Ei
614 581 762 635 unde
806 582 932 651 plus
976 581 1345 636 detractionis
1393 584 1638 654 perﬂant
1681 584 1812 642 inde

173 673 355 743 magis
393 673 538 727 nihil
586 673 834 728 veritatis
875 675 1116 730 vident?
1163 676 1318 730 Tales
1365 679 1579 747 tamen,
1614 678 1807 748 frater,

174 766 526 836 charissime,
556 768 828 838 portandi
858 771 992 822 sunt
1021 772 1080 822 et
1117 770 1463 840 corrigendi,
1498 772 1634 842 quia
1677 773 1811 827 caeci

175 865 305 914 sunt
347 863 403 915 et
443 860 614 915 duces
665 877 970 916 caecorum.
1019 861 1114 916 His
1164 863 1492 919 charissime
1542 866 1810 937 respondi

171 952 412 1008 breviter
440 955 716 1009 consultis
763 955 874 1010 tuis
923 973 1050 1027 quae
1084 959 1138 1012 te
1170 960 1228 1010 et
1267 973 1468 1012 omnes
1514 958 1808 1032 episcopos

173 1047 517 1117 regulariter
543 1051 738 1104 tenere
781 1049 1137 1105 mandamus.
1178 1051 1356 1106 Tuam
1386 1054 1599 1124 tamen,
1631 1053 1808 1108 frater

1913 587 2204 640 cerdotum
2236 586 2358 656 ejus
2383 603 2485 657 pro
2526 585 2738 641 viribus
2769 586 3060 641 elaborare
3098 587 3343 656 studeas,
3377 590 3436 640 et
3463 602 3549 641 or-

1913 679 2104 733 dinem
2130 682 2337 734 sanctae
2367 681 2646 734 Romanas
2692 684 2749 735 et
2785 680 3109 751 apostolicae
3139 679 3400 736 Ecclesia:
3443 697 3548 751 per

1913 772 2108 826 omnia
2138 778 2328 828 teneas
2359 776 2415 827 et
2440 772 2630 827 violari
2659 776 2984 828 sanctorum
3017 774 3239 828 decreta
3270 790 3387 828 non
3413 789 3545 845 per-

1910 866 2124 933 mittas,
2155 866 2251 921 sed
2279 883 2480 920 omnes
2512 883 2880 939 quoscunque
2911 867 3165 938 potueris
3189 867 3455 934 instruas,
3483 871 3549 921 ut

1909 959 2226 1013 fructuosos
2277 958 2600 1029 manipulos
2646 959 2892 1014 Domino
2943 963 3340 1032 repraesentes.
3388 961 3542 1014 Vale.

1908 1054 2047 1107 Data
2073 1069 2129 1108 1x
2155 1051 2327 1123 Junii,
2353 1052 2585 1107 Claudio
2611 1057 2668 1107 et
2699 1052 3004 1108 Aureliano
3030 1055 3118 1123 IV,
3149 1071 3228 1108 cc.
3260 1070 3418 1109 cons.

1273 1355 1695 1426 EPISTOLA
1758 1357 2084 1427 FELICIS
2148 1357 2435 1427 PAP/E.

242 1525 404 1579 Fsux
459 1524 753 1596 episcopus
809 1526 1087 1581 universis
1147 1526 1424 1599 episcopis
1473 1545 1574 1599 per
1618 1529 1808 1584 Galliae

170 1617 487 1689 provincias
520 1619 834 1674 constitutis
860 1621 920 1674 in
951 1620 1189 1675 Domino
1228 1621 1488 1676 salutem.

244 1713 533 1766 Bonorum
553 1728 789 1783 operum
810 1718 867 1768 et
887 1714 1269 1785 spiritualium
1290 1715 1609 1770 studiorum
1627 1716 1809 1770 Deum

171 1808 464 1860 auctorem
510 1823 630 1860 esse
687 1824 798 1861 non
849 1807 1082 1862 dubium
1130 1812 1233 1877 est,
1260 1809 1358 1880 qui
1389 1825 1587 1864 eorum
1613 1809 1809 1864 incitat

1909 1529 2033 1601 pria
2066 1529 2297 1600 ejectus,
2326 1532 2423 1582 aut
2457 1529 2516 1582 in
2553 1527 2880 1583 detentione
2926 1527 3119 1598 aliqua
3150 1542 3183 1581 a
3209 1527 3322 1581 suis
3349 1527 3543 1582 ovibus

1910 1622 2083 1676 fuerit
2110 1626 2515 1693 sequestratus,
2545 1625 2680 1676 tunc
2713 1621 2979 1676 canonice
3007 1624 3318 1691 antequam
3341 1620 3400 1673 in
3425 1621 3541 1691 pri-

1909 1716 2057 1770 stino
2099 1715 2430 1771 restituatur
2472 1732 2600 1770 cum
2644 1715 2802 1769 omni
2842 1713 3140 1785 privilegio
3178 1729 3280 1768 suo
3325 1713 3542 1768 honore

1908 1812 1964 1863 et
1999 1826 2102 1863 sua
2140 1810 2333 1864 omnia
2376 1825 2502 1881 quin
2549 1807 2766 1862 insidiis
2807 1807 3170 1862 inimicorum
3216 1822 3448 1860 suorum
3493 1806 3545 1860 ei

172 1902 395 1953 mentes
422 1903 478 1953 et
498 1900 728 1970 adjuvat
752 1901 1022 1956 actiones.
1042 1902 1200 1956 Unde
1221 1903 1403 1956 laetari
1431 1920 1521 1957 me
1543 1903 1803 1958 fecerunt
1820 1894 1880 1965 D
1904 1903 2091 1958 ablata
2131 1903 2365 1956 fuerunt
2401 1901 2627 1973 legibus
2673 1900 3165 1972 redintegrentur,
3197 1916 3302 1954 nec
3329 1905 3549 1954 convo-‘

171 1993 377 2063 scripta
405 1998 594 2048 vestra
637 2010 700 2048 ex
730 1995 882 2048 bono
909 1995 1094 2048 studio
1126 2001 1182 2049 et
1213 2013 1278 2050 ex
1310 1996 1639 2068 integritate
1670 1997 1800 2050 ﬁdei

172 2085 486 2141 devotionis
535 2087 683 2154 vitm,
734 2088 833 2141 sed
874 2105 938 2141 ex
997 2089 1305 2143 afﬂictione
1352 2094 1408 2144 et
1459 2090 1801 2144 contritione

169 2183 358 2233 vestra
383 2196 597 2251 magna
617 2197 685 2235 ex
706 2185 866 2251 parte
884 2182 1202 2237 tristavere.
1225 2183 1416 2236 Tristis
1439 2182 1594 2237 enim
1613 2183 1802 2237 tristes

169 2269 282 2338 legi
328 2269 546 2323 litteras
585 2274 817 2336 vestras,
847 2274 904 2324 et
945 2271 1154 2342 scripta
1192 2278 1390 2326 masta
1431 2289 1673 2328 moerere
1701 2273 1799 2326 de-

168 2361 288 2416 bito
316 2362 661 2433 percucurri,
693 2363 825 2434 quia
851 2364 994 2418 sicut
1021 2381 1126 2419 nos
1163 2366 1528 2421 ecclesiarum
1570 2383 1682 2438 pax
1714 2384 1799 2421 sa-

169 2455 578 2528 cerdotumque
618 2457 741 2527 ejus
780 2459 1081 2513 concordia
1113 2465 1168 2513 et
1198 2461 1576 2531 tranquillitas
1619 2461 1800 2532 plebis

167 2549 364 2603 audire
388 2549 526 2604 facit
547 2551 818 2621 gaudium
843 2551 1087 2620 cceleste,
1113 2552 1192 2607 ita
1220 2570 1322 2608 nos
1350 2553 1556 2624 afﬂigit
1581 2557 1637 2608 et
1657 2555 1798 2625 deji-

168 2643 240 2697 cit
271 2644 529 2698 fraterna
555 2645 804 2699 afﬂictio.
838 2647 948 2700 Vos
977 2650 1170 2701 tamen
1209 2647 1383 2702 nolite
1420 2649 1667 2702 multum
1695 2648 1798 2702 tri-

169 2736 322 2806 stari,
353 2738 494 2808 quia
536 2739 681 2792 sicut
728 2739 850 2810 ipsa
896 2757 999 2811 per
1041 2757 1098 2794 se
1148 2741 1366 2795 Veritas
1412 2742 1532 2796 ait:
1573 2764 1599 2791 «
1633 2742 1691 2797 Si
1730 2742 1799 2796 de

166 2830 382 2885 mundo
413 2831 680 2899 fuissetis,
709 2834 955 2888 mundus
983 2833 1138 2904 quod
1169 2852 1334 2888 suum
1365 2838 1483 2889 erat
1512 2835 1797 2907 diligeret,

167 2923 264 2977 sed
290 2924 426 2995 quia
457 2924 528 2979 de
561 2925 670 2980 hoc
698 2927 912 2982 mundo
943 2944 1060 2982 non
1087 2928 1238 2994 estis,
1265 2929 1363 2982 sed
1394 2945 1503 3000 ego
1538 2929 1678 3000 elegi
1706 2946 1801 2983 vos

169 3017 237 3071 de
286 3019 529 3089 mundo,
562 3025 870 3090 propterea
911 3021 1029 3076 odit
1068 3038 1164 3076 vos
1213 3022 1464 3076 mundus
1491 3023 1667 3094 (Joan.
1711 3039 1796 3093 xv,

171 3112 271 3179 19),
297 3131 322 3162 ι)
343 3111 404 3165 id
425 3115 511 3165 est
541 3113 742 3167 mundi
770 3117 1070 3167 amatores.
1099 3114 1385 3186 Quidquid
1415 3120 1610 3170 tamen
1634 3115 1690 3169 hi
1717 3117 1799 3169 lo-

167 3209 418 3274 quantur
461 3209 562 3258 aut
604 3205 907 3261 adversum
935 3224 1033 3261 vos
1066 3211 1260 3278 agant,
1291 3225 1389 3263 vos
1421 3211 1614 3263 tamen
1647 3225 1798 3263 sem-

163 3314 266 3368 per
292 3298 581 3369 integram
612 3305 826 3354 servate
855 3299 1048 3371 ﬁdem,
1077 3305 1133 3355 et
1152 3318 1354 3373 puram
1385 3303 1646 3357 habetote
1674 3319 1800 3356 con-

163 3391 479 3461 scientiam,
514 3396 577 3446 ut
622 3392 844 3465 integer
871 3394 1099 3465 spiritus
1142 3401 1197 3449 et
1237 3395 1428 3450 anima
1460 3401 1713 3451 servetur
1740 3397 1799 3451 in

163 3485 251 3539 die
297 3486 542 3540 Domini.
587 3487 695 3540 Nos
739 3504 869 3543 vero
921 3488 994 3542 ad
1039 3489 1496 3560 supplementum
1525 3493 1795 3560 vestrum,

162 3578 384 3646 fratres,
430 3584 488 3634 et
530 3581 892 3653 coepiscOpos
931 3586 1156 3637 nostros
1189 3583 1515 3638 vocavimus
1555 3583 1799 3656 amplius

161 3689 334 3744 quam
364 3675 724 3746 septuaginta
754 3692 885 3730 cum
911 3677 1113 3748 quibus
1151 3678 1271 3732 haec
1309 3694 1435 3749 quae
1470 3677 1667 3732 subter
1694 3678 1794 3733 ha-

159 3766 371 3823 bentur
415 3767 648 3838 inserta,
694 3769 1034 3841 regulariter
1078 3771 1376 3827 tractando
1425 3772 1794 3828 decrevimus.

159 3861 374 3914 Vestris
395 3861 550 3916 enim
572 3862 819 3934 epistolis
840 3863 899 3918 in
920 3864 1180 3920 omnium
1205 3865 1495 3921 audientia
1514 3867 1795 3938 perlectis,

160 3971 291 4026 qua:
321 3955 533 4010 multas
559 3955 643 4026 (ut
673 3957 862 4029 nostis)
894 3958 1281 4030 querimonias
1325 3965 1381 4015 et
1408 3960 1799 4032 oppressiones

163 4048 220 4103 in
252 4065 312 4104 se
336 4049 713 4104 continebant
737 4057 969 4120 vestras,
999 4053 1351 4126 decretisque
1394 4071 1521 4126 quae
1564 4059 1696 4110 sunt
1730 4057 1799 4110 de

160 4143 612 4198 accusationibus
663 4145 1058 4217 episcoporum
1106 4151 1304 4202 sancta
1350 4148 1596 4220 synodus
1641 4149 1796 4204 dixit.

160 4236 287 4291 Haec
317 4241 452 4292 sunt
475 4254 602 4308 quae
631 4238 894 4310 deinceps
921 4245 1158 4312 propter
1182 4242 1469 4296 malorum
1499 4242 1798 4297 hominum

157 4329 394 4385 insidias
427 4331 524 4402 qui
553 4330 612 4385 in
638 4333 941 4388 Ecclesiam
971 4337 1028 4388 et
1046 4335 1104 4388 in
1131 4335 1537 4391 ecclesiasticos
1558 4336 1797 4391 saeviunt

157 4424 308 4478 viros
363 4423 764 4480 indifferenter
801 4443 1130 4483 conservare
1175 4429 1497 4483 ﬁrmissime
1536 4431 1797 4484 volumus

156 4517 212 4571 in
242 4519 471 4572 saecula.
503 4518 560 4573 Si
603 4521 729 4591 quis
760 4521 1058 4593 episcopus
1103 4522 1174 4576 ab
1221 4523 1329 4577 illis
1373 4525 1797 4579 accusatoribus

1904 1997 2039 2064 cari,
2074 2013 2176 2051 nec
2199 1995 2447 2067 judicari
2481 1995 2707 2066 poterit,
2743 1994 2851 2048 nisi
2885 1994 3004 2064 ipse
3041 2009 3145 2064 pro
3172 2010 3272 2047 sua
3297 1993 3541 2048 necessi-

1902 2093 2019 2144 tate
2066 2089 2324 2162 (minime
2370 2093 2562 2144 tamen
2608 2087 2969 2160 judicandus)
3013 2085 3280 2141 advenire
3337 2089 3541 2157 sponte

1904 2183 2158 2254 elegerit.
2209 2183 2544 2237 Nullateuus
2591 2197 2730 2252 ergo
2785 2199 2818 2235 a
2862 2196 3152 2252 quoquam
3195 2179 3541 2251 respondere

1901 2280 2136 2347 rogetur
2165 2279 2471 2348 antequam
2498 2274 2866 2346 integerrime
2898 2273 3094 2328 omnia
3119 2289 3248 2345 quae
3278 2289 3383 2343 per
3407 2288 3540 2343 sug-

1904 2371 2190 2442 gestiones
2206 2369 2568 2423 inimicorum
2589 2385 2824 2423 suorum
2847 2367 3113 2422 amiserat
3133 2366 3400 2438 potestati
3422 2366 3544 2436 ejus

1901 2464 1970 2518 ab
1997 2462 2318 2518 honorabili
2348 2462 2584 2516 concilio
2613 2461 2780 2533 legali
2811 2460 3008 2515 ordine
3044 2460 3540 2530 redintegrentur;

1901 2557 2108 2628 praesul
2139 2573 2272 2610 vero
2319 2573 2449 2610 cum
2489 2555 2646 2610 omni
2690 2555 2910 2608 honore
2942 2553 3114 2607 statui
3140 2552 3378 2623 pristino
3410 2552 3538 2607 red-

1902 2650 2088 2720 datur,
2123 2652 2179 2704 et
2223 2648 2344 2720 ipse
2392 2647 2676 2719 dispositis
2721 2645 3105 2717 ordinatisque
3143 2645 3321 2700 libere
3367 2648 3539 2716 atque

1903 2760 2096 2798 secure
2155 2742 2253 2796 diu
2309 2741 2424 2796 suis
2480 2745 2614 2796 tunc
2672 2739 3034 2812 regulariter,
3083 2737 3233 2793 infra
3296 2742 3542 2810 quatuor

1901 2836 1987 2891 vel
2022 2835 2277 2908 quinque
2303 2839 2401 2890 aut
2430 2838 2649 2906 septem
2697 2849 2942 2900 menses,
2968 2833 3136 2902 juxta
3169 2831 3318 2903 quod
3361 2831 3538 2902 possi-

1900 2929 2086 2984 bilitas
2118 2929 2169 2985 ei
2193 2929 2385 2999 fuerit,
2414 2932 2472 2983 et
2501 2945 2614 2983 non
2639 2932 2769 2982 ante
2808 2929 3152 2982 convocatus
3198 2925 3271 2980 ad
3317 2928 3542 2996 tempus

1902 3023 2138 3077 concilio
2181 3022 2242 3077 in
2291 3021 2547 3093 legitimo
2586 3025 2641 3076 et
2680 3021 2952 3075 canonico
2978 3018 3170 3074 veniat
3206 3018 3276 3074 ad
3304 3034 3456 3086 eam,
3485 3022 3543 3072 et

1902 3117 1946 3170 si
1976 3116 2055 3171 ita
2085 3117 2244 3187 justo
2265 3116 2488 3170 videtur
2512 3113 2898 3170 accusantium
2928 3112 3414 3185 propositionibus
3444 3128 3537 3167 re-

1903 3211 2199 3281 spondeat.
2232 3211 2375 3264 Nam
2422 3210 2532 3264 hoc
2571 3223 2934 3279 summopere
2977 3206 3398 3278 providendum
3434 3211 3539 3276 est,

1899 3320 1972 3358 ne
2004 3309 2317 3375 antequam
2345 3303 2468 3358 haec
2507 3302 2702 3357 omnia
2732 3302 2876 3356 ﬁant
2918 3304 3141 3356 coactus
3177 3300 3539 3372 respondeat,

1902 3397 2037 3469 quia
2073 3397 2366 3452 contentio
2406 3412 2632 3467 semper
2664 3395 2890 3450 vitanda
2935 3400 3038 3449 est.
3069 3393 3260 3449 Adimi
3291 3410 3540 3466 namque

1900 3491 2163 3564 episcopo
2204 3491 2600 3563 episcopatum
2645 3493 2952 3559 antequam
2995 3503 3180 3542 causa:
3211 3488 3332 3558 ejus
3359 3488 3540 3543 exitus

1900 3588 2174 3656 appareat
2194 3584 2345 3639 nulli
2365 3582 2674 3639 Christiani
2694 3581 2876 3635 videri
2885 3581 3017 3652 jure
3038 3583 3242 3652 potest,
3263 3580 3394 3652 quia
3414 3580 3540 3634 talis

1901 3678 2024 3751 45
2041 3679 2412 3751 praesumptio
2435 3675 2793 3747 sacrilegium
2821 3679 2924 3742 est,
2943 3678 3001 3730 et
3019 3675 3214 3729 auctor
3236 3673 3436 3729 talium
3456 3689 3540 3728 sa-

1899 3773 2162 3844 crilegus.
2181 3773 2339 3838 Quod
2353 3773 2401 3826 si
2417 3773 2697 3844 aegrotans
2713 3768 2886 3824 fuerit
2904 3768 3218 3840 episcopus,
3235 3772 3333 3823 aut
3344 3767 3537 3840 aliqua

1899 3884 2032 3923 eum
2063 3867 2246 3939 gravis
2270 3865 2575 3921 necessitas
2607 3863 2935 3930 detinuerit,
2965 3878 3070 3933 pro
3099 3878 3156 3917 se
3183 3862 3441 3934 legatum
3467 3862 3538 3917 ad

1899 3962 2181 4033 synodum
2207 3961 2415 4028 mittat,
2442 3976 2546 4015 nec
2569 3975 2601 4013 a
2621 3956 3028 4013 communione
3048 3955 3428 4028 suspendatur
3447 3957 3536 4011 cui

1901 4056 2120 4110 crimen
2157 4055 2490 4118 intenditur,
2524 4053 2630 4108 nisi
2663 4051 2734 4107 ad
2767 4067 2996 4106 causam
3027 4067 3189 4106 suam
3231 4050 3536 4106 dicendam

1901 4149 2209 4205 electorum
2229 4147 2511 4220 judicium
2539 4146 2630 4202 die
2661 4149 2871 4201 statuta
2897 4144 3102 4200 litteris
3130 4149 3395 4200 evocatus
3421 4144 3531 4199 mi-

1897 4244 2051 4298 nime
2097 4242 2424 4308 occurrerit,
2459 4242 2565 4295 hoc
2607 4244 2709 4307 est,
2740 4239 2849 4293 nisi
2890 4239 2999 4293 alia
3044 4237 3532 4311 praeoccupatione

1897 4336 2246 4393 necessitatis
2269 4335 2416 4390 infra
2445 4334 2696 4407 spatium
2727 4333 3127 4404 praedictorum
3167 4333 3448 4388 mensium
3477 4337 3534 4388 et

1900 4447 1966 4486 eo
2012 4429 2275 4501 amplius,
2300 4432 2475 4500 prout
2527 4443 2759 4482 causam
2806 4426 3118 4482 dictaverit.
3167 4425 3330 4490 Quod
3375 4427 3419 4480 si
3469 4443 3532 4481 ex

1895 4529 2134 4595 utraque
2181 4525 2339 4594 parte
2385 4521 2456 4575 ad
2499 4537 2727 4575 causam
2756 4519 3055 4574 dicendam
3081 4520 3364 4586 venerint,
3400 4520 3532 4589 quia

159 4611 255 4683 qui
287 4612 608 4683 recipiendi
637 4617 771 4668 sunt
800 4616 970 4670 fuerit
1004 4620 1314 4686 accusatus,
1344 4620 1645 4689 postquam
1675 4618 1793 4690 ipse
1815 4639 1872 4711 B
1898 4634 2044 4673 unus
2066 4617 2279 4688 absque
2300 4616 2480 4670 altero
2497 4613 2688 4668 audiri
2709 4631 2827 4668 non
2848 4614 3032 4682 debet,
3051 4614 3422 4684 quaerendum
3447 4619 3531 4668 est

154 4704 222 4759 ab
250 4706 334 4759 eis
362 4705 691 4763 charitative
722 4713 1027 4764 conventus
1051 4710 1242 4780 fuerit,
1264 4713 1326 4763 ut
1352 4710 1535 4782 ipsam
1569 4728 1793 4767 causam

157 4799 467 4856 emendare
516 4800 738 4868 debeat,
777 4805 832 4856 et
877 4819 1006 4858 eam
1049 4803 1334 4875 corrigere
1382 4805 1648 4873 noluerit,
1678 4823 1793 4860 non

156 4892 315 4960 olim,
347 4893 446 4948 sed
478 4896 613 4948 tunc
643 4894 716 4949 ad
746 4912 998 4951 summos
1029 4897 1304 4968 primates
1343 4915 1506 4952 causa
1542 4899 1663 4970 ejus
1698 4916 1790 4954 ca-

153 4987 360 5041 nonice
389 4987 702 5056 deferatur,
733 4990 831 5061 qui
857 4990 915 5044 in
956 5008 1211 5063 congruo
1254 4992 1381 5046 loco
1425 4991 1572 5046 infra
1613 4993 1790 5064 ipsam

152 5080 516 5150 provinciam
542 5083 805 5153 tempore
838 5100 1115 5157 congruo,
1145 5085 1203 5138 id
1235 5087 1319 5139 est
1357 5087 1677 5141 autumnali
1707 5088 1793 5142 vel

153 5175 354 5229 aestivo
396 5175 706 5230 concilium
751 5177 1090 5249 regulariter
1131 5195 1436 5234 convocare
1480 5180 1790 5252 debebunt,

149 5267 231 5322 ita
278 5273 348 5322 ut
402 5268 474 5322 ab
531 5270 798 5325 omnibus
851 5271 1106 5342 ejusdem
1160 5273 1461 5344 provinciae
1520 5275 1795 5347 episcopis

149 5362 292 5417 inibi
321 5361 607 5417 audiatur.
640 5363 764 5428 Quo
793 5368 849 5419 et
873 5364 994 5436 ipse
1019 5367 1361 5438 regulariter
1391 5372 1727 5425 convocatus
1748 5370 1792 5424 si

153 5472 284 5510 eum
321 5459 428 5510 aut
459 5455 777 5526 inﬁrmitas,
806 5462 904 5513 aut
946 5459 1054 5514 alia
1100 5461 1286 5531 gravis
1334 5463 1636 5518 necessitas
1675 5481 1792 5519 non

150 5549 463 5604 detinuerit
492 5551 688 5607 adesse
721 5551 964 5622 debebit,
1001 5553 1133 5624 quia
1165 5555 1309 5609 ultra
1345 5557 1653 5627 provinciae
1685 5561 1795 5613 ter-

149 5645 343 5699 minos
386 5645 691 5700 accusandi
733 5649 863 5701 ante
906 5647 1130 5702 licentia
1178 5666 1293 5704 non
1337 5653 1439 5719 est,
1470 5669 1643 5724 quam
1689 5670 1791 5708 au-

148 5737 365 5793 dientia
393 5741 654 5810 rogetur.
684 5739 826 5794 Nam
851 5741 899 5794 si
926 5741 1040 5796 suis
1065 5741 1241 5798 fuerit
1268 5747 1364 5799 aut
1391 5746 1654 5801 Ecclesiae
1687 5747 1794 5801 sibi

147 5834 475 5888 commissis
522 5833 688 5888 rebus
731 5835 1097 5906 exspoliatus,
1131 5843 1231 5892 aut
1260 5839 1428 5910 (quod
1453 5840 1612 5913 absit)
1645 5842 1793 5913 quod

147 5928 412 5984 alienum
438 5927 510 5984 ab
537 5927 803 5983 omnibus
824 5946 945 5984 esse
971 5930 1142 5986 debet
1166 5931 1430 5988 ﬁdelibus
1455 5951 1486 5989 a
1503 5935 1633 5990 sede
1663 5953 1792 6006 pro-

572 6026 845 6091 PA’I‘ROL.
896 6028 1123 6093 CXXX.

1893 4713 1954 4768 in
1983 4711 2200 4784 judicio
2244 4710 2404 4781 cujus
2443 4708 2556 4762 sint
2599 4706 3035 4762 conversationis
3081 4710 3138 4761 et
3180 4705 3312 4760 ﬁdei
3359 4709 3531 4778 atque

1896 4804 2224 4877 suspicionis
2251 4805 2625 4871 accusatores,
2659 4804 2758 4856 aut
2788 4816 2903 4871 qua
2935 4799 3250 4854 intentione
3291 4799 3396 4854 hoc
3442 4801 3525 4855 fa-

1894 4900 2072 4968 ciant;
2107 4898 2241 4970 quia
2276 4898 2348 4952 ad
2380 4898 2489 4952 hoc
2533 4895 2758 4950 admitti
2807 4910 2922 4949 non
2970 4891 3195 4962 debent,
3227 4893 3336 4948 nisi
3361 4894 3528 4950 bona!

1894 4992 2338 5050 conversationis
2389 4994 2447 5046 et
2493 4995 2660 5046 rectae
2705 4989 2836 5044 ﬁdei
2885 4987 3007 5053 viri,
3036 4987 3094 5042 hi
3132 4987 3392 5044 videlicet
3432 4991 3529 5062 qui

1894 5088 2052 5142 omni
2102 5087 2421 5158 suspicione
2476 5087 2730 5153 careant,
2777 5087 2834 5136 et
2881 5083 3032 5137 bona
3087 5081 3203 5137 vita
3258 5084 3526 5151 clareant,

1892 5198 2082 5254 neque
2115 5181 2355 5236 infames
2382 5180 2641 5234 existant.
2674 5176 2833 5241 Quod
2871 5175 2916 5229 si
2954 5179 3350 5233 accusatorum
3393 5195 3526 5251 per-

1896 5292 2053 5330 sonae
2072 5275 2132 5330 in
2142 5275 2360 5347 judicio
2385 5273 2786 5345 episcoporum
2809 5270 3117 5342 culpabiles
3135 5273 3524 5346 apparuerint,

1894 5370 1966 5424 ad
1996 5369 2352 5442 arguendum
2381 5385 2499 5422 non
2541 5365 2937 5433 admittantur,
2970 5365 3076 5420 nisi
3108 5367 3366 5438 proprias
3393 5386 3522 5424 cau-

1896 5481 1982 5518 sas
2009 5480 2285 5530 asserere,
2307 5479 2422 5517 non
2456 5465 2650 5516 tamen
2679 5459 3000 5515 criminales
3019 5460 3107 5514 vel
3129 5462 3528 5519 ecclesiasticas

1893 5557 2191 5613 voluerint.
2219 5555 2450 5612 lnfamis
2479 5555 2633 5610 enim
2665 5570 2911 5626 persona
2937 5571 3040 5609 nec
3067 5562 3404 5627 procurator
3421 5575 3521 5628 po-

1893 5654 2004 5706 test
2031 5667 2150 5706 esse
2175 5667 2282 5705 nec
2307 5648 2589 5721 cognitor.
2619 5648 2864 5704 Absente
2892 5665 3025 5705 vero
3062 5650 3379 5705 adversario
3404 5668 3520 5706 non

1893 5747 2158 5801 audiatur
2179 5747 2485 5816 accusator;
2513 5760 2621 5798 nec
2639 5742 2937 5810 sententia,
2957 5743 3191 5798 absente
3216 5749 3371 5812 parte
3391 5745 3517 5814 alia,

1896 5859 1930 5896 a
1965 5840 2155 5913 judice
2194 5839 2345 5894 dicta
2384 5840 2559 5894 ullam
2600 5837 2880 5895 obtinebit
2923 5837 3284 5904 ﬁrmitatem;
3336 5853 3519 5911 neque

1897 5936 2100 5992 absens
2131 5952 2234 6007 per
2262 5935 2434 5990 alium
2473 5933 2716 5988 accusari
2751 5936 2849 5986 aut
2876 5946 3140 5983 accusare
3181 5932 3386 5999 potest,
3417 5951 3521 5990 nec

3105 6049 3121 6090 ί
