4058 6358
524 374 625 427 195

1414 365 1698 422 ΑΡΡΕΝΙ).
1737 366 1825 419 AD
1862 365 2025 417 SA‘IC.
2066 364 2153 417 1X.
2182 391 2248 402 -—
2288 362 2526 417 lSlDORl
2566 360 3007 416 MERCATORIS.

3786 362 3890 415 196

521 478 709 534 afﬁnis
756 478 915 534 testis
962 476 1314 533 admittatur.
1362 474 1660 528 Neminem
1706 488 1842 542 ergo
1897 469 2154 525 exhiberi
2176 473 2449 554 Apheta,
2480 470 2577 541 qui
2613 473 2811 541 potum
2841 469 2937 523 dat
2960 468 3141 521 amico
3181 483 3282 521 suo
3321 466 3552 521 mittens
3593 465 3670 520 fel
3717 482 3890 520 suum

523 573 592 626 de
626 572 919 643 provincia
945 572 1019 625 ad
1046 568 1389 642 provinciam
1416 568 1503 622 vel
1529 567 1602 621 ad
1623 566 1951 621 comitatum
1988 581 2153 634 opor-

522 668 622 733 tet,
654 665 760 719 nisi
803 666 874 719 ad
917 664 1250 720 relationem
1286 660 1494 730 judicis
1529 660 1599 713 ad
1632 676 1814 731 quem
1855 658 2028 712 fuerit
2056 674 2151 728 ap-

519 760 819 829 pellatum,
846 758 906 813 id
933 761 1035 825 est,
1056 761 1117 811 ut
1144 760 1341 811 auctor
1371 770 1596 824 semper
1626 754 1710 807 rei
1736 754 1926 807 forum
1955 768 2151 822 sequa-

520 854 633 907 tur.
668 852 728 906 Si
755 852 880 923 quis
917 856 1107 905 autem
1147 848 1402 919 judicem
1443 847 1749 901 adversum
1777 846 1882 900 sibi
1914 844 2151 900 senserit

520 961 722 1000 vocem
743 942 1136 1016 appellationis
1158 941 1444 1009 exhibeat,
1464 940 1735 1011 quoniam
1763 939 1906 993 nulli
1931 940 2151 1009 oportet

518 1039 739 1109 negari.
749 1036 1054 1107 Peregrina
1066 1052 1200 1090 vero
1210 1033 1428 1105 judicia
1442 1032 1701 1104 generali
1714 1032 2005 1087 sanctione
2023 1048 2149 1101 pro-

519 1131 799 1200 hibemus,
819 1130 952 1201 quia
970 1129 1275 1200 indignum
1302 1130 1388 1181 est
1406 1130 1472 1181 ut
1488 1126 1559 1179 ab
1581 1127 1830 1180 externis
1836 1125 2145 1195 judicetur,

518 1225 616 1296 qui
646 1223 1156 1295 comprovinciales
1180 1227 1236 1276 et
1263 1237 1297 1275 a
1322 1237 1382 1275 se
1410 1220 1811 1275 electos‘debet
1829 1218 2039 1273 habere
2060 1218 2149 1288 ju-

516 1317 685 1373 dices.

589 1412 739 1481 Haac,
755 1410 979 1476 fratres,
994 1408 1068 1462 ad
1085 1410 1333 1463 vestram
1347 1412 1403 1462 et
1415 1407 1673 1462 omnium
1685 1405 2145 1476 coepiscoporum

517 1520 688 1575 opem
716 1508 773 1558 et
798 1502 1189 1558 defensionem
1209 1502 1268 1556 in
1294 1501 1510 1573 synodo
1532 1499 1876 1555 unanimiter
1901 1504 2032 1553 sunt
2053 1498 2147 1552 de-

517 1602 695 1664 creta,
724 1599 787 1650 ut
813 1596 857 1650 si
886 1596 1031 1650 forte
1059 1594 1234 1667 aliqui
1274 1596 1584 1649 stultorum
1614 1611 1709 1647 vos
1735 1609 1996 1647 accusare
2026 1590 2145 1663 (qui

517 1689 811 1745 diabolica:
836 1688 1182 1760 deceptionis
1208 1705 1399 1743 errore
1419 1687 1639 1759 decepti
1666 1686 1814 1758 sunt)
1836 1686 2143 1751 voluerint,

520 1782 658 1836 dum
706 1782 814 1836 ista
853 1781 1102 1852 legerint
1137 1782 1225 1836 vel
1262 1781 1545 1836 audierint
1586 1780 1932 1851 resipiscant,
1976 1783 2033 1832 et
2075 1777 2146 1832 ad

2251 567 2475 635 (Habac.
2507 582 2566 634 ιι,
2602 566 2705 634 15).
2740 586 2765 612 ››
2797 565 2863 617 Et
2892 563 3103 617 iterum
3132 560 3583 631 sapientissimus
3616 561 3888 615 Salomon

2248 661 2358 715 ait:
2387 679 2413 710 «
2439 658 2545 722 Qui
2568 657 2818 728 loquitur
2835 656 3046 727 iniqua,
3066 672 3183 709 non
3200 657 3385 725 potest
3402 655 3600 721 latere,
3624 670 3887 724 neeprae-

2249 752 2417 808 teriet
2450 752 2615 806 illum
2657 750 2968 820 corripiens
3004 748 3309 819 judicium.
3347 749 3407 802 ln
3451 747 3887 819 cogitationibus

2250 846 2404 902 enim
2430 845 2594 916 impii
2622 844 2997 914 interrogatio
3028 843 3173 897 erit:
3211 842 3553 896 Sermonum
3592 846 3785 896 autem
3822 840 3885 894 il-

2248 940 2356 995 lius
2379 938 2590 995 auditio
2624 938 2695 992 ad
2722 937 3026 991 Dominum
3059 935 3263 1005 veniet,
3289 939 3345 989 et
3365 935 3439 989 ad
3460 934 3884 1005 correptionem

2248 1033 2619 1104 iniquitatum
2642 1031 2810 1099 illius,
2825 1029 3099 1101 quoniam
3115 1029 3267 1084 auris
3286 1028 3389 1083 zeli
3411 1028 3573 1082 audit
3591 1027 3806 1096 omnia,
3828 1032 3887 1082 et

2249 1127 2529 1180 tumultus
2573 1123 3095 1179 murmurationum
3143 1139 3257 1175 non
3298 1121 3676 1176 abscondetur
3725 1120 3879 1192 (Sap.

2248 1237 2287 1289 1,
2307 1220 2447 1287 8-10)
2463 1261 2475 1273 .
2498 1238 2525 1270 ››
2551 1220 2678 1272 Haac
2696 1217 2853 1272 enim
2875 1217 2921 1271 si
2947 1216 3217 1287 amplecti
3237 1215 3543 1270 voluissent
3568 1214 3804 1285 proprio
3827 1218 3884 1268 et

2248 1329 2387 1367 sano
2432 1328 2622 1378 sensu,
2679 1311 2752 1365 ad
2808 1309 3113 1381 reprobum
3166 1325 3397 1363 sensum
3450 1307 3685 1362 minime
3730 1307 3884 1361 labe-

2247 1409 2467 1475 rentur,
2486 1405 2587 1459 sed
2604 1421 2705 1475 per
2727 1404 2825 1458 Dei
2844 1403 3115 1458 timorem
3138 1418 3468 1457 sermonum
3486 1418 3721 1455 suorum
3738 1417 3884 1472 pra:-

2247 1503 2509 1555 caventes
2534 1497 2869 1566 custodiam,
2889 1497 3043 1568 piam
3067 1501 3390 1551 sanctorum
3410 1497 3642 1549 Patrum
3664 1494 3878 1548 difﬁni-

2247 1594 2458 1647 tionem
2476 1592 2596 1647 sine
2612 1592 2861 1663 quadam
2878 1590 3205 1646 nocumenti
3220 1589 3662 1661 praesumptione
3679 1588 3881 1659 utique

2246 1686 2975 1756 conservassent,quoniam
2988 1684 3123 1738 dicit
3134 1700 3353 1738 sacrum
3372 1682 3684 1752 eloquium,
3700 1682 3884 1736 consi-

2247 1781 2385 1834 lium
2408 1781 2627 1835 bonum
2657 1778 3016 1834 conservabit
3043 1781 3120 1844 te,
3154 1782 3209 1831 et
3236 1794 3397 1831 mens
3424 1776 3575 1830 bona
3602 1775 3882 1830 custodiet

518 1875 751 1930 unitatis
779 1874 1146 1930 concordiam
1182 1877 1561 1942 revertantur,
1590 1880 1645 1928 et
1670 1873 1819 1944 quod
1844 1872 2000 1944 prius
2030 1857 2224 1928 eratB
2248 1878 2325 1928 te.
2359 1874 2483 1928 Non
2512 1875 2667 1928 enim
2695 1874 2763 1928 de
2793 1872 3045 1927 fontibus
3074 1870 3379 1926 salutiferis
3411 1869 3781 1940 spiritualiter
3807 1868 3882 1923 ad

519 1968 577 2022 in
606 1968 883 2023 ultionem
908 1968 1174 2023 transibit
1196 1968 1259 2022 in
1289 1968 1544 2039 gloriam.
1567 1967 1730 2034 Nam,
1749 1966 1944 2037 procul
1974 1965 2145 2020 dubio

516 2062 681 2117 multi
699 2065 833 2116 sunt
851 2061 947 2133 qui
963 2061 1277 2117 secundum
1285 2061 1538 2133 Apostoli
1550 2077 1765 2130 vocem,
1785 2080 1812 2108 «
1824 2059 2146 2130 prurientes

517 2156 750 2211 auribus
780 2173 813 2210 a
840 2155 1074 2211 veritate
1101 2156 1332 2226 quidem
1361 2155 1624 2210 auditum
1651 2158 1932 2223 avertunt,
1960 2153 2033 2206 ad
2056 2152 2143 2206 fa-

516 2249 680 2304 bulas
713 2252 908 2303 autem
936 2251 1333 2304 convertentur
1364 2250 1438 2315 (II
1468 2250 1604 2303 Tim.
1633 2264 1705 2317 1v,
1735 2250 1788 2316 3,
1821 2246 1892 2317 4),
1928 2266 1954 2295 ››
1986 2250 2041 2300 et
2071 2246 2145 2299 ad

516 2345 863 2397 nocumenta
878 2342 1165 2397 bonorum
1185 2344 1498 2397 transeunt.
1518 2340 1610 2395 Ait
1624 2345 1814 2395 autem
1830 2339 1985 2393 idem
2003 2343 2145 2409 Apo—

516 2437 694 2491 stolus
721 2436 791 2490 de
819 2435 1137 2490 inﬁdelium
1169 2435 1494 2507 ignorantia
1527 2454 1540 2488 :
1573 2456 1601 2484 «
1634 2434 1691 2489 Si
1733 2433 2141 2504 cognovissent,

516 2545 813 2601 nunquam
868 2528 1173 2584 Dominum
1225 2529 1421 2600 gloriae
1478 2527 1886 2583 eruciﬁxissent
1930 2527 1978 2596 (Ι
2022 2530 2139 2585 Cor.

512 2640 574 2692 ιι,
593 2625 711 2695 8).»
736 2621 1014 2677 Similiter
1034 2622 1080 2676 si
1100 2623 1161 2676 hi
1182 2622 1484 2677 Dominum
1506 2621 1753 2692 perfecte
1781 2620 2146 2692 agnovissent

514 2720 572 2773 et
614 2721 914 2784 amassent,
943 2732 1236 2787 nunquam
1290 2731 1484 2770 servos
1530 2715 1653 2785 ejus
1699 2714 2140 2784 perturbassent,

515 2826 620 2866 nec
662 2810 844 2863 verbis
891 2813 990 2864 aut
1033 2809 1196 2863 factis
1241 2808 1519 2879 persecuti
1563 2812 1768 2862 essent.
1809 2808 1969 2871 Quod
2012 2822 2142 2862 vero

515 2903 667 2958 idem
697 2903 997 2973 Apostolus
1024 2902 1158 2957 dicit
1190 2918 1203 2956 :
1239 2920 1267 2954 «
1300 2902 1358 2956 Si
1392 2901 1548 2955 enim
1582 2917 1713 2955 cum
1741 2900 1959 2955 inimici
2001 2917 2143 2954 esse-

516 3013 668 3065 mus,
701 2995 1049 3051 reconciliati
1073 3012 1268 3049 sumus
1295 2996 1407 3050 Deo
1445 3011 1547 3064 per
1570 2996 1819 3048 mortem
1862 2994 1985 3047 Filii
2021 2995 2144 3064 ejus

517 3091 691 3162 (Rom.
718 3106 773 3159 v,
800 3090 904 3160 10),
936 3111 964 3139 ››
997 3105 1098 3143 cur
1124 3088 1498 3159 insequimur,
1528 3089 1754 3155 fratres,
1789 3105 1890 3143 cur
1911 3092 2139 3159 pertur-

514 3184 724 3238 bamus
763 3186 975 3238 statum
1017 3183 1276 3239 Ecclesia:
1314 3183 1433 3250 Dei,
1467 3187 1524 3237 et
1562 3199 1660 3236 eos
1698 3182 1795 3254 qui
1839 3182 1891 3236 ei
1934 3182 2141 3237 servire

517 3277 727 3332 debent
750 3276 1061 3348 efﬂigimus
1078 3278 1104 3331 ?
1129 3277 1397 3348 Martyres
1418 3276 1571 3330 enim
1591 3276 1742 3348 passi
1762 3281 1913 3343 sunt,
1931 3292 2046 3330 non
2068 3279 2143 3330 ta-

514 3388 649 3427 men
675 3371 881 3426 anima!
906 3387 1106 3427 eorum
1129 3371 1327 3425 occisa:
1347 3374 1480 3425 sunt
1498 3371 1559 3425 in
1583 3370 1837 3442 corporis
1860 3369 2139 3441 passione,

513 3483 612 3521 ore
637 3466 900 3521 Veritatis
919 3467 1245 3521 attestante.
1277 3485 1304 3517 (ι
1329 3464 1513 3520 Nolite
1536 3465 1738 3519 timere
1766 3480 1863 3519 eos
1888 3464 1984 3535 qui
2006 3464 2143 3518 occi-

512 3560 659 3615 dunt
688 3576 914 3632 corpus,
942 3559 1192 3614 animam
1229 3563 1422 3614 autem
1460 3575 1576 3613 non
1614 3561 1853 3630 possunt
1888 3558 2141 3613 occidere

508 3652 727 3725 (Matth.
760 3672 812 3723 x,
838 3654 948 3726 28).
979 3674 1006 3706 »
1037 3652 1142 3710 Ubi
1169 3653 1399 3725 agnosci
1439 3656 1666 3724 oportet
1693 3653 1902 3724 quippe
1932 3652 1977 3706 si
2013 3652 2138 3708 ani-

509 3763 622 3801 mae
645 3750 965 3818 martyrum
983 3762 1219 3818 corpore
1237 3749 1535 3817 perempto
1551 3745 1841 3816 suppliciis
1860 3746 2141 3817 exstingui

512 3856 628 3895 non
652 3845 907 3911 possunt,
931 3856 1036 3894 nec
1056 3839 1264 3893 animae
1290 3839 1723 3909 praedicatorum
1753 3842 1812 3893 et
1839 3840 2141 3894 doctorum

510 3933 778 4004 persequi
801 3932 1127 3987 debuissent
1147 3935 1245 3986 aut
1264 3932 1588 4003 perturbari
1613 3936 1671 3986 et
1688 3949 1723 3986 a
1746 3932 1848 3987 Dei
1863 3933 2137 3988 famulatu

509 4025 706 4093 averti,
727 4025 861 4097 quia
880 4043 1010 4081 cum
1032 4025 1361 4097 corporibus
1384 4042 1499 4080 non
1525 4025 1817 4081 deﬁciunt.
1849 4028 2007 4082 Tales
2031 4044 2133 4082 au-

509 4121 626 4174 tem
686 4120 1102 4190 perturbatores
1154 4119 1416 4175 Ecclesiae
1458 4136 1573 4174 non
1632 4120 1812 4175 solum
1870 4121 2140 4192 praedicta

507 4215 691 4284 agunt
709 4213 880 4284 mala,
897 4213 996 4268 sed
1017 4219 1074 4269 et
1088 4214 1395 4268 memorias
1409 4219 1725 4285 martyrum
1743 4219 2132 4270 exsecrantur.

494 4294 858 4378 Quapropter
899 4306 958 4361 in
997 4308 1231 4379 praefata
1263 4306 1657 4363 constituimus
1685 4307 1918 4380 synodo,
1946 4309 2131 4364 vobis-

2163 3225 2217 3300 C

2246 1967 2676 2039 acquisitionem
2708 1969 2941 2020 aeternae
2971 1965 3098 2038 vitae
3124 1964 3439 2035 procedunt
3479 1964 3618 2018 tales
3658 1979 3883 2017 accusa-

2244 2063 2429 2117 tiones
2456 2066 2512 2116 et
2541 2060 2937 2128 detractiones,
2968 2063 3137 2131 atque
3177 2058 3307 2113 ideo
3344 2058 3734 2128 competenter
3771 2073 3879 2111 nos

2245 2157 2446 2211 beatus
2474 2156 2683 2209 Paulus
2709 2156 2996 2226 apostolus
3019 2152 3408 2225 pl‘mmuniens
3428 2151 3509 2204 ait
3537 2168 3551 2204 :
3585 2171 3610 2202 «
3640 2152 3761 2205 Non
3784 2151 3880 2205 de-

2245 2249 2380 2304 bere
2407 2249 2533 2320 plus
2554 2266 2750 2320 sapere
2773 2265 2946 2319 quam
2972 2250 3198 2318 oportet
3216 2262 3437 2316 sapere,
3458 2244 3558 2299 sed
3584 2260 3784 2315 sapere
3807 2244 3881 2298 ad

2247 2343 2611 2397 sobrietatem
2654 2344 2820 2413 (Rom.
2855 2359 2951 2411 xu,
3002 2344 3073 2411 3),
3120 2362 3148 2389 »
3188 2340 3248 2394 in
3288 2338 3615 2394 deﬁnitione
3652 2337 3879 2409 pietatis

2245 2437 2636 2507 perdurantes.
2667 2436 2774 2499 Qui
2794 2436 2948 2490 enim
2970 2435 3116 2489 hanc
3144 2437 3510 2505 praetereunt,
3532 2435 3880 2507 nontamen

2243 2530 2361 2584 laesi
2386 2535 2519 2583 sunt
2542 2529 2869 2584 decidentes
2907 2546 2940 2582 a
2978 2526 3443 2583 corroboratione
3467 2542 3588 2595 sua,
3622 2525 3720 2579 sed
3748 2524 3883 2578 insi-

2244 2622 2474 2693 pientia“:
2487 2640 2601 2677 suae
2618 2623 3046 2694 dereliquerunt
3067 2620 3327 2675 domibus
3348 2619 3706 2687 memoriam,
3729 2623 3798 2672 ut
3818 2618 3880 2672 in

2243 2716 2331 2770 his
2359 2716 2417 2770 in
2442 2716 2649 2788 quibus
2674 2719 3050 2788 peccaverunt
3074 2714 3311 2769 minime
3337 2714 3512 2768 latere
3537 2712 3876 2783 potuissent.

2246 2808 2432 2864 Gloria
2461 2808 2613 2863 enim
2641 2813 2698 2864 et
2724 2809 3070 2864 contumelia
3098 2807 3158 2862 in
3187 2807 3414 2877 loquela
3450 2810 3506 2861 et
3547 2805 3607 2859 in
3649 2805 3883 2876 loquela

2242 2902 2454 2973 linguae
2479 2902 2726 2956 hominis
2756 2920 2913 2956 casus
2938 2902 3091 2956 illius
3118 2903 3222 2955 est.
3257 2901 3496 2971 [deoque
3532 2899 3880 2968 conveniens

2246 3002 2330 3051 est
2354 2997 2503 3051 hanc
2528 2996 2765 3067 quidem
2794 2996 3181 3051 ostensionem
3217 2993 3725 3066 reprehensionum
3751 2992 3884 3047 illo-

2242 3107 2371 3144 rum
2401 3092 2609 3144 nostris
2635 3091 2853 3145 actibus
2880 3090 3074 3160 inseri,
3108 3107 3179 3144 ne
3207 3088 3441 3143 ulterius
3470 3087 3594 3158 jam
3624 3087 3754 3141 talia
3782 3104 3881 3158 pa-

2242 3183 2463 3238 tiamini
2492 3185 2905 3239 seminantibus
2933 3185 3012 3238 eis
3038 3182 3250 3237 zizania
3281 3186 3339 3236 et
3359 3181 3639 3246 scandala,
3660 3179 3757 3234 sed
3782 3180 3879 3234 lae-

2243 3278 2353 3332 tari
2379 3277 2437 3331 in
2464 3278 2660 3332 ofﬁciis
2688 3283 2745 3332 et
2774 3278 3140 3348 dogmatibus
3164 3276 3363 3330 vestris
3389 3273 3746 3330 mereamini.
3770 3274 3880 3345 lgi-

2241 3376 2337 3426 tur
2366 3372 2720 3441 erubescant,
2745 3389 2811 3427 ac
2841 3371 2977 3426 talia
3007 3375 3065 3426 et
3090 3369 3423 3442 hujusmodi
3450 3367 3879 3439 blasphemiam

2243 3466 2579 3521 subtrahere
2608 3466 2898 3535 festinent,
2928 3467 2974 3519 si
3019 3464 3308 3520 noluerint
3332 3480 3364 3517 a
3400 3461 3734 3517 sacerdotali
3762 3478 3874 3516 no-

2242 3566 2356 3615 stro
2382 3559 2620 3632 collegio
2647 3559 2957 3631 segregari,
2988 3564 3045 3615 et
3071 3578 3105 3614 a
3141 3559 3315 3613 totius
3345 3556 3649 3613 Christiani
3674 3555 3880 3628 populi

2240 3654 2503 3709 societate
2531 3654 2738 3709 divelli.
2766 3654 2915 3708 Licet
2954 3668 3199 3725 namque
3230 3652 3301 3707 de
3330 3652 3419 3706 his
3446 3652 3617 3723 plura
3651 3656 3708 3705 et
3734 3666 3874 3722 per-

2242 3747 2555 3803 necessaria
2598 3765 2724 3819 quae
2768 3748 2829 3802 in
2872 3747 3114 3803 decretis
3161 3746 3307 3801 sedis
3340 3744 3680 3817 apostolicae,
3714 3743 3876 3798 etab

2239 3842 2508 3913 apostolis
2553 3858 2863 3913 eorumque
2908 3841 3316 3897 successoribus
3361 3839 3572 3894 nostris
3610 3838 3879 3893 videlicet

2238 3936 2749 4007 praedecessoribus
2779 3940 2986 3991 statuta
3028 3935 3401 3990 inveniuntur
3426 3933 3615 3987 dicere
3654 3936 3711 3987 et
3740 3948 3875 3987 con-

2240 4030 2483 4085 scribere
2508 4030 2914 4102 potuissemus,
2943 4032 3135 4085 tamen
3165 4029 3369 4083 melius
3400 4026 3561 4082 nobis
3579 4027 3766 4081 visum
3786 4031 3877 4081 est

2241 4127 2302 4178 ut
2330 4126 2627 4196 epistolam
2654 4125 2912 4205 oratione
2943 4124 3293 4178 claudamus.
3322 4123 3470 4177 Deus
3507 4120 3876 4192 omnipotens

2239 4224 2295 4273 et
2320 4219 2492 4289 hujus
2511 4218 2841 4289 unigenitus
2863 4219 3028 4285 ﬁlius,
3050 4221 3109 4272 et
3125 4218 3374 4271 salvator
3398 4219 3595 4271 noster
3614 4214 3877 4269 Christus

2234 4315 2392 4367 Jesus
2432 4313 2539 4367 hoc
2574 4313 2732 4367 vobis
2772 4312 2985 4367 tribuat
3014 4311 3465 4380 incitamentum,
3494 4312 3560 4363 ut
3599 4308 3875 4363 omnibus

508 4416 621 4471 que
661 4404 717 4456 et
769 4401 1036 4456 omnibus
1084 4402 1343 4457 Ecclesiis
1397 4403 1708 4458 tenendum
1747 4408 1805 4458 et
1844 4404 2133 4475 agendum
2235 4406 2505 4461 fratribus
2531 4411 2587 4462 et
2610 4407 2957 4478 coepiscopis
2985 4405 3190 4461 nostris
3225 4405 3654 4477 quibuscunque
3685 4402 3871 4457 tribu-

504 4495 868 4563 mandamus,
912 4500 974 4550 ut
1017 4512 1189 4567 super
1232 4496 1543 4551 memorias
1589 4502 1903 4569 martyrum
1949 4498 2135 4553 missae
2234 4500 2544 4555 lationibus
2582 4501 2970 4556 laborantibus
3012 4500 3144 4554 totis
3181 4498 3516 4554 suceurratis
3546 4496 3780 4565 viribus,
3814 4502 3877 4553 et

505 4588 877 4658 celebrentur,
899 4606 973 4644 ne
1003 4590 1296 4645 memoriae
1323 4607 1526 4646 eorum
1553 4609 1587 4645 a
1612 4591 1819 4647 talibus
1851 4592 2135 4663 exstingui
2155 4603 2214 4675 D
2238 4612 2368 4650 cum
2396 4596 2476 4649 eis
2502 4597 2910 4666 compatientes
2956 4610 3183 4649 crucem
3224 4594 3479 4665 ejusdem
3505 4592 3739 4646 Domini
3768 4593 3874 4647 sal-

506 4688 604 4739 aut
624 4684 913 4739 veneratio
935 4685 1108 4756 possit
1136 4685 1441 4756 prohiberi.
1474 4687 1578 4740 Vos
1604 4702 1756 4756 vero,
1786 4687 2008 4754 fratres,
2033 4703 2133 4741 no-
2234 4690 2443 4744 vatoris
2470 4690 2706 4761 portetis
2731 4695 2795 4744 ut
2821 4689 2939 4743 veri
2966 4689 3142 4760 ipsius
3170 4687 3428 4759 discipuli
3455 4702 3649 4740 coram
3688 4686 3873 4741 omni-

501 4777 599 4831 lite
629 4779 875 4834 multum
906 4779 1141 4849 turbari,
1170 4780 1347 4835 nolite
1373 4780 1585 4846 vexari,
1609 4781 1704 4834 sed
1735 4781 2135 4836 confortamini
2233 4784 2337 4838 bus
2363 4785 2703 4855 appareatis,
2735 4788 2801 4838 ut
2829 4789 2886 4838 et
2917 4800 3014 4838 vos
3054 4786 3111 4837 et
3144 4782 3243 4853 qui
3272 4782 3558 4836 vobiscum
3598 4785 3733 4835 sunt
3773 4780 3873 4835 hic

501 4870 562 4924 in
592 4871 854 4940 Domino,
885 4878 942 4927 et
983 4873 1044 4927 in
1087 4874 1338 4944 potentia
1368 4873 1655 4928 charitatis
1693 4874 1833 4943 ejus.
1868 4876 2132 4930 Habetote
2234 4882 2289 4932 et
2308 4879 2369 4932 in
2390 4880 2580 4933 futuro
2602 4878 2839 4933 meliora
2855 4877 3184 4949 possideatis
3204 4892 3331 4947 quae
3354 4876 3548 4930 oculus
3568 4891 3688 4930 non
3705 4875 3866 4944 vidit,

503 4962 736 5018 interim
777 4965 880 5020 ista
912 4966 983 5021 ad
1024 4967 1361 5038 suﬁragium
1402 4973 1651 5022 vestrum
1692 4968 2002 5039 apostolica
2038 4986 2133 5023 au-
2233 4990 2337 5028 nec
2369 4974 2520 5028 auris
2547 4972 2784 5042 audivit,
2819 4989 2924 5026 nec
2968 4973 3027 5026 in
3057 4987 3156 5027 cor
3186 4970 3431 5025 hominis
3457 4969 3710 5024 ascendit
3736 4986 3867 5040 quae

503 5057 762 5113 ctoritate
774 5059 1086 5132 decreta,et
1100 5062 1291 5117 scitote
1303 5078 1405 5116 nos
1419 5077 1645 5133 semper
1660 5067 1886 5132 paratos
1900 5062 2128 5133 habere,
2229 5068 2571 5138 praeparavit
2597 5068 2745 5121 Deus
2776 5066 3145 5137 diligentibus
3178 5082 3256 5119 se.
3298 5067 3403 5119 Per
3431 5064 3741 5119 Dominum
3768 5080 3872 5117 no-

505 5150 680 5205 etiam
710 5151 775 5221 (si
802 5170 1025 5209 necesse
1052 5155 1244 5227 fuerit)
1274 5172 1452 5227 usque
1486 5155 1557 5209 ad
1594 5158 1839 5209 mortem
1873 5156 1945 5209 ad
1980 5174 2131 5227 quae-
2232 5167 2410 5216 strum
2430 5164 2621 5217 Jesum
2644 5162 2951 5228 Christum,
2975 5178 3078 5232 per
3106 5176 3296 5231 quem,
3322 5165 3523 5214 etcum
3552 5175 3665 5229 quo
3686 5157 3872 5212 omni-

503 5261 727 5318 cunque
753 5247 908 5303 vobis
932 5250 1249 5305 necessaria
1281 5251 1494 5305 fuerint
1524 5249 1788 5321 (Domino
1826 5267 1994 5320 opem
2043 5253 2126 5307 fe-
2228 5256 2445 5328 potenti
2501 5259 2610 5312 Deo
2660 5256 2843 5328 gloria
2891 5256 2948 5309 in
2998 5255 3200 5309 saecula
3253 5254 3613 5308 saeculorum.
3655 5256 3867 5309 Amen.

501 5342 682 5412 rente)
708 5342 1069 5413 perﬁcienda.
1092 5344 1173 5398 Illi
1202 5347 1661 5412 tamen,auctore
1684 5345 2124 5416 Deo,peribunt,
2231 5352 2426 5407 Valere
2479 5368 2574 5406 vos
2618 5357 2769 5421 opto,
2814 5349 3133 5405 charissimi
3184 5350 3408 5403 fratres.
3470 5349 3613 5401 Data
3660 5364 3690 5400 v
3741 5348 3871 5402 ldus

502 5438 561 5490 et
583 5451 681 5490 vos
702 5437 943 5508 stabilis,
974 5438 1021 5492 si
1052 5441 1244 5493 tamen
1269 5438 1429 5492 labor
1459 5443 1640 5494 vester
1665 5456 1778 5494 non
1810 5439 1986 5494 fuerit
2011 5440 2129 5496 ina—
2227 5446 2459 5518 Augusti
2485 5445 2718 5503 Claudio
2746 5450 2801 5500 et
2826 5446 3069 5499 Paterno
3102 5444 3166 5497 ιν
3192 5459 3274 5498 cc.
3303 5441 3644 5497 consulibus.
3703 5477 3722 5491 .

496 5528 606 5595 nis,
636 5530 733 5587 sed
770 5532 975 5603 plenus
1003 5530 1114 5586 ﬁde
1152 5536 1210 5587 et
1237 5531 1532 5588 charitate.
1567 5555 1594 5583 ‹‹
1628 5535 1742 5603 Vae,
1776 5533 1960 5607 inquit
2000 5548 2127 5607 pro-

1243 5711 1455 5780 ITEM
1517 5715 1940 5787 EPISTOLA
2000 5718 2393 5788 EJUSDEM
2450 5720 2571 5787 AD
2634 5721 3109 5791 BENIGNUM.

566 5827 932 5884 Dilectissimo
974 5826 1135 5883 fratri
1180 5829 1424 5887 BENIGNO
1478 5832 1771 5905 epiSCOpo,
1809 5837 1974 5891 FELIX
2020 5835 2135 5908 epi-
2305 5838 2679 5909 Suscipientes
2704 5839 3067 5894 fraternitatis
3100 5842 3210 5893 tuae
3242 5836 3508 5909 epistolas
3533 5834 3746 5906 quibus
3772 5850 3867 5889 me

491 5938 687 5996 sceptis
721 5922 773 5975 in
805 5922 1044 5978 Domino
1072 5925 1330 5982 salutem.

2244 5949 2401 6007 super
2429 5932 2555 5990 fidei
2583 5934 2941 5990 documentis
2958 5950 3084 6009 quae
3104 5933 3173 5986 ab
3203 5933 3325 5987 aliis
3354 5930 3678 5987 habebatur
3698 5930 3870 5987 aliter
