4058 6386
205 408 300 464 197

1372 426 1379 432 “
1436 410 1906 466 DECRETALIUM
1945 411 2331 467 COLLECTIO.

3462 416 3561 468 198

202 532 371 587 quam
399 520 548 570 recte
585 515 719 570 fidei
750 515 1080 572 contineant
1107 520 1477 585 sacramenta,
1506 521 1677 589 prout
1718 520 1829 574 Do-
1853 530 1914 602 Α
1935 518 2193 574 omnium
2222 524 2551 574 sanctorum
2583 518 2823 574 minimo
2849 518 2978 574 data
3010 521 3095 574 est
3132 518 3314 590 gratia
3352 519 3476 573 haec
3504 520 3564 574 in

200 610 390 664 minus
415 610 589 678 dedit,
612 626 714 681 pro
741 610 1107 665 fraternitatis
1133 627 1327 665 amore
1354 612 1694 683 respondere
1714 629 1833 668 non

199 703 619 757 resultavimus.
649 704 886 775 Semper
912 704 1063 758 enim
1102 704 1274 759 dubia
1319 710 1375 760 et
1412 705 1624 777 majora
1647 722 1829 777 nego-

197 795 274 849 tia
302 795 620 851 terminum
645 797 715 850 ab
744 798 852 851 hac
878 800 1066 851 sancta
1096 798 1228 852 sede
1258 814 1291 851 a
1323 802 1579 870 tempore
1607 802 1830 871 aposto-

196 888 386 943 lorum
416 889 513 961 qui
544 907 670 944 eam
701 890 814 944 suis
855 891 1212 946 documentis
1249 892 1658 960 instruxerunt,
1685 893 1827 948 acci-

197 1000 333 1054 pere
351 988 791 1051 consueverunt,
807 988 864 1039 et
881 985 1007 1039 ideo
1031 987 1092 1039 tu
1111 988 1265 1039 recte
1288 985 1470 1040 fecisti
1494 986 1646 1057 quod
1661 986 1833 1057 hujus

199 1080 405 1130 sanctae
448 1077 596 1133 sedis
639 1077 907 1132 consultis
936 1081 991 1132 te
1028 1081 1372 1151 caeterosque
1407 1079 1628 1134 ﬁrmari
1658 1083 1716 1134 et
1740 1079 1829 1134 in-

198 1169 340 1223 strui
355 1170 603 1225 voluisti.
621 1171 1001 1227 Continebant
1016 1172 1173 1227 enim
1200 1172 1403 1227 litterae
1424 1176 1539 1227 tuae
1569 1172 1834 1227 fratrum-
1879 1194 1887 1202 ·

198 1280 309 1335 que
340 1268 571 1319 tuorum
599 1264 755 1336 quod
784 1265 1021 1338 quidam
1049 1266 1247 1321 dicunt
1280 1266 1485 1321 Filium
1520 1282 1634 1321 non
1670 1282 1833 1338 posse

196 1357 429 1428 proprie
454 1357 641 1413 videre
666 1360 915 1428 Patrem,
945 1359 1081 1431 quia
1119 1360 1394 1431 scriptum
1421 1364 1505 1415 est
1536 1376 1549 1414 :
1584 1381 1611 1409 «
1649 1361 1831 1414 Deum

195 1450 353 1504 enim
392 1467 563 1505 nemo
594 1451 733 1507 vidit
770 1470 1023 1524 unquam
1057 1454 1101 1523 (Ι
1136 1456 1290 1509 Joan.
1322 1470 1397 1523 1v,
1431 1453 1539 1525 12),
1571 1475 1599 1503 ››
1645 1455 1703 1507 et
1737 1452 1833 1508 alii

194 1543 446 1616 fingunt.
480 1545 607 1600 Ideo
642 1547 829 1600 minor
861 1551 946 1601 est
974 1548 1135 1602 Patre
1172 1547 1341 1602 Filius
1366 1546 1637 1619 quoniam
1666 1548 1833 1602 Pater

198 1637 278 1691 illi
307 1638 573 1708 perhibet
620 1640 1028 1695 testimonium.
1058 1640 1301 1705 Quidam
1342 1643 1537 1695 autem
1577 1640 1835 1712 garriunt

199 1732 356 1802 quod
405 1731 534 1787 ideo
576 1734 740 1787 Patre
789 1734 1006 1794 minor,
1039 1737 1141 1801 est,
1190 1733 1325 1805 quia
1367 1734 1665 1789 invisibilis
1711 1734 1833 1805 ipse

202 1823 430 1892 dicitur,
463 1825 634 1880 Filius
662 1843 794 1881 vero
818 1826 1051 1882 visibilis
1085 1827 1509 1899 comprobatur.

1934 612 2196 685 gentibus
2225 613 2610 685 evangelizare
2638 612 3060 683 investigabiles
3087 611 3309 667 divitias
3333 611 3563 681 Christi,

1933 711 1989 761 et
2013 706 2340 762 illuminare
2367 722 2563 761 omnes
2592 720 2721 778 quae
2751 705 2823 762 sit
2853 705 3199 777 dispensatio
3222 704 3567 760 sacramenti

1932 799 2246 854 absconditi
2268 800 2300 854 ἁ
2327 800 2545 855 saeculis
2574 798 2634 854 in
2659 800 2869 871 quibus
2894 799 3093 854 omnia
3122 798 3329 854 creavit
3350 798 3562 869 (Ephes.

1932 909 2014 960 111,
2044 896 2097 960 8,
2126 893 2199 964 9).
2230 912 2258 946 »
2282 895 2422 949 Item
2449 893 2602 965 ipse:
2640 915 2667 943 ‹‹
2692 894 2796 958 Qui
2823 898 2925 961 est,
2954 893 3053 962 ait,
3075 893 3268 963 imago
3295 891 3392 946 Dei
3418 890 3563 945 invi-

1933 986 2110 1042 sibilis
2155 986 2369 1058 (Coloss.
2418 1004 2457 1055 1,
2490 987 2593 1058 15).
2639 1007 2665 1035 η
2714 988 2779 1041 Et
2821 988 2891 1042 ad
2937 987 3292 1042 Colossenses
3325 1001 3338 1039 :
3377 1005 3405 1034 κ
3448 986 3565 1055 Ego

1932 1080 2136 1135 Paulus
2161 1081 2420 1136 minister
2439 1080 2540 1152 qui
2555 1096 2709 1134 nunc
2725 1080 2949 1151 gaudeo
2967 1080 3027 1135 in
3046 1078 3404 1151 passionibus
3424 1078 3569 1133 meis

1933 1191 2036 1245 pro
2083 1174 2239 1229 vobis
2293 1177 2351 1228 et
2406 1174 2639 1245 suppleo
2694 1189 2821 1245 quae
2876 1173 3078 1229 desunt
3134 1172 3568 1228 tribulationum

1932 1268 2139 1324 Christi
2164 1267 2224 1322 in
2248 1284 2416 1322 carne
2442 1283 2577 1322 mea
2608 1283 2710 1338 pro
2735 1282 2972 1338 corpore
3004 1266 3145 1337 ejus,
3179 1265 3333 1337 quod
3360 1267 3448 1319 est
3473 1265 3568 1319 Ec-

1933 1361 2118 1431 clesia,
2143 1361 2301 1433 cujus
2330 1363 2512 1415 factus
2543 1377 2669 1415 sum
2695 1376 2804 1431 ego
2829 1359 3090 1414 minister
3115 1358 3429 1414 secundum
3451 1357 3564 1412 dis-

1932 1455 2328 1527 pensationem
2354 1455 2455 1510 Dei
2480 1454 2540 1509 in
2576 1453 2961 1510 ministerium
2989 1452 3214 1520 Christi,
3240 1452 3394 1523 quod
3437 1451 3566 1506 abs-

1932 1548 2226 1604 conditum
2268 1548 2376 1604 fuit
2421 1565 2455 1602 a
2495 1547 2711 1602 saeculis
2761 1552 2818 1601 et
2863 1563 2897 1601 a
2946 1544 3409 1617 generationibus
3452 1545 3565 1614 (Co-

1936 1643 2032 1698 los.
2064 1659 2103 1709 1,
2134 1644 2335 1714 23-26).
2362 1663 2388 1690 »
2422 1644 2560 1696 Item
2586 1641 2665 1695 ibi
2688 1646 2754 1696 ut
2782 1640 3151 1696 consolentur
3172 1638 3338 1694 corda
3366 1653 3567 1693 eorum

1934 1735 1993 1791 in
2020 1735 2310 1804 charitate,
2339 1735 2400 1789 in
2429 1751 2631 1790 omnes
2657 1734 2882 1790 divitias
2907 1732 3331 1805 adimpletionis
3350 1730 3571 1786 intelle-

1935 1834 2055 1883 ctus
2071 1829 2131 1883 in
2151 1828 2500 1901 agnitionem
2520 1828 2777 1899 mysterii
2796 1827 2952 1900 quod
2977 1830 3061 1881 est
3076 1826 3351 1893 Christus,
3374 1825 3435 1879 in
3454 1840 3568 1896 quo

272 1918 341 1971 Hi
373 1918 525 1973 enim
573 1919 902 1990 ignorantes
947 1920 1269 1975 divinarum
1316 1921 1735 1992 Scripturarum
1780 1923 1911 1995 etB
1934 1928 2065 1978 sunt
2085 1939 2282 1978 omnes
2296 1922 2550 1977 thesauri
2571 1922 2862 1992 sapientiae
2880 1924 2938 1976 et
2956 1920 3208 1975 scientiae
3232 1918 3568 1986 absconditi,

197 2012 583 2082 apostolorum
591 2013 720 2083 jura
731 2057 742 2081 ,
752 2030 817 2067 ex
830 2014 1059 2085 proprio
1078 2018 1175 2069 aut
1191 2014 1510 2069 adulterino
1522 2031 1690 2069 sensu
1700 2013 1835 2069 talia

198 2103 501 2172 fabricant,
533 2109 591 2159 et
619 2106 889 2161 seducere
921 2108 1094 2162 corda
1120 2107 1378 2162 fidelium
1415 2109 1699 2179 quaerunt.
1727 2108 1835 2161 Nos
1865 2171 1871 2178 ι

197 2214 334 2253 vero
360 2198 435 2253 ad
459 2199 635 2270 ipsius
660 2199 831 2254 fontis
857 2201 1140 2272 originem
1168 2202 1480 2269 redeamus,
1512 2218 1579 2255 ex
1611 2217 1724 2272 quo
1751 2201 1834 2254 Fi-

196 2291 343 2346 lium
365 2293 591 2348 Patrem
610 2308 834 2365 semper
847 2294 1043 2348 videre
1060 2295 1308 2365 potuisse
1323 2295 1410 2349 vel
1429 2311 1590 2366 posse
1614 2293 1835 2349 eviden-

195 2384 435 2439 tioribus
476 2385 812 2441 testimoniis
852 2386 923 2441 de
960 2387 1162 2443 veteris
1205 2390 1262 2442 et
1305 2387 1432 2442 novi
1469 2385 1836 2443 instrumenti

194 2477 406 2533 litteris
431 2479 756 2551 doceamus,
780 2480 1076 2536 Salomone
1103 2481 1357 2536 dicente:
1381 2482 1520 2535 «Est
1544 2484 1732 2535 tecum
1756 2498 1837 2535 sa-

196 2572 416 2643 pientia
431 2589 561 2645 quae
579 2574 737 2628 novit
754 2590 929 2645 Opera
946 2580 1062 2642 tua,
1082 2580 1136 2630 et
1154 2574 1316 2629 affuit
1334 2580 1469 2630 tunc
1485 2591 1616 2638 cum
1637 2575 1835 2629 orbem

198 2671 487 2721 terrarum
539 2667 770 2735 faceres,
807 2674 863 2722 et
909 2668 1120 2724 sciebat
1171 2669 1324 2740 quod
1374 2672 1520 2723 esset
1568 2669 1838 2740 placitum

199 2776 397 2814 coram
451 2761 630 2815 oculis
679 2761 790 2816 tuis
828 2762 976 2833 (Sap.
1029 2779 1102 2831 1x,
1155 2764 1227 2833 9).
1275 2785 1303 2813 »
1353 2765 1421 2818 Et
1472 2763 1742 2817 Dominus
1778 2763 1839 2816 in

200 2853 512 2926 Evangelio
545 2872 559 2909 :
592 2876 619 2905 ‹‹
646 2857 822 2910 Nemo
860 2857 1014 2911 novit
1050 2856 1255 2911 Filium
1292 2856 1404 2910 nisi
1436 2858 1618 2923 Pater,
1652 2870 1840 2926 neque

200 2948 428 3003 Patrem
457 2947 583 3019 quis
613 2949 773 3003 novit
799 2948 905 3004 nisi
947 2948 1117 3004 Filius
1159 2954 1215 3004 et
1256 2950 1347 3005 cui
1392 2949 1636 3005 voluerit
1670 2948 1841 3003 Filius

202 3042 463 3096 revelare
492 3040 709 3113 (Matth.
739 3059 813 3111 x1,
841 3042 950 3114 27).
973 3062 999 3095 »
1027 3045 1094 3097 Et
1123 3044 1370 3099 iterum:
1401 3044 1628 3097 «Nemo
1656 3043 1840 3096 Deum

201 3135 345 3191 vidit
371 3152 650 3208 unquam,
678 3136 785 3191 nisi
818 3137 1146 3209 unigenitus
1184 3138 1358 3192 Filius
1385 3138 1484 3211 qui
1514 3141 1599 3193 est
1622 3137 1681 3191 in
1711 3136 1841 3190 sinu

200 3229 403 3299 Patris,
444 3230 564 3301 ipse
606 3231 853 3286 narravit
896 3231 1072 3303 (Joan.
1106 3248 1144 3301 1,
1179 3232 1283 3303 18).
1323 3253 1350 3282 ››
1395 3234 1462 3287 Et
1489 3231 1698 3287 iterum
1737 3232 1835 3285 Ju-

1934 2021 1990 2072 et
2016 2017 2076 2071 in
2098 2016 2318 2087 psalmo
2350 2015 2769 2088 septuagesimo
2802 2019 2960 2070 sexto
2993 2032 3007 2069 :
3045 2034 3072 2066 «
3101 2015 3163 2068 In
3192 2011 3336 2067 mari
3365 2016 3454 2066 est
3483 2012 3572 2065 via

1934 2114 2052 2181 tua,
2089 2113 2147 2164 et
2182 2110 2398 2165 semitae
2445 2113 2556 2164 tuae
2592 2109 2655 2164 in
2685 2108 2846 2181 aquis
2873 2108 3086 2175 multis,
3117 2112 3174 2162 et
3208 2105 3445 2177 vestigia
3471 2111 3570 2160 tua

1934 2220 2049 2259 non
2098 2208 2517 2275 cognoscentur
2543 2203 2711 2273 (Psal.
2746 2219 2923 2269 Lxxv1,
2966 2202 3077 2272 20).
3125 2222 3151 2249 »
3198 2202 3267 2257 Et
3310 2200 3369 2253 in
3414 2198 3568 2253 Salo-

1935 2314 2108 2353 mone
2144 2315 2156 2352 :
2188 2316 2214 2349 α
2245 2297 2590 2368 Sapientiam
2624 2296 2718 2351 Dei
2748 2296 3164 2368 praecedentem
3207 2293 3402 2349 omnia
3445 2291 3570 2364 quis
3646 2314 3651 2317 -

1936 2391 2333 2461 investigabit?
2381 2391 2559 2462 (Eccli.
2613 2408 2650 2459 1,
2698 2391 2771 2461 3.)
2806 2409 2833 2441 ››
2882 2391 3024 2444 [tem
3050 2388 3128 2442 ibi
3158 2406 3171 2443 :
3205 2407 3232 2440 ‹‹
3262 2386 3440 2442 Radix
3481 2402 3569 2441 sa-

1936 2484 2165 2557 pientiae
2195 2484 2285 2539 cui
2312 2485 2556 2540 revelata
2584 2488 2686 2552 est,
2718 2486 2775 2538 et
2798 2482 3027 2538 astutias
3055 2482 3207 2535 illius
3232 2480 3358 2552 quis
3389 2496 3568 2551 agno-

1937 2578 2056 2633 vit?
2102 2599 2129 2628 n
2183 2579 2360 2645 (Ibid.,
2405 2578 2479 2647 6.)
2508 2580 2648 2633 [tem
2692 2576 2814 2631 ibi:
2849 2594 2878 2628 ε(
2925 2574 3235 2646 Disciplina
3280 2572 3569 2645 sapientiae

1939 2672 2030 2726 cui
2067 2671 2426 2726 manifestata
2475 2674 2582 2737 est,
2610 2673 2668 2724 et
2713 2667 3243 2740 multiplicationem
3287 2667 3573 2739 ingressus

1938 2765 2087 2820 illius
2130 2765 2279 2836 quis
2303 2763 2626 2819 intellexit?
2665 2761 2851 2835 (Ibid.,
2889 2761 2966 2832 7.)
2997 2762 3139 2815 Item
3182 2759 3262 2813 ibi
3294 2776 3307 2814 :
3342 2781 3369 2810 «
3416 2759 3569 2824 Quo-

1939 2858 2100 2913 niam
2138 2858 2418 2913 mirabilia
2455 2859 2589 2912 sunt
2616 2872 2789 2928 opera
2816 2854 3085 2910 Altissimi
3129 2853 3318 2924 solius,
3348 2859 3405 2908 et
3446 2853 3569 2925 glo-

1940 2952 2091 3007 riosa
2111 2955 2167 3006 et
2190 2950 2479 3021 absconsa,
2498 2954 2555 3005 et
2574 2949 2757 3004 invisa
2773 2965 2947 3020 opera
2967 2947 3115 3002 illius
3140 2947 3327 3018 (1bid.,
3347 2961 3424 3015 x1,
3443 2946 3516 3017 4).
3542 2968 3569 2995 ››

1941 3047 2080 3101 Ecce
2118 3044 2265 3100 sicut
2300 3046 2467 3100 Pater
2490 3042 2782 3099 invisibilis
2810 3045 2913 3109 est,
2945 3041 3026 3096 ita
3050 3044 3106 3096 et
3144 3040 3267 3112 jam
3304 3044 3362 3094 et
3405 3039 3574 3094 Filius

1939 3139 2248 3194 invenitur.
2275 3138 2570 3203 Quomodo
2589 3152 2726 3208 ergo
2746 3136 2815 3191 ab
2834 3135 2946 3191 illis
2963 3135 3064 3207 qui
3083 3134 3193 3190 hoc
3213 3134 3409 3190 dicunt
3423 3133 3577 3205 quod

1939 3232 2250 3288 mandastis
2276 3231 2336 3287 in
2368 3250 2436 3288 eo
2464 3231 2621 3304 quod
2666 3231 2828 3285 nobis
2861 3229 3164 3285 carnaliter
3192 3245 3251 3284 se
3277 3226 3454 3283 videri
3488 3226 3571 3282 di-

200 3322 344 3377 dacis
368 3292 553 3378 dixit:
590 3345 619 3373 «
643 3326 754 3379 Vos
792 3292 911 3380 non
951 3292 1314 3394 nostis'eum,
1343 3342 1448 3397 ego
1483 3329 1676 3380 autem
1711 3323 1839 3379 novi
1860 3292 1915 3365 Ο
1943 3330 2146 3399 gnatus
2170 3332 2255 3383 est
2279 3329 2443 3381 Patre
2480 3292 2716 3381 inferior
2746 3323 3085 3396 judicatur?
3129 3322 3356 3378 Talibus
3396 3321 3575 3377 nolite

202 3433 363 3471 eum.
392 3417 549 3486 Quod
572 3418 618 3472 si
644 3418 832 3473 dixero
858 3418 994 3491 quia
1022 3436 1138 3474 non
1166 3420 1299 3474 novi
1332 3436 1484 3489 eum,
1515 3436 1614 3474 ero
1643 3417 1842 3473 similis

202 3510 364 3566 vobis
393 3511 639 3566 mendax
669 3512 841 3583 (Joan.
871 3530 992 3593 v11_1,
1027 3514 1136 3585 55).
1167 3533 1195 3567 »
1228 3516 1367 3569 Item
1405 3513 1481 3568 ibi
1515 3529 1528 3567 :
1563 3535 1589 3561 ‹‹
1623 3513 1728 3576 Qui
1772 3529 1841 3566 ex

203 3605 323 3660 Deo
355 3611 459 3675 est,
482 3605 574 3661 hic
596 3606 752 3661 novit
781 3623 931 3662 eum.
956 3629 983 3658 ››
1014 3609 1082 3662 Et
1106 3608 1333 3662 iterum.
1367 3626 1395 3659 ‹‹
1422 3608 1540 3678 Ego
1566 3606 1681 3661 scio
1709 3622 1842 3661 eum

205 3698 346 3770 quia
382 3700 453 3754 ab
488 3700 611 3772 ipso
635 3717 765 3755 sum
793 3700 969 3773 (Joan.
1004 3718 1098 3770 v11,
1122 3702 1229 3773 29).
1272 3722 1301 3754 »

276 3794 419 3847 Ecce
455 3794 772 3866 docuimus,
797 3796 932 3867 quia
957 3796 1114 3851 videt
1138 3813 1367 3869 semper
1395 3796 1567 3850 Filius
1593 3796 1838 3850 Patrem.

201 3887 504 3952 Quomodo
537 3893 805 3944 astruunt
838 3906 968 3944 eum
1002 3892 1225 3945 Patrem
1267 3907 1379 3944 non
1427 3906 1590 3962 posse
1632 3889 1840 3958 videre,

202 3980 263 4035 in
313 3981 478 4053 cujus
518 3982 645 4037 sinu
691 3983 941 4038 noscitur
968 4001 1320 4056 permanere.
1352 3985 1407 4040 Si
1444 4001 1642 4039 sereno
1674 4000 1844 4037 sensu

204 4074 429 4131 divinas
459 4092 750 4132 recenseas
776 4078 1108 4151 Scripturas,
1132 4079 1381 4134 invenies
1404 4095 1521 4133 non
1539 4080 1721 4132 solum
1745 4080 1843 4133 Pa-

204 4172 355 4224 trem
383 4169 521 4225 Filio
552 4171 941 4226 testimonium
969 4172 1386 4244 perhibentem,
1412 4172 1510 4227 sed
1548 4175 1725 4226 totam
1765 4164 1876 4243 si-F-

204 4264 329 4318 mul
370 4263 808 4336 inseparabilem
836 4266 1165 4321 Trinitatem
1209 4267 1332 4339 ipso
1378 4266 1623 4321 Domino
1648 4248 1867 4340 protef'

206 4360 419 4428 stante,
443 4359 542 4430 qui
560 4358 674 4414 ait:
705 4361 868 4432 «Ego
895 4377 1021 4415 sum
1040 4360 1136 4433 qui
1156 4361 1542 4416 testimonium
1569 4358 1841 4432 perhibeo

208 4450 276 4507 de
302 4452 545 4527 meipso,
572 4457 630 4508 et
650 4454 1044 4510 testimonium
1066 4456 1327 4527 perhibet
1349 4456 1418 4510 de
1438 4472 1550 4526 me,
1572 4454 1669 4527 qui
1691 4453 1845 4508 misit

208 4562 321 4613 me,
362 4548 526 4602 Pater
570 4550 743 4615 (Joan.
786 4566 899 4617 VIII,
941 4550 1046 4620 18).
1078 4572 1105 4601 ››
1161 4552 1227 4605 Et
1274 4549 1481 4604 iterum
1515 4567 1528 4604 :
1562 4568 1589 4601 «
1628 4548 1683 4604 Si
1729 4550 1843 4620 Ego

208 4639 607 4696 testimonium
620 4641 892 4713 perhibeo
905 4644 973 4698 de
986 4643 1099 4698 mei
1105 4661 1229 4715 pso,
1245 4642 1633 4699 testimonium
1650 4658 1843 4697 meum
1863 4665 1921 4738 D

210 4750 410 4788 verum
452 4740 553 4804 est,
582 4736 717 4805 quia
745 4735 858 4792 scio
892 4738 1042 4793 unde
1069 4738 1234 4793 venio
1262 4742 1319 4792 et
1346 4754 1458 4808 quo
1487 4737 1631 4792 vado
1665 4736 1839 4808 (Joan.

207 4844 325 4898 τω,
361 4830 465 4901 li).
509 4852 536 4879 η
588 4831 657 4885 Et
698 4830 768 4886 de
815 4832 1028 4903 Spiritu
1072 4835 1267 4887 sancto
1304 4848 1316 4886 :
1368 4853 1395 4881 ‹‹
1444 4833 1587 4899 Dum
1628 4830 1847 4885 venerit

210 4924 536 4995 paracletus
561 4924 805 4997 Spiritus
831 4926 1080 4982 veritatis
1110 4927 1204 4981 ille
1234 4925 1626 4981 testimonium
1657 4926 1846 5006 perhi:

206 5016 370 5071 bebit
413 5018 483 5073 de
531 5035 627 5073 me
660 5019 832 5089 (Joan.
863 5037 955 5088 xv,
986 5020 1099 5093 26);
1134 5042 1161 5070 »
1217 5020 1471 5090 intende,
1501 5036 1711 5092 quaeso,
1756 5019 1843 5074 in-

208 5111 382 5166 tende
427 5112 697 5183 quoniam
738 5113 796 5168 in
827 5114 1029 5186 quibus
1075 5132 1192 5169 una
1231 5114 1641 5171 testiﬁcationis
1668 5113 1847 5169 virtus

206 5206 554 5277 ostenditur,
578 5207 769 5262 nullus
785 5208 854 5262 ab
872 5209 985 5264 alio
1002 5226 1187 5282 neque
1203 5211 1390 5282 potior
1404 5226 1591 5281 neque
1612 5209 1849 5264 inferior

191 5300 514 5371 judicatur.
544 5300 759 5373 Smpius
786 5301 893 5357 ista
911 5303 1034 5374 jam
1073 5305 1341 5373 diximus,
1374 5304 1505 5376 quia
1536 5303 1848 5359 secundum

197 5393 461 5449 hominis
510 5395 759 5450 formam
812 5397 979 5452 Filius
1007 5398 1239 5454 visibilis
1277 5398 1499 5469 dicitur,
1532 5398 1847 5453 secundum

196 5504 345 5541 vero
359 5487 594 5543 Deitatis
609 5488 981 5546 substantiam
1002 5491 1300 5546 invisibilis
1317 5492 1661 5564 praedicatur
1680 5492 1849 5546 Paulo

194 5585 515 5637 attestante
540 5584 798 5656 apostolo
825 5601 838 5639 :
877 5604 904 5637 «
933 5586 976 5640 Ο
1009 5586 1265 5656 altitudo,
1296 5586 1500 5659 inquit,
1522 5574 1867 5642 divitiarum-

196 5677 513 5749 sapientiae
538 5680 594 5732 et
618 5678 866 5734 scientiae
897 5680 1016 5750 Dei,
1044 5697 1216 5753 quam
1253 5680 1851 5753 incomprehensibilia

192 5776 346 5829 sunt
380 5770 603 5843 judicia
650 5773 772 5845 ejus
821 5777 877 5829 et
920 5774 1340 5847 investigabiles
1374 5775 1478 5831 via:
1527 5775 1650 5848 ejus
1680 5776 1846 5848 (Rom.

190 5884 289 5933 x1,
317 5869 426 5937 33).
458 5890 487 5917 ››
519 5868 588 5922 Et
622 5868 683 5923 in
720 5869 857 5925 Isaia
889 5889 903 5924 :
933 5870 1034 5925 Cui
1081 5870 1327 5925 similem
1375 5870 1670 5927 aestimatis
1717 5887 1850 5925 eum

190 5977 345 6022 cum
382 5960 456 6018 sit
487 5960 610 6038 ipse
639 5962 953 6020 invisibilis.
987 5966 1052 6020 Et
1096 5966 1232 6021 item
1279 5966 1573 6041 Apostolus
1607 5982 1620 6020 :
1659 5986 1684 6019 (ι
1718 5964 1851 6021 Mihi

1942 3422 2172 3477 credere
2201 3437 2293 3475 vos
2318 3424 2375 3475 et
2398 3420 2535 3474 alios
2560 3419 2629 3474 ab
2651 3435 2849 3473 eorum
2871 3434 3040 3473 sensu
3061 3421 3314 3472 avertere
3335 3417 3534 3472 docete
3558 3433 3571 3470 :

1940 3517 2050 3571 Vos
2080 3532 2216 3587 ergo
2243 3514 2447 3569 servite
2485 3512 2729 3568 Domino
2771 3512 2831 3566 in
2876 3512 3101 3580 timore,
3131 3515 3188 3566 et
3217 3511 3493 3566 exsultate
3524 3510 3577 3565 ei

1941 3625 2072 3664 cum
2097 3612 2360 3663 tremore.
2390 3605 2812 3679 Apprehendite
2840 3603 3200 3676 disciplinam
3237 3619 3307 3658 ne
3333 3603 3574 3675 pereatis

1942 3703 2013 3759 de
2039 3701 2128 3756 via
2148 3703 2320 3774 justa.

2011 3798 2141 3852 Haec
2165 3812 2299 3852 vero
2322 3795 2707 3868 opostolorum
2742 3797 2827 3849 est
2857 3793 2980 3847 viva
3005 3790 3259 3863 traditio,
3286 3782 3411 3847 haec
3440 3807 3574 3849 vera

1942 3891 2184 3947 charitas
2214 3907 2343 3963 quas
2368 3889 2727 3962 praedicanda
2747 3893 2850 3959 est,
2880 3893 2938 3943 et
2966 3887 3240 3953 veraciter
3261 3886 3568 3958 diligenda,

1916 4044 1919 4051 ,
1945 4003 2010 4041 ac
2038 3985 2306 4056 fovenda,
2338 3990 2508 4057 atque
2544 3983 2882 4039 ﬁducialiter
2909 3982 2980 4038 ab
3013 3981 3276 4037 omnibus
3303 3981 3574 4040 tenenda.

1943 4081 2072 4135 Haec
2100 4084 2294 4136 sancta
2338 4083 2395 4134 et
2438 4078 2743 4150 apostolica
2783 4080 2973 4132 mater
3002 4074 3263 4132 omnium
3304 4062 3573 4131 Ecclesia-

1944 4191 2073 4230 rum
2099 4173 2303 4231 Christi
2330 4173 2577 4228 Ecclesia
2600 4188 2729 4244 quae
2758 4188 2862 4243 per
2888 4171 2987 4226 Dei
3013 4170 3421 4243 omnipotentis
3451 4185 3580 4241 gra-

1944 4268 2085 4322 tiam
2111 4285 2144 4322 a
2170 4267 2398 4323 tramite
2441 4265 2761 4338 apostolicae
2802 4264 3124 4320 traditionis
3160 4280 3458 4336 nunquam
3483 4279 3574 4318 er-

1943 4379 2092 4417 rasse
2121 4361 2415 4434 probatur,
2449 4377 2554 4415 nec
2581 4359 2653 4414 ab
2679 4359 2964 4413 haereticis
2996 4358 3339 4415 novitatibus
3370 4357 3572 4430 depra-

1943 4456 2125 4510 vanda
2154 4453 2447 4510 succubuit
2489 4470 2502 4509 :
2545 4453 2662 4524 sed,
2693 4457 2757 4508 ut
2782 4452 2841 4507 in
2875 4452 3109 4508 exordio
3149 4468 3410 4507 normam
3440 4451 3576 4507 ﬁdei

1943 4544 2275 4606 Christianae
2305 4546 2561 4619 percepit
2588 4546 2658 4601 ab
2695 4545 3015 4601 auctoribus
3050 4545 3164 4600 suis
3190 4545 3577 4616 apostolorum

1944 4642 2147 4699 Christi
2172 4641 2524 4714 principibus
2552 4640 2782 4707 illibata,
2815 4639 2927 4694 fine
2953 4644 3119 4694 tenus
3143 4642 3357 4705 manet,
3381 4653 3575 4693 secun-

1945 4739 2082 4794 dum
2098 4736 2274 4809 ipsius
2286 4735 2509 4789 Domini
2523 4733 2823 4790 Salvatoris
2841 4732 3093 4788 divinam
3107 4731 3573 4804 pollicitationem

1946 4832 2043 4905 qui
2060 4828 2840 4903 suorum46discipulorum
2853 4826 3098 4900 principi
3114 4826 3174 4880 in
3192 4825 3308 4882 suis
3326 4825 3471 4880 fatus
3491 4830 3577 4881 est

1945 4925 2284 4998 evangeliis:
2318 4944 2345 4976 (ί
2367 4926 2550 4993 Petre,
2582 4923 2866 4996 inquiens,
2897 4938 3026 4977 ecce
3054 4925 3273 4976 satanas
3300 4919 3573 4993 expetivit

1947 5024 2010 5076 ut
2028 5021 2300 5076 cribraret
2319 5036 2413 5075 vos
2442 5018 2586 5074 sicut
2604 5018 2702 5091 qui
2721 5016 2935 5073 cribrat
2951 5015 3221 5071 triticum.
3245 5017 3363 5087 Ego
3383 5020 3575 5071 autem

1945 5115 2139 5187 rogavi
2157 5131 2259 5187 pro
2279 5119 2337 5170 te
2356 5117 2419 5169 ut
2438 5130 2555 5168 non
2573 5112 2797 5167 deﬁciat
2820 5110 2959 5166 ﬁdes
2984 5113 3102 5179 tua,
3120 5114 3178 5165 et
3195 5114 3256 5165 tu
3275 5108 3577 5182 aliquando

1948 5226 2249 5266 conversus
2278 5208 2553 5264 conﬁrma
2582 5207 2783 5261 fratres
2809 5210 2937 5260 tuos
2965 5203 3112 5275 (Luc.
3145 5220 3275 5275 xxu,
3300 5206 3389 5273 31,
3414 5204 3522 5277 32).
3546 5226 3573 5255 ››

1947 5304 2274 5363 Consideret
2312 5303 2499 5374 itaque
2532 5307 2714 5356 vestra
2750 5299 3032 5354 excellens
3058 5298 3367 5372 prudentia
3404 5314 3580 5371 quam

1946 5399 2163 5454 bonum
2193 5398 2266 5452 sit
2287 5396 2584 5470 persistere
2610 5394 2671 5449 in
2705 5392 3126 5466 dispensatione
3165 5392 3332 5449 nobis
3362 5392 3577 5448 credita

1950 5498 2007 5548 et
2030 5493 2090 5547 in
2121 5491 2233 5547 fide
2264 5495 2437 5560 recta,
2469 5493 2639 5559 atque
2674 5487 2959 5543 haereticis
3004 5493 3063 5543 et
3107 5486 3329 5543 aemulis
3365 5486 3573 5543 Christi

1948 5602 2295 5659 repugnare,
2312 5587 2368 5639 et
2380 5599 2675 5655 nunquam
2695 5598 2729 5637 a
2742 5581 2993 5638 veritatis
3010 5581 3239 5638 tramite
3258 5581 3573 5659 declinare:

1949 5681 2219 5754 quoniam
2241 5678 2510 5733 Dominus
2530 5682 2587 5733 et
2605 5676 2859 5734 Salvator
2876 5675 3137 5732 omnium
3162 5676 3319 5748 cujus
3335 5657 3477 5729 fides
3496 5676 3582 5728 est

1952 5774 2051 5848 qui
2067 5790 2172 5847 pro
2195 5772 2361 5828 nobis
2379 5771 2526 5827 mori
2546 5788 2663 5828 non
2693 5770 2989 5842 dubitavit,
3013 5776 3070 5827 et
3094 5768 3328 5843 proprio
3350 5783 3454 5823 nos
3474 5780 3575 5821 suo

1950 5868 2195 5925 redemit
2225 5867 2521 5940 sanguine,
2552 5865 2650 5940 qui
2681 5866 2852 5922 ﬁdem
2887 5864 3038 5921 beati
3065 5862 3217 5919 Petri
3264 5876 3381 5917 non
3420 5859 3584 5917 defe-

1953 5970 2173 6021 cturam
2202 5962 2482 6037 promisit,
2508 5966 2564 6017 et
2588 5961 2920 6017 conﬁrmare
2948 5974 3077 6014 eum
3111 5957 3309 6010 fratres
3337 5972 3465 6011 suos
3493 5955 3589 6011 ad-
