4058 6338
494 389 595 449 199

1379 384 1662 444 APPEND.
1701 386 1788 442 AD
1825 388 1985 443 SrEC.
2027 387 2115 442 IX.
2143 417 2211 426 —
2249 387 2497 444 lSlDORI
2534 382 2960 443 MERCATORIS

2276 137 2306 159 ὃ

3750 386 3859 442 200

492 499 721 555 monuit
743 499 894 571 quod
921 497 1257 570 apostolicos
1291 498 1586 569 pontiﬁces
1617 513 1763 552 mea
1799 497 2122 568 exiguitatis
2144 510 2203 584 Α
2224 503 2479 570 suscepto
2508 499 2788 553 rationem
2810 497 2997 568 justus
3010 494 3191 566 judex
3217 486 3467 550 Christus
3485 493 3634 549 Deus
3659 500 3863 550 noster

491 593 937 665 pradecessores
958 592 1306 647 conﬁdenter
1331 591 1526 646 fecisse
1557 607 1785 664 semper
1803 592 2016 646 cunctis
2041 596 2126 646 est

490 686 806 758 cognitum.
837 686 1094 751 Quorum
1130 688 1187 741 et
1215 684 1487 756 pusillitas
1512 701 1660 754 mea,
1689 685 1819 740 licet
1855 684 2042 756 impar
2070 688 2125 740 et

491 780 755 851 minima,
778 796 883 850 pro
903 783 1159 850 suscepto
1186 780 1377 833 tamen
1398 777 1589 833 divina
1608 778 1935 848 dignatione
1960 777 2124 832 mini-

492 873 665 928 sterio
705 872 1043 944 pedissequa
1085 870 1240 942 cupit
1287 871 1525 927 existere
1568 888 1580 926 :
1618 873 1713 926 Va
1762 872 1918 927 enim
1964 872 2123 926 nobis

491 966 619 1034 erit,
650 967 749 1037 qui
778 966 947 1036 hujus
966 964 1267 1020 ministerii
1295 981 1437 1019 onus
1465 970 1791 1036 susceptum
1823 966 2120 1033 habemus,

492 1059 539 1114 si
586 1059 881 1114 veritatem
933 1058 1233 1113 Salvatoris
1286 1058 1468 1113 nostri
1513 1060 1639 1113 Jesu
1686 1058 1912 1125 Christi,
1949 1076 2123 1131 quam

490 1150 729 1223 apostoli
751 1151 1208 1223 pradicaverunt
1225 1151 1541 1223 praedicare
1562 1152 2002 1221 neglexerimus.
2030 1154 2121 1207 Va

492 1244 601 1300 erit
623 1244 806 1316 nobis,
828 1245 875 1299 si
896 1244 1119 1299 silentio
1146 1244 1440 1300 veritatem
1466 1245 1930 1316 oppresserimus,
1950 1262 2122 1317 quam

491 1353 733 1409 erogare
773 1337 1178 1393 nummulariis
1221 1338 1514 1410 jubemur,
1542 1338 1603 1392 id
1646 1342 1749 1408 est,
1777 1339 2123 1394 Christianos

485 1431 728 1503 populos
771 1431 970 1501 juvare
1016 1435 1073 1485 et
1122 1431 1346 1486 docere.
1395 1431 1545 1496 Quid
1592 1430 1651 1485 in
1696 1432 1872 1503 ipsius
1930 1432 2122 1486 futuro

490 1523 704 1579 Christi
724 1524 930 1578 dicturi
954 1540 1153 1579 sumus
1181 1524 1443 1580 examine
1460 1524 1508 1579 si
1535 1541 1863 1580 sermonum
1888 1526 2009 1596 ejus
2026 1542 2117 1579 ve-

487 1616 721 1672 ritatem
746 1616 1152 1672 confundimur
1176 1617 1486 1689 pradicare
1504 1617 1531 1672 ‘?
1563 1618 1709 1682 Quid
1739 1619 1846 1673 erit
1871 1618 1941 1674 de
1960 1618 2121 1673 nobis

491 1725 624 1765 cum
679 1709 749 1766 de
796 1710 1112 1766 commissis
1164 1710 1324 1791 nobis
1373 1711 1674 1767 animabus
1722 1717 1779 1767 et
1819 1712 1889 1769 de
1935 1711 2119 1767 ofﬁcio

2225 591 2536 646 districtam
2554 590 2806 663 exegerit
2818 590 2845 643 ‘?
2861 589 3011 656 Ideo,
3029 588 3251 655 fratres,
3276 588 3473 642 hortor
3493 587 3861 643 dilectionem

2224 688 2491 754 vestram,
2523 684 2769 739 obtestor
2798 687 2854 737 et
2880 700 3114 748 moneo,
3145 686 3206 735 ut
3233 697 3345 752 qua
3389 681 3619 752 potestis
3658 684 3717 736 et
3765 681 3863 736 de-

2222 778 2365 833 betis
2388 778 2761 833 sollicitudine
2787 777 3033 848 vigiletis
3063 775 3132 830 ad
3163 774 3588 846 investigandos
3616 775 3854 830 hareti-

2223 888 2318 927 cos
2368 876 2425 927 et
2471 871 2732 926 inimicos
2777 873 2989 925 sancta
3030 869 3129 924 Dei
3179 868 3461 939 Ecclesia,
3514 873 3571 923 et
3621 884 3655 923 a
3705 868 3858 923 sanis

2222 965 2527 1032 mentibus,
2547 980 2619 1019 ne
2649 964 2822 1036 pestis
2844 964 2968 1018 hac
2998 963 3165 1019 latius
3189 963 3529 1033 divulgetur,
3559 963 3857 1017 severitate

2223 1075 2393 1129 quam
2418 1058 2650 1130 potestis
2666 1073 2771 1129 pro
2788 1057 3000 1113 viribus
3024 1057 3344 1128 extirpetis;
3372 1055 3641 1127 quoniam
3663 1058 3727 1110 ut
3749 1055 3853 1110 ha-

2222 1151 2378 1206 bebit
2403 1169 2436 1206 a
2461 1152 2569 1206 Deo
2597 1151 2769 1223 digne
2799 1149 3283 1206 remunerationis
3311 1148 3619 1220 pramium
3653 1148 3752 1220 qui
3777 1148 3859 1203 di-

2221 1243 2495 1315 ligentius
2519 1245 2669 1317 quod
2699 1244 2773 1299 ad
2791 1246 3031 1299 salutem
3058 1243 3372 1299 commissa
3399 1242 3505 1297 sibi
3531 1241 3713 1314 plebis
3732 1258 3859 1314 per-

2222 1337 2376 1393 ﬁciat
2417 1339 2590 1394 fuerit
2634 1341 2945 1406 exsecutus,
2980 1338 3058 1392 ita
3083 1342 3213 1392 ante
3248 1336 3495 1392 tribunal
3527 1335 3756 1390 Domini
3786 1335 3858 1391 de

2222 1435 2384 1487 reatu
2404 1432 2775 1504 negligentiae
2798 1448 2856 1487 se
2873 1448 2988 1486 non
3009 1429 3224 1504 poterit
3239 1446 3506 1485 excusare
3530 1429 3860 1501 quicunque

2221 1525 2451 1596 plebem
2481 1542 2643 1581 suam
2663 1529 2858 1581 contra
2876 1525 3168 1596 sacrilega
3189 1523 3574 1596 persuasionis
3593 1528 3858 1579 auctores

2221 1619 2467 1674 noluerit
2494 1619 2803 1695 custodire.
2836 1621 2970 1675 Data
2996 1620 3181 1674 Nonas
3208 1617 3518 1685 Februarii,
3540 1616 3775 1674 Claudio
3801 1620 3860 1671 et

2219 1713 2463 1768 Paterno
2491 1714 2559 1769 1V
2584 1729 2665 1769 cc.
2689 1714 2907 1769 consul.

1013 2048 1592 2153 INCIPIUNT
1678 2060 2205 2154 DECRETA
2291 2060 2865 2154 EUTICIANI
2960 2058 3327 2151 PAPIE.

1306 2246 1489 2317 (Anno
1517 2246 1746 2303 Domini
1772 2250 1895 2316 276,
1922 2247 2233 2305 Aureliano
2261 2251 2317 2304 et
2340 2247 2533 2304 Tacito
2573 2246 3030 2347 imperantibus.)

553 2557 908 2615 Charissimis
949 2557 1215 2615 fratribus
1242 2560 1437 2618 JOANNI
1485 2562 1541 2617 et
1584 2562 1851 2617 omnibus
1879 2578 1980 2634 per
2012 2563 2115 2618 Be-
2137 2579 2195 2652 B
2216 2562 2520 2635 profertur.
2548 2560 2637 2616 Ad
2680 2560 2839 2633 cujus
2867 2574 3063 2615 vocem
3091 2555 3416 2629 archangeli
3456 2559 3626 2628 atque
3662 2554 3857 2652 angeli

485 2651 656 2708 ticam
700 2652 1052 2724 provinciam
1094 2654 1418 2709 constitutis
1464 2655 1760 2728 episcopis,
1791 2657 2117 2714 EUTICIANUS

485 2747 778 2817 episcopus
803 2746 865 2800 in
891 2746 1131 2801 Domino
1157 2748 1418 2803 salutem.

555 2840 827 2894 Hortatur
848 2856 953 2895 nos
985 2840 1220 2911 aquitas
1257 2841 1655 2912 postulationis
1685 2842 1965 2899 desiderio
2004 2843 2113 2897 fra-

483 2932 767 2988 ternitatis
796 2936 910 2988 tua
951 2936 1248 3005 gratanter
1276 2951 1552 3003 annuere,
1586 2940 1642 2990 et
1691 2937 1961 2991 consultis
2008 2936 2118 2992 tuis

482 3025 734 3081 breviter
757 3026 1121 3098 respondere.
1151 3028 1219 3081 Et
1254 3028 1509 3100 quamvis
1555 3029 1917 3085 dilectionem
1959 3034 2118 3084 tuam

484 3119 661 3174 sciam
690 3119 763 3174 ad
794 3136 965 3174 omne
994 3137 1134 3192 opus
1164 3138 1331 3177 omne
1357 3122 1578 3177 bonum
1610 3139 1731 3177 esse
1769 3124 2027 3179 devotam
2057 3128 2120 3179 ut

484 3214 683 3267 tamen
704 3212 989 3268 efﬁcacior
1017 3213 1116 3268 ﬁat
1156 3214 1229 3269 ad
1271 3214 1395 3269 illos
1433 3215 1531 3287 qui
1558 3232 1689 3271 sane
1732 3233 1847 3272 non
1892 3217 2121 3288 sapiunt

483 3305 731 3378 qualiter
767 3322 863 3362 eos
911 3306 982 3361 de
1033 3308 1422 3364 lncarnatione
1469 3310 1763 3365 Salvatoris
1806 3310 1987 3366 nostri
2026 3311 2116 3366 in-

483 3401 734 3458 formare
762 3401 990 3474 debeas,
1019 3404 1386 3461 mandamus.

554 3497 741 3552 Unum
782 3495 959 3568 igitur
1000 3497 1109 3552 hoc
1151 3498 1441 3554 immobile
1484 3499 1956 3569 fundamentum,
2003 3516 2119 3555 una

483 3590 602 3667 hac
630 3589 766 3645 felix
790 3589 921 3646 ﬁdei
947 3594 1112 3663 petra
1151 3593 1303 3647 Petri
1333 3608 1429 3649 ore
1473 3594 1749 3649 confessa.
1792 3595 1872 3649 Tu
1915 3611 1993 3664 es,
2026 3594 2114 3649 in-

484 3684 626 3757 quit,
652 3684 907 3739 Christus
933 3685 1108 3740 Filius
1134 3686 1232 3741 Dei
1256 3685 1384 3756 vivi,
1416 3690 1572 3743 tanta
1597 3688 1656 3740 in
1693 3705 1752 3742 se
1780 3690 2119 3759 argumenta

484 3776 768 3832 sustinens
785 3776 1034 3832 veritatis
1051 3783 1276 3849 quantae
1296 3780 1677 3850 perversitatis
1698 3781 2037 3851 quastiones
2062 3785 2121 3837 et

486 3868 836 3925 inﬁdelitatis
864 3870 1170 3927 calumnia
1205 3872 1610 3928 movebuntur.
1642 3875 1763 3928 Jam
1797 3874 1858 3929 in
1902 3874 2120 3930 cateris

2217 2660 2495 2726 tremunt,
2524 2656 2729 2712 coelum
2758 2660 2816 2709 et
2840 2659 2993 2709 terra
3029 2656 3088 2708 et
3117 2651 3311 2708 omnia
3335 2651 3508 2722 hujus
3534 2648 3735 2705 mundi
3760 2664 3855 2703 re-

2219 2751 2444 2806 solvunt
2469 2750 2770 2818 elementa,
2800 2748 3023 2819 vagitus
3049 2745 3309 2801 infantia
3337 2742 3584 2799 auditur.
3616 2741 3725 2807 Qui
3762 2740 3856 2796 in-

2216 2844 2448 2899 visibilis
2494 2849 2552 2899 et
2589 2839 3178 2915 incomprehensibilis
3217 2841 3319 2907 est,
3347 2854 3461 2893 non
3488 2838 3631 2907 visu,
3660 2852 3855 2907 sensu,

2218 2941 2485 3010 tactuque
2520 2937 2931 3005 moderandus,
2966 2936 3127 2990 cunis
3168 2937 3253 2988 est
3296 2932 3628 3001 obvolutus;
3657 2931 3781 2985 hac
3809 2929 3860 2984 si

2218 3032 2346 3104 quis
2372 3031 2609 3103 indigna
2633 3031 2745 3085 Deo
2777 3028 2996 3098 recolit,
3023 3032 3180 3083 tanto
3227 3042 3286 3081 se
3329 3024 3561 3096 majoris
3594 3023 3859 3079 beneﬁcii

2218 3126 2527 3180 obnoxium
2553 3125 2877 3193 conﬁtetur,
2905 3127 3117 3195 quanto
3145 3121 3336 3176 minus
3362 3119 3483 3175 hac
3512 3118 3611 3173 Dei
3648 3133 3855 3173 conve-

2220 3224 2430 3274 nerunt
2444 3218 2744 3290 majestati.
2761 3218 2886 3273 Non
2906 3217 3000 3271 ille
3020 3215 3180 3287 eguit
3198 3215 3374 3269 homo
3398 3213 3544 3267 efﬁci
3566 3228 3671 3283 per
3682 3227 3860 3283 quem

2219 3314 2394 3368 homo
2440 3312 2623 3367 factus
2671 3316 2773 3380 est,
2815 3311 2912 3365 sed
2958 3327 3060 3364 nos
3110 3308 3373 3381 eguimus
3418 3311 3480 3361 ut
3525 3308 3674 3361 Deus
3722 3321 3858 3360 caro

2217 3406 2396 3477 ﬁeret,
2412 3409 2469 3461 et
2487 3406 2770 3460 habitaret
2788 3404 2848 3458 in
2871 3402 3055 3474 nobis,
3072 3403 3130 3457 id
3151 3407 3253 3471 est,
3274 3400 3655 3471 assumptione
3670 3398 3859 3454 carnis

2218 3517 2365 3555 unus
2408 3500 2634 3555 interna
2677 3498 2960 3554 universa
3000 3496 3186 3553 carnis
3212 3495 3490 3551 incoleret
3520 3509 3533 3550 :
3564 3491 3859 3548 humilitas

2220 3595 2342 3666 ejus
2389 3598 2583 3649 nostra
2632 3592 2896 3649 nobilitas
2944 3596 3049 3659 est,
3095 3588 3448 3646 contumelia
3500 3587 3623 3659 ejus
3671 3587 3860 3642 honor

2220 3690 2418 3743 noster
2445 3691 2549 3743 est.
2585 3686 2751 3751 Quod
2778 3685 2871 3741 ille
2913 3686 3056 3740 Deus
3083 3685 3144 3739 in
3176 3697 3346 3739 carne
3395 3681 3721 3749 consistens,
3750 3680 3859 3735 hoc

2217 3797 2323 3838 nos
2346 3781 2591 3837 vicissim
2630 3781 2692 3835 in
2735 3780 2912 3835 Deum
2954 3795 3023 3834 ex
3066 3793 3238 3834 carne
3269 3773 3543 3833 renovati.
3576 3775 3749 3830 Plane
3774 3774 3855 3829 vi-

2217 3881 2337 3932 tam
2376 3890 2540 3931 suam
2591 3874 2769 3930 nescit
2823 3873 2923 3946 qui
2979 3872 3267 3929 Christum
3322 3872 3515 3926 Iesum
3550 3871 3618 3924 ut
3654 3884 3858 3923 verum

486 3962 834 4035 dispensatio
850 3963 1150 4020 voluntatis
1167 3970 1417 4037 paterna
1438 3965 1528 4022 sit.
1544 3968 1694 4038 Ergo
1714 3973 1909 4040 pectus
1928 3973 1985 4025 et
2003 3986 2119 4025 cor-
2139 3962 2194 4037 C
2219 3971 2416 4040 Deum,
2445 3969 2525 4025 ita
2555 3972 2613 4024 et
2642 3984 2839 4024 verum
2886 3967 3111 4039 ignorat
3154 3964 3469 4035 hominem,
3500 3967 3557 4018 et
3597 3962 3857 4033 ejusdem

484 4072 614 4128 pus,
667 4060 972 4130 postquam
1026 4073 1180 4130 crux,
1237 4076 1390 4115 mors
1444 4060 1679 4131 inferni,
1725 4063 1876 4118 salus
1924 4068 2120 4119 nostra

490 4154 595 4206 est.

559 4243 805 4299 Humani
846 4245 1003 4301 enim
1048 4246 1277 4318 generis
1312 4264 1484 4304 causa
1526 4248 1622 4304 Dei
1664 4249 1834 4305 Filius
1861 4253 2027 4306 natus
2055 4267 2122 4307 ex

491 4337 722 4409 Virgine
750 4342 854 4408 est,
882 4344 939 4395 et
982 4338 1195 4411 Spiritu
1221 4346 1416 4398 sancto
1441 4342 1565 4415 ipso
1606 4343 1712 4399 sibi
1743 4344 1804 4399 in
1849 4345 1952 4400 hac
1988 4362 2118 4418 ope-

489 4431 716 4488 ratione
742 4432 1076 4501 famulante,
1105 4440 1162 4490 et
1187 4452 1288 4490 sua
1314 4435 1432 4509 (Dei
1456 4437 1731 4510 videlicet)
1757 4438 2120 4496 inumbrante

490 4526 723 4598 virtute,
743 4526 995 4599 corporis
1015 4527 1121 4582 sibi
1140 4529 1305 4585 initia
1332 4531 1583 4587 consevit
1607 4537 1664 4587 et
1685 4533 1917 4588 exordia
1937 4535 2123 4589 carnis

488 4620 752 4690 instituit,
780 4626 844 4677 ut
872 4622 1047 4678 homo
1083 4620 1266 4679 factus
1303 4641 1369 4680 ex
1397 4625 1632 4697 Virgine
1654 4631 1931 4682 naturam
1971 4629 2032 4683 in
2063 4646 2123 4684 se

489 4716 674 4771 carnis
721 4715 1016 4788 acciperet,
1056 4734 1159 4788 per
1202 4735 1375 4791 quam
1420 4719 1590 4791 hujus
1640 4721 1991 4777 admistionis
2032 4739 2121 4778 so-

491 4809 750 4865 cietatem
800 4810 1212 4866 sanctiﬁcatum
1255 4812 1314 4866 in
1362 4828 1428 4867 eo
1470 4813 1717 4869 universi
1762 4815 1997 4872 humani
2027 4834 2122 4889 ge-

495 4902 649 4957 neris
677 4918 884 4973 corpus
911 4903 1195 4961 existeret.
1219 4907 1306 4975 Et,
1337 4908 1825 4979 quemadmodum
1853 4927 2049 4967 omnes
2067 4912 2125 4967 in

495 4995 620 5067 ipso
631 5010 734 5066 per
745 4994 798 5051 id
813 4997 965 5069 quod
976 5014 1315 5070 corporeum
1333 5018 1392 5055 se
1407 5019 1527 5057 esse
1542 5003 1715 5058 voluit
1729 5002 2123 5074 conderentur,

494 5088 576 5145 ita
604 5104 830 5144 rursum
852 5089 911 5144 in
936 5104 1132 5148 omnes
1159 5093 1301 5167 ipse,
1321 5112 1424 5167 per
1452 5096 1507 5152 id
1538 5096 1695 5169 quod
1721 5098 1843 5170 ejus
1863 5103 1965 5167 est,
1992 5099 2128 5154 invi-

498 5181 661 5238 sibile
688 5182 1018 5241 referretur.
1048 5187 1147 5243 Dei
1173 5187 1353 5260 igitur
1377 5189 1569 5262 imago
1615 5190 1911 5247 invisibilis
1940 5194 2126 5265 pudo-

498 5291 624 5332 rem
652 5276 887 5333 humani
904 5280 1124 5337 exordii
1150 5300 1265 5337 non
1290 5285 1590 5353 recusavit,
1613 5289 1669 5341 et
1695 5303 1799 5358 per
1817 5288 2131 5358 conceptio-

501 5386 635 5426 nem
689 5374 918 5444 patrum
955 5376 1208 5448 vagitum
1250 5382 1306 5432 et
1348 5394 1540 5449 cunas,
1568 5396 1878 5452 omnesque
1922 5388 2130 5437 nostra

499 5469 719 5522 natura
766 5468 1138 5523 contumelias
1179 5473 1538 5528 transcurrit.
1572 5473 1720 5538 Quid
1764 5474 1999 5529 tandem
2043 5476 2130 5531 di-

501 5576 679 5633 gnum
704 5561 914 5616 anobis
934 5565 1108 5617 tanta
1136 5561 1486 5633 dignationis
1511 5565 1720 5622 affectu
1748 5569 2132 5640 rependetur?

498 5654 904 5711 Inenarrabilis
934 5670 1070 5726 ergo
1105 5672 1136 5710 a
1166 5656 1281 5711 Deo
1327 5657 1564 5730 originis
1605 5677 1757 5716 unus
1801 5662 2132 5735 unigenitus

500 5749 649 5804 Deus
689 5748 750 5803 in
801 5747 1051 5819 corporis
1090 5748 1333 5805 humani
1362 5752 1608 5807 formam
1649 5758 1854 5812 sancta
1880 5758 2131 5830 Virginis

498 5846 665 5897 utero
703 5841 949 5896 insertus
988 5844 1272 5915 accrescit,
1302 5845 1400 5917 qui
1445 5847 1640 5902 omnia
1679 5851 1951 5922 continet,
1982 5852 2131 5907 intra

502 5951 672 6008 quem
687 5936 744 5988 et
759 5950 864 6006 per
879 5950 1047 6003 quem
1066 5942 1265 5993 cuncta
1278 5943 1411 5994 sunt
1430 5941 1664 5996 humani
1683 5944 1985 6016 profectus,
1998 5946 2127 6017 lege

2217 4064 2456 4136 periculi
2473 4079 2564 4118 res
2581 4067 2665 4119 est
2680 4064 2875 4119 Jesum
2892 4060 3182 4117 Christum
3194 4060 3281 4114 vel
3301 4056 3577 4130 Spiritum
3593 4059 3859 4112 sanctum

2220 4159 2403 4213 Deum
2440 4174 2559 4213 non
2590 4156 2842 4225 credere,
2869 4157 2956 4212 vel
2981 4170 3217 4211 carnem
3246 4152 3426 4211 nostri
3468 4150 3725 4223 corporis
3757 4147 3856 4206 de-

2220 4268 2450 4325 negare.
2481 4272 2509 4303 «
2558 4250 2755 4306 Omnis
2803 4266 2940 4322 ergo
2983 4249 3081 4321 qui
3120 4247 3481 4304 conﬁtebitur
3522 4262 3617 4301 me
3666 4260 3861 4299 coram

2222 4345 2565 4413 hominibus,
2594 4345 2912 4400 conﬁtebor
2939 4348 2996 4399 et
3019 4358 3126 4415 ego
3159 4358 3292 4398 eum
3317 4355 3506 4396 coram
3530 4341 3693 4395 Patre
3723 4355 3858 4394 meo

2224 4441 2322 4512 qui
2350 4439 2410 4494 in
2439 4440 2592 4494 coelis
2635 4442 2760 4511 est“
2788 4438 2897 4503 Qui
2944 4443 3139 4493 autem
3182 4435 3471 4507 negaverit
3520 4445 3613 4489 me
3661 4448 3860 4488 coram

2224 4532 2573 4603 hominibus,
2597 4532 2818 4604 negabo
2839 4536 2895 4587 et
2921 4548 3026 4604 ego
3054 4546 3186 4586 eum
3208 4546 3398 4586 coram
3419 4527 3584 4583 Patre
3603 4540 3735 4582 meo
3758 4524 3861 4598 qui

2224 4628 2286 4683 in
2316 4626 2470 4682 calis
2506 4631 2590 4681 est
2615 4626 2831 4698 (Matth.
2860 4643 2917 4693 x,
2947 4629 3036 4693 32,
3065 4625 3175 4697 33):
3209 4620 3407 4713 »μίξεις
3444 4621 3682 4677 verbum
3730 4635 3863 4713 caro

2224 4722 2436 4778 factum
2459 4720 2796 4793 loquebatur
2829 4723 2886 4775 et
2918 4720 3090 4774 homo
3120 4712 3281 4774 Jesus
3307 4716 3563 4774 Christus
3590 4712 3864 4769 Dominus

2226 4816 2534 4888 majestatis
2577 4815 2832 4883 docebat,
2864 4814 3143 4869 mediator
3169 4813 3291 4885 ipse
3322 4811 3384 4866 in
3420 4822 3478 4865 se
3515 4807 3589 4865 ad
3617 4809 3866 4864 salutem

2226 4910 2484 4966 Ecclesia
2514 4909 2871 4977 constitutus,
2905 4912 2964 4963 et
2998 4909 3120 4979 ipso
3147 4907 3246 4961 illo
3275 4906 3428 4960 inter
3452 4906 3636 4960 Deum
3668 4906 3724 4958 et
3754 4903 3864 4958 ho-

2226 5006 2411 5061 mines
2457 5003 2788 5059 mediatoris
2829 5006 3181 5058 sacramento
3223 5007 3531 5072 utrumque
3561 5013 3711 5052 unus
3744 4996 3863 5052 exi-

2229 5103 2384 5155 stens
2422 5100 2560 5154 dum
2598 5099 2718 5170 ipse
2764 5113 2834 5152 ex
2883 5096 3053 5151 unitis
3093 5096 3153 5150 in
3200 5095 3445 5167 idipsum
3486 5086 3724 5160 naturis,
3754 5107 3867 5146 na-

2228 5199 2371 5249 tura
2396 5192 2692 5265 utriusque
2718 5207 2808 5248 res
2852 5190 3051 5246 eadem
3085 5195 3188 5260 est,
3220 5188 3295 5244 ita
3332 5193 3532 5243 tamen
3563 5192 3625 5241 ut
3656 5191 3867 5242 neutro

2231 5292 2446 5344 careret
2505 5284 2565 5342 in
2626 5292 2891 5359 utroque,
2952 5302 3024 5341 ne
3080 5284 3223 5340 forte
3285 5281 3430 5337 Deus
3502 5297 3624 5336 esse
3688 5280 3871 5335 homo

2231 5379 2517 5438 nascendo
2533 5380 2835 5448 desineret,
2860 5385 2917 5435 et
2939 5379 3114 5434 homo
3136 5392 3364 5433 rursum
3393 5374 3538 5430 Deus
3567 5373 3869 5430 manendo

2228 5492 2346 5531 non
2386 5480 2547 5531 esset.
2592 5476 2720 5530 Hac
2762 5474 2952 5547 itaque
2996 5474 3263 5529 humana
3300 5468 3674 5525 beatitudinis
3721 5466 3871 5523 ﬁdes

2230 5585 2363 5625 vera
2374 5573 2477 5639 est,
2494 5570 2676 5625 Deum
2698 5574 2756 5624 et
2770 5568 3071 5625 hominem
3089 5561 3667 5639 pradicare,verbum
3680 5567 3738 5619 et
3748 5579 3873 5618 car-

2230 5679 2366 5719 nem
2392 5663 2666 5734 conﬁteri,
2694 5680 2886 5736 neque
2914 5664 3096 5717 Deum
3124 5660 3346 5717 nescire
3385 5658 3535 5730 quod
3564 5658 3738 5713 homo
3771 5657 3867 5727 sit,

2230 5772 2415 5830 neque
2445 5773 2676 5814 carnem
2701 5757 2968 5829 ignorare
3000 5756 3155 5828 quod
3171 5756 3420 5811 Verbum
3440 5754 3533 5809 sit.
3566 5753 3740 5807 Natus
3764 5751 3872 5824 igi-

2228 5858 2322 5908 tur
2351 5851 2679 5923 unigenitus
2709 5853 2856 5906 Deus
2885 5868 2949 5906 ex
2975 5850 3209 5922 Virgine
3238 5850 3432 5919 homo,
3460 5850 3517 5903 et
3548 5846 3873 5901 secundum

2228 5946 2641 6019 plenitudinem
2668 5934 2994 6017 temporum
3021 5945 3082 6000 in
3115 5944 3421 6017 semetipso
3450 5941 3786 6015 profuturus
3806 5939 3872 6000 in
