4058 6352
223 387 320 444 201

1437 352 1905 447 uacantiqu
1943 393 2325 448 COLLECTIO.

3481 398 3583 457 202

222 498 411 552 Deum
429 493 725 552 hominem
746 495 899 552 hunc
919 514 1023 569 per
1039 498 1230 554 omnia
1246 499 1555 570 evangelici
1573 500 1854 554 sermonis
1874 499 2246 584 Adisperdet
2291 509 2367 558 te.
2416 502 2536 557 Noli
2577 502 2779 558 anxius
2822 519 2942 560 esse
2991 505 3050 560 in
3091 505 3299 562 divitiis
3339 507 3583 578 injustis,

223 591 462 646 modum
505 590 705 658 tenuit,
748 593 812 644 ut
849 607 908 646 se
948 592 1047 646 Dei
1081 591 1284 647 Filium
1323 593 1479 647 credi
1517 594 1766 660 doceret,
1800 597 1857 648 et

223 684 476 740 hominis
493 684 672 740 ﬁlium
698 685 1051 756 praedicaret,
1088 689 1145 740 et
1175 687 1512 742 admoneret
1532 689 1770 759 loquens
1797 691 1854 742 et

224 795 454 849 gerens,
484 779 660 834 homo
687 779 948 833 universa
974 796 1102 851 quae
1129 781 1230 834 Dei
1255 785 1386 834 sunt
1416 782 1653 852 loquens
1681 786 1733 836 et
1763 799 1856 852 ge-

224 889 377 942 rens,
420 873 626 927 deinde
662 874 807 927 Deus
848 873 1110 928 universa
1148 890 1274 945 quae
1310 874 1557 928 hominis
1593 880 1742 944 sunt,
1777 875 1856 930 ita

223 970 419 1021 tamen
438 973 502 1021 ut
518 967 574 1020 in
593 967 716 1038 ipso
744 966 837 1021 illo
859 967 1151 1038 utriusque
1170 968 1394 1036 generis
1414 983 1673 1022 sermone
1703 985 1852 1023 nun-

221 1077 398 1132 quam
421 1061 529 1116 nisi
551 1077 682 1116 cum
707 1061 1120 1132 signiﬁcatione
1141 1062 1388 1116 hominis
1404 1061 1646 1131 locutus,
1676 1066 1732 1116 et
1756 1061 1854 1116 Dei

220 1155 310 1210 sit.
356 1156 485 1210 Haec
528 1155 717 1226 itaque
744 1154 975 1210 fallendi
1007 1155 1291 1226 simplices
1319 1157 1494 1226 atque
1524 1155 1856 1225 ignorantes

217 1249 510 1306 haereticis
543 1249 760 1305 occasio
804 1254 905 1316 est,
935 1255 999 1304 ut
1041 1267 1170 1321 qua:
1193 1249 1264 1304 ab
1294 1265 1360 1304 eo
1404 1249 1720 1303 secundum
1749 1249 1851 1304 ho-

218 1344 440 1398 minem
466 1344 614 1399 dicta
643 1347 794 1413 sunt,
829 1344 978 1400 dicta
1004 1360 1124 1400 esse
1155 1343 1471 1398 secundum
1509 1342 1712 1397 divinae
1751 1361 1853 1397 na-

217 1449 366 1494 tura:
390 1437 786 1493 inﬁrmitatem
811 1439 1182 1494 mentiantur.
1228 1420 1297 1491 Et
1338 1436 1474 1508 quia
1509 1454 1653 1491 unus
1683 1440 1855 1508 atque

217 1532 376 1586 idem
404 1536 508 1598 est,
539 1532 774 1604 loquens
799 1532 988 1586 omnia
1013 1549 1141 1602 quae
1160 1531 1416 1602 loquitur
1437 1531 1507 1586 de
1525 1532 1854 1602 semetipso,

223 1625 421 1679 omnia
448 1641 580 1680 eum
621 1625 691 1679 de
730 1624 1022 1679 divinitate
1057 1626 1308 1680 locutum
1335 1641 1457 1679 esse
1488 1625 1854 1680 contendant.

220 1719 334 1774 Nec
351 1734 488 1773 sane
516 1735 799 1790 negamus
823 1721 1008 1773 totum
1031 1719 1190 1772 illum
1218 1717 1313 1790 qui
1336 1719 1388 1772 ei
1417 1721 1613 1772 manet
1635 1723 1858 1772 natura:

223 1831 342 1868 sua:
373 1829 494 1868 esse
519 1829 866 1868 sermonem.
897 1813 1006 1868 Sed
1037 1813 1084 1866 si
1121 1815 1278 1868 Jesus
1309 1811 1562 1866 Christus
1589 1815 1648 1866 et
1679 1812 1854 1866 homo

1953 595 2097 650 nihil
2126 597 2440 666 proderunt
2471 595 2571 650 tibi
2598 596 2656 650 in
2685 595 2778 651 die
2814 597 3173 654 obductionis
3209 604 3265 655 et
3298 599 3584 657 vindictae.

1953 691 2078 744 Non
2104 689 2341 744 ventilas
2389 695 2444 744 te
2473 690 2531 744 in
2574 706 2806 745 omnem
2845 695 3100 762 ventum,
3145 697 3203 748 et
3241 710 3358 748 non
3402 711 3499 749 eas
3525 695 3586 750 in

1957 783 2115 838 omni
2136 784 2241 838 via.
2275 783 2364 838 Sic
2395 784 2549 838 enim
2577 784 2767 839 omnis
2782 788 3046 857 peccator
3071 787 3345 859 probatur
3373 789 3586 860 duplici

1954 876 2172 946 lingua.
2217 878 2346 932 Esto
2393 876 2590 932 ﬁrmus
2617 877 2677 932 in
2696 878 2786 933 via
2806 878 2922 946 Dei,
2951 883 3007 935 et
3035 879 3094 934 in
3124 881 3358 937 veritate
3386 898 3588 938 sensus

1955 969 2059 1038 tui,
2091 973 2148 1024 et
2176 970 2428 1040 scientia,
2464 975 2518 1025 et
2559 977 2937 1051 prosequatur
2985 978 3040 1029 te
3071 975 3309 1030 verbum
3344 977 3499 1047 pacis
3528 980 3587 1031 et

1951 1063 2208 1134 justitiae.
2241 1065 2370 1118 Esto
2397 1068 2722 1119 mansuetus
2763 1067 2833 1120 ad
2862 1066 3211 1123 audiendum
3238 1070 3496 1140 verbum,
3525 1074 3588 1125 ut

1957 1157 2260 1227 intelligas,
2294 1163 2350 1212 et
2389 1174 2521 1213 cum
2561 1158 2832 1229 sapientia
2875 1160 2962 1214 fer
2999 1178 3360 1233 responsum.
3399 1163 3453 1219 Si
3503 1168 3588 1219 est

1955 1250 2059 1305 tibi
2077 1250 2414 1319 intellectus,
2437 1252 2720 1323 responde
2741 1253 3001 1323 proximo
3022 1272 3035 1321 ;
3058 1255 3146 1309 sin
3163 1260 3354 1312 autem
3375 1256 3448 1311 sit
3465 1273 3586 1312 ma-

1955 1360 2064 1398 nus
2087 1347 2188 1399 tua
2210 1361 2381 1416 super
2407 1362 2468 1400 os
2493 1349 2656 1400 tuum
2697 1361 2767 1400 ne
2798 1346 3043 1418 capiaris
3069 1348 3129 1402 in
3157 1350 3330 1404 verbo
3358 1349 3583 1405 indisciv

1957 1440 2187 1511 plinato,
2221 1425 2278 1495 et
2307 1439 2690 1495 confundaris.
2721 1441 2913 1495 Honor
2943 1443 3000 1495 et
3027 1441 3206 1513 gloria
3228 1442 3288 1497 in
3323 1459 3584 1499 sermone

1957 1532 2190 1602 sensati,
2240 1532 2437 1604 lingua
2478 1549 2611 1588 vero
2657 1533 3036 1605 imprudentis
3079 1535 3364 1591 subversio
3411 1535 3580 1593 illius.

1956 1628 2082 1682 Non
2107 1626 2407 1698 appelleris
2431 1643 2683 1697 susurro,
2713 1630 2771 1682 et
2797 1627 2988 1698 lingua
3025 1633 3124 1684 tua
3154 1645 3224 1684 ne
3250 1629 3507 1702 capiaris,
3530 1635 3588 1685 et

1959 1720 2340 1776 confundaris.
2375 1720 2559 1792 Super
2586 1721 2776 1776 furem
2801 1721 2958 1776 enim
2981 1725 3066 1778 est
3092 1721 3369 1790 confusio,
3394 1727 3451 1778 et
3474 1739 3586 1795 poe-

1959 1814 2222 1882 nitentia,
2247 1819 2304 1870 et
2325 1814 2615 1870 denotatio
2647 1814 2894 1886 pessima
2924 1831 3098 1888 super
3127 1815 3444 1887 bilinguem
3464 1833 3478 1872 :
3501 1835 3588 1872 su-

224 1912 282 1963 et
301 1909 472 1976 Deus,
490 1911 549 1962 et
568 1923 816 1978 nequam
837 1923 968 1961 cum
986 1906 1163 1962 homo
1177 1907 1266 1974 sit,
1282 1909 1406 1961 tum
1425 1906 1677 1978 primum
1688 1909 1852 1974 Deus,
1876 1885 1932 1955 B
1958 1907 2229 1963 surratori
2249 1910 2441 1963 autem
2461 1908 2678 1979 odium,
2712 1913 2769 1964 et
2792 1908 3107 1980 inimicitia,
3137 1914 3194 1965 et
3216 1911 3585 1978 contumelia,

225 2016 414 2073 neque
437 2004 560 2055 tum
585 2017 717 2056 cum
738 2002 796 2055 et
821 2001 991 2055 homo
1013 2000 1084 2055 sit
1113 2005 1170 2055 et
1201 2001 1366 2067 Deus,
1399 2002 1524 2054 tum
1545 2015 1664 2054 non
1685 1999 1856 2054 etiam

223 2099 282 2150 et
325 2095 494 2163 Deus,
539 2110 728 2166 neque
781 2099 907 2166 post
942 2093 1238 2149 hominem
1277 2093 1338 2148 in
1381 2094 1498 2149 Deo
1547 2110 1661 2147 non
1709 2096 1856 2148 totus

222 2190 419 2257 homo,
460 2191 613 2244 totus
655 2190 817 2256 Deus,
865 2205 1043 2243 unum
1087 2191 1257 2260 atque
1295 2188 1453 2242 idem
1490 2203 1720 2243 necesse
1749 2190 1852 2257 est,

222 2282 444 2338 dicatur
463 2281 586 2352 ejus
606 2298 724 2338 esse
746 2286 1167 2337 sacramentum
1191 2282 1343 2353 quod
1372 2281 1617 2353 generis.
1637 2282 1705 2335 Et
1725 2297 1856 2335 cum

223 2378 284 2432 in
303 2393 371 2432 eo
386 2375 697 2431 secundum
713 2381 939 2448 tempus
959 2375 1226 2430 discernis
1239 2375 1537 2430 hominem
1556 2392 1586 2428 a
1600 2376 1735 2443 Deo,
1755 2374 1856 2428 Dei

223 2473 362 2526 tunc
375 2476 542 2542 atque
555 2470 804 2525 hominis
817 2470 1070 2525 discerne
1088 2486 1434 2525 sermonem.
1453 2471 1519 2523 Et
1535 2485 1662 2523 cum
1676 2470 1856 2522 Deum

222 2568 395 2638 atque
424 2563 722 2620 hominem
753 2564 812 2618 in
844 2567 1100 2635 tempore
1129 2563 1433 2633 conﬁteris,
1469 2563 1571 2617 Dei
1603 2564 1737 2616 tunc
1767 2566 1852 2616 at-

221 2675 335 2732 que
361 2658 613 2713 hominis
641 2657 698 2712 in
725 2662 982 2730 tempore
1004 2657 1153 2713 dicta
1173 2657 1246 2728 dij
1259 2657 1438 2712 udica.
1468 2657 1610 2712 Cum
1634 2672 1763 2710 vero
1786 2673 1856 2711 ex

143 2817 152 2824 ο
221 2753 459 2809 homine
491 2759 546 2807 et
581 2753 696 2807 Deo
741 2769 969 2806 rursum
1006 2752 1178 2806 totius
1221 2750 1489 2819 hominis,
1533 2750 1703 2805 totius
1735 2750 1856 2821 jam

223 2847 324 2902 Dei
354 2853 584 2918 tempus
630 2845 921 2917 intelligis,
964 2845 1010 2900 si
1053 2846 1286 2917 quidem
1328 2844 1466 2899 illud
1511 2844 1584 2898 ad
1610 2844 1852 2899 demon-

221 2940 562 2995 strationem
587 2938 858 3010 temporis
896 2938 1111 2993 dictum
1160 2941 1265 3007 est,
1299 2937 1543 3008 tempori
1571 2936 1853 3008 coaptatio

221 3050 355 3106 quae
404 3033 554 3088 dicta
601 3037 751 3099 sunt,
788 3036 848 3086 ut
897 3049 1027 3086 cum
1077 3032 1235 3086 aliud
1279 3032 1350 3086 sit
1383 3035 1515 3086 ante
1560 3030 1856 3085 hominem

225 3129 391 3195 Deus,
421 3127 574 3181 aliud
592 3126 663 3180 sit
687 3127 896 3181 homo:
933 3131 988 3180 et
1027 3126 1193 3194 Deus,
1234 3125 1385 3179 aliud
1426 3124 1496 3178 sit
1525 3127 1653 3195 post
1677 3123 1856 3178 homi-

220 3237 361 3276 nem
380 3225 435 3275 et
450 3221 649 3290 Deum,
673 3225 822 3274 totus
843 3220 1014 3274 homo
1039 3224 1095 3274 et
1109 3223 1256 3274 totus
1275 3220 1442 3286 Deus,
1465 3235 1582 3273 non
1611 3218 1853 3274 confun-

221 3315 322 3370 das
331 3314 688 3386 temporibus
703 3317 761 3368 et
775 3313 1082 3386 generibus
1096 3313 1529 3384 dispensationis
1540 3329 1857 3368 sacramen-
1878 3313 1890 3378 ζ

220 3414 370 3477 tum,
395 3424 524 3462 cum
541 3424 645 3479 pro
670 3408 941 3480 qualitate
960 3423 1236 3479 generum
1259 3424 1323 3461 ac
1339 3409 1673 3461 naturarum
1701 3406 1856 3461 aliud

222 3517 355 3556 cum
367 3505 724 3557 sacramento
735 3501 986 3557 hominis
998 3517 1223 3556 necesse
1245 3505 1330 3556 est
1346 3516 1667 3554 sermonem
1681 3500 1854 3554 fuisse

223 3613 343 3651 non
375 3599 530 3663 nato,
549 3595 701 3650 aliud
721 3595 906 3650 adhuc
933 3594 1233 3665 morituro,
1252 3594 1406 3649 aliud
1423 3594 1597 3649 etiam
1616 3597 1850 3648 aeterno.

218 3689 409 3746 Nostri
428 3688 604 3761 igitur
616 3705 788 3744 causa
802 3689 924 3743 haec
939 3687 1130 3746 omnia
1140 3689 1167 3742 J
1172 3705 1299 3743 esus
1311 3687 1563 3743 Christus
1576 3703 1708 3758 gere
1716 3703 1779 3740 ns
1799 3691 1857 3741 et

217 3782 474 3856 corporis
497 3782 678 3838 nostri
687 3783 860 3837 homo
879 3787 1047 3837 natus
1058 3782 1368 3836 secundum
1382 3780 1854 3836 consuetudinem

218 3881 443 3932 natura;
467 3881 679 3932 nostrae
705 3877 924 3932 locutus
949 3880 1050 3944 est,
1092 3893 1206 3930 non
1231 3881 1425 3930 tamen
1456 3875 1724 3929 omittens
1746 3891 1852 3928 na-

216 3977 363 4025 tura:
422 3987 535 4025 suae
580 3986 702 4025 esse
764 3970 914 4042 quod
969 3972 1114 4024 Deus
1168 3972 1272 4023 est.
1324 3969 1464 4023 Nam
1514 3967 1740 4022 tametsi
1794 3968 1854 4022 in

217 4069 411 4136 partu,
437 4067 494 4118 et.
512 4063 794 4135 passione,
819 4068 875 4118 et
902 4067 1084 4118 morte
1105 4066 1327 4117 naturae
1347 4065 1557 4117 nostrae
1573 4078 1691 4116 rem
1719 4078 1850 4132 per-

213 4157 421 4230 egerit,
449 4173 539 4212 res
580 4162 777 4212 tamen
815 4157 964 4228 ipsas
1003 4174 1200 4211 omnes
1243 4155 1449 4211 virtute
1492 4158 1709 4210 natura:
1736 4172 1852 4209 sua:

217 4250 411 4323 gessit.
445 4250 608 4306 Vides
635 4267 708 4305 ne
739 4251 813 4306 ita
842 4253 1022 4306 Deum
1053 4255 1110 4305 et
1140 4251 1438 4305 hominem
1465 4247 1762 4321 praedicari
1793 4253 1853 4304 ut

215 4361 375 4400 mors
398 4344 641 4412 homini,
675 4347 788 4400 Deo
826 4361 959 4400 vero
1005 4344 1186 4399 carnis
1225 4343 1480 4398 excitatio
1523 4343 1847 4414 deputetur,

214 4455 334 4495 non
381 4441 569 4492 tamen
617 4438 760 4493 alius
798 4438 869 4494 sit
907 4438 1005 4509 qui
1048 4442 1309 4493 mortuus
1347 4441 1446 4505 est,
1504 4441 1560 4492 et
1595 4435 1736 4490 alius
1782 4436 1852 4491 sit

215 4549 321 4605 per
349 4548 524 4604 quem
570 4537 828 4587 mortuus
875 4531 1140 4604 resurgit.
1183 4531 1432 4602 Spoliata
1478 4530 1634 4586 enim
1685 4546 1850 4585 carne

1948 2002 2196 2073 justiﬁca
2221 2001 2497 2073 pusillum
2521 2004 2578 2056 et
2603 2018 2878 2074 magnum
2899 2002 3177 2058 similiter.
3201 2003 3326 2059 Noli
3346 2004 3467 2059 ﬁeri
3486 2020 3588 2075 pro

1958 2095 2144 2150 amico
2175 2094 2438 2150 inimicus
2466 2095 2748 2167 proximo.
2774 2097 3193 2168 Improperium
3214 2095 3369 2152 enim
3383 2101 3439 2153 et
3457 2114 3590 2153 con-

1957 2189 2254 2243 tumeliam
2275 2189 2460 2244 malus
2497 2188 2881 2258 haereditabit,
2914 2192 2972 2246 et
2995 2191 3182 2245 omnis
3211 2193 3473 2261 peccator
3500 2190 3587 2245 in-

1955 2282 2118 2337 vidus
2141 2287 2200 2337 et
2218 2282 2510 2354 bilinguis.
2537 2275 2660 2338 Non
2680 2285 2736 2338 te
2755 2284 2992 2338 extollas
3011 2283 3071 2338 in
3092 2284 3439 2356 cogitatione
3460 2284 3586 2341 ani-

1955 2393 2066 2431 mae
2093 2381 2206 2432 tute
2221 2377 2374 2431 velut
2391 2382 2607 2444 taurus,
2634 2394 2707 2433 ne
2733 2377 2883 2432 forte
2909 2377 3158 2433 elidatur
3177 2378 3353 2433 virtus
3374 2380 3473 2433 tua
3488 2395 3592 2450 per

1955 2470 2271 2538 stultitiam,
2298 2473 2356 2524 et
2384 2470 2517 2524 folia
2547 2473 2644 2524 tua
2676 2471 2955 2538 comedat,
2987 2474 3045 2525 et
3067 2472 3285 2526 fructus
3314 2474 3440 2526 tuos
3457 2488 3587 2543 per-

1957 2564 2068 2631 dat,
2097 2566 2155 2617 e’t
2193 2562 2532 2634 relinquaris
2581 2565 2737 2617 velut
2770 2563 2994 2634 lignum
3030 2563 3253 2618 aridum
3280 2565 3342 2618 in
3375 2580 3586 2620 eremo.

1955 2656 2162 2711 Anima
2187 2656 2341 2710 enim
2385 2672 2636 2728 nequam
2665 2656 2937 2727 disperdit
2975 2673 3105 2728 quae
3131 2672 3190 2712 se
3219 2657 3410 2727 habet,
3443 2658 3587 2730 etin

1957 2749 2232 2822 gaudium
2257 2749 2472 2804 inimici
2499 2750 2596 2805 dat
2623 2749 2805 2819 illum,
2835 2752 2892 2805 et
2911 2750 3140 2806 deducit
3165 2751 3225 2806 in
3245 2754 3458 2806 sortem
3477 2751 3588 2806 im-

1956 2844 2184 2916 piorum
2231 2844 2415 2916 (Ecclz'.
2458 2860 2512 2911 v,
2569 2847 2730 2910 8-18;
2810 2860 2885 2911 v1,
2946 2844 3070 2916 1-4).
3130 2865 3157 2893 ››
3214 2844 3442 2900 Talibus
3493 2862 3590 2900 vos

1956 2936 2448 2992 exhortationibus
2472 2979 2486 3006 ,
2557 2937 2796 3007 fratres,
2856 2937 3099 2992 vicissim
3153 2940 3475 3006 monetote,
3535 2944 3592 2995 et

1954 3031 2105 3086 bona
2167 3047 2392 3102 semper
2455 3030 2770 3098 sectamini,
2840 3031 3105 3103 malaque
3173 3031 3359 3087 vitate.
3413 3032 3589 3104 Magis

1955 3125 2109 3180 enim
2157 3124 2358 3179 studiis
2405 3124 2718 3180 secundum
2780 3124 3016 3179 beatum
3063 3125 3396 3197 Apostolum
3442 3143 3586 3197 prae-

1956 3218 2271 3274 cavendum
2314 3222 2416 3287 est,
2462 3233 2535 3272 ne
2583 3218 2722 3272 ﬁdes
2765 3221 2822 3272 et
2868 3217 3163 3289 disciplina
3196 3218 3422 3274 Domini
3474 3219 3588 3274 bla-

1957 3312 2350 3384 sphementur.
2390 3313 2459 3365 Et
2495 3310 2539 3364 si
2577 3311 2677 3366 illa
2703 3327 3122 3383 nonnunquam
3163 3312 3397 3368 sinenda
3435 3317 3586 3380 sunt,

1956 3423 2085 3478 quae
2139 3405 2204 3476 (si
2242 3407 2577 3460 caaterorum
2630 3407 2846 3460 constet
2886 3405 3194 3476 integritas)
3235 3405 3353 3460 sola
3388 3422 3588 3462 nocere

1955 3516 2073 3554 non
2099 3500 2340 3565 valeant,
2364 3499 2457 3553 illa
2474 3501 2670 3552 tamen
2691 3500 2822 3552 sunt
2841 3514 3194 3569 magnopere
3214 3499 3588 3570 praecavenda

1956 3610 2081 3664 quae
2098 3592 2274 3663 recipi
2298 3591 2417 3646 sine
2437 3591 2734 3646 manifesta
2753 3591 3172 3647 decoloratione
3187 3607 3305 3646 non
3322 3597 3584 3663 possunt,

1957 3705 2022 3742 ac
2069 3687 2114 3740 si
2150 3703 2217 3740 ea
2251 3685 2373 3757 ipsa
2409 3701 2534 3756 quae
2579 3684 2735 3739 nullo
2774 3683 3116 3740 detrimento
3150 3684 3448 3757 aliquoties
3491 3685 3584 3740 in-

1954 3779 2266 3850 telligenda
2291 3779 2619 3846 credentur,
2636 3779 2722 3832 vel
2749 3793 2941 3832 rerum
2962 3781 3407 3850 temporumque
3436 3778 3590 3850 cogit

1955 3873 2214 3943 intuitus,
2246 3873 2331 3927 vel
2356 3872 2679 3927 accelerataa
2707 3871 3043 3943 provisionis
3071 3875 3392 3944 respectum
3422 3888 3585 3928 accu-

1954 3970 2058 4035 sat,
2078 3961 2322 4039 \quanto
2370 3965 2554 4037 magis
2591 3965 2692 4020 illa
2730 3969 2864 4020 sunt
2911 3965 3229 4021 nullatenus
3270 3965 3588 4021 mutilanda

1954 4078 2083 4133 qua}
2106 4059 2218 4115 hec
2268 4061 2378 4114 ulla
2417 4059 2740 4129 necessitas,
2781 4075 2885 4114 nec
2933 4059 3312 4115 ecclesiastica
3357 4076 3587 4132 prorsus

1954 4157 2256 4226 extorquet
2287 4153 2539 4207 utilitas?
2569 4153 2798 4220 Idcirco,
2838 4153 3056 4220 fratres,
3092 4152 3196 4207 ista
3230 4153 3586 4224 praetulimus

1952 4251 2017 4302 ut
2045 4249 2134 4302 hae
2175 4246 2385 4319 species
2429 4263 2567 4318 quas
2602 4264 2721 4302 non
2770 4247 2899 4302 licet
2944 4245 3135 4301 offerri
3181 4263 3354 4319 super
3405 4247 3582 4302 altare

1944 4342 2111 4413 juxta
2139 4340 2604 4396 constitutionem
2654 4341 3061 4412 apostolorum,
3101 4357 3416 4413 eorumque
3455 4357 3582 4396 suc—

1952 4451 2235 4491 cessorum
2279 4433 2351 4487 ad
2390 4433 2624 4488 domum
2665 4434 3026 4489 sacerdotum
3063 4435 3411 4500 deferantur,
3461 4437 3518 4488 ct
3554 4451 3586 4488 a

1951 4527 2336 4583 sacerdotibus
2360 4526 2790 4596 benedicantur,
2834 4531 2890 4582 et
2928 4545 3033 4599 per
3061 4526 3378 4599 simplicem
3403 4527 3578 4581 bene-

214 4626 471 4682 Christus
503 4630 588 4681 est
614 4628 894 4694 mortuus,
938 4630 995 4680 et
1033 4641 1260 4680 rursum
1301 4623 1589 4679 Christum
1625 4641 1657 4678 a
1697 4641 1849 4678 mor-
1872 4628 1931 4700 D
1956 4621 2258 4676 dictionem
2289 4621 2592 4675 benedicta
2633 4621 2864 4675 demum
2914 4637 2946 4675 a
2993 4620 3217 4691 populis
3259 4622 3578 4688 sumantur,

217 4720 329 4775 tuis
349 4720 618 4788 excitans,
650 4719 806 4774 idem
841 4718 1093 4774 Christus
1124 4721 1208 4773 est
1228 4734 1395 4772 carne
1429 4734 1488 4771 se
1511 4717 1847 4788 exspolians.

216 4814 486 4869 Naturam
516 4812 701 4869 Dei‘in
735 4811 939 4867 virtute
965 4811 1391 4868 resurrectionis
1428 4810 1707 4881 intellige,
1738 4811 1848 4866 dis-

217 4827 486 4869 maturam
517 4827 701 4869 vernn
735 4827 939 4867 Virtute
965 4827 1391 4868 resurrectionis
1428 4828 1448 4864 1
1495 4827 1707 4881 teluge,
1738 4827 1848 4866 cus-

215 4907 612 4979 pensationem
638 4905 887 4961 hominis
909 4907 970 4961 in
997 4910 1183 4962 morte
1209 4827 1567 5007 agnoscext
1591 4921 1720 4958 cum
1740 4905 1854 4958 sint

215 5007 457 5073 utraque
484 5001 598 5055 suis
630 5004 788 5072 gesta
830 5001 1068 5070 naturis,
1114 5017 1292 5054 unum
1327 4998 1522 5054 tamen
1566 4998 1853 5055 Christum

211 5097 421 5162 Jesum,
454 5111 588 5150 eum
615 5096 901 5149 memento
927 5109 1048 5150 esse
1095 5083 1195 5166 qui
1233 5095 1541 5164 utrumque
1575 5095 1678 5147 est.
1723 5093 1849 5146 Περί)

210 5190 388 5262 igitur
416 5188 863 5244 demonstranda
881 5205 1019 5243 ame
1046 5188 1239 5260 paucis
1267 5188 1519 5257 fuerunt,
1549 5189 1614 5241 ut
1639 5185 1848 5241 utrius-

211 5301 321 5356 que
341 5287 564 5338 naturae
596 5283 842 5338 formam
889 5282 1114 5337 tractari
1157 5282 1213 5336 in
1255 5282 1494 5337 Domino
1533 5285 1724 5336 nostro
1761 5282 1848 5336 Je-

210 5394 277 5432 su
327 5376 552 5432 Christo
609 5375 1093 5442 meminissemus,
1151 5375 1286 5448 quia
1340 5375 1439 5447 qui
1496 5391 1736 5429 manens
1789 5373 1850 5428 in

207 5471 393 5526 forma
421 5469 548 5538 Dei,
580 5470 828 5524 formam
858 5469 1002 5525 servi
1038 5468 1300 5541 suscepit,
1346 5468 1466 5541 ipse
1494 5467 1848 5523 divinitatem

206 5580 584 5637 nequaquam
614 5563 823 5619 amisit.

281 5659 588 5724 Caeterum,
611 5656 839 5722 fratres,
867 5657 1168 5714 hortamur
1196 5673 1311 5724 vos,
1351 5658 1414 5711 ut
1444 5656 1722 5711 moneatis
1753 5672 1851 5710 eos

204 5751 463 5808 converti
485 5751 561 5806 ad
588 5751 793 5807 Deum.
816 5752 974 5807 Unde
995 5750 1266 5822 scriptum
1291 5752 1376 5806 est
1408 5767 1473 5804 :«
1500 5749 1623 5817 Fili,
1651 5765 1721 5804 ne
1743 5754 1854 5805 tar-

204 5847 304 5902 des
343 5845 605 5901 converti
637 5845 710 5900 ad
749 5847 948 5915 Deum,
977 5861 1051 5901 ne
1082 5844 1305 5900 differas
1337 5843 1408 5898 de
1443 5843 1534 5899 die
1576 5843 1634 5897 in
1674 5843 1848 5899 diem.

202 5939 405 5998 Subito
427 5939 588 5996 enim
606 5939 795 5996 veniet
832 5938 917 5995 ira
937 5938 1106 6008 illius,
1140 5942 1196 5996 et
1216 5939 1276 5994 in
1306 5941 1563 6010 tempore
1590 5935 1850 5993 vindictae

1958 4715 2104 4770 fabae
2130 4717 2352 4768 tantum
2381 4716 2434 4768 et
2464 4731 2606 4782 uvae,
2637 4716 2693 4767 et
2721 4719 2923 4768 caetera
2946 4731 3072 4785 quae
3095 4713 3337 4786 apostoli
3369 4712 3580 4768 consti-

1950 4811 2190 4864 tuerunt
2211 4824 2379 4878 super
2411 4807 2587 4861 altare
2615 4807 2941 4863 offerantur.

2023 4904 2295 4974 Optamus
2321 4901 2514 4972 igitur,
2538 4904 2740 4957 fratres
2758 4900 3095 4970 charissimi,
3134 4903 3192 4954 et
3225 4900 3352 4955 totis
3391 4903 3580 4956 omni-

1952 4999 2250 5068 potentem
2284 4995 2587 5050 Dominum
2612 4994 2875 5068 precibus
2909 5010 3206 5049 exoramus
3230 4997 3296 5048 ut
3322 4994 3579 5051 dilectio-

1952 5106 2086 5144 nem
2111 5092 2360 5144 vestram
2385 5089 2444 5143 in
2464 5089 2674 5144 amoris
2695 5089 2782 5144 sui
2808 5088 3187 5143 constantiam
3217 5088 3386 5144 faciat
3403 5090 3584 5163 magis

1951 5185 2247 5256 magisque
2275 5185 2603 5250 fervescere,
2623 5186 2794 5254 atque
2841 5181 2898 5236 in
2924 5198 3060 5253 pace
3093 5183 3354 5238 Ecclesia:
3379 5183 3438 5238 in
3470 5202 3584 5239 una

1952 5294 2048 5331 vos
2077 5277 2351 5332 concedat
2379 5293 2612 5330 manere
2645 5275 2964 5330 concordia.
2997 5275 3379 5332 Admonemus
3411 5278 3583 5333 etiam

1950 5372 2364 5427 fraternitatem
2393 5375 2656 5439 vestram,
2689 5372 2754 5423 ut
2772 5369 2831 5424 in
2850 5369 3164 5425 commissis
3183 5370 3337 5426 vobis
3360 5371 3579 5427 anima-

1950 5465 2054 5520 bus
2093 5467 2331 5520 solerter
2366 5463 2692 5536 invigiletis,
2732 5463 3171 5537 animarumque
3208 5465 3387 5538 magis
3411 5466 3581 5522 lucris

1951 5575 2124 5631 quam
2151 5558 2464 5613 commodis
2505 5557 2632 5612 vitae
2663 5558 2962 5629 praesentis
3001 5558 3328 5614 intendatis.
3360 5562 3418 5614 In
3446 5577 3578 5614 con-

1951 5652 2197 5708 tinendis
2223 5669 2358 5707 vero
2386 5669 2450 5707 ac
2487 5652 2849 5724 disponendis
2877 5653 3049 5708 rebus
3080 5653 3467 5708 ecclesiasticis
3491 5653 3574 5708 di-

1951 5746 2191 5819 ligentes
2219 5746 2480 5802 custodes
2509 5746 2782 5813 existatis,
2820 5750 2883 5802 ut
2907 5763 2975 5802 ex
3014 5747 3169 5802 omni
3205 5750 3360 5817 parte
3389 5761 3576 5800 susce-

1950 5843 2113 5914 ptum
2135 5857 2232 5895 vos
2262 5841 2549 5913 condigne
2570 5841 2806 5914 gessisse
2819 5841 3058 5914 pastoris
3075 5838 3349 5907 ofﬁcium,
3376 5841 3576 5894 ventu-

1950 5952 2046 5991 rus
2067 5935 2262 6009 judex,
2287 5953 2415 5992 cum
2431 5936 2501 5992 ad
2513 5936 2884 6010 judicandum
2905 5933 3139 6000 venerit,
3161 5932 3361 5988 debeat
3379 5951 3581 6008 appro-
