4058 6312
472 362 577 421 203

1382 361 1660 416 AI’PEND.
1704 360 1790 413 AD
1829 358 1986 419 SAEC.
2032 357 2119 410 1X.
2144 385 2211 394 -—
2252 357 2493 411 lSlDORI
2535 355 2961 412 MERCATORIS

3747 355 3857 414 204

482 474 642 529 bare.
674 470 1046 543 Omnipotens
1074 472 1265 525 autem
1295 470 1441 524 Deus
1488 483 1589 523 sua
1631 483 1726 521 vos
1763 465 2115 537 protectione
2137 476 2197 551 Α
2218 464 2433 537 sibique
2459 464 2739 536 condigne
2776 465 3183 536 reprasentare
3222 462 3471 534 adjuvet,
3506 478 3719 534 vosque
3761 464 3857 519 in-

481 566 763 623 custodiat
792 565 1182 636 honoremque
1225 579 1259 617 a
1292 564 1401 617 Deo
1443 560 1602 616 vobis
1648 559 1913 615 collatum
1951 560 2123 615 mori-

480 660 587 716 bus
611 674 833 714 servare
873 657 1168 727 concedat,
1216 659 1382 727 atque
1424 671 1556 710 cum
1596 652 1895 725 multiplici
1932 652 2121 708 fructu

482 756 700 811 animas
730 752 888 810 vobis
916 751 1239 810 commissas
1272 749 1345 805 ad
1371 765 1582 823 pascua
1606 753 1821 804 aeterna
1841 748 2119 804 adducere

2220 563 2308 613 ter
2327 562 2548 613 sanctos
2575 561 2632 614 et
2656 558 2868 614 electos
2904 574 3034 612 suos
3068 557 3350 612 collocare
3392 557 3684 629 dignetur.
3715 558 3859 612 Data

2220 669 2257 707 ιι
2287 651 2415 707 ldus
2439 651 2645 724 Aprilis
2675 652 2994 724 Aureliano,
3024 656 3080 709 et
3100 651 3356 709 Marcello
3387 652 3451 707 ιν
3476 667 3556 709 cc.
3587 652 3803 708 consul.

556 1059 718 1127 ITEM
756 1057 1076 1124 EPISTOLA
1115 998 1458 1121 EUTIGLlNI
1497 1054 1687 1119 PAPIE
1725 1052 2086 1118 UNIVERSIS
2124 1051 2461 1118 EPISCOPIS
2499 1052 2633 1117 PER
2676 1052 2971 1118 SICILIAM
3009 1051 3436 1119 CONSTITUTIS
3474 1053 3782 1119 DIRECTA.

557 1228 679 1302 47
712 1227 1102 1284 Dilectissimis
1126 1224 1398 1280 fratribus
1419 1223 1690 1279 universis
1719 1222 1994 1295 episcopis
2018 1238 2123 1295 per

484 1323 726 1380 Siciliam
752 1320 1071 1378 constitutis
1096 1321 1449 1375 EUTICIANUS.

555 1416 894 1473 Benedictus
947 1414 1096 1469 Deus
1149 1415 1206 1468 et
1262 1414 1427 1466 Pater
1490 1410 1716 1465 Domini
1772 1410 1949 1465 nostri
1990 1412 2122 1465 Jesu

481 1510 691 1567 Christi
718 1508 813 1581 qui
850 1506 1145 1563 benedixit
1180 1522 1285 1561 nos
1313 1505 1371 1560 in
1402 1504 1561 1560 omni
1584 1503 1980 1559 benedictione
2014 1504 2123 1575 spi-

485 1603 676 1659 rituali
707 1604 766 1657 in
797 1601 1117 1657 caelestibus
1162 1600 1221 1654 in
1265 1599 1508 1668 Christo,
1544 1598 1688 1653 sicut
1728 1597 1899 1668 elegit
1930 1614 2030 1651 nos
2063 1597 2123 1651 in

486 1698 610 1769 ipso
641 1700 773 1751 ante
805 1694 1008 1750 mundi
1053 1692 1539 1761 constitutionem,
1583 1695 1644 1747 ut
1669 1708 1918 1746 essemus
1942 1691 2123 1745 sancti

490 1796 547 1846 et
573 1788 919 1845 immaculati
946 1789 1005 1843 in
1046 1790 1349 1859 conspectu
1391 1786 1513 1858 ejus
1552 1786 1610 1840 in
1650 1785 1946 1852 charitate,
1974 1801 2118 1855 pra-

493 1883 782 1940 destinans
827 1899 932 1937 nos
972 1882 1033 1936 in
1083 1879 1453 1952 adoptionem
1495 1879 1743 1934 ﬁliorum
1784 1895 1892 1950 per
1931 1879 2119 1933 Jesum

490 1977 778 2033 Christum
816 1976 874 2031 in
919 1977 1131 2047 ipsum,
1174 1973 1485 2029 secundum
1528 1972 1881 2045 propositum
1925 1973 2120 2027 volun-

489 2071 622 2127 tatis
651 2087 769 2125 sua
795 2069 853 2124 in
884 2069 1113 2124 laudem
1146 2067 1347 2139 gloria
1376 2067 1575 2139 gratia
1601 2083 1735 2134 sua,
1761 2067 1821 2120 in
1858 2082 1969 2138 qua
1999 2061 2127 2136 gra-

494 2164 735 2220 tiﬁcatus
762 2166 847 2218 est
873 2163 1038 2218 nobis
1062 2163 1121 2217 in
1157 2162 1361 2217 dilecto
1406 2159 1550 2216 Filio
1586 2178 1686 2215 suo
1712 2160 1771 2215 in
1810 2177 1922 2231 quo
1947 2160 2125 2214 habe-

491 2275 620 2314 mus
634 2258 1092 2330 redemptionem
1105 2271 1207 2327 per
1228 2254 1570 2326 sanguinem
1590 2254 1638 2325 ej
1649 2271 1711 2308 us
1730 2253 2127 2309 remissionem

489 2353 876 2424 peccatorum,
928 2350 1238 2405 secundum
1296 2348 1523 2403 divitias
1578 2349 1775 2419 gratia
1822 2348 1944 2419 ejus
1997 2363 2126 2418 qua

492 2445 799 2501 abundavit
826 2444 885 2499 in
933 2444 1117 2511 nobis,
1156 2442 1214 2497 in
1265 2442 1423 2497 omni
1461 2442 1742 2513 sapientia
1793 2445 1849 2496 et
1884 2440 2129 2512 pruden-

2223 1222 2653 1295 cogitationum,
2700 1225 2757 1277 et
2799 1238 3024 1277 eramus
3067 1225 3271 1277 natura
3316 1221 3420 1277 ﬁlii
3469 1223 3569 1278 ira
3614 1222 3759 1279 sicut
3803 1226 3861 1279 et

2222 1317 2429 1372 cat’eri.
2453 1317 2633 1384 Modo,
2662 1316 2885 1384 fratres,
2916 1316 3051 1387 quia
3075 1333 3144 1371 ex
3171 1316 3299 1371 ﬁliis
3328 1316 3427 1372 ira
3458 1335 3557 1372 sua
3596 1318 3779 1390 gratia
3800 1323 3861 1373 et

2223 1411 2473 1482 gratuita
2519 1410 2883 1466 miseratione
2923 1409 3057 1465 fecit
3098 1428 3199 1465 nos
3241 1412 3391 1466 Deus
3428 1412 3573 1466 ﬁlios
3614 1429 3767 1483 suos,
3804 1418 3861 1468 et

2223 1522 2346 1574 nos,
2368 1505 2464 1577 qui
2484 1505 2645 1577 digni
2665 1505 2808 1560 servi
2834 1504 2949 1559 non
2968 1521 3196 1559 eramus
3216 1505 3384 1560 nullis
3410 1506 3628 1560 meritis
3648 1523 3861 1578 prace-

2225 1599 2513 1667 dentibus,
2536 1599 2630 1653 sed
2653 1616 2771 1665 sua,
2794 1603 2859 1653 ut
2879 1598 3145 1666 diximus,
3170 1600 3346 1671 gratia
3380 1600 3512 1654 facti
3541 1616 3737 1654 sumus
3754 1600 3858 1655 ﬁlii

2225 1694 2366 1764 ejus,
2398 1693 2458 1747 in
2488 1709 2603 1764 quo
2632 1692 2946 1747 clamamus
2979 1709 2993 1746 :
3027 1692 3172 1747 abba
3200 1697 3382 1764 pater,
3410 1697 3707 1764 sequentes
3734 1694 3859 1765 ejus

2225 1788 2501 1857 exempla,
2535 1786 2711 1841 simus
2740 1785 2839 1841 ﬁlii
2887 1785 3288 1841 misericordia
3319 1790 3377 1842 et
3394 1787 3652 1857 justitia,
3684 1792 3858 1858 atque

2226 1880 2567 1949 dilectionis,
2597 1884 2660 1934 ut
2677 1880 2795 1934 veri
2826 1880 2929 1934 ﬁlii
2947 1879 3045 1934 Dei
3068 1884 3122 1934 et
3143 1879 3251 1934 dici
3294 1883 3351 1935 et
3384 1897 3504 1935 esse
3535 1881 3657 1953 ipso
3691 1881 3856 1936 auxi-

2223 1972 2401 2028 liante
2418 1972 3330 2044 valeamus.«Deponentesigitur,
3342 1973 3503 2044 juxta
3516 1975 3857 2046 apostolum,

2227 2084 2457 2123 omnem
2487 2067 2788 2136 malitiam,
2837 2070 2895 2121 et
2938 2048 3167 2121 omnem
3199 2067 3412 2136 dolum,
3458 2072 3515 2122 et
3552 2068 3863 2123 simulatio-

2225 2179 2346 2229 nes,
2386 2166 2441 2216 et
2477 2161 2730 2229 invidias,
2767 2164 2824 2215 et
2854 2177 3050 2215 omnes
3071 2160 3466 2230 detractiones,
3498 2166 3604 2217 etc.
3636 2162 3682 2231 (Ι
3708 2165 3858 2218 Petr.

2227 2272 2286 2324 ιι,
2320 2257 2389 2327 1).
2430 2275 2456 2308 »
2488 2256 2555 2309 Hi
2583 2271 2718 2310 vero
2747 2255 2845 2326 qui
2875 2254 3011 2309 talia
3041 2259 3220 2326 agunt
3237 2271 3353 2310 non
3381 2255 3480 2309 ﬁlii
3510 2255 3609 2310 Dei
3629 2256 3726 2310 sed
3756 2273 3859 2327 po-

2226 2349 2337 2404 tius
2366 2348 2465 2403 ﬁlii
2497 2365 2743 2421 nequam
2774 2365 2893 2403 esse
2923 2349 3384 2420 comprobantur,
3427 2349 3569 2404 sicut
3598 2349 3749 2403 idem
3783 2350 3867 2405 ait

2228 2443 2524 2515 Apostolus
2552 2459 2565 2497 :
2608 2464 2635 2491 ‹‹
2666 2442 2955 2497 Manifesta
2986 2445 3119 2497 sunt
3149 2460 3321 2514 opera
3352 2443 3540 2497 carnis
3569 2460 3695 2515 qua
3728 2448 3867 2498 sunt

492 2540 589 2605 tia,
629 2544 694 2594 ut
748 2540 949 2593 notum
993 2537 1203 2592 faceret
1247 2536 1412 2591 nobis
1462 2539 1879 2592 sacramentum
1921 2509 2547 2603 volun-Bfornicatio,
2578 2536 2961 2604 immunditia,
3004 2536 3247 2607 luxuria,
3285 2536 3569 2592 idolorum
3599 2536 3864 2604 servitus,

490 2633 619 2688 tatis
632 2648 752 2687 sua
777 2630 1095 2687 secundum
1122 2628 1545 2701 beneplacitum
1568 2629 1707 2699 ejus,
1730 2627 1887 2700 quod
1914 2644 2125 2699 propo-

493 2727 606 2781 suit
630 2726 691 2780 in
714 2742 780 2780 eo
825 2726 884 2780 in
924 2724 1353 2796 dispensatione
1401 2721 1777 2795 plenitudinis
1803 2726 2129 2793 temporum

493 2820 812 2875 instaurare
843 2817 1038 2872 omnia
1067 2817 1125 2872 in
1173 2816 1415 2883 Christo,
1459 2831 1587 2886 qua
1629 2815 1688 2869 in
1728 2814 1879 2870 calis
1917 2819 1972 2870 et
2000 2831 2128 2887 qua

496 2914 554 2967 in
584 2917 734 2967 terra
760 2916 892 2966 sunt
918 2910 977 2965 in
1005 2911 1128 2982 ipso
1164 2927 1177 2964 :
1210 2909 1268 2964 in
1297 2926 1411 2981 quo
1440 2909 1613 2964 etiam
1650 2913 1799 2963 sorte
1824 2908 2003 2964 vocati
2034 2926 2126 2962 su-

494 3022 623 3061 mus
665 3004 1053 3077 pradestinati
1090 3003 1404 3058 secundum
1452 3003 1805 3075 propositum
1850 3002 1993 3073 ejus,
2032 3002 2131 3074 qui

499 3100 695 3157 omnia
710 3100 979 3170 operatur
994 3097 1309 3153 secundum
1337 3095 1641 3151 consilium
1663 3095 1963 3151 voluntatis
1990 3111 2127 3164 sua,

500 3200 562 3250 ut
588 3193 763 3248 simus
794 3192 853 3247 in
881 3191 1102 3246 laudem
1144 3194 1200 3245 et
1227 3190 1469 3262 gloriam
1500 3190 1622 3261 ejus
1662 3189 1760 3262 qui
1789 3194 1918 3244 ante
1949 3206 2132 3261 spera-

498 3289 682 3343 vimus
723 3287 782 3342 in
831 3284 1070 3352 Christo,
1133 3284 1191 3339 in
1248 3302 1360 3357 quo
1411 3289 1467 3339 et
1514 3301 1613 3339 vos
1656 3300 1788 3338 cum
1837 3283 2131 3338 audissetis

498 3382 735 3438 verbum
759 3379 1006 3436 veritatis
1022 3379 1389 3451 Evangelium
1419 3377 1615 3433 salutis
1631 3380 1831 3433 vestra
1851 3377 1910 3431 in
1939 3394 2051 3449 quo
2077 3381 2133 3433 et

499 3476 794 3532 credentes
821 3473 1029 3545 signati
1059 3473 1191 3528 estis
1234 3472 1446 3544 Spiritu
1487 3472 1881 3544 promissionis
1919 3473 2129 3538 sancto,

498 3571 596 3644 qui
626 3574 711 3627 est
742 3568 948 3642 pignus
975 3566 1325 3623 hareditatis
1348 3570 1557 3621 nostra
1586 3566 1644 3620 in
1674 3565 2130 3637 redemptionem

498 3663 884 3737 acquisitionis
910 3661 970 3716 in
1009 3661 1238 3716 laudem
1278 3661 1476 3732 gloria
1515 3659 1712 3732 ipsius.
1745 3661 2053 3731 Propterea
2079 3662 2135 3714 et

500 3776 605 3831 ego
634 3757 873 3812 audiens
901 3755 1077 3809 fidem
1105 3758 1353 3808 vestram
1397 3753 1455 3807 in
1485 3753 1722 3808 Domino
1752 3754 1881 3808 Jesu
1917 3752 2134 3807 Christo

503 3854 559 3906 et
588 3850 949 3906 dilectionem
974 3847 1032 3902 in
1072 3864 1274 3902 omnes
1304 3850 1545 3913 sanctos,
1592 3863 1707 3901 non
1749 3862 1901 3901 cesso
1927 3847 2133 3917 gratias

502 3961 676 4017 agens
705 3960 809 4015 pro
835 3941 1014 4009 vobis,
1039 3940 1381 3996 memoriam
1401 3941 1570 3996 vestri
1603 3940 1814 3995 faciens
1850 3940 1908 3995 in
1935 3940 2135 3996 oratio-

501 4039 670 4095 nibus
688 4035 849 4105 meis,
874 4038 937 4090 ut
974 4037 1117 4091 Deus
1154 4034 1375 4089 Domini
1408 4034 1587 4089 nostri
1626 4036 1757 4090 Jesu
1794 4034 2000 4089 Christi
2029 4037 2132 4089 Pa-

504 4138 594 4189 ter
611 4131 804 4206 gloria
821 4130 914 4186 det
929 4129 1088 4185 vobis
1107 4128 1371 4201 spiritum
1399 4128 1686 4201 sapientia
1702 4132 1758 4184 et
1772 4128 2135 4184 revelationis

504 4228 562 4282 in
595 4225 950 4299 agnitionem
980 4225 1100 4295 ejus
1137 4223 1484 4279 illuminatos
1513 4224 1703 4278 oculos
1733 4223 1917 4278 cordis
1942 4223 2133 4290 vestri,

508 4326 569 4377 ut
594 4319 780 4377 sciatis
834 4334 959 4390 qua
1004 4319 1076 4373 sit
1119 4334 1242 4390 spes
1286 4317 1597 4373 vocationis
1626 4317 1766 4389 ejus,
1797 4322 1853 4373 et
1889 4333 2017 4389 qua
2046 4317 2133 4372 di-

504 4415 655 4470 vitia
685 4413 881 4487 gloria
922 4411 1272 4468 hareditatis
1313 4411 1528 4487 ejus‘in
1565 4410 1788 4479 sanctis,
1823 4414 1879 4466 et
1906 4426 2035 4483 qua
2065 4411 2139 4466 sit

506 4507 939 4582 supereminens
980 4505 1317 4578 magnitudo
1356 4504 1578 4560 virtutis
1617 4504 1738 4576 ejus
1777 4504 1836 4558 in
1875 4521 1999 4572 nos,
2038 4504 2137 4577 qui

505 4602 851 4659 credidimus
881 4600 1193 4655 secundum
1218 4598 1614 4671 operationem
1631 4597 1900 4670 potentia
1916 4597 2137 4653 virtutis

504 4698 625 4770 ejus
653 4712 825 4769 quam
854 4698 1119 4766 operatus
1147 4697 1233 4748 est
1270 4693 1330 4748 in
1356 4692 1574 4749 Christo
1613 4692 1886 4747 suscitans
1912 4691 2077 4746 illum
2104 4707 2137 4747 a

505 4791 762 4857 mortuis,
801 4794 859 4845 et
900 4788 1251 4843 constituens
1287 4787 1356 4842 ad
1397 4788 1693 4843 dexteram
1736 4802 1894 4840 suam
1933 4786 1993 4841 in
2026 4803 2133 4841 ca-

504 4883 737 4939 lestibus
770 4899 941 4955 super
983 4897 1217 4937 omnem
1248 4880 1652 4952 principatum,
1686 4883 1741 4935 et
1777 4883 2134 4951 potestatem,

508 4983 565 5032 et
588 4976 883 5042 virtutem,
904 4979 960 5030 et
981 4974 1453 5041 dominationem,
1482 4977 1537 5029 et
1562 4990 1732 5029 omne
1761 4991 1968 5029 nomen
1988 4974 2138 5045 quod

507 5069 843 5126 nominatur
881 5085 995 5123 non
1022 5070 1206 5123 solum
1247 5068 1305 5122 in
1340 5068 1449 5122 hoc
1476 5069 1681 5123 saculo
1704 5068 1799 5123 sed
1824 5067 1881 5122 in
1920 5068 2134 5124 futuro.

506 5165 577 5219 Et
605 5162 799 5218 omnia
828 5162 1063 5234 subjecit
1099 5163 1202 5218 sub
1238 5162 1477 5234 pedibus
1511 5162 1652 5233 ejus,
1691 5166 1747 5217 et
1771 5161 1958 5233 ipsum
1984 5161 2140 5217 dedit

2227 2630 2525 2698 veneﬁcia,
2581 2629 2926 2698 inimicitia,
2981 2630 3402 2698 contentiones,
3444 2630 3863 2693 aemulationes,

2228 2724 2348 2795 ira,
2377 2724 2536 2792 rixa,
2569 2723 2970 2792 dissensiones,
3012 2727 3201 2792 secta,
3247 2724 3493 2791 invidia,
3537 2724 3864 2793 homicidia,

2231 2817 2553 2885 ebrietates,
2584 2817 3046 2885 comessationes,
3076 2820 3133 2872 et
3170 2817 3261 2871 his
3292 2817 3517 2888 similia,
3558 2834 3685 2889 qua
3716 2834 3863 2889 pra-

2233 2910 2357 2965 dico
2384 2911 2540 2965 vobis
2577 2912 2722 2965 sicut
2759 2911 3020 2982 praedixi,
3069 2911 3338 2982 quoniam
3378 2912 3477 2983 qui
3509 2912 3642 2967 talia
3682 2916 3870 2983 agunt

2230 3022 2478 3077 regnum
2528 3005 2625 3059 Dei
2686 3021 2797 3059 non
2843 3008 3266 3076 consequentur
3311 3005 3450 3075 (Gal.
3491 3022 3545 3073 v,
3596 3006 3795 3077 19-21).
3838 3026 3865 3057 η

2231 3099 2427 3169 Grave,
2455 3098 2677 3167 fratres,
2700 3098 2938 3153 verbum
2982 3102 3039 3153 et
3084 3099 3432 3153 horrendum
3474 3100 3663 3167 nimis,
3710 3101 3869 3170 quod

2233 3193 2331 3261 ait,
2361 3192 2634 3264 quoniam
2650 3192 2747 3264 qui
2770 3191 2899 3246 talia
2921 3196 3103 3264 agunt
3118 3209 3366 3264 regnum
3394 3193 3491 3248 Dei
3524 3210 3640 3247 non
3674 3210 3870 3248 conse-

2176 3314 2196 3333 ο
2231 3291 2499 3359 quentur.
2519 3287 2588 3340 Et
2607 3286 2733 3357 ipsa
2764 3302 2866 3357 per
2892 3303 2948 3341 se
2973 3287 3190 3342 Veritas
3211 3287 3380 3342 dicit:
3410 3309 3436 3337 ‹‹
3460 3286 3611 3351 Quid
3631 3288 3869 3358 prodest

2231 3380 2453 3436 homini
2475 3379 2800 3434 universum
2821 3381 3104 3434 mundum
3124 3380 3351 3447 lucrari,
3370 3380 3576 3435 anima
3592 3398 3727 3436 vero
3748 3399 3866 3437 sua

2234 3474 2649 3529 detrimentum
2689 3473 2975 3545 patiatur?
3022 3495 3049 3522 ››
3113 3476 3298 3541 (Marc.
3352 3491 3466 3541 VIII,
3508 3476 3614 3545 36).
3664 3475 3868 3530 Gravia

2234 3572 2366 3623 sunt
2413 3567 2584 3622 nimis
2626 3584 2751 3639 qua
2794 3567 3148 3639 pratulimus
3190 3573 3248 3622 et
3288 3569 3551 3640 pervalde
3590 3570 3863 3623 cavenda.

2232 3661 2446 3726 Quibus
2467 3660 2623 3716 enim
2652 3678 2897 3733 regnum
2918 3661 3019 3716 Dei
3045 3662 3361 3717 excluditur
3388 3663 3584 3733 procul
3614 3662 3790 3718 dubio
3813 3668 3871 3718 et

2231 3755 2479 3810 Ecclesia
2508 3755 2843 3827 denegatur,
2871 3756 2940 3809 de
2969 3756 3171 3827 quibus
3194 3756 3466 3811 Dominus
3508 3755 3567 3810 in
3604 3759 3866 3829 Evange-

2234 3849 2311 3903 lio
2340 3852 2677 3920 potestatem
2722 3850 3106 3921 apostolorum
3136 3866 3447 3922 eorumque
3479 3866 3870 3905 successorum

2233 3941 2600 4011 annuntians,
2633 3942 2712 3998 ait
2739 3960 2752 3998 :
2784 3944 3035 4007 Quorum
3066 3943 3389 3999 dimiseritis
3414 3949 3641 4015 peccata
3671 3945 3868 4001 dimit-

2232 4039 2432 4092 tuntur
2463 4038 2562 4107 eis,
2596 4041 2653 4091 et
2678 4054 2925 4108 quorum
2951 4036 3312 4109 alligaveritis
3331 4038 3563 4110 alligata
3594 4042 3781 4109 erunt,
3813 4039 3872 4093 id

2236 4135 2339 4201 est,
2369 4130 2574 4202 quibus
2600 4130 2886 4185 ecclesiam
2923 4131 3333 4187 interdixeritis
3373 4132 3481 4186 nisi
3517 4132 3872 4187 reconciliati

2235 4242 2341 4297 per
2368 4224 2803 4280 satisfactionem
2829 4224 3045 4281 fuerint
3079 4226 3216 4299 ipsis
3262 4230 3316 4282 et
3342 4226 3522 4298 janua
3556 4228 3723 4298 regni
3753 4244 3869 4282 coe-

2236 4319 2389 4373 lestis
2415 4319 2606 4373 clausa
2632 4319 2755 4373 erit.

2308 4413 2465 4467 Unde
2495 4412 2601 4467 ista
2624 4418 3008 4484 pracaventes
3048 4418 3104 4468 et
3130 4413 3429 4469 stultorum
3470 4415 3694 4469 animos
3720 4432 3871 4487 pra-

2235 4505 2509 4573 videntes,
2557 4523 2693 4561 cura
2729 4507 3012 4579 pastorali,
3056 4525 3183 4562 cum
3214 4508 3481 4563 omnibus
3510 4509 3785 4580 episcopis
3816 4516 3876 4565 et

2238 4605 2443 4655 sancta
2472 4601 2743 4655 Romana
2790 4606 2962 4672 atque
3006 4601 3340 4656 universalis
3382 4601 3642 4657 Ecclesia
3669 4603 3876 4657 utrius-

2237 4711 2348 4768 que
2388 4693 2601 4748 ordinis
2636 4694 2914 4761 ﬁdelibus,
2972 4695 3269 4750 statuimus
3310 4712 3424 4750 non
3472 4695 3550 4749 ita
3588 4696 3649 4749 in
3689 4698 3874 4751 eccle-

2238 4787 2470 4843 siasticis
2490 4787 2778 4859 agendum
2797 4806 2920 4843 esse
2956 4789 3198 4860 negotiis
3234 4790 3375 4844 sicut
3390 4790 3448 4843 in
3481 4790 3871 4846 saecularibus.

2237 4883 2380 4937 Nam
2406 4882 2464 4936 in
2486 4882 2850 4936 saecularibus
2882 4883 3100 4953 legibus
3141 4886 3449 4954 postquam
3483 4887 3714 4937 vocatus
3748 4884 3877 4955 quis

2235 4976 2475 5045 venerit,
2505 4980 2561 5031 et
2602 4976 2663 5031 in
2709 4977 2831 5032 foro
2879 4977 3169 5032 decertare
3210 4977 3459 5048 coeperit,
3499 4994 3614 5031 non
3656 4977 3791 5033 licet
3819 4979 3877 5032 ei

2237 5074 2366 5125 ante
2418 5076 2703 5141 peractam
2752 5088 2977 5126 causam
3032 5071 3313 5126 recedere.
3361 5074 3423 5126 1n
3481 5070 3878 5128 ecclesiasticis

2236 5181 2369 5219 vero
2400 5164 2555 5219 dicta
2586 5181 2755 5219 causa
2783 5165 3051 5220 recedere
3072 5166 3203 5219 licet
3234 5165 3279 5218 si
3303 5181 3530 5219 necesse
3551 5165 3744 5236 fuerit,
3776 5171 3879 5220 aut

508 5261 678 5330 caput
697 5273 870 5329 super
886 5273 1114 5313 omnem
1139 5273 1265 5329 qua
1286 5263 1370 5313 est
1389 5273 1596 5329 corpus
1616 5256 1738 5328 ejus
1758 5260 1820 5332 et
1846 5256 2139 5327 plenitudo
2157 5260 2217 5332 D
2240 5258 2286 5313 si
2313 5260 2637 5330 pergravari
2664 5260 2889 5314 viderit.

511 5353 635 5424 ejus
660 5351 760 5425 qui
785 5351 975 5407 omnia
1004 5352 1061 5406 in
1092 5352 1359 5408 omnibus
1388 5351 1854 5425 adimpletur.\Et
1889 5367 1985 5403 vos
2013 5367 2142 5405 cum

509 5446 706 5502 essetis
731 5446 942 5502 mortui
980 5446 1199 5502 delictis
1226 5451 1282 5501 et
1318 5445 1561 5517 peccatis
1600 5443 1819 5512 vestris,
1851 5443 1908 5497 in
1935 5443 2140 5515 quibus

509 5541 815 5614 aliquando
872 5539 1202 5596 ambulastis
1267 5537 1581 5593 secundum
1629 5537 1896 5592 saculum
1937 5537 2140 5592 mundi

507 5635 698 5707 hujus,
738 5635 1049 5690 secundum
1089 5630 1403 5704 principem
1450 5630 1742 5703 potestatis
1784 5630 1928 5685 aeris
1947 5631 2136 5703 hujus,

506 5728 737 5803 spiritus
783 5728 881 5801 qui
921 5743 1074 5781 nunc
1110 5727 1381 5797 operatur
1427 5725 1486 5779 in
1532 5724 1663 5780 filiis
1698 5724 2048 5795 difﬁdentia,
2080 5725 2141 5781 in

507 5822 712 5895 quibus
741 5824 800 5877 et
834 5838 939 5876 nos
976 5818 1281 5891 aliquando
1330 5818 1643 5874 conversati
1688 5835 1880 5875 sumus
1908 5822 1968 5874 in
1995 5819 2139 5875 desi-

508 5916 678 5970 deriis
707 5914 888 5969 carnis
918 5916 1146 5977 nostra,
1178 5913 1446 5975 facientes
1486 5912 1833 5967 voluntatem
1865 5913 2052 5969 carnis
2080 5918 2133 5969 et

2311 5351 2707 5407 Accusationes
2733 5369 2865 5408 vero
2894 5351 3153 5407 ordinem
3180 5352 3354 5407 talem
3393 5356 3449 5407 et
3486 5351 3789 5407 didicimus
3819 5358 3879 5408 ct

2242 5445 2451 5500 servari
2489 5445 2779 5515 debemus,
2825 5446 2881 5501 id
2913 5450 3014 5515 est,
3044 5447 3088 5501 si
3128 5447 3253 5519 quis
3297 5446 3636 5502 clericorum
3664 5447 3725 5500 in
3760 5448 3874 5501 eri-

2240 5538 2394 5594 mine
2446 5540 2739 5611 impetitur
2789 5557 2905 5595 non
2947 5541 3133 5595 statim
3192 5558 3323 5595 reus
3370 5540 3702 5611 astimetur,
3737 5541 3877 5613 quia

2240 5633 2494 5689 accusari
2510 5635 2695 5705 potuit
2722 5651 2793 5690 ne
2813 5634 3123 5706 subjectam
3149 5634 3537 5689 innocentiam
3571 5633 3873 5690 faciamus.

2233 5725 2351 5781 Sed
2371 5727 2611 5799 quisque
2629 5728 2723 5801 ille
2747 5733 2831 5784 est
2857 5729 2954 5801 qui
2972 5728 3191 5783 crimen
3220 5726 3486 5797 intendit,
3510 5727 3568 5782 in
3582 5727 3877 5798 judicium

2236 5821 2441 5889 veniat,
2486 5838 2699 5877 nomen
2745 5824 2828 5877 rei
2868 5822 3100 5891 indicet,
3158 5822 3447 5877 vinculum
3488 5820 3880 5892 inscriptionis

2232 5914 2482 5987 arripiat,
2530 5916 2824 5985 custodiat,
2857 5916 3314 5988 similitudinem,
3342 5915 3534 5972 habita
3566 5918 3761 5971 tamen
3792 5916 3878 5971 di-
