4058 6314
227 378 336 437 205

1428 380 1902 438 DECRETALIUM
1939 383 2320 440 COLLECTIO.

3490 386 3593 448 206

229 490 465 565 gnitatis
499 488 894 561 aestimatione,
923 491 1190 563 patiatur.
1228 493 1339 546 Nec
1368 492 1491 546 fore
1519 492 1627 545 sibi
1650 492 1869 548 noverit
1889 492 2134 575 Adilrxi
2176 510 2275 549 eos
2319 493 2461 549 sicut
2509 510 2602 549 me
2647 495 2910 552 dilexisti.
2961 499 3142 567 Pater,
3199 514 3343 570 quos
3384 498 3595 575 dedisti

227 587 524 643 licentiam
540 586 856 642 mentiendi
876 603 1004 641 cum
1026 586 1435 641 calumniantes
1463 587 1532 641 ad
1555 587 1863 642 vindictam

229 685 427 754 poscat
457 680 767 761 similitudo
797 680 1074 752 supplicii.
1106 681 1364 735 Haeretici
1393 680 1547 735 enim
1576 698 1775 735 omnes
1806 686 1863 736 et

228 776 500 846 suspecti,
518 777 577 829 et
591 775 1084 842 excommunicati,
1102 774 1401 829 homicidae
1422 790 1671 846 quoque,
1685 778 1859 846 atque

228 869 493 938 maleﬁci,
518 871 690 938 fures,
715 869 989 941 sacrilegi,
1014 871 1292 940 raptores,
1309 868 1569 936 veneﬁci,
1592 869 1856 937 adulteri,

228 968 284 1019 et
338 965 441 1036 qui
494 968 721 1035 raptum
771 964 1030 1030 fecerint,
1077 963 1167 1018 vel
1216 963 1419 1017 falsum
1474 963 1860 1018 testimonium

228 1056 493 1125 dixerint,
521 1074 621 1111 seu
657 1056 755 1129 qui
788 1057 861 1111 ad
887 1056 1181 1128 sortilegos
1210 1072 1523 1129 magosque
1552 1073 1857 1114 concurre-

224 1151 364 1218 rint,
398 1151 723 1206 nullatenus
760 1150 833 1204 ad
872 1151 1292 1206 accusationem
1330 1153 1463 1204 sunt
1495 1150 1855 1205 admittendi.

225 1244 377 1300 Nulli
403 1244 608 1299 infami
632 1261 884 1316 unquam
912 1249 1080 1317 atque
1107 1244 1382 1315 sacrilego
1411 1245 1480 1299 de
1514 1261 1858 1316 quocunque

225 1338 465 1410 negotio
522 1339 689 1393 liceat
740 1339 1006 1394 adversus
1062 1338 1394 1409 religiosum
1446 1336 1855 1406 Christianum,

225 1433 491 1506 quamvis
510 1433 740 1488 humilis
765 1433 1091 1505 servilisque
1112 1448 1357 1503 persona
1372 1432 1441 1487 sit
1465 1433 1858 1487 testimonium

224 1527 438 1594 dicere,
472 1543 576 1582 nec
605 1527 673 1582 de
711 1510 967 1598 qualibet
998 1543 1059 1581 re
1100 1527 1323 1580 actione
1366 1526 1453 1581 vel
1491 1526 1857 1597 inscriptione

227 1621 614 1678 Christianum
660 1621 959 1692 impetere.
1001 1621 1280 1676 Omnibus
1326 1637 1554 1691 quoque
1602 1620 1859 1675 similiter

225 1715 531 1771 accusandi
578 1715 665 1769 vel
717 1714 1051 1770 testiﬁcandi
1097 1714 1325 1770 licentia
1383 1714 1707 1785 denegetur
1760 1714 1859 1785 qui

1960 588 2124 657 mihi,
2161 590 2307 655 volo,
2339 592 2404 643 ut
2447 589 2544 643 ubi
2582 606 2690 660 ego
2734 607 2862 645 sum
2899 591 3068 646 etilli
3105 591 3221 647 sint
3248 608 3496 663 mecum,
3529 596 3594 649 ut

1960 682 2192 737 videant
2222 682 2538 737 claritatem
2572 700 2764 739 meam
2803 700 2976 756 quam
3011 686 3215 742 dedisti
3242 685 3417 755 mihi,
3458 687 3594 760 quia

1962 775 2206 830 dilexisti
2225 792 2318 829 me
2342 779 2474 831 ante
2496 778 2959 834 constitutionem
2981 779 3204 836 mundi.
3232 782 3402 835 Pater
3414 781 3589 852 juste,

1958 869 2210 925 mundus
2234 874 2290 924 te
2323 886 2440 924 non
2471 871 2755 943 cognovit,
2789 888 2899 943 ego
2928 877 3124 929 autem
3154 877 3210 929 te
3242 874 3504 946 cognovi,
3534 878 3593 930 et

1960 963 2022 1018 hi
2060 968 2468 1035 cognoverunt,
2511 964 2645 1036 quia
2673 971 2735 1019 tu
2775 982 2867 1021 me
2897 966 3129 1037 misisti;
3161 971 3217 1023 et
3243 972 3445 1024 notum
3482 968 3591 1024 feci

1960 1057 2041 1112 eis
2067 1073 2277 1113 nomen
2304 1062 2488 1125 tuum,
2531 1063 2586 1112 et
2616 1060 2817 1114 notum
2851 1060 3072 1129 faciam,
3117 1066 3177 1115 ut
3222 1060 3448 1117 dilectio
3480 1079 3590 1135 qua

1962 1150 2204 1205 dilexisti
2236 1167 2329 1206 me
2364 1151 2423 1205 in
2457 1151 2596 1222 ipsis
2627 1152 2699 1205 sit
2737 1155 2793 1207 et
2828 1169 2934 1224 ego
2977 1154 3036 1208 in
3069 1154 3207 1225 ipsis
3242 1154 3416 1225 (Joan.
3449 1172 3586 1223 xvu,

1960 1246 2124 1316 6-26).
2150 1266 2178 1294 »
2208 1247 2275 1300 Et
2302 1245 2455 1299 idem
2478 1247 2721 1301 Joannes
2753 1248 3040 1316 apostolus
3066 1250 3124 1302 et
3145 1248 3490 1320 evangelista
3528 1250 3588 1303 in

1958 1337 2142 1410 prima
2180 1339 2418 1409 epistola
2452 1356 2554 1393 sua
2591 1340 2863 1411 loquitur,
2897 1340 3131 1395 dicens:
3171 1361 3199 1390 «
3237 1342 3593 1412 Charissimi,

1959 1432 2263 1501 diligamus
2289 1432 2553 1501 invicem,
2582 1433 2713 1505 quia
2739 1433 2980 1488 charitas
3009 1451 3075 1488 ex
3101 1435 3214 1489 Deo
3238 1438 3341 1490 est.
3365 1436 3435 1490 Et
3458 1451 3586 1490 om-

1959 1528 2047 1581 nis
2076 1526 2173 1598 qui
2200 1526 2406 1598 diligit,
2434 1543 2504 1581 ex
2527 1528 2641 1582 Deo
2669 1532 2834 1583 natus
2862 1531 2966 1596 est,
2995 1533 3052 1583 et
3073 1528 3363 1599 cognoscit
3380 1523 3586 1585 D‘eum.

1960 1621 2068 1685 Qui
2093 1637 2207 1674 non
2233 1621 2435 1691 diligit,
2464 1637 2579 1675 non
2606 1622 2761 1676 novit
2781 1622 2979 1690 Deum,
3009 1622 3143 1694 quia
3170 1623 3320 1678 Deus
3343 1622 3589 1677 charitas

1958 1718 2059 1769 θεῖ.
2090 1716 2150 1768 ln
2176 1714 2283 1769 hoc
2310 1714 2575 1786 apparuit
2602 1715 2850 1771 charitas
2880 1716 2984 1771 Dei
3014 1716 3073 1770 in
3105 1716 3286 1787 nobis,
3318 1715 3591 1788 quoniam

223 1809 558 1867 Christiana:
589 1809 881 1879 religionis
913 1813 969 1863 et
1004 1808 1253 1863 nominis
1284 1808 1622 1880 dignitatem
1656 1810 1713 1862 et
1741 1825 1857 1862 suae
1879 1874 1923 1881 __
1958 1807 2161 1862 Filium
2190 1824 2359 1863 suum
2384 1808 2750 1879 unigenitum
2771 1809 2930 1865 misit
2947 1810 3093 1864 Deus
3117 1810 3177 1865 in
3204 1810 3504 1881 mundum,
3529 1812 3592 1864 ut

219 1903 367 1975 legis
389 1904 478 1957 vel
502 1903 591 1979 sui
617 1903 907 1974 praepositi
936 1918 1200 1957 normam
1226 1907 1324 1957 aut
1362 1902 1698 1974 regulariter
1721 1919 1853 1973 pro-
1878 1874 1934 1946 B
1957 1902 2211 1956 vivamus
2238 1918 2337 1972 per
2361 1918 2512 1957 eum.
2538 1904 2599 1957 In
2629 1903 2735 1958 hoc
2760 1908 2842 1959 est
2869 1902 3135 1971 charitas,
3161 1920 3276 1958 non
3302 1903 3461 1976 quasi
3483 1921 3588 1959 nos

224 1997 406 2070 hibita
445 1997 825 2068 neglexerint.
859 1996 1131 2051 Similiter
1169 1996 1540 2067 prohibemus
1577 2000 1643 2051 ut
1684 1996 1857 2050 nulla:
1957 1995 2325 2050 dilexerimus
2354 1998 2553 2067 Deum,
2585 1996 2684 2052 sed
2711 1997 2983 2069 quoniam
3008 1998 3130 2069 ipse
3158 1997 3353 2053 dilexit
3376 2015 3500 2065 nos,
3534 2003 3591 2054 et

222 2108 409 2146 causae
444 2106 478 2145 a
508 2090 794 2162 judicibus
825 2090 1220 2146 Ecclesiasticis
1249 2090 1570 2158 audiantur,
1612 2107 1741 2161 quae
1767 2090 1852 2144 le-

218 2186 387 2256 gibus
412 2200 529 2239 non
566 2185 951 2251 continentur,
986 2184 1073 2237 vel
1104 2200 1231 2254 quae
1266 2183 1567 2254 prohibitae
1603 2199 1724 2238 esse
1756 2201 1855 2239 no-

218 2283 481 2334 scuntur.
505 2279 631 2332 Haec
656 2294 771 2332 non
799 2279 983 2332 solum
1013 2277 1434 2345 Ecclesiasticae,
1464 2277 1563 2331 sed
1586 2280 1641 2331 et
1665 2278 1854 2332 saeculi

212 2373 377 2444 leges
403 2372 701 2427 observare
724 2371 1080 2442 prmcipiunt.
1111 2372 1232 2425 Non
1260 2369 1417 2426 enim
1447 2370 1661 2442 passim
1687 2388 1853 2442 vage-

218 2483 332 2537 que
353 2466 707 2520 sacerdotum
734 2464 1016 2519 accusatio
1045 2463 1215 2518 debet
1240 2463 1383 2518 ﬁeri.
1416 2465 1579 2535 Nam,
1611 2464 1657 2517 si
1686 2464 1850 2518 facile

216 2560 636 2624 admitteretur,
659 2558 929 2630 perpauci
950 2557 1123 2612 nimis
1142 2557 1554 2626 invenirentur,
1577 2556 1711 2629 quia
1733 2574 1851 2612 om-

215 2670 321 2709 nes
348 2654 445 2724 qui
473 2655 566 2725 pie
590 2654 789 2707 volunt
820 2652 1008 2706 vivere
1038 2651 1097 2706 in
1126 2652 1371 2721 Christo,
1395 2651 1851 2723 persecutionem

216 2747 531 2819 patiuntur.
557 2746 713 2802 Beati
735 2749 925 2800 tamen
954 2745 1050 2817 qui
1076 2745 1531 2817 persecutionem
1556 2745 1851 2816 patiuntur

214 2844 454 2913 propter
478 2840 783 2912 justitiam.
813 2840 972 2895 Unde
1004 2845 1059 2894 et
1093 2840 1216 2910 ipsa
1250 2855 1355 2910 per
1386 2855 1444 2893 se
1484 2839 1697 2894 Veritas
1725 2839 1803 2893 ait
1831 2856 1844 2892 :

217 2956 246 2987 (ι
280 2937 461 3001 Pater,
491 2934 850 2989 manifestavi
880 2949 1085 2987 nomen
1129 2938 1297 2988 tuum
1336 2932 1667 2987 hominibus
1709 2949 1849 3005 quos

216 3029 423 3085 dedisti
451 3029 592 3082 mihi
622 3029 693 3083 de
720 3028 934 3083 mundo
959 3044 972 3083 ε
1000 3028 1102 3082 Tui
1133 3031 1296 3082 erant
1321 3030 1378 3119 et
1403 3027 1544 3081 mihi
1567 3043 1660 3083 eos
1689 3027 1843 3081 dedi-

214 3124 307 3189 sti,
331 3128 388 3178 et
416 3138 740 3199 sermonem
772 3125 933 3177 tuum
965 3124 1349 3176 servaverunt.
1368 3122 1538 3199 ll‘lunc
1564 3138 1845 3191 cognove-

1956 2089 2115 2143 misit
2142 2089 2345 2144 Filium
2372 2107 2541 2145 suum
2567 2090 3028 2162 propitiationem
3058 2108 3164 2164 pro
3194 2092 3441 2163 peccatis
3479 2110 3585 2147 no-

1954 2184 2077 2238 tris.
2133 2183 2476 2252 Charissimi,
2535 2184 2580 2238 si
2631 2184 2709 2238 sic
2753 2185 2899 2239 Deus
2954 2184 3152 2240 dilexit
3202 2202 3327 2254 nos,
3379 2190 3437 2240 et
3486 2203 3588 2241 nos

1957 2278 2230 2332 debemus
2259 2279 2604 2332 alterutrum
2630 2277 2889 2349 diligere.
2914 2280 3096 2349 Deum
3124 2295 3296 2334 nemo
3322 2279 3465 2333 vidit
3493 2297 3591 2335 uu-

1955 2387 2148 2441 quam.
2179 2370 2237 2425 Si
2273 2370 2577 2447 diligamus
2613 2371 2878 2440 invicem,
2912 2372 3058 2425 Deus
3093 2371 3155 2426 in
3183 2371 3347 2427 nobis
3372 2376 3584 2441 manet,

1954 2469 2009 2519 et
2034 2464 2278 2518 charitas
2308 2464 2429 2533 ejus
2456 2465 2518 2518 in
2547 2464 2708 2518 nobis
2733 2466 2985 2535 perfecta
3015 2470 3119 2520 est.
3151 2467 3212 2519 ln
3242 2466 3347 2521 hoc
3376 2482 3585 2537 cogno-

1954 2558 2182 2625 scimus,
2211 2557 2481 2628 quoniam
2510 2558 2570 2611 in
2600 2574 2667 2611 eo
2705 2574 3029 2627 manemus,
3061 2563 3119 2614 et
3156 2559 3278 2630 ipse
3305 2559 3364 2614 in
3398 2560 3582 2627 nobis,

1953 2652 2225 2722 quoniam
2252 2652 2321 2705 de
2346 2651 2560 2722 Spiritu
2590 2668 2689 2706 suo
2717 2652 2872 2707 dedit
2897 2652 3082 2707 nobis.
3116 2654 3181 2707 Et
3207 2670 3310 2708 nos
3337 2653 3583 2709 vidimus

1951 2749 2008 2800 et
2039 2744 2427 2814 testiﬁcamur,
2460 2746 2734 2816 quoniam
2771 2747 2936 2801 Pater
2970 2746 3127 2800 misit
3172 2747 3380 2802 Filium
3416 2764 3585 2803 suum

1950 2839 2289 2894 salvatorem
2329 2840 2545 2894 mundi.
2587 2839 2853 2911 Quisquis
2893 2825 3181 2895 confessus
3222 2841 3415 2912 fuerit,
3447 2858 3590 2913 quo-

1948 2933 2102 2988 niam
2129 2934 2288 2987 Jesus
2314 2935 2397 2987 est
2423 2934 2597 2988 Filius
2624 2934 2746 3004 Dei,
2778 2935 2923 2989 Deus
2951 2934 3012 2988 in
3038 2950 3106 2989 eo
3135 2937 3347 3006 manet,
3381 2938 3438 2990 et
3464 2935 3585 3008 ipse

1947 3027 2008 3081 in
2038 3027 2173 3081 Deo.
2204 3029 2269 3082 Et
2304 3044 2405 3081 nos
2436 3027 2830 3098 cognovimus,
2861 3032 2917 3082 et
2953 3028 3294 3083 credidimus
3324 3029 3582 3084 charitati

1947 3137 2122 3191 quam
2149 3121 2322 3176 habet
2347 3122 2489 3176 Deus
2520 3121 2579 3175 in
2615 3121 2802 3176 nobis.
2834 3123 2983 3176 Deus
3010 3122 3254 3177 charitas
3281 3126 3365 3178 est
3394 3126 3450 3178 et
3486 3122 3585 3195 qui

212 3222 351 3273 runt
376 3188 514 3288 quia
542 3217 738 3270 omnia
766 3233 893 3287 quae
919 3215 1125 3269 dedisti
1158 3215 1297 3269 mihi
1324 3210 1421 3268 alis
1449 3218 1502 3269 te
1532 3218 1684 3284 sunt,
1717 3214 1850 3286 quia
1868 3246 1923 3320 Ο
1948 3217 2141 3270 manet
2176 3214 2236 3269 in
2275 3215 2575 3283 charitate,
2616 3215 2676 3269 in
2715 3218 2830 3271 Deo
2870 3219 3084 3283 manet,
3117 3221 3174 3272 et
3209 3218 3356 3272 Deus
3391 3216 3451 3272 in
3493 3233 3580 3273 eo.

210 3311 388 3365 verba
418 3327 544 3382 quae
574 3308 774 3364 dedisti
807 3308 906 3377 eis,
937 3315 994 3364 et
1026 3308 1134 3380 ipsi
1166 3311 1511 3379 acceperunt
1540 3313 1596 3363 et
1630 3324 1845 3379 cogno-

211 3407 421 3459 verunt
446 3421 577 3458 vere
608 3403 744 3474 quia
772 3420 805 3457 a
835 3408 888 3458 te
917 3402 1081 3469 exivi,
1116 3405 1173 3455 et
1202 3402 1581 3469 crediderunt,
1615 3402 1750 3473 quia
1785 3407 1848 3457 tu

211 3515 309 3554 me
334 3497 554 3553 misisti.
588 3499 704 3568 Ego
732 3512 835 3567 pro
865 3496 946 3551 eis
972 3513 1136 3566 rogo,
1166 3513 1279 3550 non
1311 3512 1414 3566 pro
1444 3496 1658 3549 mundo
1686 3512 1842 3569 rogo,

213 3593 314 3647 sed
345 3609 447 3663 pro
474 3592 551 3646 eis
580 3608 725 3663 quos
752 3590 951 3645 dedisti
980 3590 1143 3658 mihi,
1172 3591 1305 3661 quia
1331 3589 1415 3643 tui
1444 3595 1595 3644 sunt.
1627 3591 1695 3645 Et
1720 3608 1847 3646 mea

211 3685 407 3742 omnia
432 3691 527 3740 tua
552 3688 705 3752 sunt,
732 3688 787 3739 et
818 3688 916 3738 tua
936 3700 1067 3738 mea
1096 3687 1245 3752 sunt,
1275 3689 1332 3737 et
1358 3682 1692 3738 clariﬁcatus
1718 3701 1845 3739 sum

206 3782 270 3835 in
311 3781 410 3834 eis.
444 3781 508 3834 Et
528 3781 655 3850 jam
691 3794 807 3833 non
844 3795 971 3832 sum
1006 3778 1064 3833 in
1099 3778 1332 3845 mundo,
1363 3782 1418 3833 et
1451 3777 1513 3831 hi
1543 3777 1603 3831 in
1629 3779 1844 3833 mundo

208 3877 362 3942 sunt,
398 3878 454 3928 et
482 3890 589 3944 ego
618 3872 692 3927 ad
724 3875 781 3925 te
812 3872 998 3926 venio.
1027 3874 1190 3927 Pater
1219 3874 1432 3938 sancte,
1464 3887 1622 3924 serva
1654 3888 1752 3926 eos
1782 3872 1842 3926 in

203 3966 437 4021 nomine
469 3970 564 4020 tuo
608 3982 749 4037 quos
790 3965 998 4030 dedisti
1031 3965 1193 4035 mihi,
1225 3968 1291 4018 ut
1328 3981 1509 4019 unum
1555 3965 1669 4019 sint
1700 3966 1844 4019 sicut

203 4065 260 4116 et
297 4077 423 4115 nos.
472 4061 614 4114 Cum
658 4076 842 4113 essem
877 4075 1005 4112 cum
1046 4058 1125 4113 eis
1168 4075 1273 4129 ego
1316 4058 1610 4111 servabam
1652 4075 1747 4112 eos
1782 4058 1839 4112 in

202 4154 439 4209 nomine
466 4158 586 4208 tuo.
626 4153 779 4217 Quos
808 4152 1017 4207 dedisti
1046 4151 1208 4220 mihi,
1239 4150 1541 4219 custodivi,
1575 4155 1633 4205 et
1671 4168 1840 4207 nemo

208 4266 273 4302 ex
322 4247 411 4301 his
448 4247 638 4319 periit,
683 4245 793 4300 nisi
834 4245 984 4299 filius
1031 4244 1400 4316 perditionis,
1443 4248 1508 4298 ut
1550 4244 1841 4315 Scriptura

206 4342 528 4414 impleatur.
557 4341 717 4394 Nunc
752 4344 942 4394 autem
978 4339 1049 4394 ad
1084 4343 1141 4394 te
1175 4340 1358 4407 venio,
1391 4342 1447 4393 et
1484 4339 1603 4393 haec
1639 4339 1840 4410 loquor

208 4435 266 4489 in
297 4434 539 4502 mundo,
565 4436 629 4488 ut
652 4433 905 4488 habeant
931 4432 1202 4505 gaudium
1230 4449 1427 4487 meum
1450 4432 1749 4504 impletum
1776 4432 1836 4486 in

209 4528 545 4598 semetipsis.
568 4528 687 4598 Ego
710 4526 837 4582 dedi
866 4528 947 4581 eis
966 4543 1295 4581 sermonem
1321 4530 1481 4580 tuum
1506 4532 1562 4581 et
1588 4527 1836 4581 mundus

1947 3310 2008 3362 In
2046 3308 2151 3363 hoc
2182 3310 2435 3379 perfecta
2468 3314 2553 3364 est
2591 3310 2835 3364 charitas
2870 3309 3190 3378 nobiscum,
3226 3312 3289 3365 ut
3317 3311 3582 3367 ﬁduciam

1948 3402 2268 3457 habeamus
2296 3403 2356 3457 in
2393 3403 2486 3457 die
2508 3402 2731 3474 judicii,
2769 3403 2901 3475 quia
2934 3404 3079 3458 sicut
3116 3404 3211 3460 ille
3249 3409 3353 3476 est,
3386 3408 3444 3460 et
3480 3422 3582 3460 nos

1948 3512 2144 3549 sumus
2175 3496 2232 3550 in
2264 3496 2371 3550 hoc
2408 3496 2644 3551 mundo.
2687 3496 2880 3551 Timor
2917 3514 3031 3551 non
3068 3500 3153 3552 est
3186 3498 3246 3552 in
3281 3498 3576 3568 charitate,

1947 3588 2048 3642 sed
2076 3590 2329 3660 perfecta
2354 3589 2602 3644 charitas
2628 3590 2778 3644 foras
2798 3590 2971 3645 mittit
2996 3590 3283 3657 timorem,
3307 3591 3578 3663 quoniam

1946 3681 2118 3736 timor
2145 3698 2375 3753 pcenam
2399 3682 2588 3737 habet.
2619 3682 2729 3747 Qui
2756 3687 2949 3738 autem
2980 3683 3162 3753 timet,
3192 3701 3310 3739 non
3341 3687 3427 3739 est
3452 3700 3578 3756 per-

1944 3776 2125 3830 fectus
2166 3775 2226 3829 in
2266 3776 2560 3831 charitate.
2606 3778 2715 3831 Nos
2757 3792 2896 3848 ergo
2939 3776 3241 3849 diligamus
3278 3779 3477 3846 Deum,
3520 3783 3577 3834 et

1946 3869 2218 3940 quoniam
2246 3871 2394 3924 Deus
2417 3869 2574 3941 prior
2605 3870 2801 3925 dilexit
2824 3887 2947 3925 nos.
2968 3870 3023 3926 Si
3047 3871 3175 3943 quis
3202 3871 3408 3928 dixerit
3431 3889 3572 3945 quo-

1945 3963 2099 4017 niam
2131 3963 2305 4033 diligo
2331 3965 2512 4018 Deum
2544 3968 2601 4018 et
2632 3964 2871 4019 fratrem
2903 3981 3068 4019 suum
3099 3965 3300 4037 oderit,
3327 3968 3574 4023 mendax

1943 4060 2044 4110 est.
2065 4057 2174 4120 Qui
2196 4060 2387 4111 autem
2411 4074 2522 4111 non
2546 4057 2731 4128 diligit
2756 4059 2992 4113 fratrem
3020 4076 3185 4114 suum
3207 4076 3378 4132 quem
3397 4061 3568 4128 videt,

1942 4150 2123 4204 Deum
2154 4168 2326 4222 quem
2351 4168 2470 4206 non
2500 4152 2653 4206 videt
2686 4152 2969 4224 quomodo
2999 4157 3185 4225 potest
3215 4154 3491 4226 diligere?
3516 4159 3574 4211 et

1940 4244 2047 4297 hoc
2073 4245 2408 4299 mandatum
2430 4245 2706 4300 habemus
2734 4263 2767 4301 a
2787 4247 2924 4317 Deo,
2944 4251 3009 4301 ut
3034 4248 3131 4319 qui
3159 4248 3343 4319 diligit
3366 4250 3565 4318 Deum,

1940 4340 1998 4391 et
2027 4338 2226 4408 diligat
2256 4338 2492 4392 fratrem
2521 4356 2708 4394 suum.
2734 4339 2929 4394 Omnis
2960 4341 3059 4412 qui
3094 4342 3271 4397 credit
3295 4343 3568 4415 quoniam

1935 4432 2092 4486 Jesus
2123 4435 2207 4486 est
2239 4432 2492 4487 Christus
2518 4448 2584 4487 ex
2611 4434 2722 4488 Deo
2749 4438 2932 4503 natus,
2963 4437 3020 4488 et
3050 4435 3235 4489 omnis
3261 4436 3356 4507 qui
3383 4437 3568 4508 diligit

1938 4541 2070 4579 eum
2107 4525 2202 4596 qui
2233 4525 2450 4597 genuit,
2482 4526 2667 4597 diligit
2699 4544 2831 4581 eum
2862 4528 2959 4598 qui
2991 4532 3153 4582 natus
3184 4534 3268 4584 est
3293 4547 3361 4583 ex
3390 4546 3473 4584 eo.
3501 4533 3562 4585 In

202 4622 331 4676 odio
368 4620 571 4676 habuit
597 4638 710 4688 eos,
749 4621 882 4691 quia
916 4637 1030 4675 non
1060 4626 1193 4675 sunt
1223 4620 1291 4675 de
1326 4620 1562 4689 mundo,
1598 4620 1741 4674 sicut
1779 4619 1913 4691 etD
1937 4619 2042 4672 hoc
2061 4619 2765 4690 cognoscimus,quoniam
2790 4620 3080 4691 diligimus
3104 4626 3269 4675 natos
3291 4622 3409 4692 Dei,
3434 4640 3563 4678 cum

203 4732 311 4787 ego
339 4732 457 4770 non
490 4731 617 4769 sum
646 4715 715 4769 de
745 4714 981 4769 mundo.
1014 4716 1137 4769 Non
1176 4731 1316 4785 rogo
1345 4716 1406 4767 ut
1440 4715 1603 4768 tollas
1631 4731 1725 4767 eos
1766 4714 1834 4768 de

199 4809 441 4875 mundo,
477 4808 574 4863 sed
622 4810 686 4861 ut
718 4823 903 4862 serves
943 4824 1035 4863 eos
1076 4825 1109 4862 a
1150 4808 1318 4862 malo.
1354 4808 1427 4860 De
1460 4808 1678 4861 mundo
1720 4825 1831 4862 non

199 4905 352 4970 sunt,
385 4902 529 4956 sicut
569 4918 678 4973 ego
714 4917 832 4956 non
865 4918 988 4955 sum
1021 4901 1089 4956 de
1128 4900 1364 4956 mundo.
1399 4900 1697 4954 Sanctiﬁca
1737 4918 1833 4956 eos

196 4995 255 5049 in
284 4996 544 5050 veritate.
576 4996 777 5051 Sermo
804 4998 936 5049 tuus
964 4995 1170 5049 veritas
1200 5000 1300 5049 est.
1332 4995 1488 5049 Sicut
1511 5010 1602 5048 me
1629 4994 1833 5048 misisti

195 5089 253 5143 in
280 5089 584 5157 mundum,
614 5093 670 5144 et
697 5105 802 5161 ego
830 5089 960 5142 misi
988 5105 1080 5143 eos
1107 5088 1167 5141 in
1194 5089 1496 5143 mundum.
1526 5088 1593 5141 Et
1621 5104 1723 5158 pro
1749 5088 1829 5142 cis

194 5200 301 5255 ego
332 5182 617 5238 sanctiﬁco
637 5183 943 5254 meipsum,
972 5187 1035 5238 ut
1060 5182 1172 5237 sint
1200 5186 1257 5237 et
1283 5182 1387 5253 ipsi
1415 5181 1745 5237 sanctiﬁcati
1772 5182 1829 5237 in

192 5278 428 5332 veritate
449 5294 462 5343 ;
483 5294 599 5332 non
624 5294 729 5349 pro
759 5277 839 5331 eis
862 5282 1054 5332 autem
1082 5294 1224 5348 rogo
1255 5280 1499 5345 tantum,
1523 5276 1618 5331 sed
1646 5281 1701 5331 et
1724 5293 1827 5348 pro

194 5371 273 5424 eis
304 5370 403 5442 qui
436 5370 709 5425 credituri
746 5374 878 5424 sunt
906 5387 1010 5442 per
1035 5371 1273 5425 verbum
1306 5387 1504 5424 eorum
1533 5370 1594 5424 in
1622 5386 1734 5438 me,
1772 5373 1831 5425 ut

191 5480 395 5519 omnes
430 5480 614 5518 unum
650 5464 784 5534 sint,
829 5464 970 5519 sicut
1002 5469 1065 5519 tu
1103 5466 1268 5518 Pater
1295 5464 1355 5518 in
1385 5480 1500 5531 me,
1540 5468 1596 5518 et
1630 5480 1736 5535 ego
1768 5463 1828 5519 in

188 5562 262 5627 te,
298 5562 363 5612 ut
389 5560 447 5612 et
474 5557 583 5630 ipsi
619 5557 677 5612 in
710 5557 872 5613 nobis
896 5574 1080 5613 unum
1120 5558 1249 5628 sint,
1279 5562 1341 5612 ut
1364 5558 1610 5612 mundus
1638 5557 1829 5613 credat

187 5651 325 5723 quia
356 5656 418 5706 tu
445 5667 538 5707 me
573 5651 798 5707 misisti.
829 5654 897 5707 Et
926 5668 1034 5724 ego
1066 5651 1381 5707 claritatem
1415 5668 1584 5724 quam
1627 5650 1828 5707 dedisti

184 5745 354 5816 mihi,
384 5744 515 5801 dedi
543 5745 646 5814 eis,
683 5749 749 5801 ut
778 5746 890 5803 sint
919 5763 1101 5802 unum
1126 5746 1272 5802 sicut
1300 5748 1358 5801 et
1384 5762 1488 5801 nos
1514 5763 1695 5802 unum
1730 5763 1824 5802 su-

183 5856 339 5896 mus.
368 5841 490 5913 Ego
514 5841 576 5896 in
610 5839 693 5895 eis
723 5844 779 5896 et
804 5843 866 5897 tu
894 5841 954 5896 in
982 5858 1095 5911 me,
1127 5844 1193 5896 ut
1220 5841 1332 5897 sint
1360 5839 1737 5896 consummati
1767 5839 1827 5895 in

185 5951 396 6007 unum,
427 5938 492 5991 ut
520 5938 824 6008 cognoscat
859 5936 1125 6007 mundus,
1157 5935 1290 6009 quia
1317 5940 1379 5992 tu
1411 5951 1503 5991 me
1540 5933 1740 5991 misisti
1771 5937 1827 5990 et

1935 4713 2116 4766 Deum
2143 4712 2464 4783 diligamus,
2490 4716 2545 4766 et
2571 4713 2841 4768 mandata
2868 4713 2989 4784 ejus
3009 4714 3300 4784 faciamus,
3316 4705 3452 4769 haec
3478 4722 3563 4772 est

1935 4805 2087 4859 enim
2119 4806 2366 4860 charitas
2392 4804 2514 4873 Dei,
2546 4809 2606 4859 ut
2635 4806 2903 4860 mandata
2930 4806 3052 4878 ejus
3075 4807 3476 4877 custodiamus,
3507 4816 3562 4866 et

1933 4900 2201 4954 mandata
2237 4899 2357 4970 ejus
2404 4900 2597 4971 gravia
2639 4917 2750 4955 non
2806 4905 2936 4955 sunt
2971 4899 3035 4971 (Ι
3065 4904 3221 4957 Joan.
3275 4919 3347 4973 ιν,
3399 4907 3557 4975 7-21;

1929 5009 1984 5062 v,
2024 4995 2147 5065 1-4).
2180 5014 2206 5041 ι)

2003 5089 2069 5143 Εῖ
2088 5105 2190 5160 per
2214 5090 2555 5161 prophetam
2580 5089 2848 5144 Dominus
2876 5088 3160 5145 monendo
3183 5107 3254 5145 ne
3275 5090 3562 5149 laedantur

1932 5180 2193 5253 discipuli
2244 5182 2351 5251 sui,
2404 5199 2717 5254 eorumque
2758 5198 3128 5253 successores,
3172 5184 3403 5257 inquit:
3450 5188 3562 5242 Cir-

1931 5276 2161 5330 cumdat
2193 5276 2426 5347 angelus
2464 5274 2695 5330 Domini
2740 5275 2799 5329 in
2841 5292 2983 5348 gyro
3024 5276 3286 5333 timentes
3321 5295 3473 5348 eum,
3507 5286 3563 5336 et

1930 5372 2091 5424 eruet
2117 5386 2231 5423 cos.
2268 5371 2495 5440 Gustata
2523 5373 2579 5423 et
2603 5369 2789 5425 videte
2814 5370 3088 5443 quoniam
3120 5372 3305 5428 bonus
3335 5378 3421 5429 est
3448 5376 3556 5431 D0-

1928 5462 2137 5518 minus.
2163 5464 2360 5518 Beatus
2379 5463 2466 5518 vir
2483 5463 2581 5535 qui
2607 5468 2797 5535 sperat
2816 5465 2877 5520 in
2902 5482 2988 5522 eo.
3015 5466 3231 5522 Timete
3256 5468 3557 5524 Dominum

1929 5573 2126 5613 omnes
2155 5556 2336 5612 sancti
2361 5556 2503 5629 ejus,
2531 5558 2805 5630 quoniam
2830 5575 2949 5616 non
2980 5566 3065 5617 est
3086 5562 3278 5634 inopia
3301 5562 3556 5617 timenti-

1925 5649 2033 5706 bus
2054 5667 2207 5705 eum.
2229 5650 2443 5706 Leones
2460 5652 2838 5725 indiguerunt
2858 5658 2915 5710 et
2929 5655 3267 5725 esurierunt,
3290 5671 3553 5727 quaeren-

1925 5744 2077 5800 tibus
2123 5749 2316 5800 autem
2365 5746 2674 5802 Dominum
2718 5765 2834 5803 non
2884 5749 3065 5806 deerit
3104 5748 3549 5804 omne-‘bonum.

1924 5838 2246 5911 Ambulate,
2280 5838 2400 5909 ﬁlii,
2434 5841 2626 5898 audite
2652 5858 2765 5913 me,
2793 5842 3057 5899 timorem
3090 5841 3315 5897 Domini
3332 5841 3553 5897 'doccbo

1923 5949 2043 5990 vos.
2071 5933 2202 6000 Quis
2237 5939 2320 5991 est
2356 5935 2441 5991 vir
2472 5936 2564 6009 qui
2602 5936 2737 5995 velit
2773 5936 2967 6005 vitam,
3001 5933 3184 6007 diligit
3213 5934 3330 5991 dies
3361 5936 3553 5992 videre
