4058 6318
505 347 607 408 207

1402 349 1683 403 APPEND.
1723 348 1810 401 AD
1848 348 2007 402 SAL'C.
2053 347 2137 401 1X.
2168 375 2236 385 ——-
2275 344 2517 400 lSIDORl
2556 343 2980 400 MERCATORIS

3766 348 3881 404 208

501 460 724 515 bonos?
752 456 983 514 Custodi
1017 456 1279 529 linguam
1318 458 1476 510 tuam
1502 471 1536 509 a
1566 454 1738 524 malo,
1767 458 1825 510 et
1857 453 2008 509 labia
2034 455 2134 509 tua
2153 465 2214 540 Α
2233 469 2433 509 verum
2462 468 2715 520 suorum,
2758 456 2815 507 et
2845 450 3112 508 liberabit
3146 467 3260 507 eos.
3297 450 3409 507 Vos
3444 467 3604 524 ergo,
3636 451 3878 525 fratres,

504 569 577 608 ne
610 552 918 624 loquantur
942 550 1158 606 dolum.
1192 547 1413 604 Recede
1438 564 1472 602 a
1500 547 1650 603 malo
1683 550 1742 602 et
1770 548 1859 602 fac
1892 547 2130 615 bonum,

502 661 698 717 quaere
718 659 916 716 pacem
937 648 996 698 et
1014 657 1352 715 persequere
1373 657 1520 697 eam.
1535 640 1693 697 Oculi
1715 640 1942 696 Domini
1962 656 2135 713 super

495 740 701 810 justos,
742 743 799 792 et
841 752 1006 791 aures
1045 736 1167 807 ejus
1206 734 1278 789 ad
1318 734 1635 789 clamorem
1678 750 1899 789 eorum.
1937 734 2133 789 Vultus

502 835 698 888 autem
716 829 941 885 Domini
961 828 1019 883 in
1039 827 1313 883 facientes
1334 828 1577 897 malum,
1595 830 1658 882 ut
1672 827 1876 899 perdat
1894 827 1965 882 de
1985 832 2133 882 terra

500 924 841 980 memoriam
876 938 1097 978 eorum.
1144 921 1551 977 Clamaverunt
1582 920 1724 992 justi
1767 926 1823 976 et
1860 920 2134 976 Dominus

499 1017 781 1074 exaudivit
803 1033 915 1083 eos,
953 1019 1009 1070 et
1037 1031 1102 1070 ex
1142 1014 1411 1069 omnibus
1440 1013 1903 1069 tribulationibus
1930 1030 2129 1069 eorum

498 1111 757 1167 liberavit
789 1125 882 1166 eos
920 1107 1216 1164 Dominus.
1248 1110 1415 1163 Juxta
1447 1112 1535 1163 est
1566 1107 1845 1163 Dominus
1876 1108 2130 1164 contritis

499 1205 688 1271 corde,
733 1207 791 1259 et
832 1201 1153 1257 confraetos
1202 1200 1410 1271 spiritu
1463 1200 1717 1256 salvebit.
1767 1201 1934 1256 Multa
1976 1201 2130 1257 mala

491 1298 664 1369 justo,
715 1300 772 1353 et
811 1314 879 1353 ex
922 1296 1188 1352 omnibus
1220 1293 1331 1349 illis
1368 1294 1628 1349 liberavit
1655 1295 1798 1350 ’eum
1839 1295 2128 1350 Dominus.

495 1390 755 1447 Custodit
775 1389 1050 1445 Dominus
1076 1388 1270 1443 omnia
1290 1403 1415 1443 ossa
1442 1387 1583 1459 ejus,
1606 1404 1789 1443 unum
1815 1404 1883 1444 ex
1909 1388 1997 1443 his
2015 1405 2128 1444 non

498 1485 910 1557 confringatur.
940 1483 1247 1539 lnterficiet
1270 1481 1514 1553 impium
1540 1481 1776 1552 malitia,
1799 1487 1857 1538 et
1874 1482 2132 1538 odientes

490 1581 714 1651 justum
743 1578 1148 1649 culpabuntur.
1172 1575 1433 1631 Redimet
1459 1575 1731 1631 Dominus
1758 1575 1982 1632 animas
2011 1592 2125 1631 ser-

2234 562 2407 619 super
2423 545 2731 601 Dominum
2750 545 2945 616 ponite
2971 545 3143 600 corda
3170 549 3373 614 vestra,
3396 549 3453 601 et
3478 546 3596 618 ipse
3618 548 3882 603 enutriet

2231 656 2347 709 vos,
2372 639 2506 711 quia
2527 656 2643 695 non
2664 639 2820 694 dabit
2838 638 2898 693 in
2921 642 3204 694 aeternum
3223 640 3655 696 ﬂuctuationem
3677 641 3875 712 justis.

2232 735 2381 789 Deus
2411 736 2601 788 autem
2638 732 2918 788 Dominus
2951 737 3140 788 noster
3180 733 3425 789 deducet
3454 733 3581 807 48
3612 734 3881 790 inimicos

2231 830 2456 883 nostros
2478 826 2648 897 juxta
2670 826 2972 898 prophetae
2997 843 3195 881 vocem
3224 843 3237 881 :
3271 848 3298 877 ‹‹
3322 829 3385 882 In
3414 830 3660 899 puteum
3688 828 3875 884 inter-

2229 920 2363 988 itus,
2391 919 2663 992 quoniam
2681 919 2788 975 viri
2811 919 3159 991 sanguinum
3181 923 3237 976 et
3262 920 3445 976 dolosi
3465 938 3583 977 non
3610 921 3881 980 dimidia-

2229 1014 2375 1069 bunt
2405 1014 2526 1068 dies
2556 1030 2689 1069 suos
2728 1012 2892 1084 (Psal.
2926 1030 3032 1083 Liv,
3064 1014 3171 1085 24).
3214 1036 3241 1063 ››
3275 1016 3382 1069 Vos
3413 1019 3606 1069 autem
3642 1032 3878 1089 semper

2229 1111 2453 1179 sperate
2480 1107 2541 1162 in
2570 1107 2809 1162 Domino
2836 1109 2893 1163 et
2916 1107 3190 1162 ﬁduciam
3224 1107 3491 1164 habetote
3517 1108 3577 1177 in
3609 1125 3696 1179 eo,
3734 1111 3877 1181 quia

2228 1200 2349 1272 ipse
2373 1200 2636 1256 liberabit
2660 1217 2785 1269 nos,
2814 1200 2933 1273 ipse
2960 1206 3046 1256 est
3069 1201 3220 1256 enim
3246 1201 3579 1258 benedictus
3604 1219 3637 1257 a
3664 1204 3874 1259 saeculo

2231 1310 2409 1366 usque
2436 1295 2497 1349 in
2522 1295 2813 1364 saeculum,
2847 1298 2903 1351 et
2928 1294 3097 1366 regni
3125 1295 3249 1366 ejus
3276 1312 3391 1351 non
3417 1295 3525 1352 erit
3548 1295 3699 1351 ﬁnis.
3732 1298 3874 1353 Data

2228 1404 2329 1443 xm
2371 1388 2606 1444 Kalend.
2648 1388 2928 1457 Octobris,
2970 1389 3111 1445 Caro
3151 1390 3292 1444 Vero
3335 1391 3393 1445 et
3429 1390 3634 1446 Carino
3676 1392 3745 1447 IV
3784 1408 3870 1447 cc.

2230 1482 2451 1537 consul.
3330 1500 3343 1508 -

1228 1874 1805 1972 INCIPIUNT
1872 1877 2395 1969 DECRETA
2465 1877 2700 1971 GAII
2773 1879 3138 1971 PAPZE.

1805 2056 1987 2123 (Anno
2013 2053 2243 2110 Domini
2272 2056 2553 2125 283-295.)

561 2327 934 2383 Dilectissimo
957 2326 1118 2382 fratri
1147 2327 1330 2383 Fauor
1356 2327 1618 2398 episcopo
1644 2326 1835 2382 Gaws.

560 2421 807 2476 Directas
833 2420 907 2475 ad
925 2437 1032 2476 nos
1056 2424 1171 2476 tuae
1194 2419 1488 2476 charitatis
1514 2419 1782 2491 epistolas
1808 2419 2006 2491 plenas
2024 2435 2122 2474 ca-

483 2515 711 2572 tholicae
738 2513 1121 2586 inquisitionis
1157 2512 1539 2570 sollicitudine
1569 2516 1862 2585 gratanter
1895 2513 2120 2585 accepi-

484 2624 631 2676 mus,
644 2607 1049 2663 benedicentes
1068 2607 1294 2663 Domini
1306 2607 1484 2662 nostri
1498 2606 2032 2678 clementiam,quia
2045 2609 2123 2662 ta-

482 2702 564 2757 les
584 2699 852 2756 extremis
874 2700 1076 2756 mundi
1097 2700 1354 2773 partibus
1372 2700 1643 2772 dignatur
1658 2700 1772 2755 suis
1790 2699 1984 2754 ovibus
1999 2717 2122 2771 pro—

482 2794 678 2849 videre
702 2796 955 2866 pastores
976 2810 1081 2864 per
1109 2810 1251 2865 quos
1278 2796 1335 2849 et
1359 2792 1583 2865 pascuis
1606 2793 1830 2848 valeant
1859 2792 2120 2848 salutari-

483 2888 592 2943 bus
619 2886 927 2957 abundare,
961 2890 1018 2941 et
1052 2886 1123 2941 ab
1161 2886 1345 2958 iniqui
1386 2887 1507 2958 lupi
1536 2886 1846 2958 rapacitate
1884 2886 2117 2957 serVari,

485 2984 548 3036 ut
596 2979 828 3036 insidias
875 2985 1168 3052 nequeant
1209 2980 1331 3052 ejus
1381 2979 1765 3052 subreptionis
1810 2981 2117 3037 incurrere.

481 3074 639 3130 Unde
691 3077 911 3128 certum
957 3076 1043 3129 est
1090 3073 1226 3144 quia
1269 3073 1561 3144 promissas
1610 3090 1708 3128 vos
1758 3072 2122 3129 beatitudinis

482 3166 663 3240 gratia
699 3167 1099 3238 subsequatur,
1133 3166 1363 3239 quando
1393 3184 1427 3221 a
1461 3167 1619 3222 vobis
1645 3166 1960 3223 caelestium
1997 3183 2123 3239 per-

478 3259 646 3317 fectio
677 3259 1069 3316 doctrinarum
1106 3262 1224 3315 tam
1261 3261 1444 3316 votiva
1480 3260 1857 3316 sciscitatione
1886 3261 2116 3333 perqui-

476 3354 643 3423 ritur,
678 3354 951 3426 scriptum
978 3359 1065 3410 est
1098 3353 1290 3409 enim:
1320 3373 1349 3406 «
1378 3354 1530 3409 Beati
1557 3354 1653 3427 qui
1684 3357 2008 3410 scrutantur
2031 3357 2117 3411 te-

476 3447 741 3504 stimonia
790 3448 950 3520 ejus,
1004 3452 1063 3541 et
1112 3447 1170 3502 in
1225 3452 1345 3505 toto
1400 3448 1574 3504 corde
1628 3448 1936 3520 exquirunt
1985 3465 2119 3505 eum

474 3544 620 3613 (1εαὶ.
648 3558 833 3613 cxvm,
869 3542 944 3615 2).
976 3544 1153 3649 »ίΗοο
1184 3558 1341 3615 ergo,
1377 3541 1558 3598 frater
1588 3542 1939 3615 charissime,
1978 3560 2117 3615 pro-

475 3635 726 3709 positum
747 3638 861 3691 tuae
880 3635 1309 3691 cons'ultationis
1334 3638 1454 3692 tota
1479 3638 1670 3692 mente
1691 3638 2022 3706 tractantes,
2045 3637 2115 3693 de

2142 2337 2199 2409 B
2224 2324 2486 2393 accusati,
2524 2323 2852 2395 quicunque
2881 2321 3069 2392 fuerit,
3102 2323 3219 2378 sive
3246 2323 3343 2379 ille
3375 2322 3629 2381 sublimis
3654 2322 3741 2378 vir
3767 2324 3869 2379 ho-

2223 2417 2396 2487 noris,
2436 2416 2550 2472 sive
2586 2417 2756 2472 ullius
2794 2417 3025 2473 alterius
3060 2417 3356 2489 dignitatis
3394 2418 3494 2490 qui
3533 2418 3639 2472 hoc
3680 2434 3867 2490 genus

2223 2510 2559 2567 illaudabilis
2576 2511 2907 2566 intentionis
2923 2511 3245 2583 arripuerit,
3267 2511 3491 2567 noverit
3507 2511 3868 2583 probationis

2223 2605 2561 2660 documenta
2588 2621 2646 2659 se
2673 2604 2882 2661 debere
2914 2604 3146 2660 inferre.
3177 2605 3236 2661 Si
3264 2605 3389 2676 quis
3416 2621 3554 2676 ergo
3583 2606 3731 2660 circa
3750 2605 3865 2662 hu-

2215 2697 2469 2770 jusmodi
2504 2714 2773 2770 personas
2809 2715 2925 2753 non
2959 2698 3258 2769 probanda
3298 2699 3583 2767 detulerit,
3617 2699 3864 2755 auctori-

2221 2794 2337 2847 tate
2365 2792 2537 2864 hujus
2565 2792 2871 2847 sanctionis
2900 2792 3182 2865 intelligat
3216 2809 3275 2847 se
3298 2793 3581 2863 jacturam
3610 2793 3867 2850 infamiae

2223 2886 2518 2954 sustinere,
2540 2889 2605 2941 ut
2629 2886 2837 2941 damno
2864 2886 3095 2957 pudoris
3122 2886 3510 2941 aestimationis
3535 2887 3863 2959 dispendio,

2223 2979 2399 3035 discat
2435 2979 2544 3034 sibi
2582 2980 2782 3035 alienae
2813 2980 3171 3036 verecundiae
3204 2980 3439 3052 impune
3469 2980 3722 3037 insidiari
3753 2983 3864 3037 sal-

2219 3077 2339 3128 tem
2359 3074 2428 3129 de
2452 3077 2655 3128 caetero
2679 3090 2797 3128 non
2818 3073 3005 3129 licere.
3030 3075 3171 3128 Nam
3193 3074 3438 3145 qualiter
3459 3074 3529 3129 ad
3554 3075 3862 3131 concilium

2219 3167 2500 3237 veniatur,
2530 3170 2630 3222 aut
2660 3167 2908 3239 qualiter
2935 3168 3003 3223 de
3042 3167 3157 3222 suis
3183 3168 3354 3223 rebus
3391 3169 3736 3240 exspoliatis,
3767 3171 3865 3225 vel

2219 3260 2410 3332 ejectis
2438 3277 2472 3315 a
2511 3260 2737 3315 sedibus
2769 3260 3033 3333 propriis,
3070 3267 3169 3315 aut
3209 3261 3304 3333 qui
3348 3267 3697 3317 accusatores
3730 3268 3865 3320 sunt

2218 3353 2551 3425 recipiendi,
2579 3353 2746 3425 quive
2774 3371 2889 3409 non
2916 3355 3050 3422 sint,
3077 3359 3177 3409 aut
3202 3354 3448 3426 qualiter
3473 3355 3663 3425 ejectis
3688 3361 3745 3412 et
3770 3374 3864 3413 ex-

2217 3447 2473 3520 spoliatis
2515 3447 2626 3503 sint
2662 3448 2853 3502 omnia
2894 3448 3121 3517 legibus
3150 3448 3590 3520 redintegranda
3619 3466 3748 3521 quas
3779 3451 3862 3506 eis

2218 3541 2402 3597 ablata
2427 3544 2580 3610 sunt,
2610 3541 2746 3613 quia
2776 3541 3105 3613 priusquam
3134 3541 3243 3597 hoc
3280 3542 3493 3597 factum
3519 3543 3695 3598 fuerit
3724 3545 3858 3600 nul-

2216 3634 2340 3691 lum
2368 3635 2589 3691 crimen
2619 3635 2697 3689 eis
2728 3635 2969 3706 objicere
2995 3635 3224 3707 poterit,
3256 3640 3311 3691 et
3341 3636 3586 3707 qualiter
3622 3636 3734 3691 illis
3767 3639 3856 3693 in-

475 3735 532 3785 te
560 3745 791 3801 quoque
815 3729 1115 3800 provenire
1136 3728 1493 3797 conﬁdimus,
1517 3729 1617 3800 qui
1642 3730 1906 3800 regulam
1931 3730 2116 3785 catho-
2134 3706 2189 3780 (ἶ
2215 3728 2396 3785 duciaa
2441 3732 2572 3801 post
2608 3728 2893 3801 integram
2940 3728 3416 3784 restaurationem
3453 3731 3859 3788 anniversarias

477 3822 599 3878 licae
620 3821 753 3878 fidei
780 3822 987 3877 iisdem
1018 3821 1209 3877 studes
1236 3824 1435 3876 tenere
1461 3822 1734 3893 vestigiis,
1757 3822 1963 3893 quibus
1986 3839 2115 3879 eam

476 3916 537 3971 in
587 3915 891 3986 apostolica
960 3914 1093 3971 sede
1159 3914 1449 3986 cognoscis
1506 3931 1625 3970 esse
1680 3915 1996 3970 fundatam.
2048 3919 2117 3973 Et

478 4007 738 4081 quamvis
778 4024 947 4063 sonus
987 4024 1186 4063 eorum
1222 4011 1342 4063 toto
1376 4008 1511 4063 orbe
1551 4007 1807 4077 diffusus,
1841 4013 1898 4065 et
1933 4026 2114 4082 usque

476 4101 550 4157 ad
577 4101 721 4157 fines
753 4101 907 4157 orbis
928 4105 1097 4157 terrae
1122 4102 1289 4157 verba
1308 4118 1506 4157 eorum
1526 4102 1779 4158 distensa
1800 4102 2112 4159 dilectionis

473 4200 587 4251 tuae
618 4195 792 4251 corda
830 4195 1053 4253 Christo
1096 4196 1481 4267 probaverunt
1519 4212 1639 4252 esse
1669 4195 1879 4266 ﬁdelia,
1912 4200 2111 4252 tamen

475 4285 522 4339 si
550 4284 685 4356 quid
714 4301 784 4339 ex
812 4285 901 4340 his
925 4284 981 4340 in
1010 4285 1256 4341 Ecclesia
1281 4302 1408 4358 quae
1430 4288 1542 4340 tua-3
1569 4285 1985 4358 gubernationi,
2011 4288 2112 4342 Do-

474 4378 634 4434 mino
663 4378 990 4447 auxiliante,
1022 4378 1321 4434 commissa
1348 4383 1450 4449 est,
1485 4395 1589 4436 nec
1615 4379 1750 4435 dum
1780 4379 1951 4452 plena
1984 4381 2110 4436 luce

471 4471 758 4541 claruerit,
794 4472 866 4528 ad
908 4473 1175 4528 eumdem
1212 4473 1428 4529 fontem
1466 4473 1535 4529 de
1573 4490 1686 4546 quo
1725 4473 1823 4529 illa
1853 4474 2111 4529 salutaris

470 4568 737 4623 manaret
755 4566 991 4639 lympha
1009 4566 1320 4636 recurritis,
1347 4566 1402 4622 id
1423 4569 1526 4637 est,
1544 4567 1697 4640 quod
1720 4567 1913 4623 debita
1931 4568 2110 4623 chari-

470 4665 583 4717 tate
599 4678 797 4717 sumus
812 4660 1079 4734 amplexi,
1098 4661 1233 4733 quia
1248 4660 1583 4717 fiducialiter
1599 4661 1668 4717 de
1688 4661 1776 4716 his
1792 4661 1945 4716 unde
1957 4661 2111 4733 apud

470 4771 564 4810 eos
601 4755 1019 4811 observantiam
1065 4772 1184 4810 esse
1225 4754 1447 4811 dixistis
1485 4754 1815 4827 ambiguam
1850 4759 2108 4810 nostram

468 4847 723 4903 voluistis
741 4848 1111 4920 responsione
1131 4848 1734 4920 ﬁrmari.Quapropter
1747 4848 2108 4904 dilectionem

468 4943 632 4995 tuam
662 4939 721 4995 in
750 4942 994 4997 Domino
1022 4942 1352 5009 salutantes,
1389 4942 1459 4997 de
1496 4942 1738 5013 singulis
1766 4942 1921 5014 quod
1945 4942 2109 5013 juxta

2214 3823 2302 3878 vel
2340 3839 2437 3878 sex
2479 3823 2766 3877 mensium
2806 3822 3173 3894 indulgendaa
3203 3823 3337 3894 sint,
3378 3827 3436 3878 et
3473 3825 3718 3896 qualiter
3756 3844 3862 3881 sua

2216 3915 2411 3971 omnia
2437 3915 2677 3970 licenter
2705 3920 2761 3971 et
2785 3915 3020 3987 paciﬁca
3042 3916 3255 3988 absque
3287 3917 3454 3973 ullius
3484 3918 3643 3990 gravi
3672 3919 3855 3991 impe-

2215 4009 2470 4065 dimento
2506 4009 2831 4081 disponere,
2863 4014 2919 4065 et
2955 4027 3192 4065 suorum
3230 4011 3543 4066 amicorum
3580 4017 3637 4067 et
3672 4013 3854 4069 eccle-

2214 4103 2573 4159 siasticarum
2594 4106 2827 4159 Patrum
2855 4104 3106 4159 conciliis
3129 4104 3208 4160 uti
3236 4105 3477 4161 debeant
3499 4106 3858 4163 sufﬁcienter

2211 4197 2281 4252 ab
2313 4197 2581 4269 apostolis
2606 4214 2952 4270 suorumque
2975 4198 3366 4254 decessoribus
3391 4216 3455 4254 ac
3482 4201 3691 4255 nostris
3710 4219 3857 4273 prte-

2212 4291 2601 4347 decessoribus
2630 4295 2906 4346 statutum
2945 4309 3065 4348 esse
3103 4295 3370 4364 putamus
3395 4311 3408 4361 ;
3442 4310 3612 4365 super
3641 4294 3731 4349 his
3758 4312 3857 4350 au-

2210 4387 2331 4440 tem
2362 4401 2480 4440 non
2510 4400 2639 4439 reor
2670 4384 2914 4457 amplius
2942 4402 3096 4440 nunc
3127 4386 3248 4441 fore
3278 4386 3706 4458 disputandum,
3743 4389 3856 4444 nisi

2211 4479 2258 4533 si
2283 4476 2637 4532 surrexerint
2660 4478 2799 4533 talia
2829 4495 2959 4550 quae
2985 4479 3174 4534 adhuc
3205 4496 3321 4534 non
3350 4486 3484 4536 sunt
3521 4481 3851 4538 manifesta.

2210 4572 2266 4629 Si
2297 4588 2497 4627 eorum
2523 4574 2715 4627 autem
2744 4574 2954 4627 statuta
2978 4588 3094 4627 non
3119 4573 3454 4643 habueritis,
3470 4574 3682 4629 mittite
3715 4576 3860 4630 ﬁde-

2208 4660 2454 4717 lissimos
2490 4660 2792 4732 scriptores
2815 4660 2913 4733 qui
2951 4662 3075 4717 haec
3101 4679 3293 4717 coram
3316 4663 3577 4718 ﬁdelibus
3610 4665 3855 4719 testibus

2210 4754 2503 4827 excipere,
2540 4753 2813 4827 vobisque
2856 4758 3148 4827 reportare
3189 4756 3293 4810 sub
3335 4756 3704 4829 stipulatione
3751 4775 3853 4813 va-

2207 4849 2381 4904 leant.

2280 4946 2559 5000 Caeterum
2598 4946 2659 4997 ut
2686 4941 2818 4998 satis
2851 4941 3054 4997 faciam
3096 4942 3369 4998 consultis
3406 4943 3538 5011 tuis,
3574 4944 3644 4999 de
3676 4944 3853 5000 verbo

469 5033 811 5089 catholicam
848 5035 1206 5107 disciplinam
1248 5040 1442 5091 teneat
1474 5035 1799 5107 apostolicae
1833 5035 1979 5091 sedis
2008 5053 2103 5091 au-
2126 5077 2187 5152 D
2207 5035 2614 5092 incarnationis
2639 5039 2693 5091 et
2719 5035 2984 5105 veritatis,
3014 5035 3339 5109 quicunque
3369 5035 3451 5091 illi
3476 5039 3608 5091 sunt
3636 5037 3714 5093 ita
3744 5040 3850 5094 ob-

473 5125 693 5152 ..ιλ-ει--
751 5127 1010 5152 -.-ιλιι-.-ιξ-
1048 5129 1328 5152 -12_.-1L--_
1381 5129 1544 5152 -12-...
1597 5132 1911 5152 _-_-L-_--_.
1968 5129 2081 5152 -__1
2217 5130 2397 5152 -“-_L:
2444 5133 2491 5152 ,Δ
2532 5146 2555 5152 Α
2602 5129 2815 5152 1--...2..-
2863 5128 3115 5152 ---..ξι-ι2-
3162 5130 3326 5152 -12-_2
3380 5132 3442 5152 --ι
3483 5131 3636 5152 __-_-'L£
3676 5133 3773 5152 “-3

470 5125 716 5198 ctoritas,
750 5127 1013 5199 subjectis
1045 5129 1331 5201 aliquibus
1375 5129 1550 5185 etiam
1594 5132 1918 5184 sanctarum
1961 5129 2111 5202 capi-

470 5219 601 5275 tulis
645 5220 978 5293 regularum
1024 5226 1079 5279 te
1122 5224 1411 5280 credimus
1462 5223 1882 5279 instruendum.
1917 5224 2108 5279 Primo

471 5313 704 5386 quidem
730 5314 870 5370 scias
899 5332 1151 5389 paganos
1181 5322 1238 5373 et
1271 5318 1567 5374 haereticos
1594 5334 1714 5373 non
1750 5333 1915 5389 posse
1944 5316 2106 5372 Chri-

468 5408 680 5463 stianos
717 5425 1009 5483 accusare,
1056 5418 1156 5467 aut
1199 5428 1396 5468 vocem
1433 5410 1822 5467 infamationis
1858 5410 2103 5482 inferre,

468 5501 677 5558 deinde
698 5519 867 5560 nemo
892 5522 1147 5578 unquam
1174 5503 1499 5577 episcopum
1522 5505 1673 5577 apud
1693 5503 1915 5576 judices
1936 5521 2108 5560 saecu-

467 5594 612 5651 lares
657 5600 758 5652 aut
804 5598 943 5654 alios
987 5597 1223 5654 clericos
1269 5612 1537 5652 accusare
1580 5599 1906 5669 praesumat.
1948 5598 2015 5653 Et
2057 5598 2104 5653 si

466 5688 591 5760 quis
619 5690 941 5765 episcopus,
970 5690 1265 5763 presbyter
1293 5692 1391 5745 aut
1419 5690 1711 5761 diaconus,
1738 5692 1825 5747 vel
1861 5691 2104 5764 quilibet

462 5782 650 5839 clerici
677 5785 831 5857 apud
856 5784 1152 5857 episcopos
1179 5783 1330 5857 (quia
1356 5783 1492 5839 alibi
1521 5801 1635 5839 non
1662 5789 1883 5857 oportet
1908 5803 1943 5840 a
1968 5802 2099 5858 qua-

455 5873 595 5928 libet
628 5892 893 5947 persona,
948 5882 1004 5934 et
1046 5893 1173 5953 quae
1219 5877 1325 5935 rite
1372 5876 1692 5951 recipienda
1736 5880 1837 5952 est)
1885 5880 2095 5936 fuerint

2210 5130 2402 5186 cmeati
2438 5133 2495 5184 et
2529 5146 2563 5184 a
2601 5129 2819 5185 lumine
2863 5128 3118 5184 veritatis
3158 5130 3349 5201 alieni,
3380 5132 3446 5185 ut
3483 5131 3641 5186 verbi
3676 5133 3780 5188 Dei
3816 5151 3854 5189 a

2208 5225 2467 5296 tempore
2484 5223 2888 5279 incarnationis
2904 5223 3192 5294 denegent
3205 5224 3522 5293 veritatem,
3543 5225 3855 5283 ostendant

2206 5316 2266 5371 in
2309 5334 2423 5389 quo
2468 5316 2578 5371 sibi
2610 5316 2997 5373 Christianum
3031 5333 3247 5371 nomen
3284 5321 3580 5388 usurpant,
3616 5324 3673 5373 et
3713 5336 3849 5376 cum

2206 5410 2508 5483 Evangelio
2537 5410 2791 5466 veritatis
2817 5427 2980 5483 aequa
3008 5410 3227 5465 ratione
3254 5411 3620 5466 concordent.
3652 5412 3709 5467 Si
3738 5431 3850 5484 per

2203 5503 2449 5576 Virginis
2472 5509 2699 5577 partum
2726 5508 2824 5560 aut
2847 5520 2977 5559 caro
3004 5504 3125 5560 sine
3150 5504 3391 5572 Deitate,
3413 5508 3513 5559 aut
3536 5504 3728 5560 Deitas
3759 5510 3849 5563 est

2204 5600 2325 5652 orta
2356 5599 2475 5654 sine
2501 5615 2688 5669 carne,
2718 5598 2863 5654 sicut
2894 5598 3047 5654 enim
3075 5597 3276 5669 negari
3302 5614 3420 5652 non
3449 5602 3635 5669 potest
3665 5615 3844 5656 evan-

2204 5690 2402 5764 gelista
2430 5691 2654 5748 dicente
2692 5692 2845 5766 quod
2876 5710 2904 5744 «
2940 5691 3191 5747 Verbum
3230 5708 3363 5747 caro
3395 5691 3609 5747 factum
3636 5698 3743 5764 est,
3790 5700 3850 5750 et

2200 5784 2475 5840 habitavit
2502 5785 2560 5840 in
2584 5786 2744 5841 nobis
2766 5786 2939 5859 (Joan.
2964 5802 3002 5855 1,
3037 5787 3104 5856 1),
3133 5804 3160 5836 »
3186 5784 3261 5840 ita
3283 5785 3481 5858 negari
3509 5802 3624 5840 non
3648 5791 3846 5858 potest

2201 5879 2384 5954 (beato
2403 5882 2655 5953 apostolo
2679 5881 2848 5937 Paulo
2874 5880 3232 5954 praedicante)
3252 5899 3280 5932 «
3303 5877 3571 5953 quoniam
3596 5879 3843 5953 quidem
