4058 6324
249 375 356 432 209

1488 377 1958 433 DECRETALIUM
1997 377 2384 436 COLLECTIO.

3509 381 3612 441 210

246 487 398 541 Deus
445 487 566 540 erat
618 483 678 540 in
725 481 947 542 Christo
1013 486 1300 541 mundum
1353 487 1718 542 reconcilians
1775 486 1880 542 sibi
1901 496 2090 569 Aque
2121 487 2264 542 mihi
2281 488 2618 560 complacui,
2643 489 2834 561 ipsum
2859 491 3054 546 audite
3075 491 3294 562 (Matth.
3325 507 3457 559 XVII,
3481 495 3556 562 5);
3580 513 3609 546 )›

247 581 326 644 (ΙΙ
345 581 467 638 Cor.
489 597 542 648 ν,
569 581 675 652 19);
701 603 728 630 ››
760 597 889 652 quae
916 583 1110 636 autem
1137 580 1520 636 reconciliatio
1549 586 1738 652 posset
1761 599 1882 637 esse

241 692 362 746 qua
389 676 642 730 humano
662 675 860 746 generi
886 675 1354 746 repropitiaretur
1375 675 1543 744 Deus,
1563 677 1608 730 si
1635 676 1879 730 hominis

243 785 478 824 causam
511 769 789 824 mediator
813 770 912 824 Dei
936 769 1356 839 hominumque
1383 785 1501 824 non
1529 769 1880 842 susciperet?

243 863 372 927 Qua
397 879 534 917 vero
561 862 780 918 ratione
806 863 1100 918 veritatem
1119 862 1444 917 mediatoris
1464 862 1746 934 impleret,
1770 864 1880 918 nisi

243 957 348 1028 qui
376 957 438 1012 in
469 957 654 1012 forma
683 957 782 1012 Dei
816 957 1050 1028 aequalis
1079 959 1163 1011 est
1207 957 1376 1024 Patri,
1407 956 1466 1010 in
1503 957 1692 1011 forma
1735 959 1876 1012 servi

241 1051 530 1122 particeps
563 1056 710 1106 esset
751 1055 809 1106 et
850 1051 1032 1106 nostri
1059 1056 1124 1106 ut
1162 1051 1364 1104 mortis
1389 1051 1680 1105 vinculum
1713 1051 1879 1106 unius

241 1143 707 1215 praevaricatione
751 1148 1126 1210 contractum,
1159 1143 1326 1198 unius
1367 1147 1550 1198 morte
1588 1145 1690 1216 qui
1729 1145 1880 1198 solus

241 1238 422 1292 morti
449 1237 592 1292 nihil
613 1238 812 1293 debuit
837 1239 1184 1293 solveretur?
1204 1237 1410 1293 Effusio
1433 1238 1586 1293 enim
1598 1238 1738 1308 justi
1757 1255 1880 1294 san-

243 1332 438 1402 guinis
467 1331 672 1387 Christi
697 1336 814 1386 ‘tam
839 1332 948 1387 fuit
985 1332 1137 1387 dives
1174 1333 1246 1386 ad
1283 1331 1553 1402 pretium,
1582 1335 1646 1386 ut
1675 1333 1720 1386 si
1745 1331 1876 1386 uni-

239 1425 480 1480 versitas
505 1426 856 1497 captivorum
879 1426 939 1480 in
959 1426 1394 1496 Redemptorem
1414 1442 1581 1480 suum
1601 1425 1876 1492 crederet,

239 1520 469 1574 nullum
507 1520 717 1574 diaboli
753 1520 978 1574 vincula
1031 1521 1368 1586 retinerent,
1411 1520 1682 1590 quoniam
1737 1520 1880 1574 sicut

239 1613 551 1684 Apostolus
601 1614 678 1668 ait
721 1631 734 1668 :
790 1635 816 1664 «
858 1612 960 1668 Ubi
1011 1615 1204 1667 autem
1251 1613 1558 1667 abundavit
1609 1613 1878 1668 delictum

241 1706 722 1778 superabundavit
766 1707 945 1778 gratia
975 1707 1140 1777 (Rom.
1181 1724 1232 1774 v,
1280 1709 1388 1776 20).
1436 1727 1462 1754 ››
1493 1708 1563 1760 Et
1603 1724 1734 1761 cum
1777 1707 1879 1760 sub

239 1801 462 1870 peccati
472 1817 590 1872 prae
589 1800 804 1870 judicio
821 1799 938 1855 nati
949 1802 1288 1871 potestatem
1307 1799 1626 1871 acceperint
1637 1801 1708 1855 ad
1717 1800 1881 1871 justi-

241 1865 382 1949 tiam
406 1865 762 1961 renascendi,
791 1865 1028 1948 validius
1055 1894 1268 1948 factum
1295 1896 1380 1948 est
1405 1865 1622 1948 donum
1643 1865 1875 1948 liberta—
1899 1865 1954 1937 B

243 1987 314 2042 tis
341 2004 514 2059 quam
543 1987 796 2042 debitum
832 1987 1141 2057 servitutis.
1175 1988 1356 2052 Quam
1392 1987 1582 2058 itaque
1619 1987 1680 2042 in
1711 1987 1880 2058 hujus

243 2082 584 2136 sacramenti
623 2081 886 2152 praesidio
923 2097 1082 2152 spem
1111 2081 1450 2152 relinquunt
1473 2081 1572 2152 qui
1597 2081 1658 2135 in
1686 2082 1875 2138 Salva-

245 2179 369 2230 tore
395 2181 590 2230 nostro
611 2179 826 2246 negant
844 2175 1082 2230 humani
1105 2175 1359 2246 corporis
1377 2173 1711 2230 veritatem?
1740 2174 1878 2238 Quis

243 2274 344 2336 est,
386 2273 452 2324 ut
503 2269 586 2323 ait
637 2267 954 2338 Apostolus,
998 2266 1095 2338 qui
1137 2288 1164 2317 ‹‹
1213 2266 1447 2322 tradidit
1510 2267 1878 2338 semetipsum

239 2379 345 2432 pro
371 2361 536 2416 nobis
553 2361 902 2416 oblationem
932 2365 988 2416 et
1013 2361 1256 2416 hostiam
1287 2361 1398 2415 Deo
1425 2361 1486 2415 in
1506 2361 1738 2416 odorem
1759 2377 1878 2416 sua-

239 2455 463 2510 vitatis?
503 2455 718 2526 (Ephes.
751 2471 803 2523 v,
835 2455 911 2525 2.)
937 2477 964 2504 »
1006 2457 1118 2509 Aut
1162 2455 1318 2525 quod
1360 2470 1616 2525 unquam
1663 2454 1874 2508 sacriﬁ-

239 2549 396 2604 cium
427 2549 701 2603 sacratius
731 2547 838 2602 fuit
865 2564 1038 2619 quam
1064 2547 1222 2618 quod
1248 2564 1413 2602 verus
1459 2551 1700 2602 aeternus
1728 2549 1872 2602 Pon-

241 2643 384 2697 tifex
409 2642 574 2696 altari
603 2642 784 2696 crucis
811 2658 915 2712 per
940 2641 1392 2696 immolationem
1420 2658 1536 2696 suae
1563 2641 1748 2696 carnis
1773 2641 1878 2696 im-

239 2736 454 2807 posuit.
477 2735 632 2790 Licet
653 2736 712 2789 in
739 2739 1046 2806 conspectu
1074 2734 1302 2789 Domini
1330 2736 1575 2806 pretiosa
1588 2736 1877 2805 justorum

241 2845 398 2884 mors
425 2829 554 2896 fuit,
583 2829 793 2883 nullius
823 2832 1017 2883 tamen
1050 2827 1288 2883 insontis
1317 2828 1518 2883 occisio
1555 2828 1876 2899 redemptio

239 2923 352 2977 fuit
375 2921 596 2976 mundi.
621 2924 976 2992 Acceperunt
995 2921 1156 2992 justi,
1178 2937 1295 2975 non
1315 2921 1598 2976 dederunt
1617 2937 1870 2976 coronas.

239 3017 318 3070 De
349 3015 688 3071 fortitudine
717 3015 973 3070 ﬁdelium
1005 3016 1261 3086 exempla
1283 3017 1418 3068 nata
1443 3019 1573 3068 sunt
1594 3015 1875 3085 patientia:

243 3127 362 3164 non
383 3110 531 3164 dona
545 3109 802 3180 justitiae,
825 3109 1139 3180 singulares
1159 3108 1370 3179 quippe
1396 3108 1455 3161 in
1478 3109 1712 3179 singulis
1731 3124 1878 3163 mor-

239 3209 326 3258 tes
357 3204 612 3270 fuerunt,
635 3219 742 3256 nec
763 3202 992 3257 alterius
1017 3201 1322 3272 quisquam
1343 3201 1602 3256 debitum
1635 3219 1736 3256 suo
1759 3202 1872 3256 ﬁne
1897 3234 1947 3305 Ο

239 3296 528 3368 persolvit,
557 3312 688 3350 cum
723 3295 896 3349 Filius
941 3294 1194 3349 hominis
1227 3311 1369 3348 unus
1410 3295 1559 3348 solus
1603 3296 1876 3350 Dominus

237 3393 431 3444 noster
455 3391 612 3445 Jesus
648 3389 900 3444 Christus
931 3389 1029 3460 qui
1055 3405 1186 3443 vere
1227 3393 1348 3443 erat
1381 3405 1561 3459 agnus
1601 3389 1870 3444 immacu-

237 3485 385 3539 latus
411 3483 714 3552 exstiterit,
741 3482 800 3536 in
831 3499 942 3554 quo
974 3497 1175 3537 omnes
1195 3481 1468 3548 cruciﬁxi,
1501 3497 1699 3536 omnes
1729 3498 1876 3536 mor-

239 3578 355 3642 tui,
415 3593 615 3632 omnes
681 3576 920 3647 sepulti,
981 3593 1181 3630 omnes
1245 3581 1378 3630 sunt
1447 3575 1620 3630 etiam
1699 3576 1873 3630 susci-

237 3672 360 3726 tati.
387 3673 466 3726 De
494 3670 701 3742 quibus
739 3669 860 3740 ipse
907 3669 1130 3724 dicebat
1159 3687 1172 3723 :
1207 3691 1232 3716 ‹‹
1263 3668 1316 3724 Si
1347 3669 1618 3724 exaltatus
1646 3670 1809 3724 fuero
1841 3687 1876 3725 a

235 3769 414 3832 terra,
443 3765 640 3818 omnia
671 3764 896 3817 traham
940 3763 1008 3817 ad
1037 3763 1324 3834 meipsum
1356 3763 1524 3832 (Joan.
1561 3779 1661 3832 xu,
1699 3763 1806 3833 32).
1843 3785 1869 3812 ››

235 3859 400 3912 Fides
427 3857 642 3912 etenim
661 3856 982 3927 justiﬁcans
1023 3856 1252 3926 impios,
1286 3859 1342 3910 et
1368 3872 1564 3910 creans
1587 3855 1771 3925 justos
1801 3856 1874 3909 ad

233 3951 612 4006 humanitatis
640 3954 880 4004 retracta
911 3949 1277 4020 participium
1306 3949 1365 4002 in
1393 3949 1490 4003 illo
1517 3949 1759 4020 acquirit
1785 3966 1871 4004 sa-

235 4047 438 4115 lutem,
472 4043 530 4098 in
571 4060 685 4115 quo
723 4043 874 4098 solus
915 4043 1086 4097 homo
1121 4059 1177 4096 se
1219 4042 1438 4097 invenit
1478 4043 1871 4112 innocentem,

235 4139 492 4194 liberum
523 4137 742 4192 habens
789 4153 891 4207 per
939 4135 1184 4207 gratiam
1223 4135 1323 4190 Dei
1353 4136 1422 4190 de
1452 4137 1573 4206 ejus
1619 4137 1876 4207 potentia

237 4231 492 4304 gloriari,
516 4230 614 4302 qui
631 4234 832 4285 contra
857 4230 1082 4284 hostem
1103 4228 1341 4284 humani
1365 4229 1593 4300 generis
1608 4229 1668 4283 in
1690 4229 1876 4283 carnis

233 4331 446 4380 nostrae
495 4323 818 4379 humilitate
865 4339 1219 4395 congressus,
1253 4323 1340 4378 his
1379 4323 1672 4378 victoriam
1717 4339 1874 4377 suam

237 4419 456 4486 tribuit,
487 4419 548 4472 in
598 4435 848 4489 quorum
878 4433 1114 4488 corpore
1157 4417 1554 4488 triumphavit;
1583 4416 1715 4471 licet
1739 4433 1875 4487 ergo

239 4513 296 4567 in
331 4529 446 4566 uno
479 4511 719 4566 Domino
749 4514 941 4566 nostro
970 4512 1102 4565 Jesu
1132 4510 1351 4565 Christo
1386 4527 1517 4564 vero
1559 4510 1662 4564 Dei
1703 4515 1872 4581 atque

1979 583 2038 634 et
2075 581 2196 636 sine
2239 581 2472 637 veritate
2517 582 2698 637 carnis
2729 600 2844 638 non
2883 587 3295 656 protestaretur
3321 587 3608 642 Joannes:

1983 696 2010 725 «
2049 677 2188 730 Ecce
2226 677 2432 747 Agnus
2465 677 2584 745 Dei,
2630 693 2758 731 ecce
2804 677 2902 748 qui
2949 677 3095 732 tollit
3138 683 3368 748 peccata
3409 679 3612 736 mundi

1980 769 2152 840 (Joan.
2185 786 2224 832 ι,
2252 769 2338 840 29)
2367 787 2378 822 :
2409 791 2434 820 ››
2460 769 2581 824 sine
2603 770 2766 825 Verbi
2786 771 3044 842 potentia
3068 788 3186 826 non
3214 772 3378 828 ﬁeret
3405 773 3612 829 reinte-

1981 862 2166 930 gratio
2193 862 2464 918 debilium
2489 867 2546 918 et
2565 863 2860 919 viviﬁcatio
2889 867 3270 934 mortuorum,
3295 871 3352 921 et
3382 866 3504 922 sine
3525 883 3612 922 ve-

1977 955 2140 1010 ritate
2181 955 2386 1024 carnis,
2427 973 2528 1011 nec
2565 957 2719 1012 cibus
2752 957 2997 1028 jejunio,
3037 975 3142 1014 nec
3188 975 3421 1014 somnus
3464 964 3611 1015 esset

1979 1049 2329 1104 necessarius
2373 1049 2624 1120 fatigato,
2657 1056 2941 1121 postremo
2988 1052 3109 1107 sine
3144 1053 3312 1107 Verbi
3353 1053 3611 1124 potentia

1981 1159 2098 1196 non
2128 1160 2186 1196 se
2213 1143 2483 1198 Dominus
2506 1143 2654 1198 Patri
2683 1144 3049 1215 proﬁteretur
3076 1147 3378 1218 aequalem,
3401 1151 3458 1202 et
3487 1146 3609 1202 sine

1977 1236 2216 1291 veritate
2269 1236 2452 1290 carnis
2497 1254 2614 1292 non
2656 1237 2810 1292 idem
2851 1238 3064 1294 diceret
3115 1242 3337 1294 Patrem
3383 1257 3441 1295 se
3485 1257 3608 1296 esse

1979 1331 2281 1400 majorem,
2313 1347 2443 1385 cum
2486 1331 2765 1387 catholica
2801 1332 2941 1386 ﬁdes
2979 1336 3287 1404 utrumque
3315 1334 3605 1405 suscipiat,

1977 1427 2288 1494 utrumque
2349 1424 2637 1492 defendat,
2683 1441 2812 1496 quae
2848 1425 3162 1480 secundum
3195 1427 3608 1484 confessionem

1978 1517 2128 1572 beati
2157 1517 2304 1572 Petri
2338 1519 2578 1589 apostoli
2618 1535 2798 1574 unum
2840 1519 3120 1574 Christum
3163 1520 3258 1574 Dei
3300 1520 3505 1576 Filium
3552 1525 3609 1575 et

1978 1611 2270 1665 hominem
2289 1612 2469 1666 credit
2490 1616 2546 1666 et
2563 1613 2819 1667 verbum.
2845 1613 3112 1677 Quamvis
3135 1613 3326 1684 itaque
3345 1613 3404 1668 in
3423 1614 3521 1668 illo
3539 1630 3608 1668 ex

1978 1720 2091 1774 quo
2120 1705 2182 1758 in
2215 1707 2376 1759 utero
2405 1705 2648 1776 Virginis
2675 1706 2927 1760 Verbum
2949 1722 3078 1762 caro
3103 1707 3318 1762 factum
3346 1711 3448 1774 est,
3467 1706 3606 1762 nihil

1981 1814 2236 1869 unquam
2263 1799 2320 1852 in
2347 1802 2588 1870 utraque
2615 1800 2797 1854 forma
2821 1799 3034 1871 aliquid
3065 1800 3356 1856 divisionis
3375 1801 3606 1855 exstite-

1979 1892 2072 1959 rit,
2087 1895 2144 1945 et
2163 1908 2266 1962 per
2285 1893 2480 1946 omnia
2505 1893 2860 1949 incrementa
2879 1910 3148 1966 corporea
3169 1895 3334 1949 unius
3353 1910 3610 1966 personae

1977 1985 2189 2040 fuerint
2213 1987 2384 2041 totius
2413 1987 2691 2058 temporis
2719 1987 2988 2043 actiones.
3012 1990 3090 2044 Ea
3109 1987 3230 2060 ipsa
3247 2004 3524 2059 namque,
3545 1991 3610 2043 ut

1979 2079 2056 2134 ita
2083 2079 2288 2148 dicam,
2315 2097 2445 2151 quae
2469 2081 2923 2152 inseparabiliter
2945 2082 3092 2137 facta
3119 2086 3254 2136 sunt
3278 2082 3432 2136 nulla
3456 2097 3612 2137 com-

1977 2172 2246 2228 mistione
2279 2173 2702 2242 confundimus,
2744 2175 2846 2229 sed
2883 2176 3038 2246 quod
3083 2176 3356 2246 cujusque
3407 2175 3608 2230 forma:

1978 2266 2049 2320 sit
2082 2283 2148 2321 ex
2180 2283 2419 2338 operum
2452 2267 2726 2338 qualitate
2775 2269 3068 2323 sentimus.
3101 2268 3302 2324 Dicant
3341 2285 3478 2339 ergo
3520 2268 3610 2323 isti

1977 2360 2289 2431 hypocrita:
2309 2362 2406 2432 qui
2425 2362 2586 2416 caecis
2607 2361 2890 2416 mentibus
2910 2364 3109 2416 lumen
3135 2363 3338 2418 nolunt
3357 2363 3607 2433 recipere

1976 2454 2225 2508 veritatis
2249 2453 2309 2508 in
2337 2471 2451 2525 qua
2483 2455 2668 2509 forma
2695 2455 2873 2509 crucis
2911 2456 3066 2526 ligno
3109 2441 3383 2512 Dominus
3427 2455 3606 2525 maje-

1977 2547 2137 2602 statis
2166 2547 2418 2602 Christus
2444 2548 2647 2602 afﬁxus
2674 2548 2763 2614 sit,
2793 2549 2942 2618 quod
2967 2549 3210 2620 jacuerit
3235 2549 3292 2603 in
3327 2550 3604 2620 sepulcro,

1978 2646 2036 2695 et
2075 2641 2324 2696 revoluto
2371 2641 2558 2712 lapide
2606 2641 2968 2696 monumenti
2999 2659 3128 2712 qua:
3168 2643 3332 2697 tertia
3359 2642 3448 2697 die
3479 2658 3606 2696 caro

1976 2733 2324 2788 resurrexit?
2355 2736 2420 2788 Et
2465 2735 2596 2805 quia
2623 2739 2750 2806 post
2779 2736 3251 2790 resurrectionem
3297 2752 3460 2790 suam
3493 2751 3606 2789 non

1977 2827 2274 2882 credentes
2305 2829 2578 2899 quosdam
2618 2828 2920 2899 discipulos
2955 2829 3250 2898 arguebat,
3285 2833 3341 2883 et
3383 2829 3606 2882 haesita-

1979 2919 2194 2975 tionem
2222 2921 2615 2976 cunctantium
2650 2923 2980 2978 confutabat
2999 2939 3129 2977 cum
3155 2922 3364 2976 diceret
3388 2939 3399 2976 :
3428 2943 3454 2972 «
3480 2922 3608 2976 Pal-

1976 3017 2104 3084 pate
2133 3017 2190 3069 et
2219 3014 2406 3069 videte
2433 3015 2569 3085 quia
2596 3015 2826 3087 spiritus
2870 3032 3098 3071 carnem
3133 3019 3191 3070 et
3215 3033 3338 3070 ossa
3364 3031 3474 3069 non
3507 3016 3606 3069 ha-

1973 3107 2087 3175 bet,
2121 3107 2265 3162 sicut
2303 3125 2398 3162 me
2425 3108 2690 3164 videbitis
2731 3109 2941 3164 habere
2976 3111 3123 3180 (Luc.
3157 3125 3304 3176 xxiv,
3333 3109 3442 3180 39),
3477 3131 3504 3157 ››
3553 3112 3611 3163 et

1975 3201 2223 3270 apostolo
2263 3203 2498 3256 Thema}
2540 3219 2552 3256 :
2601 3223 2627 3250 ‹‹
2668 3203 2819 3257 Infer
2869 3219 3105 3258 manum
3144 3205 3298 3257 tuam
3347 3203 3404 3256 in
3459 3203 3608 3256 latus

1975 3310 2194 3362 meum,
2255 3299 2312 3350 et
2377 3295 2504 3350 vide
2561 3312 2766 3350 manus
2822 3313 2980 3350 meas
3033 3300 3090 3351 et
3143 3297 3337 3368 pedes,
3379 3295 3608 3376 et’noli

1977 3405 2096 3442 esse
2141 3388 2486 3458 incredulus,
2536 3390 2631 3444 sed
2675 3389 2853 3444 ﬁdelis
2900 3391 3073 3461 (Joan.
3125 3408 3214 3458 xx,
3257 3391 3365 3461 27),
3398 3388 3608 3461 nlquia

1975 3482 2171 3552 utique
2195 3482 2650 3536 manifestatione
2679 3483 2929 3553 corporis
2958 3484 3044 3536 sui
3065 3483 3186 3553 jam
3213 3482 3608 3538 hazretic'orum

1975 3575 2275 3629 mendacia
2321 3576 2666 3643 destruebat,
2693 3582 2757 3630 ut
2806 3577 3066 3630 universa
3115 3577 3355 3630 Ecclesia
3398 3575 3607 3630 Christi

1973 3668 2298 3722 innovanda
2327 3668 2570 3723 doctoris
2605 3670 2714 3724 hoc
2744 3685 2860 3724 non
2887 3669 2995 3724 sibi
3042 3669 3324 3724 dubitaret
3362 3669 3603 3724 creden-

1975 3761 2133 3830 dum,
2160 3763 2316 3832 quod
2339 3763 2584 3834 apostoli
2613 3766 2982 3834 susceperant
3005 3763 3450 3834 praedicandum,
3469 3780 3534 3818 ac
3561 3764 3606 3816 si

1974 3855 2034 3908 in
2079 3859 2300 3910 tantam
2343 3855 2530 3911 lucem
2569 3856 2820 3910 veritatis
2865 3857 3129 3911 tenebras
3174 3873 3300 3910 suas
3339 3856 3607 3911 haeretica

1975 3948 2254 4004 obturatio
2297 3965 2414 4004 non
2455 3950 2748 4022 relinquit,
2779 3950 3080 4005 ostendant
3116 3951 3267 4005 unde
3297 3949 3400 4004 sibi
3448 3967 3606 4021 spem

1975 4042 2104 4096 vitae
2139 4042 2512 4114 polliceantur
2537 4048 2785 4112 aeternae,
2813 4044 2886 4098 ad
2920 4060 3092 4114 quam
3123 4043 3232 4098 nisi
3257 4061 3360 4115 per
3386 4044 3604 4098 media-

1973 4140 2156 4190 torem
2200 4135 2298 4190 Dei
2343 4139 2398 4190 et
2437 4136 2734 4192 hominum
2778 4136 3076 4192 hominem
3105 4139 3296 4192 Jesum
3319 4137 3605 4192 Christum

1975 4153 2156 4190 torem
2204 4153 2298 4190 uei
2343 4153 2398 4190 et
2439 4153 2734 4190 hominum
2778 4153 3076 4192 nominem
3105 4153 3605 4192 Jesumunristum

1975 4245 2091 4283 non
2117 4233 2304 4300 potest
2331 4153 2820 4314 perveniri.78icut
2859 4231 3014 4284 enim
3056 4231 3134 4286 ait
3173 4232 3374 4286 beatus
3411 4233 3608 4285 Petrus

1976 4323 2260 4393 apostolus
2291 4339 2304 4376 :
2331 4324 2490 4378 «Nec
2517 4327 2602 4378 est
2623 4323 2778 4379 aliud
2800 4341 3013 4379 nomen
3042 4325 3238 4380 datum
3253 4325 3604 4394 hominibus,

1976 4415 2080 4470 sub
2117 4415 2255 4469 coelo
2287 4415 2346 4469 in
2381 4433 2494 4487 quo
2533 4422 2793 4487 oporteat
2835 4434 2940 4472 nos
2986 4419 3164 4472 salvos
3201 4417 3326 4473 ﬁeri
3357 4417 3498 4488 (Act.
3533 4435 3604 4484 ιν,

1980 4511 2084 4578 12),
2114 4531 2141 4557 ››
2166 4525 2273 4563 nec
2301 4512 2386 4565 est
2411 4511 2728 4581 redemptio
2754 4511 3086 4582 captivitatis
3111 4513 3396 4579 humanae,
3419 4511 3526 4564 nisi
3547 4511 3606 4564 in

237 4605 490 4661 hominis
517 4605 635 4660 ﬁlio
667 4605 830 4660 Verbi
873 4607 930 4658 et
967 4604 1155 4659 carnis
1201 4620 1312 4657 una
1353 4620 1598 4674 persona
1625 4604 1714 4674 sit,
1751 4621 1876 4675 qua:
1895 4605 1954 4677 D
1977 4601 2250 4673 sanguine
2279 4603 2402 4672 ejus
2429 4603 2528 4675 qui
2557 4603 2713 4658 dedit
2739 4605 3110 4675 semetipsum
3153 4603 3607 4673 redemptionem

237 4699 695 4772 inseparabiliter
753 4702 920 4770 atque
977 4697 1234 4752 indivisa}
1283 4713 1616 4752 communes
1671 4697 1878 4752 habeat

239 4793 514 4860 actiones,
547 4791 940 4862 intelligenda:
967 4795 1160 4845 tamen
1188 4795 1320 4844 sunt
1353 4789 1608 4860 ipsorum
1639 4807 1875 4860 operum

237 4887 556 4959 qualitates.
600 4886 670 4938 Et
697 4884 774 4938 sie
807 4901 952 4940 verae
979 4884 1111 4939 ﬁdei
1137 4882 1618 4954 contemplatione
1647 4899 1878 4938 cernen—

237 4981 374 5034 d'um
402 4983 486 5034 est
513 4981 588 5034 ad
618 4995 748 5050 quae
788 4979 1132 5049 provehatur
1157 4976 1447 5032 humilitas
1482 4976 1688 5044 carnis,
1719 4979 1774 5031 et
1804 4977 1874 5030 ad

234 5091 362 5146 quae
387 5074 696 5129 inclinetur
722 5071 960 5127 altitudo
990 5071 1238 5140 Deitatis,
1274 5071 1426 5142 quod
1458 5070 1530 5124 sit
1565 5071 1716 5141 quod
1745 5087 1875 5124 caro

237 5169 360 5222 sine
393 5169 576 5222 Verbo
609 5183 724 5221 non
756 5166 894 5236 agit,
925 5170 982 5220 et
1006 5165 1159 5236 quod
1189 5165 1262 5218 sit
1297 5165 1446 5235 quod
1477 5164 1725 5218 Verbum
1755 5163 1875 5219 sine

235 5277 407 5315 carne
435 5277 552 5315 non
579 5260 776 5314 efﬁcit.
801 5259 934 5314 Sine
968 5259 1132 5314 Verbi
1154 5257 1310 5312 enim
1335 5257 1594 5328 potentia
1621 5273 1726 5311 nec
1748 5273 1876 5311 con-

233 5355 448 5425 ciperet
471 5354 667 5424 Virgo,
693 5369 796 5407 nec
816 5355 1066 5423 pareret,
1089 5353 1146 5405 et
1167 5350 1289 5404 sine
1311 5350 1550 5404 veritate
1578 5349 1760 5404 carnis
1781 5350 1876 5404 ob-

233 5447 428 5502 voluta
453 5446 660 5518 pannis
691 5445 931 5501 infantia
955 5461 1074 5500 non
1092 5445 1334 5515 jaceret.
1359 5443 1495 5498 Sine
1523 5443 1688 5498 Verbi
1715 5444 1870 5498 enim

233 5541 484 5611 potentia
511 5557 631 5594 non
661 5540 967 5594 adorarent
999 5537 1142 5609 Magi
1187 5553 1433 5608 puerum
1479 5537 1640 5591 stella
1685 5535 1871 5591 indice

235 5634 618 5704 declaratum;
641 5633 760 5688 sine
775 5633 1010 5688 veritate
1029 5630 1214 5686 carnis
1239 5647 1352 5684 non
1367 5630 1672 5701 juberetur
1693 5633 1874 5684 trans-

229 5727 368 5783 ferri
391 5728 454 5782 in
479 5729 789 5800 IEgyptum
829 5743 974 5799 puer
1000 5730 1056 5780 et
1092 5725 1162 5780 ab
1202 5723 1438 5779 Herodis
1481 5723 1872 5794 persecutione

232 5820 474 5876 subduci
503 5839 516 5874 :
549 5821 672 5876 sine
703 5821 871 5876 Verbi
897 5819 1160 5893 potentia
1185 5835 1304 5873 non
1329 5817 1540 5873 diceret
1565 5834 1671 5872 vox
1697 5818 1872 5873 Patris

233 5915 408 5970 missa
444 5913 514 5970 de
555 5915 738 5971 ccelo:
778 5935 804 5964 ‹‹
835 5914 932 5970 Hic
983 5916 1068 5967 est
1111 5912 1279 5966 Filius
1329 5927 1491 5966 meus
1533 5911 1770 5966 dilectus
1814 5911 1872 5966 in

1977 4711 2080 4766 pro
2112 4696 2392 4766 omnibus,
2426 4701 2482 4750 et
2518 4696 2636 4766 qui,
2671 4697 2816 4750 sicut
2843 4698 3109 4767 praedicat
3138 4697 3422 4767 apostolus
3463 4698 3604 4750 Pau-

1979 4790 2066 4843 lus
2089 4804 2102 4842 :
2133 4811 2160 4838 (ς
2178 4791 2320 4844 Cum
2339 4789 2398 4843 in
2416 4789 2600 4844 forma
2619 4789 2710 4844 Dei
2736 4794 2880 4844 esset
2897 4806 3011 4843 non
3031 4789 3290 4860 rapinam
3307 4788 3609 4843 arbitratus

1977 4881 2060 4937 eat
2084 4899 2142 4936 se
2172 4900 2292 4938 esse
2316 4884 2592 4954 aequalem
2621 4885 2753 4952 Deo,
2778 4884 2874 4938 sed
2898 4883 3270 4954 semetipsum
3300 4881 3610 4936 exinanivit

1977 4975 2218 5032 formam
2248 4978 2392 5032 servi
2419 4978 2720 5049 accipiens,
2750 4978 2809 5032 in
2840 4976 3276 5032 similitudinem
3303 4977 3606 5031 hominum

1976 5070 2153 5124 factus
2175 5075 2230 5124 et
2257 5070 2452 5126 habitu
2475 5071 2737 5126 inventus
2757 5075 2816 5125 ut
2841 5072 3034 5125 homo.
3056 5070 3386 5125 Humiliavit
3409 5075 3613 5126 semet-

1975 5163 2163 5233 ipsum
2184 5165 2364 5220 factus
2388 5165 2658 5219 obedicns
2687 5165 2834 5218 Patri
2865 5181 3042 5235 usque
3067 5165 3140 5219 ad
3163 5169 3432 5234 mortem,
3460 5181 3609 5220 mor-

1979 5259 2092 5310 tem
2122 5262 2314 5312 autem
2342 5257 2552 5327 crucis;
2587 5261 2818 5328 propter
2851 5258 3002 5328 quod
3048 5261 3104 5312 et
3151 5259 3299 5312 Deus
3347 5259 3611 5313 exaltavit

1973 5349 2157 5418 illum,
2193 5356 2250 5405 et
2279 5351 2508 5404 donavit
2543 5350 2625 5404 illi
2667 5367 2878 5406 nomen
2917 5352 3071 5423 quod
3113 5357 3196 5406 est
3238 5369 3412 5423 super
3440 5368 3609 5408 omne

1974 5460 2204 5512 nomen,
2252 5447 2316 5498 ut
2363 5443 2422 5496 in
2471 5444 2704 5498 nomine
2747 5446 2878 5499 Jesu
2927 5462 3099 5501 omne
3149 5463 3303 5518 genu
3353 5447 3609 5501 ﬂectatur

1973 5537 2304 5604 caelestium,
2358 5537 2715 5592 terrestrium
2769 5542 2825 5592 et
2872 5538 3255 5596 infernorum.
3303 5542 3370 5594 Et
3421 5540 3605 5594 omnis

1973 5629 2168 5701 lingua
2209 5630 2546 5685 conﬁteatur
2572 5631 2704 5702 quia
2741 5633 3016 5688 Dominus
3056 5635 3214 5689 Jesus
3250 5633 3499 5688 Christus
3543 5632 3602 5686 in

1972 5724 2158 5794 gloria
2225 5731 2311 5780 est
2372 5725 2472 5779 Dei
2537 5725 2715 5780 Patris
2779 5727 2996 5797 (Philip.
3056 5745 3114 5794 ιι,
3166 5727 3338 5796 6-11).
3387 5743 3414 5775 ››
3461 5726 3602 5778 Cum

1972 5833 2108 5887 ergo
2167 5834 2314 5872 unus
2370 5819 2441 5875 sit
2497 5819 2773 5874 Dominus
2837 5821 2994 5875 Jesus
3052 5819 3303 5876 Christus
3356 5819 3412 5872 et
3457 5833 3604 5872 verae

1975 5910 2202 5967 Deitatis
2255 5929 2516 5984 veraeque
2575 5911 2940 5968 humanitatis
2995 5913 3052 5967 in
3103 5911 3223 5980 ipso
3277 5927 3390 5965 una
3439 5927 3599 5984 pror-
