4058 6300
482 351 582 410 211
632 400 635 405 ,

1384 357 1661 410 APPEND.
1704 354 1790 408 AI)
1829 356 1987 409 SACC.
2032 353 2116 407 l.\'.
2150 382 2217 392 -—
2256 352 2503 408 ISlDORl
2542 353 2964 409 MERCATORIS

3740 350 3848 411 212

485 478 582 517 sus
638 460 957 534 eademque
1019 479 1257 535 persona
1314 463 1400 530 sit,
1461 462 1865 517 exaltationem
1921 465 2116 517 tamen
2137 463 2412 545 Aomnia
2436 463 2643 517 saecula
2674 463 3106 532 percurrentem
3138 459 3386 515 mundus
3410 460 3482 515 sit
3508 461 3622 516 Deo
3648 478 3850 517 recon-

484 572 662 628 quam
702 557 881 625 illum,
916 557 1061 612 sicut
1094 558 1290 612 doctor
1320 557 1617 627 gentilium
1662 556 1823 625 dixit,
1854 555 2115 611 exaltavit

487 651 632 705 Deus
663 654 719 706 et
744 651 974 706 donavit
1002 651 1084 705 illi
1116 668 1327 706 nomen
1352 650 1505 721 quod
1532 655 1615 705 est
1640 667 1810 721 super
1833 666 1999 705 omne
2018 666 2115 703 no-

484 761 639 813 men,
665 744 735 800 ad
758 761 885 799 eam
907 744 1277 817 intelligimus
1308 743 1594 815 pertinere
1621 744 1869 799 formam
1889 760 2017 816 quae
2034 744 2116 798 di-

486 839 660 894 tanda
691 844 812 894 erat
836 842 1007 894 tantae
1038 838 1456 909 gloriﬁcationis
1480 843 1806 909 augmento.
1836 840 1899 893 1n
1931 838 2114 892 forma

484 932 697 1004 quippe
726 932 821 987 Dei
850 931 1085 1002 aequalis
1122 934 1244 986 erat
1286 931 1458 986 Filius
1488 930 1658 1001 Patri,
1688 934 1745 985 et
1770 931 1923 986 inter
1949 931 2111 1003 geni-

480 1030 662 1080 torem
681 1030 849 1097 atque
871 1025 1235 1095 unigenitum
1255 1026 1408 1080 nulla
1431 1028 1550 1079 erat
1568 1026 1626 1079 in
1649 1024 1891 1080 essentia
1912 1025 2114 1079 discre-

485 1119 584 1186 tio,
620 1118 775 1173 nulla
811 1119 869 1172 in
913 1119 1211 1189 majestate
1238 1118 1552 1188 diversitas,
1586 1134 1690 1173 nec
1714 1135 1818 1189 per
1854 1118 2108 1173 incarna-

484 1212 651 1266 tionis
675 1212 1014 1283 mysterium
1045 1212 1258 1283 aliquid
1297 1212 1615 1268 decesserat
1642 1212 1835 1280 verbo,
1868 1213 2022 1283 quod
2059 1212 2111 1266 ei

478 1306 657 1361 Patris
686 1322 932 1361 munere
962 1305 1316 1359 redderetur.
1356 1307 1555 1360 Forma
1591 1308 1779 1361 autem
1813 1305 1976 1375 servi,
2010 1321 2114 1375 per

481 1416 650 1471 quam
681 1398 1047 1469 impassibilis
1076 1398 1260 1453 Deitas
1286 1403 1706 1454 sacramentum
1733 1416 1959 1470 magnae
1989 1399 2107 1469 pie-

480 1493 612 1547 tatis
627 1492 902 1563 implevit,
916 1494 1170 1546 humana
1193 1493 1489 1547 humilitas
1504 1497 1607 1563 est,
1625 1493 1683 1548 in
1702 1493 1884 1565 gloria
1906 1492 2112 1547 divina:

480 1586 707 1657 pietatis
732 1589 926 1640 evecta
954 1589 1056 1653 est,
1086 1587 1142 1640 in
1168 1589 1328 1641 tanta
1350 1586 1569 1641 unitate
1590 1587 1661 1641 ab
1692 1587 1810 1658 ipso
1836 1590 2113 1657 conceptu

482 1679 728 1749 Virginis
754 1679 961 1735 deitate
989 1682 1046 1734 et
1072 1680 1422 1735 humanitate
1454 1685 1731 1750 conserta,
1764 1684 1829 1735 ut
1856 1697 1959 1735 nec
1989 1680 2109 1734 sine

482 1762 713 1826 homine
761 1772 967 1841 divina,
997 1790 1101 1829 nec
1147 1774 1268 1828 sine
1312 1776 1428 1829 Deo
1476 1778 1786 1845 agerentur
1832 1774 2107 1828 humana.

2215 557 2432 611 ciliatus
2468 556 2526 610 in
2551 555 2789 625 Christo,
2824 558 2903 623 ut,
2934 554 3043 608 nisi
3071 554 3318 609 Verbum
3352 555 3683 625 dignaretur
3709 572 3844 611 caro

2213 649 2353 717 ﬁeri,
2369 650 2525 703 nulla
2548 654 2739 720 posset
2759 665 2887 703 caro
2909 649 3126 703 salvari.
3150 651 3327 704 Omne
3348 649 3502 703 enim
3528 666 3847 705 sacramen-

2212 749 2337 799 tum
2357 743 2691 798 Christianae
2711 742 2841 797 ﬁdei
2856 759 3070 814 magno
3084 742 3164 811 (ut
3182 743 3433 798 haeretici
3449 743 3664 814 volunt)
3678 743 3846 798 deco-

2212 838 2431 892 loratur
2449 836 2705 907 obscuro,
2731 836 2775 891 si
2794 837 2887 891 lux
2906 837 3156 891 veritatis
3175 837 3276 892 sub
3297 837 3591 893 mendacio
3612 841 3847 908 putatur

2211 930 2439 985 latuisse
2456 930 2892 1001 phantasmatis.
2912 931 3035 984 Non
3049 946 3186 1001 ergo
3208 930 3510 1002 quisquam
3524 929 3628 985 sibi
3645 930 3845 985 erube-

2213 1024 2485 1078 scendum
2514 1023 2799 1077 existimet
2822 1022 3171 1077 Christianus
3195 1022 3265 1078 de
3305 1023 3484 1077 nostri
3525 1023 3586 1078 in
3620 1023 3843 1078 Christo

2213 1116 2463 1188 corporis
2488 1117 2745 1183 veritate,
2775 1116 2909 1188 quia
2934 1133 3131 1172 omnes
3156 1117 3396 1188 apostoli
3421 1118 3841 1189 apostolorum-

2214 1228 2325 1282 que
2370 1210 2646 1282 discipuli,
2675 1215 2731 1265 et
2773 1210 3028 1281 praeclari
3072 1210 3444 1266 Ecclesiarum
3490 1211 3704 1283 quique
3748 1210 3843 1265 do-

2214 1310 2395 1359 ctores
2417 1306 2513 1377 qui
2540 1306 2612 1360 ad
2640 1305 2898 1377 martyrii
2928 1321 3200 1360 coronam
3224 1304 3313 1359 vel
3357 1305 3428 1359 ad
3471 1305 3844 1359 confessionis

2214 1403 2550 1453 meruerunt
2577 1398 2814 1470 gloriam
2844 1399 3159 1469 pervenire,
3189 1399 3249 1453 in
3276 1399 3446 1469 hujus
3472 1398 3604 1453 ﬁdei
3628 1398 3846 1452 lumine

2211 1492 2627 1563 splenduerunt
2651 1492 2916 1547 consonis
2945 1492 3140 1563 utique
3167 1491 3462 1546 sententiis
3491 1492 3839 1559 intonantes,

2214 1586 2361 1656 quod
2395 1586 2452 1639 in
2481 1586 2723 1640 Domino
2752 1588 2881 1640 Jesu
2912 1586 3132 1641 Christo
3171 1584 3393 1639 deitatis
3423 1590 3479 1640 et
3504 1585 3692 1639 carnis
3727 1602 3845 1640 una

2213 1680 2286 1733 sit
2305 1679 2623 1734 conﬁtenda
2653 1696 2917 1749 persona.
2942 1679 3062 1743 Qua
3093 1682 3287 1734 autem
3317 1679 3553 1733 rationis
3580 1678 3845 1733 similitu-

2212 1772 2363 1840 dine,
2392 1790 2507 1845 qua
2533 1773 2854 1827 divinorum
2879 1773 3235 1827 voluminum
3276 1773 3536 1843 portione
3570 1772 3843 1827 haeretica

554 1866 792 1936 PrOpter
829 1867 981 1937 quod
1019 1866 1161 1921 sicut
1212 1868 1483 1921 Dominus
1517 1842 1851 1939 imajestatis
1906 1842 2187 1922 diciturB
2211 1842 2476 1937 impietas
2502 1882 2560 1920 se
2597 1866 2842 1921 aestimat
2881 1866 3154 1937 adjuvari,
3180 1842 3308 1937 quae
3338 1866 3631 1921 veritatem
3670 1870 3846 1937 negat

483 1958 803 2029 crucifixus,
831 1960 908 2014 ita
933 1960 1028 2031 qui
1057 1977 1119 2015 ex
1142 1961 1591 2031 sempiternitate
1622 1961 1858 2032 aequalis
1886 1964 1971 2015 est
1998 1962 2107 2015 Deo

482 2051 691 2106 dicitur
719 2053 1010 2120 exaltatus,
1043 2054 1177 2124 quia
1203 2054 1656 2126 inseparabiliter
1684 2058 1952 2109 manente
1980 2054 2108 2107 uni-

483 2149 595 2199 tate
627 2162 883 2216 personae
912 2164 1062 2201 unus
1089 2152 1259 2218 atque
1290 2149 1438 2203 idem
1478 2151 1561 2203 est
1590 2152 1647 2202 et
1673 2153 1822 2202 totus
1862 2148 2110 2202 hominis

484 2239 629 2292 filius
667 2248 903 2311 propter
946 2258 1203 2309 carnem,
1235 2245 1293 2295 ct
1328 2247 1486 2312 totus
1527 2242 1623 2296 Dei
1672 2242 1842 2296 Filius
1879 2244 2111 2312 propter

480 2348 657 2386 unam
682 2348 812 2386 cum
839 2335 1001 2388 Patre
1037 2310 1640 2426 deitatem.\Quidquid
1673 2335 1827 2389 enim
1858 2310 1917 2389 in
1960 2310 2107 2389 tem-

478 2442 619 2496 pore
648 2426 864 2497 accepit
888 2427 1142 2482 Christus
1186 2429 1498 2483 secundum
1548 2429 1839 2483 hominem
1871 2429 2105 2499 accepit,

477 2518 565 2572 cui
592 2535 720 2590 quae
760 2536 875 2574 non
921 2520 1123 2575 habuit
1162 2522 1585 2590 conferrentur;
1618 2539 1751 2576 nam
1796 2522 2109 2577 secundum

478 2613 791 2681 potentiam
818 2612 1125 2669 divinitatis
1151 2615 1547 2670 indifferenter
1569 2617 1764 2670 omnia
1790 2633 1916 2686 quae
1937 2616 2109 2670 habet

478 2706 661 2774 Pater,
694 2707 869 2761 etiam
894 2708 1086 2777 Filius,
1119 2714 1174 2763 et
1202 2726 1330 2779 quae
1365 2710 1423 2763 in
1458 2709 1647 2764 forma
1686 2710 1831 2763 servi
1874 2726 1906 2763 a
1949 2712 2108 2763 Patre

476 2799 693 2869 accepit
720 2800 920 2853 eadem
949 2801 1129 2855 forma
1154 2802 1252 2855 Dei
1279 2802 1455 2856 etiam
1476 2803 1597 2873 ipse
1628 2802 1876 2871 donavit,
1907 2819 2104 2857 secun-

480 2891 615 2945 dum
634 2893 733 2946 Dei
756 2893 911 2947 enim
931 2895 1173 2949 formam
1201 2894 1319 2966 ipse
1351 2899 1409 2949 et
1429 2898 1590 2950 Pater
1621 2913 1799 2950 unum
1830 2900 1978 2949 sunt.
2004 2897 2105 2950 Se-

479 2984 730 3039 cundum
757 2986 1002 3041 formam
1035 2988 1179 3042 servi
1208 3005 1322 3041 non
1348 2989 1502 3043 venit
1544 2989 1732 3043 facere
1760 2989 2105 3043 voluntatem

476 3094 657 3146 suam,
680 3080 774 3133 sed
795 3081 1137 3135 voluntatem
1166 3081 1290 3152 ejus
1317 3083 1585 3153 quimisit
1614 3099 1765 3150 eum,
1791 3082 2107 3137 seeimdum

477 3172 721 3227 formam
763 3175 911 3228 servi
955 3175 1128 3229 tristis
1154 3180 1239 3231 est
1266 3176 1459 3230 anima
1492 3177 1616 3246 ejus
1645 3194 1819 3249 usque
1848 3176 1921 3231 ad
1949 3193 2101 3231 mor-

478 3268 613 3319 tem.
631 3267 699 3320 Et
714 3267 870 3321 idem
893 3269 1031 3339 ipse,
1050 3271 1194 3326 sicut
1213 3271 1510 3340 Apostolus
1528 3271 1818 3342 praedicat,
1838 3274 1921 3326 est
1948 3271 2104 3325 dives

478 3362 534 3411 et
575 3377 818 3431 pauper;
866 3362 1019 3416 dives
1066 3363 1202 3434 quia
1245 3364 1599 3433 Evangelista
1649 3364 1869 3418 dicente
1916 3380 1928 3419 :
1975 3385 2003 3414 «
2042 3366 2103 3419 In

473 3452 752 3525 principio
781 3459 902 3510 erat
924 3438 1171 3511 Verbum
1216 3461 1271 3511 et
1298 3458 1544 3512 Verbum
1579 3463 1699 3512 erat
1727 3457 1877 3529 apud
1925 3459 2103 3512 Deum

473 3550 529 3600 et
572 3547 719 3602 Deus
768 3554 889 3604 erat
922 3551 1167 3605 Verbum
1211 3550 1385 3621 (Joan.
1437 3568 1476 3615 ι,
1524 3547 1670 3621 1),Ι››
1715 3552 1824 3606 hoc
1874 3556 1993 3606 erat
2046 3552 2103 3606 in

471 3640 752 3713 principio
790 3645 941 3714 apud
974 3646 1170 3713 Deum,
1203 3647 1393 3700 omnia
1420 3663 1521 3717 per
1551 3640 1739 3716 ipsum
1770 3646 1921 3699 facta
1947 3651 2098 3714 sunt,

473 3737 529 3787 et
566 3736 686 3789 sine
735 3736 855 3805 ipso
906 3737 1119 3800 factum
1179 3743 1263 3792 est
1327 3739 1489 3792 nihil.
1534 3741 1757 3810 Pauper
1792 3756 1927 3793 vero
1966 3739 2101 3810 quia

472 3833 703 3897 propter
732 3845 833 3882 nos
856 3830 1093 3883 verbum
1126 3847 1253 3885 caro
1283 3831 1497 3885 factum
1528 3836 1630 3898 est,
1656 3834 1714 3885 et
1740 3831 2011 3885 habitavit
2040 3832 2099 3885 in

474 3920 655 3974 nobis.
683 3922 817 3985 Quae
847 3926 1039 3977 autem
1083 3927 1166 3977 est
1209 3924 1518 3979 exinanitio
1560 3925 1681 3995 ejus
1726 3940 1922 3996 quaeve
1968 3942 2102 3996 pau-

472 4017 680 4083 pertas,
718 4015 825 4068 nisi
854 4014 1054 4070 formae
1082 4017 1297 4071 servilis
1326 4018 1577 4089 acceptio
1608 4034 1709 4089 per
1742 4035 1917 4089 quam
1945 4019 2097 4073 verbi

470 4107 766 4177 majestate
804 4110 1048 4164 revelata
1080 4111 1421 4182 dispensatio
1467 4113 1732 4166 humanae
1764 4113 2099 4184 redemptio-

468 4200 555 4254 nis
587 4202 818 4272 impleta
849 4204 978 4258 est?
1026 4205 1166 4259 Nam
1209 4206 1344 4278 quia
1383 4206 1719 4277 captivitatis
1762 4211 1973 4262 nostrae
2017 4224 2101 4261 re-

471 4295 607 4349 solvi
650 4297 952 4369 originalia
979 4299 1198 4355 vincula
1224 4312 1340 4354 non
1369 4304 1649 4372 poterant,
1682 4300 1791 4355 nisi
1834 4301 2101 4355 existeret

470 4389 642 4444 homo
679 4393 859 4446 nostri
902 4394 1127 4463 generis
1170 4411 1338 4466 quem
1389 4399 1624 4465 naturae,
1655 4412 1832 4466 quem
1876 4394 2098 4466 peccati

466 4485 802 4556 preejudicia
839 4504 956 4542 non
998 4493 1273 4555 tenerent,
1309 4494 1365 4543 et
1409 4489 1504 4560 qui
1559 4489 1921 4543 immaculato
1966 4505 2094 4543 san-

2210 1961 2461 2030 corporis
2498 1960 2727 2027 Christi,
2752 1976 2881 2014 cum
2922 1960 3068 2014 hanc
3114 1976 3228 2014 non
3272 1961 3362 2014 lex
3388 1958 3694 2027 testiﬁcari,
3721 1976 3840 2013 non

2210 2054 2485 2124 propheta
2512 2054 2841 2124 praecinere,
2870 2070 2984 2109 non
3004 2054 3312 2124 Evangelia
3333 2053 3558 2122 docere,
3581 2069 3700 2107 non
3718 2053 3840 2124 ipse

2211 2146 2488 2202 destiterit
2511 2147 2765 2202 Christus
2794 2148 3133 2203 ostendere?
3161 2147 3433 2211 Quaerant
3470 2163 3571 2218 per
3605 2163 3839 2201 omnem

2211 2240 2415 2295 seriem
2472 2241 2892 2313 Scripturarum
2947 2257 3060 2312 quo
3110 2241 3377 2295 tenebras
3428 2241 3673 2312 fugiant,
3722 2258 3842 2295 non

2210 2351 2320 2406 quo
2345 2351 2543 2389 verum
2582 2335 2775 2389 lumen
2805 2335 3137 2403 obscurent;
3174 2338 3231 2389 et
3256 2351 3359 2406 per
3396 2335 3589 2389 omnia
3635 2335 3841 2389 saecula

2210 2429 2288 2483 ita
2304 2430 2603 2483 veritatem
2625 2429 2922 2483 inveniunt
2941 2433 3331 2483 coruscantem
3354 2432 3416 2482 ut
3432 2445 3708 2499 magnum
3730 2429 3843 2483 hoc

2209 2524 2464 2577 mirabile
2504 2525 2923 2577 sacramentum
2959 2523 3027 2577 ab
3064 2523 3227 2577 initio
3267 2522 3495 2577 videant
3533 2522 3841 2590 creditum,

2210 2616 2360 2687 quod
2380 2620 2463 2671 est
2488 2616 2546 2670 in
2572 2617 2685 2670 ﬁne
2714 2616 3083 2687 completum.
3106 2617 3183 2670 De
3212 2633 3324 2687 quo
3351 2632 3481 2671 cum
3512 2621 3843 2670 sanctarum

2209 2710 2523 2763 litterarum
2542 2710 2697 2763 nulla
2712 2726 2846 2782 pars
2868 2709 3048 2779 sileat,
3067 2709 3274 2764 sufﬁcit
3303 2710 3564 2781 quaedam
3587 2726 3845 2764 consona

2208 2802 2461 2856 veritatis
2509 2802 2670 2873 signa
2714 2802 2971 2873 posuisse
3012 2803 3219 2874 quibus
3263 2802 3559 2873 diligentia
3598 2802 3730 2856 ﬁdei
3777 2802 3843 2857 in

2207 2895 2723 2967 splendidissimam
2746 2896 3102 2951 latitudinem
3130 2896 3409 2967 dirigatur
3433 2901 3489 2950 et
3518 2897 3737 2951 sincera
3756 2897 3841 2951 in-

2206 2989 2518 3059 telligentia
2533 2990 2658 3043 luce
2676 2989 3001 3061 prospiciat,
3017 2990 3168 3061 quod
3190 2989 3247 3044 in
3266 2990 3405 3044 Filio
3423 2989 3546 3053 Dei,
3569 2991 3668 3061 qui
3679 3007 3738 3044 se
3757 2990 3843 3044 in-

2208 3083 2556 3138 cessabiliter
2581 3082 2761 3137 ﬁlium
2781 3083 3027 3138 hominis
3052 3084 3351 3139 hominem
3384 3085 3698 3155 proﬁtetur,
3722 3101 3839 3138 non

2205 3177 2274 3231 sit
2292 3177 2624 3232 Christianis
2645 3177 3114 3246 erubescendum,
3131 3177 3229 3232 sed
3251 3178 3698 3233 constantissime
3719 3179 3840 3249 glo-

2206 3270 2492 3340 riandum,
2517 3271 2785 3341 quoniam
2806 3271 2968 3341 (sicut
2990 3270 3069 3325 ait
3088 3271 3287 3325 beatus
3308 3273 3626 3342 Apostolus)
3647 3288 3659 3324 :
3685 3294 3711 3319 ‹‹
3728 3273 3839 3326 Ma-

2203 3380 2383 3435 gnum
2408 3369 2489 3418 est
2508 3365 2733 3435 pietatis
2767 3369 3186 3419 sacramentum
3219 3365 3374 3436 quod
3407 3364 3835 3419 manifestatum

2203 3457 2362 3513 estin
2385 3475 2548 3512 carne
2558 3458 2929 3529 justiﬁcatum
2953 3464 3056 3523 est,
3080 3458 3137 3512 in
3159 3458 3359 3529 spiritu
3381 3459 3643 3529 apparuit
3664 3475 3836 3529 ange-

2199 3551 2287 3618 lis,
2317 3552 2688 3621 praedicatum
2728 3556 2811 3605 est
2851 3551 3141 3621 gentibus,
3187 3551 3463 3605 creditum
3517 3556 3601 3605 est
3629 3552 3687 3606 in
3730 3552 3835 3606 hoc

2200 3645 2438 3715 mundo,
2469 3650 2825 3715 assumptum
2871 3650 2956 3699 est
2984 3644 3043 3698 in
3071 3644 3252 3715 gloria
3282 3646 3323 3713 (1
3352 3646 3485 3714 Tim.
3531 3661 3610 3711 ιιι,
3657 3647 3760 3716 l6).
3804 3666 3833 3695 ››

2273 3739 2350 3791 De
2381 3738 2774 3809 episcoporum
2806 3755 2961 3804 vero,
2987 3741 3043 3792 et
3069 3739 3552 3809 presbyterorum,
3577 3738 3838 3793 diacono-

2200 3848 2440 3902 rumque
2479 3834 2536 3885 et
2573 3831 2932 3902 sequentium
2991 3830 3328 3885 clericorum
3381 3831 3838 3886 ordinationibus

2200 3930 2420 3979 sanctos
2448 3926 2727 3996 apostolos
2758 3930 2814 3979 et
2841 3941 3189 3979 successores
3217 3941 3433 3991 eorum,
3457 3941 3520 3979 ac
3548 3925 3836 3996 praecipue

2197 4020 2556 4087 Anacletum,
2576 4021 2633 4073 et
2647 4024 2924 4090 praeterea
2939 4018 3079 4073 alios
3097 4018 3442 4073 sufficienter
3464 4019 3725 4073 statuisse
3745 4036 3835 4073 co-

2199 4113 2557 4183 gnoscimus;
2589 4113 2877 4167 et‘idcirco
2921 4129 3038 4167 non
3066 4114 3150 4165 est
3179 4129 3407 4185 necpsse
3451 4129 3603 4167 nunc
3655 4114 3833 4185 repli-

2199 4130 2557 4183 gnoscimus;
2589 4130 2645 4167 et
2670 4130 2877 4167 lOClI‘CO
2921 4130 3038 4167 non
3066 4130 3150 4165 esr.
3179 4130 3250 4166 ne
3304 4130 3407 4165 isse
3451 4130 3603 4167 nunc
3655 4130 3833 4185 repu-

2197 4206 2333 4275 cari,
2367 4207 2474 4261 nisi
2503 4206 2654 4278 quod
2686 4206 2771 4260 illi
2798 4223 2912 4261 non
2939 4130 3461 4292 statueruntTIllud
3494 4210 3691 4260 tamen
3728 4224 3834 4261 nos

2199 4302 2533 4367 statuentes,
2565 4300 2722 4353 vobis
2752 4303 2807 4355 et
2837 4300 3101 4355 omnibus
3133 4316 3353 4354 servare
3382 4299 3742 4367 mandamus,
3772 4305 3835 4355 ut

2197 4393 2268 4447 ad
2321 4390 2546 4447 ordines
2598 4394 3002 4449 ecclesiasticos
3050 4394 3129 4447 sic
3166 4394 3456 4460 accedant,
3497 4393 3554 4447 in
3592 4394 3832 4449 ecclesia

2198 4488 2295 4558 qui
2321 4487 2576 4541 ordinari
2602 4493 2914 4555 merentur,
2940 4487 2996 4542 id
3024 4492 3110 4542 est
3134 4503 3147 4539 :
3174 4487 3221 4540 si
3240 4488 3367 4559 quis
3392 4486 3687 4558 episcopus
3708 4504 3830 4542 esse

466 4578 641 4647 guine
684 4597 785 4635 suo
828 4582 1277 4653 chirographum
1326 4582 1512 4637 laetale
1560 4582 1824 4649 dilueret,
1859 4582 2097 4638 sicutab
2117 4582 2176 4654 D
2201 4585 2515 4635 mereretur
2534 4581 2605 4635 sit
2634 4582 2822 4651 primo
2855 4580 3135 4649 ostiarius,
3167 4580 3372 4634 deinde
3413 4581 3605 4649 lector,
3638 4586 3835 4652 postea

464 4671 625 4727 initio
654 4674 1057 4730 cratdivinitus
1084 4676 1549 4747 praeordinatum,
1569 4677 1645 4730 ita
1672 4680 1757 4729 est
1786 4676 1840 4730 in
1858 4677 2096 4747 plenitu-

467 4765 596 4820 dine
626 4769 895 4838 temporis
916 4769 1253 4839 perfectum,
1278 4775 1342 4823 ut
1368 4769 1560 4824 multis
1580 4769 1762 4823 modis
1784 4769 2096 4840 significata

466 4858 592 4931 49
620 4862 920 4929 promissio
943 4863 1001 4915 in
1031 4864 1127 4916 diu
1150 4867 1531 4933 exsliectatum
1559 4863 1777 4917 veniret
1805 4863 2091 4932 effectum,

464 4968 568 5005 nec
595 4958 782 5022 posset
810 4971 929 5009 esse
957 4956 1291 5028 ambiguum
1320 4956 1472 5027 quod
1513 4957 1797 5011 continuis
1830 4956 2090 5011 testiﬁca-

463 5044 713 5099 tionibus
740 5064 963 5119 semper
987 5050 1172 5104 fuerat
1198 5050 1544 5105 nuntiatum.
1578 5052 1636 5104 In
1666 5066 1873 5121 magno
1900 5054 2091 5103 autem

464 5139 758 5208 sacrilegio
782 5158 840 5195 se
866 5144 1076 5197 versari
1103 5144 1503 5198 haereticorum
1536 5145 1857 5197 manifestat
1884 5143 1960 5196 im
1970 5142 2087 5212 pio-

462 5234 568 5301 tas,
586 5249 714 5287 cum
734 5236 918 5305 specie
935 5236 1239 5293 divinitatis
1260 5238 1609 5293 honoranda}
1630 5238 1894 5291 humanae
1909 5236 2091 5290 carnis

460 5326 520 5379 in
563 5326 782 5383 Christo
830 5330 1114 5402 denegant
1157 5332 1473 5398 veritatem,
1510 5336 1566 5385 ct
1598 5330 1860 5401 religiose
1906 5329 2092 5383 existi-

461 5423 623 5475 mant
646 5423 817 5491 credi,
842 5425 887 5478 si
908 5425 1203 5480 dicaturiu
1227 5425 1512 5479 Salvatore
1544 5429 1736 5479 nostro
1754 5439 1951 5476 verum
1976 5440 2089 5476 non

463 5530 583 5570 esse
624 5518 774 5588 quod
802 5519 995 5588 salvat,
1026 5536 1155 5574 cum
1183 5519 1263 5572 ita
1291 5518 1603 5572 secundum
1650 5516 2092 5589 promissionem

2197 4675 2494 4741 exorcisla,
2519 4674 2652 4728 inde
2682 4678 2938 4728 sacretur
2963 4674 3254 4743 accolitus,
3280 4674 3512 4728 demum
3542 4691 3675 4728 vero
3706 4675 3835 4729 sub~

2196 4769 2486 4836 diaconus,
2520 4768 2727 4823 deinde
2773 4768 3061 4835 diaconus,
3093 4770 3151 4821 et
3190 4773 3385 4838 postea
3430 4767 3740 4839 presbyter,
3776 4773 3833 4823 et

2196 4862 2414 4930 exinde,
2435 4861 2480 4915 si
2503 4866 2774 4928 meretur,
2796 4861 3093 4932 episcopus
3121 4861 3436 4916 ordinetur.
3454 4862 3519 4914 Et
3539 4863 3830 4933 regiones,

2194 4956 2335 5010 sicut
2370 4956 2427 5010 in
2457 4957 2564 5011 hac
2608 4956 2745 5009 urbe
2778 4955 3035 5023 fecimus,
3063 4972 3167 5026 per
3192 4955 3444 5025 singulas
3486 4955 3655 5010 urbes
3700 4956 3830 5027 qua:

2190 5050 2479 5120 populosae
2508 5049 2717 5103 fuerint
2745 5048 3071 5102 diaconibus
3098 5048 3443 5103 dividentur.
3472 5049 3539 5103 Et
3562 5065 3831 5119 quaecun-

2191 5160 2301 5214 que
2348 5143 2603 5197 difﬁciles
2656 5142 2997 5213 quaestiones
3052 5159 3154 5213 per
3203 5142 3458 5211 singulas
3512 5142 3830 5212 provincias

2193 5243 2401 5293 exortm
2436 5237 2675 5307 fuerint,
2700 5253 2923 5307 semper
2950 5235 3021 5289 ad
3049 5236 3241 5290 sedem
3283 5235 3649 5307 apostolicam
3676 5239 3826 5291 refe-

2190 5337 2408 5387 rantur.
2451 5335 2598 5387 Bcne
2641 5331 2785 5397 vale,
2836 5333 3029 5399 frater,
3079 5334 3135 5385 et
3171 5346 3265 5383 ora
3310 5345 3412 5399 pro
3457 5330 3638 5383 nobis.
3688 5332 3830 5385 Data

2190 5427 2422 5481 Kalend.
2466 5425 2669 5493 Martii,
2712 5424 3056 5480 Diocletiano
3102 5427 3157 5478 et
3201 5422 3529 5479 Constantio
3565 5424 3708 5478 Vero
3751 5427 3836 5483 IV

2190 5537 2271 5574 CC.
2305 5536 2439 5573 COl'lS

1704 5749 1729 5757 ο
1762 5736 2582 5773 γὴν--ειθε-ι--υ---κ
