4058 6318
224 378 331 434 213

1468 378 1939 436 DECRETALIUM
1977 376 2365 435 COLLECTIO.

736 682 854 777 IN
858 682 1310 777 CIPIUNT
1378 682 1854 775 DECRETl

1970 679 2614 773 MARCELLIN
2620 682 2657 774 Ι
2729 681 3096 776 ΡΑΡΛΕ.
3186 608 3193 616 “

1237 872 1415 942 (Anno
1442 869 1669 926 Domini
1692 871 1816 937 295,
1846 868 2192 939 imperatore
2219 866 2597 941 Maximiano.)

293 1149 699 1222 MARCELLINUS,
721 1152 1015 1224 episcopus
1031 1155 1242 1207 sanctae
1272 1151 1532 1208 Ecclesiae
1562 1150 1855 1206 catholicae
1876 1161 1937 1234 Α
1956 1152 2038 1204 est
2065 1164 2162 1204 rex
2180 1150 2508 1205 Judaeorum
2538 1149 2750 1221 (Matth.
2786 1167 2846 1219 ιι,
2874 1156 2895 1207 1
2933 1156 2982 1208 et
3003 1152 3077 1222 2).
3103 1172 3131 1203 »
3166 1154 3233 1207 Et
3254 1151 3433 1207 infra:
3468 1172 3495 1204 «
3524 1153 3592 1209 Et

222 1243 382 1298 urbis
440 1246 736 1316 Romanae,
790 1246 1072 1304 SALOMONI
1123 1247 1451 1319 coepiscopo
1498 1247 1557 1301 in
1616 1245 1860 1303 Domino

223 1337 496 1395 salutem.

298 1432 485 1495 Quam
504 1432 866 1488 laudabiliter
884 1452 988 1507 pro
1009 1436 1138 1490 cath
1147 1435 1304 1490 olieee
1334 1434 1467 1490 ﬁdei
1486 1434 1725 1490 veritate
1742 1450 1861 1489 mo-

218 1526 405 1581 vearis
439 1528 497 1581 et
527 1527 624 1598 qui
672 1528 906 1583 sollicite
949 1529 1246 1583 Dominico
1285 1528 1445 1600 gregi
1494 1528 1859 1583 devotionem

222 1620 397 1675 ofﬁcii
428 1621 664 1691 pastoris
694 1620 1012 1692 impendas,
1032 1622 1240 1678 tradita
1259 1623 1418 1677 nobis
1438 1640 1541 1693 per
1557 1622 1860 1677 diaconum

220 1718 391 1768 tuum
426 1715 800 1769 fraternitatis
826 1718 940 1769 tum
969 1716 1171 1787 scripta
1204 1717 1623 1786 demonstrant,
1656 1715 1859 1788 quibus

220 1808 447 1862 notitiae
478 1814 686 1863 nostrae
713 1808 1001 1865 insinuare
1031 1810 1235 1864 curasti
1266 1810 1364 1881 qui
1385 1826 1644 1865 errorum
1670 1810 1859 1864 morbi

222 1901 282 1954 in
324 1901 660 1972 regionibus
699 1903 894 1957 vestris
929 1903 1099 1957 modo
1140 1904 1319 1958 exorti
1358 1908 1507 1958 sunt.
1553 1905 1695 1958 Nam
1736 1902 1855 1974 epi-

222 1995 387 2049 stolae
408 2012 617 2063 sermo,
643 1999 701 2050 et
725 1996 1149 2051 commonitorii
1178 1997 1347 2051 series
1372 1996 1612 2051 etlibelli
1634 1996 1713 2050 tui
1736 2001 1857 2050 tex-

226 2090 316 2143 tus
345 2089 632 2159 eloquitur
666 2090 821 2161 quod
865 2090 1121 2161 quidam,
1160 2107 1347 2144 errore
1386 2090 1627 2161 decepti,
1666 2090 1861 2144 dicunt

225 2182 355 2238 ideo
386 2185 614 2238 Patrem
637 2183 910 2255 majorem
932 2184 1068 2238 Filio
1089 2201 1230 2252 esse,
1255 2184 1385 2255 quia
1413 2185 1493 2238 illi
1510 2184 1614 2238 soli
1642 2184 1855 2238 sacriﬁ-

224 2276 378 2330 cium
396 2277 723 2331 immolatur
739 2282 794 2332 et
807 2278 957 2348 quod
971 2278 1141 2352 Filius
1156 2279 1372 2332 nullam
1390 2294 1519 2331 cum
1536 2279 1695 2331 Patre
1710 2294 1859 2331 com-

225 2370 516 2425 munionis
527 2387 761 2442 operam
772 2342 1214 2464 habeatﬂtquod
1223 2371 1363 2425 illud
1378 2371 1775 2443 propheticum
1789 2372 1856 2426 de

223 2464 344 2519 solo
357 2466 523 2519 Patre
538 2464 751 2519 dictum
767 2464 840 2518 sit
854 2481 866 2519 :
886 2486 912 2514 ‹‹
929 2464 1117 2519 Sciant
1133 2465 1632 2536 gentes,quoniam
1645 2481 1854 2519 nomen

222 2558 327 2613 tibi
354 2559 531 2626 Deus,
564 2562 626 2612 tu
654 2558 803 2612 solus
827 2558 1145 2613 Altissimus
1178 2575 1349 2631 super
1380 2575 1615 2613 omnem
1642 2561 1854 2612 terram
1875 2535 1931 2606 B

223 2653 391 2723 (Psal.
430 2668 641 2719 Lxxxu,
679 2654 783 2722 19),
828 2653 941 2706 sive
983 2653 1133 2724 quod
1165 2652 1293 2707 ideo
1332 2652 1522 2706 minor
1549 2655 1633 2707 est
1662 2652 1852 2720 Filius,

223 2746 355 2817 quia
380 2746 498 2817 ipse
526 2745 585 2800 in
615 2762 778 2801 cruce
805 2746 1063 2818 pendens
1085 2746 1261 2801 dixit:
1284 2768 1311 2795 ‹‹
1331 2747 1657 2814 Deus,Deus
1671 2762 1851 2815 meus,

222 2856 399 2911 quare
429 2856 522 2893 me
564 2840 911 2911 dereliquisti
953 2839 1168 2911 (Matth.
1212 2857 1381 2909 xxvn,
1428 2842 1524 2908 46;
1568 2843 1735 2895 Marc.
1766 2856 1853 2906 xv,

222 2934 334 2989 34).
357 2954 383 2981 »
399 2932 613 2997 Quibus
646 2937 978 3004 competens
1008 2936 1065 2988 et
1094 2950 1413 3004 congruum
1444 2934 1717 2988 reddatur
1744 2951 1857 2987 res-

222 3044 493 3099 pensum,
519 3027 652 3098 quia
681 3026 824 3081 sicut
853 3027 1127 3095 Patre,ita
1154 3027 1324 3081 etiam
1355 3027 1493 3082 Filio
1520 3044 1637 3082 non
1670 3027 1855 3082 solum

223 3120 561 3176 Christianis
599 3121 970 3192 temporibus,
1012 3122 1387 3176 verumetiam
1427 3138 1459 3175 a
1487 3121 1683 3192 priscis
1710 3126 1852 3176 tem-

222 3214 461 3287 poribus
501 3214 905 3283 sacerdotibus,
939 3215 1105 3269 variis
1146 3215 1453 3287 multisque
1497 3216 1682 3270 modis
1727 3232 1857 3286 pro-

219 3309 428 3363 bamus
449 3308 786 3363 sacriﬁcium
814 3308 981 3363 fuisse
1004 3309 1280 3378 oblatum,
1304 3309 1555 3377 Daniele,
1578 3310 1857 3380 propheta

222 3402 443 3457 dicente
479 3418 491 3456 :
526 3423 553 3451 ‹‹
582 3403 704 3456 Non
735 3407 816 3457 est
839 3403 997 3457 locus
1023 3403 1307 3474 (inquiunt
1333 3408 1447 3457 tres
1467 3402 1646 3474 pueri)
1679 3403 1752 3456 ad
1773 3419 1855 3456 sa-

220 3496 599 3551 criﬁcandum
638 3495 857 3550 nomini
881 3501 981 3551 tuo
1008 3501 1066 3552 et
1094 3496 1349 3551 invenire
1379 3496 1852 3563 misericordiam,

221 3591 321 3645 sed
352 3591 409 3644 in
436 3589 632 3661 anima
658 3589 903 3644 contrita
943 3595 997 3645 et
1022 3590 1079 3644 in
1123 3591 1323 3661 spiritu
1354 3589 1693 3644 humilitatis
1729 3607 1852 3643 sus-

221 3606 321 3645 scu
352 3608 409 3644 in
436 3607 532 3644 am
600 3606 632 3644 a
658 3606 903 3644 contrita
943 3606 997 3645 et
1022 3608 1079 3644 In
1123 3606 1323 3661 spiruu
1354 3606 1693 3644 nummtaus
1729 3607 1851 3643 sus-

220 3606 637 3849 cipiamuriiﬂt
676 3684 821 3739 sicut
855 3685 1341 3739 holocaustomata
1371 3684 1613 3763 arietum
1645 3688 1701 3737 et
1725 3687 1851 3737 tau-

220 3795 421 3833 rorum
463 3795 493 3832 a
581 3795 861 3849 oramque
901 3778 1228 3849 pinguium,
1275 3778 1351 3833 ita
1382 3779 1478 3831 ﬁat
1514 3777 1851 3831 sacriﬁcium

218 3795 421 3833 rerum
463 3777 861 3850 aghorumque
901 3778 1228 3850 pinguium,
1275 3778 1351 3833 ita
1382 3779 1478 3831 ﬁat
1514 3777 1853 3831 sacriﬁcium

216 3877 481 3927 nostrum
511 3873 571 3926 in
603 3876 905 3943 conspectu
936 3877 1033 3927 tuo
1061 3873 1228 3927 hodie
1248 3878 1312 3927 ut
1330 3873 1555 3943 placeat
1578 3871 1850 3932 tibitDan.

220 3980 303 4030 ιιι,
330 3965 398 4018 38
428 3967 479 4017 et
496 3963 650 4032 seq.),
689 3984 716 4012 n
753 3967 809 4016 et
835 3966 900 4016 ut
933 3962 1131 4015 Filium
1159 3961 1334 4015 fuisse
1360 3977 1655 4031 agnoscas,
1675 3961 1764 4014 cui
1795 3961 1853 4014 hi

218 4061 339 4111 tres
366 4056 531 4128 pueri
566 4055 899 4110 sacriﬁcium
927 4072 983 4110 se
1019 4056 1261 4111 confessi
1290 4061 1422 4110 sunt
1448 4055 1762 4124 obtulissse,
1786 4072 1856 4109 ex

220 4151 400 4221 ipsius
422 4149 575 4220 regis
595 4166 658 4203 ac
680 4149 905 4221 tyranni
925 4149 1022 4220 qui
1045 4166 1139 4202 eos
1154 4149 1211 4202 in
1235 4150 1523 4204 fornacem
1544 4148 1693 4219 ignis
1706 4149 1855 4203 mitti

217 4249 571 4315 prazceperat
597 4243 957 4298 confessione
995 4244 1219 4298 addisce
1257 4244 1357 4315 qui
1386 4261 1445 4297 se
1485 4259 1614 4296 cum
1649 4243 1851 4311 tribus,

220 4343 492 4409 quartum
518 4338 577 4390 in
608 4337 731 4408 ipso
760 4337 1047 4392 aestuantis
1068 4337 1273 4391 camini
1302 4337 1566 4391 incendio
1581 4337 1855 4391 sociatum

219 4431 476 4504 prodidit
503 4431 880 4501 conspexisse.
914 4454 941 4479 «
975 4432 1194 4497 Nonne,
1229 4430 1435 4501 inquit,
1458 4430 1735 4484 tresviros
1753 4431 1857 4484 mi-

219 4527 404 4580 simus
422 4526 481 4579 in
502 4524 795 4580 fornacem
813 4524 1065 4579 vinctos?
1092 4524 1435 4578 Etdixerunt
1458 4524 1509 4577 ei
1531 4541 1544 4578 :
1570 4527 1707 4579 Vere
1728 4541 1851 4591 rex;

221 4623 278 4675 et
308 4620 446 4673 dixit
480 4636 494 4673 :
536 4620 677 4673 Ecce
716 4635 824 4689 ego
865 4618 1029 4673 video
1068 4621 1313 4689 quatuor
1345 4617 1492 4671 viros
1533 4618 1761 4685 solutos,
1801 4624 1856 4673 et

223 4713 660 4768 deambulantes
672 4712 730 4766 in
745 4712 931 4766 medio
944 4712 1176 4783 ignis,et
1190 4716 1447 4782 aspectus
1461 4712 1647 4781 quarti
1659 4712 1855 4765 similis

222 4809 359 4862 Filio
384 4808 486 4862 Dei
522 4811 609 4860 est
635 4807 816 4869 (Ibid.,
848 4808 906 4861 91
942 4812 991 4860 et
1020 4810 1126 4874 92).
1161 4826 1187 4857 »
1233 4805 1386 4859 Idem
1423 4805 1524 4858 Dei
1550 4805 1718 4858 Filius
1752 4823 1856 4876 per

220 4903 566 4974 prephetam
590 4900 840 4971 loquitur
852 4900 1077 4954 dicens:
1106 4922 1131 4948 ‹‹
1150 4898 1271 4952 Tibi
1293 4898 1535 4952 offerent
1553 4916 1718 4969 reges
1732 4916 1855 4953 mu-

220 5011 353 5049 nera
389 4994 555 5055 (Psal.
596 5008 759 5062 vau,
804 4996 908 5063 30).
958 5012 985 5044 »
1030 4994 1097 5047 Et
1122 4995 1185 5045 ut
1224 4992 1347 5045 htec
1391 4991 1459 5045 de
1498 4991 1636 5045 Filio
1664 4992 1761 5046 Dei
1794 5009 1852 5047 se

220 5089 426 5142 dixisse
457 5087 703 5156 doceret,
723 5085 863 5140 dixit
888 5102 900 5139 :
926 5106 953 5137 «
984 5087 1165 5156 Reges
1184 5085 1405 5151 Tharsis
1428 5088 1484 5139 et
1503 5085 1703 5139 insulae
1732 5102 1855 5141 mu—

214 5199 354 5237 nera
381 5181 648 5245 offerent,
670 5196 833 5251 reges
850 5180 1099 5234 Arabum
1119 5183 1176 5233 et
1207 5179 1351 5234 Saba
1378 5179 1527 5233 dona
1546 5180 1851 5249 adducent,

1962 1242 2237 1298 intrantes
2257 1243 2491 1299 domum
2514 1244 2856 1300 invenerunt
2867 1262 3115 1317 puerum
3132 1262 3262 1301 cum
3280 1246 3452 1302 Maria
3470 1262 3590 1301 ma-

1962 1339 2047 1392 tre
2071 1337 2211 1408 ejus,
2235 1341 2292 1392 et
2315 1339 2672 1409 procidentes
2699 1339 3076 1394 adoraverunt
3105 1356 3256 1409 eum,
3292 1344 3348 1394 et
3379 1339 3589 1411 apertis

1959 1431 2240 1486 thesauris
2271 1433 2385 1487 suis
2422 1433 2751 1488 obtulerunt
2786 1433 2836 1487 ei
2874 1449 3133 1500 munera,
3178 1449 3403 1500 aurum,
3433 1434 3585 1500 thus,

1959 1541 2210 1596 myrram
2231 1525 2412 1597 (Ibidu
2439 1530 2543 1596 11).
2563 1548 2591 1576 ››
2616 1526 2966 1582 Sacriﬁcium
2992 1527 3187 1598 itaque
3208 1527 3356 1598 quod
3374 1543 3407 1580 a
3425 1527 3587 1581 Chri-

1960 1619 2160 1673 stianis
2199 1620 2371 1674 sacris
2416 1621 2686 1675 altaribus
2728 1622 3064 1676 admovetur
3092 1636 3207 1675 non
3250 1620 3438 1674 solum
3480 1623 3589 1675 Deo

1958 1713 2108 1767 Patri
2147 1714 2245 1767 sed
2277 1714 2451 1768 etiam
2492 1714 2629 1769 Filio
2673 1714 2962 1769 communi
3001 1713 3298 1768 devotione
3332 1713 3587 1779 offertur,

1958 1807 2234 1879 quoniam
2261 1825 2365 1862 nec
2394 1809 2561 1862 Pater
2594 1808 2715 1862 sine
2750 1808 2889 1863 Filio
2927 1811 3117 1880 potest
3155 1808 3365 1878 offerri,
3404 1823 3589 1881 neque

1959 1917 1992 1955 a
2021 1901 2157 1956 Filio
2184 1901 2302 1956 sine
2331 1903 2497 1957 Patre
2527 1902 2741 1957 sentiri.

2029 1995 2186 2059 Quod
2211 1999 2402 2050 autem
2418 2012 2786 2050 communem
2805 2012 3039 2067 operam
3068 1996 3314 2050 habeant
3339 1997 3505 2050 Pater
3533 1999 3591 2051 et

1960 2088 2148 2157 Filius,
2171 2089 2277 2143 hoc
2297 2089 2468 2143 modo
2497 2090 2730 2144 docetur
2745 2089 2881 2144 dum
2902 2089 3071 2161 primi
3101 2089 3353 2144 hominis
3375 2090 3590 2160 plasma

1958 2184 2101 2236 Deus
2121 2183 2192 2237 ad
2219 2183 2535 2253 imaginem
2554 2182 2655 2238 Dei
2686 2183 2978 2238 communi
3014 2182 3359 2254 operationis
3382 2183 3585 2237 virtute

1957 2274 2153 2331 fecisse
2168 2277 2370 2344 fertur,
2389 2276 2675 2347 Scriptura
2690 2277 2906 2331 dicente
2922 2293 2971 2330 :«
2989 2277 3281 2331 Faciamus
3294 2277 3586 2331 hominem

1960 2368 2031 2423 ad
2060 2368 2370 2440 imaginem
2389 2373 2446 2424 et
2474 2369 2901 2425 similitudinem
2926 2375 3181 2425 nostram
3203 2371 3352 2433 (Gen.
3371 2370 3532 2440 1,26).
3558 2389 3583 2420 »

1957 2464 2096 2517 Item
2118 2462 2195 2516 ibi
2215 2480 2227 2517 :
2247 2464 2711 2518 «Descendamus
2732 2466 2789 2518 et
2804 2464 3221 2519 confundamus
3239 2463 3317 2517 ibi
3331 2463 3587 2534 linguam

1958 2573 2157 2611 eorum
2170 2558 2316 2615 (Gen.
2334 2573 2393 2625 ιι,
2409 2557 2513 2615 7).»
2533 2576 2559 2608 «
2574 2559 2640 2611 Et
2652 2556 3081 2628 pluitDominus
3095 2556 3583 2627 aDominoignem

1957 2650 2264 2721 etsulphur
2276 2667 2446 2720 super
2462 2650 2769 2706 Sodomam
2786 2650 2938 2715 (Gen.
2955 2667 3065 2721 XIX,
3084 2649 3231 2722 24).»
3250 2649 3388 2703 Etin
3404 2650 3588 2703 Evan-

1957 2743 2102 2814 gelio
2118 2745 2505 2798 :«Patermeus
2522 2761 2697 2815 usque
2716 2744 2887 2799 modo
2907 2746 3176 2815 operatur
3186 2749 3241 2798 et
3257 2760 3363 2815 ego
3379 2760 3587 2814 operor

1957 2837 2132 2908 (Joan.
2152 2854 2205 2906 v,
2232 2838 2336 2909 17).
2361 2857 2388 2889 »
2414 2838 2682 2894 Similiter
2709 2841 2766 2892 et
2787 2859 2814 2887 ‹‹
2836 2854 3010 2909 Opera
3029 2855 3154 2910 quae
3179 2854 3284 2907 ego
3305 2837 3449 2892 facio
3470 2854 3583 2891 non

1956 2935 2089 2986 sunt
2113 2948 2260 3000 mea,
2290 2932 2385 2986 sed
2419 2932 2541 3003 ejus
2566 2931 2665 3004 qui
2693 2931 2847 2986 misit
2872 2949 2965 2986 me
2997 2932 3177 2986 Patris
3202 2930 3522 3009 (lbid.,_36),
3554 2952 3581 2980 »

1958 3042 2086 3096 quae
2117 3026 2307 3080 omnia
2347 3042 2462 3079 non
2497 3025 2795 3080 discretam
2829 3026 3003 3080 Patris
3030 3031 3086 3081 et
3114 3025 3237 3080 Filii
3267 3024 3584 3097 potentiam

1954 3123 2296 3193 monstrant,
2313 3120 2411 3173 sed
2435 3137 2608 3175 unam
2631 3119 2940 3174 divinitatis
2967 3119 3353 3192 operationem
3366 3136 3586 3173 annun-

1954 3212 2117 3267 tiant.
2147 3214 2213 3267 Et
2236 3212 2285 3266 is
2315 3212 2410 3284 qui
2433 3217 2736 3284 paternum
2752 3230 2893 3284 opus
2919 3214 3266 3285 exsequitur,
3281 3230 3313 3266 a
3332 3212 3583 3284 paternis

1955 3307 2220 3377 operibus
2240 3307 2458 3360 alienus
2476 3323 2595 3360 esse
2616 3324 2731 3361 non
2755 3307 3022 3362 creditur.
3043 3308 3100 3362 Si
3121 3310 3313 3361 autem
3334 3323 3396 3360 ex
3412 3323 3581 3360 evan-

1958 3401 2103 3472 gelio
2136 3400 2337 3454 Filium
2364 3399 2465 3454 Dei
2498 3417 2871 3471 cognosceres
2894 3401 3244 3460 Altissimum
3284 3416 3579 3471 nuncupa-

1955 3499 2098 3562 tum,
2122 3510 2420 3564 nunquam
2444 3495 2580 3548 Filio
2610 3495 2893 3565 derogans
2918 3494 3024 3547 hoc
3050 3494 3118 3548 de
3144 3495 3259 3549 solo
3283 3496 3399 3548 Deo
3421 3496 3582 3549 Patre

1955 3588 2169 3642 dictum
2190 3604 2431 3658 poneres
2450 3588 2855 3655 testimonium,
2872 3604 3002 3642 cum
3016 3587 3288 3658 scriptum
3311 3588 3407 3642 sit:
3434 3589 3578 3653 «Tu,

1955 3698 2117 3752 puer,
2148 3680 2425 3752 propheta
2457 3680 2726 3735 Altissimi
2751 3680 3034 3735 vocaberis
3065 3681 3209 3751 (Luc.
3243 3697 3281 3749 ι,
3314 3680 3424 3751 76).
3460 3702 3487 3729 ››
3516 3682 3583 3734 Et

1956 3779 2018 3829 ut
2070 3773 2238 3828 Filius
2287 3790 2416 3828 cum
2462 3775 2626 3828 Patre
2679 3774 2981 3829 indiscrete
3031 3775 3093 3829 in
3146 3774 3432 3829 altissimis
3488 3775 3584 3827 ha-

1954 3868 2161 3922 bitasse
2219 3868 2503 3935 credatur,
2565 3867 2884 3923 Salomonis
2943 3868 3271 3923 testimonio
3321 3883 3580 3939 compro-

1954 3962 2119 4016 batur
2150 3979 2163 4016 :
2197 3983 2224 4011 ‹‹
2253 3963 2368 4032 Ego
2399 3962 2713 4032 (Sapientia
2748 3962 2954 4034 inquit)
2998 3962 3248 4017 habitavi
3274 3963 3332 4016 in
3372 3962 3578 4016 altissi-

1956 4055 2064 4109 mis
2095 4058 2151 4110 et
2177 4056 2417 4110 thronus
2442 4072 2604 4110 meus
2629 4056 2689 4109 in
2717 4055 2979 4110 columna
3006 4056 3174 4110 nubis
3205 4057 3408 4126 (Eccli.,
3430 4072 3579 4124 xxxv,

1956 4148 2028 4221 7).
2060 4169 2087 4200 »
2112 4151 2178 4203 Et
2198 4148 2258 4203 in
2279 4149 2500 4220 psalmo
2529 4150 2900 4220 nonagesimo
2922 4150 3202 4205 secundo:
3230 4172 3257 4199 (ί
3289 4152 3369 4205 Tu
3390 4154 3581 4205 autem

1954 4242 2348 4318 Altissimuses
2364 4243 2423 4297 in
2446 4248 2743 4311 aeternum,
2767 4244 3024 4311 Domine,
3048 4245 3316 4315 quoniam
3339 4244 3583 4300 ecceini-

1957 4335 2089 4390 mici
2108 4335 2191 4390 tui
2209 4335 2533 4407 peribunt.»
2556 4338 2696 4391 Nam
2711 4353 2841 4392 cum
2860 4337 3111 4392 diabolus
3125 4339 3394 4393 thronum
3413 4355 3580 4393 suum

1957 4432 2149 4483 contra
2193 4429 2471 4483 Creatoris
2518 4430 2603 4483 sui
2642 4431 2920 4485 thronum
2975 4432 3035 4485 in
3079 4432 3364 4486 altissimis
3412 4432 3579 4487 collo-

1955 4528 2127 4587 caret,
2157 4523 2334 4576 elatus
2378 4524 2667 4594 superbia,
2708 4525 2828 4578 haec
2870 4542 3039 4579 ausus
3080 4531 3165 4579 est
3206 4526 3450 4580 nefando
3485 4541 3581 4579 ore

1955 4617 2291 4687 depromere
2325 4632 2338 4669 :
2375 4637 2400 4664 ‹‹
2442 4619 2653 4671 Ponam
2692 4619 2885 4672 sedem
2914 4636 3103 4673 meam
3140 4619 3208 4673 ad
3241 4620 3580 4690 Aquilonem

1956 4710 2208 4781 (inquit);
2236 4710 2539 4765 ascendam
2572 4728 2743 4782 super
2782 4712 2961 4766 sidera
2991 4712 3135 4781 cceli,
3169 4713 3370 4766 sedebo
3411 4729 3581 4782 super

1952 4809 2179 4859 montes
2205 4804 2469 4871 excelsos,
2511 4807 2569 4857 et
2617 4821 2715 4859 ero
2748 4805 2942 4859 similis
2986 4806 3268 4859 Altissimo
3312 4806 3434 4876 (Isa.
3464 4823 3577 4873 xw,

1958 4900 2020 4952 13
2044 4903 2092 4952 et
2122 4898 2226 4968 14).
2256 4919 2281 4946 ››
2315 4900 2453 4953 Item
2475 4896 2533 4952 in
2561 4898 2861 4953 Salomone
2886 4916 2899 4953 ε
2933 4919 2957 4950 ‹‹
2982 4900 3058 4953 Ne
3087 4898 3310 4967 dixeris,
3332 4900 3579 4970 peccavi,

1957 4996 2013 5046 et
2060 4991 2197 5063 quid
2247 4993 2449 5047 accidit
2498 4992 2639 5046 mihi
2687 4992 2839 5047 triste
2867 5035 2880 5060 ,
2925 4992 3245 5047 Altissimus
3290 4993 3441 5048 enim
3492 5011 3584 5065 pa-

1954 5086 2102 5139 tiens
2131 5089 2214 5141 est
2238 5087 2591 5141 redditorum
2619 5088 2801 5158 (Eccli.
2836 5104 2888 5153 ν,
2919 5086 2994 5157 4).
3024 5108 3051 5137 ››
3082 5087 3140 5142 Si
3173 5088 3431 5143 auditum
3460 5106 3581 5143 cor-

1956 5179 2040 5233 dis
2060 5180 2143 5233 tui
2171 5179 2470 5250 Scripturis
2492 5197 2602 5234 non
2635 5180 2712 5233 vis
2732 5181 3168 5236 accommodare
3203 5182 3425 5250 divinis,
3454 5200 3583 5254 qum

218 5281 274 5331 et
284 5274 609 5330 adorabunt
623 5290 755 5328 eum
772 5290 971 5327 omnes
988 5289 1377 5344 reges,omnes
1397 5278 1594 5345 gentes
1611 5273 1857 5328 servient
1873 5276 1933 5347 D
1956 5272 2161 5327 Filium
2186 5274 2423 5327 doceant
2440 5273 2785 5328 Altissimum
2810 5278 3225 5346 nuncupatum,
3248 5277 3337 5331 vel
3358 5277 3584 5331 diabolo

216 5370 268 5423 ei
297 5368 464 5441 (Psal.
500 5384 642 5435 LXXI,
679 5370 743 5422 10
772 5372 823 5423 et
856 5368 960 5432 11).
988 5389 1014 5416 ››
1036 5368 1104 5421 Et
1130 5372 1190 5421 ut
1220 5369 1338 5421 haec
1369 5367 1563 5422 omnia
1593 5368 1854 5438 superius

216 5463 521 5533 designata
557 5460 780 5515 Christo
810 5460 950 5516 Filio
987 5460 1083 5516 Dei
1110 5461 1413 5515 doceamus
1446 5461 1617 5515 fuisse
1643 5461 1851 5528 oblata,

211 5556 270 5610 in
313 5555 613 5610 nativitate
661 5554 925 5626 ejusdem
955 5554 1055 5610 Dei
1103 5571 1231 5627 quas
1262 5555 1576 5610 secundum
1623 5570 1854 5610 carnem

212 5650 359 5705 facta
388 5652 476 5703 est
500 5649 808 5721 probamus
842 5648 1012 5704 fuisse
1044 5650 1327 5721 completa
1364 5649 1663 5720 Evangelio
1699 5665 1852 5703 com-

209 5743 497 5816 probante
520 5759 533 5797 :
559 5764 587 5793 ‹‹
609 5745 749 5799 Cum
767 5746 931 5797 natus
947 5747 1094 5798 esset
1110 5742 1333 5798 Jesusin
1346 5743 1681 5797 Betlilehem
1699 5742 1855 5797 ludas

213 5838 272 5892 in
305 5836 508 5891 diebus
539 5836 695 5909 regis
727 5836 987 5907 Herodis,
1032 5854 1160 5892 ecce
1200 5837 1358 5909 magi
1391 5838 1461 5891 ab
1498 5837 1723 5892 Oriente
1760 5852 1854 5891 ve-

211 5933 431 5986 nerunt
460 5931 930 6003 Hierosolymam,
962 5932 1213 5986 dicentes
1246 5952 1260 5986 :
1305 5931 1408 5987 l'bi
1449 5935 1533 5985 est
1564 5930 1660 6002 qui
1690 5934 1857 5984 natus

1956 5367 2121 5421 crede
2160 5367 2255 5437 qui
2305 5371 2502 5421 contra
2546 5366 2769 5437 Opiﬁcis
2794 5368 2879 5421 sui
2918 5368 3195 5424 thronum
3237 5371 3430 5426 sedem
3478 5371 3585 5426 sibi

1953 5459 2132 5515 voluit
2157 5459 2452 5514 collocare.
2481 5461 2551 5515 Ut
2582 5477 2715 5515 eum
2755 5463 3076 5532 agnoscatis
3112 5464 3315 5519 Filium
3361 5483 3395 5520 a
3419 5466 3581 5519 Patre

1961 5554 2041 5623 (ut
2069 5569 2168 5607 vos
2193 5553 2580 5624 suspieamini)
2606 5571 2725 5610 non
2760 5556 2929 5611 fuisse
2969 5558 3195 5629 penitus
3227 5559 3579 5627 derelictum,

1955 5647 2065 5701 hoc
2095 5647 2163 5701 de
2190 5662 2249 5701 se
2273 5646 2334 5701 in
2362 5647 2668 5719 Evangelia
2696 5650 2886 5721 posuit
2903 5652 3291 5707 testimonium
3318 5669 3332 5705 :
3362 5673 3388 5701 ‹‹
3416 5650 3584 5706 Pater

1956 5740 2054 5812 qui
2081 5756 2173 5794 me
2200 5739 2375 5811 misit,
2405 5756 2634 5797 mecum
2654 5749 2738 5799 est
2768 5747 2823 5799 et
2849 5760 2968 5800 non
3001 5746 3233 5817 reliquit
3257 5760 3348 5799 me
3374 5745 3577 5816 solum,

1957 5833 2092 5907 quia
2111 5849 2239 5905 qua:
2255 5833 2460 5906 placita
2475 5839 2609 5892 sunt
2620 5837 2669 5892 ei
2683 5837 2828 5893 facio
2842 5855 3067 5911 semper
3081 5839 3252 5909 (Joan.
3277 5854 3390 5905 vm,
3418 5839 3526 5901 29).
3550 5860 3577 5891 »

1957 5927 2117 5982 Unde
2142 5944 2246 5999 pro
2271 5929 2626 6003 surreptione
2669 5932 3021 6001 mandamus,
3048 5935 3113 5985 ut
3138 5931 3320 5985 omnis
3344 5948 3477 5987 cura
3498 5939 3577 5989 at-
