4058 6296
491 329 595 386 215

1392 333 1671 387 APPEND.
1715 334 1800 386 AD
1839 335 1997 387 S.‘EC.
2041 333 2127 386 IX.
2161 361 2226 369 -—
2267 332 2510 386 ISIDORI
2550 329 2972 386 MERCATORIS

3752 327 3861 384 216

497 456 606 511 que
635 439 952 495 sollicitudo
977 439 1251 511 invigilet,
1277 456 1380 495 nec
1398 441 1538 495 ﬁdes
1557 445 1872 496 temeretur
1896 445 1993 496 aut
2017 443 2125 496 vio-
2145 454 2203 525 Α
2224 441 2498 512 scriptum
2529 444 2648 493 est:
2682 458 2708 491 «
2741 439 3049 492 Narremus
3065 453 3130 492 ea
3146 435 3273 492 filiis
3299 437 3523 505 nostris,
3554 441 3618 492 ut
3642 455 3708 493 ea
3727 454 3859 494 me-

495 533 666 588 101111.
687 536 808 589 Jam
837 534 1024 588 nullus
1047 537 1131 588 est
1159 534 1496 604 ignorantia:
1517 535 1689 602 locus,
1719 535 1907 589 nullus
1932 539 2125 589 utatur

496 627 874 698 simplicitatis
919 627 1277 683 excusatione
1307 628 1609 698 praeterita.
1649 627 1860 683 Scienti
1890 645 2122 700 peccare

494 721 816 775 necessaria
857 725 940 776 est
986 721 1255 788 confusio,
1306 726 1362 775 et
1409 722 1560 792 quod
1612 738 1805 776 errore
1845 721 2123 776 contraxit

496 814 730 868 scientia
755 815 1116 869 reformetur.
1150 816 1277 882 Ista,
1312 815 1509 881 frater,
1538 820 1693 882 tene,
1726 820 1782 870 et
1806 815 1929 869 haec
1961 815 2118 870 doce.

498 909 722 963 Utinam
771 909 842 962 ad
893 907 1166 978 plenioris
1205 907 1404 962 affatus
1446 909 1765 963 satietatem
1807 908 2122 979 prmsentiae

493 1005 606 1055 tuae
627 1001 790 1056 nobis
821 1001 1022 1072 gaudia
1051 1001 1442 1071 contigissent,
1474 1005 1536 1056 ut
1568 1003 1988 1074 gratularemur
2018 1019 2122 1057 nos

493 1099 549 1149 et
577 1095 848 1166 colloquio
874 1097 928 1149 et
959 1094 1263 1165 praesentia
1301 1095 1385 1148 tui
1429 1095 1541 1149 frui
1577 1112 1749 1167 quam
1776 1112 1970 1150 sumus
1991 1101 2122 1150 ante

491 1187 691 1258 scripta
717 1188 1016 1259 complexi.
1041 1191 1453 1242 Verumtamen
1472 1189 1742 1259 probasti,
1759 1189 2120 1243 dilectissime

491 1282 680 1350 frater,
705 1299 818 1353 quo
844 1281 1212 1336 christianam
1233 1281 1404 1336 ﬁdem
1423 1283 1712 1337 veneraris
1730 1282 1953 1349 affectu,
1983 1283 2122 1336 dum

491 1391 555 1430 ea
581 1391 711 1446 qua:
738 1375 809 1429 ad
837 1376 1063 1446 regulas
1091 1377 1321 1429 Patrum
1345 1376 1652 1446 pertinent,
1685 1379 1741 1431 et
1760 1376 1832 1430 ad
1858 1376 2126 1430 mandata

492 1469 773 1523 catholica
803 1468 923 1523 sine
978 1468 1164 1540 aliqua
1196 1470 1375 1540 culpae
1413 1470 1856 1540 transgressione
1903 1486 2126 1525 servare

494 1567 567 1631 et,
602 1568 788 1636 spreta
815 1564 1079 1619 haeretica
1107 1569 1163 1619 et
1203 1565 1403 1620 nociva
1444 1565 1723 1634 doctrina,
1763 1565 2040 1621 catholica
2069 1569 2127 1619 et

491 1657 804 1728 apostolica
841 1661 1035 1712 tenere
1076 1661 1380 1729 praecepta,
1422 1663 1478 1714 et
1522 1661 1688 1714 rectae
1730 1659 1864 1715 fidei
1901 1659 2125 1730 regulas

495 1750 697 1805 docere
728 1755 914 1822 atquae
942 1767 1186 1805 servare.
1212 1753 1359 1819 Haec,
1382 1751 1560 1806 frater
1580 1752 1926 1821 charissime,
1951 1757 2007 1807 et
2018 1751 2128 1806 alia

495 1860 623 1914 quae
644 1845 876 1898 Patrum
906 1845 1118 1916 regulis
1140 1845 1509 1900 continentur
1525 1846 1584 1900 in
1607 1845 1771 1900 labiis
1791 1851 1846 1901 et
1862 1845 2127 1900 cordibus

494 1935 698 1990 nostris
738 1936 972 1992 indivisa
1023 1938 1420 1994 retractatione
1468 1939 1836 2006 meditemur,
1881 1943 1936 1994 et
1981 1938 2128 1992 sicut

2225 533 2478 588 ditentur
2508 533 2567 586 in
2589 531 2854 586 cordibus
2880 531 3012 598 suis,
3044 531 3303 586 sedentes
3329 531 3385 585 in
3422 531 3613 598 domo,
3649 532 3860 586 ambu-

2222 628 2400 681 lantes
2424 626 2483 680 in
2509 625 2730 694 itinere,
2763 624 3109 679 dormientes
3139 627 3310 696 atque
3339 629 3637 696 surgentes
3675 625 3859 694 (Deut.

2223 737 2292 788 vI,
2324 725 2395 787 7),
2418 739 2445 771 »
2465 719 2600 790 quia
2625 739 2652 767 ί(
2668 718 2868 773 beatus
2890 718 2950 773 in
2971 717 3230 788 Domino,
3250 718 3349 789 qui
3369 718 3428 772 in
3448 719 3577 790 lege
3600 718 3724 789 ejus
3740 735 3864 772 me-

2223 812 2494 868 ditabitur
2523 811 2614 865 die
2643 828 2706 865 ac
2735 814 2901 866 nocte
2934 811 3098 882 (Psal.
3126 828 3164 878 I,
3193 811 3266 883 2).
3301 830 3327 862 »
3372 813 3482 865 Hoc
3513 816 3570 866 et
3594 811 3863 882 Magister

2223 905 2481 978 gentium
2495 911 2720 959 secutus
2734 905 3072 976 discipulum
3085 921 3250 958 suum
3264 904 3543 960 instruens
3555 905 3826 959 admonet
3842 922 3857 959 :

2226 1020 2253 1052 «
2281 1001 2406 1054 Haec
2432 998 2730 1065 meditare,
2759 999 2819 1052 in
2839 999 2927 1052 his
2951 1002 3035 1052 est
3051 998 3100 1069 (Ι
3129 1001 3264 1053 Tim.
3301 1015 3374 1066 1v,
3405 999 3509 1069 15,)
3536 1019 3562 1048 ››
3597 998 3862 1069 subjicies

2222 1092 2897 1165 plenitudinem,attende
2917 1092 3188 1146 doctrinas
3203 1091 3609 1162 tibi,quoniam
3627 1093 3672 1146 si
3685 1092 3862 1147 ﬁdeli-

2223 1189 2328 1242 bus
2343 1187 2464 1241 sine
2487 1186 2914 1240 intermissione
2928 1185 3310 1240 incumbimus
3325 1186 3613 1255 institutis,
3639 1202 3863 1256 separa-

2223 1297 2354 1335 mur
2374 1298 2407 1334 a
2430 1279 2592 1349 vitiis,
2614 1280 2750 1333 dum
2767 1279 3024 1350 impensa
3041 1296 3173 1333 cura
3190 1279 3380 1334 divino
3400 1280 3576 1350 operi,
3598 1279 3860 1334 humano

2224 1375 2410 1428 locum
2441 1391 2557 1428 non
2584 1372 2858 1443 relinquit
2879 1373 3080 1428 errori.
3110 1374 3265 1437 Quod
3288 1373 3333 1426 si
3354 1389 3421 1427 ea
3442 1389 3571 1444 quae
3586 1373 3862 1444 praedicta

2225 1471 2358 1522 sunt
2382 1467 2580 1521 validis
2606 1470 2914 1521 teneantur
2939 1465 3049 1521 ﬁxa
3075 1467 3380 1535 radicibus,
3412 1483 3515 1521 nec
3556 1484 3590 1520 a
3617 1471 3864 1537 paterna

2227 1561 2522 1616 traditione
2549 1560 2852 1628 receditur,
2885 1563 2943 1614 et
2967 1563 3289 1615 constanter
3321 1559 3728 1632 quaastionibus
3755 1560 3858 1614 ob-

2225 1655 2410 1711 viatur
2432 1672 2496 1710 ac
2527 1670 2835 1726 pravorum
2875 1653 3117 1710 intentio
3147 1658 3416 1722 cessatur,
3454 1653 3858 1725 bonorumque

2225 1749 2367 1804 ﬁdes
2399 1753 2456 1803 et
2495 1747 2813 1802 constantia
2855 1748 3178 1802 roboratur.
3223 1749 3362 1802 Data
3404 1764 3499 1803 VIII
3541 1747 3672 1801 Idus
3719 1747 3859 1818 Sep-

2228 1842 2428 1910 temb.,
2453 1841 2796 1897 Diocletiano
2829 1845 2885 1897 et
2907 1841 3279 1897 Constantino
3305 1843 3363 1896 C.
3398 1857 3476 1897 cc.
3507 1841 3858 1897 consulibus.

1359 2163 1568 2230 ΙΤΕΜ
1633 2162 2058 2231 EPISTOLA
2120 2161 2652 2230 MARCELLINI
2717 2160 3000 2228 PAP/E.

552 2303 943 2360 Dilectissimis
955 2306 1223 2361 fratribus
1240 2307 1511 2362 universis
1524 2307 1932 2378 episcopis,per
1943 2307 2123 2362 orien-
2142 2322 2198 2392 B
2221 2307 2371 2361 ferre
2401 2307 2580 2362 ullum
2602 2309 2860 2378 possunt.
2883 2304 3043 2370 Quod
3071 2303 3115 2358 si
3142 2307 3558 2376 praesumptum
3572 2302 3743 2358 fuisse
3773 2320 3862 2358 co-

492 2398 634 2452 tales
653 2398 969 2468 provincias
988 2401 1328 2468 constitutis,
1355 2402 1734 2458 MARCELLINUS
1752 2400 2070 2473 episcopus.

561 2491 705 2555 Quid
731 2497 846 2546 tam
881 2493 1044 2547 dulce
1071 2494 1311 2550 sollicito
1357 2511 1532 2566 quam
1566 2496 1718 2566 quod
1758 2495 1899 2549 mihi
1925 2495 1992 2550 de
2021 2512 2104 2550 vo~

489 2583 574 2638 bis
594 2585 953 2640 innotescunt
987 2585 1080 2641 illa
1107 2605 1235 2658 qua}
1267 2589 1472 2660 cupio?
1516 2589 1657 2652 Quid
1691 2594 1809 2643 tam
1842 2589 2123 2660 religiosis

493 2679 831 2733 conveniens
873 2679 1145 2736 institutis
1187 2699 1360 2753 quam
1408 2684 1470 2736 ut
1521 2682 1669 2736 inter
1706 2699 1764 2737 se
1803 2683 2123 2738 sacerdotes

493 2787 694 2841 pacem
719 2773 909 2843 (quam
931 2789 1155 2828 necesse
1181 2778 1266 2828 est
1285 2775 1406 2829 aliis
1433 2791 1534 2846 pro
1558 2775 1744 2829 ofﬁcio
1761 2777 2120 2846 annuntiare)

496 2866 866 2919 conservent?
904 2866 1074 2920 Plena
1091 2867 1292 2936 fateor,
1323 2868 1699 2939 gratulatione
1721 2869 1938 2940 suscepi
1971 2870 2124 2940 quod

495 2958 684 3012 votiva
714 2958 853 3012 mihi
881 2960 948 3013 de
979 2961 1258 3014 charitate
1289 2979 1417 3032 quae
1445 2962 1593 3016 inter
1617 2979 1716 3016 vos
1746 2965 1831 3016 est
1855 2962 2120 3016 Ecclesia-

496 3068 625 3105 rum
656 3068 855 3122 pacem
892 3052 949 3107 in
986 3053 1186 3108 litteris
1212 3054 1522 3122 indicastis,
1565 3059 1764 3127 sponte
1793 3055 1936 3110 mihi
1960 3055 2122 3128 quid-

497 3145 634 3215 quid
651 3145 866 3200 hortari
885 3149 1166 3218 poteram,
1188 3148 1466 3220 quidquid
1487 3165 1724 3203 monere
1745 3149 1997 3204 delatum
2018 3153 2120 3219 est,

501 3260 527 3288 ‹‹
562 3239 863 3294 confirmet
890 3241 1000 3295 hoc
1039 3240 1203 3310 Deus,
1242 3242 1397 3313 quod
1442 3247 1524 3297 est
1564 3245 1829 3313 operatus
1863 3243 1921 3296 in
1963 3243 2125 3298 nobis

496 3331 660 3399 (Psal.
694 3350 861 3404 van,
893 3337 1001 3405 29),
1031 3356 1058 3384 »
1094 3340 1150 3389 et
1182 3351 1309 3406 qua:
1351 3336 1621 3407 praecepit
1657 3353 1761 3407 pro
1803 3336 2122 3391 animarum

494 3427 673 3481 salute
700 3427 980 3498 facienda,
1010 3429 1131 3482 haec
1161 3429 1300 3500 ipse,
1336 3429 1432 3500 qui
1461 3430 1754 3502 praecepit,
1793 3447 1896 3501 pro
1922 3448 1990 3485 ea
2015 3448 2126 3502 qua

493 3537 593 3574 nos
620 3521 863 3576 redemit
887 3523 1117 3593 pietate,
1147 3521 1331 3578 faciat.
1364 3525 1429 3577 Et
1458 3524 1546 3577 his
1577 3529 1695 3578 tam
1721 3524 1886 3579 bonis
1912 3525 2126 3579 nuntiis

490 3631 594 3669 nos
619 3633 843 3687 quoque
880 3616 1204 3687 religiosam
1235 3621 1566 3672 sanctorum
1609 3618 1789 3672 vicem
1832 3619 2124 3674 reddimus

2223 2401 2528 2472 gnoscitur,
2558 2399 2770 2454 viribus
2799 2415 2988 2454 carere
3019 2415 3133 2453 non
3161 2397 3396 2452 dubium
3429 2401 3532 2465 est,
3556 2413 3660 2451 nec
3693 2414 3860 2468 posse

2222 2494 2371 2548 inter
2400 2493 2772 2548 ecclesiastica
2791 2493 2905 2547 ullo
2928 2493 3095 2546 modo
3116 2495 3324 2545 statuta
3344 2490 3592 2556 censeri;
3621 2491 3861 2546 clericus

2221 2605 2354 2642 vero
2373 2587 2676 2657 cujuslibet
2694 2586 2908 2641 ordinis
2933 2586 3146 2656 absque
3166 2584 3445 2656 pontificis
3467 2584 3554 2638 sui
3579 2584 3860 2655 permissu

2226 2681 2574 2754 50nullum
2587 2683 2895 2752 praesumat
2909 2679 3250 2734 adsaeculare
3257 2677 3538 2749 judicium
3550 2677 3835 2732 attrahere
3845 2721 3858 2744 ,

2225 2792 2327 2828 nec
2357 2776 2494 2829 laico
2523 2773 2837 2845 quemlibet
2857 2773 3124 2827 clericum
3152 2772 3319 2827 liceat
3349 2787 3631 2840 accusare,
3663 2771 3857 2827 detra-

2224 2869 2437 2923 ctiones
2473 2872 2666 2923 tamen
2706 2873 2762 2923 et
2806 2867 3188 2922 accusationes
3225 2869 3393 2937 atque
3440 2865 3863 2937 persecutiones

2225 2962 2373 3017 inter
2420 2962 2761 3018 Christianos
2799 2961 3006 3032 oppido
3054 2944 3300 3014 vitandae
3334 2965 3499 3027 sunt;
3537 2959 3669 3031 quia
3726 2959 3862 3014 licet

2222 3057 2386 3127 pauci
2440 3056 2615 3110 simus
2665 3056 2722 3109 in
2779 3055 3207 3126 comparatione
3252 3053 3511 3120 aliorum,
3569 3053 3617 3106 si
3666 3057 3860 3107 tamen

2226 3149 2522 3204 unanimes
2560 3150 2836 3203 fuerimus
2878 3148 3099 3202 facilius
3133 3146 3462 3202 adversariis
3507 3148 3856 3202 resistemus.

2225 3244 2464 3299 Sanctus
2503 3243 2658 3298 enim
2702 3246 3092 3315 protomartyr
3129 3242 3450 3312 Stephanus
3480 3241 3857 3312 lapidabatur,

2225 3339 2325 3392 sed
2350 3339 2507 3392 Iesus
2535 3337 2875 3409 suscipiebat
2908 3337 3124 3408 plagas,
3169 3335 3295 3390 ideo
3339 3335 3640 3406 unicuique
3678 3335 3861 3406 provi-

2225 3431 2472 3486 dendum
2505 3435 2607 3499 est,
2642 3447 2713 3485 ne
2740 3431 2986 3501 aliquem
3026 3429 3231 3500 injuste
3263 3429 3480 3499 judicet
3505 3434 3602 3483 aut
3637 3429 3853 3499 puniat,

2223 3541 2296 3580 ne
2321 3527 2507 3580 Jesum
2531 3524 2750 3596 judicet
2783 3528 2883 3578 aut
2926 3522 3146 3594 puniat.
3182 3525 3244 3577 Et
3275 3522 3552 3576 Dominus
3589 3523 3648 3576 in
3676 3524 3856 3576 Evan-

2228 3618 2374 3689 gelio
2394 3619 2472 3672 ait
2494 3636 2506 3672 :
2535 3641 2560 3667 ‹‹
2583 3618 2763 3673 Nolite
2779 3617 3052 3688 judicare,
3071 3621 3137 3670 111
3157 3634 3266 3670 non
3281 3615 3638 3686 judicemini,
3664 3617 3722 3669 in
3744 3633 3858 3686 quo

491 3710 845 3764 nuntiorum.
876 3710 1164 3780 Quidquid
1193 3728 1322 3764 cum
1355 3710 1733 3765 Orientalibus
1759 3712 1912 3782 quod
1938 3713 2010 3767 ad
2030 3715 2126 3767 Ec-
2146 3691 2200 3766 C
2226 3713 2380 3767 enim
2403 3712 2621 3783 ju'dicio
2641 3711 3052 3782 judicaveritis,
3079 3709 3476 3781 judicabimini
3510 3709 3722 3780 (Matth.
3759 3725 3858 3779 v11,

489 3801 669 3855 clesize
713 3818 919 3873 corpus
971 3802 1368 3874 unitatemque
1413 3807 1703 3858 revocatos
1743 3805 1972 3859 dudum.
2024 3807 2122 3861 Dei

491 3895 671 3948 nostri
709 3911 814 3967 ope
857 3895 1061 3950 litteris
1101 3896 1542 3967 signiﬁcavimus
1579 3897 1888 3966 destinatis,
1935 3899 2121 3955 denuo

491 4004 620 4041 cum
650 3993 913 4058 apertum
935 3988 1112 4042 fuerit
1133 3989 1389 4060 repetitis
1410 3989 1698 4044 vobiscum
1721 3992 2122 4064 participamus

489 4079 731 4136 indiciis.
753 4082 875 4136 Mox
903 4098 1005 4152 pro
1040 4086 1234 4137 nostro
1257 4083 1439 4138 edicto
1462 4084 1531 4138 ab
1553 4084 1930 4141 Orientalibus
1957 4087 2123 4141 missa

487 4174 696 4245 legatio
736 4178 838 4243 est,
889 4180 1042 4230 certa
1081 4177 1345 4248 speravit,
1388 4183 1541 4232 certa
1579 4179 1881 4247 consuluit,
1921 4181 2017 4234 sed
2043 4181 2122 4235 fa-

488 4268 670 4322 cimus
689 4268 759 4322 de
780 4269 870 4323 his
898 4287 1022 4341 quae
1050 4270 1283 4326 fuerunt
1305 4271 1542 4327 dicenda
1563 4273 1919 4344 compendia.
1942 4274 2120 4344 Ipsius

484 4361 674 4432 potius
692 4362 762 4417 ad
785 4363 1182 4420 instruendam
1205 4365 1470 4432 notitiam
1496 4371 1739 4421 vestram
1761 4384 1887 4439 quae
1909 4385 1942 4422 a
1959 4369 2119 4422 nobis

485 4460 618 4510 sunt
657 4472 928 4528 responsa
976 4457 1308 4530 dirigentes,
1350 4475 1421 4514 ne
1461 4459 1613 4531 quod
1654 4459 1757 4515 sibi
1791 4461 1892 4532 sub
1934 4461 2117 4532 spatio

483 4549 786 4619 prolixiora
828 4554 1112 4606 terrarum
1154 4555 1254 4607 aut
1289 4553 1481 4624 opinio
1516 4553 1781 4624 vindicet,
1808 4549 1926 4624 \aut
1961 4571 2120 4610 error

483 4647 750 4712 assumat,
782 4662 910 4700 cum
941 4646 1012 4700 ad
1038 4663 1235 4701 rerum
1261 4646 1430 4702 ﬁdem
1456 4647 1638 4718 ipsam
1663 4639 1849 4702 teneri
1875 4648 2119 4704 sufﬁciat

484 4737 801 4794 veritatem.
834 4739 977 4804 Quid
1005 4743 1220 4809 autem,
1258 4741 1327 4795 ad
1355 4741 1764 4796 continentiam
1791 4746 2116 4798 nostrarum

482 4832 728 4901 pertinet
747 4832 1089 4903 litterarum,
1122 4833 1372 4905 oportuit
1412 4835 1649 4904 quidem
1685 4835 1965 4890 desideria
1994 4838 2112 4908 ple-

485 4924 611 4978 nius
638 4926 928 4995 expedire.
951 4927 1308 4999 Quapropter
1323 4927 1519 4982 scitote
1543 4945 1640 4983 vos
1665 4946 1697 4982 a
1721 4931 2115 5000 persecutione

484 5019 724 5072 fratrum
759 5021 814 5072 et
845 5020 914 5073 ab
939 5022 1096 5075 omni
1116 5021 1301 5093 litigio
1326 5021 1610 5077 abstinere
1641 5022 1868 5090 debere,
1889 5023 2113 5079 dicente

483 5111 802 5182 Scriptura:
825 5135 852 5162 υ
873 5113 1109 5170 Servum
1131 5115 1230 5170 Dei
1251 5120 1616 5188 nonoportet
1637 5116 1859 5188 litigare
1888 5117 1956 5186 (Π
1979 5120 2113 5172 Tim.

484 5222 543 5273 n,
573 5206 681 5274 21-),
722 5225 748 5257 »
781 5223 884 5261 nec
913 5209 1220 5280 quidquam
1249 5227 1474 5280 nocere,
1503 5210 1602 5265 sed
1629 5227 1824 5264 omnes
1853 5227 2114 5282 persecu-

483 5301 633 5354 tores
660 5301 919 5355 Ecclesiae
947 5319 1352 5376 servorumque
1383 5305 1505 5374 ejus
1527 5305 1726 5359 vestris
1755 5304 2112 5376 redargutio-

479 5391 645 5447 nibus
674 5395 979 5467 corrigere,
1025 5401 1269 5452 testante
1307 5399 1571 5467 Apostolo
1605 5415 1616 5452 :
1649 5418 1676 5448 «
1713 5415 1910 5470 argue,
1952 5398 2111 5454 obse-

478 5502 590 5553 cra,
619 5486 850 5559 increpa
880 5489 951 5559 (ΙΙ
980 5492 1113 5546 Tim.
1149 5507 1221 5557 Iv,
1252 5493 1321 5550 2).
1359 5510 1386 5539 »
1419 5490 1782 5563 Quaecunque
1811 5507 1948 5562 ergo
1975 5508 2109 5547 con-

479 5583 764 5636 tentiones
786 5581 938 5637 inter
957 5583 1310 5639 Christianos
1331 5587 1469 5637 ortae
1489 5583 1703 5638 fuerint
1717 5585 1787 5640 ad
1805 5585 2112 5641 Ecclesiam

480 5673 816 5730 deferantur
836 5682 892 5731 et
911 5677 982 5731 ab
999 5675 1396 5730 Ecclesiasticis
1412 5676 1544 5731 viris
1568 5678 1970 5736 terminentur.
1993 5683 2106 5737 Ma-

471 5767 563 5836 jor
585 5773 776 5824 autem
799 5786 916 5824 non
943 5771 1131 5840 potest
1150 5786 1181 5823 a
1196 5769 1417 5825 minore
1437 5769 1703 5842 judicari,
1727 5790 1832 5828 nec
1861 5774 2112 5846 episcopi

476 5861 734 5930 pontiﬁci
750 5879 781 5916 a
795 5879 907 5934 quo
928 5862 1241 5918 consecrari
1263 5864 1596 5935 probantur,
1614 5867 1749 5938 praej
1759 5867 2006 5923 udicium
2029 5868 2110 5923 in-

2136 5066 2195 5138 D

2229 3810 2246 3859 l
2283 3811 2332 3860 et
2363 3809 2434 3875 2).
2471 3827 2497 3855 ››
2529 3805 2685 3860 Unde
2719 3811 2774 3859 et
2804 3807 3011 3859 Doctor
3049 3803 3306 3875 gentium
3339 3803 3590 3874 loquitur
3615 3803 3805 3857 dicens
3837 3821 3849 3856 :

2228 3921 2255 3950 ‹‹
2283 3902 2394 3954 Hoc
2425 3899 2598 3971 igitur
2624 3899 2750 3954 dico
2776 3903 2831 3954 et
2858 3898 3124 3954 testificor
3145 3897 3204 3951 in
3231 3898 3496 3963 Domino,
3513 3901 3577 3950 ut
3595 3897 3719 3967 jam
3742 3914 3859 3951 non

2225 3998 2545 4067 ambuletis,
2579 3997 2721 4052 sicut
2754 4000 2950 4068 gentes
2975 3995 3288 4062 ambulant,
3313 3994 3371 4048 in
3394 3995 3639 4049 vanitate
3660 4011 3860 4049 sensus

2222 4092 2306 4146 sui
2336 4089 2583 4148 tenebris
2609 4091 2970 4146 obscuratum
2998 4090 3273 4154 habentes
3308 4088 3687 4156 intellectum,
3725 4089 3863 4142 alie-

2223 4187 2340 4240 nati
2391 4202 2425 4241 a
2468 4185 2580 4239 vita
2626 4184 2725 4239 Dei
2773 4201 2877 4255 per
2921 4181 3303 4254 ignorantiam
3350 4198 3476 4253 quas
3525 4184 3610 4235 est
3650 4181 3709 4236 in
3751 4181 3860 4236 illis

2221 4283 2456 4350 propter
2485 4277 2796 4333 caecitatem
2824 4278 3007 4332 cordis
3050 4276 3323 4347 ipsorum.
3357 4275 3463 4339 Qui
3490 4274 3859 4346 desperantes

2221 4372 2554 4443 semetipsos
2584 4369 2943 4425 tradiderunt
2966 4368 3339 4440 impudicitiae
3370 4368 3430 4422 in
3463 4368 3857 4438 operationem

2219 4463 2605 4519 immunditiaa
2665 4463 2960 4535 omnisque
3002 4462 3271 4517 avaritiae.
3329 4463 3436 4515 Vos
3491 4464 3684 4515 autem
3736 4478 3890 4531 non“

2218 4558 2297 4612 ita
2327 4557 2600 4612 didicistis
2649 4557 2954 4626 Christum,
2990 4556 3036 4609 si
3074 4559 3266 4610 tamen
3309 4553 3470 4608 illum
3515 4553 3772 4622 audistis,
3803 4559 3861 4609 et

2218 4652 2276 4706 in
2298 4652 2418 4722 ipso
2439 4651 2623 4706 edocti
2645 4651 2796 4719 estis,
2827 4650 2970 4704 sicut
2993 4653 3076 4705 est
3103 4649 3309 4703 veritas
3331 4649 3391 4702 in
3409 4649 3543 4703 Jesu
3565 4648 3856 4719 deponere

2219 4762 2312 4800 vos
2353 4745 2668 4799 secundum
2717 4743 3018 4815 pristinam
3069 4742 3552 4797 conversationem
3601 4744 3856 4796 veterem

2217 4839 2510 4894 hominem
2540 4838 2636 4910 qui
2662 4837 3050 4909 corrumpitur
3077 4836 3391 4891 secundum
3410 4834 3689 4890 desideria
3707 4852 3860 4890 erro-

2218 4933 2316 4988 ris.
2347 4931 2720 4988 Renovamini
2749 4935 2941 4986 autem
2973 4929 3174 5001 spiritu
3203 4929 3410 4984 mentis
3446 4932 3646 4982 vestrae
3677 4931 3736 4982 et
3765 4929 3854 4984 in-

2220 5026 2374 5080 duite
2409 5042 2620 5080 novum
2647 5025 2944 5079 hominem
2964 5023 3061 5094 qui
3089 5023 3402 5077 secundum
3435 5023 3614 5076 Deum
3636 5028 3858 5077 creatus

2221 5123 2326 5188 est,
2359 5119 2417 5173 in
2441 5119 2659 5190 justitia
2691 5121 2748 5172 et
2773 5117 3069 5172 sanctitate
3115 5116 3382 5171 veritatis.
3382 5099 3665 5264 Θ11³1011101
3705 5117 3858 5186 quod

2221 5213 2570 5264 denonentes
2596 5211 2958 5264 mendacium
3001 5209 3305 5264 loauimini
3344 5226 3376 5262 v
3446 5209 3640 5264 itatem
3687 5226 3856 5264 unus-

2219 5213 2570 5284 deponentes
2596 5211 2958 5266 mendacium
3001 5209 3305 5281 loquimini
3344 5209 3640 5264 ve‘ritatem
3687 5226 3856 5264 unus-

2217 5307 2456 5379 quisque
2485 5323 2614 5361 cum
2649 5304 2902 5377 proximo
2928 5320 3052 5371 suo,
3083 5304 3356 5374 quoniam
3380 5319 3576 5356 sumus
3604 5302 3849 5358 invicem

2218 5401 2498 5456 membra.
2529 5399 2840 5454 lrascimini
2862 5404 2918 5454 et
2943 5398 3117 5452 nolite
3137 5413 3393 5468 peccare.
3425 5397 3512 5451 Sol
3549 5413 3660 5450 non
3699 5397 3852 5451 occi-

2215 5495 2312 5549 dat
2351 5509 2522 5564 super
2558 5492 2910 5548 iracundiam
2949 5496 3224 5558 vestram;
3271 5490 3445 5545 nolite
3488 5491 3675 5544 locum
3715 5490 3855 5544 dare

2216 5587 2461 5655 diabolo,
2484 5586 2579 5657 qui
2600 5586 2894 5641 furabatur
2907 5586 3025 5657 jam
3047 5602 3161 5639 non
3189 5584 3429 5652 furetur,
3450 5581 3631 5654 magis
3657 5585 3855 5638 autem

2212 5680 2435 5736 laboret
2463 5680 2752 5752 operando
2783 5679 3042 5734 manibus
3073 5678 3187 5733 suis
3215 5678 3367 5749 quod
3406 5677 3622 5732 bonum
3650 5681 3753 5745 est,
3786 5679 3857 5731 ut

2212 5774 2424 5829 habeat
2467 5773 2617 5829 unde
2671 5774 2881 5829 tribuat
2923 5771 3311 5828 necessitatem
3349 5769 3608 5843 patienti.
3652 5770 3855 5825 Omnis

2213 5885 2400 5924 sermo
2423 5868 2604 5924 malus
2624 5885 2693 5924 ex
2717 5885 2817 5924 ore
2840 5872 3024 5924 vestro
3043 5883 3159 5923 non
3188 5865 3476 5937 procedat.
3497 5863 3625 5932 Sed,
3652 5862 3696 5918 si
3720 5864 3856 5935 quis
