4058 6322
217 355 322 408 217

1460 345 1934 406 DECRETALIUM
1974 347 2357 403 COLLECTIO.

3479 353 3583 409 218

211 461 400 516 bonus
440 463 525 514 est
561 459 633 514 ad
678 459 1112 516 aediﬁcationem
1154 458 1614 531 opportunitatis,
1651 459 1718 511 ut
1755 455 1852 509 det
1871 454 2092 538 Amini
2137 454 2350 524 Spiritu
2384 455 2677 526 loquentes
2713 454 3128 528 vobismetipsis
3157 456 3216 511 in
3253 457 3485 528 psalmis
3525 464 3583 514 et

211 555 462 624 gratiam
491 554 869 608 audientibus.
902 555 970 608 Et
1004 553 1180 608 nolite
1218 552 1548 607 contristare
1578 551 1848 621 Spiritum

208 650 475 718 sanqtum
495 648 614 714 Dei,
637 649 696 702 in
721 664 834 718 quo
862 646 1063 717 signati
1087 646 1218 702 estis
1238 646 1297 699 in
1327 645 1476 700 diem
1503 643 1850 714 redemptio-

208 741 319 795 nis.
341 737 547 809 Dmnis
586 741 928 808 amaritudo,
960 744 1016 794 et
1052 740 1158 807 ira,
1198 745 1254 793 et
1282 738 1622 809 indignatio,
1657 739 1716 790 et
1744 737 1849 790 cla-

209 830 363 902 mor',
394 838 452 888 et
475 833 834 905 blasphemia
853 834 1080 888 tollatur
1107 850 1140 888 a
1167 832 1326 887 vobis
1353 849 1482 887 cum
1509 831 1668 886 omni
1693 830 1846 884 mali-

208 928 308 982 tia.
351 929 539 982 Estote
572 932 762 983 autem
791 928 1032 982 invicem
1064 926 1320 998 benigni,
1361 929 1418 980 et
1451 924 1847 980 misericordes

210 1021 496 1076 donantes
528 1022 788 1089 invicem,
823 1021 967 1076 sicut
996 1025 1053 1075 et
1081 1021 1227 1074 Deus
1266 1020 1325 1073 in
1361 1019 1582 1076 Christo
1621 1017 1848 1073 donavit

208 1115 392 1170 vobis.
434 1117 626 1169 Estote
672 1131 809 1186 ergo
846 1115 1160 1169 imitatores
1195 1114 1300 1168 Dei
1330 1113 1476 1168 sicut
1503 1111 1602 1166 ﬁlii
1639 1110 1848 1166 charis-

209 1208 360 1278 simi,
393 1211 454 1262 et
482 1208 774 1263 ambulate
802 1207 862 1262 in
890 1207 1193 1262 dilectione
1219 1206 1366 1261 sicut
1391 1209 1449 1260 et
1478 1205 1732 1261 Christus
1758 1204 1841 1259 di-

206 1301 347 1356 lexit
373 1318 499 1369 nos,
529 1305 588 1355 et
617 1301 851 1356 tradidit
876 1301 1242 1372 semetipsum
1275 1316 1376 1370 pro
1402 1299 1566 1354 nobis
1603 1298 1842 1353 oblatio-

207 1411 346 1449 nem
369 1398 427 1448 et
451 1395 702 1450 hostiam
721 1395 831 1449 Deo
858 1395 917 1449 in
945 1393 1182 1448 odorem
1203 1392 1511 1448 suavitatis.
1533 1391 1845 1446 Fornicatio

208 1490 408 1542 autem
443 1492 500 1542 et
531 1488 718 1543 omnis
753 1487 1138 1554 immunditia,
1171 1491 1268 1541 aut
1295 1486 1526 1541 avaritia
1555 1502 1658 1540 nec
1689 1490 1846 1540 note-

210 1585 306 1636 tur
360 1581 420 1636 in
463 1581 648 1651 vobis,
696 1581 838 1636 sicut
886 1580 1050 1634 decet
1093 1584 1340 1650 sanctos,
1386 1584 1485 1634 aut
1529 1580 1850 1651 turpitudo,

212 1678 315 1729 aut
349 1675 788 1746 stultiloquium,
818 1678 916 1729 aut
956 1674 1266 1728 scurrilitas
1305 1690 1432 1745 quae
1468 1673 1536 1728 ad
1577 1690 1696 1728 rem
1731 1690 1845 1727 non

1949 547 2178 619 hymnis
2201 553 2258 603 et
2275 548 2504 604 canticis
2525 549 2930 620 spiritualibus,
2955 555 3248 606 cantantes
3269 554 3326 605 et
3344 553 3580 622 psallen-

1949 644 2032 694 tes
2082 641 2141 694 in
2194 641 2458 697 cordibus
2507 643 2734 710 vestris,
2790 644 3031 698 Domino
3085 645 3291 716 gratias
3343 649 3580 717 agentes

1948 750 2178 804 semper
2203 751 2306 806 pro
2334 736 2599 791 omnibus
2624 737 2685 791 in
2717 738 2953 792 nomine
2985 738 3208 792 Domini
3241 739 3424 793 nostri
3447 741 3580 794 Jesu

1947 827 2172 895 Christi,
2224 829 2342 883 Deo
2386 833 2442 883 et
2482 830 2638 884 Patri
2685 831 2920 902 subjecti
2969 832 3216 886 invicem
3268 831 3329 886 in
3370 833 3579 887 timore

1946 921 2151 975 Christi
2191 923 2345 991 (Eph.
2381 939 2455 992 1v,
2489 926 2675 991 l7-32,
2698 942 2749 992 v,
2778 925 2940 996 1-21).
2971 947 2998 975 ››
3030 926 3211 980 Omne
3239 925 3394 980 enim
3425 926 3579 997 quod

1944 1013 2442 1084 irreprehensibile
2492 1021 2607 1084 est,
2667 1017 2941 1072 catholica
2990 1019 3251 1073 defendit
3315 1019 3577 1074 Ecclesia.

1945 1108 2067 1162 Non
2097 1109 2226 1163 licet
2251 1125 2388 1181 ergo
2415 1110 2754 1180 imperatori
2781 1112 2868 1165 vel
2891 1112 3159 1184 cuiquam
3186 1112 3465 1184 pietatem
3489 1129 3580 1168 cu-

1945 1202 2215 1257 stodienti
2234 1203 2452 1274 aliquid
2479 1207 2677 1258 contra
2696 1205 2968 1260 mandata
2991 1205 3185 1260 divina
3203 1222 3576 1278 prassumere,

1945 1311 2051 1350 nec
2061 1296 2375 1367 quidquam
2388 1297 2541 1368 quod
2555 1297 2893 1369 evangelicis
2904 1299 3366 1370 propheticisque
3381 1303 3438 1354 et
3446 1316 3579 1372 apo-

1945 1389 2157 1443 stolicis
2172 1390 2386 1460 regulis
2408 1391 2600 1446 obviat
2619 1408 2811 1462 agere.
2832 1392 2909 1462 lnj
2919 1395 3108 1446 ustum
3127 1393 3280 1447 enim
3295 1393 3576 1463 judicium

1947 1485 2004 1536 et
2023 1482 2277 1537 deﬁnitio
2297 1483 2506 1554 injusta
2521 1485 2671 1555 regis
2687 1487 2848 1538 metu
2862 1485 2950 1538 vel
2963 1485 3125 1556 jussu
3143 1502 3176 1539 a
3185 1485 3474 1556 judicibus
3492 1503 3578 1541 0r-

1946 1576 2138 1630 dinata
2161 1593 2279 1631 non
2305 1577 2506 1645 valeat,
2532 1595 2634 1632 nec
2654 1578 2930 1650 quidquid
2951 1579 3099 1650 quod
3121 1584 3314 1634 contra
3332 1595 3575 1650 evange-

1945 1669 2089 1738 licae,
2122 1671 2210 1724 vel
2249 1672 2617 1742 prOpheticze,
2651 1676 2749 1726 aut
2787 1672 3104 1744 apostolicae
3137 1672 3408 1727 doctrinae
3440 1689 3576 1727 con-

210 1769 484 1840 pertinet,
503 1768 601 1824 sed
620 1768 802 1840 magis
820 1766 1130 1840 gratiarum
1150 1767 1324 1833 actio;
1349 1767 1457 1820 hoc
1480 1766 1636 1820 enim
1652 1767 1847 1822 scitote
1867 1835 1912 1840 _
1948 1763 2320 1832 stitutionem,
2354 1781 2810 1820 successorumve
2847 1782 3044 1820 eorum
3058 1809 3074 1834 ,
3103 1766 3218 1820 sive
3249 1771 3578 1821 sanctorum

210 1835 617 1932 intelligentes,
647 1835 800 1932 qubd
820 1835 1003 1915 omnis
1026 1859 1352 1929 fornicator,
1375 1862 1474 1914 aut
1491 1858 1844 1927 immundus,
1867 1835 1924 1906 B
1948 1858 2182 1912 Patrum
2213 1862 2404 1913 actum
2430 1859 2620 1928 fuerit,
2651 1859 2836 1914 stabit.
2865 1861 2934 1914 Et
2971 1860 3127 1932 quod
3157 1861 3227 1914 ab
3254 1859 3580 1914 inﬁdelibus

211 1959 312 2008 aut
351 1971 574 2024 avarus,
608 1955 758 2026 quod
788 1957 874 2008 est
915 1953 1198 2009 idolorum
1239 1953 1496 2020 servitus,
1540 1969 1652 2007 non
1683 1952 1850 2008 habet

213 2047 612 2103 hereditatem
633 2047 691 2102 in
712 2064 890 2118 regno
911 2046 1116 2104 Christi
1139 2051 1196 2102 et
1214 2045 1345 2112 Dei;
1376 2062 1544 2100 nemo
1567 2063 1666 2100 vos
1687 2046 1848 2100 sedu—

213 2146 308 2196 cat
337 2140 603 2195 inanibus
631 2141 836 2209 verbis,
865 2144 1100 2212 propter
1130 2139 1250 2194 hac
1278 2139 1431 2194 enim
1454 2139 1610 2194 venit
1635 2139 1718 2194 ira
1747 2139 1848 2193 Dei

212 2235 278 2289 in
301 2233 446 2289 ﬁlios
473 2233 826 2301 difﬁdentiae,
851 2233 1029 2288 nolite
1058 2249 1196 2305 ergo
1225 2232 1370 2288 efﬁci
1406 2232 1712 2304 participes
1746 2249 1846 2287 eo-

212 2344 371 2384 rum.
407 2327 587 2383 Eratis
623 2327 780 2382 enim
811 2327 1116 2399 aliquando
1148 2326 1418 2396 tenebrae,
1464 2343 1614 2380 nunc
1657 2331 1848 2381 autem

214 2423 317 2476 lux
348 2421 410 2476 in
436 2421 694 2490 Domino,
721 2425 788 2476 ut
814 2420 912 2475 ﬁlii
939 2420 1078 2475 lucis
1100 2419 1407 2474 ambulate.
1436 2419 1669 2475 Fructus
1694 2420 1846 2475 enim

211 2515 358 2570 lucis
381 2519 466 2570 est
491 2514 546 2569 in
573 2513 728 2569 omni
754 2514 1003 2568 bonitate
1031 2518 1089 2568 et
1107 2512 1327 2598 justitia
1355 2517 1412 2567 et
1442 2512 1695 2581 veritate,
1724 2529 1850 2584 pro-

214 2609 418 2663 bantes
441 2608 580 2679 quid
601 2607 674 2662 sit
693 2607 1111 2678 beneplacitum
1139 2603 1363 2673 Deo.§Et
1387 2606 1565 2661 nolite
1592 2623 1846 2661 commu-

215 2703 413 2757 nicare
445 2701 710 2772 operibus
737 2701 1100 2756 infructuosis
1125 2701 1510 2767 tenebrarum,
1542 2701 1726 2772 magis
1755 2717 1851 2755 au—

214 2801 335 2850 tem
363 2795 711 2866 redarguite.
743 2795 877 2859 Quae
909 2794 1065 2848 enim
1095 2795 1154 2848 in
1187 2794 1408 2849 occulto
1440 2794 1585 2848 ﬁunt
1614 2795 1684 2848 ab
1717 2795 1850 2866 ipsis

216 2895 384 2960 turpe
413 2892 498 2943 est
522 2888 732 2944 dicere.
766 2888 965 2943 Omnia
991 2890 1188 2942 autem
1215 2903 1344 2958 quae
1369 2892 1688 2959 arguuntur
1714 2905 1747 2942 a
1770 2889 1852 2942 lu-

217 2983 378 3039 mine
403 2983 862 3038 manifestantur.
887 2982 1065 3036 Omne
1097 2982 1250 3036 enim
1276 2981 1430 3052 quod
1458 2981 1852 3037 manifestatur

216 3078 418 3132 lumen
445 3080 548 3147 est,
581 3079 813 3147 propter
839 3075 992 3147 quod
1019 3075 1156 3129 dicit
1182 3092 1194 3130 :
1219 3075 1397 3146 Surge
1416 3075 1514 3146 qui
1534 3074 1770 3144 dormis,
1795 3078 1852 3128 et

220 3187 468 3242 exsurge
492 3187 524 3224 a
549 3154 792 3224 mortuis
821 3171 877 3223 et
905 3168 1250 3223 illuminabit
1276 3172 1330 3223 te
1358 3169 1629 3224 Christus.
1661 3168 1850 3224 Videte

215 3265 431 3336 itaque,
459 3264 681 3334 fratres,
705 3263 988 3334 quomodo
1014 3265 1174 3317 caute
1203 3262 1527 3329 ambuletis,
1549 3279 1664 3317 non
1691 3262 1852 3334 quasi

217 3358 572 3429 insipientes,
619 3357 716 3412 sed
764 3361 826 3411 ut
869 3357 1156 3428 sapientes
1202 3356 1550 3410 redimentes
1598 3360 1846 3428 tempus,

219 3453 497 3524 quoniam
519 3451 640 3506 dies
658 3450 792 3505 mali
814 3452 1280 3521 sunt.Propterea
1299 3449 1476 3504 nolite
1496 3449 1620 3504 fieri
1637 3450 1851 3522 impru-

220 3546 440 3614 dentes,
480 3545 578 3602 sed
619 3544 1003 3615 intelligentes
1040 3560 1168 3615 quae
1207 3543 1280 3598 sit
1319 3543 1575 3598 voluntas
1618 3543 1740 3598 Dei.
1785 3544 1851 3597 Et

219 3640 397 3695 nolite
431 3638 704 3696 inebriari
738 3637 870 3693 vino
900 3639 960 3692 in
988 3653 1100 3709 quo
1128 3640 1210 3693 est
1243 3637 1486 3706 luxuria,
1520 3638 1617 3693 sed
1644 3637 1849 3709 imple-

1947 1956 2045 2005 aut
2079 1951 2355 2006 haereticis
2385 1952 2600 2008 factum
2631 1952 2805 2007 fuerit
2830 1954 3068 2008 omnino
3105 1954 3433 2008 cassabitur.
3467 1955 3577 2008 Vos

1950 2049 2142 2099 autem
2182 2049 2322 2100 state
2354 2045 2414 2099 in
2443 2046 2573 2112 fide,
2605 2045 2842 2102 viriliter
2877 2047 3048 2118 agite,
3088 2052 3145 2102 et
3174 2047 3367 2102 omnia
3393 2052 3579 2101 vestra

1947 2154 2078 2192 cum
2106 2138 2382 2193 charitate
2409 2139 2566 2207 fiant,
2595 2138 2766 2211 hujus
2793 2139 2877 2195 rei
2911 2141 3099 2210 gratia
3127 2140 3210 2212 (ut
3234 2141 3312 2195 ait
3339 2145 3579 2212 Aposto-

1947 2231 2058 2303 lus)
2079 2231 2244 2288 ﬂecto
2270 2248 2459 2303 genua
2486 2249 2611 2287 mea
2637 2233 2710 2287 ad
2736 2235 2965 2288 Patrem
2990 2235 3217 2289 Domini
3242 2235 3419 2290 nostri
3447 2237 3581 2290 Jesu

1947 2325 2173 2393 Christi,
2211 2343 2277 2380 ex
2303 2342 2418 2397 quo
2446 2326 2632 2380 omnis
2658 2327 2964 2398 paternitas
2990 2328 3047 2382 in
3075 2328 3226 2383 caelis
3257 2332 3314 2383 et
3342 2328 3399 2382 in
3426 2334 3580 2384 terra

1947 2419 2300 2486 nominatur,
2339 2423 2403 2472 ut
2442 2419 2540 2474 det
2576 2420 2732 2474 vobis
2774 2421 3088 2476 secundum
3129 2421 3350 2476 divitias
3385 2422 3578 2493 gloriae

1949 2528 2067 2566 suae
2090 2511 2358 2566 virtutem
2386 2512 2740 2567 corroborari
2761 2530 2867 2583 per
2885 2514 3156 2584 Spiritum
3178 2515 3316 2585 ejus,
3347 2516 3406 2569 in
3432 2517 3576 2571 inte-

1949 2605 2095 2660 riore
2124 2605 2355 2660 homine
2380 2605 2634 2660 habitare
2662 2606 2949 2661 Christum
2977 2624 3081 2678 per
3108 2608 3282 2661 ﬁdem
3308 2609 3367 2662 in
3391 2609 3577 2664 cordi-

1948 2699 2055 2753 bus
2086 2698 2285 2754 vestris
2314 2698 2374 2752 in
2411 2699 2686 2753 charitate
2725 2700 2957 2754 radicati
2989 2704 3047 2754 et
3077 2701 3316 2769 fundati,
3349 2706 3414 2756 ut
3444 2719 3578 2774 pos-

1952 2793 2070 2848 sitis
2106 2793 2598 2863 comprehendere
2641 2809 2771 2846 cum
2813 2793 3075 2848 omnibus
3107 2795 3313 2849 sanctis
3353 2812 3482 2867 quae
3513 2798 3584 2851 sit

1949 2886 2206 2952 latitudo,
2245 2886 2548 2957 longitudo
2578 2891 2636 2941 et
2675 2887 3023 2957 profundum
3057 2893 3115 2943 et
3153 2888 3410 2956 altitudo,
3441 2890 3583 2946 scire

1951 2981 2123 3035 etiam
2154 2981 2676 3051 supereminentem
2711 2980 2959 3035 scientias
2995 2981 3327 3037 charitatem
3355 2984 3580 3054 Christi,

1951 3077 2015 3128 ut
2029 3074 2388 3146 impleamini
2410 3074 2469 3129 in
2489 3090 2723 3129 omnem
2742 3074 3160 3145 plenitudinem
3175 3076 3294 3132 Dei.
3310 3077 3374 3131 Ei
3390 3082 3580 3132 autem

1953 3168 2051 3239 qui
2077 3173 2280 3240 potens
2308 3172 2394 3223 est
2420 3169 2612 3222 omnia
2642 3169 2830 3223 facere
2859 3170 3390 3240 superabundanter
3409 3187 3584 3243 quam

1951 3262 2194 3333 petimus
2235 3266 2335 3316 aut
2372 3262 2745 3334 intelligimus
2791 3263 3107 3318 secundum
3148 3263 3416 3318 virtutem
3455 3281 3583 3336 quas

1952 3360 2220 3427 operatur
2242 3356 2301 3409 in
2330 3355 2514 3425 nobis,
2544 3356 2654 3427 ipsi
2685 3356 2866 3426 gloria
2891 3356 2954 3413 in
2984 3357 3225 3411 Ecclesia
3255 3362 3310 3412 et
3333 3357 3393 3411 in
3421 3359 3582 3414 Chri-

1952 3453 2036 3504 sto
2070 3452 2199 3506 Jesu
2233 3450 2292 3504 in
2321 3450 2585 3504 omnibus
2621 3449 3082 3520 generationibus
3115 3451 3307 3506 saeculi
3348 3453 3581 3507 saeculo-

1952 3561 2102 3600 rum.
2144 3545 2347 3599 Amen.
2386 3544 2524 3597 Data
2564 3559 2597 3597 v
2638 3543 2765 3597 Idus
2808 3544 3067 3599 Decemb.
3105 3544 3449 3600 Diocletiano
3492 3547 3580 3616 VI,

1953 3642 2010 3694 et
2034 3637 2271 3692 Maximo
2303 3638 2437 3706 VIII,
2469 3637 2535 3691 1V
2561 3653 2639 3691 cc.
2672 3636 2886 3691 consul.

3471 3800 3575 3817 ἰ·-

746 3953 1317 4050 INCIPIUNT
1420 3955 1945 4050 DECRETA
2037 3953 2608 4050 MARCELLI
2705 3954 3068 4047 PAPZE.

1209 4129 1395 4201 (Anno
1420 4130 1644 4185 Domini
1672 4131 1795 4198 304,
1827 4131 1930 4186 sub
1955 4129 2284 4186 Constantio
2310 4132 2365 4186 et
2389 4128 2630 4200 Galero.)

296 4395 680 4450 Dilectissimis
741 4397 1011 4452 fratribus
1035 4441 1047 4467 ,
1100 4398 1375 4454 universis
1429 4399 1708 4470 episcopis
1759 4416 1860 4471 per
1878 4413 1937 4484 D
1960 4403 2016 4454 et
2045 4399 2250 4453 alteros
2277 4398 2460 4470 sequi,
2483 4395 2606 4469 ipse
2634 4398 2790 4453 enim
2820 4403 2987 4471 caput
3007 4402 3090 4457 est
3117 4401 3289 4458 totius
3308 4403 3588 4478 Ecclesiae,

222 4488 665 4544 Antiochaenam
697 4492 1047 4562 provinciam
1077 4493 1415 4561 constitutis,
1439 4494 1784 4550 MARCELLUS.

299 4583 755 4640 Sollicitudinem
771 4587 1033 4641 omnium
1049 4587 1441 4655 Ecclesiarum,
1461 4587 1615 4658 juxta
1631 4589 1861 4659 Aposto-

225 4677 347 4732 lum
368 4677 830 4734 circumferentes
852 4679 1055 4735 divinae
1067 4681 1213 4735 circa
1230 4697 1334 4735 nos
1349 4681 1552 4751 gratiae
1576 4698 1862 4737 memores

227 4788 349 4826 esse
381 4771 673 4842 debemus,
704 4773 800 4844 qui
833 4789 936 4829 nos
967 4791 1072 4846 per
1099 4774 1445 4846 dignationis
1486 4792 1602 4830 suae
1638 4775 1859 4830 miseri-

229 4865 478 4920 cordiam
507 4866 579 4920 ob
619 4866 723 4920 hoc
756 4866 828 4921 ad
861 4867 1156 4938 fastigium
1199 4868 1546 4923 sacerdotale
1585 4869 1859 4939 provexit,

230 4964 297 5013 ut
320 4959 608 5014 mandatis
637 4958 813 5030 ipsius
843 4961 1212 5029 inhaarentes,
1242 4962 1301 5015 in
1331 4961 1577 5033 quadam
1608 4963 1860 5017 sacerdo-

231 5057 354 5107 tum
385 5053 508 5124 ejus
543 5053 773 5124 specula
801 5055 1090 5110 constituti
1119 5056 1529 5127 prohibeamus
1565 5054 1776 5126 illicita,
1811 5061 1867 5111 et

235 5147 527 5218 sequenda
553 5147 877 5202 doceamus.
910 5148 1088 5220 Unde,
1121 5150 1348 5204 directis
1377 5165 1480 5221 per
1514 5149 1865 5205 Bonifacium

236 5241 543 5296 diaconum
561 5246 824 5297 nostrum
848 5242 1068 5311 litteris,
1089 5243 1463 5299 admonemus
1481 5248 1546 5299 ut
1572 5260 1698 5316 quia
1717 5244 1865 5298 male

233 5336 518 5408 pullulant
566 5335 986 5405 abscindantur,
1039 5340 1096 5392 et
1142 5337 1441 5394 malefacta
1484 5338 1863 5410 corrigantur,

235 5435 402 5502 atque
426 5430 581 5485 bona
601 5432 906 5501 sectentur,
930 5436 988 5486 et
1009 5415 1242 5487 Patrum
1263 5436 1588 5487 nostrorum
1609 5432 1869 5504 exempla

237 5529 294 5580 et
323 5528 530 5580 statuta
559 5524 878 5581 imitentur.
909 5525 1197 5598 Rogamus
1226 5543 1362 5599 ergo
1393 5543 1513 5596 vos,
1549 5527 1771 5597 fratres,
1806 5530 1870 5581 ut

235 5637 349 5674 non
393 5619 552 5674 aliud
593 5619 858 5688 doceatis,
897 5637 1086 5693 neque
1130 5621 1384 5676 sentiatis
1427 5638 1597 5693 quam
1647 5620 1794 5693 quod
1838 5637 1870 5674 a

234 5714 402 5770 beato
436 5715 601 5769 Petro
643 5717 917 5786 apostolo,
947 5720 1004 5771 et
1039 5732 1072 5769 a
1107 5714 1340 5787 reliquis
1369 5715 1637 5787 apostolis
1673 5718 1731 5770 et
1770 5717 1868 5769 Pa-

235 5809 419 5863 tribus
443 5807 758 5879 accepistis.
792 5809 875 5864 Ab
902 5809 997 5864 illo
1026 5810 1182 5864 enim
1213 5809 1399 5881 primo
1429 5809 1689 5865 instructi
1718 5809 1868 5879 estis,

233 5903 365 5966 ideo
388 5919 508 5958 non
527 5906 755 5976 oportet
775 5921 870 5959 vos
891 5904 1190 5975 proprium
1213 5904 1607 5977 derelinquere
1628 5906 1870 5974 Patrem,

1961 4493 2048 4547 cui
2095 4492 2171 4547 ait
2216 4493 2536 4546 Dominus:
2573 4513 2599 4544 «
2643 4495 2722 4548 Tu
2769 4510 2827 4548 es
2871 4495 3097 4563 Petrus,
3141 4502 3199 4551 et
3240 4515 3411 4570 super
3446 4501 3592 4555 hanc

1960 4591 2190 4658 petram
2212 4586 2504 4640 aediﬁcabo
2528 4586 2828 4641 Ecclesiam
2851 4605 3039 4642 meam
3059 4591 3274 4659 (Matth.
3301 4607 3410 4658 xvr,
3438 4592 3545 4663 18),
3562 4615 3590 4642 ››

1963 4684 2020 4736 et
2056 4680 2293 4752 reliqua.
2335 4680 2465 4750 Ejus
2507 4680 2658 4733 enim
2695 4680 2854 4734 sedes
2889 4682 3149 4751 primitus
3178 4685 3327 4755 apud
3355 4702 3451 4740 vos
3486 4686 3596 4741 fuit

1963 4790 2091 4845 quae
2131 4778 2327 4844 postea
2349 4773 2590 4843 jubente
2630 4773 2873 4827 Domino
2907 4774 3148 4829 Romam
3179 4777 3452 4832 translata
3486 4783 3592 4848 est,

1964 4867 2054 4921 cui
2084 4866 2526 4922 adminiculante
2564 4866 2748 4937 gratia
2778 4866 2970 4922 divina
3006 4868 3287 4925 hodierna
3321 4871 3592 4942 praeside-

1964 4977 2092 5017 mus
2118 4961 2225 5016 die.
2264 4962 2372 5016 Nec
2403 4961 2474 5015 ab
2506 4961 2626 5032 ejus
2655 4960 3019 5033 dispositione
3047 4979 3150 5018 nos
3177 4964 3400 5021 deviare
3428 4984 3591 5038 opor-

1964 5060 2065 5124 tet,
2107 5055 2181 5111 ad
2230 5072 2405 5126 quam
2450 5058 2651 5110 cuncta
2693 5056 2909 5127 majora
2957 5057 3328 5114 ecclesiastica
3366 5063 3598 5134 negotia

1967 5149 2154 5204 divina
2182 5149 2516 5221 disponente
2548 5149 2729 5220 gratia
2752 5150 2911 5221 jussa
2935 5155 3069 5207 sunt
3095 5154 3414 5224 referenda,
3437 5161 3502 5211 ut
3525 5159 3595 5212 ab

1968 5261 2034 5298 ea
2067 5243 2404 5314 regulariter
2431 5244 2810 5316 disponantur
2839 5261 2872 5298 a
2908 5261 3022 5317 qua
3059 5263 3348 5320 sumpsere
3385 5253 3593 5322 princi-

1967 5338 2078 5409 pia,
2102 5337 2146 5391 si
2167 5341 2352 5392 vestra
2371 5354 2502 5392 vero
2525 5337 2912 5409 Antiochaana,
2937 5355 3065 5412 quae
3092 5341 3227 5397 olim
3250 5343 3434 5415 prima
3455 5355 3594 5419 erat,

1967 5432 2242 5486 Romanis
2283 5431 2450 5486 cessit
2493 5431 2630 5499 sedi,
2670 5432 2832 5486 nulla
2867 5437 2953 5489 est
2990 5452 3116 5507 quas
3150 5437 3270 5508 ejus
3301 5456 3418 5494 non
3463 5443 3593 5497 sub~

1963 5525 2109 5597 jecta
2152 5525 2224 5579 sit
2265 5524 2486 5592 ditioni,
2522 5526 2590 5580 ad
2634 5543 2808 5598 quam
2850 5544 3052 5584 omnes
3096 5533 3254 5603 quasi
3295 5535 3362 5588 ad
3408 5539 3595 5605 caput,

1963 5619 2120 5690 juxta
2157 5619 2546 5690 apostolorum
2585 5636 2901 5693 eorumque
2940 5641 3324 5680 successorum
3361 5627 3601 5682 sanctio-

1970 5729 2094 5778 nes,
2119 5713 2366 5784 episcopi
2395 5713 2496 5785 qui
2523 5715 2811 5770 voluerint
2834 5718 2920 5772 vel
2951 5719 3154 5790 quibus
3180 5737 3401 5774 necesse
3428 5722 3599 5778 fuerit

1975 5807 2277 5878 suffugere,
2320 5824 2560 5880 eamque
2606 5811 2890 5882 appellare
2931 5813 3152 5882 debent,
3197 5819 3255 5867 ut
3294 5812 3420 5868 inde
3450 5817 3597 5871 acci-

1973 5902 2132 5978 piant
2175 5901 2477 5960 tuitionem
2527 5909 2582 5959 ct
2623 5903 3020 5962 liberationem
3072 5906 3218 5962 unde
3260 5918 3603 5982 acceperunt
