4058 6296
482 312 583 364 219

1364 303 1642 357 ΑΡΡΕΝΙ).
1683 301 1769 354 AD
1808 301 1966 355 δίκα.
2012 301 2094 353 ΙΧ.
2129 329 2198 339 ——
2238 298 2486 354 lSlDORl
2525 298 2950 355 MERCATORIS

3746 299 3858 350 220

478 413 941 469 informationem
964 414 1133 483 atque
1149 409 1643 465 consecrationem.
1663 407 1825 471 Quod
1843 407 2109 461 omnibus
2133 420 2193 495 Α
2212 408 2346 479 quid
2372 410 2575 478 potest,
2598 407 2800 462 fratres
2826 407 2964 476 mei,
2987 406 3125 461 ﬁcus
3156 407 3326 461 olivas
3362 406 3568 474 facere,
3598 408 3695 458 aut
3725 405 3858 459 vitis

479 508 722 563 minime
772 506 1036 559 convenit
1085 505 1370 574 denegare
1418 501 1716 574 episcopis,
1760 500 1859 555 sed
1902 500 2113 571 absque

479 602 599 655 ulla
615 600 873 656 custodia
888 604 987 653 aut
1004 596 1599 662 excommunicatione,
1616 594 1703 648 vel
1724 594 2110 663 damnatione,

479 700 568 753 vel
612 697 1021 769 exspoliatione
1066 696 1240 749 libere
1284 694 1366 749 ire
1410 694 1770 748 concedatur.
1820 692 2114 763 Simulque

478 792 636 847 idem
652 792 968 862 inspirante
993 789 1231 844 Domino
1253 787 1675 842 constituerunt
1692 788 1759 840 ut
1776 786 1933 841 nulla
1952 802 2115 856 syno-

481 887 586 941 dus
626 886 795 940 fieret
836 893 1044 955 praeter
1078 882 1333 952 ejusdem
1376 881 1525 936 sedis
1560 880 1977 947 auctoritatem,
2011 895 2115 933 nec

481 980 624 1034 ullus
658 978 975 1049 episcOpus,
999 976 1109 1030 nisi
1130 976 1189 1030 in
1215 974 1474 1044 legitima
1499 973 1713 1044 synodo
1734 989 1836 1027 suo
1858 975 2113 1042 tempore

480 1073 787 1144 apostolica
825 1070 1157 1125 auctoritate
1197 1073 1522 1135 convocata,
1563 1083 1736 1137 super
1772 1066 2117 1138 quibuslibet

479 1166 812 1221 criminibus
839 1165 1112 1235 pulsatus,
1137 1162 1405 1217 audiatur
1431 1163 1515 1216 vel
1542 1161 1849 1231 judicetur,
1878 1159 2011 1231 quia
2033 1160 2115 1229 (ut

476 1261 644 1331 paulo
671 1259 934 1330 superius
961 1256 1326 1328 praelibatum
1353 1256 1454 1328 est)
1485 1254 1877 1327 episcoporum
1897 1252 2115 1323 judicia

480 1357 537 1409 et
567 1369 932 1408 summarum
965 1366 1265 1405 causarum
1296 1350 1549 1420 negotia,
1572 1348 1684 1402 sive
1712 1353 1913 1401 cuncta
1940 1346 2114 1401 dubia

477 1447 797 1518 apostolicae
828 1444 972 1498 sedis
994 1443 1331 1498 auctoritate
1359 1448 1490 1497 sunt
1513 1442 1735 1513 agenda
1761 1446 1818 1495 ct
1836 1440 2109 1507 ﬁnienda,

479 1546 535 1595 et
555 1539 754 1595 omnia
773 1536 1272 1608 comprovincialia
1300 1536 1525 1607 negotia
1546 1535 1714 1605 hujus
1741 1540 1966 1603 sanctae,
1992 1534 2113 1588 uni-

480 1633 745 1703 versalis,
797 1637 854 1686 et
897 1629 1222 1701 apostolica:
1269 1629 1532 1684 Ecclesize
1578 1633 1710 1682 sunt
1754 1628 2113 1682 retractanda

471 1727 707 1799 judicio,
748 1725 793 1779 si
822 1724 992 1795 hujus
1024 1724 1286 1778 Ecclesiae
1318 1723 1571 1794 pontifex
1610 1721 1963 1793 praeceperit.
1997 1723 2109 1776 Nec

2213 501 2390 555 ﬁcus?
2419 500 2503 556 Sic
2529 516 2711 570 neque
2747 502 2892 554 salsa
2918 500 3141 555 dulcem
3181 504 3367 572 potest
3400 501 3586 554 facere
3616 515 3853 569 aquam.

2212 594 2344 658 Quis
2381 594 2600 663 sapiens
2631 598 2688 647 et
2723 593 3112 664 disciplinatus
3152 594 3301 649 inter
3326 611 3447 663 nos,
3481 592 3746 647 ostendat
3783 608 3853 645 ex

2212 687 2360 740 bona
2392 685 2817 741 conversatione
2850 703 3021 756 opera
3057 703 3158 741 sua
3200 688 3257 741 in
3291 685 3733 741 mansuetudine
3759 701 3847 737 sa-

2212 780 2482 851 pientiaa?
2518 780 2676 844 Quod
2719 780 2762 833 si
2799 780 2981 834 zelum
3015 781 3341 835 animarum
3380 780 3596 834 habetis
3627 784 3683 833 et
3709 795 3848 832 con-

2213 875 2493 928 tentiones
2522 878 2653 928 sunt
2681 875 2741 927 in
2779 874 3047 929 cordibus
3073 875 3288 941 vestris,
3323 874 3497 928 nolite
3528 872 3760 944 gloriari
3790 876 3851 926 et

2214 968 2513 1022 mendaces
2556 984 2673 1022 esse
2718 968 2985 1023 adversus
3023 969 3356 1034 veritatem;
3398 985 3515 1022 non
3560 967 3717 1021 enim
3762 970 3849 1019 est

2214 1061 2321 1115 ista
2349 1062 2646 1116 desursum
2673 1062 3043 1130 descendens,
3071 1062 3168 1116 sed
3196 1066 3441 1129 terrena,
3473 1060 3759 1126 animalis,
3791 1066 3852 1114 et
3884 1064 3889 1069 ’

2216 1155 2512 1209 diabolica.
2542 1154 2649 1209 Ubi
2687 1155 2839 1209 enim
2884 1156 3034 1210 zelus
3079 1160 3135 1209 et
3173 1155 3481 1223 contentio,
3524 1153 3600 1208 ibi
3645 1154 3846 1208 incon-

2214 1248 2424 1302 stantia
2452 1250 2507 1302 et
2538 1265 2707 1303 omne
2744 1265 2884 1320 opus
2918 1266 3174 1320 pravum.
3213 1237 3350 1312 Quae
3380 1252 3511 1302 ante
3545 1247 3850 1301 desursum

2215 1345 2300 1396 est
2340 1342 2634 1412 sapientia,
2678 1343 2930 1413 primum
2975 1342 3209 1414 quidem
3254 1341 3462 1413 pudica
3497 1344 3598 1410 est,
3641 1340 3847 1395 deinde

2211 1436 2461 1506 paciﬁca,
2530 1436 2804 1503 modesta,
2861 1436 3171 1503 suadibilis,
3234 1435 3396 1489 bonis
3458 1434 3844 1503 consentiens,

2211 1529 2381 1600 plena
2410 1530 2812 1597 misericordia,
2841 1534 2897 1584 et
2924 1529 3197 1585 fructibus
3224 1529 3410 1598 bonis,
3436 1528 3695 1582 indicans
3722 1528 3847 1583 sine

2213 1623 2683 1677 dissimulatione.
2695 1646 2721 1673 (ι
2742 1624 2974 1698 Fructus
2991 1626 3186 1677 autem
3194 1621 3432 1693 justitiaa
3448 1621 3507 1675 in
3521 1638 3659 1692 pace
3678 1638 3799 1676 sem
3809 1622 3849 1675 i-

2211 1720 2381 1770 natur
2403 1715 2738 1770 facientibus
2756 1732 2954 1787 pacem
2976 1714 3107 1787 (Jac.
3128 1732 3207 1781 ιιι,
3233 1719 3251 1768 1
3283 1722 3331 1770 et
3356 1714 3531 1786 scq.)»
3556 1736 3583 1764 «
3612 1716 3846 1785 Propter

481 1820 571 1875 cui
600 1820 765 1874 liceat
792 1818 913 1872 sine
943 1816 1273 1889 praejudicio
1312 1817 1585 1871 Romanae
1622 1815 1883 1870 Ecclesizr.
1912 1814 2021 1884 (cui
2052 1815 2110 1867 in
2132 1794 2187 1864 Β
2212 1809 2361 1881 quod
2400 1809 2667 1863 succincti
2700 1809 2921 1864 lumbos
2965 1809 3173 1863 mentis
3209 1812 3429 1876 vestrae,
3470 1807 3661 1875 sobrii,
3706 1825 3842 1879 per-

481 1912 746 1969 omnibus
782 1911 959 1966 causis
990 1910 1230 1965 debetur
1263 1909 1597 1979 reverentia)
1639 1908 1944 1976 custodire,
1984 1908 2110 1962 reli-

478 2006 581 2061 ctis
611 2006 700 2060 his
724 2003 1111 2059 sacerdotibus
1139 2002 1235 2074 qui
1264 2004 1323 2057 in
1355 2002 1553 2057 eadem
1579 2001 1868 2072 provincia
1895 2001 1991 2055 Dei
2019 2002 2114 2054 Ec-

478 2098 674 2154 clesias
707 2102 848 2153 nutu
890 2097 1080 2152 divino
1120 2096 1463 2167 gubernant,
1508 2095 1583 2149 ad
1628 2096 1765 2149 alias
1818 2094 2112 2149 convolare

477 2192 818 2265 provincias,
850 2191 938 2245 vel
976 2190 1217 2244 aliarum
1260 2189 1682 2260 provinciarum
1716 2188 2112 2259 episcoporum

472 2285 755 2357 judicium
776 2282 1020 2353 experiri
1038 2283 1125 2337 vel
1146 2282 1282 2353 pati,
1307 2282 1407 2335 sed
1424 2282 1688 2335 omnibus
1708 2281 1963 2351 ejusdem
1984 2297 2113 2351 pro-

477 2379 679 2433 vinciae
725 2377 1005 2449 episc0pis
1045 2376 1408 2447 congregatis
1446 2374 1726 2446 judicium
1777 2374 2109 2429 auctoritate

479 2472 649 2543 hujus
679 2471 829 2527 sedis
858 2470 1229 2539 terminetur;
1270 2469 1425 2540 quod
1453 2474 1644 2523 tamen
1691 2471 1770 2539 (ut
1804 2468 2110 2539 praefatum

477 2568 576 2637 est)
605 2582 709 2637 per
740 2565 863 2636 ejus
899 2563 1159 2633 vicarios,
1194 2563 1239 2617 si
1281 2562 1529 2629 libuerit,
1573 2562 1682 2616 erit
1721 2561 2106 2630 tractandum,

480 2664 534 2714 et
565 2658 845 2730 quidquid
868 2657 1080 2728 injuste
1109 2661 1299 2711 actum
1324 2661 1408 2711 est
1433 2654 1886 2711 reformandum.
1911 2657 2106 2710 Pasto-

477 2754 612 2808 ralis
645 2768 782 2822 ergo
812 2768 949 2805 cura
977 2751 1145 2805 officii
1170 2767 1275 2804 nos
1306 2750 1577 2805 admonet
1603 2753 1658 2804 et
1683 2749 1962 2804 destitutis
1992 2765 2113 2803 suc-

480 2861 728 2912 currere,
763 2849 821 2898 et
844 2846 1044 2898 cuncta
1074 2844 1333 2913 neglecta
1350 2844 1437 2898 vel
1457 2843 1603 2897 male
1629 2847 1750 2897 acta
1770 2843 2107 2913 reformare,

479 2940 545 2990 ut
564 2935 712 3006 ignis
737 2934 831 2988 ille
840 2976 853 3005 ,
877 2950 1052 3005 quem
1075 2933 1348 2988 Dominus
1368 2932 1596 2987 veniens
1617 2931 1771 2985 misit
1793 2932 1852 2986 in
1876 2935 2107 2999 terram,

481 3033 647 3085 motu
674 3028 871 3083 crebro
901 3026 1334 3097 emendationis,
1366 3027 1454 3081 vel
1485 3026 1698 3081 crebrae
1727 3025 2112 3080 meditationis

481 3123 726 3195 agitatus
756 3121 833 3176 sic
873 3122 1113 3177 calescat
1153 3124 1214 3175 ut
1252 3121 1483 3188 ferveat,
1519 3123 1578 3175 et
1612 3119 1689 3175 sic
1726 3119 2111 3175 inﬂammetur

482 3223 544 3274 ut
576 3217 779 3272 luceat.

551 3312 707 3383 Saepe
736 3308 893 3365 enim
929 3309 1236 3364 dicendum
1268 3313 1324 3364 et
1358 3307 1647 3379 agendum
1676 3313 1761 3364 est
1791 3308 1925 3379 quia
1961 3308 2109 3362 mala

476 3404 815 3478 pullulantia
855 3405 1106 3458 fraterna
1150 3402 1427 3457 charitate
1475 3408 1694 3474 oportet
1734 3401 2000 3471 resecari,
2048 3405 2110 3455 ut

474 3501 629 3555 bona
654 3498 939 3554 crescendi
961 3502 1017 3552 et
1043 3496 1459 3567 augmentandi
1485 3496 1900 3568 amplissimum
1918 3496 2106 3550 locum

471 3593 789 3649 inveniant.
835 3614 862 3642 ‹‹
904 3591 1081 3646 Nolite
1132 3607 1270 3663 ergo
1311 3592 1392 3661 (ut
1439 3592 1737 3661 Apostolus
1776 3590 1873 3661 ait)
1917 3591 2106 3660 plures

469 3686 594 3743 ﬁeri
620 3686 879 3757 magistri
905 3685 1040 3753 mei,
1070 3686 1293 3752 fratres,
1322 3685 1589 3752 scientes,
1621 3685 1887 3755 quoniam
1921 3684 2107 3754 majus

465 3780 746 3853 judicium
764 3779 1003 3833 sumitis.
1022 3798 1048 3827 ››
1066 3780 1128 3832 In
1144 3778 1338 3831 multis
1356 3778 1511 3831 enim
1526 3778 1868 3832 offendimus
1884 3794 2101 3831 omnes.

474 3875 528 3929 Si
556 3873 683 3944 quis
708 3872 768 3926 in
795 3872 970 3926 verbo
1000 3887 1118 3925 non
1148 3870 1400 3937 oﬂ‘endit,
1435 3871 1525 3925 hic
1556 3872 1838 3941 perfectus
1877 3874 1961 3925 est
1998 3871 2101 3939 vir,

472 3970 658 4039 potest
693 3965 870 4019 etiam
906 3965 1069 4018 freno
1100 3963 1523 4018 circumducere
1559 3966 1741 4018 totum
1780 3980 2006 4036 corpus.
2047 3965 2102 4019 Si

472 4065 663 4115 autem
693 4074 974 4128 equorum
1000 4058 1192 4111 frenos
1222 4057 1281 4110 in
1308 4074 1404 4111 ora
1434 4058 1733 4125 mittimus,
1764 4058 1833 4113 ad
1860 4075 2100 4113 consen-

472 4153 739 4208 tiendum
773 4152 936 4206 nobis
966 4156 1020 4205 et
1046 4168 1215 4205 omne
1253 4167 1455 4222 corpus
1485 4151 1711 4206 illorum
1749 4152 2099 4206 circumferi-

472 4264 621 4302 mus.
653 4248 791 4301 Ecce
820 4248 875 4299 et
895 4262 1084 4313 naves,
1114 4262 1243 4299 cum
1274 4262 1501 4316 magnae
1529 4245 1642 4299 sint
1665 4250 1721 4300 et
1745 4263 1778 4299 a
1808 4246 1987 4300 ventis
2016 4263 2102 4300 va-

469 4340 600 4397 lidis
644 4340 964 4406 minentur,
1018 4339 1498 4394 circumferuntur
1548 4345 1738 4394 autem
1789 4357 1823 4395 a
1873 4339 2100 4395 modico

472 4434 853 4507 gubernaculo
886 4433 981 4487 ubi
1009 4433 1260 4503 impetus
1296 4432 1598 4503 dirigentis
1633 4434 1894 4502 voluerit,
1928 4435 2008 4488 ita
2045 4436 2102 4490 et

468 4529 994 4601 lingua,modicum
1032 4527 1267 4599 quidem
1310 4528 1637 4583 membrum
1679 4531 1765 4582 est
1796 4532 1853 4583 et
1886 4545 2099 4600 magna

468 4579 669 4601 __..g__
706 4579 993 4584 “nnm,
1047 4579 1266 4599 rh---“
1803 4579 1849 4583 --
1886 4579 2098 4600 --ηε-η

468 4579 847 4772 exaltat\Ecce
868 4625 1115 4694 quantus
1128 4622 1277 4694 ignis
1294 4621 1391 4693 qui
1413 4638 1687 4692 magnam
1701 4622 1899 4677 silvam
1912 4622 2101 4677 incen-

469 4718 580 4772 ditl
608 4719 677 4772 Et
724 4717 900 4772 inqua
926 4716 1076 4772 ignis
1103 4722 1207 4772 est.
1241 4715 1574 4771 universitas
1598 4716 1936 4772 iniquitatis.
1968 4717 2094 4771 Lin-

469 4718 580 4774 ditl
608 4719 677 4773 Et
703 4715 900 4789 lingua
926 4716 1076 4787 ignis
1103 4722 1207 4783 est,
1241 4715 1574 4771 universitas
1598 4716 1936 4787 iniquitatis.
1968 4717 2094 4771 Lin-

471 4828 585 4884 gua
622 4810 987 4866 constituitur
1020 4810 1080 4864 in
1115 4810 1387 4865 membris
1418 4809 1645 4877 nostris,
1686 4827 1813 4881 quas
1853 4812 2100 4865 maculat

468 4909 654 4963 totum
682 4921 886 4975 corpus
913 4909 970 4959 et
993 4904 1311 4960 inﬂammat
1336 4906 1519 4958 rotam
1551 4904 1860 4959 nativitatis
1893 4908 2097 4960 nostra

466 5000 817 5056 inﬂammata
849 5015 884 5053 a
908 4999 1190 5070 gehenna.
1223 4999 1431 5053 Omnes
1458 4998 1611 5053 enim
1637 5002 1859 5053 natura:
1886 4999 2094 5053 bestia-

470 5111 602 5149 rum
641 5096 699 5147 et
737 5094 1027 5147 volucrum
1068 5098 1123 5147 et
1161 5096 1512 5163 serpentum,
1545 5092 1718 5147 etiam
1762 5096 2096 5147 casterorum

470 5189 793 5255 domantur,
828 5191 885 5242 et
921 5187 1132 5242 domita
1166 5193 1298 5243 sunt
1332 5204 1365 5241 a
1409 5192 1618 5243 natura
1650 5187 1924 5242 humana.
1966 5186 2093 5242 Lin-

470 5298 643 5355 guam
679 5286 870 5337 autem
900 5282 1087 5336 nullus
1124 5281 1425 5337 hominum
1468 5282 1704 5337 domare
1748 5284 1964 5353 potest;
2004 5282 2093 5335 in-

470 5375 732 5449 quietum
770 5376 1015 5443 malum,
1056 5377 1223 5447 plena
1261 5392 1481 5431 veneno
1524 5376 1839 5431 mortifero.
1876 5377 1937 5429 In
1974 5375 2096 5447 ipsa

465 5470 855 5529 benedicimus
876 5472 1053 5526 Deum
1074 5476 1130 5525 et
1147 5472 1390 5539 Patrem,
1410 5470 1542 5524 etin
1565 5470 1687 5542 ipsa
1705 5469 2094 5525 maledicimus

466 5566 731 5623 homines
759 5567 858 5637 qui
876 5566 947 5620 ad
968 5562 1407 5619 similitudinem
1430 5563 1529 5618 Dei
1549 5564 1683 5620 facti
1706 5568 1855 5629 sunt.
1871 5565 1951 5618 Ex
1971 5564 2093 5635 ipso

384 5732 391 5737 _
468 5678 566 5717 ore
593 5660 916 5716 benedictio
946 5657 1205 5730 procedit
1231 5659 1287 5711 et
1316 5657 1663 5712 maledictio.
1694 5659 1819 5713 Non
1848 5662 2090 5731 oportet,

469 5756 674 5810 fratres
712 5753 845 5821 mei,
878 5752 1001 5806 hmc
1036 5751 1113 5805 ita
1151 5749 1294 5805 fieri.
1327 5750 1592 5821 Nunquid
1626 5751 1750 5805 fons
1788 5753 1857 5807 de
1896 5753 2094 5808 eodem

468 5847 745 5911 foramine
776 5849 1007 5904 emanat
1033 5844 1253 5901 dulcem
1290 5847 1348 5901 et
1375 5860 1632 5900 amaram
1661 5847 1905 5921 aquam?
1937 5848 2090 5902 Nun-

2130 3172 2184 3247 C

2212 1904 2339 1958 fecti
2367 1908 2587 1973 sperate
2618 1903 2678 1957 in
2709 1920 2835 1957 eam
2866 1920 2993 1973 quin
3023 1902 3259 1957 offertur
3288 1902 3447 1956 vobis
3486 1901 3753 1973 gratiam,
3784 1902 3845 1956 in

2213 1996 2554 2050 revelatione
2585 1997 2715 2050 Jesu
2753 1997 2979 2063 Christi,
3006 1996 3167 2067 quasi
3202 1994 3304 2049 ﬁlii
3341 1994 3676 2049 obedientia:
3724 2011 3846 2049 non

2213 2089 2549 2161 conﬁgurati
2592 2089 2873 2161 prioribus
2915 2090 3254 2161 ignorantiae
3288 2094 3488 2143 vestrm
3529 2088 3842 2155 desideriis,

2214 2184 2310 2238 sed
2345 2184 2651 2237 secundum
2682 2200 2813 2238 eum
2847 2184 2945 2254 qui
2985 2183 3197 2238 vocavit
3233 2200 3331 2237 vos
3370 2185 3647 2249 sanctum,
3685 2186 3749 2237 ut
3788 2186 3846 2237 et

2212 2278 2321 2348 ipsi
2347 2278 2475 2331 facti
2496 2277 2669 2332 sancti
2692 2278 2749 2331 in
2778 2278 2933 2331 omni
2953 2277 3375 2331 conversatione
3396 2277 3535 2346 sitis,
3559 2276 3841 2348 quoniam

2212 2372 2483 2442 scriptum
2522 2375 2608 2424 est
2655 2388 2667 2423 :
2709 2370 2893 2426 Sancti
2939 2371 3113 2437 eritis,
3157 2371 3423 2441 quoniam
3463 2386 3572 2441 ego
3611 2374 3843 2424 sanctus

2211 2482 2355 2519 sum.
2406 2467 2472 2520 Et
2518 2464 2563 2519 si
2606 2466 2848 2533 Patrem,
2884 2464 3156 2518 invocatis
3201 2481 3335 2519 eum
3382 2464 3481 2535 qui
3521 2465 3641 2518 sine
3681 2481 3840 2519 acce-

2211 2560 2403 2630 ptione
2439 2574 2811 2628 personarum
2837 2558 3074 2629 judicat,
3122 2558 3435 2613 secundum
3477 2558 3841 2629 uniuscujus-

2211 2670 2320 2724 que
2355 2668 2499 2724 opus
2538 2652 2596 2705 in
2639 2652 2840 2706 timore
2878 2652 3153 2707 incolatus
3190 2651 3357 2707 vestri
3403 2657 3661 2723 tempore
3698 2668 3840 2707 con-

2210 2746 2533 2801 versamini.
2567 2746 2813 2801 Scientes
2852 2745 3005 2817 quod
3043 2763 3162 2801 non
3199 2746 3549 2817 corruptibili
3580 2762 3719 2801 auro
3752 2747 3843 2802 vel

2210 2843 2446 2911 argento
2473 2838 2750 2910 redempti
2777 2840 2907 2894 estis
2935 2840 3003 2895 de
3028 2855 3169 2894 vana
3199 2843 3381 2894 vestra
3411 2840 3840 2895 conversatione

2210 2937 2463 3004 paternm
2512 2933 2852 3000 traditionis,
2898 2934 2997 2987 sed
3043 2934 3288 3004 pretioso
3343 2933 3623 3005 sanguine
3667 2934 3838 3005 Agni,

2212 3026 2372 3098 quasi
2397 3027 2830 3081 incontaminati
2854 3030 2910 3081 et
2936 3026 3285 3081 immaculati
3306 3028 3433 3081 Jesu
3456 3027 3681 3094 Christi,
3696 3043 3845 3098 prae-

2211 3120 2425 3192 cogniti
2455 3119 2690 3191 quidem
2717 3122 2849 3174 ante
2880 3121 3331 3176 constitutionem
3359 3120 3579 3187 mundi,
3605 3120 3842 3175 manife-

2209 3214 2340 3269 stati
2374 3217 2565 3269 autem
2596 3213 2913 3268 novissimis
2946 3214 3295 3285 temporibus
3325 3217 3559 3286 propter
3586 3231 3685 3269 vos
3715 3214 3835 3286 qui,

2208 3325 2310 3380 per
2342 3308 2528 3379 ipsum
2559 3308 2754 3362 fideles
2779 3308 2911 3363 estis
2937 3308 2997 3362 in
3032 3310 3167 3375 Deo,
3204 3308 3301 3380 qui
3328 3308 3614 3363 suscitavit
3639 3325 3773 3363 eum
3804 3326 3839 3363 a

2207 3402 2466 3471 mortuis,
2498 3404 2555 3457 et
2590 3403 2743 3457 dedit
2769 3402 2820 3457 ei
2854 3402 3101 3473 gloriam
3128 3408 3193 3458 ut
3227 3402 3370 3458 ﬁdes
3404 3406 3597 3458 nostra
3622 3408 3679 3457 et
3707 3420 3837 3473 spes

2209 3502 2355 3551 esset
2396 3496 2453 3550 in
2497 3497 2626 3551 Deo.
2674 3496 2788 3569 51
2837 3496 3071 3550 Animas
3114 3500 3322 3552 vestras
3360 3497 3735 3552 eastificantes
3775 3497 3838 3553 in

2206 3589 2526 3644 obedientia
2548 3589 2855 3657 charitatis,
2877 3590 2937 3644 in
2963 3590 3330 3645 fraternitatis
3356 3607 3570 3657 amore,
3595 3590 3839 3662 simplici

2207 3700 2275 3737 ex
2301 3683 2471 3737 corde
2497 3683 2739 3738 invicem
2761 3684 2979 3755 diligite
3002 3684 3293 3751 attentius,
3319 3684 3500 3739 renati
3526 3702 3641 3738 non
3664 3701 3732 3739 ex
3753 3702 3837 3737 se-

2205 3776 2357 3831 mine
2385 3777 2762 3847 corruptibili,
2785 3779 2878 3832 sed
2905 3778 3325 3849 incorruptibili
3346 3796 3448 3849 per
3469 3779 3707 3833 verbum
3737 3778 3834 3833 Dei

2205 3870 2311 3924 vivi
2340 3874 2397 3924 et
2428 3872 2831 3941 permanentis,
2869 3873 3004 3944 quia
3036 3872 3223 3927 omnis
3255 3889 3386 3928 caro
3425 3874 3491 3926 ut
3520 3873 3741 3939 fenum,
3779 3877 3838 3927 et

2204 3964 2388 4017 omnis
2415 3964 2594 4035 gloria
2618 3966 2738 4035 ejus
2763 3971 3038 4037 tanquam
3065 3966 3168 4019 ﬂos
3196 3966 3348 4036 feni;
3379 3966 3600 4020 exaruit
3635 3966 3834 4019 fenum

2206 4064 2261 4113 et
2287 4058 2393 4113 ﬂos
2413 4059 2533 4130 ejus
2558 4058 2786 4127 decidit,
2816 4060 3056 4114 verbum
3086 4064 3280 4114 autem
3309 4059 3528 4114 Domini
3552 4063 3753 4113 manet
3773 4059 3833 4114 in

2204 4155 2503 4207 aeternum.
2543 4154 2653 4206 Hoc
2692 4158 2774 4224 est
2803 4156 2993 4207 autem
3022 4153 3258 4207 verbum
3293 4153 3445 4224 quod
3478 4153 3830 4223 evangeliza-

2203 4249 2322 4299 tum
2354 4249 2438 4300 est
2465 4247 2524 4299 in
2551 4216 3117 4321 vobisdDeponentQS
3145 4246 3378 4318 quidem
3407 4263 3636 4302 omnem
3667 4247 3827 4301 mali-

2199 4338 2339 4394 tiam
2380 4346 2435 4395 et
2463 4357 2691 4394 omnem
2729 4334 2925 4395 dolum
2963 4345 3019 4395 et
3058 4340 3465 4407 simulationes,
3509 4344 3567 4394 et
3594 4341 3830 4396 invidias

2202 4436 2259 4486 et
2285 4450 2482 4486 omnes
2501 4433 2896 4503 detractiones,
2922 4433 3066 4488 sicut
3084 4433 3254 4488 modo
3276 4433 3457 4505 geniti
3478 4434 3726 4489 infantes
3747 4451 3830 4489 ra-

2200 4526 2503 4581 tionabiles
2529 4528 2647 4582 sine
2668 4527 2796 4583 dolo
2816 4529 2903 4583 lac
2929 4528 3326 4599 concupiscite,
3350 4534 3414 4583 ut
3439 4528 3497 4583 in
3526 4546 3590 4584 eo
3614 4544 3830 4584 cresca-

2199 4620 2269 4675 tis
2298 4620 2356 4675 in
2381 4622 2640 4692 salutem,
2671 4621 2716 4675 si
2741 4622 2976 4693 gustatis
3007 4621 3275 4693 quoniam
3305 4622 3482 4677 dulcis
3514 4626 3601 4677 est
3629 4624 3827 4678 Domi-

2200 4731 2324 4769 nus.
2346 4716 2419 4770 At
2437 4731 2606 4785 quem
2630 4715 2987 4770 attendentes
3009 4715 3255 4787 lapidem
3276 4716 3467 4771 vivum
3487 4716 3558 4771 ab
3583 4716 3831 4771 homini-

2197 4808 2303 4862 bus
2342 4809 2573 4879 quidem
2608 4810 2995 4881 reprobatum,
3033 4828 3067 4866 a
3108 4813 3221 4866 Deo
3251 4815 3445 4866 autem
3483 4811 3730 4866 electum
3773 4817 3831 4868 et

2197 4902 2647 4970 honoriﬁcatum,
2687 4907 2745 4957 et
2778 4904 2887 4975 ipsi
2924 4907 3203 4976 tanquam
3239 4905 3453 4976 lapides
3482 4902 3591 4959 vivi
3623 4922 3825 4978 super-

2199 4996 2578 5065 azdiﬁcamini,
2597 4998 2796 5052 domos
2815 4998 3151 5069 spirituales,
3168 4999 3549 5053 sacerdotium
3563 5006 3828 5055 sanctum

2199 5090 2403 5144 offerre
2424 5090 2741 5162 spirituales
2760 5092 2973 5146 hostias
2989 5092 3361 5163 acceptabiles
3381 5093 3494 5147 Deo
3513 5109 3617 5163 per
3632 5094 3830 5148 Iesum

2195 5185 2496 5255 Christum,
2539 5188 2774 5257 propter
2816 5186 2966 5257 quod
3015 5186 3269 5242 continet
3311 5186 3598 5258 Scriptura
3632 5203 3645 5240 :
3688 5190 3829 5243 Ecce

2195 5296 2342 5349 pono
2372 5280 2430 5334 in
2463 5279 2596 5335 Sion
2628 5280 2879 5351 lapidem
2908 5297 3217 5349 summum,
3256 5281 3590 5353 angularem
3624 5284 3682 5335 et
3707 5283 3825 5337 ele-

2195 5374 2712 5446 ctum,pretiosum,
2738 5380 2794 5429 et
2825 5374 2921 5445 qui
2959 5374 3264 5430 crediderit
3289 5375 3348 5429 in
3377 5391 3509 5429 eum
3534 5391 3652 5429 non
3686 5393 3826 5430 con-

2192 5467 2482 5535 fundetur,
2514 5468 2672 5522 vobis
2699 5468 2873 5540 igitur
2900 5469 3086 5523 honor
3116 5468 3499 5538 credentibus,
3544 5486 3661 5523 non
3697 5487 3828 5525 ere-

2195 5562 2457 5617 dentibus
2481 5565 2672 5617 autem
2691 5563 2855 5635 lapis,
2879 5580 3051 5634 quem
3074 5564 3526 5635 reprobaverunt
3545 5563 3832 5619 adifican-

2192 5662 2294 5724 tes,
2318 5655 2409 5710 hic
2429 5656 2607 5711 factus
2633 5658 2791 5712 estin
2814 5662 2982 5729 caput
3000 5658 3215 5729 anguli.
3242 5659 3310 5712 Et
3329 5657 3473 5729 lapis
3497 5656 3830 5715 offensionis

2194 5756 2251 5806 et
2282 5754 2445 5822 petra
2476 5751 2726 5807 scandali
2760 5751 2847 5807 his
2877 5752 2975 5823 qui
3009 5752 3306 5808 offendunt
3343 5752 3535 5822 verbo,
3569 5769 3675 5807 nec
3704 5770 3832 5810 ere-

2192 5846 2334 5903 dunt
2360 5846 2421 5902 in
2444 5863 2557 5920 quo
2580 5850 2638 5902 et
2654 5847 2819 5919 positi
2845 5848 3109 5903 sunt.Vos
3129 5852 3323 5903 autem
3348 5863 3529 5923 genus
3549 5847 3824 5931 electum,
