4058 6324
241 337 340 391 221

1481 334 1957 391 DECRETALIUM
1996 335 2380 391 COLLECTIU.

3495 338 3599 392 222

238 446 437 515 regale
466 445 861 515 sacerdotium,
889 461 1027 518 gens
1053 449 1264 515 sancta,
1289 448 1529 517 populus
1555 446 1872 517 acquisitio-
1893 456 1953 529 Α
1970 444 2057 516 pit
2084 444 2326 514 gratiam
2353 442 2412 496 in
2430 442 2769 496 alterutrum
2792 441 2949 496 illam
2976 438 3439 496 administrantes
3458 442 3602 496 sicut

241 539 348 607 nis,
382 543 445 593 ut
467 539 700 595 virtutes
727 540 1077 595 annuntietis
1105 541 1228 611 ejus
1254 540 1349 611 qui
1386 541 1456 595 de
1502 540 1747 594 tenebris
1772 557 1869 595 vos

237 633 528 687 revocavit
565 633 625 687 in
663 634 995 689 admirabile
1031 635 1225 689 lumen
1253 650 1422 688 suum
1454 633 1501 701 (Ι
1528 636 1670 689 Petr.
1704 650 1741 701 1,
1778 636 1868 689 l3-

236 728 329 791 25;
367 728 506 795 l-9).
554 728 745 782 Estote
790 744 948 799 ergo,
977 726 1313 794 charissimi,
1344 727 1653 798 prudentes
1698 730 1755 782 et
1785 726 1870 780 vi-

236 819 415 888 gilate
445 819 508 873 in
531 820 911 891 orationibus;
941 824 1072 875 ante
1102 820 1295 875 omnia
1316 823 1510 874 autem
1529 825 1791 875 mutuam
1812 819 1872 873 in

233 911 661 984 vobismetipsis
690 914 1024 969 charitatem
1052 914 1382 969 continuam
1415 913 1706 980 habentes,
1741 912 1875 984 quia

233 1005 489 1061 charitas
507 1007 697 1078 operit
714 1008 1144 1063 multitudinem
1160 1010 1549 1080 peccatorum,
1563 1006 1872 1077 hospitales

233 1098 481 1154 invicem
507 1100 627 1154 sine
654 1101 1113 1156 murmuratione
1146 1101 1532 1172 unusquisque
1562 1099 1708 1155 sicut
1724 1116 1875 1154 acce-

1970 538 2106 591 boni
2133 538 2542 607 dispensatores
2582 534 2953 590 multiformis
2997 535 3196 606 gratiae
3227 534 3349 589 Dei.
3383 534 3438 589 Si
3475 535 3601 605 quis

1970 630 2227 701 loquitur
2254 629 2416 700 quasi
2442 645 2736 684 sermones
2764 628 2882 683 Dei.
2915 628 2969 684 Si
2998 628 3124 699 quis
3153 627 3438 683 ministrat
3476 632 3597 683 tan-

1974 741 2150 797 quam
2173 741 2238 779 ex
2266 724 2473 779 virtute
2503 742 2675 795 quam
2702 725 3060 779 administrat
3088 725 3238 778 Deus
3271 728 3337 778 ut
3374 723 3433 778 in
3475 740 3600 779 om-

1972 818 2142 872 nibus
2181 817 2583 871 honoriﬁcetur
2626 818 2771 872 Deus
2801 835 2906 888 per
2943 819 3134 871 Jesum
3172 816 3479 884 Christum,
3512 817 3601 872 cui

1974 916 2057 966 est
2084 910 2265 981 gloria
2284 915 2340 965 et
2364 910 2671 981 imperium
2697 911 2756 965 in
2782 912 2986 965 saecula
3010 910 3365 965 saeculorum.
3396 913 3596 965 Amen.

1974 1003 2022 1076 (Ι
2046 1007 2190 1058 Patr.
2222 1021 2295 1071 1v,
2326 1009 2356 1057 7
2384 1009 2434 1058 et
2452 1004 2582 1074 seq.)
2616 1026 2641 1053 υ
2675 1006 2810 1059 Data
2856 1004 3089 1059 Kalend.
3126 1003 3355 1075 Aprilis,
3385 1004 3600 1060 Maxen-

1973 1097 2050 1152 tio
2076 1100 2133 1153 et
2154 1098 2398 1153 Maximo
2430 1098 2495 1152 IV
2525 1114 2604 1152 cc.
2639 1099 2855 1153 consul.
3147 1094 3155 1101 ’

1717 1239 2095 1252 —I————-

644 1339 1069 1410 EPISTOLA
1121 1342 1565 1411 MARCELLI
1615 1342 1875 1411 PAPAE
1920 1345 2040 1412 AD
2095 1344 2625 1413 MAXENTIUM
2682 1345 3197 1415 TYRANNUM.

305 1478 637 1534 MARCELLUS
668 1478 968 1551 episcopus
996 1484 1204 1535 sanctae
1247 1483 1305 1534 et
1339 1480 1661 1551 apostolicae
1696 1484 1754 1536 et
1779 1498 1869 1535 ca-

234 1571 461 1625 tholicae
490 1571 651 1625 urbis
680 1572 897 1641 Romae,
926 1574 1231 1629 MAXENTIO.

305 1663 572 1735 Magistra
600 1665 884 1720 bonorum
911 1666 1170 1723 omnium
1189 1665 1430 1721 charitas
1457 1683 1583 1737 quas
1613 1665 1755 1720 nihil
1781 1682 1867 1721 ra-

233 1757 321 1828 pit
345 1760 709 1826 extraneum,
737 1758 878 1813 nihil
908 1759 1027 1831 agit
1054 1776 1339 1831 asperum,
1370 1759 1512 1814 nihil
1549 1760 1869 1828 confusum,

1972 1482 2149 1548 dotes,
2180 1483 2278 1553 qui
2322 1483 2444 1554 ejus
2472 1482 2733 1537 videlicet
2761 1486 2893 1537 sunt
2915 1482 3034 1536 veri
3073 1482 3386 1537 sacerdotes
3419 1482 3596 1554 elegi-

1970 1592 2096 1630 mus
2126 1581 2360 1646 propter
2381 1576 2681 1646 justitiam,
2713 1578 2771 1629 et
2794 1592 2983 1630 veram
3022 1575 3198 1629 ﬁdem
3229 1562 3512 1647 persequi,
3546 1582 3604 1631 et

1970 1684 2074 1739 pro
2101 1668 2309 1723 Christi
2340 1668 2575 1723 nomine
2592 1668 2918 1740 pati,quam
2951 1668 3149 1723 multis
3179 1668 3387 1722 divitiis
3413 1667 3598 1737 ditari,

1973 1761 2408 1834 honoribusque,
2449 1762 2855 1833 copiosissimis
2909 1761 3231 1829 abundare,
3283 1766 3341 1815 et
3396 1760 3604 1816 cmlesti

236 1822 381 1904 nihil
405 1822 728 1921 factiosum,
754 1852 897 1906 nihil
925 1822 1079 1924 quod
1107 1822 1311 1908 honori
1326 1822 1531 1908 'divino
1570 1822 1868 1924 repugnet,
1893 1838 1948 1909 Β
1972 1871 2150 1927 regno
2177 1822 2695 1956 carereJlsta‘enim
2717 1855 3054 1927 temporalia
3075 1822 3229 1922 sunt,
3249 1854 3345 1908 illa
3366 1860 3599 1923 aeterna,

234 1944 445 1998 animae
469 1946 715 2016 propriae
743 1949 959 2014 noceat,
991 1949 1091 2002 aut
1116 1947 1359 2018 proximi
1389 1947 1688 2002 commodo
1716 1947 1873 2001 dero-

237 2042 355 2107 get,
407 2036 583 2092 oblita
625 2038 732 2107 sui,
779 2056 893 2093 non
943 2056 1069 2110 quas
1125 2044 1278 2109 sunt,
1331 2040 1425 2094 sed
1471 2053 1599 2112 quae
1643 2040 1743 2094 Dei
1786 2039 1873 2094 vel

233 2130 483 2201 proximi
514 2148 797 2202 quaerens,
832 2133 1053 2187 nemini
1079 2133 1338 2187 invidens
1374 2133 1636 2187 omnibus
1668 2150 1870 2187 consu-

236 2223 380 2292 lens,
402 2241 523 2279 non
555 2224 812 2294 saeviens,
837 2227 935 2281 sed
963 2227 1330 2298 compatiens,
1359 2243 1475 2281 non
1506 2226 1753 2297 rapiens,
1776 2227 1873 2281 sed

234 2316 510 2388 largiens,
537 2335 656 2374 non
690 2336 1077 2387 murmurans,
1106 2321 1205 2375 sed
1251 2321 1441 2375 omnia
1481 2320 1873 2392 aequanimiter

235 2411 507 2480 tolerans,
535 2413 582 2467 si
610 2413 671 2467 in
696 2416 752 2468 te
782 2414 1029 2484 perfecte
1058 2414 1358 2483 habitaret,
1382 2419 1730 2486 temperares
1755 2414 1871 2467 ani-

236 2521 404 2560 mum
426 2522 462 2559 a
481 2506 666 2576 malis,
688 2508 886 2562 saevire
918 2507 1221 2568 desineres,
1244 2508 1305 2562 id
1325 2513 1428 2575 est,
1448 2508 1547 2561 Dei
1569 2507 1871 2562 Ecclesiam

233 2615 299 2652 ac
325 2602 548 2654 sanctos
574 2600 697 2671 ejus
727 2601 993 2671 persequi
1024 2617 1287 2671 cessares,
1318 2601 1607 2673 tyrannidi
1635 2601 1869 2655 modum

235 2691 585 2764 imponeres,
611 2694 870 2749 furorem
898 2694 1207 2764 cohiberes,
1237 2694 1581 2750 humanitati
1607 2695 1866 2764 invigila-

236 2803 347 2857 res,
379 2787 719 2843 modestiam
768 2789 1209 2859 amplectereris,
1251 2791 1310 2843 et
1345 2788 1505 2843 bonis
1553 2788 1870 2860 potioribus

235 2880 354 2935 frui
382 2885 685 2951 satageres.
715 2882 969 2937 Charitas
1005 2881 1158 2937 enim
1188 2886 1415 2937 exercet
1452 2882 1644 2951 corda,
1674 2897 1870 2937 sensus

235 2974 581 3043 corroborat,
612 2978 676 3029 ut
702 2975 843 3030 nihil
871 2991 1062 3047 grave,
1092 2975 1234 3030 nihil
1263 2975 1511 3042 difﬁcile,
1544 2975 1642 3030 sed
1685 2980 1871 3030 totum

235 3067 338 3122 ﬁat
364 3068 531 3123 dulce
559 3070 714 3141 quod
741 3068 949 3140 agitur,
978 3070 1114 3125 dum
1154 3070 1273 3140 ejus
1308 3069 1379 3124 sit
1418 3069 1717 3140 proprium
1759 3086 1869 3124 nu-

237 3163 377 3217 trire
402 3162 657 3234 paciﬁca,
687 3180 907 3219 servare
935 3164 1264 3235 composita,
1288 3163 1588 3219 dissociata
1629 3163 1869 3233 conjun-

235 3273 395 3327 gere,
414 3274 587 3328 prava
608 3256 872 3329 dirigere,
898 3262 954 3313 et
976 3258 1212 3313 virtutes
1242 3258 1485 3329 reliquas
1505 3257 1873 3329 perfectionis

234 3366 355 3404 suae
388 3350 707 3405 munimine
729 3351 992 3406 solidare.
1006 3352 1089 3405 De
1106 3351 1226 3422 ipsa
1247 3367 1384 3422 ergo
1405 3368 1601 3406 omnes
1629 3367 1873 3406 monens

236 3444 566 3514 Apostolus,
596 3445 678 3500 ita
710 3444 984 3516 loquitur,
1018 3444 1213 3499 dicens
1246 3462 1259 3499 :
1294 3467 1321 3494 ‹‹
1351 3444 1405 3500 Si
1436 3444 1645 3516 linguis
1685 3444 1869 3499 homi-

239 3554 381 3592 num
426 3538 633 3610 loquar
670 3541 727 3593 et
760 3539 1113 3610 angelorum,
1143 3539 1479 3594 charitatem
1520 3541 1713 3593 autem
1757 3555 1871 3592 non

236 3631 508 3701 habeam,
536 3631 720 3686 factus
749 3649 876 3686 sum
901 3632 1053 3687 velut
1079 3649 1153 3686 azs
1182 3649 1389 3687 sonans
1424 3637 1521 3687 aut
1547 3631 1873 3703 cymbalum

238 3725 526 3796 tinniens;
558 3730 617 3781 et
640 3725 687 3779 si
710 3726 958 3781 habuero
989 3742 1218 3781 omnem
1256 3725 1633 3798 prophetiam,
1674 3728 1732 3780 et
1766 3743 1868 3780 no-

237 3819 418 3874 verim
462 3819 729 3891 mysteria
764 3820 955 3875 omnia
989 3825 1046 3876 et
1086 3836 1317 3875 omnem
1343 3820 1657 3889 scientiam,
1692 3823 1748 3873 et
1778 3820 1873 3874 ha-

236 3912 421 3968 buero
479 3928 708 3968 omnem
759 3913 953 3983 ﬁdem,
993 3913 1071 3968 ita
1117 3919 1179 3968 ut
1226 3916 1451 3968 montes
1506 3913 1868 3982 transferam,

239 4007 581 4062 charitatem
624 4011 816 4062 autem
863 4024 977 4063 non
1018 4008 1284 4077 habeam,
1326 4007 1470 4062 nihil
1514 4024 1672 4077 sum;
1724 4013 1781 4062 et
1827 4006 1871 4061 si

239 4100 584 4156 distribuero
622 4101 683 4155 in
737 4101 892 4157 cibos
947 4118 1265 4173 pauperum
1322 4118 1525 4157 omnes
1577 4101 1871 4155 facultates

238 4211 415 4263 meas,
444 4199 503 4249 et
530 4194 576 4249 si
604 4194 885 4251 tradidero
916 4212 1121 4266 corpus
1164 4212 1358 4251 meum
1398 4196 1479 4250 ita
1520 4199 1585 4250 ut
1618 4195 1869 4264 ardeam,

237 4288 581 4343 charitatem
608 4292 799 4343 autem
830 4306 943 4344 non
974 4289 1235 4357 habeam,
1261 4289 1401 4344 nihil
1444 4288 1589 4343 mihi
1617 4287 1869 4359 prodest.

238 4382 501 4439 Charitas
554 4382 774 4454 patiens
828 4388 932 4451 est,
988 4383 1239 4455 benigna
1293 4386 1396 4438 est.
1453 4383 1705 4439 Charitas
1759 4398 1874 4436 non

240 4475 563 4545 aemulatur,
592 4492 711 4531 non
736 4476 853 4548 agit
874 4493 1195 4548 perperam,
1223 4493 1341 4531 non
1368 4476 1615 4545 inﬂatur,
1642 4492 1762 4530 non
1791 4480 1876 4530 est

1892 3211 1946 3285 C

1972 1949 2081 2003 ista
2104 1949 2331 2016 caduca,
2364 1948 2420 2004 e't
2446 1949 2517 2005 ad
2548 1950 2748 2004 horam
2779 1948 3153 2017 transeuntia,
3186 1948 3281 2002 illa
3308 1964 3440 2003 vero
3469 1965 3601 2020 per-

1971 2048 2145 2113 petua
2163 2048 2222 2098 et
2249 2043 2369 2098 sine
2396 2042 2509 2098 fine
2533 2060 2820 2098 mansura.
2855 2044 2935 2098 Tu
2964 2058 3120 2114 ergo,
3149 2042 3248 2114 qui
3271 2058 3374 2097 nos
3401 2042 3603 2097 suades

1973 2136 2188 2190 cultum
2219 2136 2507 2192 dimittere
2547 2137 2822 2206 divinum,
2851 2140 2908 2191 et
2931 2155 2963 2191 a
2990 2140 3147 2190 recta
3175 2136 3288 2190 ﬁde
3315 2135 3600 2205 recedere,

1973 2229 2196 2301 diisque
2228 2229 2548 2300 immolare,
2582 2230 2783 2285 melius
2808 2230 2912 2285 tibi
2939 2232 3104 2297 foret,
3126 2233 3192 2285 ut
3219 2232 3281 2284 tu
3305 2230 3465 2301 prius
3483 2246 3608 2283 mu-

1970 2322 2204 2377 tabilem
2248 2326 2305 2377 te
2349 2324 2656 2394 prteberes,
2687 2340 3001 2395 omnesque
3052 2321 3439 2378 exhortareris
3469 2322 3605 2377 ﬁdei

1972 2416 2309 2471 documenta
2346 2421 2402 2471 et
2440 2417 2615 2472 divini
2668 2418 2851 2472 cultus
2904 2417 3221 2472 ministeria
3267 2417 3349 2471 ita
3386 2422 3602 2485 tenere,

1972 2510 2116 2564 sicut
2140 2513 2333 2565 Patres
2365 2511 2562 2580 nostri,
2592 2511 2775 2564 sancti
2804 2510 3065 2581 apostoli,
3098 2510 3203 2564 sibi
3233 2509 3435 2563 tradita
3460 2526 3603 2581 pra:-

1971 2603 2301 2659 dicaverunt
2347 2607 2404 2657 et
2450 2605 2787 2659 docuerunt.
2827 2604 2966 2658 Boni
3012 2603 3167 2657 enim
3223 2602 3494 2674 principis
3537 2619 3603 2657 ac

1970 2697 2123 2769 regis
2154 2701 2239 2751 est
2267 2698 2525 2753 ecclesias
2549 2697 2823 2753 contritas
2850 2702 3019 2769 atque
3046 2696 3240 2751 scissas
3260 2701 3600 2767 restaurare,

1971 2808 2146 2846 novas
2176 2790 2475 2858 aadiﬁcare,
2507 2797 2562 2846 et
2600 2790 2696 2846 Dei
2740 2791 3059 2846 sacerdotes
3105 2791 3392 2845 honorare
3431 2792 3602 2861 atque

1969 2862 2329 2956 tueri.!Unde
2358 2889 2575 2940 sanctos
2609 2886 2887 2956 apostolos
2913 2900 3227 2956 eorumque
3255 2899 3603 2939 successores

1970 2979 2074 3033 sub
2110 2954 2298 3033 divina
2338 2978 2749 3033 contestatione
2791 2978 3150 3033 constituisse
3192 2977 3452 3047 legimus,
3486 2993 3600 3032 non

1971 3072 2177 3128 debere
2207 3072 2327 3127 ﬁeri
2358 3072 2799 3144 persecutiones,
2830 3089 2935 3127 nec
2960 3071 3162 3126 inferri
3187 3070 3598 3140 ﬂuctuationes,

1970 3182 2077 3221 nec
2100 3166 2356 3221 invidere
2390 3166 2777 3221 laborantibus
2808 3165 2868 3220 in
2904 3182 3042 3236 agro
3071 3165 3385 3235 Dominico,
3414 3181 3603 3237 neque

1974 3261 2258 3331 expellere
2286 3259 2484 3314 aeterni
2509 3260 2681 3329 Regis
2708 3258 3141 3330 dispensatores,
3173 3260 3272 3314 sed
3302 3259 3348 3313 si
3379 3258 3477 3330 qui
3507 3274 3600 3313 ex-

1971 3353 2119 3425 pulsi
2148 3353 2363 3407 fuerint
2390 3358 2487 3407 aut
2516 3352 2630 3406 suis
2658 3353 2826 3407 rebus
2865 3352 3156 3424 exspoliati
3194 3352 3380 3424 primo
3410 3351 3605 3406 omnia

1971 3446 2230 3517 legaliter
2248 3446 2428 3514 reddi,
2447 3462 2575 3517 qum
2602 3445 2683 3499 eis
2708 3446 2779 3500 ab
2801 3446 3043 3500 inimicis
3065 3450 3163 3501 aut
3181 3463 3215 3500 a
3234 3444 3605 3517 persecutori-

1970 3540 2074 3595 bus
2096 3540 2275 3595 ablata
2307 3542 2455 3610 sunt,
2484 3544 2541 3594 et
2566 3540 2723 3594 sedes
2756 3539 3008 3611 proprias
3051 3555 3181 3593 cum
3227 3539 3491 3594 omnibus
3530 3539 3603 3594 ad

1973 3650 2030 3689 se
2056 3633 2472 3705 pertinentibus
2509 3632 2849 3704 regulariter
2876 3632 3118 3700 restitui,
3148 3636 3203 3687 et
3230 3636 3429 3703 postea
3453 3637 3600 3688 tem-

1970 3743 2109 3799 pore
2140 3744 2393 3799 congruo
2422 3726 2614 3782 vocari
2654 3726 2727 3781 ad
2775 3726 3058 3796 synodum
3100 3725 3441 3795 regulariter
3464 3743 3603 3781 con-

1973 3824 2290 3894 gregatam,
2312 3838 2416 3877 nec
2445 3821 2642 3876 liceret
2668 3820 2738 3888 ei,
2768 3820 3099 3892 priusquam
3123 3820 3262 3874 ﬁant
3290 3821 3433 3890 haec,
3456 3821 3525 3875 de
3545 3837 3604 3876 se

1965 3915 2127 3987 juxta
2166 3919 2378 3971 statuta
2418 3914 2822 3987 prmdictorum
2866 3913 3230 3986 respondere,
3264 3918 3364 3969 aut
3395 3914 3464 3969 de
3491 3915 3604 3969 suis

1975 4008 2444 4081 impetitionibus,
2470 4008 2514 4062 si
2541 4026 2599 4063 se
2628 4008 2832 4063 viderit
2858 4006 3218 4080 praegravari,
3251 4007 3489 4062 reddere
3520 4024 3609 4062 ra-

1977 4091 2369 4193 tionem.)Sed,
2399 4102 2485 4156 his
2528 4103 2634 4157 rite
2680 4103 2938 4174 peractis,
2967 4101 3195 4173 suisque
3232 4102 3495 4157 omnibus
3534 4103 3602 4156 li-

1973 4197 2107 4251 bere
2138 4196 2439 4268 dispositis,
2469 4195 2513 4250 si
2543 4201 2667 4251 tum
2686 4197 2839 4268 juste
2864 4196 3102 4264 videtur,
3127 4195 3242 4251 suis
3268 4197 3608 4267 respondeat

1975 4289 2420 4358 accusatoribus,
2455 4293 2513 4343 et
2540 4289 2817 4357 inducias,
2849 4289 2894 4344 si
2919 4290 2971 4345 ei
2999 4306 3228 4344 necesse
3254 4290 3446 4359 fuerit,
3468 4289 3611 4344 acci-

1972 4382 2095 4455 piat
2124 4399 2238 4438 non
2287 4382 2537 4437 modicas
2577 4388 2643 4437 ut
2679 4384 2968 4454 explorare
3000 4384 3188 4438 valeat
3216 4399 3279 4438 ea
3306 4400 3433 4455 quae
3460 4381 3607 4454 obji-

1974 4478 2201 4531 ciuntur
2229 4476 2300 4546 ei,
2332 4494 2405 4531 ne
2436 4476 2741 4548 aliquando
2774 4477 3002 4531 delusus
3036 4478 3236 4532 fraude
3275 4478 3610 4532 innocenter

238 4570 558 4639 ambitiosa,
592 4584 713 4625 non
750 4571 952 4642 quaerit
986 4588 1113 4642 quas
1140 4587 1239 4625 sua
1268 4573 1418 4639 sunt,
1452 4587 1570 4625 non
1595 4570 1874 4638 irritatur,
1896 4585 1955 4657 D
1977 4574 2128 4640 ruat,
2152 4570 2424 4643 quoniam
2454 4587 2571 4625 non
2609 4575 2835 4641 oportet
2861 4586 3211 4642 quemquam
3235 4571 3495 4641 judicare
3521 4571 3608 4625 vel

238 4681 356 4719 non
392 4664 609 4735 cogitat
651 4664 891 4733 malum,
926 4681 1042 4719 non
1089 4665 1301 4736 gaudet
1343 4681 1513 4735 super
1552 4664 1873 4736 iniquitate,

243 4758 569 4829 congaudet
591 4762 786 4813 autem
814 4759 1053 4814 veritati.
1085 4759 1293 4813 Omnia
1320 4758 1532 4826 suffert,
1556 4757 1746 4812 omnia
1765 4774 1878 4812 cre-

244 4851 348 4920 dit,
390 4852 585 4907 omnia
619 4855 825 4924 sperat,
867 4852 1063 4908 omnia
1112 4852 1366 4908 sustinet.
1418 4851 1670 4907 Charitas
1725 4868 1875 4905 nun—

243 4963 417 5018 quam
440 4946 649 5001 excidit
664 4946 714 5019 (Ι
736 4949 854 5005 Cor.
875 4963 992 5015 xm,
1023 4951 1039 5002 Ι
1077 4951 1127 5001 et
1145 4946 1298 5018 seq.)
1325 4968 1352 4998 »
1376 4945 1641 5016 Quisquis
1662 4961 1799 5016 ergo
1818 4945 1878 4999 in

245 5040 370 5111 ejus
400 5058 458 5095 se
488 5041 676 5096 radice
722 5040 923 5096 inserit
949 5058 1055 5096 nec
1090 5059 1122 5096 a
1152 5041 1433 5096 viriditate
1474 5040 1681 5107 deﬁcit,
1713 5056 1815 5094 nec
1849 5056 1882 5093 a

243 5134 525 5190 fructibus
582 5135 880 5203 inaneseit,
920 5136 1052 5207 quia
1103 5151 1297 5190 amore
1345 5133 1704 5189 fecunditatis
1741 5150 1880 5204 opus

245 5229 449 5285 efﬁcax
478 5246 597 5284 non
624 5229 890 5285 admittit.
924 5229 1078 5285 Licet
1109 5229 1285 5285 modo
1325 5229 1571 5285 charitas
1600 5229 1659 5282 in
1689 5244 1877 5300 perse-

246 5323 541 5379 cutoribus
585 5323 847 5379 Ecclesiaa
893 5340 1184 5379 servorum
1228 5340 1358 5396 quae
1388 5323 1482 5378 Dei
1517 5322 1762 5378 arefacta
1788 5321 1879 5390 sit,

244 5418 403 5489 viget
442 5423 635 5473 tamen
676 5417 737 5473 in
777 5418 1125 5474 amatoribus
1155 5419 1297 5491 ejus,
1329 5421 1386 5473 et
1411 5417 1469 5474 in
1498 5434 1595 5473 eos
1639 5416 1738 5489 qui
1776 5432 1880 5487 pa-

246 5512 472 5567 tiuntur
514 5515 749 5584 propter
779 5512 1084 5585 justitiam,
1125 5512 1194 5568 de
1240 5512 1466 5585 quibus,
1510 5511 1633 5584 ipsa
1675 5526 1779 5582 per
1824 5526 1883 5564 sc

244 5606 465 5662 Veritas
515 5607 751 5662 testatur
779 5606 971 5663 dicens
1000 5623 1014 5662 :
1049 5626 1076 5659 ‹‹
1104 5606 1263 5662 Beati
1291 5606 1389 5679 qui
1434 5604 1885 5679 persecutionem

245 5700 549 5774 patiuntur
567 5706 801 5774 propter
816 5701 1103 5774 justitiam
1127 5702 1339 5773 (Matth.
1362 5718 1413 5769 v,
1446 5700 1551 5772 10).
1577 5720 1605 5753 ››
1629 5701 1698 5755 Et
1714 5697 1880 5754 alibi:

250 5816 280 5848 ‹‹
323 5795 380 5852 Si
425 5811 520 5850 me
556 5796 839 5868 persecuti
866 5799 1017 5866 sunt,
1045 5799 1102 5852 et
1125 5812 1223 5852 vos
1257 5799 1677 5870 persequentur
1707 5793 1882 5868 (Joan.

244 5906 343 5961 xv,
375 5892 489 5964 20),
516 5911 544 5942 ››
582 5890 770 5964 potius
796 5890 950 5948 enim
978 5908 1081 5947 nos
1115 5895 1174 5948 et
1202 5907 1401 5947 omnes
1445 5889 1671 5945 Domini
1700 5904 1885 5944 sacer-

1980 4667 2258 4721 damnare
2289 4664 2622 4736 priusquam
2651 4663 2934 4734 legitimos
2961 4664 3167 4718 habeat
3193 4668 3498 4735 praesentes
3520 4681 3611 4722 ac~

1979 4764 2280 4827 cusatores,
2295 4759 2595 4829 locumque
2617 4757 2963 4811 defendendi
2978 4756 3216 4828 accipiat
3230 4756 3303 4812 ad
3325 4756 3613 4815 abluenda

1978 4853 2237 4911 crimina.
2265 4852 2425 4907 Unde
2451 4852 2529 4905 ait
2558 4850 2870 4922 propheta:
2900 4871 2928 4900 ‹‹
2954 4850 3290 4923 Priusquam
3315 4868 3607 4925 agnoscas,

1979 4964 2092 5003 non
2121 4946 2346 5019 judices
2380 4962 2732 5017 quemquam
2766 4946 2946 5015 (Eccli.
2976 4961 3049 5014 x1,
3079 4944 3151 5017 7).
3184 4966 3210 4995 ››
3244 4947 3305 5000 In
3336 4947 3447 5001 hoc
3474 4964 3612 5019 ergo

1983 5042 2080 5114 qui
2108 5039 2354 5113 episcopi
2398 5043 2454 5095 et
2496 5039 2700 5111 reliqui
2730 5039 2872 5094 servi
2900 5039 3001 5093 Dei
3030 5045 3466 5112 persequuntur,
3493 5059 3613 5097 non

1981 5139 2206 5190 tantum
2248 5133 2354 5206 ipsi
2400 5136 2823 5205 persequuntur
2853 5136 3129 5204 quantum
3178 5134 3271 5189 ille
3309 5135 3471 5206 cujus
3498 5135 3614 5190 vice

1981 5229 2321 5300 funguntur,
2350 5228 2495 5282 sicut
2520 5228 2792 5298 scriptum
2821 5231 2923 5295 est,
2958 5227 3111 5290 «Qui
3141 5244 3236 5283 vos
3265 5230 3471 5300 tangit,
3492 5234 3618 5286 tan-

1984 5322 2066 5393 git
2084 5321 2356 5394 pupillam
2378 5322 2521 5376 oculi
2544 5321 2658 5375 mei
2676 5322 2851 5392 (Zach.
2874 5338 2936 5391 n,
2954 5323 3003 5392 8)
3016 5343 3063 5377 .››
3082 5323 3147 5376 Et
3163 5321 3324 5377 alibi:
3345 5342 3371 5375 «
3391 5322 3498 5389 Qui
3517 5342 3616 5381 vos

1984 5416 2351 5485 contristavit,
2370 5433 2463 5470 me
2486 5414 2838 5471 contristavit
2858 5415 2993 5487 (Col.
3021 5432 3102 5487 III,
3125 5418 3234 5489 25);
3261 5437 3288 5470 ››
3315 5422 3372 5474 et
3395 5437 3407 5474 :
3446 5441 3473 5470 ‹‹
3509 5420 3617 5483 Qui

1983 5510 2121 5565 facit
2147 5508 2439 5581 injuriam,
2468 5509 2705 5580 recipiet
2733 5509 2790 5565 id
2816 5510 2972 5583 quod
2992 5511 3185 5583 inique
3213 5514 3384 5584 gessit
3407 5517 3478 5581 (II
3493 5516 3614 5571 Cor.

1983 5622 2045 5672 ιι,
2068 5605 2138 5675 5),
2162 5624 2188 5652 ››
2217 5620 2312 5658 vos
2340 5619 2497 5674 ergo,
2520 5603 2653 5658 licet
2680 5625 2707 5654 ‹‹
2735 5620 2973 5676 corpora
3002 5609 3195 5660 nostra
3222 5608 3446 5678 possitis
3466 5607 3614 5661 occi-

1987 5698 2141 5766 dere,
2165 5697 2384 5752 animas
2410 5699 2606 5752 tamen
2638 5715 2755 5752 non
2784 5698 3017 5770 potestis
3043 5700 3296 5754 occidere
3321 5701 3532 5770 (Matth.
3556 5718 3612 5772 x,

1983 5790 2093 5861 28),
2127 5813 2154 5843 »
2205 5807 2313 5846 nec
2356 5791 2563 5862 gradus
2607 5791 2772 5846 nobis
2810 5792 3077 5847 divinitus
3114 5794 3346 5847 collatos
3378 5794 3617 5863 potestis

1985 5888 2224 5944 auferre.
2254 5886 2547 5961 Synodum
2578 5902 2715 5959 ergo
2761 5886 2974 5957 absque
3003 5886 3173 5959 hujus
3219 5889 3426 5945 sancta:
3467 5888 3620 5954 sedis
