4058 6294
446 313 546 366 223

1339 310 1617 364 ΑΡΡΕΝΙ).
1659 310 1746 362 ΑΙ)
1784 309 1945 363 ΞᾸΞΟ.
1992 308 2075 361 IX.
2099 335 2166 345 -—
2205 307 2451 363 lSlDORI
2491 303 2913 362 MERCATORIS

3705 303 3817 356 224

448 417 781 472 auctoritate
802 416 1552 488 episcoporum,quanquam
1571 416 1848 487 quosdam
1869 416 2078 486 episco-
2098 427 2361 499 Aneque
2404 415 2558 469 enim
2609 414 2856 468 moriens
2903 411 3063 466 tollet
3103 409 3312 478 omnia,
3353 426 3459 464 nec
3509 411 3819 464 descendet

447 529 552 583 pos
579 510 803 582 possitis
828 526 1194 580 congregare,
1225 527 1337 563 non
1367 510 1603 580 potestis
1635 509 1978 580 regulariter
2000 509 2079 562 fa-

451 621 602 672 cere,
635 620 820 674 neque
845 604 1028 657 ullum
1057 603 1382 673 episcopum
1409 603 1504 673 qui
1541 603 1688 656 hanc
1716 602 2079 673 appellaverit

451 698 813 768 apostolicam
843 697 1033 751 sedem
1057 696 1343 765 damnare,
1363 699 1669 766 antequam
1696 696 1829 750 hinc
1850 699 2075 748 senten-

450 790 530 845 tia
566 790 781 844 ﬁnitiva
807 790 1090 860 procedat.
1122 790 1260 842 Nam
1304 788 1349 842 si
1399 789 1696 843 saeculares
1738 789 1798 842 in
1839 787 2077 860 publicis

445 884 671 954 judiciis
702 883 905 936 libellis
932 885 1172 936 utuntur
1199 883 1602 952 appellatoriis,
1633 885 1850 954 quanto
1894 881 2078 952 magis

452 977 829 1032 sacerdotibus
857 976 978 1028 haec
1008 975 1207 1029 eadem
1236 991 1406 1045 agere
1433 976 1584 1042 licet,
1617 976 1713 1046 qui
1756 991 1930 1046 super
1957 973 2078 1028 illos

451 1071 619 1125 sunt?
655 1071 724 1123 de
769 1068 971 1139 quibus
1019 1068 1234 1122 dictum
1259 1073 1343 1123 est
1372 1086 1384 1122 :
1419 1090 1446 1117 «
1480 1071 1598 1140 Ego
1627 1068 1740 1122 dixi
1770 1085 1782 1122 :
1816 1068 1901 1121 Dii
1947 1068 2078 1122 estis

449 1168 504 1218 et
533 1163 630 1216 ﬁlii
658 1161 856 1216 excelsi
884 1177 1083 1215 omnes
1113 1162 1280 1230 (Psal.
1313 1178 1498 1228 LXXXI,
1529 1162 1602 1231 6).
1636 1183 1662 1209 »
1693 1163 1759 1215 Et
1786 1160 1916 1215 ideo
1949 1162 2074 1214 nul-

447 1258 534 1311 lus
557 1255 852 1327 episcopus
876 1254 987 1310 nisi
1025 1255 1085 1308 in
1130 1253 1391 1324 legitima
1424 1254 1637 1326 synodo
1669 1271 1770 1308 suo
1798 1259 2074 1325 tempore,

446 1349 754 1422 apostolica
777 1353 874 1402 aut
901 1347 1150 1417 regulari
1183 1347 1514 1402 auctoritate
1558 1351 1882 1416 convocata,
1909 1362 2080 1418 super

451 1442 795 1515 quibuslibet
821 1442 1073 1511 pulsatus
1100 1441 1432 1495 criminibus
1457 1441 1720 1496 audiatur
1739 1442 1826 1495 vel
1850 1441 2076 1511 judice-

447 1541 639 1603 tur,ne
657 1536 928 1589 innocens
949 1534 1251 1589 damnetur
1261 1538 1358 1588 aut
1372 1535 1574 1605 perdat
1591 1535 2076 1589 communionem.

452 1631 616 1694 Quod
641 1628 790 1695 laici,
815 1632 912 1682 aut
941 1628 1186 1698 suspecti
1211 1627 1506 1699 episcopos
1533 1645 1645 1681 non
1666 1627 1907 1683 debeant
1921 1644 2079 1682 accu-

451 1740 596 1790 sare,
610 1739 796 1794 neque
817 1721 1229 1776 accusatoribus
1247 1721 1317 1776 de
1336 1721 1550 1774 inimici
1566 1722 1734 1775 domo
1752 1720 2080 1792 prodeunti-

2178 514 2303 579 post
2345 526 2475 564 eum
2528 508 2704 579 gloria
2747 507 2890 577 ejus.
2922 506 3064 570 Quia
3095 505 3302 559 animm
3331 520 3447 558 sum
3477 503 3533 557 in
3567 504 3679 558 vita
3711 521 3818 558 sua

2176 602 2494 656 benedicet.
2528 601 2860 657 Laudabunt
2885 603 2939 654 te
2966 616 3099 654 cum
3129 600 3276 653 bene
3303 598 3618 652 fuerittibi.
3643 600 3815 652 Intra-

2176 696 2259 750 bit
2280 711 2452 766 usque
2471 695 2543 749 ad
2566 694 2998 765 generationem
3025 697 3254 764 patrum
3277 708 3530 761 suorum,
3556 707 3734 762 usque
3754 692 3816 744 in

2177 789 2350 843 ﬁnem
2377 805 2493 842 non
2521 788 2734 842 videbit
2762 789 2978 858 lumen,
3008 788 3179 841 homo
3207 803 3338 840 cum
3371 786 3429 839 in
3470 785 3686 839 honore
3726 801 3813 838 es-

2176 887 2280 947 set,
2325 898 2441 936 non
2485 881 2945 949 commovebitur,
3000 880 3337 935 assimilatus
3385 879 3663 950 jumentis
3720 895 3814 932 ex-

2176 979 2432 1046 aequatus
2473 981 2557 1030 est
2599 976 2765 1044 (Psal.
2811 991 2996 1041 XLvIII,
3045 977 3105 1028 13
3153 978 3204 1028 et
3249 974 3404 1043 seq).
3441 994 3468 1022 »
3520 974 3586 1026 Et
3634 972 3814 1026 alibi:

2183 1090 2209 1117 ‹‹
2235 1069 2378 1132 Quid
2412 1069 2672 1140 gloriaris
2703 1069 2761 1121 in
2792 1067 3030 1134 malitia,
3053 1071 3260 1138 potens
3284 1065 3675 1121 misericordia
3695 1065 3814 1134 Dei,

2177 1165 2299 1216 tota
2325 1162 2414 1216 die
2443 1161 2676 1217 insidias
2703 1161 2969 1233 cogitavit
2993 1161 3188 1231 lingua
3217 1165 3332 1229 tua,
3353 1158 3516 1230 quasi
3543 1159 3819 1214 novacula

2179 1258 2342 1308 acuta
2362 1254 2578 1309 faciens
2603 1255 2819 1309 dolum.
2849 1253 3101 1308 Dilexisti
3122 1253 3399 1307 malitiam
3428 1253 3612 1322 magis
3640 1268 3819 1323 quam

2179 1349 2414 1416 bonum,
2436 1349 2800 1403 mendacium
2821 1348 3006 1418 magis
3033 1364 3205 1418 quam
3224 1347 3382 1418 loqui
3402 1345 3704 1417 justitiam.
3729 1346 3820 1399 Di-

2177 1442 2361 1495 lexisti
2391 1442 2581 1496 omnia
2604 1441 2769 1495 verba
2811 1441 2882 1494 ad
2922 1440 3328 1506 devorandum,
3361 1439 3560 1510 lingua
3594 1439 3813 1493 dolosa.

2180 1536 2286 1590 Sed
2324 1538 2468 1590 Deus
2515 1536 2769 1589 destruet
2811 1540 2865 1588 te
2917 1535 2975 1587 in
3029 1533 3461 1604 sempiternum,
3488 1532 3724 1587 terrebit
3763 1538 3820 1586 et

2181 1630 2375 1682 evellet
2412 1634 2466 1683 te
2506 1630 2574 1683 de
2622 1629 3008 1698 tabernaculo,
3037 1632 3092 1682 et
3119 1627 3425 1682 eradicabit
3469 1630 3522 1680 te
3565 1626 3637 1680 de
3667 1631 3820 1680 terra

2179 1721 2505 1776 viventium.
2540 1723 2608 1775 Et
2632 1722 2904 1776 videbunt
2933 1721 3072 1792 justi
3119 1726 3175 1775 et
3217 1720 3524 1786 timebunt,
3561 1724 3618 1773 et
3645 1736 3820 1789 super

449 1817 556 1872 bus
586 1816 931 1871 credendum
965 1799 1063 1892 sit):
1083 1819 1138 1869 et
1176 1831 1208 1868 a
1234 1815 1402 1869 beato
1433 1815 1724 1869 Clemente
1771 1814 1906 1885 ipsis
1949 1830 2078 1868 eum
2101 1803 2156 1873 B
2181 1832 2311 1870 eum
2329 1815 2615 1870 ridebunt.
2632 1817 2770 1869 Ecce
2782 1815 2868 1869 vir
2884 1816 2980 1886 qui
2998 1831 3111 1868 non
3124 1814 3314 1885 posuit
3328 1815 3512 1868 Deum
3535 1812 3821 1867 fortitudi-

451 1910 862 1965 instruentibus
879 1901 1141 1980 apostdlis
1166 1907 1411 1979 legimus
1439 1907 1759 1974 deﬁnitum,
1783 1914 1840 1962 et
1867 1924 1970 1961 nos
1990 1923 2080 1962 ea-

456 2005 586 2058 dem
615 2003 929 2068 ﬁrmamus,
959 2002 1232 2072 quoniam
1278 2002 1452 2057 iidem
1497 2002 1627 2056 odio
1677 2001 2075 2056 multotiesin-

455 2098 609 2154 censi
652 2099 804 2150 recte
850 2095 1132 2164 viventes,
1175 2100 1344 2165 atque
1401 2096 1693 2150 credentes
1750 2094 2080 2166 perturbare

454 2191 736 2246 nituntur.
765 2190 1070 2258 Propterea
1113 2204 1380 2258 persona,
1414 2188 1570 2256 ﬁdes,
1599 2189 1730 2258 vita,
1763 2191 1818 2241 et
1847 2203 2076 2241 conver-

453 2283 591 2338 satio
619 2288 786 2354 atque
829 2281 1069 2352 suspicio
1119 2282 1507 2335 accusantium
1538 2281 1869 2336 enucliatim
1894 2281 2081 2351 primo

453 2377 797 2448 inquirenda
823 2380 926 2442 est,
949 2374 1155 2428 deinde
1183 2391 1312 2446 quae
1335 2374 1682 2444 objiciuntur
1699 2375 1939 2429 ﬁdeliter
1957 2391 2082 2445 per-

453 2470 770 2537 tractanda,
800 2468 935 2539 quia
964 2468 1106 2521 nihil
1139 2473 1272 2522 ante
1299 2467 1420 2522 ﬁeri
1452 2469 1619 2522 debet
1647 2484 1817 2539 quam
1850 2467 2078 2538 impeti-

451 2569 640 2618 torum
665 2562 800 2629 vita,
831 2565 886 2616 et
917 2561 1157 2632 suspicio
1195 2564 1368 2632 atque
1407 2561 1600 2615 odium
1649 2562 1987 2633 inquiratur.
2014 2563 2083 2616 Et

451 2658 496 2712 si
533 2657 700 2711 bonae
743 2655 1177 2709 conversationis
1224 2672 1340 2709 non
1390 2655 1603 2708 fuerint
1653 2659 1750 2709 aut
1806 2655 1952 2724 laici,
1997 2656 2082 2709 vel

455 2749 739 2805 manifesti
796 2747 1015 2802 inimici
1072 2751 1171 2801 aut
1223 2747 1349 2801 odio
1402 2747 1648 2817 respersi
1699 2748 1930 2817 fuerint,
1977 2764 2080 2801 ne-

457 2858 746 2915 quaquam
785 2840 843 2893 in
881 2839 1278 2911 episcoporum
1323 2840 1670 2911 recipiantur
1709 2841 2080 2896 accusatione.

458 2939 588 2992 Haec
637 2935 796 2989 vobis
843 2951 874 2987 a
924 2933 1129 3004 quibus
1192 2934 1363 2988 minis
1415 2934 1618 2988 infeste
1690 2935 2087 3006 persequimur

461 3029 686 3085 scienda
746 3028 1117 3096 mandamus,
1171 3030 1232 3079 ut
1286 3027 1354 3080 ab
1415 3027 1500 3081 his
1555 3045 1653 3081 vos
1704 3029 1979 3096 caveatis,
2032 3034 2087 3083 et

461 3123 684 3178 cessetis
745 3121 1012 3192 persequi
1064 3137 1159 3174 eos
1211 3120 1307 3191 qui
1357 3121 1470 3174 Deo
1526 3121 1881 3191 ministrant,
1941 3139 2084 3193 quo-

465 3172 679 3178 --_---_-
745 3172 1006 3192 [μηνί
1219 3172 1305 3191 τη
1412 3172 1461 3174 __
1526 3172 1881 3191 ___-_--__-_-,
1947 3172 2047 3193 γ-

460 3233 592 3272 rum
657 3214 1003 3270 orationibus
1060 3217 1117 3266 et
1181 3216 1408 3267 terrena
1473 3213 1618 3267 bella
1683 3215 1974 3282 sedantur,
2034 3172 2162 3269 etCl

461 3312 608 3365 Deus
651 3307 1041 3380 peccatoribus
1090 3306 1449 3376 conciliatur;
1497 3313 1553 3363 et
1595 3308 1643 3361 si
1687 3309 1927 3379 amplius
1985 3326 2087 3363 nos

463 3403 743 3475 elegeritis
768 3401 1027 3472 persequi
1060 3417 1230 3472 quam
1270 3401 1386 3454 Deo
1424 3402 1664 3471 placere,
1693 3407 1747 3456 et
1776 3419 1880 3456 nos
1909 3402 2088 3473 magis

462 3498 725 3569 eligimus
735 3495 1013 3550 sustinere
1028 3495 1485 3566 persecutionem
1503 3512 1676 3566 quam
1690 3496 1948 3567 regulam
1963 3513 2089 3551 con-

455 3591 618 3648 fundi
669 3589 1131 3660 ecclesiasticam,
1179 3590 1448 3644 hortante
1504 3607 1606 3644 nos
1661 3591 1782 3661 ipsa
1826 3591 2089 3646 Veritatis

456 3703 611 3754 voce,
635 3691 804 3755 atque
826 3684 906 3738 ita
924 3686 1166 3738 testante
1189 3700 1201 3737 :
1234 3683 1463 3738 «Nolite
1485 3684 1684 3739 timere
1707 3701 1802 3738 eos
1822 3685 1921 3755 qui
1941 3685 2085 3738 oeci-

456 3780 600 3836 dunt
626 3795 847 3848 corpus,
880 3777 1130 3830 animam
1173 3781 1365 3830 autem
1407 3793 1520 3830 non
1558 3782 1795 3847 possunt
1837 3778 2088 3832 occidere

463 3872 675 3941 (Matth.
705 3887 758 3937 x,
791 3871 899 3940 28).
933 3890 960 3918 ››
995 3870 1063 3921 Et
1107 3868 1317 3922 iterum
1352 3886 1363 3923 :
1400 3891 1426 3919 ‹‹
1464 3870 1519 3924 Si
1561 3870 1687 3940 quis
1735 3871 1855 3924 vult
1893 3871 2086 3924 venire

455 3968 587 4039 post
608 3981 722 4033 me,
748 3963 992 4033 abneget
1017 3963 1385 4033 semetipsum
1413 3967 1468 4018 et
1494 3964 1651 4018 tollat
1679 3981 1901 4019 crucem
1930 3981 2088 4019 suam

461 4065 519 4114 et
553 4061 821 4130 sequatur
848 4072 962 4110 me.
1002 4055 1108 4118 Qui
1155 4057 1309 4110 enim
1352 4057 1588 4111 voluerit
1631 4058 1880 4113 animam
1928 4076 2086 4114 suam

459 4154 670 4208 salvam
717 4150 921 4217 facere,
958 4149 1159 4220 perdet
1204 4165 1347 4204 eam.
1387 4149 1492 4214 Qui
1542 4153 2088 4224 autem-perdiderit

461 4248 712 4303 animam
743 4260 903 4300 suam
931 4248 1165 4315 propter
1189 4260 1281 4298 me
1311 4244 1562 4300 inveniet
1589 4263 1736 4300 eam.
1760 4247 1904 4310 Quid
1932 4247 2087 4301 enim

457 4343 691 4418 prodest
726 4339 952 4396 homini
996 4339 1041 4393 si
1089 4339 1368 4394 mundum
1421 4341 1749 4396 universum
1813 4342 2086 4410 lucretur,

463 4439 672 4494 animae
698 4451 830 4492 vero
858 4450 974 4489 suae
1007 4433 1415 4488 detrimentum
1453 4435 1741 4506 patiatur?
1767 4439 1878 4490 Aut
1909 4452 2085 4507 quam

2181 1926 2314 1963 nem
2327 1926 2509 1977 suam,
2526 1909 2621 1963 sed
2637 1910 2885 1980 speravit
2901 1909 2958 1963 in
2975 1907 3338 1962 multitudine
3356 1907 3680 1961 divitiarum
3697 1922 3820 1960 sua-

2179 2019 2307 2056 rum
2337 2003 2682 2056 confortatus
2711 2002 2873 2056 estin
2897 2002 3118 2056 insidiis
3146 2001 3280 2056 suis.
3305 2002 3423 2072 Ego
3449 2005 3642 2056 autem
3675 2000 3822 2054 sicut

2182 2096 2327 2150 oliva
2350 2096 2557 2163 virens,
2588 2096 2646 2149 in
2678 2096 2848 2151 domo
2896 2095 2996 2148 Dei
3050 2094 3266 2165 speravi
3324 2095 3382 2148 in
3433 2094 3822 2148 misericordia

2180 2189 2272 2243 Dei
2309 2189 2368 2242 in
2398 2190 2684 2256 saeculum,
2720 2194 2775 2242 et
2819 2188 2878 2242 in
2929 2194 3208 2241 aeternum
3255 2187 3566 2242 conﬁtebor
3606 2187 3708 2240 tibi
3760 2187 3822 2240 in

2182 2282 2454 2336 saeculum
2479 2299 2648 2354 quam
2685 2282 2888 2349 fecisti,
2921 2287 2977 2336 et
3015 2281 3351 2352 exspectabo
3395 2297 3606 2335 nomen
3651 2285 3820 2334 tuum

2181 2392 2351 2447 quam
2378 2375 2597 2430 bonum
2620 2376 2680 2429 in
2701 2379 3012 2446 conspectu
3039 2380 3364 2430 sanctorum
3389 2378 3617 2429 tuorum
3645 2373 3818 2444 (Psal.

2182 2487 2253 2536 LI,
2282 2473 2311 2525 3
2341 2474 2392 2524 et
2419 2469 2550 2539 seq.)
2586 2491 2611 2518 ››
2640 2471 2750 2524 Ista
2777 2469 2936 2523 vobis
2967 2469 3162 2523 omnia
3203 2469 3270 2523 ad
3311 2468 3626 2536 interitum,
3656 2466 3822 2520 nobis

2181 2567 2373 2617 autem
2405 2564 2475 2617 ad
2499 2563 2992 2631 confortationem,
3020 2579 3092 2616 ne
3125 2579 3442 2634 pereamus,
3484 2561 3632 2615 dicta
3662 2565 3819 2615 sunt.

2184 2657 2348 2711 Vobis
2375 2673 2509 2727 ergo
2541 2657 2667 2711 ideo
2696 2657 2817 2710 haec
2849 2655 3166 2725 scribimus,
3196 2655 3330 2726 quia
3356 2655 3633 2709 debitores
3659 2653 3822 2708 vobis

2185 2767 2398 2816 sumus,
2423 2750 2643 2804 dicente
2673 2750 2909 2804 Domino
2934 2767 2946 2803 :
2985 2771 3011 2798 «
3043 2747 3272 2819 Diligite
3299 2747 3562 2802 inimicos
3583 2750 3818 2813 vestros,

2184 2844 2497 2898 benefacite
2535 2845 2614 2897 eis
2655 2844 2753 2914 qui
2791 2860 2889 2898 vos
2939 2844 3182 2897 oderunt
3215 2843 3378 2910 (Rom.
3410 2857 3506 2911 xu,
3536 2841 3643 2910 '20).
3677 2862 3705 2889 ››
3753 2842 3822 2893 Et

2187 2938 2322 2991 alibi
2343 2938 2629 3008 Scriptura
2649 2937 2900 3008 loquitur
2917 2937 3114 2990 dicens
3133 2953 3145 2990 :
3167 2957 3193 2986 ‹‹
3208 2936 3266 2990 Si
3285 2934 3544 2990 esurierit
3559 2933 3824 2988 inimicus

2185 3034 2334 3097 tuus,
2365 3031 2490 3085 ciba
2529 3031 2724 3100 illum;
2777 3031 2824 3083 si
2864 3031 2998 3097 sitit,
3030 3034 3226 3100 potum
3258 3029 3330 3084 da
3368 3028 3472 3082 illi.
3501 3029 3614 3082 Hoc
3665 3027 3822 3082 enim

2188 3125 2395 3178 faciens
2424 3125 2693 3178 carbones
2719 3123 2870 3195 ignis
2908 3139 3219 3193 congregas
3263 3139 3436 3193 super
3484 3124 3653 3192 caput
3697 3120 3822 3190 ejus

2190 3218 2402 3287 (Matth.
2437 3221 2488 3285 5,
2511 3218 2619 3286 44).
2646 3240 2672 3266 ››
2704 3218 2796 3271 His
2821 3217 2948 3271 fulti
2975 3216 3404 3272 auctoritatibus
3429 3215 3647 3269 bellum
3667 3214 3821 3286 quod

2186 3312 2486 3366 adversum
2507 3329 2610 3366 nos
2637 3312 2893 3366 excitatis
2921 3311 3061 3364 adeo
3083 3310 3317 3365 feliciter
3345 3311 3575 3364 dextera
3598 3308 3822 3362 Domini

2187 3410 2520 3476 protegente
2563 3422 2665 3460 nos
2707 3410 2877 3477 atque
2925 3422 3028 3475 pro
3072 3404 3232 3459 nobis
3268 3406 3561 3476 pugnante
3592 3402 3823 3474 paciﬁca

2189 3504 2415 3570 portare
2456 3500 2719 3571 cupimus
2757 3503 2820 3554 ut
2857 3499 3243 3570 triumphante
3293 3497 3510 3552 Christo
3561 3497 3823 3551 omnium

2188 3610 2446 3648 verorum
2482 3595 2583 3648 ﬁat
2606 3611 2719 3649 una
2747 3593 2979 3648 victoria
3011 3592 3373 3647 sacerdotum
3407 3596 3462 3646 et
3491 3594 3821 3645 coruscante

2187 3687 2404 3742 lumine
2450 3688 2719 3758 veritatis,
2755 3689 2928 3743 solem
2976 3687 3179 3741 erroris
3228 3685 3480 3740 tenebras
3526 3701 3658 3739 cum
3705 3685 3824 3738 suis

2187 3782 2509 3836 auctoribus
2541 3783 2840 3853 pellantur,
2874 3782 3010 3853 quia
3053 3798 3167 3835 non
3199 3783 3283 3834 est
3327 3780 3385 3833 in
3429 3778 3679 3833 hominis
3718 3795 3820 3848 po-

2187 3878 2386 3930 testate
2417 3875 2717 3930 consilium
2741 3875 2858 3930 Dei.
2892 3896 2918 3924 ‹‹
2955 3877 3144 3930 Justus
3174 3878 3258 3929 est
3283 3873 3437 3928 enim
3468 3872 3738 3927 Dominus
3765 3875 3824 3926 et

2190 3969 2380 4023 omnia
2407 3969 2624 4040 judicia
2648 3969 2769 4040 ejus
2787 3970 2939 4041 justa
2963 3974 3112 4038 sunt,
3137 3973 3307 4039 atque
3335 3983 3530 4022 omnes
3554 3965 3660 4020 vias
3699 3966 3824 4037 ejus

2187 4063 2573 4118 misericordia
2592 4069 2647 4118 et
2663 4063 2866 4118 veritas
2887 4068 2943 4118 et
2955 4062 3235 4134 judicium
3253 4061 3402 4133 (Tob.
3424 4077 3504 4128 III,
3526 4061 3600 4132 2).
3624 4061 3684 4113 In
3707 4076 3823 4113 ma~

2187 4173 2267 4210 nu
2294 4157 2517 4212 Domini
2544 4162 2788 4228 potestas
2817 4162 3002 4225 terrae,
3029 4156 3120 4211 cui
3147 4155 3498 4211 exsecrabilis
3519 4157 3605 4208 est
3634 4153 3822 4208 omnis

2188 4250 2472 4322 iniquitas,
2502 4252 2562 4305 in
2601 4268 2777 4306 manu
2822 4251 2925 4305 Dei
2973 4255 3222 4323 potestas
3263 4249 3532 4315 hominis,
3566 4251 3621 4302 et
3649 4263 3824 4318 super

2189 4345 2391 4398 faciem
2438 4345 2632 4400 scribae
2678 4345 2975 4417 imponent
3016 4345 3296 4399 honorem
3343 4359 3534 4397 suum.
3575 4340 3826 4397 Perdidit

2189 4439 2337 4493 Deus
2373 4439 2705 4494 memoriam
2744 4439 3144 4511 superborum,
3173 4436 3297 4511 52
3333 4443 3389 4492 et
3415 4437 3610 4508 inique
3642 4451 3820 4507 agen-

460 4533 614 4588 dabit
637 4531 809 4585 homo
839 4528 1339 4584 commutationem
1367 4545 1470 4599 pro
1509 4529 1698 4583 anima
1747 4546 1847 4584 sua
1861 4530 1887 4584 ‘?
1919 4530 2089 4585 Filius
2109 4549 2168 4622 D
2190 4532 2355 4603 tium,
2371 4538 2426 4587 et
2440 4549 2556 4587 non
2571 4533 2869 4605 dereliquit
2886 4533 3222 4588 memoriam
3241 4531 3567 4600 humilium,
3583 4535 3639 4585 et
3652 4529 3826 4583 bono-

459 4627 612 4682 enim
641 4623 893 4681 hominis
924 4626 1196 4677 venturus
1228 4626 1313 4676 est
1338 4623 1397 4676 in
1429 4623 1607 4694 gloria
1631 4623 1809 4678 Patris
1844 4624 1926 4678 sui
1959 4641 2090 4679 cum

461 4721 676 4792 angelis
702 4719 836 4790 suis,
861 4721 917 4772 et
938 4720 1073 4771 tunc
1091 4715 1293 4771 reddet
1313 4717 1617 4789 unicuique
1637 4718 1947 4773 secundum
1970 4719 2091 4789 ejus

460 4832 601 4886 opus
633 4814 846 4883 (Matth.
879 4827 991 4878 xvr,
1023 4811 1091 4864 24
1134 4815 1183 4865 et
1231 4809 1387 4882 seq.).
1416 4830 1442 4863 »
1481 4813 1586 4865 Ista
1616 4812 1771 4866 vobis
1813 4812 1975 4867 valde
2015 4814 2087 4867 ti—

456 4907 667 4964 menda
690 4910 745 4960 et
770 4903 1017 4961 cavenda
1045 4906 1196 4970 sunt,
1225 4920 1257 4957 a
1282 4903 1487 4975 quibus
1525 4905 1775 4959 Ecclesia
1812 4906 1910 4960 Dei
1939 4907 2086 4977 ejus-

458 5018 570 5077 que
608 4998 856 5054 ministri
891 5003 1163 5053 vexantur
1193 5002 1249 5052 et
1273 5001 1714 5069 persequuntur,
1745 4999 1946 5071 quibus
1976 5001 2085 5054 Do-

457 5094 645 5152 minus
697 5108 799 5164 per
843 5092 1187 5163 Prophetam
1236 5090 1506 5148 minando
1551 5093 1805 5165 loquitur
1851 5094 2083 5149 dicens:

462 5211 490 5243 ι(
522 5190 700 5244 Homo
736 5186 796 5240 in
843 5186 1060 5240 honore
1098 5202 1216 5240 non
1261 5187 1723 5258 commorabitur,
1752 5187 2088 5242 assimilatus

448 5281 725 5359 jumentis
761 5285 1086 5352 exaequatus
1126 5283 1226 5336 est.
1272 5281 1400 5336 Haec
1449 5285 1534 5336 est
1575 5281 1663 5336 via
1697 5298 1912 5350 eorum,
1947 5282 2085 5336 insi-

455 5377 673 5454 pientia
699 5391 918 5447 eorum,
953 5381 1008 5430 et
1033 5379 1158 5446 post
1196 5392 1290 5429 eos
1329 5376 1491 5446 juxta
1531 5392 1593 5430 os
1635 5393 1833 5431 eorum
1875 5380 2083 5444 curret,

457 5474 618 5546 quasi
662 5489 792 5527 oves
817 5471 878 5525 in
905 5469 1128 5525 inferno
1157 5469 1324 5540 positi
1359 5473 1506 5536 sunt,
1540 5486 1691 5525 mors
1733 5474 1927 5541 pascet
1970 5487 2084 5538 eos,

457 5571 514 5624 et
542 5566 842 5639 subjicient
874 5581 973 5620 eos
998 5563 1136 5618 recti
1167 5563 1225 5616 in
1253 5562 1551 5632 matutino,
1583 5567 1639 5618 et
1674 5564 1862 5635 ﬁgura
1891 5581 2087 5619 eorum

457 5665 784 5718 conteretur
812 5660 872 5714 in
900 5658 1127 5713 inferno
1170 5659 1300 5727 post
1338 5656 1728 5712 habitaculum
1768 5675 1954 5727 suum,
1987 5676 2084 5712 ve-

455 5761 779 5812 rumtamen
809 5755 958 5809 Deus
994 5750 1239 5806 redimet
1276 5750 1528 5805 animam
1571 5768 1757 5806 meam
1797 5753 1867 5807 de
1912 5769 2086 5808 manu

454 5850 623 5905 inferi
653 5867 782 5904 cum
812 5843 1180 5916 assumpserit
1205 5861 1316 5899 me.
1340 5846 1458 5899 Noli
1478 5844 1700 5913 timere,
1725 5863 1854 5900 cum
1879 5847 2085 5902 ditatus

456 5943 628 6002 fuerit
646 5943 752 6010 vir,
775 5957 905 5996 cum
931 5938 1300 6012 multiplicata
1319 5940 1488 5998 fuerit
1511 5939 1693 6011 gloria
1721 5940 1919 5996 domus
1942 5942 2082 6015 ejus,

2191 4645 2320 4682 rum
2351 4628 2646 4682 hominum
2675 4630 2855 4698 (Eccli.
2889 4645 2944 4696 x,
2979 4629 3030 4692 4,
3063 4633 3112 4696 7,
3144 4632 3196 4695 5,
3221 4627 3329 4697 21).
3363 4627 3474 4680 Hoc
3502 4627 3696 4679 autem
3719 4640 3824 4695 pro

2192 4728 2341 4777 certo
2371 4722 2540 4776 habet
2566 4723 2751 4777 omnis
2783 4722 2881 4793 qui
2909 4727 3059 4776 recte
3086 4722 3218 4776 colit
3246 4722 3442 4790 Deum,
3473 4719 3607 4791 quia
3636 4718 3683 4772 si
3713 4717 3825 4773 vita

2191 4817 2310 4887 ejus
2332 4816 2392 4870 in
2417 4817 2752 4888 probatione
2779 4816 2951 4888 fuerit
2975 4815 3452 4883 corroborabitur,
3482 4818 3539 4867 et
3564 4814 3609 4868 si
3637 4814 3699 4868 in
3726 4813 3821 4868 tri-

2187 4884 2472 4966 bulatione
2499 4884 2937 4992 liberabitueri
2965 4926 3095 4964 vero
3137 4909 3196 4963 in
3232 4908 3588 4979 correptione
3626 4908 3818 4974 fuerit,

2187 5004 2257 5058 ad
2281 5004 2565 5059 miseriam
2593 5005 2903 5077 perveniet.
2922 5007 3001 5058 Tu
3031 5019 3169 5074 ergo
3196 5020 3269 5057 ne
3299 5001 3595 5058 delecteris
3617 5001 3674 5054 in
3700 5018 3820 5071 per-

2189 5097 2493 5153 ditionibus
2524 5099 2753 5170 nostris,
2780 5100 2914 5170 quia
2939 5104 3068 5172 post
3085 5100 3489 5170 tempestatem
3515 5096 3649 5150 facit
3674 5093 3823 5149 Deus

2189 5193 2681 5264 tranquillitatem,
2730 5200 2785 5248 et
2835 5196 2962 5265 post
3008 5192 3479 5264 lacrymationem
3524 5195 3581 5244 et
3623 5189 3822 5244 ﬂetum

2189 5287 2622 5342 exsultationem
2635 5288 2904 5343 infundit.
2927 5287 3263 5342 Benedictus
3280 5287 3550 5341 Dominus
3564 5287 3708 5340 Deus
3725 5287 3824 5338 Pa-

2187 5384 2339 5434 trum
2389 5387 2731 5451 nostrorum,
2760 5381 2877 5454 qui,
2909 5399 3036 5436 cum
3067 5381 3242 5436 iratus
3269 5381 3462 5447 fuerit,
3496 5379 3824 5434 misericor-

2189 5473 2339 5528 diam
2355 5475 2599 5544 faciet,et
2610 5477 2671 5530 in
2685 5482 2938 5548 tempore
2952 5475 3331 5531 tribulationis
3347 5477 3576 5546 peccata
3587 5473 3827 5528 dimittit

2191 5568 2334 5637 (Tob.
2370 5585 2451 5638 III,
2479 5572 2567 5640 21,
2597 5571 2706 5642 23).
2739 5572 2978 5641 Magnus
3008 5575 3092 5624 est
3125 5568 3396 5623 Dominus
3425 5569 3485 5622 in
3514 5572 3823 5635 aeternum,

2187 5665 2241 5715 et
2271 5661 2390 5732 ipse
2436 5667 2597 5735 reget
2639 5681 2742 5720 nos
2785 5664 2844 5718 in
2889 5665 3092 5719 saecula
3117 5664 3226 5736 (Ps.
3259 5665 3444 5733 XLvII),
3473 5685 3500 5711 >›
3546 5661 3827 5732 quoniam

2185 5771 2429 5826 regnum
2457 5759 2577 5828 ejus
2597 5762 2900 5830 permanet
2919 5759 2977 5813 in
3005 5759 3209 5814 saecula
3232 5759 3591 5823 saeculorum,
3617 5759 3822 5811 Amen.

2186 5849 2320 5904 Data
2347 5867 2432 5906 XVI
2473 5852 2594 5907 Kal.
2629 5853 2916 5908 Februarii
2958 5854 3229 5910 Maxentio
3258 5857 3315 5909 et
3351 5851 3591 5908 Maximo
3634 5850 3698 5905 IV
3733 5866 3822 5909 cc.

2186 5946 2403 6001 consul.
