4058 6378
1434 426 1903 483 DECRETALIUM
1943 421 2325 485 COLLECTIO.

3463 437 3563 490 2'26

712 768 716 773 ’
793 755 1368 850 INCIPIUNT
1468 747 1867 848 DECRE’.

1948 753 1992 845 Χ
2094 754 2529 848 EUSEBII
2633 756 2996 849 ΡΑΡλΕ.

1056 924 1236 999 (Anno
1263 924 1487 981 Domini
1514 927 1636 993 309,
1667 928 1926 997 tempore
1950 925 2306 981 Constantini
2330 924 2732 998 imperatoris.)

275 1192 639 1249 Charissimis
669 1194 940 1251 fratribus
974 1196 1215 1251 Domino
1251 1199 1308 1252 et
1332 1197 1446 1252 Deo
1473 1196 1688 1251 dilectis
1718 1196 1838 1268 epi-
1861 1201 2139 1284 Asponte
2200 1197 2420 1268 prolata
2478 1197 2535 1250 in
2595 1197 2705 1251 illis
2758 1214 2864 1253 vox
2914 1197 3125 1253 habere
3182 1216 3294 1255 non
3348 1202 3566 1272 potest;

203 1288 390 1359 scepis
420 1288 687 1345 omnibus
712 1305 814 1361 per
843 1290 1158 1345 Gallicanas
1187 1290 1507 1361 provincias
1527 1290 1841 1346 constitutis

203 1383 495 1437 Eusaems.

273 1475 499 1547 Scripta
526 1476 838 1531 sanctitatis
873 1481 1073 1532 vestrae
1111 1493 1241 1531 cum
1282 1492 1498 1548 magna
1524 1477 1839 1548 gratiarum

202 1569 431 1624 actione
483 1570 734 1641 suscepi,
797 1570 1023 1642 gavisus
1067 1570 1277 1625 scilicet
1325 1571 1395 1625 de
1441 1575 1625 1626 vestra
1669 1571 1843 1642 sospi-

201 1665 343 1729 tate,
375 1662 479 1717 sed
508 1663 870 1718 contristatus
914 1664 1084 1718 nimis
1123 1664 1193 1718 de
1233 1668 1413 1719 vestra
1456 1665 1839 1736 oppressione.

203 1755 369 1820 Quod
399 1754 762 1827 signiﬁcastis
792 1757 947 1811 enim
983 1757 1116 1828 quid
1152 1757 1219 1812 de
1247 1759 1527 1812 conversis
1563 1757 1843 1812 haereticis

198 1848 327 1903 ﬁeri
357 1848 665 1917 debuisset,
695 1850 894 1904 scitote
933 1867 1034 1905 nos
1071 1867 1166 1905 eos
1196 1852 1293 1923 qui
1324 1851 1383 1905 in
1414 1856 1626 1906 sanctas
1656 1851 1840 1906 Trini-

201 1941 401 1996 nitatis
439 1942 549 1997 ﬁde
584 1943 848 2015 baptizati
876 1947 1007 1998 sunt
1038 1961 1140 2015 per
1174 1945 1597 2016 impositionem
1637 1962 1843 1999 manus

204 2035 515 2106 suscipere.
553 2037 630 2090 De
670 2037 1117 2092 accusationibus
1150 2055 1281 2092 vero
1316 2038 1646 2093 clericorum
1675 2055 1845 2110 super

206 2129 419 2199 quibus
448 2128 786 2197 mandastis,
826 2130 1043 2200 scitote,
1088 2148 1122 2185 a
1156 2134 1416 2203 tempore
1453 2132 1843 2204 apostolorum

206 2222 268 2276 in
295 2223 403 2276 hac
433 2226 625 2278 sancta
652 2223 791 2277 urbe
823 2227 1105 2278 servatum
1143 2241 1264 2279 esse
1294 2231 1649 2280 accusatores
1673 2229 1731 2280 et
1751 2241 1840 2280 ac-

205 2315 549 2384 cusationes,
563 2332 702 2389 quas
717 2319 1038 2372 exterarum
1057 2318 1534 2373 consuetudinum
1551 2320 1704 2390 leges
1724 2335 1844 2374 non

206 2411 511 2478 asciscunt,
537 2426 571 2464 a
598 2410 934 2465 clericorum
960 2412 1316 2466 accusatione
1345 2413 1653 2467 submotas.
1683 2412 1847 2467 Simi-

208 2503 341 2559 liter
364 2502 538 2558 laicos
559 2520 675 2559 non
703 2520 991 2560 accusasse
1020 2504 1317 2576 episcopos
1345 2506 1620 2561 hactenus
1650 2506 1840 2561 obser-

1943 1290 2092 1345 hanc
2149 1289 2380 1344 diversis
2437 1289 2772 1344 cruciatibus
2817 1306 2848 1345 e
2894 1291 3122 1346 latebris
3172 1294 3287 1347 suis
3335 1294 3568 1365 religio-

1942 1400 2037 1437 sus
2078 1388 2256 1438 tortor
2295 1382 2522 1454 exigere
2576 1383 2761 1451 debet,
2808 1387 2871 1438 ut
2911 1384 3047 1439 dum
3104 1385 3286 1456 poenis
3334 1403 3572 1459 corpora

1944 1477 2254 1544 solvuntur,
2296 1492 2424 1548 qum
2461 1481 2617 1548 gesta
2652 1480 2786 1530 sunt
2818 1477 3058 1532 ﬁdeliter
3085 1483 3139 1532 et
3162 1478 3438 1534 veraciter
3474 1497 3570 1535 ex-

1943 1570 2257 1642 quirantur.
2294 1570 2477 1639 Unde,
2513 1586 2726 1641 qumso,
2745 1570 2996 1642 primum
3018 1571 3089 1627 ad
3108 1572 3265 1642 leges
3295 1573 3570 1643 publicas,

1943 1664 2150 1718 deinde
2197 1663 2269 1717 ad
2306 1663 2529 1735 judices
2577 1680 2677 1717 ora
2723 1664 3048 1730 convertite,
3095 1666 3193 1737 qui
3238 1672 3473 1737 possunt
3520 1674 3576 1722 et

1942 1758 2140 1812 volunt
2165 1757 2582 1817 indefensione
2606 1757 2864 1812 omnium
2887 1758 3042 1829 juste
3071 1758 3245 1830 loqui.
3281 1760 3388 1813 Nos
3420 1761 3574 1815 enim

1943 1868 2087 1922 quos
2118 1851 2218 1905 Dei
2246 1850 2539 1905 servitium
2567 1855 2692 1922 post
2723 1850 2955 1905 istarum
2985 1868 3178 1906 rerum
3200 1852 3576 1924 abjectionem

1942 1944 2074 1998 fecit
2117 1943 2416 2014 ingenuos,
2467 1943 2565 2015 qui
2606 1944 2805 1998 talium
2847 1944 3260 2014 insultationes,
3301 1951 3396 2001 aut
3434 1963 3572 2002 con-

1944 2037 2231 2105 tumelias,
2282 2040 2380 2091 aut
2424 2037 2790 2108 despicimus,
2838 2042 2936 2093 aut
2981 2038 3327 2107 deridemus,
3371 2040 3576 2112 quibus

1946 2131 2221 2202 scriptum
2271 2134 2355 2185 est
2397 2131 2466 2185 de
2516 2131 2747 2185 famulis
2787 2135 2845 2185 et
2882 2131 3039 2202 vulgi
3090 2132 3419 2189 hominibus
3474 2149 3578 2204 per

1946 2225 2274 2294 Apostolum
2327 2240 2340 2278 :
2396 2224 2731 2279 Mementote
2798 2224 2934 2296 quia
2997 2228 3187 2279 vester
3238 2230 3295 2281 et
3348 2226 3577 2282 illorum

1946 2317 2221 2372 Dominus
2256 2318 2316 2371 in
2358 2318 2506 2372 caelis
2535 2321 2638 2388 est,
2677 2317 2750 2372 ad
2788 2318 2910 2372 haec
2940 2319 3129 2373 saeculi
3166 2320 3315 2374 mala
3344 2336 3574 2375 revoca-

1943 2411 2167 2465 bimur‘?
2179 2410 2522 2465 Faciendum
2535 2428 2564 2464 a
2576 2411 2739 2466 nobis
2752 2412 3009 2479 est,quod
3021 2411 3323 2471 facientem
3335 2414 3577 2469 alterum

1945 2504 2249 2575 profanum
2276 2521 2399 2558 esse
2427 2504 2827 2559 contendimus
2838 2504 2885 2589 ⁸2(
2895 2504 3057 2568 Quod
3078 2522 3178 2576 per
3197 2505 3580 2563 ministerium

204 2601 405 2652 vatum
443 2602 501 2651 et
536 2597 912 2653 constitutum
954 2603 1057 2668 est,
1100 2599 1236 2671 quia
1273 2599 1527 2670 ejusdem
1562 2616 1676 2654 non
1713 2583 2207 2668 suntBjussionis
2228 2600 2285 2650 et
2302 2583 3037 2652 manusalienzeincestaret
3052 2601 3576 2669 aspectum,nostro

131 2749 146 2759 ,
206 2691 676 2746 conversationis.
695 2692 761 2746 Et
784 2691 990 2763 oppido
1015 2693 1096 2747 eis
1112 2692 1346 2765 quidem
1367 2693 1556 2748 infesti
1577 2693 1844 2761 existunt,

207 2784 425 2857 quippe
455 2800 587 2839 cum
615 2784 726 2840 vita
764 2790 820 2839 et
857 2790 1070 2840 secreta
1098 2802 1297 2840 eorum
1335 2803 1369 2840 a
1405 2786 1679 2841 laicorum
1711 2786 1844 2841 acti-

206 2878 315 2932 bus
340 2878 594 2933 debeant
620 2894 741 2933 esse
770 2882 1010 2946 remota,
1034 2895 1139 2934 nec
1154 2880 1224 2933 ab
1243 2879 1329 2933 his
1349 2879 1554 2951 impeti
1581 2880 1844 2946 debeant,

208 2987 457 3043 quorum
504 2971 821 3026 castitatem
865 2975 923 3027 et
969 2960 1311 3043 gravitatem
1358 2973 1562 3026 nolunt
1612 2972 1846 3039 imitari,

210 3066 465 3121 maxime
494 3081 624 3120 cum
654 3081 758 3120 nec
791 3066 851 3120 hi
881 3082 977 3120 eos
1002 3067 1062 3120 in
1101 3067 1216 3121 suis
1250 3067 1446 3121 volunt
1474 3066 1723 3138 recipere
1754 3083 1845 3120 ac-

210 3159 621 3215 cusationibus.
648 3160 725 3214 De
754 3159 893 3231 ipsis
916 3176 1071 3227 vero,
1104 3160 1218 3215 suis
1245 3161 1504 3216 videlicet
1540 3160 1847 3231 agriculto-

208 3254 373 3308 ribus
401 3258 573 3325 atque
602 3252 897 3321 ministris,
931 3253 1194 3308 dominus
1232 3254 1390 3308 laicis
1421 3256 1476 3309 et
1511 3254 1725 3309 cunctis
1755 3270 1849 3309 eos

206 3346 689 3419 persequentibus
714 3346 793 3401 ait
819 3364 833 3401 :
869 3366 898 3399 (ι
925 3347 1103 3402 Nolite
1130 3349 1363 3419 tangere
1405 3346 1644 3402 christos
1668 3363 1846 3415 meos,

208 3443 271 3496 et
307 3440 367 3495 in
404 3439 702 3512 prophetis
749 3439 894 3495 meis
926 3440 1100 3495 nolite
1138 3440 1447 3512 malignari
1488 3441 1535 3509 (Ι
1567 3443 1697 3496 Par.
1734 3457 1847 3509 xvi,

208 3534 324 3605 22).
357 3554 387 3584 »
418 3534 487 3589 Et
514 3534 639 3605 ipsa
677 3550 834 3589 sacra
872 3534 1159 3606 Scriptura
1187 3533 1322 3589 dicit
1350 3551 1363 3588 :
1396 3555 1425 3585 ‹‹
1454 3533 1560 3598 Qui
1595 3550 1691 3589 vos
1719 3537 1848 3588 tan-

212 3628 319 3700 git,
355 3626 542 3700 tangit
573 3627 850 3699 pupillam
886 3628 1035 3683 oculi
1072 3628 1188 3683 mei
1231 3627 1403 3699 (Zach.
1442 3644 1501 3695 II,
1538 3628 1666 3699 8).»
1693 3626 1850 3683 Talia

211 3720 372 3776 enim
403 3724 461 3777 et
498 3720 587 3775 his
612 3720 819 3775 similia
843 3721 1020 3776 sancti
1057 3723 1251 3777 Patres
1290 3721 1668 3793 praevidentes
1694 3721 1847 3793 peri-

211 3813 361 3879 cula,
408 3813 580 3868 laicos
630 3814 837 3868 saeculo
881 3814 1191 3869 militantes
1228 3815 1298 3868 ab
1350 3813 1705 3869 accusatione
1759 3830 1846 3868 sa-

213 3909 513 3964 cerdotum
565 3907 945 3979 prohibuere,
996 3908 1258 3963 similiter
1306 3924 1492 3963 servos
1542 3913 1599 3962 et
1644 3908 1850 3962 liberos

212 4008 386 4074 atque
407 4001 669 4057 censibus
699 3990 940 4074 publicis
966 4003 1053 4056 vel
1086 4002 1316 4073 privatis
1342 4002 1692 4074 subjugatos,
1725 4018 1849 4056 om-

213 4112 434 4168 nesque
463 4094 707 4151 infames
736 4096 807 4150 ab
833 4095 1036 4151 eadem
1075 4096 1428 4151 accusatione
1460 4097 1546 4150 vel
1577 4096 1848 4167 tergiver-

214 4190 432 4246 satione
472 4190 899 4245 submoverunt.
937 4190 1061 4245 Non
1092 4190 1246 4244 enim
1279 4193 1505 4261 oportet
1526 4194 1591 4244 ut
1616 4190 1849 4261 permit-

217 4287 415 4341 tantur
440 4283 695 4338 carnales
725 4283 1042 4354 spirituales
1076 4284 1361 4356 persequi,
1399 4300 1506 4338 nec
1545 4284 1852 4338 sceleribus

215 4376 444 4448 irretiti,
479 4378 570 4432 vel
610 4376 815 4432 sreculo
851 4376 1165 4432 militantes
1210 4378 1503 4449 episcopos
1548 4378 1849 4448 infamare,

213 4472 301 4529 vel
332 4473 582 4527 lacerare
608 4475 709 4526 aut
738 4470 957 4526 crimen
981 4487 1287 4543 opponere.
1326 4473 1467 4525 Nam
1492 4472 1539 4526 si
1573 4473 1683 4527 hoc
1713 4489 1848 4544 apo-

215 4566 344 4622 stoli
373 4567 475 4621 aut
501 4580 854 4620 successores
894 4581 1091 4621 eorum
1130 4565 1553 4637 permitterent,
1582 4567 1853 4638 perpauci

215 4659 624 4731 remansissent
639 4658 741 4731 qui
763 4660 1004 4714 Domino
1031 4659 1088 4714 in
1120 4659 1453 4714 sacerdotali
1475 4660 1674 4715 ordine
1703 4661 1848 4715 mili-

217 4677 444 4715 remans
468 4676 624 4714 ssent
639 4676 741 4731 qui
766 4676 1004 4714 uommo
1031 4676 1088 4714 1n
1120 4676 1453 4714 saceraorau
1475 4676 1674 4715 orame
1703 4676 1848 4715 nuu-

217 4676 701 4846 tassentkldcirco
737 4756 795 4806 et
832 4769 955 4820 nos,
992 4755 1293 4825 sequentes
1324 4754 1557 4807 Patrum
1591 4754 1850 4824 vestigia,

218 4864 319 4921 per
342 4848 694 4904 Salvatorem
723 4863 1018 4902 servorum
1043 4847 1160 4915 Dei,
1192 4864 1556 4920 quascunque
1585 4848 1658 4902 ad
1687 4866 1849 4903 accu-

219 4942 501 4998 sationem
527 4957 801 5014 personas
830 4941 986 5013 leges
1012 4941 1253 5013 publicae
1272 4958 1388 4997 non
1413 4942 1743 5011 admittunt,
1764 4942 1852 4997 his

218 5035 604 5110 impugnandi
622 5036 884 5103 alterum,
907 5040 963 5090 et
981 5052 1086 5090 nos
1111 5034 1400 5091 licentiam
1429 5036 1848 5107 submovemus,

219 5135 273 5186 et
312 5131 489 5187 nullae
540 5128 919 5184 accusationes
958 5145 991 5184 a
1020 5128 1308 5201 judicibus
1333 5131 1641 5186 audiantur
1669 5131 1849 5186 eccle-

214 5221 450 5279 siasticis
468 5238 599 5295 quae
619 5222 840 5294 legibus
857 5224 1048 5277 saeculi
1071 5223 1468 5295 prohibentur.
1491 5226 1852 5296 Quapropter

1871 3954 1925 4028 C

1946 2696 2253 2762 peragetur
2280 2690 2543 2763 imperio,
2572 2690 2748 2745 nolite
2772 2690 2921 2744 hanc
2949 2706 3052 2761 per
3076 2691 3367 2747 universas
3387 2693 3576 2748 Eccle-

1948 2784 2053 2838 sias
2081 2786 2333 2838 mentem
2360 2783 2654 2854 rapacium
2679 2784 2944 2854 luporum
2966 2800 3129 2838 more
3159 2788 3214 2839 et
3238 2788 3439 2843 natura
3459 2801 3577 2840 ser-

1947 2894 2100 2944 vare,
2128 2877 2261 2949 quia
2289 2882 2593 2949 postquam
2615 2892 2716 2930 nos
2741 2878 3013 2945 maculat,
3044 2877 3190 2932 forte
3222 2895 3326 2949 pro
3360 2879 3576 2936 deside-

1948 2971 2048 3025 riis
2093 2988 2292 3026 eorum
2338 2975 2573 3025 cruenta
2617 2970 2887 3025 discussio
2928 2970 3187 3026 effectum
3234 2971 3288 3025 in
3334 2972 3423 3025 his
3468 2989 3580 3044 quo

1947 3065 2195 3119 tendunt
2212 3080 2328 3119 non
2350 3064 2659 3131 habebunt,
2680 3064 2903 3119 dicente
2919 3064 3084 3119 nobis
3100 3065 3380 3136 propheta
3399 3082 3411 3120 :
3432 3087 3462 3116 ‹‹
3482 3068 3585 3122 Po-

1951 3175 2155 3213 namus
2183 3158 2459 3212 circulum
2490 3158 2549 3211 in
2581 3157 2815 3212 naribus
2834 3174 3056 3226 eorum,
3081 3162 3137 3213 et
3156 3159 3384 3214 frenum
3411 3159 3472 3214 in
3501 3161 3582 3214 la-

1949 3252 2076 3322 biis,
2107 3257 2164 3306 et
2191 3252 2539 3307 reducamus
2578 3268 2672 3306 eos
2707 3251 2767 3306 in
2797 3252 2947 3307 viam
2973 3258 3183 3308 rectam
3221 3253 3345 3325 (Isa.
3377 3269 3580 3323 xxxvii,

1947 3348 2057 3415 29),
2089 3366 2116 3395 ››
2146 3346 2279 3417 quia
2308 3345 2515 3400 eodem
2538 3345 2821 3416 propheta
2839 3350 3146 3417 asserente,
3170 3346 3586 3419 impugnantur

1950 3439 2047 3510 qui
2077 3440 2292 3506 dicunt,
2331 3443 2498 3493 erunt
2537 3438 2696 3510 quasi
2735 3455 2853 3494 non
2893 3439 3025 3507 sint,
3068 3442 3126 3495 et
3168 3441 3436 3512 peribunt
3477 3442 3584 3498 viri

1950 3532 2049 3604 qui
2091 3531 2489 3587 contradicunt
2519 3532 2699 3586 nobis.
2730 3533 2972 3587 Infames
3012 3533 3167 3587 enim
3195 3539 3327 3590 sunt
3355 3537 3579 3606 procu1~

1952 3625 2126 3680 dubio
2156 3625 2585 3697 impugnatores
2604 3625 2995 3696 episcoporum
3019 3641 3333 3699 omnesque
3364 3629 3462 3699 qui
3490 3630 3585 3683 ad-

1951 3735 2142 3773 versus
2170 3720 2363 3773 Patres
2391 3723 2708 3791 armantur,
2746 3725 2803 3773 et
2841 3719 3264 3775 conculcatores
3301 3722 3578 3776 Ecclesia-

1950 3828 2080 3867 rum
2107 3813 2577 3884 sacerdotumque
2609 3812 2758 3883 ejus;
2791 3818 2848 3867 et
2874 3812 2973 3884 qui
2997 3812 3067 3867 de
3086 3813 3325 3885 publicis
3350 3815 3585 3885 fugiunt

1950 3906 2180 3977 praeliis,
2217 3911 2273 3962 et
2302 3906 2578 3961 mandata
2612 3906 2710 3961 Dei
2745 3910 3134 3975 contemnunt,
3169 3914 3226 3961 et
3266 3909 3363 3979 qui
3393 3909 3586 3981 aliqua
3636 3904 3643 3910 ’

1952 4000 2117 4071 culpa
2145 4000 2395 4055 infamiae
2421 4003 2806 4072 asperguntur
2830 4000 3069 4055 maculis
3106 4001 3370 4056 omnibus
3394 4002 3589 4075 impu?

1952 4094 2167 4164 gnandi
2192 4092 2504 4166 episcopos,
2527 4095 2757 4148 Patrum
2778 4098 3077 4166 sequentes
3096 4095 3376 4165 instituta,
3404 4102 3460 4152 et
3484 4112 3587 4152 nos

1952 4187 2241 4243 licentiam
2268 4188 2689 4256 submovemus,
2723 4187 2856 4259 quia
2885 4188 3004 4243 odit
3031 4190 3176 4244 Deus
3205 4205 3321 4257 eos,
3351 4191 3450 4263 qui
3480 4192 3585 4245 Pa-

1949 4286 2066 4335 tres
2115 4286 2557 4353 persequuntur,
2610 4285 2676 4336 ut
2732 4283 2963 4336 Patrum
3016 4282 3321 4353 invasores,
3373 4283 3473 4355 qui
3525 4285 3586 4340 in

1953 4375 2111 4429 omni
2139 4375 2354 4429 mundo
2384 4374 2624 4429 infamia
2648 4377 2939 4442 notantur,
2972 4381 3028 4431 et
3056 4376 3184 4431 ideo
3201 4376 3355 4447 juste
3394 4382 3451 4432 et
3490 4394 3583 4433 re-

1955 4468 2227 4540 gulariter
2252 4472 2620 4539 respuuntur.
2662 4469 2819 4523 Nunc
2854 4470 3030 4539 longa
3066 4487 3182 4524 non
3210 4486 3350 4542 opus
3375 4477 3459 4526 est
3482 4472 3580 4526 ad-

1953 4562 2300 4631 monitione;
2323 4562 2447 4633 jam
2469 4562 2705 4633 perditis
2732 4562 2925 4617 odium
2952 4564 3223 4618 debemus
3244 4565 3487 4634 operire,
3511 4565 3583 4618 de

1952 4656 2157 4727 quibus
2177 4656 2301 4727 jam
2325 4672 2442 4711 non
2472 4661 2727 4726 superest
2747 4657 2899 4726 quod
2919 4657 3222 4711 damnetur
3236 4657 3581 4726 auctoribus,

1954 4750 2025 4804 de
2046 4751 2252 4821 quibus
2268 4750 2543 4804 Dominus
2558 4766 2662 4820 per
2681 4749 3025 4820 prophetam
3054 4750 3327 4821 loquitur,
3351 4751 3543 4805 dicens
3566 4767 3579 4805 :

1955 4866 1983 4894 ‹‹
2009 4844 2401 4915 Reprobantes
2430 4843 2688 4909 verbum,
2720 4842 2988 4914 sperastis
3006 4842 3067 4897 in
3088 4843 3434 4899 calumniam
3450 4844 3582 4900 etin

1951 4939 2263 4993 tumultum
2293 4944 2349 4993 et
2381 4936 2565 4992 innixi
2596 4938 2729 4992 estis
2756 4937 2814 4991 in
2840 4953 2929 4991 eo.
2956 4938 3263 5009 Propterea
3297 4938 3405 4993 erit
3428 4940 3585 4995 vobis

1951 5032 2218 5104 iniquitas
2242 5033 2364 5087 hinc
2389 5032 2535 5087 sicut
2559 5031 2899 5102 interruptio
2926 5029 3054 5099 (lsa.
3088 5048 3216 5099 xxx,
3254 5036 3318 5087 l2
3343 5038 3394 5087 et
3424 5036 3528 5107 13),
3552 5055 3578 5084 »

1952 5144 2147 5182 rursus
2166 5126 2337 5181 etiam
2354 5126 2424 5182 de
2439 5126 2643 5182 talibus
2657 5125 2938 5196 propheta
2954 5125 3157 5179 clamat
3174 5126 3370 5181 dicens
3393 5144 3406 5181 :
3428 5149 3458 5177 ‹‹
3479 5132 3581 5183 Ac-

1953 5222 2133 5277 cedite
2152 5222 2283 5293 huc,
2304 5237 2498 5276 semen
2521 5220 2777 5275 adulterii
2801 5224 2857 5274 et
2873 5218 3185 5273 fornicarii.
3215 5223 3396 5292 Super
3411 5238 3583 5293 quem

213 5318 310 5387 illi,
331 5317 541 5391 quibus
562 5316 743 5372 indita
755 5332 875 5372 non
891 5321 974 5371 est
989 5316 1060 5372 ad
1085 5334 1339 5389 unguem
1360 5318 1531 5390 polita
1551 5320 1844 5390 perfectio,
1866 5327 1926 5399 D
1947 5315 2175 5383 lusistis,
2189 5331 2361 5387 super
2380 5330 2554 5386 quem
2575 5313 2853 5367 dilatastis
2874 5328 2936 5368 os
2956 5316 3014 5368 et
3032 5312 3276 5384 ejecistis
3304 5315 3581 5384 linguam.

213 5412 344 5467 talia
367 5412 535 5467 silere
561 5411 791 5480 debent,
820 5410 900 5465 ita
930 5414 998 5465 ut
1032 5428 1139 5466 nec
1177 5412 1536 5483 mutilentur,
1565 5429 1672 5467 nec
1702 5430 1847 5485 pree-

214 5509 526 5578 ponantur,
557 5520 665 5559 nec
690 5505 771 5559 illi
800 5505 901 5576 qui
934 5509 1033 5560 aut
1058 5505 1119 5559 in
1142 5506 1259 5560 fide
1288 5506 1583 5576 catholica,
1613 5511 1713 5562 aut
1736 5508 1850 5562 ini-

1948 5409 2218 5482 Nunquid
2238 5426 2355 5464 non
2375 5425 2471 5462 vos
2490 5407 2593 5461 filii
2614 5406 2834 5461 scelesti
2852 5406 3003 5475 estis,
3028 5424 3225 5464 semen
3247 5410 3491 5465 mendax
3505 5412 3533 5466 ?
3554 5433 3581 5462 »

1952 5504 2083 5574 (Isa.
2115 5519 2244 5569 Lvn,
2273 5506 2325 5569 3,
2358 5501 2434 5573 4.)
2460 5503 2693 5557 Cessent
2738 5501 2903 5573 impii
2954 5503 3349 5558 commentitia
3387 5505 3579 5559 adver-

215 5599 433 5655 micitia
462 5599 710 5670 suspecti
751 5604 885 5655 sunt
926 5598 1000 5654 ad
1042 5598 1419 5670 pulsationem
1450 5601 1852 5672 praedictorum
1953 5614 2046 5651 sus
2074 5596 2355 5668 simplices
2375 5596 2496 5665 jam
2533 5594 2735 5650 fraude
2778 5595 3030 5651 mentiri.
3061 5616 3089 5645 ‹‹
3120 5597 3365 5667 Custodi,
3399 5597 3586 5669 inquit

218 5693 621 5764 admittantur,
652 5691 789 5765 quia
819 5692 1073 5749 veritatis
1101 5694 1445 5765 professores
1468 5694 1775 5749 infidelitas
1799 5699 1854 5750 et
1950 5691 2251 5763 propheta,
2279 5690 2536 5765 linguam
2562 5691 2723 5745 tuam
2750 5705 2783 5744 a
2808 5691 2983 5760 malo,
3025 5692 3081 5746 et
3104 5690 3251 5745 labia
3277 5694 3372 5743 tua
3400 5706 3472 5744 ne
3500 5690 3578 5743 lo-

218 5706 621 5764 aamxttantur,
652 5708 789 5765 quia
819 5706 1073 5749 veritatis
1101 5706 1445 5765 professores
1468 5706 1775 5749 uiuaeutas
1799 5706 1854 5750 et
1950 5706 2251 5763 propheta,
2280 5706 2476 5762 ungua
2562 5706 2723 5745 tuam
2750 5706 2783 5744 a
2808 5706 2983 5760 malo,
3025 5706 3081 5746 et
3104 5706 3251 5745 lania
3277 5706 3372 5743 tua
3400 5706 3472 5744 ne
3500 5706 3578 5743 ιο-

215 5786 519 5843 inimicitia
546 5786 826 5859 impedire
853 5787 1012 5842 solet.
1045 5788 1156 5842 Nec
1181 5788 1261 5843 illi
1290 5788 1557 5844 credendi
1585 5793 1735 5858 sunt,
1757 5792 1856 5844 aut
1952 5787 2202 5856 quantur
2255 5706 2745 5952 dolumXBecede
2787 5801 2818 5838 a
2869 5783 3040 5853 malo,
3092 5787 3150 5838 et
3206 5784 3291 5837 fac
3345 5781 3580 5855 bonum,

216 5880 582 5949 admittendi,
610 5879 711 5952 qui
739 5880 985 5937 aliorum
1005 5885 1202 5952 sponte
1226 5882 1469 5939 crimina
1491 5884 1851 5952 confitentur,
1954 5894 2144 5952 quaere
2169 5894 2368 5951 pacem
2409 5883 2466 5935 et
2544 5893 2842 5951 ersequere
2881 5893 3030 5932 eam.
3065 5875 3221 5933 Oculi
3257 5875 3485 5933 Domini
3513 5877 3580 5934 ad

216 5880 582 5949 admittendi,
610 5879 711 5954 qui
739 5880 985 5937 aliorum
1005 5885 1202 5954 sponte
1226 5882 1469 5939 crimina
1491 5884 1851 5956 confitentur,
1954 5894 2144 5953 quaere
2169 5894 2368 5951 pacem
2409 5883 2466 5935 et
2503 5875 2842 5952 persequere
2881 5893 3030 5932 eam.
3065 5875 3221 5933 Oculi
3257 5875 3485 5933 Domini
3513 5877 3584 5934 ad

220 5980 279 6037 et
338 5976 472 6033 ideo
543 5960 871 6048 replicanda
926 5979 1012 6031 est
1068 5975 1302 6034 sollicite
1369 5976 1574 6034 veritas
1598 6021 1611 6047 ,
1678 5994 1854 6051 quam
1947 5973 2149 6047 justos,
2195 5980 2251 6030 et
2282 5988 2446 6033 aures
2488 5973 2608 6045 ejus
2652 5972 2722 6028 ad
2764 5973 3073 6027 clamorem
3118 5984 3339 6026 eorum.
3386 5969 3582 6033 Vultus

634 6074 907 6141 PATROL.
957 6073 1182 6142 CXXX.
3151 6072 3187 6139 8
