4058 6314
491 351 593 403 22³7

1380 345 1664 401 APPEND.
1705 346 1792 401 AD
1830 344 1991 401 διες.
2032 346 2121 400 IX.
2152 375 2219 385 —
2259 345 2503 400 ISlDORI
2544 344 2966 399 MERCATORIS

3745 344 3854 399 228

493 458 685 509 autem
702 453 1389 526 Dominisuperfacientes
1405 454 1573 524 mala,
1589 453 1865 524 utperdat
1885 453 1955 508 de
1973 458 2122 508 terra
2142 465 2317 538 Asus
2350 453 2620 522 Christus,
2664 468 2782 506 non
2826 451 2885 505 in
2931 466 3075 523 aqua
3123 449 3326 516 solum,
3369 448 3465 503 sed
3508 446 3567 501 in
3610 464 3758 521 aqua
3804 454 3867 503 et

492 549 833 602 memoriam
892 564 1089 603 eorum
1141 548 1304 618 (Psal.
1361 563 1549 615 XXXIII,
1604 548 1669 601 14
1717 551 1767 602 et
1808 546 1942 619 seq.)
1987 568 2014 597 ››
2066 550 2123 601 et

491 642 664 712 paulo
723 643 853 712 post
906 660 919 696 :
980 663 1008 691 «
1064 640 1367 695 Interﬁciet
1425 640 1671 711 impium
1736 639 1997 709 malitia,
2068 645 2124 695 et

492 734 746 790 odientes
797 734 1019 805 justum
1086 734 1465 805 culpabuntur
1519 734 1698 803 (Ibid.,
1760 733 1867 804 22).
1927 755 1957 784 »
2011 735 2122 789 Nos

492 843 823 899 quanquam
867 828 1045 882 multa
1080 826 1367 898 patiamur
1404 843 1437 881 a
1474 827 1701 894 talibus,
1756 849 1783 877 «
1814 826 2122 898 Diligamus

494 938 620 989 nos,
656 920 987 989 charissimi,
1034 920 1295 991 invicem,
1338 920 1614 992 quoniam
1645 921 1886 975 charitas
1914 938 1979 974 ex
2008 922 2122 976 Deo

494 1020 597 1068 est.
629 1036 656 1062 ››
679 1015 747 1068 Et
791 1013 976 1068 omnis
1022 1013 1120 1085 qui
1160 1013 1386 1085 diligit,
1431 1030 1501 1069 ex
1545 1014 1664 1068 Deo
1702 1017 1872 1069 natus
1919 1018 2021 1081 est,
2068 1020 2125 1069 et

492 1106 784 1178 cognoscit
814 1107 1011 1161 Deum.
1056 1106 1162 1171 Qui
1200 1124 1317 1162 non
1357 1107 1564 1177 diligit,
1596 1124 1713 1162 non
1742 1107 1898 1162 novit
1920 1110 2120 1174 Deum,

491 1200 627 1272 quia
667 1203 815 1255 Deus
858 1200 1104 1255 charitas
1162 1204 1263 1255 est.
1311 1202 1372 1255 In
1413 1201 1524 1255 hoc
1570 1202 1836 1273 apparuit
1878 1201 2123 1256 charitas

491 1293 593 1348 Dei
616 1294 676 1348 in
703 1293 885 1361 nobis,
916 1294 1188 1365 quoniam
1208 1292 1413 1348 Filium
1434 1310 1600 1349 suum
1626 1294 1988 1366 unigenitum
2013 1295 2122 1350 mi-

492 1387 563 1442 sit
586 1389 730 1442 Deus
755 1388 816 1441 in
843 1386 1126 1441 mundum
1155 1390 1215 1441 ut
1237 1387 1492 1442 vivamus
1517 1404 1620 1459 per
1640 1405 1796 1444 eum.
1819 1392 1882 1445 ln
1908 1389 2018 1444 hoc
2039 1392 2126 1443 est

494 1481 756 1548 charitas,
787 1497 899 1535 non
933 1480 1095 1551 quasi
1125 1497 1232 1535 nos
1256 1480 1618 1537 dilexerimus
1644 1483 1843 1551 Deum,
1868 1483 1967 1537 sed
1990 1499 2126 1554 quo-

493 1575 655 1629 niam
693 1574 812 1645 ipse
839 1573 1038 1628 dilexit
1066 1591 1190 1644 nos,
1233 1580 1288 1630 et
1327 1575 1482 1630 misit
1507 1575 1711 1631 Filium
1738 1593 1903 1631 suum
1929 1577 2121 1648 propi-

492 1667 791 1723 tiationem
816 1684 918 1739 pro
946 1668 1191 1739 peccatis
1235 1669 1461 1724 nostris.
1507 1670 1856 1738 Charissimi,
1897 1671 1943 1724 si
1981 1673 2126 1725 Deus

497 1760 692 1816 dilexit
738 1777 861 1830 nos,
909 1764 967 1815 et
1013 1778 1118 1817 nos
1168 1762 1446 1817 debemus
1487 1764 1826 1819 alterutrum
1863 1764 2121 1834 diligere.

2222 546 2515 617 sanguine.
2559 547 2626 600 Et
2669 545 2908 616 Spiritus
2939 550 3024 599 est
3061 543 3161 616 qui
3198 543 3548 614 testiﬁcatur,
3582 543 3861 616 quoniam

2220 640 2473 695 Christus
2505 642 2589 692 est
2626 638 2848 706 veritas,
2896 637 3168 709 quoniam
3215 641 3329 692 tres
3374 642 3507 691 sunt
3551 637 3651 709 qui
3694 637 3858 691 testi—

2221 733 2483 788 monium
2522 733 2675 801 dant,
2720 732 2972 804 spiritus,
3007 731 3259 801 sanguis,
3292 735 3347 786 et
3375 748 3541 801 aqua,
3575 735 3632 786 et
3657 730 3718 784 hi
3746 733 3864 784 tres

2220 843 2401 882 unum
2433 831 2581 881 sunt.
2605 827 2659 882 Si
2680 825 3073 881 testimonium
3102 824 3399 879 hominum
3429 824 3758 895 accipimus,
3786 827 3865 877 te-

2221 920 2555 975 stimonium
2587 920 2685 974 Dei
2726 920 2912 990 majus
2958 924 3060 984 est,
3105 918 3240 989 quia
3282 917 3612 973 testiﬁcatus
3655 922 3743 972 est
3792 918 3865 972 de

2222 1014 2359 1069 Filio
2386 1031 2511 1069 suo.
2544 1013 2651 1078 Qui
2696 1013 2875 1068 credit
2912 1013 2971 1066 in
3020 1011 3225 1066 Filium
3255 1011 3371 1080 Dei,
3400 1011 3577 1066 habet
3600 1011 3861 1065 testimo-

2223 1109 2387 1165 nium
2414 1108 2517 1163 Dei
2562 1109 2623 1162 in
2664 1124 2742 1162 se.
2787 1106 2896 1170 Qui
2942 1123 3056 1160 non
3103 1105 3281 1160 credit
3324 1105 3486 1175 Filio,
3520 1105 3863 1159 mendacem

2222 1202 2358 1257 facit
2377 1219 2527 1272 eum,
2551 1202 2645 1274 qui
2674 1217 2791 1256 non
2816 1200 2992 1255 credit
3017 1200 3075 1253 in
3100 1198 3452 1266 testimonio,
3474 1199 3630 1271 quod
3659 1198 3859 1253 testiﬁ-

2224 1300 2383 1352 catus
2416 1298 2501 1350 est
2530 1296 2600 1348 de
2624 1294 2759 1349 Filio
2782 1311 2884 1348 suo
2912 1294 3075 1347 Deus.
3107 1296 3173 1348 Et
3196 1293 3305 1347 hoc
3329 1292 3725 1347 testimonium
3756 1295 3863 1360 est,

2223 1391 2493 1463 quoniam
2523 1390 2697 1444 vitam
2726 1392 3002 1443 aeternam
3043 1386 3199 1441 dedit
3226 1386 3387 1441 nobis
3432 1387 3602 1441 Deus.
3644 1388 3714 1439 Et
3740 1386 3865 1440 haec

2222 1484 2337 1539 vita
2377 1484 2437 1538 in
2479 1484 2602 1555 ejus
2650 1482 2811 1537 Filio.
2859 1480 2971 1545 Qni
3000 1480 3169 1535 habet
3210 1480 3416 1535 Filium
3459 1480 3633 1535 habet
3662 1479 3862 1549 vitam,

2226 1579 2324 1650 qui
2354 1594 2467 1632 non
2499 1577 2676 1631 habet
2719 1575 2925 1630 Filium
2968 1575 3071 1629 Dei
3116 1590 3230 1628 non
3274 1574 3450 1629 habet
3492 1573 3689 1628 vitam.
3736 1575 3867 1627 Haec

2224 1671 2408 1726 scribo
2453 1670 2633 1736 vobis,
2682 1672 2747 1723 ut
2789 1668 2993 1736 sciatis,
3043 1667 3317 1739 quoniam
3363 1666 3532 1720 vitam
3579 1665 3868 1720 habebitis

2225 1769 2519 1832 aeternam,
2550 1762 2650 1835 qui
2678 1761 2904 1816 creditis
2929 1762 2989 1816 in
3016 1762 3246 1815 nomine
3264 1759 3386 1815 Filii
3405 1759 3523 1815 Dei.
3552 1760 3620 1813 Et
3639 1759 3764 1813 haec
3784 1762 3869 1813 est

495 1855 675 1910 Deum
711 1871 882 1910 nemo
911 1854 1053 1910 vidit
1088 1872 1362 1929 unquam.
1411 1856 1466 1912 Si
1510 1856 1813 1928 diligamus
1859 1857 2123 1926 invicem,
2144 1835 2201 1907 B
2225 1858 2450 1926 ﬁducia,
2482 1873 2657 1929 quam
2698 1855 2979 1910 habemus
3019 1855 3091 1910 ad
3135 1871 3288 1924 eum,
3322 1854 3454 1925 quia
3482 1853 3868 1924 quodcunque

496 1949 645 2005 Deus
667 1949 728 2003 in
755 1948 919 2004 nobis
961 1953 1180 2021 manet,
1214 1954 1272 2005 et
1295 1951 1541 2005 charitas
1567 1951 1686 2021 ejus
1714 1950 1773 2006 in
1800 1951 1962 2007 nobis
1995 1968 2124 2022 per-

494 2042 641 2097 fecta
660 2044 764 2111 est.
793 2044 855 2096 In
883 2042 990 2097 hoc
1020 2041 1408 2114 intelligimus,
1442 2043 1712 2114 quoniam
1740 2044 1800 2098 in
1829 2061 1894 2099 eo
1923 2060 2124 2099 mane-

494 2151 625 2191 mus
650 2138 705 2190 et
733 2135 851 2206 ipse
888 2136 949 2190 in
986 2135 1170 2203 nobis,
1201 2136 1476 2207 quoniam
1504 2137 1573 2192 de
1601 2137 1816 2209 Spiritu
1845 2155 1947 2193 suo
1974 2137 2129 2194 dedit

498 2228 679 2297 nobis,
711 2231 769 2284 et
791 2245 894 2284 nos
928 2229 1191 2299 vidimus,
1224 2232 1283 2284 et
1304 2231 1698 2299 testiﬁcamur,
1729 2231 1997 2303 quoniam
2022 2232 2123 2286 Pa-

495 2326 584 2378 ter
608 2321 760 2378 misit
784 2322 991 2377 Filium
1030 2339 1198 2377 suum
1238 2324 1571 2379 salvatorem
1597 2325 1822 2380 mundi.
1864 2324 2128 2396 Quisquis

496 2415 787 2470 confessus
814 2414 987 2470 fuerit
1027 2415 1303 2487 quoniam
1345 2418 1502 2472 Jesus
1527 2420 1613 2472 est
1639 2417 1810 2472 Filius
1837 2417 1954 2489 Dei,
1978 2419 2128 2473 Deus

494 2508 556 2564 in
580 2525 649 2564 eo
671 2514 867 2564 manet
888 2512 945 2564 et
962 2509 1085 2580 ipse
1110 2508 1167 2563 in
1191 2510 1327 2565 Deo.
1352 2512 1420 2564 Et
1438 2527 1540 2565 nos
1565 2510 1905 2582 agnovimus
1925 2514 1983 2565 et
2002 2527 2126 2566 cre-

498 2601 687 2657 dimus
727 2601 976 2670 veritati,
1021 2619 1194 2675 quam
1234 2602 1411 2658 habet
1448 2605 1598 2659 Deus
1643 2604 1703 2659 in
1750 2605 1935 2660 nobis.
1981 2606 2129 2661 Deus

495 2694 741 2751 charitas
761 2700 867 2763 est,
895 2699 953 2751 et
981 2696 1079 2767 qui
1098 2702 1297 2752 manet
1314 2697 1375 2751 in
1394 2697 1670 2753 charitate
1696 2697 1755 2752 in
1780 2700 1893 2753 Deo
1912 2703 2126 2767 manet,

495 2794 553 2843 et
574 2789 719 2843 Deus
740 2788 798 2842 in
821 2804 908 2844 eo.
938 2791 1001 2845 In
1027 2790 1135 2844 hoc
1155 2790 1412 2861 perfecta
1430 2793 1517 2845 est
1537 2791 1783 2847 charitas
1806 2791 2127 2863 nobiseum,

497 2887 561 2937 ut
593 2881 858 2936 ﬁduciam
900 2882 1211 2938 habeamus
1238 2884 1297 2938 in
1328 2884 1418 2938 die
1438 2884 1661 2955 judicii,
1691 2885 1827 2957 quia
1865 2885 2008 2941 sicut
2031 2886 2129 2940 ille

498 2980 603 3047 est,
637 2976 695 3029 et
729 2992 833 3030 nos
877 2992 1076 3031 sumus
1103 2977 1163 3032 in
1189 2978 1297 3032 hoc
1324 2978 1561 3033 mundo.
1594 2978 1786 3033 Timor
1816 2996 1931 3034 non
1959 2984 2043 3034 est
2070 2979 2130 3033 in

498 3068 798 3139 charitate,
814 3070 913 3123 sed
930 3070 1182 3141 perfecta
1199 3071 1447 3127 charitas
1466 3072 1615 3127 foras
1635 3072 1812 3128 mittit
1839 3072 2127 3141 timorem,

497 3164 635 3237 quia
662 3162 836 3218 timor
859 3180 1092 3236 poenam
1118 3165 1310 3221 habet.
1334 3166 1439 3230 Qui
1465 3168 1657 3223 autem
1689 3166 1874 3236 timet,
1905 3184 2023 3223 non
2047 3170 2133 3222 est
2151 3207 2206 3282 C

497 3259 781 3282 _....1'--£--..
828 3257 880 3282 2.,-
934 3258 1199 3282 -ι.--;ι-ι-
1268 3261 1374 3282 ΚΤ--
1424 3276 1549 3282 -....-
1605 3260 1899 3282 J:I!___-___
1930 3263 2100 3282 h-____

497 3259 783 3331 perfectus
826 3257 887 3312 in
930 3258 1221 3315 charitate.
1268 3261 1377 3314 Nos
1418 3276 1555 3332 ergo
1599 3260 1902 3333 diligamus
1930 3263 2127 3333 Deum,

501 3351 770 3426 quoniam
816 3352 969 3407 Deus
1026 3352 1183 3425 prior
1229 3353 1427 3410 dilexit
1470 3371 1596 3411 nos.
1639 3355 1695 3411 Si
1737 3354 1863 3427 quis
1906 3354 2129 3423 dixerit,

500 3446 773 3521 quoniam
826 3446 1000 3519 diligo
1048 3447 1250 3518 Deum,
1303 3451 1361 3503 et
1407 3448 1643 3503 fratrem
1700 3465 1867 3504 suum
1923 3448 2129 3519 oderit,

498 3542 741 3598 mendax
777 3543 880 3596 est.
920 3540 1026 3606 Qui
1072 3544 1263 3597 autem
1309 3559 1424 3597 non
1467 3542 1651 3614 diligit
1688 3543 1925 3598 fratrem
1962 3559 2131 3598 suum

499 3651 673 3709 quem
700 3634 871 3702 videt,
899 3635 1077 3690 Deum
1101 3637 1385 3707 quomodo
1411 3639 1599 3709 potest
1624 3635 1858 3708 diligere
1879 3637 1907 3691 ‘?
1937 3638 2004 3693 Et
2023 3637 2134 3696 hoc

498 3729 839 3785 mandatum
883 3745 917 3783 a
945 3729 1059 3784 Deo
1104 3729 1399 3802 habemus,
1443 3732 1509 3785 ut
1550 3728 1647 3801 qui
1692 3730 1878 3802 diligit
1923 3732 2130 3800 Deum,

501 3821 706 3893 diligat
734 3826 793 3876 et
814 3821 1053 3876 fratrem
1082 3838 1268 3877 suum.
1300 3822 1498 3878 Omnis
1527 3822 1623 3895 qui
1650 3823 1828 3879 credit
1863 3824 2134 3894 quoniam

499 3915 661 3970 Jesus
679 3916 766 3969 est
793 3913 1067 3983 Christus,
1096 3931 1165 3970 ex
1191 3917 1306 3971 Deo
1337 3919 1526 3986 natus,
1549 3920 1605 3971 et
1622 3916 1808 3971 omnis
1827 3916 1926 3989 qui
1953 3917 2137 3990 diligit

505 4024 640 4065 eum
655 4007 755 4080 qui
771 4008 989 4079 genuit,
1004 4007 1192 4080 diligit
1210 4025 1344 4064 eum
1361 4009 1457 4081 qui
1473 4012 1642 4065 natus
1657 4015 1741 4066 est
1756 4027 1824 4066 ex
1843 4028 1928 4067 eo.
1949 4013 2009 4066 In
2031 4012 2136 4067 hoc

505 4100 880 4175 cognovimus
898 4101 1172 4173 quoniam
1190 4102 1476 4175 diligimus
1494 4107 1658 4161 natos
1673 4105 1790 4176 Dei,
1806 4123 1936 4161 cum
1958 4107 2135 4161 Deum

505 4195 835 4268 diligamus,
863 4197 919 4250 et
951 4195 1221 4250 mandata
1249 4197 1368 4268 ejus
1394 4198 1683 4255 faciamus.
1714 4201 1845 4255 Haec
1869 4204 1955 4256 est
1982 4200 2137 4255 enim

506 4294 751 4351 charitas
778 4293 876 4350 Dei
904 4297 970 4349 ut
999 4294 1267 4349 mandata
1296 4295 1419 4367 ejus
1446 4297 1848 4353 custodiamus.
1880 4299 1949 4352 Et
1977 4315 2139 4354 man-

506 4389 639 4446 data
667 4389 790 4461 ejus
821 4388 1018 4461 gravia
1042 4406 1161 4444 non
1186 4394 1337 4458 sunt,
1377 4391 1513 4463 quia
1556 4408 1726 4447 omne
1756 4392 1912 4465 quod
1938 4398 2136 4449 natum

506 4487 592 4542 est
617 4501 690 4539 ex
714 4485 844 4552 Deo,
872 4483 1050 4539 vincit
1068 4483 1371 4540 mundum.
1400 4486 1469 4539 Et
1492 4486 1615 4540 haec
1644 4490 1731 4541 est
1758 4487 1991 4543 victoria
2010 4504 2138 4560 quae

2225 1950 2553 2024 petierimus
2574 1949 2891 2004 secundum
2912 1949 3269 2003 voluntatem
3291 1948 3413 2017 ejus
3432 1946 3629 2001 audiet
3648 1962 3773 2000 nos.
3801 1946 3871 1999 Et

2227 2046 2435 2100 scimus
2473 2043 2604 2115 quia
2647 2043 2808 2097 audit
2852 2059 2960 2097 nos
3005 2041 3279 2113 quidquid
3328 2039 3684 2112 petierimus.
3741 2038 3865 2094 Sei-

2224 2156 2353 2195 mus
2380 2138 2648 2211 quoniam
2679 2136 2957 2191 habemus
2986 2135 3286 2206 petitiones
3327 2150 3468 2205 quas
3508 2133 3870 2205 postulamus

2227 2233 2297 2289 ab
2347 2249 2436 2288 eo.
2499 2231 2608 2296 Qui
2636 2230 2739 2284 scit
2786 2230 3019 2284 fratrem
3070 2245 3235 2284 suum
3288 2243 3522 2299 peccare
3565 2229 3869 2298 peceatum

2226 2344 2342 2382 non
2398 2326 2468 2381 ad
2521 2327 2789 2392 mortem,
2847 2325 3006 2394 petat
3061 2327 3119 2377 et
3179 2321 3405 2376 dabitur
3457 2320 3509 2375 ei
3556 2319 3671 2374 vita
3728 2336 3869 2390 pec-

2229 2421 2383 2477 canti
2428 2436 2539 2473 non
2586 2418 2657 2473 ad
2697 2420 2964 2473 mortem.
2999 2417 3095 2470 Est
3129 2417 3425 2487 peccatum
3475 2413 3548 2467 ad
3593 2417 3868 2480 mortem,

2229 2530 2346 2568 non
2394 2529 2499 2584 pro
2548 2512 2644 2566 illo
2694 2510 2820 2565 dico
2862 2513 2925 2563 ut
2967 2514 3131 2580 roget
3172 2508 3314 2579 quis.
3364 2507 3556 2563 Omnis
3597 2505 3872 2576 iniquitas

2229 2609 2523 2680 peccatum
2571 2609 2675 2674 est,
2736 2608 2791 2659 et
2846 2606 2931 2658 est
2976 2607 3269 2673 peccatum
3315 2601 3387 2655 ad
3438 2602 3704 2655 mortem.
3750 2598 3870 2654 Sci-

2227 2718 2372 2770 mus,
2421 2699 2557 2771 quia
2600 2697 2787 2754 omnis
2826 2696 2925 2768 qui
2974 2699 3143 2750 natus
3189 2700 3273 2751 est
3316 2712 3383 2748 ex
3428 2695 3542 2749 Deo
3586 2710 3703 2748 non
3733 2709 3869 2763 pec-

2230 2798 2337 2864 cat,
2379 2793 2481 2849 sed
2528 2790 2816 2865 generatio
2847 2791 2947 2844 Dei
2979 2792 3269 2844 conservat
3296 2804 3452 2857 eum,
3486 2792 3545 2843 et
3580 2786 3875 2857 malignus

2230 2904 2347 2944 non
2361 2886 2542 2958 tangit
2563 2902 2715 2942 eum.
2736 2884 2953 2941 Scimus
2973 2882 3124 2938 enim
3144 2882 3415 2954 quoniam
3435 2898 3498 2936 ex
3516 2882 3627 2936 Deo
3647 2896 3872 2948 sumus,

2231 2987 2290 3038 et
2316 2980 2567 3036 mundus
2608 2983 2762 3035 totus
2807 2979 2864 3033 in
2907 2977 3162 3049 maligno
3190 2976 3407 3048 positus
3436 2981 3537 3030 est.
3569 2976 3637 3030 Et
3660 2973 3875 3029 scimus

2230 3074 2505 3148 quoniam
2539 3073 2708 3129 Filius
2735 3073 2835 3128 Dei
2859 3073 3031 3143 venit,
3064 3077 3122 3126 et
3147 3070 3301 3126 dedit
3332 3069 3493 3125 nobis
3520 3085 3773 3136 sensum,
3810 3072 3877 3124 ut

2232 3185 2638 3241 cognoscamus
2663 3169 2842 3222 Deum
2881 3182 3100 3233 verum,
3151 3168 3207 3219 et
3252 3163 3429 3218 simus
3467 3163 3526 3218 in
3570 3178 3704 3217 vero
3734 3162 3878 3216 Filio

2232 3264 2375 3335 ejus,
2403 3262 2494 3317 hic
2523 3264 2609 3317 est
2634 3277 2799 3316 verus
2827 3261 2995 3328 Deus,
3029 3264 3085 3314 et
3127 3258 3242 3312 vita
3281 3262 3491 3312 aeterna
3524 3259 3569 3325 (Ι
3601 3259 3761 3312 Joan.
3794 3272 3875 3325 Iv,

2231 3361 2376 3425 7-2l,
2405 3373 2459 3426 v,
2494 3360 2515 3411 1
2555 3361 2605 3411 et
2628 3354 2781 3426 seq.).
2810 3356 3047 3425 Propter
3075 3352 3229 3407 mala
3270 3367 3369 3406 sua
3407 3349 3574 3405 multi
3610 3352 3879 3421 potentes

2232 3450 2486 3525 oppressi
2506 3453 2641 3505 sunt
2660 3448 2843 3517 valde,
2867 3452 2925 3503 et
2951 3446 3185 3518 gloriosi
3203 3444 3394 3501 traditi
3423 3446 3558 3499 sunt
3582 3443 3642 3498 in
3660 3459 3879 3498 manus

2234 3547 2571 3601 alterornm.
2599 3542 2926 3598 Benedictio
2954 3544 3144 3597 autem
3175 3538 3274 3596 Dei
3301 3539 3361 3594 in
3385 3537 3709 3594 mercedem
3735 3536 3879 3609 justi

2232 3640 2466 3695 festinat
2486 3641 2545 3694 et
2569 3638 2631 3693 in
2655 3637 2876 3693 honore
2897 3635 3036 3691 boni
3055 3650 3355 3707 processus
3379 3632 3529 3687 illius
3549 3630 3875 3687 fructiﬁcat.

2235 3734 2437 3790 Beatus
2461 3733 2545 3787 vir
2574 3731 2675 3804 qui
2716 3747 2834 3786 non
2865 3733 2951 3786 est
2978 3729 3170 3801 lapsus
3199 3728 3371 3784 verbo
3416 3743 3487 3781 ex
3533 3741 3633 3781 ore
3663 3741 3788 3792 suo,
3821 3729 3881 3780 et

2235 3845 2351 3883 non
2386 3830 2471 3883 est
2506 3826 2827 3881 stimulatus
2856 3823 2918 3879 in
2956 3822 3188 3879 tristitia
3225 3821 3436 3877 delicti.
3475 3819 3702 3890 Scitote,
3734 3818 3877 3873 cha-

2234 3920 2461 3991 rissimi,
2490 3937 2593 3993 pro
2622 3937 2687 3974 ea
2709 3919 2916 3992 pietate
2944 3934 3073 3991 quas
3094 3915 3251 3971 vobis
3278 3914 3380 3971 Dei
3410 3914 3639 3969 famulis
3657 3914 3880 4000 impen-

2238 4015 2429 4071 denda
2457 4018 2563 4083 est,
2598 4029 2799 4070 omnes
2828 4010 3221 4084 suggestiones
3264 4013 3479 4065 vestras
3522 4007 3655 4063 ﬁdei
3686 4006 3882 4062 catho.

2235 4109 2359 4165 lica:
2395 4109 2745 4182 profuturas,
2793 4124 2887 4162 me
2938 4106 3247 4177 dignanter
3272 4101 3597 4174 suscepisse,
3634 4104 3699 4156 ut
3732 4100 3883 4172 ipsa-

2236 4220 2365 4259 rum
2414 4218 2642 4274 quoque
2685 4217 2877 4272 opera,
2917 4205 2974 4255 et
3003 4216 3118 4272 pax
3151 4198 3470 4254 Christiana
3513 4194 3787 4266 reparari,
3824 4199 3884 4250 et

2237 4318 2395 4357 error
2436 4300 2613 4373 ipsius
2637 4299 2810 4371 possit
2849 4298 3082 4353 aboleri.
3111 4298 3180 4353 Et
3209 4296 3256 4351 si
3282 4294 3532 4367 amplius
3567 4293 3637 4348 de
3669 4291 3884 4347 talibus

2239 4400 2338 4452 aut
2365 4396 2455 4450 his
2481 4393 2759 4449 similibus
2790 4391 3004 4464 aliquid
3038 4391 3209 4446 fuerit
3249 4387 3705 4453 deliberandum,
3738 4386 3887 4440 cele-

2236 4490 2379 4545 riter
2395 4488 2467 4543 ad
2488 4505 2590 4543 nos
2609 4487 2807 4542 relatio
2828 4486 3126 4558 dirigatur,
3150 4488 3213 4539 ut
3237 4484 3577 4556 pertractata
3598 4479 3885 4552 qualitate

504 4578 681 4635 vincit
722 4577 1005 4633 mundum
1049 4578 1188 4633 ﬁdes
1232 4582 1445 4635 nostra.
1497 4579 1635 4644 Quis
1685 4583 1769 4635 est
1817 4582 1916 4652 qui
1966 4581 2214 4656 vincitD
2236 4584 2445 4640 horum
2467 4586 2664 4638 nostra
2689 4581 2826 4653 quid
2853 4579 3137 4636 observari
3158 4578 3363 4634 debeat
3386 4574 3708 4632 sollicitudo
3749 4590 3886 4629 con-

506 4674 789 4729 mundum
820 4671 932 4728 nisi
977 4671 1074 4744 qui
1118 4672 1320 4743 credit,
1352 4674 1624 4745 quoniam
1666 4677 1826 4730 Jesus
1855 4678 1940 4731 est
1968 4676 2142 4732 Filius

507 4766 645 4823 Dei?
672 4768 772 4823 Hic
797 4770 884 4822 est
904 4766 1004 4838 qui
1028 4766 1186 4823 venit
1221 4782 1325 4838 per
1353 4784 1564 4840 aquam
1593 4771 1651 4825 et
1679 4770 2017 4843 sanguinem
2045 4773 2140 4827 Je-

2241 4679 2456 4735 stituat.
2487 4677 2625 4732 Data
2648 4692 2706 4732 v1
2724 4676 2846 4731 Kal.
2868 4676 3106 4745 August.
3138 4674 3445 4730 Constante
3477 4685 3631 4725 cons.

1294 4988 1720 5060 EPISTOLA
1765 4991 2103 5061 EUSEBII
2148 4992 2408 5063 ΡΑΡλΕ
2454 4994 2575 5062 AD
2621 4988 3102 5061 EGYPTIOS.

584 5150 850 5207 Eusnems
888 5150 1161 5206 Romanae
1186 5154 1244 5207 et
1269 5151 1596 5224 apostolicae
1639 5153 1896 5209 Ecclesiae
1928 5153 2144 5225 episco-

516 5263 624 5319 pus
659 5244 1033 5302 dilectissimis
1060 5245 1121 5300 in
1149 5246 1426 5301 charitate
1460 5246 1666 5302 Christi
1691 5247 1981 5302 unanimis
2011 5249 2147 5303 cha-

515 5340 697 5397 ritatis
728 5340 949 5412 glutino
988 5339 1276 5409 connexis,
1308 5340 1575 5395 fratribus
1612 5357 1715 5413 per
1754 5341 2148 5397 Alexandriam

519 5439 575 5492 et
602 5436 907 5507 Egyptum
930 5433 1173 5489 Domino
1205 5432 1604 5502 militantibus,
1639 5440 1696 5491 et
1728 5440 1943 5490 rectam
1973 5436 2147 5491 ﬁdem

516 5529 845 5585 tenentibus
872 5528 931 5583 in
957 5527 1201 5583 Domino
1225 5528 1486 5583 salutem.

593 5646 621 5675 ‹‹
663 5622 1003 5679 Benedictus
1032 5621 1179 5675 Deus
1225 5624 1282 5674 et
1321 5622 1490 5676 Pater
1529 5623 1756 5678 Domini
1797 5622 1978 5679 nostri
2021 5624 2146 5680 Jesu

515 5718 743 5788 Christi,
783 5718 949 5772 Pater
974 5713 1516 5786 misericordiarum,
1547 5720 1605 5772 et
1632 5718 1780 5772 Deus
1804 5719 1976 5775 totius
2011 5735 2146 5775 con-

518 5812 813 5870 solationis
848 5809 946 5882 qui
983 5810 1309 5864 consolatur
1344 5825 1450 5864 nos
1484 5809 1543 5864 in
1582 5812 1741 5866 omni
1780 5812 2147 5870 tribulatione

517 5910 730 5973 nostra,
758 5910 824 5959 ut
850 5903 1131 5975 possimus
1159 5907 1215 5959 et
1241 5903 1348 5975 ipsi
1368 5904 1649 5960 consolari
1676 5922 1771 5961 eos
1790 5907 1889 5977 qui
1908 5907 1967 5964 in
1990 5908 2147 5963 omni

2246 5170 2509 5227 pressura
2549 5157 2683 5208 sunt
2722 5167 2826 5224 per
2867 5148 3319 5206 exhortationem
3365 5161 3476 5217 qua
3514 5142 3894 5199 exhortamur

2245 5249 2355 5321 ipsi
2371 5266 2404 5303 a
2426 5250 2536 5305 Deo
2559 5265 2572 5302 ε
2597 5247 2866 5320 quoniam
2891 5245 3034 5301 sicut
3052 5242 3344 5300 abundant
3362 5237 3659 5311 passiones
3677 5235 3895 5289 Christi

2248 5343 2307 5396 in
2333 5342 2515 5410 nobis,
2544 5342 2626 5397 ita
2654 5344 2712 5397 et
2738 5358 2845 5414 per
2869 5339 3155 5395 Christum
3181 5334 3434 5390 abundat
3452 5329 3766 5388 consolatio
3790 5345 3897 5384 no-

2249 5437 2380 5490 stra.
2408 5436 2535 5492 Sive
2566 5440 2757 5491 autem
2782 5433 3126 5489 tribulamur
3144 5447 3248 5502 pro
3276 5431 3467 5483 vestra
3490 5422 3899 5481 exhortatione

2249 5532 2308 5584 et
2337 5530 2536 5600 salute,
2567 5529 2680 5586 sive
2708 5530 3080 5586 exhortamur
3121 5542 3225 5597 pro
3255 5527 3444 5577 vestra
3482 5517 3899 5574 exhortatione

2250 5628 2306 5679 et
2357 5625 2558 5689 salute,
2621 5641 2747 5696 quae
2808 5625 3079 5695 operatur
3130 5615 3496 5674 tolerantiam
3550 5610 3895 5667 earumdem

2247 5719 2575 5791 passionum
2600 5735 2740 5791 quas
2767 5722 2824 5773 et
2845 5734 2952 5773 nos
2975 5715 3246 5788 patimur,
3275 5715 3333 5767 et
3353 5725 3480 5782 spes
3501 5709 3697 5761 nostra
3721 5705 3906 5759 ﬁrma

2249 5815 2336 5868 est
2360 5830 2463 5885 pro
2493 5812 2646 5868 vobis
2679 5813 2941 5880 scientes,
2983 5809 3257 5883 quoniam
3302 5805 3444 5860 sicut
3489 5799 3622 5857 socii
3668 5797 3901 5871 passio-

2247 5925 2390 5965 num
2438 5908 2589 5975 estis,
2633 5908 2710 5964 sic
2755 5906 2911 5962 eritis
2955 5910 3012 5962 et
3057 5898 3464 5960 consolationis
3499 5896 3571 5968 (Il
3605 5894 3727 5951 Cor.
3759 5910 3800 5965 1,
3836 5896 3902 5967 3,
