4058 6332
215 349 326 400 229

1477 349 1946 405 DECRETALILTM
1984 350 2373 406 COLLECTIO.

3483 361 3582 411 230

211 461 260 508 rt
291 453 452 524 seq.).
485 473 512 504 ››
550 475 576 502 ‹‹
607 455 829 524 Vetera,
874 454 1236 525 dilectissimi,
1270 456 1614 513 transierunt
1637 462 1694 513 et
1719 474 1851 513 ecce
1870 471 1929 546 Α
1951 458 2084 512 deos
2104 459 2368 514 discernit
2393 459 2612 529 (Psalm.
2641 476 2822 528 LXXXI,
2847 463 2914 531 l).
2937 485 2964 510 n
2988 461 3090 515 Dei
3111 478 3249 532 ergo
3273 463 3583 539 ordinatio-

209 547 364 602 facta
385 551 519 600 sunt
539 563 702 601 nova.
725 547 934 603 Omnia
961 551 1154 604 autem
1176 565 1240 606 ex
1267 550 1380 605 Deo
1399 550 1498 622 qui
1516 551 1846 606 reconcilia-

209 641 292 694 vit
323 657 433 696 nos
455 641 562 696 sibi
586 657 690 712 per
709 641 1013 712 Christum,
1036 646 1092 698 et
1111 643 1270 698 dedit
1290 643 1450 698 nobis
1468 641 1848 701 ministerium

208 734 718 804 reconciliationis,
731 736 1004 807 quoniam
1015 735 1248 808 quidem
1261 739 1407 792 Deus
1423 743 1545 794 erat
1556 739 1615 793 in
1628 739 1848 794 Christo

208 827 502 883 mundum
531 829 902 884 reconcilians
941 830 1068 901 sibi,
1109 848 1228 887 non
1271 835 1542 904 reputans
1570 832 1678 888 illis
1705 833 1846 888 deli-

210 925 304 976 cta
327 921 456 996 53
477 923 760 992 ipsorum,
793 928 847 980 et
872 924 1062 996 posuit
1095 925 1154 979 in
1188 925 1350 981 nobis
1385 927 1622 982 verbum
1651 943 1848 982 recon-

211 1015 545 1082 ciliationis,
595 1033 700 1088 pro
748 1017 969 1072 Christo
1025 1035 1162 1090 ergo
1214 1019 1504 1091 legatione
1553 1020 1850 1092 fungimur

208 1110 498 1176 tanquam
525 1105 639 1160 Deo
667 1107 1000 1162 exhortante
1027 1125 1135 1180 per
1157 1125 1280 1163 nos.
1313 1108 1706 1177 Obsecramus,
1739 1127 1846 1181 pro

209 1199 440 1255 Christo
457 1199 904 1254 reconciliamini
922 1201 1050 1256 Deo.
1071 1203 1214 1256 Eum
1227 1203 1324 1274 qui
1338 1219 1452 1258 non
1469 1207 1704 1259 noverat
1715 1221 1844 1274 pec-

209 1295 426 1362 catum,
454 1309 560 1363 pro
587 1293 750 1347 nobis
777 1299 1074 1365 peccatum
1099 1295 1249 1366 fecit,
1277 1300 1342 1351 ut
1369 1313 1470 1351 nos
1491 1297 1849 1352 efficeremur

201 1385 434 1456 justitia
466 1387 562 1441 Dei
589 1386 649 1441 in
671 1387 816 1458 ipso.
849 1388 1196 1458 Adjuvantes
1227 1393 1420 1444 autem
1451 1391 1842 1460 exhortamur,

209 1496 284 1534 ne
306 1479 368 1533 in
389 1496 632 1534 vacuum
653 1480 896 1550 gratiam
923 1481 1018 1536 Dei
1036 1482 1324 1554 recipiatis
1367 1483 1456 1539 Ait
1476 1483 1630 1538 enim
1654 1501 1666 1538 :
1689 1485 1849 1540 Tem-

211 1589 354 1644 pore
383 1577 616 1644 accepto
642 1574 902 1630 exaudivi
927 1579 1004 1644 te,
1035 1578 1091 1630 et
1118 1576 1177 1630 in
1205 1576 1296 1630 die
1323 1577 1519 1632 salutis
1552 1577 1742 1648 adjuvi
1769 1582 1845 1634 te.

211 1668 353 1722 Ecce
377 1683 534 1721 nunc
557 1670 786 1738 tempus
811 1669 1174 1739 acceptabile,
1205 1685 1332 1724 ecce
1357 1687 1512 1725 nunc
1549 1671 1668 1726 dies
1694 1673 1844 1726 salu-

209 1760 302 1816 tis.
331 1761 566 1814 Nemini
598 1762 793 1816 dantes
823 1762 1002 1816 ullam
1035 1763 1433 1832 offensionem,
1465 1766 1531 1820 ut
1555 1782 1672 1820 non
1697 1765 1844 1820 vitu-

1949 567 2082 606 nem
2114 555 2356 620 accusat,
2389 553 2488 625 qui
2515 553 2808 625 episc0pos
2851 558 3074 609 accusat
3113 555 3198 610 vel
3242 555 3584 632 condemnat

1950 645 2087 699 dum
2107 645 2300 698 minus
2327 645 2640 716 spiritualia
2663 663 2832 718 quam
2859 653 3084 703 terrena
3107 653 3374 702 sectatur.
3402 649 3582 704 Causa

1951 738 2102 792 enim
2133 737 2266 792 ﬁdei
2287 743 2342 791 et
2363 738 2676 794 dilectionis
2705 740 2912 812 quibus
2937 741 3088 796 salus
3108 741 3426 796 Christiana
3455 758 3584 796 con-

1949 830 2110 900 sistit,
2158 833 2336 886 multa
2377 849 2470 887 me
2528 833 2905 889 sollicitudine
2957 835 3214 889 laborare
3267 835 3580 906 compellit,

1947 929 2300 980 metuentem
2318 942 2390 981 ne
2410 927 2654 996 pravitas
2673 943 2800 998 quae
2821 927 2878 980 in
2897 928 3008 981 suis
3023 929 3213 982 fuerat
3231 928 3582 999 amputanda

1947 1017 2259 1090 principiis,
2273 1035 2538 1090 processu
2557 1021 2849 1090 temporis,
2873 1024 2930 1075 et
2947 1022 3294 1092 pertinacior
3309 1022 3414 1076 fiat
3432 1025 3488 1075 et
3503 1022 3580 1076 al-

1947 1111 2077 1166 tior.
2113 1113 2257 1166 Nam
2277 1112 2574 1167 inimicum
2591 1113 2763 1168 nimis
2784 1118 2868 1168 est
2887 1118 3056 1186 atque
3081 1115 3462 1185 incongruum
3486 1131 3581 1169 eos

1949 1206 2046 1276 qui
2073 1205 2370 1278 episcopos
2393 1207 2478 1260 vel
2507 1207 2751 1278 reliquos
2780 1223 2938 1262 veros
2968 1208 3289 1262 sacerdotes
3316 1225 3420 1262 sua
3448 1225 3577 1280 per-

1949 1299 2240 1354 secutione
2297 1303 2543 1367 vexant,
2607 1300 3014 1354 catholicorum
3069 1301 3392 1356 nominibus
3458 1301 3578 1356 sine

1949 1392 2288 1448 discretione
2313 1393 2563 1463 misceri,
2585 1410 2713 1448 cum
2728 1393 2854 1464 jam
2880 1396 3072 1448 natam
3091 1393 3442 1465 impietatem
3462 1411 3576 1449 non

1947 1486 2294 1558 deserentes,
2327 1487 2435 1558 ipsi
2481 1504 2582 1542 sua
2623 1487 2902 1558 pravitate
2932 1487 3401 1556 condemnantur,
3435 1505 3579 1558 quos

1946 1580 2210 1634 convenit
2233 1581 2460 1652 percelli
2481 1598 2584 1652 pro
2607 1580 2868 1653 perﬁdia,
2887 1585 2986 1635 aut
3007 1580 3234 1635 liberari
3253 1597 3355 1651 pro
3395 1580 3576 1648 venia,
3596 1573 3620 1648 Ι

1945 1673 2074 1745 quia
2115 1674 2258 1728 sicut
2291 1675 2523 1744 plenum
2561 1674 2788 1746 pictatis
2817 1679 2900 1729 est
2938 1673 3221 1745 oppressis
3247 1673 3578 1730 charitatem

1945 1767 2300 1821 Dominicam
2325 1767 2510 1836 reddi,
2539 1767 2619 1822 ita
2631 1767 2854 1840 justum
2883 1771 2968 1822 est
2993 1767 3182 1821 omnia
3199 1767 3580 1838 perturbantis

209 1858 451 1926 peretur
471 1854 852 1910 ministerium
877 1859 1154 1928 nostrum,
1183 1857 1284 1912 sed
1310 1858 1370 1912 in
1397 1859 1662 1913 omnibus
1689 1859 1843 1914 exhi-
1865 1848 1922 1920 Β
1945 1861 2334 1916 auctoritatem
2363 1861 2666 1933 amputari.
2698 1861 2884 1930 Miror,
2906 1860 3236 1930 charissimi,
3269 1877 3444 1932 quare
3465 1865 3578 1916 tam

209 1947 458 2002 beamus
469 1948 862 2020 nosmetipsos,
877 1951 1020 2004 sicut
1033 1951 1134 2005 Dei
1147 1951 1457 2017 ministros,
1471 1952 1532 2006 in
1544 1953 1728 2008 multa
1743 1970 1843 2024 pa-

211 2039 436 2110 tientia,
471 2041 532 2096 in
561 2042 1032 2112 tribulationibus,
1075 2044 1134 2098 in
1177 2045 1621 2115 necessitatibus,
1649 2047 1710 2101 in
1740 2063 1843 2102 an-

214 2135 435 2206 gustiis,
463 2135 522 2189 in
553 2136 756 2208 plagis,
795 2136 854 2191 in
885 2138 1220 2206 carceribus,
1262 2139 1321 2194 in
1361 2139 1755 2212 seditionibus,
1786 2141 1846 2196 in

211 2228 528 2300 laboribus,
575 2229 636 2283 in
679 2230 903 2300 vigiliis,
956 2231 1014 2284 in
1052 2231 1308 2302 jejuniis,
1357 2233 1417 2286 in
1461 2234 1734 2303 castitate,
1783 2235 1845 2289 in

213 2323 472 2391 scientia,
501 2323 561 2378 in
601 2323 1032 2393 longanimitate
1077 2329 1133 2380 et
1188 2325 1482 2396 suavitate,
1531 2327 1590 2381 in
1636 2327 1846 2398 Spiritu

213 2423 436 2486 sancto,
473 2417 536 2471 in
573 2417 846 2472 charitate
869 2435 986 2472 non
1011 2419 1165 2488 ﬁcta,
1197 2419 1257 2473 in
1288 2419 1457 2474 verbo
1483 2421 1752 2490 veritatis,
1783 2422 1845 2476 in

211 2510 424 2564 virtute
453 2509 571 2580 Dei,
601 2527 707 2582 per
733 2528 890 2566 arma
903 2511 1140 2582 justitia:
1161 2529 1194 2566 a
1213 2513 1419 2568 dextris
1441 2517 1498 2567 et
1525 2531 1558 2568 a
1582 2515 1841 2584 sinistris,

211 2620 320 2674 per
335 2603 582 2675 gratiam
601 2608 658 2659 et
671 2604 1106 2676 ignobilitatem,
1121 2622 1225 2676 per
1242 2606 1538 2662 infamiam
1561 2611 1618 2662 et
1635 2608 1846 2662 bonam

213 2697 450 2766 famam,
483 2701 546 2753 ut
572 2698 896 2754 seductores
924 2703 981 2754 et
1005 2716 1250 2769 veraces,
1281 2701 1426 2755 sicut
1453 2703 1552 2773 qui
1581 2702 1764 2772 ignoti
1791 2706 1848 2756 et

213 2791 453 2863 cogniti,
479 2792 640 2863 quasi
657 2793 992 2864 morientes,
1012 2800 1068 2850 et
1086 2811 1214 2850 ecce
1231 2795 1489 2863 vivimus,
1507 2801 1572 2850 ut
1590 2795 1847 2868 castigati

213 2889 400 2940 etnon
411 2886 1367 2960 mortificati,quasitristes,semper
1377 2893 1570 2944 autem
1601 2889 1848 2960 gauden-

215 2982 320 3048 tes,
341 2979 486 3034 sicut
511 2983 764 3050 egentes,
795 2981 1004 3036 multos
1036 2985 1230 3037 autem
1259 2981 1686 3054 locupletantes,
1715 2987 1844 3038 tan-

217 3087 390 3142 quam
405 3072 544 3127 nihil
557 3073 833 3129 habentes
845 3077 902 3128 et
914 3075 1110 3130 omnia
1118 3076 1304 3146 possid
1312 3080 1486 3130 entes.
1505 3076 1576 3130 Os
1589 3079 1848 3131 nostrum

215 3167 376 3236 patet
400 3167 472 3220 ad
495 3183 616 3236 vos,
648 3167 980 3238 charissimi,
1004 3185 1103 3224 cor
1127 3173 1386 3224 nostrum
1413 3169 1714 3226 dilatatum
1743 3175 1845 3225 est.

1946 1954 2055 2010 cito
2081 1955 2409 2024 movemini,
2441 1961 2612 2026 atque
2655 1972 2688 2008 a
2735 1960 2914 2010 vestro
2945 1972 3110 2009 sensu
3151 1954 3577 2020 transferimini,

1946 2065 2078 2102 cum
2123 2048 2398 2119 scriptum
2444 2048 2550 2103 sit:
2585 2069 2612 2098 «
2639 2050 2771 2103 Post
2795 2048 3278 2118 concupiscentias
3302 2051 3428 2102 tuas
3463 2065 3576 2102 non

1946 2158 2061 2210 eas,
2096 2145 2154 2195 et
2184 2157 2216 2195 a
2243 2141 2530 2196 voluntate
2573 2145 2672 2196 tua
2717 2145 2991 2195 avertere.
3025 2140 3083 2196 Si
3113 2145 3342 2211 praestes
3370 2141 3576 2194 animae

1949 2237 2058 2288 tuae
2083 2235 2564 2306 concupiscentias
2592 2235 2733 2304 ejus,
2763 2235 2930 2290 faciet
2951 2234 3076 2288 tein
3096 2234 3370 2305 gaudium
3389 2233 3578 2288 inimi-

1947 2327 2025 2382 cis
2053 2329 2184 2382 tuis.
2215 2330 2292 2382 Ne
2315 2328 2614 2383 oblecteris
2631 2329 2690 2382 in
2711 2328 2912 2397 turbis,
2931 2345 3038 2382 nec
3057 2327 3116 2380 in
3139 2326 3390 2381 modicis.
3411 2327 3580 2382 Adest

1946 2420 2098 2474 enim
2124 2421 2447 2476 commissio
2475 2422 2728 2478 illorum.
2757 2422 2838 2475 Ne
2854 2421 3028 2476 fueris
3048 2419 3347 2475 mediocris
3367 2419 3426 2474 in
3448 2437 3580 2475 con-

1945 2515 2198 2569 tentione
2240 2532 2308 2568 ex
2353 2516 2572 2584 fenore,
2602 2519 2658 2568 et
2681 2530 2796 2568 non
2827 2517 2909 2568 est
2934 2513 3036 2568 tibi
3081 2513 3222 2567 nihil
3251 2514 3311 2568 in
3345 2514 3573 2569 sazculo.

1945 2609 2067 2663 Eris
2087 2607 2238 2662 enim
2267 2607 2488 2662 invidus
2512 2611 2626 2661 tua:
2650 2589 3146 2709 vitaejOperarius
3181 2606 3436 2661 ebriosus
3463 2623 3578 2661 non

1945 2700 2394 2771 locupletabitur,
2427 2706 2482 2754 et
2503 2699 2599 2772 qui
2632 2698 2850 2771 spernit
2877 2698 3099 2753 modica
3125 2699 3398 2770 paulatim
3422 2699 3572 2754 deci-

1949 2794 2062 2863 det,
2116 2797 2172 2848 et
2217 2793 2485 2848 mulieres
2524 2796 2844 2866 apostatare
2899 2793 3118 2846 faciunt
3166 2791 3471 2862 sapientes,
3522 2797 3580 2848 et

1947 2891 2198 2960 arguunt
2226 2891 2501 2956 sensatos,
2548 2892 2606 2943 et
2645 2889 2743 2959 qui
2784 2903 2842 2942 se
2876 2885 3071 2958 jungit
3106 2885 3423 2940 fornicariis
3474 2886 3581 2942 erit

1949 2999 2229 3054 nequam;
2261 2983 2498 3052 putredo
2530 2985 2586 3036 et
2614 2981 2819 3035 vermis
2845 2979 3269 3035 haereditabunt
3301 2979 3485 3048 illum,
3523 2984 3581 3034 et

1951 3077 2248 3130 extolletur
2267 3075 2325 3130 in
2346 3075 2676 3146 exemplum
2699 3075 2906 3146 majus,
2929 3079 2986 3129 et
3001 3074 3232 3129 tolletur
3250 3073 3320 3128 de
3338 3089 3580 3128 numero

1951 3171 2145 3224 anima
2174 3170 2315 3241 ejus.
2348 3169 2454 3233 Qui
2481 3169 2666 3223 credit
2690 3169 2798 3224 cito
2824 3168 2960 3224 levis
2985 3167 3154 3222 corde
3181 3171 3285 3235 est,
3317 3171 3371 3222 et
3395 3166 3578 3222 mino-

215 3220 234 3236 .
601 3220 615 3236 ι
659 3220 666 3221 κ
743 3220 746 3221 ν
1128 3220 1386 3224 ————
1419 3220 1714 3226 mmm—m
1749 3220 1844 3225 ----
1954 3220 2144 3224 --η--η
2181 3220 2314 3241 ν-υ-ψ-
2356 3220 2454 3233 ..η-
3327 3220 3368 3222 η

215 3260 339 3314 Non
371 3260 780 3332 angustiamini
825 3263 886 3316 in
933 3263 1276 3331 carnalibus,
1307 3264 1714 3334 angustiamini
1756 3281 1850 3319 au-
1871 3220 1926 3296 Ο
1949 3264 2190 3330 rabitur,
2227 3269 2284 3318 et
2312 3263 2410 3334 qui
2442 3263 2724 3334 delinquit
2751 3262 2811 3317 in
2847 3262 3098 3317 animam
3143 3277 3304 3316 suam
3347 3261 3584 3335 insuper

213 3358 334 3408 tem
355 3353 414 3407 in
436 3354 838 3424 spiritualibus.
869 3357 1140 3412 Eamdem
1161 3361 1352 3412 autem
1373 3358 1644 3413 habentes
1663 3375 1851 3413 remuo

215 3447 594 3516 nerationem,
609 3452 890 3520 tanquam
906 3449 1034 3504 ﬁliis
1056 3450 1180 3506 dico
1200 3450 1515 3506 dilatamini
1535 3455 1590 3506 et
1605 3469 1723 3507 vos.
1747 3453 1849 3507 No-

215 3541 317 3596 lite
335 3541 546 3614 jugum
567 3541 774 3598 ducere
795 3559 924 3598 cum
944 3543 1288 3600 infidelibus.
1318 3546 1454 3609 Qum
1474 3549 1666 3600 autem
1681 3545 1850 3617 parti-

214 3634 425 3706 cipatio
442 3635 680 3707 justitize
707 3653 838 3692 cum
859 3637 1174 3710 iniquitate,
1203 3641 1301 3694 aut
1325 3657 1454 3711 quae
1484 3640 1721 3696 societas
1737 3640 1850 3696 luci

213 3728 289 3784 ad
307 3729 613 3785 tenebras?
633 3729 770 3794 Quae
791 3735 984 3786 autem
1001 3733 1297 3788 conventio
1318 3733 1524 3790 Christi
1545 3734 1616 3788 ad
1639 3733 1849 3790 Belial?

217 3825 330 3878 Aut
370 3839 502 3895 quia
539 3840 671 3895 pars
706 3823 859 3880 ﬁdeli
899 3841 1029 3881 cum
1071 3827 1309 3894 inﬁdeli,
1341 3827 1466 3899 quis
1493 3831 1684 3884 autem
1713 3845 1847 3884 con-

215 3933 416 3972 sensus
443 3917 655 3989 templo
693 3919 798 3974 Dei
821 3935 950 3975 cum
976 3919 1179 3974 idolis?
1209 3922 1319 3976 Vos
1345 3921 1500 3977 enim
1546 3922 1678 3977 estis
1705 3925 1846 3978 tem-

215 4012 382 4083 plum
397 4010 498 4066 Dei
508 4011 640 4082 vivi,
655 4012 800 4068 sicut
818 4013 954 4069 dicit
973 4014 1266 4071 Dominus.
1279 4016 1555 4080 Quoniam
1575 4016 1851 4071 inhabita-

215 4104 291 4160 bo
318 4105 382 4159 in
402 4104 533 4176 illis,
557 4109 615 4160 et
629 4105 1017 4178 inambulabo,
1042 4113 1099 4164 et
1118 4126 1215 4164 ero
1231 4109 1453 4164 illorum
1475 4111 1642 4180 Deus,
1667 4114 1722 4164 et
1743 4111 1851 4182 ipsi

217 4205 390 4255 erunt
418 4199 560 4253 mihi
593 4201 850 4272 populus,
879 4205 1116 4274 propter
1161 4203 1316 4275 quod
1363 4204 1508 4259 exite
1551 4205 1621 4258 de
1661 4205 1850 4258 medio

215 4309 436 4362 eorum,
471 4298 528 4348 et
555 4295 890 4365 separamini
917 4297 988 4350 de
1018 4297 1210 4351 medio
1239 4314 1436 4352 eorum
1447 4341 1460 4368 ,
1506 4298 1640 4352 dicit
1659 4299 1846 4352 Domi-

214 4403 346 4454 nus,
361 4387 798 4442 etimmundum
822 4405 892 4444 ne
907 4389 1227 4461 tetigeritis,
1243 4395 1299 4446 et
1319 4409 1424 4463 ego
1443 4391 1718 4462 recipiam
1733 4409 1848 4462 vos,

218 4484 276 4536 et
301 4497 400 4535 ero
425 4481 582 4536 vobis
607 4483 664 4536 in
689 4487 931 4554 patrem,
959 4489 1016 4538 et
1052 4500 1150 4539 vos
1178 4485 1334 4540 eritis
1365 4485 1508 4538 mihi
1539 4486 1596 4539 in
1628 4485 1769 4540 ﬁlios
1797 4489 1852 4540 et

1949 3357 2271 3413 habebitur.
2323 3356 2426 3420 Qui
2474 3357 2684 3427 gaudet
2731 3355 3025 3428 iniquitate
3071 3355 3468 3426 denotabitur;
3527 3361 3584 3412 et

1949 3453 2050 3524 qui
2095 3452 2214 3508 odit
2255 3451 2670 3522 correptionem
2711 3450 3002 3506 minuetur
3046 3449 3172 3504 vita.
3209 3451 3275 3504 Et
3322 3449 3416 3520 qui
3464 3450 3582 3505 odit

1947 3546 2366 3618 loquacitatem,
2399 3544 2705 3615 exstinguit
2739 3543 3164 3607 malitiam.Qui
3177 3545 3444 3614 peccatin
3465 3543 3584 3598 ani-

1948 3657 2105 3695 mam
2134 3657 2293 3695 suam
2323 3637 2637 3711 paenitebit,
2673 3642 2729 3692 et
2765 3637 2859 3709 qui
2885 3636 3234 3707 jucundatur
3273 3637 3330 3690 in
3363 3638 3581 3694 malitia

1951 3734 2327 3791 denotabitur.
2348 3735 2430 3788 Ne
2454 3733 2624 3788 iteres
2648 3730 2886 3787 verbum
2913 3747 3163 3802 nequam
3191 3734 3246 3786 et
3272 3730 3500 3803 durum,
3525 3736 3582 3788 et

1949 3847 2068 3886 non
2112 3827 2504 3884 minoraberis.
2548 3825 2744 3881 Amico
2781 3827 2838 3880 et
2879 3824 3112 3880 inimico
3153 3823 3271 3878 noli
3315 3842 3580 3881 enarrare

1951 3939 2180 3980 sensum
2209 3927 2395 3990 tuum,
2429 3923 2485 3975 et
2508 3919 2554 3974 si
2585 3923 2669 3974 est
2686 3919 2790 3974 tibi
2815 3919 3102 3988 delictum,
3125 3919 3244 3974 noli
3269 3920 3580 3976 denudare.

1948 4017 2153 4073 Audiet
2182 4017 2335 4071 enim
2364 4019 2440 4083 te,
2473 4018 2532 4069 et
2561 4013 2845 4068 custodiet
2871 4016 2945 4080 te,
2983 4017 3057 4080 et,
3081 4014 3240 4084 quasi
3271 4013 3584 4070 defendens

1951 4115 2267 4183 peccatum,
2297 4109 2455 4164 odiet
2469 4111 2542 4178 te,
2570 4111 2628 4162 et
2645 4108 2722 4162 sic
2739 4106 3054 4162 adhaerebit
3076 4106 3181 4161 tibi
3202 4123 3444 4179 semper.
3466 4112 3581 4164 Au-

1951 4205 2083 4260 disti
2099 4204 2336 4258 verbum
2357 4203 2623 4258 adversus
2637 4200 2964 4272 proximum
2977 4199 3005 4254 ?
3026 4201 3440 4256 commoriatur
3455 4203 3514 4257 in
3529 4208 3582 4258 te

1951 4300 2131 4354 iidens
2148 4297 2420 4370 quoniam
2441 4313 2551 4350 non
2572 4301 2628 4350 te
2645 4296 2983 4366 disrumpet,
3001 4311 3034 4349 a
3053 4294 3198 4349 facie
3220 4296 3376 4350 verbi
3395 4300 3586 4367 partu-

1951 4394 2025 4448 rit
2051 4393 2260 4460 fatuus,
2292 4396 2566 4461 tanquam
2593 4389 2843 4460 gemitus
2869 4393 3062 4458 partus
3086 4387 3340 4443 infantis.
3375 4389 3586 4461 Sagitta

1951 4487 2120 4541 inﬁxa
2147 4484 2352 4539 femori
2375 4484 2580 4550 carnis,
2603 4483 2681 4537 sic
2703 4482 2941 4536 verbum
2969 4481 3026 4535 in
3058 4482 3228 4536 corde
3249 4483 3420 4537 stulti.
3446 4485 3582 4538 Cor-

217 4575 380 4645 ﬁlias,
411 4575 548 4630 dicit
577 4577 857 4631 Dominus
900 4578 1170 4649 optimus.
1213 4579 1321 4632 Has
1368 4579 1544 4650 igitur
1585 4579 1854 4634 habentes
1872 4594 1932 4666 D
1953 4581 2074 4652 ripe
2101 4579 2365 4648 amicum,
2401 4594 2473 4632 ne
2517 4578 2665 4631 forte
2707 4593 2836 4630 cum
2870 4574 3065 4629 fecerit
3088 4576 3356 4646 injuriam
3387 4580 3584 4632 etnon

216 4669 641 4740 promissiones,
689 4671 1028 4740 charissimi,
1075 4673 1423 4727 mundemus
1452 4690 1555 4728 nos
1583 4673 1653 4727 ab
1695 4673 1854 4728 omni

219 4763 656 4832 inquinamento
682 4765 864 4818 carnis
893 4767 951 4819 et
973 4766 1222 4836 spiritus,
1253 4766 1610 4838 perﬁcientes
1650 4767 1850 4822 sancti-

218 4855 550 4912 ﬁcationem
574 4856 634 4910 in
665 4857 872 4913 timore
900 4858 1000 4912 Dei
1030 4859 1104 4930 (II
1127 4861 1243 4914 Cor.
1277 4877 1331 4926 v,
1371 4863 1522 4914 17-2-1
1548 4877 1560 4927 ;
1593 4877 1668 4928 vi,
1697 4863 1852 4930 1-18;

219 4965 316 5018 νη,
361 4950 434 5020 1).
476 4973 504 4999 ››
540 4952 806 5006 Errorem
831 4957 1083 5008 vestrum
1111 4953 1402 5025 corrigite,
1443 4954 1668 5020 fratres,
1702 4957 1760 5008 et
1786 4954 1856 5008 ab

221 5044 382 5098 omni
403 5045 616 5099 erroris
631 5046 852 5100 macula
865 5063 963 5101 vos
977 5048 1272 5118 custodite,
1289 5053 1352 5102 ut
1371 5064 1580 5119 purum
1603 5049 1712 5102 Deo
1737 5065 1859 5103 mu-

217 5155 329 5193 nus
357 5137 565 5193 oﬂ‘crre
595 5139 850 5194 valeatis.
881 5140 1080 5196 Servos
1107 5142 1208 5196 Dei
1227 5141 1398 5196 nolite
1424 5141 1708 5213 persequi.
1733 5143 1860 5213 Epi-

219 5249 424 5304 scopos
443 5233 620 5287 nolite
641 5233 923 5290 infamare
944 5252 1128 5308 neque
1148 5253 1427 5305 accusare,
1446 5236 1580 5308 quia
1598 5237 1744 5290 Deus
1765 5253 1860 5292 eos

221 5343 324 5380 suo
343 5327 562 5398 judicio
589 5327 770 5382 voluit
804 5330 1104 5384 reservari.
1134 5331 1291 5395 Quod
1325 5330 1480 5385 enim
1507 5348 1622 5385 non
1651 5331 1721 5384 ab
1747 5331 1856 5386 hu-

219 5421 428 5490 manis,
459 5425 560 5476 aut
585 5439 776 5493 pravae
805 5423 932 5478 vitae
961 5424 1287 5479 hominibus
1312 5441 1408 5479 eos
1434 5425 1864 5497 depravari,aut

221 5514 474 5570 accusari
495 5515 686 5585 voluit,
713 5516 830 5588 ipse
853 5517 1011 5573 dedit
1029 5519 1375 5591 exemplum,
1398 5519 1626 5591 quando
1647 5537 1753 5591 per
1775 5537 1857 5575 se-

223 5609 414 5680 ipsum
443 5613 500 5665 et
528 5626 642 5664 non
667 5627 771 5682 per
793 5611 987 5680 alium,
1019 5613 1377 5684 negotiantes
1409 5613 1575 5685 ejecit
1603 5615 1859 5670 sacerdo-

220 5707 308 5758 tes
339 5703 410 5758 de
438 5705 673 5775 templo,
723 5709 780 5760 et
821 5723 1047 5761 mensas
1091 5707 1609 5763 nummulariorum
1635 5709 1864 5781 preprio

223 5799 430 5853 evertit
453 5798 704 5870 ﬂagello,
735 5801 794 5856 et
812 5799 979 5872 ejecit
997 5801 1066 5857 de
1083 5803 1320 5874 templo,
1347 5805 1405 5858 et
1427 5803 1572 5859 sicut
1590 5803 1726 5859 alibi
1746 5804 1826 5859 ait
1848 5821 1860 5859 :

203 5877 254 5946 ἀ
284 5893 434 5949 Deus
459 5894 615 5950 stetit
642 5895 702 5950 in
745 5911 1040 5968 synagoga
1075 5897 1335 5968 deorum,
1367 5898 1426 5953 in
1453 5897 1642 5954 medio
1672 5901 1866 5956 autem

1953 4672 2314 4740 intellexerit,
2346 4671 2493 4726 dicat
2512 4687 2524 4725 :
2545 4671 2666 4724 Non
2690 4669 2814 4736 feci,
2841 4673 2939 4722 aut
2967 4668 3012 4722 si
3043 4669 3257 4736 fecerit,
3283 4684 3354 4722 ne
3373 4668 3582 4724 iterum

1955 4769 2126 4824 addat
2147 4769 2352 4822 facere.
2378 4763 2610 4834 Corripe
2626 4761 2955 4834 proximum
2975 4778 3046 4815 ne
3067 4761 3214 4815 forte
3231 4778 3344 4816 non
3361 4761 3582 4834 dixerit,

1957 4869 2014 4918 et
2039 4862 2084 4916 si
2112 4860 2332 4930 dixerit,
2360 4876 2433 4914 ne
2479 4858 2623 4912 forte
2671 4857 2857 4911 iteret.
2886 4854 3114 4926 Corripe
3139 4854 3406 4924 amicum,
3435 4874 3585 4929 saepe

1959 4957 2115 5012 enim
2143 4956 2208 5010 ﬁt
2237 4952 2576 5022 commissio,
2619 4957 2676 5007 et
2709 4967 2827 5006 non
2868 4949 3024 5004 omni
3051 4949 3220 5004 verbo
3247 4949 3460 5005 credas.
3493 4954 3590 5008 Est

1959 5051 2059 5123 qui
2087 5050 2296 5105 labitur
2331 5048 2391 5102 in
2429 5047 2630 5118 lingua
2664 5062 2780 5112 sua,
2820 5043 2915 5098 sed
2950 5059 3066 5098 non
3103 5060 3166 5098 ex
3201 5043 3414 5100 animo.
3453 5046 3590 5111 Quis

1960 5148 2046 5199 est
2067 5144 2221 5200 enim
2247 5142 2342 5216 qui
2368 5158 2482 5197 non
2513 5138 2818 5210 deliquerit
2861 5137 2920 5190 in
2965 5136 3164 5208 lingua
3191 5139 3330 5193 sua?
3359 5139 3592 5213 Corripe

1959 5238 2284 5311 proximum
2307 5239 2618 5306 antequam
2637 5230 3021 5302 commineris,
3037 5235 3094 5287 et
3114 5231 3184 5286 da
3196 5232 3384 5287 locum
3399 5235 3593 5289 timori

1961 5331 2248 5400 Altissimi,
2269 5330 2403 5402 quia
2423 5328 2609 5383 omnis
2630 5326 2904 5398 sapientia
2929 5330 2986 5380 et
3013 5326 3248 5381 scientia
3273 5327 3448 5383 timor
3470 5330 3586 5398 Dei,

1963 5429 2019 5481 et
2041 5427 2101 5481 in
2128 5423 2224 5480 illa
2246 5428 2331 5478 est
2349 5423 2552 5477 timere
2575 5422 2777 5488 Deum,
2800 5423 2857 5476 et
2873 5419 2930 5474 in
2949 5419 3106 5476 omni
3121 5421 3398 5492 sapientia
3411 5423 3594 5495 dispo-

1962 5521 2090 5576 sitio
2116 5519 2280 5591 legis.
2321 5519 2444 5572 Non
2469 5517 2555 5572 est
2579 5514 2859 5588 sapientia
2885 5531 3074 5588 neque
3105 5515 3357 5587 scientia,
3393 5523 3449 5572 ct
3481 5534 3594 5572 non

1964 5617 2050 5669 est
2119 5613 2399 5685 cogitatus
2451 5611 2674 5680 bonus,
2748 5609 2856 5664 nisi
2921 5609 2979 5664 in
3047 5609 3164 5665 illa.
3228 5613 3592 5664 Peccatorum

1963 5707 2268 5781 prudentia
2293 5709 2378 5762 est
2401 5705 2675 5778 nequitia,
2689 5707 2748 5760 et
2765 5705 2824 5759 in
2843 5705 2968 5776 ipsa
2987 5704 3314 5770 exsecratio,
3330 5707 3386 5756 et
3404 5709 3484 5758 est
3503 5703 3590 5756 in-

1964 5803 2194 5876 sipiens,
2226 5802 2324 5874 qui
2355 5800 2712 5857 imminuitur
2753 5797 3050 5871 sapientia.
3092 5795 3286 5858 Melior
3311 5799 3396 5851 est
3420 5797 3594 5854 homo

1965 5898 2064 5974 qui
2112 5897 2300 5954 deﬁcit
2344 5895 2636 5970 sapientia,
2682 5899 2738 5951 et
2776 5892 3043 5952 deﬁciens
3086 5905 3255 5946 sensu
3293 5890 3352 5947 in
3391 5891 3598 5950 timore
