4058 6306
490 336 585 399 231

1380 331 1663 390 APPEND.
1705 332 1793 387 AD
1833 328 1995 386 sae.
2029 331 2115 385 1x.
2148 358 2217 369 -
2249 329 2494 385 lsinom
2530 312 2955 385 MERCATORIS

3760 334 3872 389 '232

487 466 661 523 quam
693 447 791 520 qui
821 444 1072 501 abundat
1098 459 1285 512 sensu,
1310 445 1365 497 et
1388 439 1804 512 transgreditur
1821 440 2007 511 legem
2025 440 2114 493 Al-
2140 449 2199 522 Α
2221 437 2437 491 militer
2456 437 2817 492 obsecramur
2831 454 2928 491 vos
2948 437 3008 492 in
3030 436 3267 493 Domino
3290 458 3318 488 ‹‹
3333 436 3587 509 utdigne
3605 438 3873 494 ambule-

492 542 717 598 tissimi.
749 542 849 595 Est
873 539 1102 594 solertia
1126 540 1294 605 certa,
1327 538 1383 589 et
1418 535 1541 606 ipsa
1581 534 1797 604 iniqua,
1831 537 1888 587 et
1915 538 1999 587 est
2023 534 2121 604 qui

492 637 701 693 emittit
727 634 965 689 verbum
991 634 1210 686 certum
1250 645 1519 684 enarrans
1548 628 1864 682 veritatem.
1908 628 2002 681 Est
2028 627 2124 698 qui

491 731 756 801 nequiter
798 727 1063 781 humiliat
1103 741 1181 792 se,
1228 728 1285 778 et
1325 721 1593 776 interiora
1630 721 1750 791 ejus
1790 720 1957 790 plena
1994 724 2123 774 sunt

492 824 641 879 dolo.
674 823 741 876 Et
765 826 851 875 est
871 821 1058 891 justus
1084 817 1181 888 qui
1208 832 1265 870 se
1296 814 1541 869 nimium
1576 812 1859 868 submittit
1884 830 1916 866 a
1945 814 2124 867 multa

490 915 829 978 humilitate,
861 917 919 967 et
946 917 1028 966 est
1046 911 1232 981 justus
1275 909 1372 979 qui
1403 907 1640 961 inclinat
1677 906 1903 973 faciem,
1932 911 1988 961 et
2012 907 2121 959 ﬁn—

491 1009 578 1080 git
605 1025 719 1062 non
749 1007 938 1060 videre
978 1020 1035 1059 se
1077 1003 1227 1074 quod
1264 1003 1588 1072 ignoratum
1618 1004 1720 1055 est.
1749 1001 1816 1055 Et
1849 998 1892 1053 si
1919 1000 1988 1053 ab
2012 999 2122 1054 im-

488 1100 790 1155 becillitate
820 1097 1023 1152 virium
1050 1100 1271 1150 vetetur
1298 1109 1552 1164 peccare,
1581 1093 1627 1146 si
1657 1092 1940 1146 invenerit
1975 1098 2121 1147 tem-

490 1209 594 1264 pus
635 1190 1027 1247 malefaciendi
1076 1186 1408 1242 malefaciet.
1463 1187 1544 1239 Ex
1594 1185 1715 1239 visu
1764 1185 2125 1255 cognoscitur

486 1287 589 1355 vir,
619 1292 676 1341 et
701 1286 772 1339 ab
800 1299 1037 1338 occursu
1066 1280 1226 1335 faciei
1257 1279 1614 1350 cognoscitur
1657 1283 1930 1345 sensatus,
1978 1279 2121 1332 ami-

485 1385 608 1436 ctus
634 1378 889 1449 corporis
914 1380 972 1431 et
1000 1375 1144 1429 risus
1174 1373 1453 1440 dentium,
1476 1376 1533 1426 et
1560 1371 1853 1442 ingressus
1873 1371 2124 1426 hominis

486 1473 748 1529 enuntiat
773 1470 843 1525 de
869 1454 989 1523 illo.
1012 1469 1110 1523 Est
1130 1466 1412 1538 correptio
1436 1464 1683 1520 mendax
1711 1464 1769 1519 in
1803 1482 1898 1520 ore
1928 1470 2124 1519 contu-

486 1567 707 1622 meliosi
721 1568 777 1620 et
788 1569 873 1618 est
875 1561 1157 1635 judicium
1171 1560 1322 1632 quod
1335 1575 1451 1614 non
1461 1559 1739 1629 probatur
1749 1574 1868 1613 esse
1880 1558 2119 1626 bonum,

486 1664 544 1715 et
574 1663 660 1714 est
690 1662 896 1724 tacens,
926 1659 983 1710 et
1009 1655 1127 1726 ipse
1154 1658 1238 1709 est
1263 1652 1533 1723 prudens.
1578 1650 1759 1715 Quam
1790 1651 2004 1706 bonum
2040 1655 2124 1705 est

488 1768 735 1825 arguere
763 1766 934 1822 quam
953 1747 1137 1815 irasci,
1166 1755 1221 1802 et
1251 1745 1613 1800 conﬁtentem
1643 1745 1699 1798 in
1724 1744 1977 1799 oratione
2006 1761 2122 1799 non

2224 531 2295 585 tis
2324 530 2615 585 vocatione
2654 547 2766 602 qua
2792 530 2967 585 vocati
3000 531 3131 585 estis
3170 548 3300 586 cum
3340 532 3497 586 omni
3535 532 3869 588 humilitate

2224 628 2280 677 et
2294 623 2747 691 mansuetudine,
2764 641 2893 678 cum
2910 642 2977 695 pa
2987 624 3184 680 tientia
3203 625 3445 679 invicem
3461 626 3870 697 supportantes

2222 718 2282 771 in
2327 717 2620 787 charitate,
2665 717 2888 771 solliciti
2930 735 3149 772 servare
3197 719 3475 773 unitatem
3529 720 3759 790 spiritus
3801 721 3865 774 in

2220 810 2446 864 vinculo
2474 811 2650 881 pacis,
2682 828 2865 865 unum
2896 829 3100 883 corpus
3139 817 3195 867 et
3225 830 3369 867 unus
3417 813 3669 884 spiritus,
3720 815 3869 868 sicut

2223 904 2400 958 vocati
2433 904 2566 959 estis
2606 904 2667 958 in
2695 921 2811 959 una
2850 921 2948 974 spe
2979 906 3292 960 vocationis
3316 910 3534 971 vestrae,
3573 924 3718 962 unus
3746 909 3864 962 Do-

2224 997 2434 1065 minus,
2459 1014 2573 1051 una
2600 997 2760 1067 ﬁdes,
2783 1015 2965 1052 unum
2995 999 3301 1069 baptisma,
3331 1016 3480 1054 unus
3505 1001 3676 1066 Deus,
3694 1006 3750 1055 et
3764 1003 3870 1056 Pa—

2222 1093 2309 1144 ter
2339 1091 2617 1158 omnium,
2637 1090 2735 1161 qui
2756 1108 2925 1162 super
2947 1108 3168 1160 omnes,
3194 1098 3248 1146 et
3266 1108 3372 1162 per
3404 1093 3619 1163 omnia,
3644 1094 3704 1147 in
3734 1112 3866 1148 om-

2224 1184 2390 1237 nibus
2408 1184 2590 1238 nobis.
2611 1184 2924 1255 Unicuique
2945 1192 3133 1239 autem
3152 1188 3406 1239 nostrum
3431 1186 3559 1241 data
3577 1193 3661 1241 est
3680 1189 3868 1258 gratia

2223 1278 2533 1332 secundum
2547 1294 2875 1332 mensuram
2891 1278 3213 1333 donationis
3230 1278 3697 1350 Christi,propter
3709 1283 3865 1352 quod

2223 1369 2359 1425 dicit
2382 1388 2394 1425 :
2421 1371 2741 1425 Ascendens
2767 1372 2827 1425 in
2854 1373 3033 1426 altum
3065 1371 3345 1443 captivam
3380 1372 3543 1428 duxit
3569 1375 3862 1445 captivita-

2220 1468 2358 1529 tem,
2389 1464 2547 1518 dedit
2575 1464 2726 1519 bona
2771 1465 3120 1519 hominibus.
3157 1466 3320 1529 Quod
3357 1472 3548 1521 autem
3580 1468 3861 1536 ascendit,

2220 1556 2357 1629 quid
2384 1562 2469 1612 est
2500 1558 2605 1611 nisi
2632 1558 2767 1629 quia
2794 1562 2851 1612 et
2880 1558 3170 1614 descendit
3193 1559 3446 1629 primum
3474 1560 3534 1615 in
3560 1561 3866 1616 inferiores

2220 1655 2408 1722 partes
2438 1654 2623 1705 terrae.
2658 1651 2765 1716 Qui
2803 1651 3099 1706 descendit
3134 1651 3252 1722 ipse
3284 1657 3370 1707 est
3396 1657 3452 1708 et
3480 1654 3577 1724 qui
3608 1655 3867 1711 ascendit

2221 1761 2390 1815 super
2425 1761 2625 1799 omnes
2653 1744 2843 1812 caelos,
2888 1748 2952 1798 ut
2992 1745 3332 1816 adimpleret
3366 1747 3577 1801 omnia.
3628 1748 3697 1801 Et
3738 1748 3863 1818 ipse

486 1844 826 1918 prohibere!
857 1840 1320 1912 Concupiscentia
1340 1838 1610 1910 spadonis
1637 1837 2014 1909 devirginavit
2031 1838 2121 1908 ju—
2140 1833 2195 1904 B
2220 1837 2376 1891 dedit
2412 1838 2689 1907 quosdam
2729 1837 2965 1908 quidem
3011 1839 3319 1908 apostolos,
3358 1839 3639 1911 quosdam
3664 1845 3861 1894 autem

486 1940 805 2005 venculam,
838 1938 917 1991 sic
958 1935 1059 2006 qui
1085 1933 1223 1989 facit
1252 1950 1355 2004 per
1380 1931 1497 1986 vim
1522 1930 1804 2003 judicium
1837 1931 2117 2002 iniquum.

487 2034 672 2098 Quam
692 2033 912 2087 bonum
933 2035 1017 2084 est
1033 2030 1289 2098 correpto
1309 2025 1673 2081 manifestare
1699 2024 2117 2096 paenitentiam,

484 2128 563 2183 sic
591 2126 745 2181 enim
774 2122 1011 2194 effugies
1038 2119 1415 2175 voluntarium
1459 2122 1777 2189 peccatum.
1811 2118 1904 2171 Est
1928 2122 2119 2172 tacens

488 2220 586 2293 qui
608 2218 899 2274 invenitur
923 2216 1164 2287 sapiens,
1199 2218 1256 2268 et
1286 2218 1370 2267 est
1398 2212 1622 2266 odibilis
1659 2211 1755 2283 qui
1799 2228 2009 2281 procax
2035 2215 2120 2266 est

484 2315 552 2369 ad
575 2312 949 2384 loquendum.
970 2310 1066 2364 Est
1086 2311 1281 2363 autem
1302 2309 1492 2361 tacens
1510 2322 1629 2360 non
1649 2305 1869 2359 habens
1891 2321 2118 2358 sensum
2150 2370 2158 2377 ι

482 2407 741 2479 loquelas,
775 2409 859 2460 est
887 2407 945 2458 et
974 2408 1165 2459 tacens
1195 2404 1442 2471 tempus,
1466 2399 1647 2454 sciens
1676 2398 1791 2469 apti
1817 2399 2112 2469 temporis.

482 2502 660 2556 Homo
706 2497 928 2570 sapiens
976 2495 1187 2550 tacebit
1237 2510 1416 2565 usque
1471 2493 1541 2547 ad
1590 2496 1835 2563 tempus,
1882 2492 2117 2546 lascivus

480 2597 670 2649 autem
691 2595 749 2646 et
770 2590 1104 2662 imprudens
1123 2605 1240 2643 non
1266 2586 1510 2641 servabit
1528 2589 1772 2657 tempus.
1796 2585 1905 2650 Qui
1922 2586 2117 2641 multis

478 2687 660 2743 utitur
678 2685 862 2740 verbis
882 2682 1039 2738 laedit
1055 2681 1309 2736 animam
1335 2697 1515 2746 suam,
1547 2685 1603 2734 et
1647 2680 1746 2751 qui
1778 2684 2113 2749 potestatem

481 2780 587 2836 sibi
618 2778 856 2834 assumit
882 2777 1093 2847 injuste
1137 2775 1382 2830 odietur.
1431 2774 1527 2829 Est
1557 2773 1836 2844 processio
1866 2772 1924 2827 in
1951 2773 2116 2828 malis

480 2873 603 2929 viro
632 2870 1066 2942 indisciplinato,
1100 2872 1157 2923 et
1196 2871 1280 2923 est
1308 2867 1559 2923 inventio
1599 2866 1656 2920 in
1686 2866 2111 2922 detrimentum.

481 2968 577 3023 Est
603 2965 799 3020 datum
835 2963 986 3034 quod
1027 2978 1144 3017 non
1175 2965 1261 3015 est
1296 2961 1451 3030 utile,
1489 2964 1546 3014 et
1577 2965 1662 3014 est
1705 2960 1923 3027 datum,
1955 2960 2113 3030 cujus

482 3057 779 3114 retributio
805 3056 1034 3126 duplex,
1056 3054 1155 3109 sed
1182 3057 1417 3124 propter
1437 3053 1683 3125 gloriam
1710 3052 2041 3122 minoratio,
2060 3057 2115 3108 et

483 3156 568 3207 est
595 3151 694 3224 qui
721 3150 790 3206 ab
819 3148 1139 3204 humilitate
1177 3146 1385 3202 levabit
1427 3150 1614 3219 caput.
1662 3148 1759 3201 Est
1797 3146 1897 3217 qui
1934 3147 2114 3201 multa

2220 1930 2551 2002 prophetas,
2572 1930 2708 1984 alios
2726 1948 2858 1986 vero
2879 1948 3016 1985 evan
3025 1932 3269 2001 gelistas,
3296 1931 3436 1986 alios
3456 1936 3650 1986 autem
3677 1938 3866 2004 pasto-

2220 2040 2313 2078 res
2356 2027 2411 2079 et
2445 2024 2700 2079 doctores
2744 2025 2817 2078 ad
2856 2025 3408 2080 consummationem
3437 2031 3769 2081 sanctorum
3799 2027 3858 2081 in

2222 2134 2364 2188 opus
2406 2117 2724 2185 ministerii,
2762 2118 2823 2171 in
2869 2117 3303 2173 aedificationem
3334 2120 3583 2190 corporis
3626 2119 3859 2190 Christi,

2220 2211 2402 2266 donec
2433 2228 2796 2265 occurramus
2825 2228 3024 2266 omnes
3052 2211 3109 2265 in
3133 2212 3415 2267 unitatem
3441 2212 3593 2282 ﬁdei,
3619 2218 3677 2267 et
3697 2214 3863 2285 agni-

2218 2304 2389 2359 tionis
2412 2304 2538 2359 Filii
2568 2305 2663 2358 Dei
2704 2304 2763 2358 in
2804 2305 2992 2359 virum
3038 2305 3376 2376 perfectum,
3420 2306 3480 2360 in
3521 2322 3858 2361 mensuram

2219 2398 2397 2453 aetatis
2421 2398 2791 2469 plenitudinis
2811 2398 3035 2466 Christi,
3066 2404 3126 2453 ut
3140 2399 3261 2469 jam
3285 2416 3404 2454 non
3431 2399 3605 2454 simus
3630 2402 3861 2471 parvuli

2218 2491 2576 2559 ﬂuctuantes,
2611 2497 2667 2546 et
2709 2491 3182 2547 circumferamur
3202 2493 3359 2547 omni
3384 2498 3551 2548 vento
3580 2494 3860 2549 doctrina:

2217 2584 2278 2640 in
2296 2585 2554 2655 nequitia
2574 2585 2893 2653 hominum,
2916 2586 2975 2640 in
2997 2586 3201 2641 astutia
3215 2585 3286 2640 ad
3306 2586 3859 2642 circumventionem

2217 2678 2427 2734 erroris
2459 2680 2613 2749 (Eph.
2642 2696 2717 2748 ιν,
2751 2682 2771 2733 l
2801 2685 2849 2734 et
2879 2679 3036 2748 seq.).
3065 2701 3093 2728 »
3124 2680 3199 2734 De
3227 2680 3458 2734 occultis
3485 2680 3640 2734 enim
3666 2682 3859 2736 cordis

2218 2772 2389 2828 alieni
2412 2772 2891 2843 temerejudicarc
2920 2772 3178 2844 iniquum
3201 2777 3287 2827 est
3306 2778 3361 2828 et
3388 2791 3520 2828 eum
3548 2776 3708 2845 cujus
3735 2793 3859 2832 non

2216 2865 2479 2921 videntur
2499 2865 2609 2921 nisi
2636 2883 2811 2938 opera
2835 2866 3000 2934 bona,
3023 2870 3321 2938 peccatum
3349 2872 3433 2923 est
3452 2884 3515 2923 ex
3535 2868 3857 2941 suspicione

2215 2960 2656 3031 reprehendere.
2678 2961 2817 3016 Oves
2847 2977 2983 3031 ergo
3015 2978 3142 3032 quae
3173 2961 3381 3032 pastori
3407 2979 3506 3017 suo
3532 2962 3856 3019 commissae

2215 3057 2365 3119 sunt,
2390 3070 2526 3108 eum
2559 3071 2662 3108 nec
2693 3054 3114 3126 reprehendere
3146 3055 3272 3125 (nisi
3304 3073 3335 3109 a
3364 3061 3519 3110 recta
3549 3056 3660 3111 ﬁde
3691 3074 3858 3112 exor-

2212 3146 2495 3218 bitaverit)
2527 3148 2756 3217 debent,
2803 3165 2905 3201 nec
2955 3148 3239 3203 ullatenus
3285 3166 3548 3204 accusare
3591 3156 3853 3220 possunt,

485 3198 694 3224 υνυςιιυ-
722 3198 787 3206 η
820 3198 1134 3204 -----π--τ--
1662 3198 1755 3201 -η
1807 3198 1896 3217 ιη-
1934 3198 2112 3201 ηίητν
2214 3198 2493 3218 --ν--τ--νι
2533 3198 2756 3217 -“’⁷’-ἰ
2961 3198 3235 3203 η--π---π-
3286 3198 3544 3204 *νη-ην
3592 3198 3852 3220 τ-τυ--η

480 3246 727 3302 redimat
763 3243 986 3299 modico
1033 3241 1234 3312 pretio,
1264 3245 1320 3296 et
1350 3246 1435 3294 est
1464 3241 1767 3296 restituens
1812 3256 1880 3294 ea
1923 3246 2109 3312 septu-
2134 3198 2188 3272 Ο
2215 3241 2348 3312 quia
2373 3241 2515 3295 facta
2546 3246 2837 3312 pastorum
2877 3241 2987 3295 oris
3033 3242 3224 3313 gladio
3266 3243 3521 3298 ferienda
3553 3259 3670 3299 non
3695 3250 3852 3313 sunt,

479 3342 662 3412 plum.
709 3337 949 3410 Sapiens
989 3336 1050 3390 in
1080 3334 1265 3390 verbis
1319 3334 1570 3405 seipsum
1611 3334 1915 3395 amabilem
1958 3334 2109 3403 facit,

480 3434 677 3507 gratiae
697 3438 887 3488 autem
909 3432 1204 3507 fatuorum
1221 3428 1605 3494 eﬂ‘undentur,
1625 3428 1820 3484 datum
1845 3427 2114 3499 insipien-

476 3528 548 3584 tis
576 3544 693 3583 non
721 3527 828 3582 erit
857 3524 993 3580 utile
1019 3522 1143 3578 tibi.
1162 3521 1331 3593 pculi
1360 3522 1515 3577 enim
1547 3521 1696 3576 illius
1720 3521 2112 3593 septemplices

477 3627 626 3678 sunt.
660 3620 877 3692 Exigua
906 3617 1081 3688 dabit,
1116 3615 1175 3670 et
1196 3615 1380 3671 multa
1405 3615 1839 3688 improperabit,
1869 3618 1924 3671 et
1948 3632 2107 3687 aper-

480 3717 557 3771 tio
579 3716 691 3770 oris
720 3713 870 3768 illius
894 3710 1265 3767 inﬂammatio
1297 3714 1402 3778 est,
1431 3709 1602 3763 hodie
1628 3710 1847 3763 fenerat
1877 3709 2023 3780 quis,
2054 3711 2112 3763 et

476 3826 597 3864 cras
635 3806 864 3878 expetit,
912 3809 969 3859 et
1011 3802 1235 3858 odibilis
1290 3803 1466 3857 homo
1517 3801 1871 3873 hujusmodi.
1933 3803 2110 3857 Fatuo

479 3918 596 3957 non
621 3899 730 3955 erit
754 3899 987 3964 amicus,
1019 3899 1077 3950 et
1105 3912 1221 3950 non
1247 3895 1357 3950 erit
1398 3895 1577 3966 gloria
1601 3893 1767 3949 bonis
1800 3895 1969 3950 illius.
2002 3895 2111 3959 Qui

481 3993 637 4051 enim
651 3992 829 4048 edunt
843 4006 1055 4062 panem
1071 3988 1241 4057 illius,
1256 3989 1410 4043 falsas
1425 3988 1637 4059 linguae
1655 3992 1806 4056 sunt,
1822 3988 2039 4060 quoties
2056 3995 2112 4045 et

480 4086 679 4161 quanti
697 4084 1021 4140 irridebunt
1036 4081 1198 4139 eum!
1226 4099 1415 4154 neque
1436 4081 1589 4137 enim
1609 4082 1760 4154 quod
1780 4082 2110 4138 habendum

481 4185 606 4238 erat
649 4180 863 4235 directo
907 4193 1075 4248 sensu
1103 4176 1405 4247 distribuit,
1441 4175 1699 4231 similiter
1729 4181 1786 4231 et
1813 4176 1965 4248 quod
1994 4195 2110 4233 non

481 4279 605 4332 erat
634 4244 1217 4353 habendumi‘lmpsus
1242 4244 1401 4325 falsae
1415 4270 1627 4342 linguae
1655 4244 1943 4342 quasi—qui
1965 4289 1995 4325 a
2014 4289 2111 4343 pa-

479 4369 733 4425 vimento
764 4366 993 4433 cadens,
1031 4364 1110 4419 sic
1147 4381 1304 4419 casus
1340 4364 1620 4420 malorum
1652 4365 1987 4419 festinanter
2011 4382 2107 4420 ve-

478 4464 659 4521 nient.
693 4463 873 4518 Homo
895 4459 1157 4531 ingratus
1181 4459 1340 4531 quasi
1365 4459 1555 4514 fabula
1582 4476 1730 4514 vana
1758 4458 1817 4513 in
1837 4475 1933 4514 ore
1961 4459 2108 4514 indi-

2214 3349 2540 3406 quanquam
2569 3339 2719 3391 recte
2750 3335 3228 3406 reprehendenda
3255 3336 3570 3392 videantur.

2283 3429 2414 3484 Ideo
2441 3429 2544 3484 ista
2571 3429 2830 3497 dicimus,
2865 3429 2997 3501 quia
3043 3429 3102 3484 in
3137 3428 3431 3502 scripturis
3462 3430 3661 3486 vestris
3690 3447 3854 3502 repe-

2212 3522 2391 3578 rimus
2421 3522 2697 3594 quosdam
2739 3523 3032 3595 episcopos
3059 3523 3266 3579 nostris
3295 3524 3352 3579 in
3374 3524 3628 3596 partibus
3656 3542 3689 3580 a
3712 3542 3850 3596 pro-

2211 3616 2349 3687 priis
2371 3616 2570 3671 ovibus
2589 3619 2894 3687 accusatos,
2909 3616 3130 3690 aliquos
3143 3617 3408 3672 videlicet
3425 3634 3489 3674 ex
3505 3618 3849 3690 suspicione,

2213 3716 2268 3765 et
2295 3710 2518 3781 aliquos
2549 3727 2616 3765 ex
2640 3715 2792 3765 certa
2816 3688 3154 3859 rationeJEt
3181 3711 3389 3766 idcirco
3422 3712 3698 3783 quosdam
3727 3729 3852 3767 esse

2213 3803 2381 3858 rebus
2412 3804 2526 3858 suis
2554 3804 2906 3859 exsnoliatos.
2935 3822 3047 3859 auo
3081 3806 3211 3859 dam
3235 3822 3368 3859 vero
3399 3822 3432 3859 a
3461 3805 3691 3859 nronria
3715 3806 3850 3859 sede

2211 3803 2381 3858 rebus
2412 3804 2526 3858 suis
2554 3804 2906 3876 exspoliatos,
2935 3803 3211 3877 quoddam
3235 3822 3368 3861 vero
3399 3822 3432 3860 a
3460 3805 3691 3877 propria
3715 3806 3850 3860 sede

2209 3898 2421 3969 pulsos.
2453 3898 2604 3962 Quos
2635 3898 2842 3968 sciatis,
2873 3915 2973 3952 nec
3005 3898 3081 3953 ad
3100 3899 3377 3970 synodum
3405 3898 3853 3970 comprovincia-

2208 3991 2345 4060 lem,
2370 4007 2472 4047 nec
2490 3992 2561 4047 ad
2578 3992 2907 4062 generalem
2925 4009 3086 4063 posse
3103 3992 3313 4061 vocari,
3331 4010 3432 4048 nec
3448 3992 3505 4046 in
3527 3992 3741 4064 aliquid
3756 3992 3853 4064 ju-

2210 4084 2395 4140 dicare
2415 4090 2721 4157 antequam
2741 4090 2943 4141 cuncta
2965 4103 3092 4158 quas
3117 4086 3199 4141 cis
3221 4086 3446 4141 sublata
3470 4091 3601 4141 sunt
3625 4085 3851 4158 legibus

2209 4178 2474 4250 potestati
2500 4196 2697 4233 eorum
2738 4180 3217 4250 redintegrentur.
3248 4180 3410 4234 Prius
3448 4196 3585 4251 ergo
3626 4184 3852 4250 oportet

2213 4272 2408 4327 omnia
2436 4272 2544 4326 illis
2570 4272 2790 4343 legibus
2816 4273 3219 4343 redintegrari,
3240 4275 3298 4327 et
3323 4273 3590 4327 Ecclesias
3616 4290 3744 4345 quae
3767 4274 3848 4327 eis

2211 4365 2447 4420 sublatae
2467 4370 2744 4421 suntcum
2768 4352 2924 4421 amni
2942 4367 3237 4439 privilegio
3258 4383 3359 4421 suo
3378 4367 3596 4422 restitui
3620 4372 3695 4437 et,
3719 4372 3851 4439 post

2210 4459 2449 4515 modum
2468 4476 2585 4515 non
2606 4460 2708 4514 sub
2732 4461 2959 4532 angusti
2979 4461 3253 4532 temporis
3273 4462 3470 4532 spatio,
3497 4460 3595 4515 sed
3615 4465 3848 4516 tantum

476 4559 901 4632 sciplinatorum
935 4552 1161 4609 assidua
1205 4552 1331 4609 erit.
1379 4553 1453 4607 Ex
1486 4569 1580 4607 ore
1608 4552 1751 4608 fatui
1779 4553 2108 4623 reprobabi-
2130 4574 2188 4646 D
2213 4553 2486 4624 temporis
2516 4554 2760 4625 spatium
2792 4554 2870 4609 eis
2900 4553 3290 4625 indulgeatur,
3340 4560 3613 4626 quantum
3643 4570 3845 4626 exspo-

475 4661 571 4710 tur
599 4651 888 4726 parabole,
919 4664 1040 4703 non
1071 4647 1224 4702 enim
1255 4646 1388 4701 dicit
1416 4646 1571 4701 illam
1614 4646 1672 4700 in
1705 4650 1961 4719 tempore
1988 4664 2107 4703 suo.

476 4750 573 4805 Est
600 4748 698 4819 qui
726 4749 949 4801 vetatur
974 4757 1211 4814 peccare
1243 4740 1313 4795 ab
1341 4741 1555 4811 inopia,
1597 4745 1653 4796 et
1694 4741 1751 4795 in
1789 4741 1988 4813 requie
2011 4758 2111 4796 sua

479 4838 880 4897 stimulabitur.
911 4838 1011 4891 Est
1033 4835 1134 4907 qui
1158 4834 1358 4906 perdet
1387 4834 1639 4888 animam
1660 4851 1824 4889 suam
1851 4852 1956 4906 pro
1983 4851 2112 4891 con-

480 4933 723 5000 fusione,
752 4935 808 4986 et
835 4930 904 4985 ab
933 4927 1282 5000 imprudenti
1311 4943 1556 4999 persona
1584 4927 1784 4998 perdet
1812 4944 1955 4998 eam,
1984 4946 2111 4999 per-

481 5044 637 5083 sonae
661 5027 855 5080 autem
887 5022 1214 5093 acceptione
1240 5020 1444 5091 perdet
1468 5036 1545 5075 se.
1581 5021 1673 5074 Est
1694 5021 1793 5092 qui
1822 5038 1942 5093 prae
1972 5039 2107 5077 con-

479 5120 699 5179 fusione
725 5116 1004 5190 promittit
1030 5132 1133 5187 pro
1164 5115 1373 5183 amico,
1394 5117 1451 5169 et
1467 5115 1714 5170 lucratus
1741 5121 1827 5171 est
1854 5132 1987 5171 eum
2006 5116 2109 5171 ini-

479 5215 698 5272 micum
725 5211 916 5284 gratis.
947 5209 1326 5282 Opprobrium
1342 5209 1500 5264 enim
1522 5225 1770 5282 nequam
1796 5210 1855 5264 in
1880 5211 2107 5266 homine

478 5306 863 5376 mendacium,
881 5304 1009 5361 etin
1026 5320 1124 5359 ore
1152 5304 1699 5375 indisciplinatorum
1726 5305 1945 5359 assidue
1979 5305 2103 5359 erit.

477 5403 692 5463 Laudat
716 5402 911 5457 furem
937 5398 1231 5455 assiduitas
1252 5398 1356 5452 viri
1383 5398 1693 5468 mendacis,
1724 5397 2107 5470 perditionem

477 5502 673 5558 autem
697 5496 866 5552 ambo
892 5492 1333 5550 hmreditabunt.
1358 5492 1535 5547 Mores
1553 5492 1855 5547 hominum
1877 5491 2108 5546 menda-

475 5597 627 5652 cium
656 5593 777 5649 sine
804 5593 1041 5658 honore,
1069 5591 1125 5642 et
1143 5583 1401 5640 confusio
1422 5584 1651 5639 illorum
1678 5603 1807 5641 cum
1825 5585 1960 5656 ipsis
1981 5585 2105 5640 sine

478 5686 895 5747 intermissione
920 5681 1099 5751 (Eccli.
1121 5694 1273 5748 XVIII,
1288 5679 1593 5746 30—32;x1x,
1612 5682 1751 5747 1-28;
1770 5696 1861 5749 xx,
1883 5679 2045 5753 4-28).
2073 5700 2101 5730 »

546 5785 674 5850 Vos,
692 5781 917 5843 fratres,
940 5775 1316 5829 admonemus
1345 5770 1646 5841 profutura
1665 5772 1995 5827 hominibus
2018 5773 2102 5828 in—

476 5876 651 5932 vicem
683 5870 1076 5927 indesinenter
1116 5864 1314 5919 sectari
1356 5863 1415 5918 in
1456 5863 1726 5921 charitate
1766 5866 1994 5934 Christi,
2028 5868 2103 5921 si-

2211 4646 2335 4702 liati
2359 4648 2443 4701 vel
2467 4648 2681 4719 expulsi
2702 4665 2821 4704 esse
2842 4648 3104 4702 videntur
3124 4651 3432 4719 antequam
3464 4648 3532 4702 ad
3567 4649 3849 4719 synodum

2210 4744 2606 4809 convocentur,
2624 4747 2679 4796 et
2692 4741 2761 4796 ab
2778 4742 3047 4796 omnibus
3069 4742 3389 4813 quibusque
3406 4759 3521 4797 sum
3540 4742 3849 4813 provincias

2212 4835 2488 4907 episc0pis
2513 4835 2833 4890 audiantur.
2860 4836 2998 4891 Nam
3030 4853 3133 4889 nec
3162 4835 3461 4890 convocari
3489 4835 3557 4890 ad
3590 4852 3846 4906 causam,

2210 4946 2316 4984 nec
2345 4929 2639 5000 dijudicari
2683 4932 2871 4999 potest
2910 4929 3249 4999 exspoliatus
3276 4930 3364 4985 vel
3395 4929 3682 5000 expulsus,
3716 4930 3855 5001 quia

2212 5040 2324 5078 non
2337 5030 2419 5078 est
2432 5023 2813 5094 privilegium,
2832 5041 2944 5094 quo
2955 5024 3247 5095 exspoliari
3261 5022 3439 5095 possit
3443 5023 3565 5094 jam
3578 5024 3846 5080 nudatus.

2210 5118 2371 5171 Unde
2402 5120 2458 5171 et
2494 5116 2808 5188 antiquitus
2852 5117 3141 5172 decretum
3171 5122 3274 5187 est,
3309 5122 3370 5172 ut
3396 5133 3593 5172 omnes
3618 5134 3844 5194 posses-

2211 5211 2416 5277 siones,
2447 5214 2503 5266 et
2529 5211 2721 5266 omnia
2763 5210 2867 5264 sibi
2900 5211 3119 5265 sublata
3156 5216 3324 5282 atque
3366 5211 3580 5265 fructus
3612 5217 3848 5267 cunctos

2208 5310 2337 5357 ante
2365 5305 2520 5359 litem
2548 5309 2915 5360 contestatam
2943 5309 3256 5376 praeceptor
3275 5304 3362 5359 vel
3390 5304 3603 5375 primas
3629 5321 3849 5375 posses-

2208 5397 2320 5452 sori
2342 5399 2612 5454 restituat.
2635 5401 2704 5453 Et
2724 5399 2860 5454 alibi
2881 5399 3152 5470 scriptum
3186 5398 3430 5453 habetur
3453 5414 3466 5452 :
3489 5399 3586 5452 Ille
3616 5399 3712 5468 qui
3736 5400 3850 5453 vio-

2206 5490 2444 5547 lentiam
2458 5494 2692 5565 pertulit
2706 5494 2965 5548 universa
2976 5493 3034 5548 in
3050 5499 3195 5548 statu
3209 5509 3319 5565 quo
3340 5492 3570 5547 fuerant
3584 5492 3845 5562 recipiat,

2208 5590 2265 5640 et
2292 5603 2418 5657 quae
2440 5588 2688 5659 possidet
2707 5604 2939 5643 securus
2966 5592 3173 5642 teneat.
3200 5589 3265 5642 Et
3287 5586 3421 5642 alibi
3447 5603 3459 5641 :
3484 5587 3543 5641 In
3563 5586 3851 5657 synodali-

2205 5679 2312 5735 bus
2339 5682 2567 5736 Patrum
2598 5682 2852 5751 decretis,
2882 5686 2939 5736 et
2964 5698 3177 5753 regum,
3194 5681 3389 5737 edictis
3424 5681 3635 5752 legitur
3659 5684 3843 5735 statu-

2205 5777 2329 5830 tum
2357 5791 2367 5828 :
2393 5774 2854 5846 Redintegranda
2879 5781 3010 5831 sunt
3037 5754 3229 5831 omnia
3266 5774 3584 5847 exspoliatis
3611 5774 3700 5829 vel
3730 5775 3846 5846 eje-

2207 5869 2308 5925 ctis
2330 5867 2605 5939 episcopis
2630 5868 3093 5939 peenitentialiter
3121 5868 3475 5925 ordinatione
3499 5867 3837 5938 pontificum
