4058 6356
193 397 299 457 233

1428 405 1899 465 DECRETALIUM
1935 404 2317 465 COLLECTIO.

3458 399 3559 463 234

193 512 248 562 et
270 508 333 604 in
361 522 562 564 eorum
601 508 749 567 unde
790 509 1181 569 abscesserunt
1209 512 1334 571 loca
1372 514 1631 572 funditus
1666 533 1825 572 revo-
1851 529 1909 604 Α
1929 518 2018 573 nis
2045 519 2308 590 populus,
2334 520 2511 572 Amen
2541 516 2712 586 (Deut.
2737 531 2902 587 xxvu,
2930 516 3077 588 17).»
3100 513 3253 572 Talia
3280 529 3416 587 ergo
3443 531 3561 571 non

191 601 375 656 canda
405 619 745 677 quacunque
771 607 1094 663 conditione
1119 610 1412 682 temporis,
1437 616 1533 666 aut
1561 611 1711 679 dolo,
1733 614 1831 666 aut

188 695 536 766 captivitate,
552 702 651 752 aut
678 700 888 755 virtute
910 701 1212 773 majorum,
1234 707 1333 757 aut
1347 721 1450 774 per
1467 721 1828 776 quascunque

187 788 431 859 injustas
465 806 660 847 causas
697 810 786 848 res
834 796 1110 863 Ecclesize,
1141 798 1226 851 vel
1256 797 1536 868 proprias,
1566 802 1663 853 aut
1692 799 1823 852 sub-

187 887 423 944 stantias
439 904 570 943 suas
581 888 897 959 perdidisse
910 894 1239 957 noscuntur,
1256 895 1388 945 ante
1411 892 1826 947 accusationem

185 985 285 1036 aut
324 983 658 1052 regularem
702 982 774 1036 ad
818 983 1077 1054 synodun
1108 985 1464 1039 vocationem
1508 1002 1728 1053 eorum,
1771 989 1828 1040 et

184 1075 427 1147 reliqua.
459 1076 556 1129 Est
583 1076 755 1131 etiam
798 1076 857 1131 in
903 1078 1151 1148 antiquis
1183 1077 1444 1133 Ecclesiae
1472 1079 1694 1133 statutis
1726 1080 1822 1133 de~

184 1172 427 1237 cretum,
462 1172 529 1224 ut
553 1170 651 1241 qui
688 1169 873 1224 aliena
898 1169 1117 1226 invadit
1148 1187 1263 1226 non
1300 1174 1464 1226 exeat
1490 1172 1821 1243 impunitus,

181 1262 283 1316 sed
306 1279 442 1317 cum
470 1263 939 1334 multiplicatione
965 1264 1158 1319 omnia
1186 1265 1465 1320 restituat.
1500 1265 1659 1320 Unde
1688 1271 1745 1319 et
1764 1266 1823 1320 in

183 1356 498 1427 Evangelio
519 1356 789 1428 scriptum
812 1363 897 1412 est
916 1375 928 1411 :
947 1358 1146 1423 «Quod
1168 1358 1214 1413 si
1234 1359 1448 1430 aliquid
1470 1360 1821 1428 defraudavi,

182 1450 365 1505 reddo
392 1451 781 1522 quadruplum
815 1451 956 1521 (Luc.
991 1468 1103 1520 XIX,
1130 1452 1199 1522 8).
1227 1476 1253 1502 ››
1284 1454 1354 1508 Et
1384 1453 1443 1508 in
1472 1452 1695 1525 legibus
1726 1471 1825 1508 sre-

182 1544 296 1597 euli
321 1549 555 1599 cautum
584 1544 902 1610 habetzoui
926 1562 1046 1600 rem
1070 1547 1313 1618 subripit
1336 1547 1602 1615 alienam,
1627 1547 1709 1601 illi
1733 1565 1824 1602 cu-

173 1638 270 1706 jus
302 1654 392 1691 res
426 1638 643 1709 direpta
672 1643 754 1694 est
781 1638 837 1693 in
864 1640 1166 1711 decuplum
1196 1657 1322 1712 quae
1344 1642 1563 1696 sublata
1586 1646 1715 1696 sunt
1742 1659 1822 1696 re-

182 1731 402 1785 stituat.
436 1733 504 1785 Et
532 1733 590 1786 in
620 1732 748 1803 lege
784 1733 972 1788 divina
1002 1735 1214 1805 legitur
1240 1752 1254 1790 :
1291 1733 1415 1808 54
1442 1757 1468 1787 ‹‹
1501 1735 1823 1790 Maledictus

184 1825 374 1880 omnis
388 1825 485 1897 qui
510 1826 776 1881 transfert
786 1827 1057 1883 terminos
1075 1829 1323 1901 proximi
1336 1830 1442 1884 sui.
1458 1830 1525 1884 Et
1542 1830 1688 1883 dicet
1699 1846 1819 1883 om»

1929 616 2344 683 przesumantur
2362 612 2574 683 absque
2598 610 2836 681 ultione,
2851 627 2954 667 nec
2969 612 3336 666 exerceantur
3349 609 3561 682 absque

1927 722 2028 760 sua
2051 705 2432 760 damnatione.
2456 706 2658 760 Pacem
2686 710 2883 761 etnon
2908 705 3202 773 damnum,
3228 706 3326 759 aut
3346 703 3562 775 injusti-

1927 798 2065 853 tiam
2096 799 2333 869 alicujus
2362 797 2659 853 sectamini
2692 798 2932 854 invicem
2967 802 3026 853 et
3051 798 3113 853 in
3142 814 3360 853 omnes.
3400 798 3555 853 Veri-

1925 895 2103 947 tatem
2136 895 2326 947 autem
2349 892 2617 947 facientes
2636 893 2694 946 in
2716 892 3009 962 charitate,
3028 908 3348 947 crescamus
3373 891 3434 947 in
3458 892 3556 947 illo

1925 1002 2031 1057 per
2060 986 2253 1040 omnia
2281 985 2378 1057 qui
2408 988 2492 1040 est
2521 987 2690 1056 caput
2715 985 2990 1054 Christus,
3015 1002 3081 1039 ex
3102 1001 3215 1055 quo
3234 988 3420 1040 totum
3439 1002 3559 1041 cor-

1923 1096 2033 1152 pus
2054 1083 2416 1151 compactum
2439 1083 2496 1133 et
2514 1095 2838 1134 connexum
2856 1095 2961 1150 per
2979 1095 3207 1135 omnem
3226 1079 3557 1149 juncturam

1925 1172 2464 1228 subministrationis
2489 1172 2801 1227 secundum
2821 1172 3211 1244 operationem
3238 1172 3299 1227 in
3330 1188 3557 1228 mensu-

1923 1283 2047 1321 ram
2088 1266 2537 1338 uniuscujusque
2580 1265 2847 1336 membri,
2881 1270 3258 1337 augmentum
3297 1267 3555 1338 corporis

1921 1361 2054 1417 facit
2077 1361 2137 1415 in
2170 1359 2606 1415 aediﬁcationem
2648 1359 2735 1413 sui
2771 1358 2832 1413 in
2875 1359 3164 1415 charitate.
3207 1362 3283 1416 De
3321 1364 3548 1427 caetero,

1924 1453 2255 1522 charissimi,
2291 1453 2532 1525 gaudete
2562 1456 2621 1507 et
2648 1452 2886 1524 perfecti
2912 1457 3106 1522 estote,
3149 1454 3549 1510 exhortamini.

1926 1548 2078 1603 Idem
2108 1548 2304 1619 sapite,
2334 1563 2535 1619 pacem
2561 1547 2784 1616 habete,
2811 1550 2869 1601 et
2888 1547 3033 1601 Deus
3049 1546 3202 1618 pacis
3226 1551 3282 1601 et
3310 1547 3551 1602 dilectio-

1920 1642 2009 1695 nis
2052 1640 2162 1695 erit
2203 1640 2508 1695 vobiscum.
2542 1641 2816 1695 Dominus
2856 1640 3139 1696 custodiat
3163 1656 3263 1694 vos
3299 1641 3355 1694 et
3380 1657 3550 1707 nunc,

1922 1738 1979 1790 et
2007 1730 2187 1789 indie
2227 1733 2575 1789 aeternitatis.
2622 1737 2821 1790 Amen.
2869 1735 3009 1790 Data
3058 1751 3115 1791 Ix
3162 1732 3361 1789 Kalen.
3397 1733 3554 1789 Octo-

1920 1829 2057 1899 bris,
2085 1829 2406 1885 Constante.
2436 1843 2515 1882 co.
2548 1828 2766 1883 consul.

362 2133 574 2202 ITEM
622 2134 1042 2208 EPISTOLA
1087 2134 1418 2209 EUSEBII
1472 2135 1732 2204 PAP/E
1779 2134 2213 2205 EPISCOPIS
2261 2132 2664 2203 THUSCI/E
2709 2134 2820 2203 ET
2868 2133 3374 2204 CAMPANI/E.

253 2307 649 2364 Dilectissimis
696 2311 1001 2380 fratribus,
1055 2313 1329 2368 universis
1383 2312 1659 2385 episcopis
1716 2310 2329 2395 pechonsideranda
2371 2314 2429 2365 et
2474 2310 2738 2378 cavenda,
2785 2313 2841 2365 et
2882 2312 2999 2364 tam
3042 2312 3277 2380 propter
3320 2324 3414 2363 eos
3454 2309 3550 2380 qui

176 2402 554 2473 Campaniam
581 2409 639 2460 et
663 2405 959 2461 Thusciam
987 2407 1325 2474 constitutis,
1358 2409 1649 2462 Euseems.

251 2496 593 2552 Benedictus
623 2499 894 2554 Dominus
922 2501 1064 2555 Deus
1096 2506 1304 2568 noster,
1337 2502 1437 2572 qui
1466 2518 1568 2572 per
1594 2502 1815 2556 miseri-

175 2589 434 2645 cordiam
462 2608 623 2646 suam
651 2593 961 2648 Romanam
986 2595 1294 2649 Ecclesiam
1319 2596 1473 2649 beati
1496 2595 1813 2666 Pet-ri,apo-

175 2685 452 2738 stolorum
509 2686 822 2757 principis,
872 2688 1184 2743 sacerdotio
1245 2689 1480 2756 ditavit,
1543 2689 1817 2760 nobisque

174 2777 326 2831 viam
370 2780 807 2835 monstrandam
848 2781 992 2836 circa
1019 2798 1122 2836 nos
1164 2786 1397 2853 propter
1440 2783 1817 2837 universalem

174 2886 375 2925 curam
401 2888 529 2943 quae
559 2873 721 2928 nobis
762 2878 993 2945 propter
1023 2875 1385 2946 privilegium
1432 2875 1687 2946 ejusdem
1716 2878 1812 2931 Ec-

175 2963 360 3019 clesiae
382 2966 676 3022 charitatis
694 2968 943 3037 indulsit,
959 2971 1023 3022 ut
1044 2968 1140 3039 qui
1163 2970 1518 3023 cohaeremus
1550 2969 1815 3025 firmitate

178 3058 332 3125 ﬁdei,
356 3059 680 3129 jungamur
703 3078 927 3133 quoque
949 3062 1131 3116 votiva
1152 3063 1509 3133 jucunditate
1530 3064 1812 3135 colloquii,

174 3169 290 3221 quo
330 3153 549 3207 facilius
592 3154 729 3208 dum
770 3172 871 3226 per
911 3156 1232 3210 litterarum
1267 3157 1582 3212 ministeria
1618 3158 1690 3211 ad
1718 3174 1816 3211 vos

174 3263 360 3317 usque
403 3247 819 3318 pertendimus,
857 3249 1029 3304 etiam
1068 3251 1237 3304 corda
1272 3256 1457 3305 vestra
1485 3251 1556 3305 ad
1588 3251 1811 3323 religio-

171 3356 301 3393 sum
348 3340 567 3395 cultum
608 3341 930 3411 apostolicis
961 3343 1446 3398 admonitionibus
1490 3345 1812 3412 incitemus,

172 3435 231 3485 et
292 3433 433 3487 dum
488 3435 803 3489 dilectionis
860 3439 1067 3491 nostra:
1130 3438 1247 3509 spei
1308 3438 1595 3492 reddimus
1661 3439 1817 3494 velut

171 3526 459 3596 quoddam
494 3527 772 3595 debitum,
800 3530 1033 3600 plenum
1059 3531 1206 3584 circa
1227 3532 1405 3585 Deum
1429 3537 1813 3586 monstremus

169 3620 458 3676 affectum.
492 3623 806 3691 Jungamus
844 3640 999 3695 ergo,
1039 3624 1387 3679 dilectissimi
1419 3626 1640 3692 fratres,
1674 3642 1811 3679 con-

1920 2405 2272 2475 semetipsos,
2298 2408 2397 2459 aut
2438 2404 2764 2475 cupiditate,
2796 2406 2895 2457 aut
2930 2403 3178 2468 avaritia,
3219 2408 3316 2458 aut
3341 2403 3553 2458 invidia

1916 2501 2155 2573 perdere
2184 2501 2501 2555 moliuntur
2530 2504 2619 2569 (ne
2638 2500 2697 2554 in
2722 2499 3006 2571 profunda
3042 2499 3328 2567 labantur,
3363 2503 3461 2554 aut
3490 2499 3550 2553 in

1915 2594 2048 2648 talia
2074 2594 2322 2649 incidant
2359 2593 2523 2665 mala)
2552 2609 2723 2664 quam
2754 2597 2986 2664 propter
3025 2596 3410 2664 persecutores
3442 2594 3547 2647 Ec-

1918 2689 2100 2742 clesiae
2128 2703 2534 2758 servorumque
2567 2687 2708 2758 ejus,
2749 2687 2848 2758 qui
2870 2687 3039 2757 juxta
3066 2685 3319 2742 veritatis
3351 2703 3549 2741 vocem

1917 2781 2106 2836 oculos
2144 2780 2415 2836 habentes
2459 2796 2573 2835 non
2602 2780 2815 2847 vident,
2860 2781 2918 2834 et
2944 2796 3108 2834 aures
3136 2779 3409 2835 habentes
3431 2796 3551 2835 non

1916 2875 2178 2943 audiunt,
2206 2891 2311 2929 nec
2330 2873 2661 2946 intelligunt
2685 2890 2813 2946 quae
2837 2873 3067 2945 placent
3089 2874 3227 2943 Deo,
3250 2876 3551 2945 sequentes

1917 2969 1976 3023 in
1991 2968 2256 3024 omnibus
2278 2968 2647 3040 apostolicam
2661 2968 2940 3039 regulam,
2963 2970 3021 3022 et
3039 2966 3408 3038 praedicantes
3428 2967 3477 3039 ej
3486 2985 3551 3022 us

1918 3063 2114 3118 omnia
2158 3063 2461 3118 constituta
2510 3062 2582 3117 ob
2633 3061 2944 3117 custodiam
2990 3061 3407 3133 episcoporum,
3451 3062 3550 3133 qui

1916 3157 2195 3211 columnae
2225 3156 2488 3211 Ecclesia:
2534 3173 2568 3210 a
2611 3157 2727 3210 Deo
2779 3155 2913 3210 dicti
2958 3158 3090 3209 sunt
3124 3157 3181 3209 et
3213 3160 3548 3210 cteterorum

1913 3267 2181 3305 verorum
2203 3251 2561 3305 sacerdotum
2582 3248 2876 3303 ﬁrmantes
2900 3266 3040 3303 cana
3064 3250 3296 3304 Patrum
3318 3252 3546 3318 statuta,

1916 3344 2213 3399 statuimus
2250 3344 2459 3399 iterum
2490 3360 2622 3398 cum
2661 3343 2925 3397 omnibus
2964 3342 3063 3414 qui
3090 3342 3382 3397 nobiscum
3418 3349 3551 3398 sunt

1917 3439 2213 3509 episcopis,
2247 3438 2391 3491 sicut
2416 3438 2630 3492 dudum
2661 3437 2950 3491 decretum
2998 3437 3330 3507 reperimus,
3358 3440 3424 3491 ut
3449 3438 3547 3492 ho-

1914 3531 2157 3599 micidae,
2192 3531 2456 3599 maleﬁci,
2487 3530 2660 3595 fures,
2679 3529 2955 3599 sacrilegi,
2978 3533 3253 3599 raptores,
3280 3529 3544 3598 adulteri,

1914 3624 2133 3690 incesti,
2164 3623 2415 3691 veneﬁci,
2449 3624 2712 3694 suspecti,
2738 3622 3047 3690 criminosi,
3075 3621 3387 3691 domestici,
3422 3639 3549 3693 per-

173 3713 359 3767 tinuas
392 3717 450 3768 et
479 3714 729 3768 humiles
757 3731 970 3787 preces,
1001 3721 1056 3772 et
1084 3718 1263 3772 Deum
1305 3721 1564 3773 nostrum
1613 3718 1725 3773 oris
1758 3723 1813 3772 et
1833 3691 1887 3765 C
1905 3719 2042 3790 juri,
2064 3723 2119 3773 et
2140 3719 2237 3790 qui
2258 3722 2485 3789 raptum
2505 3718 2785 3784 fecerunt,
2812 3716 2902 3771 vel
2922 3716 3126 3770 falsum
3151 3714 3544 3771 testimonium

170 3807 359 3861 cordis
388 3808 652 3879 lacrymis
688 3810 1064 3881 supplicantes
1101 3811 1229 3882 jugi
1280 3812 1680 3884 deprecatione
1708 3831 1809 3883 po-

172 3918 420 3970 scamus,
452 3905 519 3955 ut
547 3901 899 3958 institutione
930 3908 986 3958 et
1014 3922 1187 3976 opere
1213 3905 1295 3960 illi
1317 3906 1476 3976 cujus
1498 3924 1615 3962 esse
1639 3924 1815 3962 mem-

168 3995 273 4050 bra
302 3995 587 4067 cupimus,
630 3996 966 4066 haereamus,
1018 4015 1121 4053 nec
1170 4017 1427 4070 unquam
1475 4001 1544 4054 ab
1584 4000 1678 4055 illa
1724 4003 1811 4055 via

172 4106 301 4160 qum
330 4089 588 4144 Christus
609 4094 692 4145 est
710 4090 871 4146 devio
896 4094 1122 4148 tramite
1149 4093 1523 4162 declinemus,
1555 4112 1626 4149 ne
1653 4096 1722 4149 ab
1745 4113 1810 4149 eo

164 4184 317 4254 justo
342 4200 522 4255 quem
550 4201 654 4237 nos
682 4184 856 4256 impie
901 4186 1297 4257 relinquimus,
1328 4188 1655 4243 deseramur
1681 4188 1808 4243 inﬁ-

174 4276 541 4353 deleleuod
567 4294 697 4332 cum
724 4279 953 4349 superni
980 4280 1187 4333 favoris
1209 4281 1415 4335 auxilio
1432 4299 1497 4335 ea
1519 4282 1679 4336 nobis
1704 4300 1807 4353 po-

170 4376 279 4425 test
305 4371 533 4426 ratione
564 4371 914 4442 contingere,
936 4374 980 4426 si
1004 4375 1308 4445 apostolica
1330 4375 1617 4447 dogmata,
1639 4375 1682 4429 si
1704 4378 1807 4430 Pa-

171 4469 320 4520 trum
343 4465 611 4521 mandata
630 4481 936 4536 servamus,
955 4467 1090 4523 dicit
1110 4468 1262 4523 enim
1286 4469 1557 4524 Dominus
1576 4473 1768 4525 noster
1791 4488 1803 4525 :

174 4559 331 4623 «Qui
357 4559 546 4631 diligit
570 4576 1023 4629 me,sermonem
1051 4580 1243 4617 meum
1276 4564 1540 4631 servabit,
1566 4570 1621 4619 et
1650 4567 1811 4619 Pater

170 4670 329 4707 meus
362 4653 565 4723 diliget
589 4671 741 4733 eum,
774 4660 830 4709 et
868 4656 940 4709 ad
967 4673 1098 4710 eum
1130 4657 1445 4723 veniemus,
1479 4661 1535 4712 et
1560 4660 1806 4713 mansio-

173 4763 303 4800 nem
332 4747 487 4818 apud
528 4764 658 4800 eum
707 4747 979 4803 faciemus
1010 4750 1183 4818 (Joan.
1214 4768 1323 4820 XIV,
1354 4753 1463 4821 ‘23).
1496 4773 1522 4800 υ
1570 4753 1638 4806 Et
1680 4752 1811 4806 licet

172 4840 289 4894 haec
318 4841 539 4911 possint
567 4842 913 4912 generaliter
940 4843 1086 4899 dicta
1112 4845 1390 4909 sufficere,
1425 4850 1488 4900 ut
1522 4846 1606 4899 vel
1637 4845 1805 4900 decli-

170 4950 373 4988 nemus
396 4938 611 5002 errata,
638 4934 724 4989 vel
745 4936 1128 4992 custodiamus
1156 4939 1445 5007 catholica,
1486 4938 1556 4993 ab
1581 4942 1804 5010 aposto-

1914 3813 2192 3879 dixerunt,
2227 3829 2326 3866 seu
2355 3811 2453 3883 qui
2480 3811 2551 3865 ad
2596 3810 2901 3882 sacrilegos
2949 3809 3279 3882 divinosque
3304 3825 3543 3865 concur-

1913 3909 2113 3962 rerunt
2152 3906 2476 3977 similesque
2519 3920 2718 3959 eorum
2761 3904 3086 3958 nullatenus
3127 3904 3198 3958 ad
3243 3903 3546 3959 accusatio-

1911 4017 2045 4056 nem
2076 4000 2162 4054 vel
2190 4000 2262 4054 ad
2293 3998 2686 4053 testimonium
2713 4001 2883 4053 erunt
2915 3996 3277 4066 admittendi,
3305 3997 3439 4069 quia
3464 3997 3548 4053 in-

1912 4095 2092 4149 fames
2122 4098 2254 4149 sunt
2281 4098 2336 4148 et
2367 4093 2519 4165 juste
2546 4091 2879 4163 repellendi,
2920 4091 3054 4163 quia
3084 4092 3309 4147 funesta
3333 4096 3414 4146 est
3438 4108 3543 4147 vox

1912 4205 2130 4243 eorum.
2161 4190 2368 4242 Vocem
2400 4188 2550 4241 enim
2578 4186 2867 4241 funestam
2902 4185 2962 4240 in
2989 4185 3255 4240 omnibus
3288 4185 3543 4240 interdici

1913 4283 2096 4353 potius
2142 4299 2313 4355 quam
2355 4280 2540 4335 audiri
2587 4281 2832 4352 oportet.
2880 4280 3197 4335 Periculum
3233 4296 3370 4351 ergo
3396 4280 3547 4351 quod

1913 4376 2233 4431 doctoribus
2266 4374 2526 4429 imminet
2564 4390 2928 4445 summopere
2969 4390 3198 4444 semper
3226 4373 3543 4428 cavendum

1912 4474 1994 4524 est
2015 4474 2070 4523 et
2094 4469 2515 4536 declinandum,
2547 4471 2602 4523 et
2627 4468 2705 4522 illi
2737 4471 2869 4522 sunt
2894 4485 2927 4521 a
2952 4467 3166 4522 cunctis
3194 4467 3454 4538 portandi
3490 4472 3547 4522 et

1912 4563 2282 4629 custodiendi,
2298 4563 2519 4616 dicente
2542 4562 2782 4616 Domino
2808 4579 2821 4617 :
2852 4583 2877 4611 ‹‹
2902 4561 3063 4626 Quod
3085 4560 3185 4615 uni
3206 4577 3274 4615 ex
3293 4559 3543 4614 minimis

1910 4659 2052 4713 meis
2079 4657 2306 4723 fecistis,
2336 4657 2474 4710 mihi
2521 4655 2733 4709 fecistis
2765 4655 2978 4725 (Matth.
3009 4671 3136 4721 xxv,
3169 4656 3275 4722 40).
3299 4673 3327 4702 »
3356 4652 3543 4707 Prima

1911 4752 2060 4806 enim
2102 4751 2250 4805 salus
2296 4753 2380 4805 est
2424 4754 2593 4804 rectze
2642 4748 2772 4803 fidei
2815 4748 3043 4819 regulas
3089 4746 3386 4819 custodire,
3421 4750 3479 4801 et
3509 4763 3543 4801 a

1911 4845 2223 4900 constitutis
2261 4846 2488 4898 Patrum
2536 4842 2859 4897 nullatenus
2885 4814 3188 4987 ideviare!
3198 4840 3310 4894 Nec
3356 4814 3541 4911 potest

1913 4939 2131 4987 Domini
2154 4938 2335 4987 nostri
2358 4940 2484 4987 Jesu
2524 4935 2730 4987 Christi
2757 4932 3117 4987 praetermitti
3175 4934 3426 4987 ententia
3453 4935 3539 4987 di-

1912 4939 2134 4993 Domini
2154 4938 2337 4992 nostri
2358 4940 2485 4992 Jesu
2524 4935 2730 4992 Christi
2756 4932 3117 5007 praetermitti
3148 4932 3426 4989 sententia
3453 4935 3539 4989 di-

170 5028 233 5081 lis
260 5032 457 5082 tamen
490 5044 810 5100 eorumque
836 5031 1246 5087 successoribus
1294 5033 1552 5087 novimus
1598 5026 1814 5091 consti-I
1827 5066 1885 5137 D
1911 5033 2088 5088 contis
2113 5052 2124 5087 :
2153 5055 2181 5081 «
2213 5036 2290 5089 Tu
2337 5050 2395 5085 es
2428 5034 2624 5086 Petrus
2662 5036 2717 5084 et
2745 5045 2917 5102 super
2941 5029 3090 5082 hanc
3118 5032 3346 5100 petram
3370 5029 3542 5084 sediti-

167 5126 348 5176 tutum
384 5122 812 5177 criminationes
842 5126 1109 5180 adversus
1147 5126 1402 5181 doctores
1445 5143 1558 5181 non
1601 5126 1804 5182 debere

168 5216 394 5287 suscipi,
427 5233 531 5269 nec
564 5217 885 5287 peregrima
907 5219 1119 5289 judicia
1142 5220 1283 5285 fieri,
1315 5238 1421 5274 nec
1453 5237 1804 5293 quemquam

166 5310 395 5363 alterius
414 5309 627 5381 judieis
650 5326 823 5381 quam
840 5313 927 5366 sui
944 5314 1222 5367 sententia
1245 5314 1453 5368 debere
1470 5315 1801 5385 constringi.

167 5402 347 5473 Caput
384 5403 541 5457 enim
592 5404 851 5459 Ecclesiae
899 5406 1150 5460 Christus
1200 5412 1300 5475 est,
1362 5408 1566 5463 Christi
1613 5410 1805 5462 autem

164 5496 353 5549 vicarii
399 5496 726 5551 sacerdotes
769 5502 919 5565 sunt,
953 5500 1050 5570 qui
1093 5500 1212 5554 vice
1256 5501 1462 5555 Christi
1516 5502 1804 5572 legatione

161 5590 488 5660 funguntur
510 5591 571 5644 in
601 5591 863 5646 Ecclesia.
892 5592 1102 5647 Idcirco
1132 5594 1407 5666 quidquid
1433 5596 1503 5649 ad
1527 5612 1720 5649 eorum
1745 5595 1807 5648 ﬁt

163 5683 458 5753 injuriam,
491 5683 564 5737 ad
592 5684 879 5739 Christum
908 5686 1172 5756 pertinet,
1201 5689 1297 5758 qui
1322 5687 1497 5743 dixit:
1526 5711 1553 5738 ‹‹
1577 5689 1679 5753 Qui
1705 5706 1805 5742 vos

157 5777 340 5842 audit,
376 5793 467 5830 me
494 5777 684 5848 audit;
715 5782 771 5832 et
799 5778 896 5849 qui
925 5797 1023 5833 vos
1051 5782 1285 5851 spernit,
1320 5798 1410 5836 me
1453 5782 1691 5852 spernit.
1740 5784 1807 5836 Et

158 5871 259 5939 qui
302 5870 526 5940 spernit
554 5887 667 5938 me,
706 5871 920 5941 spernit
950 5890 1079 5927 eum
1122 5874 1215 5944 qui
1250 5874 1404 5927 misit
1438 5891 1528 5929 me
1569 5875 1715 5945 (Luc.
1749 5891 1801 5942 x,

168 5964 270 6018 mi.
288 5986 319 6011 η
338 5964 467 6031 ista,
495 5964 722 6031 fratres,
750 5965 1025 6022 terribilia
1045 5972 1173 6023 sunt
1196 5973 1249 6023 et
1271 5968 1481 6041 oppido
1503 5968 1805 6040 diligenter

1908 5127 2046 5181 cabo
2071 5126 2373 5181 Ecclesiam
2403 5141 2586 5179 meam
2623 5124 2835 5193 (Matth.
2864 5138 2977 5189 va,
3004 5121 3155 5194 18),»
3185 5127 3241 5176 et
3265 5122 3388 5177 haec
3413 5139 3540 5193 quae

1906 5221 2053 5275 dicta
2078 5225 2210 5275 sunt
2247 5236 2437 5274 rerum
2466 5218 2782 5291 probantur
2817 5215 3129 5283 effectibus,
3160 5216 3295 5287 quia
3320 5216 3379 5271 in
3408 5218 3541 5272 sede

1908 5313 2211 5386 apostolica
2238 5316 2398 5367 extra
2422 5311 2704 5366 maculam
2738 5326 2962 5381 semper
2996 5312 3083 5363 est
3121 5309 3400 5365 catholica
3430 5327 3543 5365 ser-

1904 5412 2033 5462 vata
2067 5408 2286 5479 religio.
2326 5407 2470 5474 Ideo,
2503 5402 2838 5473 charissimi,
2873 5408 2929 5458 et
2956 5420 3057 5458 vos
3089 5403 3251 5475 juxta
3289 5408 3540 5460 sanetam

1906 5502 2259 5573 Scriptm'am
2306 5498 2499 5553 discite
2546 5498 2904 5565 benefacere,
2945 5502 3001 5553 et
3042 5498 3196 5553 mala
3235 5498 3537 5565 declinare,

1906 5600 1963 5649 et
1988 5596 2216 5648 Patrum
2237 5593 2449 5664 regulis
2472 5591 2672 5660 imbui,
2691 5591 2836 5646 sicut
2850 5591 3125 5663 scriptum
3148 5593 3267 5647 est:
3298 5591 3478 5657 «Filii,
3495 5592 3539 5644 si

1905 5688 2078 5742 habes
2104 5688 2249 5740 bene
2277 5686 2361 5740 fac
2388 5690 2597 5754 tecum,
2617 5689 2672 5740 et
2693 5686 2808 5739 Deo
2831 5686 3034 5758 dignas
3049 5684 3360 5739 oblationes
3381 5682 3535 5736 offer.

1903 5782 2113 5836 Memor
2127 5786 2266 5846 esto,
2283 5777 2549 5852 quoniam
2563 5795 2719 5834 mors
2729 5795 2847 5833 non
2858 5779 3120 5847 tardat,et
3134 5777 3537 5831 testamentum

1903 5875 2239 5944 inferorum,
2272 5873 2409 5945 quia
2440 5874 2891 5928 demonstratum
2938 5875 3021 5926 est
3060 5869 3180 5924 tibi.
3214 5869 3537 5922 Testamen-

1906 5973 2025 6023 tum
2046 5968 2426 6042 hujusmundi
2441 5970 2624 6024 morte
2638 5966 2933 6021 morietur.
2948 5966 3091 6019 Ante
3110 5962 3354 6016 mortem
3373 5957 3542 6051 bene_
