4058 6328
520 364 623 419 235

1419 363 1700 418 APPEND.
1740 362 1828 417 AD
1864 362 2027 417 SEO.
2068 363 2155 416 1X.
2186 390 2254 402 —-
2294 362 2536 418 lSlDOltl
2574 360 2996 416 MERCATORIS

3782 366 3892 419 236

517 472 607 527 fac
630 471 814 525 amico
855 474 973 541 tuo,
1015 475 1072 525 et
1111 469 1418 525 secundum
1457 470 1600 525 vires
1625 472 1748 523 tuas
1782 468 2000 541 exporri
2009 484 2147 541 gens
2170 482 2229 555 Α
2248 469 2404 525 enim
2432 466 2776 539 concupiscit
2801 466 3196 524 multitudines
3216 466 3465 524 ﬁliorum
3491 468 3813 527 inﬁdelium
3832 476 3895 528 et

521 569 594 624 da
619 568 875 640 pauperi.
914 568 1036 623 Non
1062 566 1414 622 defrauderis
1439 583 1473 621 a
1499 566 1591 621 die
1621 566 1769 622 bona
1794 571 1849 623 et
1872 566 2153 637 particula

520 662 655 717 boni
680 662 817 717 doni
859 678 973 716 non
1018 667 1073 716 te
1113 662 1427 732 praetereat.
1458 661 1659 715 Nonne
1702 661 1824 715 aliis
1861 660 2152 732 relinquas

522 757 746 811 dolores
772 761 828 811 et
849 756 1074 811 labores
1103 754 1265 810 tuos?
1294 756 1356 809 In
1386 754 1660 811 divisione
1689 755 1853 810 sortis
1879 754 1946 809 da
1976 757 2032 809 et
2058 771 2149 809 ac-

520 851 663 922 cipe,
705 848 955 921 justiﬁca
998 849 1246 904 animam
1292 853 1474 904 tuam.
1525 851 1670 905 Ante
1716 849 1937 904 obitum
1988 853 2153 904 tuum

522 960 760 1016 operare
781 943 1063 1015 justitiam
1089 942 1225 1014 quia
1247 959 1367 998 non
1388 947 1471 998 est
1490 943 1642 1015 apud
1668 942 1877 998 inferos
1900 942 2154 999 invenire

521 1039 729 1093 cibum.
763 1037 957 1093 Omnis
987 1053 1119 1092 caro
1151 1037 1296 1093 sicut
1336 1037 1534 1092 fenum
1564 1042 1890 1106 veterascet,
1917 1040 1975 1092 et
2013 1036 2156 1091 sicut

520 1132 721 1187 folium
750 1130 1094 1186 fructiﬁcans
1120 1131 1179 1185 in
1209 1131 1410 1186 arbore
1435 1130 1619 1185 viridi.
1643 1131 1761 1185 Alia
1781 1136 2151 1203 generantur,

518 1230 574 1281 et
602 1225 714 1280 alia
732 1224 1094 1296 dejiciuntur.
1116 1224 1206 1279 Sic
1232 1224 1524 1296 generatio
1547 1225 1733 1279 carnis
1759 1230 1815 1280 et
1833 1224 2150 1297 sanguinis,

516 1318 627 1373 alia
653 1314 869 1385 ﬁnitur,
902 1321 960 1373 et
986 1317 1095 1373 alia
1118 1317 1387 1373 nascitur.
1409 1317 1592 1373 Omne
1620 1334 1762 1390 opus
1790 1320 2153 1390 corruptibile

518 1413 576 1467 in
600 1412 717 1467 ﬁne
731 1411 973 1481 deﬁciet,
988 1414 1046 1466 et
1070 1410 1169 1483 qui
1194 1410 1336 1466 illud
1352 1416 1621 1483 operatur
1644 1412 1749 1468 ibit
1772 1429 1902 1468 cum
1928 1412 2155 1484 ipso.Et

512 1521 687 1561 omne
731 1521 872 1576 opus
912 1505 1155 1559 electum
1192 1504 1626 1575 justiﬁcabitur,
1662 1509 1719 1560 et
1763 1506 1862 1578 qui
1887 1512 2155 1579 operatur

514 1599 653 1655 illud
681 1598 1061 1653 honorabitur
1085 1597 1145 1653 in
1178 1598 1295 1653 illo.
1326 1599 1527 1654 Beatus
1552 1599 1638 1653 vir
1668 1599 1765 1671 qui
1791 1599 1852 1654 in
1879 1600 2154 1672 sapientia

517 1710 623 1748 sua
648 1692 991 1761 morabitur,
1008 1696 1066 1747 et
1090 1691 1187 1763 qui
1215 1692 1273 1746 in
1291 1691 1513 1763 justitia
1536 1708 1639 1747 sua
1677 1693 2069 1762 meditabitur,
2096 1698 2155 1751 et

516 1787 577 1842 in
596 1802 764 1841 sensu
781 1785 1055 1856 cogitabit
1075 1785 1638 1856 circumspectionem
1662 1787 1780 1843 Dei.
1805 1787 1916 1851 Qui
1927 1788 2154 1860 excogi-

2253 562 2564 618 inutilium.
2592 563 2671 617 Ne
2691 560 3027 633 jucunderis
3054 561 3114 616 in
3144 560 3275 617 ﬁliis
3292 561 3503 635 impiis,
3530 562 3577 617 si
3601 564 3890 637 multipli-

2253 658 2473 726 cantur,
2502 671 2607 711 nec
2633 654 2930 710 oblecteris
2959 671 3131 726 super
3153 655 3327 727 ipsos,
3360 656 3408 711 si
3429 672 3546 712 non
3574 659 3664 713 est
3710 657 3893 714 timor

2254 749 2356 804 Dei
2384 764 2517 805 cum
2540 748 2670 805 illis.
2698 750 2823 804 Non
2865 749 3059 805 credas
3105 748 3236 805 vitae
3276 749 3525 820 illorum,
3560 755 3619 807 et
3644 768 3761 807 non
3793 769 3890 808 re-

2253 844 2502 915 spexeris
2545 842 2606 899 in
2641 843 2868 899 labores
2910 860 3133 900 eorum.
3177 844 3373 899 Melior
3417 848 3504 901 est
3544 845 3703 901 enim
3736 862 3890 902 unus

2253 937 2460 993 timens
2486 938 2687 1014 Deum,
2728 954 2903 1009 quam
2946 938 3102 994 mille
3126 938 3230 994 ﬁlii
3253 938 3439 1012 impii.
3467 940 3536 995 Et
3561 941 3703 996 utile
3736 941 3891 996 mori

2253 1032 2374 1088 sine
2418 1031 2568 1102 ﬁliis,
2616 1047 2792 1104 quam
2829 1031 3153 1105 relinquere
3192 1033 3336 1089 ﬁlios
3381 1034 3610 1106 impios.
3655 1035 3737 1090 Ab
3763 1051 3888 1091 uno

2253 1128 2477 1181 sensato
2490 1124 2905 1180 inhabitabitur
2919 1126 3122 1198 patria,
3138 1132 3195 1182 et
3208 1143 3243 1181 a
3256 1127 3438 1183 tribus
3454 1127 3646 1200 impiis
3664 1128 3891 1185 desere-

2252 1223 2365 1275 tur.
2391 1219 2563 1274 Multa
2588 1218 2699 1274 alia
2721 1218 2864 1274 vidit
2894 1219 3091 1275 oculus
3116 1237 3297 1291 meus,
3325 1225 3381 1277 et
3405 1221 3645 1276 fortiora
3674 1222 3888 1278 horum

2253 1312 2466 1368 audivit
2490 1312 2645 1368 auris
2672 1328 2821 1368 mea.
2848 1314 2911 1369 In
2937 1330 3230 1387 synagoga
3254 1315 3612 1387 peccantium
3644 1317 3886 1371 exarde-

2252 1406 2336 1461 bit
2377 1405 2546 1478 ignis,
2576 1407 2639 1461 in
2684 1411 2853 1479 gente
2894 1407 3212 1463 incredibili
3258 1409 3590 1466 exardescet
3621 1409 3728 1465 ira.
3758 1411 3887 1466 Non

2231 1489 2632 1556 'exoraverunt
2653 1518 2757 1573 pro
2781 1502 3029 1573 peccatis
3072 1503 3186 1558 suis
3210 1503 3437 1575 antiqui
3478 1503 3756 1575 gigantes,
3785 1505 3890 1576 qui

2252 1595 2657 1651 destruxerunt
2681 1595 3034 1653 conﬁdentes
3053 1614 3169 1652 sum
3184 1597 3397 1665 virtuti,
3420 1601 3477 1653 et
3495 1614 3611 1653 non
3630 1599 3890 1671 pepercit

2251 1688 2702 1761 peregrinationi
2730 1689 2975 1760 illorum,
2998 1692 3097 1746 sed
3122 1691 3400 1763 percussit
3418 1708 3533 1760 eos,
3556 1695 3615 1747 et
3629 1709 3888 1748 exsecra-

2252 1786 2344 1836 tus
2374 1785 2459 1837 est
2484 1782 2613 1839 illos
2641 1800 2759 1855 pra
2788 1784 3052 1855 superbia
3074 1785 3231 1840 verbi
3255 1785 3501 1841 illorum.
3532 1787 3653 1841 Non
3678 1786 3884 1842 miser-

516 1883 599 1936 tat
626 1878 745 1934 vias
770 1854 921 1933 illius
962 1878 1021 1933 in
1059 1878 1227 1934 corde
1259 1854 1361 1934 su—o
1389 1882 1446 1935 et
1467 1878 1527 1934 in
1557 1879 1845 1936 absconsis
1882 1880 2033 1937 illius
2068 1854 2151 1938 ivn-
2170 1854 2228 1928 B
2253 1879 2343 1931 tus
2369 1879 2455 1931 est
2483 1876 2612 1945 illis,
2630 1854 2812 1933 totam
2837 1854 3068 1948 gentem
3094 1879 3359 1951 perdens,
3388 1884 3445 1934 et
3474 1881 3808 1936 extollentes
3827 1899 3885 1937 se

516 1973 781 2045 telligens
806 1973 934 2042 erit,
982 1972 1190 2027 vadens
1218 1976 1349 2045 post
1374 1972 1531 2028 illam
1575 1973 1735 2045 quasi
1756 1974 2147 2047 investigator,

518 2071 575 2122 et
621 2066 683 2121 in
724 2065 824 2121 viis
867 2065 1022 2121 illius
1063 2066 1397 2122 consistens.
1446 2066 1552 2136 Qui
1588 2068 1823 2138 respicit
1848 2084 1952 2140 per
1991 2070 2148 2125 fene-

2249 1969 2310 2024 in
2353 1969 2467 2025 suis
2509 1971 2770 2042 peccatis.
2820 1972 2889 2025 Et
2924 1971 3068 2026 sicut
3107 1975 3372 2028 sexcenta
3397 1974 3577 2028 millia
3600 1974 3883 2046 peditum,

2249 2063 2350 2135 qui
2376 2064 2712 2136 congregati
2736 2068 2869 2120 sunt
2891 2064 2950 2120 in
2980 2065 3188 2121 duritia
3216 2066 3401 2122 cordis
3429 2066 3533 2123 sui.
3562 2070 3631 2124 Et
3663 2068 3712 2123 si
3737 2086 3888 2124 unus

518 2164 693 2215 stram
713 2159 853 2230 ejus,
873 2161 931 2213 et
948 2158 1007 2213 in
1020 2158 1258 2231 januam
1281 2159 1430 2214 illius
1449 2160 1828 2225 audiens.Qui
1846 2161 2152 2234 requiescit
2248 2157 2447 2213 fuisset
2468 2159 2795 2229 cervicatus,
2824 2159 3037 2213 mirum
3065 2158 3112 2214 si
3141 2158 3337 2216 fuisset
3379 2161 3677 2217 immunis.
3716 2162 3883 2218 Mise-

508 2254 674 2324 juxta
691 2253 925 2309 domum
952 2252 1126 2321 illius,
1159 2255 1217 2308 et
1240 2252 1298 2307 in
1326 2252 1638 2324 parietibus
1657 2254 1809 2309 illius
1832 2254 2015 2327 ﬁgens
2044 2273 2148 2328 pa-

514 2347 660 2403 lum.
701 2347 907 2402 Statuit
948 2347 1194 2402 casulam
1241 2363 1405 2403 suam
1447 2348 1522 2403 ad
1568 2364 1773 2403 manus
1799 2348 1947 2404 illius
1975 2354 2032 2405 et
2056 2367 2148 2407 re-

516 2440 816 2512 quiescunt
838 2440 898 2495 in
943 2441 1136 2496 casula
1175 2439 1324 2495 illius
1362 2441 1516 2497 dona
1541 2459 1646 2513 per
1689 2458 1896 2498 sevum.
1933 2443 2152 2500 Statuet

514 2533 656 2590 ﬁlios
681 2551 812 2589 suos
835 2535 938 2588 sub
964 2533 1224 2606 tegmine
1250 2534 1420 2604 illius,
1446 2538 1503 2590 et
1528 2536 1632 2591 sub
1657 2536 1831 2592 ramis
1857 2536 2011 2592 illius
2032 2554 2153 2593 mo-

510 2628 746 2698 rabitur,
776 2629 1098 2700 protegitur
1136 2629 1239 2684 sub
1268 2628 1440 2684 ramis
1469 2629 1621 2684 illius
1662 2647 1696 2686 a
1736 2631 1977 2700 fervore,
2010 2636 2066 2687 et
2088 2631 2149 2687 in

513 2722 699 2793 gloria
729 2723 851 2793 ejus
892 2722 1223 2795 requiescet.
1272 2723 1380 2787 Qui
1426 2722 1595 2778 timet
1636 2724 1940 2779 Dominum
1977 2725 2152 2780 faciet

513 2815 673 2887 illud,
692 2820 749 2871 et
764 2815 861 2888 qui
881 2815 1183 2872 continens
1199 2820 1283 2871 est
1293 2815 1529 2887 justitiae
1555 2818 1951 2890 apprehendat
1969 2818 2146 2891 illam,

516 2911 577 2964 et
626 2908 872 2964 obviabit
928 2908 1010 2964 illi
1064 2908 1225 2980 quasi
1252 2912 1440 2964 mater
1460 2910 1847 2985 honoriﬁcam,
1892 2914 1950 2967 et
1991 2913 2151 2985 quasi

517 3002 727 3058 mulier
757 3020 791 3057 a
830 2973 1155 3075 virginitate
1193 3003 1459 3075 suscipiet
1498 3004 1680 3059 illum.
1689 2973 1946 3155 LCibabit
1989 2973 2152 3062 illum

517 3113 663 3155 pane
692 3096 822 3153 vitae
857 3100 913 3153 et
937 3096 1278 3155 intellectus.
1308 3102 1363 3153 et
1399 3114 1547 3155 aqua
1573 3098 1690 3155 sani
1727 3100 1863 3155 ntias
1892 3100 2152 3155 salutaris

517 3113 663 3169 pane
692 3096 822 3153 vitae
857 3100 913 3153 et
937 3096 1278 3165 intellectus,
1308 3102 1363 3153 et
1399 3114 1547 3170 aqua
1573 3096 1863 3170 sapibntite
1892 3100 2152 3156 salutaris

520 3190 740 3263 potabit
765 3189 949 3245 illum.
977 3193 1045 3247 Et
1072 3190 1391 3246 ﬁrmabitur
1409 3193 1471 3246 in
1500 3192 1619 3259 illo,
1643 3198 1700 3247 et
1724 3210 1838 3247 non
1867 3193 2147 3263 ﬂectetur,

519 3288 577 3339 et
601 3283 912 3339 continebit
950 3283 1136 3355 illum,
1177 3287 1233 3339 et
1267 3302 1387 3341 non
1436 3286 1831 3358 confundetur,
1858 3291 1915 3342 et
1946 3289 2155 3344 exalta-

515 3378 600 3433 bit
619 3394 752 3433 eum
777 3366 939 3451 apud.
959 3378 1250 3451 proximos
1277 3396 1432 3448 suos,
1463 3385 1520 3436 et
1564 3381 1624 3435 in
1671 3380 1861 3436 medio
1903 3381 2153 3437 ecclesiae

518 3472 735 3545 aperiet
773 3490 836 3528 os
882 3473 1023 3545 ejus,
1058 3477 1116 3527 et
1144 3474 1402 3546 implebit
1444 3491 1578 3530 eum
1618 3475 1822 3546 spiritu
1859 3475 2152 3548 sapientiae

515 3569 573 3623 et
620 3565 958 3635 intellectus,
999 3572 1056 3622 et
1093 3568 1238 3623 stola
1282 3568 1477 3640 gloriae
1519 3569 1720 3624 vestiet
1750 3569 1930 3640 illum,
1950 3570 2154 3641 jucun-

517 3660 752 3717 ditatem
776 3665 832 3716 et
857 3661 1301 3717 exsultationem
1346 3663 1745 3718 thesaurizabit
1769 3680 1940 3735 super
1964 3664 2148 3732 illum,

516 3759 569 3811 et
593 3754 827 3810 nomine
847 3757 1058 3810 aeterno
1084 3755 1440 3811 haereditabit
1478 3756 1663 3811 illum.
1697 3757 1963 3812 Homines
1993 3758 2154 3813 stulti

518 3862 633 3902 non
662 3847 1100 3918 apprehendent
1124 3847 1301 3918 illam,
1334 3851 1392 3902 ct
1418 3848 1680 3904 homines
1719 3852 1930 3904 sensati
1968 3851 2154 3907 obvia-

517 3940 663 3996 bunt
686 3940 790 4011 illi,
820 3940 1084 3995 homines
1109 3941 1267 3996 stulti
1296 3958 1412 3997 non
1444 3942 1714 3998 videbunt
1741 3942 1917 3998 illam.
1958 3945 2152 4016 Longe

520 4033 675 4088 enim
701 4033 859 4089 abest
888 4050 923 4089 a
970 4035 1236 4106 superbia
1262 4040 1318 4092 et
1349 4036 1502 4092 dolo.
1550 4036 1664 4091 Viri
1707 4038 2007 4093 mendaces
2032 4055 2151 4094 non

520 4131 688 4183 erunt
713 4127 880 4197 illius,
919 4131 976 4183 et
1019 4128 1123 4183 viri
1162 4146 1390 4185 veraces
1432 4130 1795 4187 invenientur
1835 4132 1894 4187 in
1934 4132 2047 4203 illa,
2096 4136 2154 4187 et

518 4239 802 4277 accessum
865 4222 1156 4279 habebunt
1214 4240 1390 4295 usque
1442 4224 1513 4280 ad
1567 4226 1976 4297 inspectionem
2031 4227 2149 4283 Dei.

519 4316 641 4371 Non
659 4320 743 4371 est
757 4316 1013 4387 speciosa
1026 4316 1148 4372 laus
1162 4316 1221 4372 in
1240 4334 1337 4373 ore
1352 4319 1686 4390 peccatoris,
1702 4320 1971 4391 quoniam
1988 4336 2020 4374 a
2034 4322 2151 4376 Deo

516 4409 770 4481 perfecta
792 4413 877 4464 est
894 4409 1191 4481 sapientia.
1210 4411 1501 4482 Sapientia
1517 4413 1669 4467 enim
1698 4412 1990 4471 Dei.stabit
2007 4413 2148 4484 laus,

2249 2250 2496 2306 ricordia
2526 2250 2684 2306 enim
2713 2256 2768 2308 et
2793 2251 2879 2307 ira
2904 2256 2989 2307 est
3012 2269 3142 2307 cum
3170 2253 3292 2325 illo,
3320 2258 3522 2325 potens
3547 2255 3799 2311 exoratio
3831 2259 3891 2311 et

2250 2343 2551 2399 effundens
2575 2344 2718 2399 iram
2745 2345 3062 2400 secundum
3089 2346 3538 2403 misericordiam
3568 2365 3753 2404 suam.
3799 2351 3889 2406 Sic

2251 2437 2532 2509 correptio
2552 2438 2706 2493 illius
2730 2439 2987 2494 homines
3007 2440 3323 2497 secundum
3343 2457 3517 2513 opera
3540 2459 3641 2497 sua
3656 2443 3884 2515 judica-

2250 2531 2353 2586 bit.
2384 2533 2507 2588 Non
2535 2532 2772 2604 effugiet
2799 2532 2859 2587 in
2902 2534 3106 2604 rapina
3135 2550 3235 2589 sua
3256 2538 3534 2607 peccator,
3560 2543 3619 2593 et
3644 2554 3760 2592 non
3794 2554 3886 2593 re-

2249 2625 2492 2681 tardabit
2511 2626 2898 2681 suﬁ‘erentiam
2915 2627 3171 2683 facientis
3190 2628 3659 2687 misericordiam.
3683 2631 3890 2688 Omnis

2250 2717 2637 2774 misericordia
2664 2720 2830 2775 faciet
2852 2720 3043 2776 locum
3071 2721 3375 2794 unicuique
3413 2725 3728 2780 secundum
3757 2742 3885 2780 me-

2250 2812 2427 2867 ritum
2474 2829 2711 2884 operum
2747 2830 3001 2883 suorum,
3053 2820 3110 2870 et
3153 2817 3470 2872 secundum
3528 2817 3889 2875 intellectum

2250 2905 2749 2978 peregrinationis;
2774 2908 2894 2963 Non
2924 2909 3075 2964 dicas
3099 2926 3112 2965 :
3141 2912 3184 2965 A
3213 2911 3325 2965 Deo
3368 2912 3701 2982 abscondar,
3733 2920 3794 2969 et
3820 2931 3890 2970 ex

2251 3016 2473 3054 summo
2512 3000 2637 3072 quis
2677 3001 2793 3057 mei
2830 3003 3276 3060 memorabitur?
3317 3007 3379 3060 In
3426 3008 3639 3078 populo
3668 3024 3891 3079 magno

2250 3104 2365 3144 non
2392 3092 2684 3162 agnoscar.
2716 3090 2857 3162 Quae
2886 3096 2972 3147 est
3002 3092 3157 3148 enim
3188 3093 3380 3149 anima
3404 3111 3530 3150 mea
3556 3096 3618 3151 in
3637 3100 3749 3151 tam
3781 3098 3890 3153 im-

2251 3199 2449 3238 mensa
2477 3186 2770 3241 creatura?
2766 3154 2938 3333 [dicce
2967 3187 3175 3243 coelum
3207 3191 3264 3243 et
3287 3189 3408 3244 coeli
3431 3191 3704 3245 caelorum
3727 3191 3892 3263 abys-

2252 3293 2364 3333 sus.
2392 3277 2655 3333 universa
2677 3283 2764 3333 ter
2797 3296 2831 3333 a
2857 3284 2914 3333 et
2943 3296 3074 3333 quas
3114 3282 3172 3333 in
3199 3282 3279 3333 eis
3305 3286 3456 3333 sunt.
3488 3283 3547 3333 in
3580 3291 3885 3333 consnectn

2252 3293 2364 3346 sus,
2392 3277 2655 3334 universa
2677 3277 2831 3335 terra
2857 3284 2914 3336 et
2943 3296 3074 3353 quae
3114 3282 3172 3335 in
3199 3282 3279 3337 eis
3305 3286 3456 3352 sunt,
3488 3283 3547 3338 in
3580 3291 3889 3356 conspectu

2250 3370 2403 3426 illius
2428 3372 2962 3442 commovebuntur,
2992 3377 3216 3431 montes
3247 3376 3513 3432 similiter
3542 3384 3597 3433 et
3634 3379 3805 3433 colles
3832 3383 3891 3435 et

2252 3465 2626 3523 fundamenta
2666 3472 2854 3523 terrae.
2902 3469 2971 3525 Et
3010 3485 3143 3524 cum
3186 3471 3549 3543 conspexerit
3590 3472 3687 3527 illa
3714 3474 3885 3541 Deus,

2250 3563 2499 3615 tremore
2519 3560 2937 3631 concutientur,
2961 3565 3018 3617 et
3041 3563 3103 3618 in
3127 3564 3393 3619 omnibus
3418 3564 3506 3619 his
3531 3564 3887 3621 insensatnm

2252 3656 2338 3707 est
2366 3670 2484 3710 cor.
2513 3657 2581 3711 Et
2608 3672 2776 3711 omne
2821 3672 2919 3711 cor
2953 3656 3295 3729 intelligitur
3323 3659 3391 3712 ab
3420 3659 3537 3726 illo,
3572 3663 3629 3714 et
3654 3660 3772 3715 vias
3814 3662 3885 3716 i1-

2250 3746 2358 3801 lius
2395 3748 2522 3818 quis
2566 3747 2870 3820 intelligit?
2912 3752 2980 3805 Et
3022 3752 3330 3822 procellam
3377 3770 3551 3824 quam
3592 3769 3698 3809 nec
3745 3771 3886 3810 ocu-

2250 3841 2337 3895 lus
2374 3840 2516 3895 vidit
2549 3841 2837 3898 hominis?
2875 3844 3017 3898 Nam
3064 3846 3309 3916 plurima
3345 3863 3519 3918 opera
3560 3847 3710 3902 illius
3751 3855 3893 3905 sunt

2251 3935 2313 3989 in
2339 3934 2645 4003 absconsis,
2675 3937 2771 3992 sed
2796 3953 2966 4009 opera
2988 3938 3225 4010 justitize
3253 3939 3405 3995 illius
3429 3939 3554 4012 quis
3575 3943 3887 4013 enarrabit,

2250 4035 2349 4088 aut
2376 4033 2503 4104 quis
2527 4034 2865 4091 sustinebit?
2891 4037 3069 4109 Large
3118 4038 3272 4093 enim
3308 4042 3392 4094 est
3417 4043 3828 4096 testamentum
3855 4058 3895 4097 a

2253 4130 2610 4203 quibusdam,
2640 4138 2697 4189 et
2717 4135 3085 4207 interrogatio
3111 4137 3410 4192 hominum
3435 4137 3495 4193 in
3525 4154 3895 4194 consumma-

2251 4228 2407 4284 tione
2424 4232 2529 4284 est.
2555 4230 2664 4296 Qui
2680 4232 3002 4289 minoratur
3014 4235 3179 4289 corde
3197 4235 3406 4306 cogitat
3423 4236 3589 4305 mala,
3607 4240 3663 4291 et
3681 4235 3766 4290 vir
3778 4236 3896 4292 im-

2252 4328 2503 4398 prudens
2534 4332 2592 4384 et
2636 4346 2833 4386 errans
2860 4332 3071 4404 cogitat
3112 4335 3282 4389 stulta
3323 4333 3506 4407 (Eccli.
3535 4352 3647 4406 x1v,
3681 4339 3889 4404 ll-27;

2253 4444 2341 4495 xv,
2374 4430 2527 4497 1-22;
2555 4444 2665 4498 xw,
2704 4430 2867 4503 1-23).
2894 4452 2920 4481 »
2953 4453 2980 4481 «
3010 4432 3205 4487 Omnis
3232 4450 3389 4505 ergo,
3431 4435 3653 4506 fratres,
3698 4451 3895 4492 sermo

516 4503 990 4606 etin-oreﬁdeli
1019 4503 1351 4606 abundabit,
1393 4508 1451 4561 et
1492 4506 1810 4606 dominator
1839 4507 1997 4606 dabit
2026 4524 2212 4606 eam_
2251 4528 2435 4582 malus
2463 4528 2533 4583 de
2567 4545 2665 4583 ore
2685 4533 2872 4585 vestro
2900 4548 3013 4585 non
3040 4503 3331 4603 procedat,
3356 4533 3457 4588 sed
3484 4534 3532 4589 si
3556 4503 3683 4606 quis
3702 4535 3895 4593 bonus

515 4598 615 4704 inlli'
638 4599 760 4703 NP“
790 4597 1030 4704 dixeris}
1060 4599 1494 4704 ΡθιξΡοωίηυξΠ
1528 4601 1704 4704 athe“:
1726 4602 2007 4704 fluaio‘m
2034 4618 2150 4704 n9“
2169 4601 2230 4674 D
2253 4628 2338 4681 est
2367 4626 2439 4681 ad
2468 4627 2898 4685 aediﬁcationem
2929 4597 3391 4701 opportunitatis,
3427 4635 3494 4688 ut
3518 4597 3613 4687 det
3638 4633 3898 4704 gratiam

516 4692 735 4760 feceris,
776 4708 895 4747 non
941 4692 1252 4750 dicas:llle
1298 4710 1388 4749 me
1434 4694 1785 4766 implanavit.
1833 4697 1954 4750 Non
1998 4696 2153 4752 enim

517 4785 817 4841 necessarii
863 4791 996 4841 sunt
1034 4786 1116 4842 illi
1154 4787 1414 4843 homines
1454 4787 1634 4860 impii.
1678 4789 1858 4844 Omne
1893 4807 2148 4845 exsecra-

518 4885 774 4933 mcntum
801 4881 1008 4934 erroris
1029 4880 1148 4934 odit
1164 4881 1313 4935 Deus
1334 4883 1391 4935 et
1413 4897 1531 4936 non
1561 4882 1669 4938 erit
1685 4883 1926 4938 amabile
1951 4883 2153 4939 timen-

517 4971 665 5025 tibus
711 4989 860 5026 eum.
912 4974 1057 5028 Deus
1098 4974 1168 5027 ab
1207 4973 1371 5029 initio
1421 4975 1713 5031 constituit
1755 4976 2068 5046 hominem,
2099 4983 2154 5032 et

518 5063 747 5136 reliquit
773 5065 935 5120 illum
964 5067 1022 5121 in
1050 5084 1226 5123 manu
1256 5068 1480 5124 consilii
1506 5069 1614 5137 sui,
1646 5069 1853 5140 adjecit
1877 5070 2153 5126 mandata

517 5162 571 5210 et
598 5164 876 5229 praecepta
902 5176 1023 5215 sua.
1052 5161 1108 5216 Si
1133 5163 1380 5218 volueris
1424 5164 1710 5231 mandata,
1740 5163 2152 5221 conservabunt

521 5254 571 5304 te
593 5255 648 5305 et
678 5252 736 5307 in
764 5259 1106 5325 perpetuum
1133 5255 1307 5311 ﬁdem
1334 5256 1606 5329 placitam
1646 5258 1851 5312 facere.
1881 5258 2152 5329 Apposuit

517 5344 619 5399 tibi
642 5362 850 5417 aquam
878 5352 934 5403 et
958 5348 1175 5420 ignem,
1202 5351 1274 5405 ad
1304 5351 1458 5422 quod
1484 5351 1726 5407 volueris
1763 5351 1996 5423 porrige
2024 5368 2147 5407 ma-

2254 4726 2631 4783 audientibus.
2664 4728 2732 4783 Et
2756 4728 2930 4784 nolite
2956 4730 3287 4786 contristare
3317 4730 3591 4801 Spiritum
3627 4736 3898 4790 sanctum

2253 4825 2373 4894 Dei,
2398 4825 2457 4880 in
2487 4842 2601 4897 quo
2631 4826 2838 4898 signati
2864 4827 2994 4881 estis
3020 4827 3078 4881 in
3110 4827 3201 4882 die
3232 4828 3663 4901 redemptionis.
3688 4830 3897 4886 Omnis

2251 4923 2589 4991 amaritudo,
2630 4928 2687 4980 et
2728 4925 2835 4996 ira,
2863 4929 2919 4981 et
2947 4925 3286 4997 indignatio,
3313 4931 3370 4983 et
3397 4928 3634 4997 clamor,
3663 4933 3722 4984 et
3745 4929 3899 4985 blas-

2250 5021 2482 5093 phemia
2521 5022 2754 5078 tollatur
2791 5040 2825 5079 a
2867 5023 3022 5079 vobis
3065 5041 3196 5079 cum
3222 5024 3380 5081 omni
3418 5026 3654 5082 malitia.
3696 5028 3899 5084 Estote

2252 5125 2445 5176 autem
2471 5121 2713 5177 invicem
2743 5122 2998 5195 benigni,
3027 5123 3443 5194 misericordes,
3479 5124 3758 5181 donantes
3797 5126 3897 5182 in-

2248 5219 2612 5289 vicem,sicut
2642 5223 2700 5275 et
2734 5221 2878 5276 Deus
2897 5221 2957 5276 in
2978 5222 3201 5278 Christo
3239 5223 3467 5279 donavit
3484 5222 3662 5279 vobis.
3696 5225 3897 5281 Estote

2250 5335 2387 5391 ergo
2433 5319 2752 5375 imitatores
2787 5321 2886 5376 Dei
2912 5321 3059 5376 sicut
3084 5321 3187 5377 ﬁlii
3227 5322 3571 5393 charissimi,
3599 5325 3659 5379 et
3682 5324 3894 5381 ambu-

514 5455 674 5509 num,
703 5444 833 5496 ante
858 5417 1154 5498 hominem
1181 5443 1297 5498 vita
1320 5417 1378 5499 et
1396 5461 1569 5514 mors,
1597 5417 1810 5501 bonum
1831 5450 1886 5499 et
1908 5417 2185 5535 malumfg
2249 5417 2801 5535 {ati'ililudilemifne’
2846 5420 2991 5475 sicut
3035 5425 3099 5535 et,
3127 5421 3387 5535 .Chflstﬁs
3430 5421 3651 5535 dilexit.
3674 5439 3802 5535 no.5"
3831 5428 3901 5480 et

513 5533 668 5606 quod
682 5535 1272 5606 placueritei,dabitur
1281 5536 1381 5603 illi,
1397 5539 1669 5610 quoniam
1686 5540 1863 5595 multa
1876 5539 2149 5611 patientia

514 5628 632 5694 Dei,
673 5633 729 5682 et
761 5629 926 5684 fortis
965 5628 1025 5683 in
1059 5628 1346 5699 patientia,
1369 5632 1567 5687 videns
1594 5650 1792 5689 omnes
1818 5633 1938 5689 sine
1970 5633 2143 5689 inter-

511 5720 797 5776 missione.
833 5721 993 5776 Oculi
1030 5721 1258 5777 Domini
1290 5724 1363 5778 ad
1392 5724 1655 5782 timentes
1676 5745 1809 5784 eum
1830 5733 1887 5783 et
1912 5728 2033 5800 ipse
2058 5743 2146 5782 co-

2176 5516 2191 5570 ξι
2248 5516 2482 5572 tradidit
2497 5519 2871 5590 semetipsum
2888 5536 2991 5592 pro
3004 5519 3171 5576 nobis
3190 5521 3537 5576 oblationem
3563 5524 3622 5576 et
3634 5521 3898 5578 hostiam

2248 5615 2361 5669 Deo
2386 5614 2446 5669 in
2475 5616 2709 5671 odorem
2739 5617 3045 5685 suavitatis.
3080 5618 3396 5674 Fornicatio
3426 5623 3617 5674 autem
3657 5622 3717 5674 et
3761 5637 3893 5675 om-

2246 5711 2336 5766 nis
2354 5712 2744 5785 immunditia,
2779 5718 2880 5771 aut
2913 5716 3170 5785 avaritia,
3200 5733 3305 5773 nec
3331 5717 3663 5773 nominetur
3696 5719 3760 5774 in
3786 5736 3895 5776 vo-

514 5815 733 5884 gnoscit
760 5831 992 5871 omnem
1018 5831 1250 5888 operam
1276 5816 1539 5875 hominis,
1571 5821 1801 5876 Nemini
1850 5821 2148 5877 mandavit
2245 5811 2349 5880 bis,
2378 5811 2519 5869 sicut
2545 5813 2709 5869 decet
2737 5819 2983 5884 sanctos,
3021 5819 3122 5870 aut
3162 5817 3476 5889 turpitudo,
3506 5821 3605 5873 aut
3633 5819 3895 5876 stultilo-

509 5907 684 5977 impie
711 5925 900 5973 agere,
927 5914 983 5964 et
1008 5910 1224 5967 nemini
1253 5910 1408 5968 dedit
1432 5913 1679 5984 spatium
1701 5915 1988 5986 peccandi.
2020 5915 2144 5970 Non
2245 5910 2465 5983 quium,
2487 5915 2586 5968 aut
2605 5913 2936 5983 scurrilitas,
2959 5931 3086 5987 quae
3110 5916 3181 5971 ad
3200 5933 3324 5972 rem
3353 5934 3467 5973 non
3488 5916 3763 5989 pertinet,
3784 5921 3894 5976 sed
