4058 6328
256 317 363 373 237

1498 326 1969 385 DECRETALIUM
2006 330 2391 390 COLLECTIO.

3520 350 3620 405 238

250 425 440 497 magis
472 426 786 498 gratiarum
813 428 1115 486 actio.Hoc
1146 431 1301 487 enim
1343 432 1538 489 scitote
1563 434 1887 507 intelligen-
1910 449 1969 523 Α
2059 440 2252 495 Crucis
2313 458 2449 513 ergo
2515 442 2746 498 Domini
2802 446 2982 501 nostri
3043 447 3173 503 Iesu
3236 448 3440 507 Christi
3493 471 3621 525 quas

248 528 356 596 tes,
386 526 544 597 quod
572 527 758 582 omnis
786 529 1108 597 fornicator,
1130 534 1231 585 aut
1256 531 1607 604 immundus,
1640 538 1738 589 aut
1765 553 1888 590 ava-

247 635 350 673 rus
381 619 559 690 (quod
582 623 669 676 est
690 620 978 677 idolorum
1009 624 1268 696 servitus)
1296 642 1413 680 non
1440 626 1613 682 habet
1640 629 1885 683 hreredi-

248 714 432 768 tatem
475 711 535 768 in
571 730 751 786 regno
796 715 1004 771 Christi
1052 722 1107 771 et
1152 717 1272 773 Dei.
1303 719 1482 775 Nemo
1524 737 1620 775 vos
1657 722 1889 777 seducet

249 805 523 861 inanibus
552 808 755 863 verbis.
794 811 1035 881 Propter
1075 811 1196 865 lucc
1222 811 1379 867 enim
1406 814 1558 869 venit
1586 814 1667 869 ira
1698 815 1794 870 Dei
1826 815 1885 869 in

248 898 398 954 filios
424 900 778 957 difﬁdentiae.
809 902 992 958 Nolite
1014 919 1150 975 ergo
1168 903 1313 959 effici
1336 906 1636 978 participes
1663 924 1884 963 eorum.

247 992 435 1049 Eratis
465 993 623 1049 enim
653 994 961 1066 aliquando
984 998 1257 1065 tenebrae,
1285 1014 1438 1054 nunc
1466 1005 1658 1056 autem
1697 1001 1792 1055 lux
1827 1002 1888 1057 in

248 1086 518 1153 Domino,
553 1091 616 1143 ut
641 1088 747 1143 ﬁlii
770 1089 914 1144 lucis
937 1091 1246 1147 ambulate.
1294 1092 1531 1148 Fructus
1565 1094 1719 1150 enim
1748 1095 1888 1150 lucis

249 1183 338 1235 est
372 1179 437 1235 in
480 1181 753 1252 bonitate,
798 1188 857 1239 et
891 1184 1135 1255 justitia,
1181 1189 1239 1241 et
1274 1186 1529 1243 veritate.
1580 1188 1889 1244 Probantes

246 1274 388 1345 quid
397 1275 473 1330 sit
483 1275 905 1348 beneplacitum
922 1278 1050 1347 Deo,
1067 1284 1123 1335 et
1133 1279 1311 1335 nolite
1325 1282 1748 1338 communicare
1759 1299 1889 1355 cpe-

246 1367 411 1423 ribus
438 1368 802 1426 infructuosis
825 1372 1212 1444 tenebrarum,
1242 1374 1422 1446 magis
1450 1380 1642 1430 autem
1684 1377 1886 1431 redar-

249 1461 429 1533 guite.
456 1464 593 1528 Quae
627 1464 785 1520 enim
829 1466 891 1520 in
930 1468 1149 1521 occulta
1179 1468 1325 1523 ﬁunt
1348 1469 1417 1522 ab
1449 1468 1585 1539 ipsis
1610 1473 1776 1541 turpe
1806 1474 1891 1526 est

250 1554 462 1610 dicere.
496 1556 704 1613 Omnia
727 1562 922 1614 autem
950 1576 1077 1631 quas
1102 1564 1425 1632 arguuntur
1453 1578 1488 1616 a
1514 1562 1732 1617 lumine
1759 1579 1886 1618 ma-

249 1648 614 1706 nifestantur.
644 1651 825 1707 Omne
851 1653 1025 1721 enim,
1053 1654 1210 1725 quod
1239 1654 1657 1725 manifestatur,
1694 1656 1890 1712 lumen

249 1748 353 1798 est.
413 1744 653 1815 Propter
698 1747 845 1817 quod
897 1747 1032 1802 dicit
1079 1763 1093 1802 :
1151 1748 1332 1819 Surge
1386 1748 1484 1821 qui
1540 1750 1774 1818 dormis,
1832 1754 1891 1804 et

1985 550 2170 604 nuper
2198 534 2361 589 nobis
2386 536 2777 606 gubernacula
2816 544 3022 595 sanctas
3066 542 3337 599 Romana:
3367 547 3621 602 Ecclesite

1988 628 2312 683 tenentibus
2355 630 2555 702 quinto
2599 633 2783 687 Nonas
2823 634 2947 689 Maii
2988 634 3214 692 inventa
3241 640 3342 707 est,
3377 639 3436 694 in
3470 657 3618 713 pra:-

1988 720 2137 777 dicto
2165 722 2546 780 Kalendarum
2591 725 2682 780 die
2720 726 3064 785 inventionis
3105 731 3315 787 festum
3342 733 3502 789 vobis
3529 752 3619 791 so-

1985 815 2252 871 lemniter
2294 816 2581 874 celebrare
2624 821 2983 877 mandamus.
3032 822 3303 881 Similiter
3340 829 3399 882 et
3436 827 3615 885 haere-

1986 908 2126 964 ticos
2158 925 2358 965 omnes
2392 912 2715 985 quicunque
2746 914 2847 969 Dei
2896 916 3077 987 gratia
3105 923 3534 991 convertuntur,
3561 923 3622 979 in

1987 1005 2191 1057 sach
2200 1002 2483 1059 Trinitatis
2494 1006 2726 1061 nomine
2739 1007 3032 1066 credentes
3042 1010 3312 1083 baptizati
3325 1012 3382 1087 5
3392 1014 3449 1088 5
3465 1020 3618 1086 sunt,

1989 1097 2253 1152 Romanae
2268 1097 2526 1153 Ecclesiae
2542 1101 2798 1171 regulam
2810 1104 3090 1174 tenentes,
3105 1122 3209 1177 per
3225 1122 3429 1164 manus
3439 1109 3621 1182 impo-

1987 1190 2250 1247 sitionem
2272 1192 2624 1248 reconciliari
2653 1195 3033 1267 praecipimus.
3082 1200 3275 1257 Manus
3297 1202 3616 1275 impositio-

1986 1285 2076 1340 nis
2100 1293 2518 1342 sacramentum
2542 1303 2757 1359 magna
2782 1292 3150 1347 veneratione
3176 1297 3488 1352 tenendum
3511 1303 3616 1366 est,

1988 1375 2139 1445 quod
2156 1375 2227 1430 ab
2248 1376 2371 1430 aliis
2396 1376 2593 1448 perﬁci
2622 1393 2738 1432 non
2764 1381 2969 1449 potest,
2992 1381 3104 1436 nisi
3130 1400 3163 1436 a
3186 1385 3422 1441 summis
3442 1403 3621 1442 sacer-

1988 1468 2231 1524 dotibus.
2260 1470 2372 1524 Nec
2400 1472 2657 1541 tempore
2688 1474 3073 1543 apostolorum
3100 1475 3169 1530 ab
3196 1477 3319 1532 aliis
3346 1494 3521 1550 quam
3546 1482 3618 1536 ab

1987 1562 2125 1633 ipsis
2146 1564 2411 1633 apostolis
2431 1564 2643 1636 legitur
2657 1568 2758 1619 aut
2775 1566 2951 1621 scitur
2967 1573 3259 1639 peractum
3278 1576 3417 1642 esse,
3430 1589 3619 1646 neque

1987 1655 2057 1710 ab
2105 1656 2231 1711 aliis
2274 1656 2437 1727 (sicut
2477 1657 2602 1729 jam
2650 1659 2866 1714 dictum
2906 1662 3009 1733 est)
3053 1678 3227 1734 quam
3264 1665 3336 1720 ab
3373 1666 3482 1721 illis
3520 1668 3620 1739 qui

1988 1765 2189 1805 eorum
2234 1751 2424 1806 locum
2462 1754 2667 1806 tenent
2712 1769 2968 1825 unquam
3020 1755 3217 1827 perﬁci
3270 1761 3473 1830 potest,
3522 1764 3622 1817 aut

247 1853 491 1909 exsurge
520 1855 555 1893 a
589 1840 851 1909 mortuis,
898 1845 955 1895 et
997 1840 1345 1896 illuminabit
1388 1847 1446 1897 te
1486 1843 1761 1899 Christus.
1794 1844 1885 1898 Vi-
1909 1823 1964 1895 Β
1988 1843 2111 1898 fieri
2137 1843 2321 1899 debet.
2353 1846 2495 1900 Nam
2537 1844 2584 1899 si
2615 1845 2784 1900 aliter
2812 1823 3240 1921 praesumptum
3266 1823 3471 1922 fuerit,
3486 1854 3619 1910 irri-

249 1930 380 1986 dete
406 1931 620 2004 itaque,
649 1932 874 2002 fratres,
913 1935 1196 2006 quomodo
1224 1937 1389 1990 caute
1419 1937 1739 2004 ambuletis,
1772 1954 1886 1992 non

248 2025 410 2097 quasi
438 2025 785 2098 insipientes,
819 2028 914 2083 sed
943 2031 1009 2083 ut
1036 2029 1338 2101 sapientes,
1372 2030 1722 2086 redimentes
1747 2037 1889 2087 tem-

248 2136 377 2190 pus,
411 2120 681 2191 quoniam
710 2122 829 2177 dies
853 2122 989 2177 mali
1024 2127 1173 2193 sunt,
1207 2128 1530 2195 propterea,
1561 2125 1735 2181 nolite
1761 2126 1886 2181 ﬁeri

247 2213 662 2285 imPrudentes,
686 2216 783 2270 sed
808 2216 1190 2288 intelligentes
1216 2234 1342 2289 qua:
1372 2218 1444 2272 sit
1480 2220 1737 2275 voluntas
1764 2221 1883 2275 Dei.

247 2309 317 2364 Et
341 2307 520 2362 nolite
547 2308 815 2363 inebriari
842 2310 991 2376 vino,
1034 2311 1094 2365 in
1145 2328 1258 2383 quo
1288 2315 1372 2366 est
1402 2313 1644 2380 luxuria,
1675 2314 1771 2368 sed
1798 2314 1884 2368 in-

248 2402 526 2472 pleamini
547 2402 765 2473 Spiritu
803 2407 1019 2471 sancto,
1055 2406 1349 2475 loquentes
1382 2406 1800 2478 vobismetipsis
1828 2408 1885 2461 in

244 2495 486 2567 psalmis
511 2499 569 2550 et
600 2496 828 2567 hymnis
864 2498 926 2552 in
949 2498 1211 2553 cordibus
1237 2498 1434 2553 vestris
1462 2500 1722 2569 Domino,
1754 2518 1883 2570 gra-

244 2588 354 2644 tias
373 2594 611 2660 agentes
637 2607 860 2662 semper
881 2607 985 2662 pro
1019 2592 1285 2647 omnibus
1315 2592 1372 2647 in
1401 2594 1635 2648 nomine
1662 2594 1886 2648 Domini

245 2682 430 2737 nostri
454 2686 584 2739 Jesu
610 2684 833 2752 Christi,
861 2687 974 2740 Deo
1001 2689 1057 2740 et
1083 2686 1255 2753 Patri,
1296 2687 1534 2758 subjecti
1561 2687 1801 2743 invicem
1828 2689 1888 2743 in

246 2776 455 2832 timore
482 2777 687 2832 Christi
713 2778 866 2849 (Eph.
899 2796 973 2850 ιν,
1004 2782 1192 2845 “29-32;
1216 2796 1270 2849 ν,
1309 2783 1469 2849 l-2l).
1496 2804 1522 2830 ››

1986 1939 2113 1992 tum
2157 1938 2437 1994 habeatur
2483 1942 2542 1993 et
2582 1955 2849 2011 vacuum,
2895 1957 3000 1997 nec
3048 1942 3199 1998 inter
3246 1946 3621 2004 ecclesiastica

1985 2047 2239 2104 unquam
2265 2032 2627 2104 reputabitur
2651 2040 3023 2091 sacramenta.
3051 2036 3122 2092 De
3147 2042 3370 2107 cetero,
3392 2040 3618 2112 fratres,

1989 2125 2229 2197 gaudete
2268 2131 2325 2181 et
2366 2128 2639 2183 exsultate
2685 2128 2745 2183 in
2784 2129 3046 2199 Domino,
3076 2134 3138 2186 ut
3171 2133 3347 2186 sancti
3378 2134 3621 2205 Spiritus

1989 2219 2170 2290 gratia
2213 2219 2518 2276 illuminati
2556 2225 2612 2276 et
2650 2221 2971 2291 confortati,
3023 2240 3122 2279 vos
3168 2228 3499 2299 vestrosque
3547 2229 3621 2284 ad

1987 2329 2198 2383 pascua
2224 2317 2452 2369 aeternae
2493 2315 2619 2369 vitae
2667 2316 2961 2387 pervenire
2987 2322 3156 2390 atque
3180 2319 3495 2389 perducere
3518 2321 3620 2376 ad-

1986 2406 2350 2461 miniculante
2389 2408 2624 2463 Domino
2653 2410 2903 2464 valeatis.
2957 2411 3143 2466 Gratia
3183 2412 3404 2468 Domini
3439 2415 3620 2470 nostri

1983 2501 2011 2554 J
2017 2516 2116 2553 esu
2145 2500 2351 2555 Christi
2379 2505 2434 2555 et
2454 2501 2699 2557 charitas
2726 2503 2829 2557 Dei
2846 2508 2901 2558 et
2916 2506 3351 2561 communicatio
3378 2507 3620 2580 Spiritus

1988 2594 2168 2647 sancti
2196 2593 2268 2647 sit
2297 2610 2524 2665 semper
2571 2612 2702 2650 cum
2733 2597 2998 2652 omnibus
3032 2598 3214 2653 nobis.
3245 2601 3444 2655 Amen.
3480 2602 3618 2657 Data

1990 2703 2085 2743 vni
2111 2688 2307 2745 Kaleu.
2336 2688 2581 2760 Septem.
2610 2690 2918 2745 Constante
2946 2707 2994 2746 c.
3024 2692 3274 2748 consule.

754 3157 1322 3253 INCIPIUNT
1392 3162 1916 3255 DECRETA
1982 3163 2674 3255 MELCHIADIS
2744 3164 3106 3257 ΡΑΡᾸΕ.

1203 3349 1388 3422 (Anno
1424 3352 1651 3407 Domini
1682 3355 1804 3420 3H,
1839 3355 2097 3424 tempore
2124 3351 2409 3408 Maximini
2438 3350 2668 3423 imper.)

318 3635 707 3691 Dilectissimis
734 3636 1023 3707 fratribus,
1062 3641 1295 3708 MARINO,
1328 3641 1662 3708 .BENEDICTO,
1704 3640 1878 3697 Leox-
1902 3652 1957 3727 ρ
1986 3639 2089 3709 t3).
2125 3660 2153 3689 ››
2201 3638 2389 3693 Primo
2415 3654 2640 3709 semper
2665 3637 2855 3693 omnia
2900 3638 3204 3709 diligenter
3227 3637 3519 3711 inquirite,
3553 3645 3615 3695 ut

244 3746 355 3796 rm,
390 3732 449 3783 et
468 3730 687 3785 caeteris
713 3730 1114 3804 Hispaniarum
1142 3750 1205 3788 ac
1233 3734 1341 3789 illis
1374 3734 1431 3789 in
1454 3733 1711 3806 partibus
1741 3751 1877 3789 con—

244 3823 458 3877 stitutis
484 3823 760 3894 episcopis
783 3825 1147 3882 MELCHIADES.

317 3917 629 3987 Apostolici
658 3920 929 3990 praecepti
949 3921 1119 3975 verba
1138 3923 1270 3975 sunt
1290 3922 1440 3992 apud
1468 3922 1690 3977 Judazos
1710 3926 1879 3995 atque

246 4012 491 4084 gentiles
514 4011 635 4065 sine
669 4012 976 4068 offensione
999 4031 1100 4068 nos
1122 4031 1240 4069 esse
1264 4015 1488 4083 debere,
1514 4017 1623 4071 hoc
1644 4017 1880 4088 quisque

244 4106 600 4161 Christianus
619 4111 704 4161 est
722 4108 839 4161 tota
855 4108 1031 4162 animi
1055 4108 1259 4164 virtute
1287 4110 1546 4165 custodit.
1565 4111 1728 4174 Quod
1749 4128 1880 4165 cum

244 4201 327 4255 ita
356 4201 448 4267 sit,
488 4217 601 4254 non
640 4218 844 4271 parum
883 4202 1124 4273 periculi
1155 4203 1233 4257 illi
1259 4221 1493 4259 manere
1517 4205 1729 4275 poterit
1752 4208 1881 4259 ante

246 4296 451 4363 Deum,
483 4294 582 4365 qui
614 4294 724 4349 hoc
755 4295 1028 4351 detrectat
1071 4297 1245 4352 etiam
1291 4298 1553 4353 fidelibus
1591 4298 1876 4354 exhibere.

248 4389 391 4442 Nam
419 4387 663 4458 qualiter
692 4406 796 4443 nos
823 4389 920 4460 qui
947 4389 1239 4445 neminem
1262 4392 1451 4462 perire
1472 4392 1748 4462 volumus,
1774 4392 1879 4447 ista

243 4481 582 4536 contristent
628 4498 757 4553 quae
813 4483 1134 4538 auctoribus
1184 4485 1518 4540 Christianis
1565 4488 1881 4558 percellunt

242 4575 384 4629 alios
435 4574 803 4641 Christianos,
859 4576 1176 4632 Dominicus
1224 4576 1283 4631 in
1334 4580 1641 4650 Evangelia
1696 4596 1879 4635 sermo

242 4672 502 4723 testatur.
553 4654 650 4722 ‘Ait
690 4668 844 4723 enim
892 4669 1009 4742 ipse
1057 4671 1307 4726 Salvator
1347 4673 1499 4743 quod
1542 4694 1569 4722 «
1617 4674 1879 4745 expediat

243 4762 652 4817 scandalizanti
678 4779 859 4817 unum
887 4764 957 4818 de
982 4764 1198 4835 pusillis
1232 4765 1291 4819 in
1325 4766 1500 4819 maris
1527 4767 1879 4837 profundum

242 4855 500 4927 demergi
530 4855 744 4925 (Matth.
776 4873 933 4923 xvm,
976 4857 1047 4927 6).
1092 4880 1120 4907 η
1160 4859 1285 4913 Ideo
1314 4875 1441 4929 quae
1469 4859 1539 4913 sit
1566 4859 1687 4929 ejus
1712 4877 1879 4932 poena

241 4966 570 5022 quaeramus
614 4950 705 5004 cui
749 4951 857 5005 tale
902 4952 1242 5022 supplicium
1294 4954 1536 5024 legimus
1589 4954 1871 5024 expedire.

1981 3749 2113 3786 cum
2124 3731 2345 3804 justitia
2372 3735 2429 3786 et
2443 3732 2676 3787 veritate
2696 3730 2999 3787 deﬁniatis.
3022 3731 3321 3788 Neminem
3341 3733 3613 3789 condem-

1980 3826 2129 3881 netis
2171 3831 2303 3881 ante
2344 3842 2543 3881 verum
2586 3829 2643 3881 et
2675 3825 2896 3898 justum
2916 3823 3215 3898 judicium.
3258 3827 3481 3882 Nullum
3519 3845 3611 3883 su-

1982 3919 2247 3993 spicionis
2272 3920 2506 3976 arbitrio
2532 3920 2818 3991 judicetis,
2849 3919 2949 3975 sed
2985 3920 3240 3992 primum
3270 3920 3528 3992 probate,
3557 3924 3615 3977 et

1979 4018 2180 4087 postea
2206 4013 2605 4069 charitativam
2631 4014 2877 4086 proferte
2915 4014 3277 4070 sententiam.
3308 4035 3335 4063 ‹‹
3364 4016 3432 4070 Et
3463 4016 3612 4086 quod

1984 4108 2137 4162 vobis
2166 4126 2283 4163 non
2326 4108 2491 4162 vultis
2540 4108 2682 4173 ﬁeri,
2732 4107 2894 4163 alteri
2933 4108 3107 4163 nolite
3146 4109 3329 4165 facere
3360 4108 3506 4180 (Luc.
3537 4128 3610 4178 v1,

1981 4200 2130 4274 31).»
2164 4203 2503 4257 Mementote
2527 4202 2803 4257 sermonis
2834 4201 3061 4257 Domini
3089 4218 3335 4274 semper,
3364 4203 3461 4274 qui
3493 4203 3609 4258 ait:

1985 4318 2010 4343 ‹‹
2032 4296 2208 4351 Nolite
2221 4296 2500 4367 judicare,
2518 4301 2699 4350 etnon
2711 4295 3113 4367 judicabimini
3130 4312 3143 4350 :
3159 4296 3337 4351 Nolite
3349 4296 3613 4351 condem-

1982 4405 2138 4459 nare,
2157 4392 2347 4444 utnon
2367 4389 2851 4459 condemnemini,
2865 4388 2925 4443 in
2941 4405 3052 4461 quo
3069 4389 3221 4445 enim
3231 4389 3449 4461 judicio
3463 4391 3483 4461 j
3495 4391 3613 4445 udi—

1979 4482 2255 4550 caveritis,
2264 4482 2667 4553 judicabimini
2690 4483 2902 4554 (Matth.
2920 4486 3054 4552 vn,l
3084 4489 3134 4537 et
3149 4484 3222 4551 2).
3252 4503 3278 4533 »
3310 4483 3614 4555 Episciipos

1978 4576 2152 4631 nolite
2159 4576 2443 4646 judicare,
2462 4576 2637 4631 nolite
2658 4577 3037 4630 condemnare
3050 4576 3259 4647 absque
3276 4576 3422 4630 sedis
3442 4577 3613 4646 hujus

1977 4669 2335 4725 auctoritate.
2374 4670 2535 4734 Quod
2574 4669 2619 4722 si
2644 4669 2908 4738 feceritis,
2934 4669 3093 4724 irrita
3119 4672 3289 4724 erunt
3311 4674 3492 4724 vestra
3515 4670 3607 4741 ju-

1980 4764 2144 4829 dicia,
2175 4769 2231 4819 et
2250 4781 2349 4818 vos
2374 4762 2913 4817 condemnabimini.
2938 4763 3047 4817 Hoc
3072 4763 3227 4817 enim
3249 4761 3612 4834 privilegium

1977 4858 2111 4913 huic
2136 4863 2341 4913 sanctae
2363 4858 2482 4912 sedi
2508 4874 2541 4912 a
2559 4856 2908 4929 temporibus
2926 4858 3309 4928 apostolorum
3339 4860 3614 4914 statutum

1980 4958 2060 5007 cst
2090 4969 2332 5021 servare,
2362 4953 2516 5025 quod
2558 4951 2798 5006 illaesum
2850 4953 3045 5007 manet
3086 4967 3267 5023 usque
3291 4952 3351 5006 in
3379 4952 3613 5007 hodier-

240 5046 600 5115 Quapropter
627 5044 752 5112 ista,
784 5044 1123 5113 charissimi,
1151 5047 1314 5101 valde
1360 5051 1491 5101 sunt
1535 5047 1705 5102 verba
1732 5064 1874 5119 pon-
1897 5028 1956 5100 D
1980 5064 2118 5101 num
2144 5046 2315 5103 diem.
2348 5046 2652 5118 Episcopos
2673 5062 2807 5116 ergo
2834 5062 2973 5117 quos
3001 5045 3105 5100 sibi
3125 5045 3396 5100 Dominus
3425 5049 3615 5102 oculos

242 5137 501 5192 deranda
528 5140 586 5191 et
615 5138 882 5206 cavenda,
912 5156 985 5194 ne
1011 5157 1115 5211 pro
1134 5141 1545 5211 temporalibus
1579 5144 1881 5210 mterna,ct

242 5248 347 5303 pro
376 5231 603 5286 caducis
627 5248 915 5300 mansura,
950 5236 1007 5287 et
1033 5251 1137 5305 pro
1168 5234 1515 5305 pravissimis
1550 5236 1876 5307 temporali-

240 5326 348 5381 bus
361 5326 678 5397 pcrdantur
692 5325 863 5397 (quod
879 5326 1041 5397 absit)
1061 5331 1340 5399 perpetua
1361 5330 1588 5399 gaudia.
1605 5330 1763 5386 Unde
1782 5347 1880 5384 vos

240 5436 513 5491 rogamus
534 5423 592 5475 et
618 5419 973 5475 obsecramus
1000 5426 1062 5476 ut
1088 5422 1277 5477 nullus
1322 5423 1485 5477 alteri
1521 5427 1744 5491 noceat,
1776 5440 1878 5478 nc-

242 5530 353 5585 que
374 5514 637 5583 infestus,
667 5519 764 5570 aut
788 5531 999 5570 nocens
1017 5515 1237 5584 cxistat,
1253 5518 1350 5572 sed
1366 5517 1535 5588 juxta
1552 5517 1883 5588 Apostolum

245 5630 273 5656 ‹‹
304 5608 464 5662 Alter
495 5607 727 5663 alterius
755 5624 931 5664 onera
954 5614 1140 5680 portet
1166 5614 1232 5664 ut
1255 5611 1445 5683 legem
1471 5610 1678 5665 Christi
1705 5610 1883 5665 adim-

242 5701 400 5773 pleat
427 5700 570 5771 (Gal.
599 5717 673 5771 v1,
697 5701 751 5776 2)
778 5724 806 5753 »
856 5708 913 5757 et
956 5703 1136 5758 nolite
1176 5704 1435 5776 judicare
1482 5704 1747 5773 invicem,
1786 5704 1883 5759 sed

234 5796 399 5867 juxta
426 5794 693 5850 eumdem
732 5797 1059 5868 Apostolum
1090 5818 1116 5846 ‹‹
1146 5798 1251 5853 hoc
1278 5798 1528 5870 judicate
1570 5798 1777 5870 magis,
1808 5813 1882 5852 nc

240 5888 477 5961 ponatis
496 5888 903 5947 offendiculum
929 5892 1087 5947 fratri
1109 5892 1193 5948 vel
1220 5892 1548 5949 scandalum
1581 5892 1743 5963 (Rom.
1764 5908 1880 5962 xw,

1982 5141 2153 5212 elegit
2204 5145 2260 5197 ct
2311 5142 2600 5196 columnas
2656 5139 2912 5194 Ecclesiae
2962 5155 3079 5195 esse
3133 5139 3352 5209 voluit,
3409 5142 3616 5214 quibus

1982 5234 2156 5289 etiam
2197 5234 2412 5305 ligandi
2454 5236 2511 5288 et
2553 5231 2802 5287 solvendi
2840 5232 3001 5287 dedit
3028 5236 3363 5305 potestatem
3392 5252 3492 5289 suo
3516 5235 3615 5306 ju—

1980 5327 2127 5383 dicio
2165 5328 2491 5395 reservavit,
2539 5328 2761 5399 hocque
2802 5326 3169 5400 privilegium
3224 5329 3389 5385 beato
3439 5329 3610 5384 clavi-

1980 5437 2116 5493 gero
2146 5424 2309 5476 Petro
2337 5438 2439 5476 sua
2463 5421 2582 5476 vice
2602 5421 2959 5477 solummodo
2980 5422 3285 5478 commisit.
3312 5423 3467 5489 Quod
3492 5424 3615 5494 ejus

1975 5515 2127 5585 juste
2156 5514 2599 5586 praerogativum
2639 5515 2938 5571 succrescit
2979 5516 3117 5585 sedi,
3143 5516 3347 5571 futuris
3374 5516 3615 5571 haeredi-

1983 5609 2222 5663 tandum
2269 5612 2438 5679 atque
2480 5608 2796 5663 tenendum
2838 5610 3214 5681 temporibus,
3247 5610 3515 5681 quoniam
3559 5615 3615 5665 et

1980 5700 2130 5756 inter
2169 5702 2363 5757 beatos
2408 5702 2689 5773 apostolos
2735 5702 2844 5757 fuit
2886 5703 3119 5775 quidam
3157 5702 3416 5758 discretio
3450 5706 3612 5773 pote-

1982 5794 2157 5850 statis.
2207 5796 2276 5849 Et
2319 5794 2449 5851 licet
2476 5799 2812 5851 cunctorum
2856 5813 2960 5869 par
2990 5795 3191 5852 electio
3236 5795 3399 5863 foret,
3443 5794 3612 5851 beato

1982 5894 2173 5946 tamen
2215 5892 2381 5947 Petro
2423 5906 2750 5947 concessum
2806 5895 2891 5947 est
2941 5895 3002 5946 ut
3050 5888 3172 5944 aliis
3226 5888 3612 5961 prremineret,
