4058 6328
424 298 525 357 239

1312 292 1592 350 APPEND.
1631 292 1719 349 AD
1756 292 1916 348 SxEC.
1958 290 2044 346 1X.
2077 319 2145 331 -
2183 290 2427 347 ISlDORI
2464 289 2887 349 MERCATORIS

3677 287 3785 347 240

424 418 740 477 eorumque
789 416 918 475 quas
973 399 1046 457 ad
1100 400 1393 474 querelam
1441 399 1702 455 venirent
1748 415 1943 453 causas
1993 402 2052 454 et
2073 398 2346 482 Acordia
2375 404 2494 470 tua,
2538 400 2677 456 fides
2718 404 2817 456 tua
2848 417 3029 474 usque
3071 398 3145 457 ad
3185 401 3385 473 nubes,
3426 396 3644 474 justitia
3688 406 3789 457 tua

426 497 901 570 interrogationes
926 496 1238 568 prudenter
1262 494 1604 565 disponeret.
1635 491 1797 556 Quod
1826 492 1922 546 Dei
1953 508 2046 546 or-

427 593 715 649 dinatione
742 590 928 645 taliter
957 588 1283 644 ordinatum
1303 603 1420 642 esse
1439 585 1746 653 credimus,
1762 602 1832 639 ne
1854 601 2051 640 omnes

425 690 784 759 posterorum
850 686 1051 738 cuncta
1098 681 1203 736 sibi
1254 679 1622 747 vindicarent,
1684 680 1779 734 sed
1831 695 2052 749 semper

424 780 671 852 majores
695 794 876 834 causae
904 778 1047 832 sicut
1076 777 1210 830 sunt
1238 774 1636 846 episc0porum
1667 776 1723 827 et
1762 773 2052 843 potiorum

425 890 578 930 curae
605 873 966 944 negotiorum
1004 869 1075 924 ad
1115 884 1288 923 unam
1315 867 1481 922 beati
1522 866 1795 938 principis
1824 871 2049 938 aposto-

423 969 609 1022 lorum
651 965 802 1019 Petri
841 963 1037 1018 sedem
1086 961 1442 1016 conﬂuerent
1487 963 1553 1013 ut
1588 960 1720 1013 inde
1746 959 2054 1030 suscipiant

422 1061 599 1115 tinem
622 1058 991 1129 judiciorum,
1021 1055 1175 1110 unde
1209 1058 1548 1125 acceperunt
1573 1052 1799 1107 initium
1822 1053 2050 1108 institu-

421 1154 666 1219 tionum,
697 1167 769 1206 ne
795 1150 1139 1222 quandoque
1163 1165 1197 1202 a
1232 1164 1332 1202 suo
1353 1147 1738 1218 discreparent
1766 1147 1965 1219 capite.
1998 1146 2054 1202 Si

421 1262 555 1300 vero
581 1262 639 1300 se
666 1244 869 1299 viderit
897 1242 1194 1315 quisquam
1226 1244 1476 1295 vestrum
1505 1239 1868 1311 praegravari,
1909 1241 2052 1295 hanc

423 1340 617 1395 sedem
643 1337 907 1408 appellet,
956 1337 1067 1391 huc
1112 1339 1386 1400 recurrat,
1439 1336 1500 1387 ut
1545 1350 1768 1404 semper
1800 1333 2054 1389 instituta

424 1434 531 1490 fuit
555 1430 926 1497 consuetudo,
950 1427 1084 1501 quia
1109 1432 1167 1483 et
1194 1427 1510 1483 voluntarie
1538 1426 1619 1481 eis
1645 1426 2054 1497 compatiemur

424 1532 483 1583 et
505 1528 749 1582 libenter
774 1527 947 1595 prout
979 1522 1251 1576 Dominus
1285 1520 1505 1576 dederit
1531 1520 1940 1575 adminiculum
1970 1520 2050 1576 fe-

424 1628 634 1677 remUs.
649 1620 757 1674 Nec
779 1635 812 1672 a
836 1615 1381 1690 quoquam,fratres,
1396 1613 1722 1669 inhibeatur
1745 1618 1843 1669 aut
1861 1614 2050 1685 objur-

426 1723 596 1792 getur
614 1717 711 1789 qui
730 1719 935 1771 nostrae
957 1730 1187 1769 consors
1208 1711 1624 1768 communionis
1643 1728 1765 1767 esse
1793 1711 2052 1780 voluerit,

2150 493 2532 550 sicutmoutes
2543 495 2661 560 Dei,
2672 495 2888 566 judicia
2902 499 3001 552 tua
3010 496 3278 569 abyssum
3292 497 3495 552 multa.
3512 495 3786 552 Homines

2152 593 2209 643 et
2247 588 2513 658 jumenta
2550 590 2727 645 salvos
2765 589 2954 660 facies,
3001 586 3258 659 Domine,
3309 607 3483 663 quam
3536 590 3787 662 pretiosa

2151 681 2544 737 misericordia
2577 685 2691 753 tua,
2724 685 2888 739 Deus.
2935 685 3003 739 Et
3030 685 3134 739 ﬁlii
3149 685 3327 740 Adam
3353 686 3414 740 in
3450 685 3655 740 umbra
3673 684 3789 738 ala-

2151 792 2279 830 rum
2294 781 2525 831 tuarum
2539 777 2871 847 sperabunt.
2887 778 3330 834 Inebriabuntur
3347 778 3417 833 de
3436 777 3785 850 pinguedine

2153 870 2353 926 domus
2392 874 2506 925 tuae
2546 874 2603 924 et
2644 873 2899 927 torrente
2928 871 3259 928 deliciarum
3303 878 3534 928 tuarum
3566 871 3784 942 potabis

2154 981 2271 1020 eos.
2303 963 2583 1030 Quoniam
2611 969 2801 1020 tecum
2826 970 2910 1021 est
2943 967 3069 1021 fons
3093 967 3241 1035 vitae,
3265 970 3323 1023 et
3355 967 3415 1022 in
3440 966 3661 1022 lumine
3685 970 3784 1021 tuo

2152 1058 2466 1113 videbimus
2481 1058 2696 1113 lumen.
2716 1059 2950 1115 Attrahe
2968 1060 3408 1134 misericordiam
3427 1066 3587 1116 tuam
3609 1061 3786 1116 scien-

2152 1151 2304 1206 tibus
2331 1154 2403 1221 te,
2430 1156 2487 1206 et
2505 1151 2786 1222 justitiam
2810 1157 2969 1208 tuam
2998 1154 3165 1209 rectis
3209 1155 3401 1210 corde.
3433 1155 3555 1209 Non
3592 1154 3786 1209 veniat

2154 1244 2295 1299 mihi
2323 1262 2425 1317 pes
2450 1245 2749 1317 superbiae,
2765 1251 2820 1301 et
2840 1263 3041 1301 manus
3055 1248 3364 1319 impiorum
3385 1265 3501 1303 non
3521 1265 3616 1303 me
3635 1265 3786 1304 com-

2152 1342 2402 1408 moveat,
2445 1338 2524 1393 ibi
2567 1339 2894 1395 ceciderunt
2939 1344 3241 1412 operantes
3287 1342 3665 1413 iniquitatem,
3698 1359 3787 1396 ex-

2154 1431 2301 1503 pulsi
2329 1437 2462 1487 sunt
2487 1436 2543 1487 et
2567 1448 2685 1487 non
2712 1438 3027 1504 potuerunt
3068 1452 3305 1506 surgere
3353 1438 3516 1506 (Psal.
3560 1452 3731 1503 xxxv,
3754 1438 3787 1491 2

2154 1530 2204 1580 et
2227 1526 2382 1597 seq.).
2416 1548 2442 1575 »
2471 1526 2800 1582 Audivimus
2833 1546 2867 1582 a
2907 1529 3249 1600 quibusdam
3284 1530 3552 1585 fratribus
3581 1530 3788 1601 quibus

2153 1620 2345 1674 infesti
2384 1620 2553 1675 eratis
2593 1621 2767 1675 nimis
2810 1623 2965 1693 quod
3002 1623 3195 1694 jurgia
3236 1629 3292 1679 et
3331 1623 3627 1678 discordias
3672 1624 3789 1678 sint

2153 1711 2305 1768 inter
2349 1730 2467 1769 vos.
2524 1716 2825 1785 Propterea
2873 1716 2980 1771 ista
3025 1716 3354 1787 scripsimus
3404 1717 3564 1772 vobis
3618 1734 3783 1772 man-

426 1780 484 1868 ξι
510 1780 697 1882 magis
729 1810 780 1866 ei
804 1807 1067 1863 veniendi
1095 1805 1375 1861 auxilium
1410 1809 1661 1877 praestet,
1690 1805 1821 1876 quia
1850 1780 2132 1859 sufﬁcitB
2155 1805 2355 1862 dantes
2406 1812 2467 1863 ut
2505 1807 2581 1862 ita
2622 1780 2857 1863 teneatis
2906 1809 3051 1882 sicut
3093 1780 3154 1865 et
3190 1811 3261 1865 ab
3299 1812 3612 1882 apostolica
3654 1811 3789 1866 sede

427 1904 733 1977 unicuique
775 1901 1097 1973 objurgatio
1141 1916 1269 1972 quae
1311 1899 1377 1954 ﬁt
1421 1916 1455 1952 a
1491 1898 1767 1970 plurimis,
1793 1902 1860 1953 ut
1898 1898 2058 1970 juxta

358 2036 377 2042 -
424 1998 754 2071 Apostolum
783 2016 811 2049 (ί
836 1995 1019 2066 magis
1045 1993 1269 2049 donetis
1299 1996 1355 2048 et
1389 1993 1780 2060 consolemini,
1813 2008 1885 2047 ne
1912 1992 2058 2048 forte

425 2089 828 2149 abundantiori
872 2087 1101 2145 tristitia
1143 2086 1511 2143 absorbeatur
1553 2086 1654 2158 qui
1696 2086 1757 2141 in
1797 2085 2060 2158 angustia

425 2191 526 2242 est.
550 2186 790 2256 Propter
827 2181 980 2254 quod
1021 2181 1250 2237 obsecro
1288 2196 1404 2248 vos,
1435 2183 1503 2235 ut
1542 2179 1665 2252 ipse
1692 2178 1791 2248 ait,
1824 2182 1890 2233 ut
1931 2195 2058 2234 con-

426 2277 669 2335 ﬁrmatis
706 2277 767 2333 in
796 2277 893 2331 illo
932 2275 1283 2330 charitatem.
1314 2294 1343 2324 »
1389 2273 1469 2345 (II
1494 2275 1615 2333 Cor.
1647 2290 1707 2341 ιι,
1735 2273 1809 2343 7.)
1850 2272 2058 2327 Eorum

427 2373 583 2429 enim
608 2388 671 2427 os
694 2369 1000 2427 accusandi
1026 2368 1341 2423 sacerdotes
1379 2367 1468 2423 vel
1508 2365 1846 2422 testiﬁcandi
1877 2365 1936 2420 in
1964 2381 2058 2421 eos

426 2465 793 2535 obstruimus,
821 2480 966 2536 quos
994 2478 1112 2517 non
1142 2459 1427 2528 humanis,
1458 2460 1556 2516 sed
1600 2459 1801 2515 divinis
1827 2458 2058 2515 vocibus

423 2564 676 2617 mortuos
706 2574 826 2614 esse
856 2557 1082 2625 scimus,
1116 2555 1387 2627 quoniam
1414 2554 1661 2610 inﬁdelis
1686 2554 1861 2608 homo
1899 2569 2054 2608 mor-

424 2659 557 2710 tuus
588 2657 673 2709 est
698 2653 759 2708 in
794 2666 1032 2723 corpore
1061 2649 1304 2717 vivente,
1337 2665 1442 2705 nec
1470 2649 1530 2703 in
1558 2647 1931 2719 suspicionem
1962 2662 2057 2700 ve-

424 2748 546 2803 niat
572 2747 751 2803 homo
779 2744 980 2814 ﬁdelis,
1009 2746 1075 2798 ut
1119 2743 1269 2797 dicat
1311 2747 1409 2797 aut
1447 2741 1617 2797 faciat
1659 2757 1727 2796 ea
1772 2756 1901 2811 qum
1943 2738 2061 2811 pati

424 2858 543 2898 non
566 2840 706 2895 vult.
740 2839 795 2895 Si
820 2837 947 2910 quis
976 2835 1156 2893 ﬁdelis
1182 2840 1265 2891 est
1291 2834 1477 2890 videat
1508 2851 1579 2889 ne
1605 2835 1744 2891 falsa
1772 2837 2057 2908 loquatur,

428 2940 528 2991 aut
552 2933 819 3005 cuiquam
847 2930 1083 2986 insidias
1112 2933 1308 3001 ponat.
1352 2928 1532 2984 Facile
1578 2931 1664 2983 est
1707 2946 1843 3001 ergo
1874 2931 2058 2986 homi-

427 3044 560 3086 nem
591 3026 806 3092 fallere,
833 3041 950 3080 non
978 3028 1172 3079 tamen
1210 3023 1413 3077 Deum.
1452 3021 1684 3093 Sapiens
1710 3039 1825 3077 non
1854 3028 1937 3079 est
1961 3025 2061 3096 qui

426 3125 617 3178 nocet.
650 3121 718 3176 Et
739 3118 885 3174 nihil
913 3117 1051 3174 mali
1079 3116 1199 3172 vult
1225 3115 1323 3188 qui
1346 3118 1428 3170 est
1452 3115 1655 3184 ﬁdelis,
1686 3117 1747 3172 in
1790 3117 1878 3172 his
1905 3118 2059 3173 enim

432 3215 662 3270 ﬁdelem
687 3219 742 3269 et
762 3212 1051 3268 inﬁdelem
1088 3210 1381 3266 hominem
1406 3226 1740 3281 cognoscere
1764 3228 2062 3283 possumus

430 3311 489 3366 in
515 3307 774 3365 nocendo
814 3311 870 3363 et
903 3305 1241 3377 adjuvando,
1265 3308 1327 3359 ut
1354 3305 1474 3375 ipsa
1500 3304 1715 3360 Veritas
1740 3304 1820 3360 ait
1847 3324 1863 3361 :
1898 3326 1926 3356 ‹‹
1956 3307 2059 3360 Βο-

428 3420 537 3460 nus
566 3403 738 3458 homo
767 3418 838 3456 ex
864 3400 1015 3456 bono
1041 3400 1311 3455 thesauro
1332 3397 1512 3453 cordis
1532 3398 1618 3452 sui
1644 3398 1866 3470 profert
1890 3398 2059 3469 bona,

432 3503 488 3553 et
513 3496 698 3552 malus
719 3495 892 3551 homo
922 3510 989 3550 ex
1020 3493 1171 3548 malo
1196 3492 1464 3548 thesauro
1505 3491 1689 3547 cordis
1715 3492 1802 3547 sui
1844 3492 2064 3563 profert

430 3592 597 3660 mala,
627 3607 697 3646 ex
721 3588 1066 3645 abundantia
1096 3586 1248 3642 enim
1277 3586 1463 3642 cordis
1489 3602 1550 3640 os
1574 3586 1826 3657 loquitur
1845 3587 2060 3656 (Matth.

431 3703 526 3755 xu,
567 3686 655 3753 3-5:,
698 3686 805 3753 35).
840 3705 869 3734 »
913 3683 1021 3738 Pro
1066 3680 1230 3735 nobis
1270 3679 1424 3735 enim
1469 3679 1605 3734 dicit
1645 3680 1917 3734 Dominus
1959 3697 2063 3751 per

429 3781 787 3851 prophetam.
805 3778 914 3831 Eos
940 3790 1070 3830 vero
1097 3772 1473 3844 quijudicant
1499 3789 1616 3842 vos,
1641 3788 1747 3843 ego
1769 3772 2059 3843 judicabo.

432 3875 501 3928 Et
542 3872 755 3926 iterum
798 3869 870 3923 ad
913 3883 1103 3922 servos
1144 3865 1327 3920 dixit:
1358 3865 1543 3919 Nolite
1604 3865 1805 3919 timere
1850 3882 2060 3936 oppro-

431 3966 623 4022 brium
643 3962 945 4019 hominum
971 3964 1027 4016 et
1048 3958 1427 4031 blasphemias
1447 3974 1649 4014 eorum
1674 3974 1746 4014 ne
1771 3960 2060 4016 metuatis.

435 4061 511 4115 De
540 4058 744 4114 talibus
773 4070 1001 4127 quoque
1028 4053 1307 4124 propheta
1327 4052 1496 4122 canit,
1519 4051 1713 4107 dicens
1746 4068 1758 4107 :
1791 4074 1818 4103 «
1842 4054 1962 4108 Non
1988 4054 2064 4109 sic

437 4152 617 4225 impii,
659 4151 759 4205 sed
806 4155 1080 4220 tanquam
1124 4146 1307 4218 pulvis
1350 4162 1524 4218 quem
1572 4146 1798 4218 projicit
1840 4149 2061 4215 ventus,

439 4250 736 4318 prepterea
788 4258 903 4297 non
944 4244 1246 4311 resurgent
1295 4239 1460 4311 impii
1510 4239 1570 4294 in
1615 4239 1832 4310 judicio
1880 4256 2066 4312 neque

434 4342 754 4412 peccatores
816 4336 876 4390 in
928 4334 1370 4407 congregatione
1420 4333 1728 4405 justorum.
1782 4334 2067 4398 Quoniam

434 4435 591 4489 novit
640 4431 910 4487 Dominus
961 4429 1112 4485 viam
1158 4430 1448 4500 justorum
1491 4431 1549 4483 et
1598 4428 1708 4482 iter
1730 4426 2065 4499 impliorum

2155 1827 2355 1862 names
2407 1827 2467 1863 ut
2505 1827 2581 1862 ita
2622 1827 2857 1863 teneatis
2906 1827 2983 1863 31c
3028 1827 3051 1864 τ.
3093 1827 3149 1865 et
3190 1827 3261 1865 an
3299 1827 3612 1882 apostolica
3654 1827 3788 1866 sede

2155 1900 2310 1955 vobis
2342 1901 2590 1956 tenenda
2625 1827 3184 2051 mandauturiUnde
3220 1904 3489 1960 Dominus
3514 1904 3575 1959 in
3602 1905 3788 1959 Evan-

2159 1994 2306 2051 uelio
2346 1994 2621 2049 militibus
2665 1995 2960 2051 interroga
3026 1996 3151 2051 ibus
3199 1999 3492 2051 resnondit
3540 1998 3786 2051 dicens:

2159 1994 2306 2065 gelio
2346 1994 2621 2049 militibus
2665 1994 3151 2066 interrogan‘tibus
3199 1999 3492 2069 respondit
3540 1998 3786 2053 dicens:
3874 2068 3881 2073 _

2161 2109 2189 2139 «
2216 2088 2512 2142 Neminem
2560 2089 2889 2143 concutiatis
2931 2105 3119 2161 neque
3164 2090 3507 2145 calumniam
3553 2091 3790 2162 faciatis,

2158 2181 2256 2235 sed
2290 2181 2543 2236 contenti
2567 2184 2743 2236 estote
2780 2182 3076 2253 stipendiis
3104 2183 3300 2239 vestris
3331 2183 3479 2256 (Luc.
3510 2201 3591 2254 ιιι,
3620 2186 3725 2255 14).
3760 2205 3790 2237 ι)

2157 2274 2418 2329 Concutit
2431 2275 2585 2329 enim
2600 2275 2895 2330 hominem
2925 2276 3023 2347 qui
3049 2277 3209 2332 illum
3237 2278 3442 2349 injuste
3469 2278 3792 2348 conturbat,

2158 2368 2227 2423 de
2251 2368 2337 2422 his
2364 2368 2487 2422 haec
2511 2368 2667 2422 vobis
2697 2369 2987 2424 interdum
3011 2370 3311 2426 sufﬁciant.
3357 2371 3414 2426 Si
3451 2375 3645 2426 autem
3674 2389 3796 2427 ma-

2151 2461 2373 2533 joribus
2392 2462 2768 2533 indigueritis,
2792 2463 2907 2518 vita
2934 2464 3136 2519 comite
3161 2465 3386 2533 mittite,
3412 2468 3469 2519 et
3492 2465 3797 2520 mittentur

2157 2555 2333 2610 vobis.
2368 2557 2443 2611 De
2469 2557 2557 2610 his
2585 2573 2714 2611 vero
2741 2573 2913 2628 super
2942 2558 3147 2629 quibus
3180 2558 3467 2630 rogitastis
3498 2576 3593 2615 vos
3619 2560 3797 2614 infor-

2160 2649 2324 2719 mari,
2344 2649 2402 2703 id
2431 2652 2516 2704 est
2543 2653 2738 2704 utrum
2768 2651 2951 2721 majus
2971 2656 3115 2707 esset
3146 2658 3560 2708 sacramentum
3586 2671 3796 2708 manus

2161 2742 2236 2796 im
2244 2742 2450 2812 positio
2467 2743 2859 2815 episc0porum
2886 2748 2986 2799 aut
3012 2744 3345 2816 baptismus,
3362 2746 3555 2802 scitote
3580 2752 3799 2802 utrum-

2160 2853 2270 2907 que
2310 2853 2589 2908 magnum
2640 2853 2760 2891 esse
2817 2842 3255 2893 sacramentum.
3313 2841 3380 2894 Et
3427 2841 3572 2895 sicut
3611 2858 3797 2895 unum

2159 2946 2192 2984 a
2218 2930 2533 3001 majoribus
2557 2929 2638 2999 ﬁt,
2668 2930 2727 2984 id
2756 2934 2860 3000 est,
2890 2948 2922 2985 a
2947 2933 3186 2986 summis
3231 2933 3610 3004 pontiﬁcibus,
3640 2935 3797 3005 quod

2162 3042 2196 3078 a
2223 3023 2536 3078 minoribus
2573 3024 2768 3096 perﬁci
2794 3042 2912 3079 non
2942 3031 3151 3097 potest,
3194 3026 3275 3081 ita
3311 3032 3368 3082 et
3402 3028 3604 3099 majori
3629 3045 3796 3083 vene-

2161 3117 2382 3173 ratione
2409 3118 2801 3173 venerandum
2842 3123 2899 3173 et
2930 3120 3241 3175 tenendum
3282 3124 3384 3188 est,
3436 3122 3534 3176 sed
3563 3122 3641 3177 ita
3666 3140 3799 3177 con-

2154 3211 2354 3283 juncta
2375 3215 2506 3265 sunt
2533 3211 2654 3266 haec
2681 3212 2791 3266 duo
2821 3216 3195 3282 sacramenta,
3222 3217 3287 3268 ut
3314 3215 3385 3268 ab
3415 3215 3658 3270 invicem
3687 3216 3798 3271 nisi

2162 3309 2344 3359 morte
2382 3304 2760 3375 praeveniente
2791 3306 3111 3361 nullatenus
3148 3308 3369 3379 possint
3398 3310 3710 3381 segregari,
3739 3316 3798 3366 et

2161 3414 2345 3453 unum
2375 3398 2498 3453 sine
2527 3400 2707 3453 altero
2730 3399 2836 3454 rite
2864 3400 3056 3471 perﬁci
3074 3418 3188 3456 non
3214 3406 3416 3471 potest.
3445 3403 3585 3457 Nam
3616 3420 3795 3457 unum

2162 3492 2548 3563 praeveniente
2575 3495 2758 3548 morte
2785 3494 2996 3548 salvare
3030 3495 3150 3548 sine
3191 3496 3366 3549 altero
3410 3499 3612 3567 potest,
3642 3497 3798 3551 aliud

2164 3589 2356 3641 autem
2386 3602 2499 3640 non
2546 3590 2747 3657 potest.
2778 3587 2940 3642 Unde
2984 3588 3257 3660 scriptum
3291 3595 3374 3643 est
3409 3606 3421 3643 :
3453 3611 3481 3639 (ε
3512 3591 3572 3644 ln
3598 3590 3798 3644 diebus

2163 3678 2271 3733 illis
2295 3679 2429 3734 dicit
2454 3680 2722 3733 Dominus
2749 3699 2762 3735 :
2793 3679 3094 3735 Effundam
3123 3682 3192 3736 de
3228 3682 3440 3752 Spiritu
3466 3700 3596 3738 meo
3626 3700 3800 3755 super

2163 3790 2397 3827 omnem
2428 3789 2656 3827 carnem
2685 3773 2830 3842 (Joel.
2862 3791 2922 3843 ιι,
2954 3778 3062 3845 28).
3093 3796 3121 3824 ››
3149 3776 3517 3832 Advertamus
3546 3793 3800 3831 summas

2164 3866 2381 3922 divitias
2405 3867 2674 3921 bonitatis
2700 3867 2820 3922 Dei.
2841 3869 3000 3931 Quod
3027 3868 3086 3922 in
3113 3869 3516 3924 conﬁrmandis
3546 3871 3799 3941 neophy-

2163 3961 2230 4015 lis
2259 3977 2465 4015 manus
2509 3960 2801 4032 impositio
2841 3961 3040 4016 tribuit
3086 3963 3346 4035 singulis,
3377 3964 3485 4018 hoc
3513 3968 3650 4018 tunc
3675 3964 3801 4036 Spi-

2162 4055 2305 4109 ritus
2333 4055 2505 4109 sancti
2525 4055 2815 4110 descensio
2835 4055 2892 4110 in
2915 4056 3271 4111 credentium
3300 4057 3534 4129 populos
3564 4058 3803 4113 donavit

2157 4148 2457 4205 universis.
2488 4148 2598 4203 Sed
2623 4148 2758 4219 quia
2789 4148 3030 4205 dicimus
3056 4150 3207 4221 quod
3253 4168 3457 4205 manus
3482 4151 3800 4222 impositio,

2164 4246 2221 4296 et
2250 4242 2623 4309 conﬁrmatio,
2657 4245 2711 4297 et
2738 4242 2835 4313 qui
2848 4242 2973 4314 jam
2992 4249 3361 4314 regeneratus
3386 4244 3444 4299 in
3471 4245 3692 4301 Christo
3716 4251 3803 4301 est

2165 4335 2499 4391 conﬁrmare
2536 4335 2749 4407 aliquid
2775 4336 2968 4408 possit,
2995 4337 3143 4391 forte
3172 4338 3383 4409 cogitat
3410 4338 3513 4393 sibi
3553 4338 3796 4410 aliquis:

2165 4428 2310 4494 Quid
2339 4429 2485 4484 mihi
2519 4429 2747 4500 prodest
2772 4437 2901 4502 post
2942 4431 3277 4502 mysterium
3305 4432 3656 4504 baptismatis
3681 4449 3802 4505 my-

436 4528 644 4601 peribit
673 4526 836 4597 (Psal.
865 4542 904 4593 1,
933 4526 966 4579 4
992 4529 1042 4580 et
1067 4523 1221 4595 seq.).
1243 4544 1270 4573 »
1297 4522 1531 4586 «Quare
1551 4521 1902 4576 conturbatae
1938 4522 2147 4597 suntD
2171 4524 2406 4578 sterium
2462 4523 2947 4580 conﬁrmationis?
2992 4529 3102 4581 Aut
3151 4528 3432 4596 quantum
3476 4526 3640 4581 video
3688 4543 3805 4581 non

437 4629 651 4694 gentes,
685 4627 742 4677 et
776 4620 969 4693 plebes
998 4616 1433 4673 meditabuntur
1462 4615 1689 4670 inania?
1712 4617 2071 4688 Consurgent

436 4734 594 4788 rcges
627 4720 813 4783 terrm,
842 4718 898 4769 et
926 4712 1209 4785 principes
1228 4711 1548 4767 tractabunt
1568 4709 1780 4780 pariter
1804 4710 2071 4765 adversus
2104 4740 2110 4744 -

436 4810 736 4866 Dominum
763 4812 819 4862 et
846 4808 1110 4862 adversus
1143 4804 1432 4861 Christum
1466 4802 1604 4874 ejus.
1643 4802 2071 4875 Disrumpamus

434 4903 658 4958 vincula
700 4918 917 4970 eorum,
965 4905 1021 4955 et
1068 4898 1434 4970 projiciamus
1475 4913 1509 4949 a
1550 4896 1711 4951 nobis
1745 4896 1952 4968 jugum
1978 4899 2067 4969 ip-

436 5013 652 5052 sorum.
683 4994 970 5049 Habitator
1013 4994 1139 5048 coeli
1182 4990 1406 5057 ridebit,
1441 4994 1497 5045 et
1526 4990 1801 5045 Dominus
1843 4991 2070 5045 subsan-

435 5089 599 5144 nabit
641 5105 755 5141 eos.
802 5087 955 5142 Tunc
993 5088 1256 5158 loquetur
1298 5084 1367 5139 ad
1413 5100 1505 5138 eos
1537 5083 1596 5137 in
1633 5083 1718 5138 ira
1757 5100 1879 5151 sua,
1917 5086 1974 5137 et
2009 5083 2071 5139 in

436 5184 631 5237 furore
668 5198 767 5235 suo
793 5180 1152 5236 conturbabit
1185 5196 1282 5234 eos
1321 5179 1483 5249 (Psal.
1508 5194 1567 5245 ιι,
1600 5183 1620 5233 1
1665 5182 1715 5232 et
1751 5177 1949 5249 seq.).»
2003 5178 2072 5232 Et

437 5275 571 5330 alibi
600 5274 777 5329 dixit:
804 5297 831 5324 «
850 5274 1037 5330 Scelus
1066 5274 1227 5345 impii
1252 5273 1311 5327 in
1338 5272 1530 5327 medio
1557 5272 1741 5326 cordis
1786 5271 1927 5342 ejus,
1957 5287 2071 5325 non

436 5372 517 5424 est
544 5368 717 5423 timor
742 5368 845 5424 Dei
872 5373 1006 5424 ante
1032 5369 1219 5423 oculos
1248 5366 1370 5437 ejus
1392 5367 1557 5437 (Psal.
1588 5365 1789 5435 xui,3).
1810 5386 1837 5415 »
1869 5386 1895 5414 «
1918 5365 2066 5428 Quo-

434 5463 593 5518 niam
637 5463 829 5519 dolose
873 5463 993 5534 egit
1029 5462 1296 5516 adversus
1337 5476 1470 5514 eum
1513 5460 1575 5514 in
1620 5459 1794 5514 oculis
1838 5458 1978 5529 ejus,
2011 5463 2071 5513 ut

435 5556 715 5613 inveniret
734 5556 1097 5628 iniquitatem
1123 5553 1193 5608 ad
1223 5552 1438 5607 odium.
1466 5553 1644 5607 Verba
1671 5553 1781 5607 oris
1807 5553 1927 5624 ejus
1956 5552 2066 5607 ini-

433 5651 620 5725 quitas
648 5656 704 5708 et
733 5652 913 5717 dolus,
946 5647 1178 5725 cessavit
1203 5645 1447 5717 cogitare
1478 5651 1539 5701 ut
1562 5647 1932 5702 benefaceret.
1962 5647 2070 5704 Ini-

432 5746 705 5818 quitatem
756 5744 968 5815 cogitat
1010 5742 1068 5796 in
1113 5740 1285 5796 cubili
1328 5758 1448 5809 suo,
1494 5740 1666 5795 stabit
1708 5741 1765 5795 in
1815 5742 1902 5795 via
1955 5758 2069 5796 non

433 5839 600 5893 bona.
637 5841 847 5893 malum
895 5854 1006 5892 non
1036 5835 1280 5908 abjiciet.
1318 5836 1574 5903 Domine,
1607 5835 1661 5889 in
1688 5837 1825 5891 coelo
1854 5835 2071 5891 miseri-

2170 4620 2352 4671 totum
2382 4616 2451 4672 de
2471 4616 2628 4672 fonte
2650 4617 3020 4690 suscepimus,
3040 4618 3084 4672 si
3103 4623 3227 4690 post
3244 4621 3463 4674 fontem
3486 4619 3803 4691 adjectione

2170 4710 2302 4765 novi
2328 4712 2552 4782 generis
2577 4711 2921 4783 indigemus.
2957 4713 3078 4767 Non
3107 4713 3202 4781 ita,
3237 4712 3606 4781 dilectissimi,
3630 4718 3808 4769 atten-

2173 4804 2271 4858 dat
2299 4804 2546 4859 charitas
2573 4808 2778 4860 vestra.
2828 4806 2985 4860 Sicut
3032 4806 3208 4878 exigit
3246 4806 3505 4861 militaris
3545 4807 3684 4862 ordo
3722 4812 3801 4875 ut,

2172 4914 2301 4971 cum
2341 4897 2654 4970 imperator
2694 4915 3095 4971 quemcunque
3140 4900 3198 4954 in
3240 4900 3490 4955 militum
3525 4902 3808 4972 receperit

2169 5007 2495 5062 numerum,
2538 5009 2654 5047 non
2696 4993 2880 5047 solum
2916 4992 3103 5063 signet
3130 4997 3449 5065 receptum,
3495 4994 3592 5049 sed
3629 4996 3802 5049 etiam

2169 5085 2341 5139 armis
2385 5086 2840 5157 competentibus
2884 5086 3125 5143 instruat
3171 5092 3587 5160 pugnaturum;
3636 5088 3719 5143 ita
3745 5089 3804 5142 in

2170 5178 2454 5250 baptizato
2482 5180 2796 5235 benedictio
2843 5180 2937 5234 illa
2977 5180 3218 5235 munitio
3267 5186 3368 5236 est.
3416 5181 3631 5236 Dedisti
3660 5182 3806 5236 mili-

2170 5277 2305 5339 tem,
2336 5273 2407 5327 da
2428 5273 2477 5327 ei
2504 5274 2902 5344 adjumentum
2949 5274 3186 5328 militiae.
3235 5275 3504 5347 Nunquid
3549 5275 3803 5345 prodest,

2171 5366 2217 5418 si
2244 5366 2547 5438 quisquam
2574 5370 2875 5437 parentum
2908 5382 3182 5438 magnam
3211 5368 3431 5439 pupillo
3460 5368 3711 5423 conferat
3729 5371 3807 5424 fa-

2171 5460 2456 5527 cultatem,
2486 5459 2590 5514 nisi
2615 5460 2913 5531 providere
2946 5462 3168 5516 studeat
3199 5465 3254 5515 et
3280 5464 3566 5517 tutorem?
3611 5464 3807 5534 Itaque

2168 5554 2486 5607 Paracletus
2511 5555 2859 5624 regeneratis
2907 5554 2964 5609 in
3004 5555 3223 5609 Christo
3266 5561 3472 5623 custos,
3513 5561 3569 5610 et
3609 5573 3809 5612 conso-

2168 5647 2316 5701 lator
2343 5652 2400 5702 et
2433 5652 2587 5703 tutor
2617 5653 2716 5703 est.
2758 5648 2893 5703 ldeo
2941 5648 3078 5703 dicit
3118 5666 3305 5704 sermo
3352 5650 3610 5704 divinus:
3637 5651 3809 5705 «Nisi

2170 5740 2442 5796 Dominus
2491 5742 2820 5798 custodierit
2872 5741 3162 5798 civitatem
3211 5744 3422 5798 frustra
3466 5742 3662 5814 vigilat
3702 5746 3805 5816 qui

2170 5835 2412 5889 custodit.
2456 5852 2579 5889 eam
2626 5835 2794 5893 (Psal.
2838 5852 3015 5903 cxxv1,
3053 5836 3119 5905 1).
3144 5860 3168 5886 ››
3201 5838 3347 5908 Ergo
3393 5837 3636 5909 Spiritus
3678 5855 3808 5893 san-
