4058 6342
205 365 300 426 2-H

1441 375 1816 437 DECRETAL]
1823 381 1914 439 [ΞΜ
1950 383 2334 442 COLLECTIO.

3457 377 3560 435 242

200 483 344 578 ctus,
378 477 476 578 qui
512 494 680 578 super
707 495 882 578 aquas
907 477 1170 578 baptismi
1211 485 1502 543 salutifero
1541 488 1834 546 descendit
1851 504 1910 578 Α
1931 493 2084 550 enim
2109 494 2170 550 in
2194 495 2476 568 baptismo
2493 493 2552 550 in
2573 511 2686 568 quo
2705 491 3085 551 resurrexistis
3109 509 3214 566 per
3237 487 3410 549 ﬁdem
3431 493 3565 563 epe-

199 573 430 645 illapsu,
459 575 518 628 in
547 573 704 630 fonte
735 576 1218 646 pulchritudinem
1237 579 1434 636 tribuit
1461 583 1535 636 ad
1563 582 1831 640 innocen-

197 667 363 734 tiam,
393 668 450 722 in
476 669 910 724 conﬁrmatione
935 677 1312 742 augmentum
1343 681 1572 745 praestat
1599 677 1672 731 ad
1699 695 1827 748 gra-

197 761 363 828 tiam,
399 761 532 832 quia
562 761 620 816 in
651 763 759 816 hoc
795 765 1011 818 mundo
1061 768 1179 820 tota
1209 771 1372 822 astate
1418 769 1648 824 victuris
1684 771 1832 825 inter

197 854 512 909 invisibiles
565 856 753 910 hostes
798 860 854 911 et
901 857 1146 926 pericula
1189 861 1562 930 gradiendum
1609 870 1724 931 est,
1773 865 1832 919 in

199 947 480 1018 baptismo
506 965 920 1022 regeneramur
959 951 1031 1005 ad
1074 951 1268 1022 vitam,
1319 959 1448 1026 post
1486 956 1832 1026 baptismum

199 1043 611 1096 conﬁrmamur
627 1043 696 1098 ad
713 1060 984 1114 pugnam.
1004 1045 1063 1098 In
1081 1045 1362 1116 baptismo
1389 1049 1692 1116 abluimur,
1709 1057 1834 1120 post

197 1135 554 1206 baptismum
597 1136 957 1204 roboramur,
995 1143 1054 1192 at
1094 1139 1140 1194 si
1189 1141 1458 1196 continuo
1511 1143 1831 1199 transituris

197 1229 490 1284 sufﬁciant
505 1231 954 1300 regenerationis
967 1231 1264 1298 beneﬁcia,
1280 1235 1508 1290 victuris
1529 1239 1720 1291 tamen
1740 1253 1834 1292 ne-

197 1323 444 1378 cessaria
467 1327 602 1378 sunt
621 1324 1069 1381 confirmationis
1085 1327 1316 1382 auxilia.
1334 1329 1715 1400 Regeneratio
1731 1345 1833 1401 per

199 1433 256 1470 se
272 1417 454 1470 salvat
469 1433 600 1471 mox
615 1417 674 1471 in
695 1433 834 1488 pace
851 1418 1006 1473 beati
1030 1421 1222 1475 saeculi
1235 1419 1611 1492 recipiendos,
1631 1423 1831 1478 conﬁr-

199 1510 380 1564 matio
391 1515 584 1564 autem
597 1514 786 1565 armat
805 1515 863 1567 et
878 1511 1108 1567 instruit
1127 1513 1196 1568 ad
1220 1530 1430 1584 agones
1449 1516 1648 1571 mundi
1665 1517 1833 1588 hujus

199 1607 256 1658 et
265 1603 467 1675 praelia
475 1604 866 1659 reservandus.
876 1605 919 1669 Q
929 1605 982 1659 ui
993 1609 1184 1661 autem
1199 1613 1322 1677 post
1335 1608 1688 1680 baptismum
1700 1627 1831 1665 eum

199 1696 478 1768 acquisita
511 1696 838 1752 innocentia
873 1699 1274 1755 immaculatus
1307 1702 1564 1772 pervenit
1588 1703 1662 1757 ad
1685 1720 1834 1759 mor-

203 1795 318 1844 tem
344 1790 720 1846 conﬁrmatur
738 1793 946 1860 morte,
965 1792 1098 1863 quia
1113 1810 1227 1848 non
1248 1799 1434 1865 potest
1452 1813 1686 1867 peccare
1705 1801 1834 1868 post

1929 589 2168 644 rationis
2207 590 2325 656 Dei,
2356 590 2450 661 qui
2491 589 2776 645 suscitavit
2811 590 2970 643 illum
2997 607 3030 644 a
3055 589 3314 644 mortuis.
3349 589 3415 643 Et
3438 603 3556 652 vos,

1933 701 2061 738 cum
2108 685 2320 738 mortui
2364 685 2558 738 essetis
2602 685 2660 738 in
2699 684 2918 739 delictis
2963 689 3019 738 et
3063 683 3344 755 praeputio
3373 680 3561 736 carnis

1930 781 2154 842 vestrae,
2189 777 2598 832 conviviﬁcavit
2628 795 2758 832 cum
2785 778 2901 844 illo,
2934 778 3152 832 donans
3181 777 3336 830 vobis
3367 775 3561 829 omnia

1933 870 2152 938 delicta,
2182 871 2376 925 delens
2420 872 2576 942 quod
2606 871 2910 926 adversum
2959 888 3057 926 vos
3099 875 3221 924 erat
3267 871 3558 938 chirogra-

1931 964 2110 1033 phum
2138 965 2540 1035 decreti,quod
2567 969 2687 1018 erat
2713 965 3060 1020 contrarium
3087 965 3268 1030 nobis,
3297 967 3355 1017 et
3373 962 3559 1032 ipsum

1933 1057 2064 1110 tulit
2110 1057 2180 1110 de
2219 1058 2406 1112 medio
2456 1062 2512 1112 et
2557 1059 2794 1129 afﬁgens
2837 1060 2973 1114 illud
3023 1060 3196 1122 cruci,
3239 1055 3557 1128 exspolians

1930 1149 2276 1220 principatus
2314 1154 2372 1204 et
2407 1155 2730 1222 potestates,
2767 1154 3015 1208 traduxit
3049 1151 3418 1222 eq‘ntidenter,
3457 1166 3554 1220 pa-

1931 1169 2276 1220 pl‘lnClpaulS
2314 1169 2372 1204 et
2407 1169 2730 1222 ponesrates,
2767 1169 3015 1208 traduxit
3049 1169 3076 1206 e
3117 1169 3418 1216 nnuemer,
3457 1169 3554 1220 pa-

1931 1243 2043 1296 lam
2073 1243 2434 1314 triumphans
2477 1245 2601 1298 illos
2639 1245 2696 1298 in
2737 1169 3268 1391 semetipsafemo
3297 1259 3433 1314 ergo
3459 1258 3557 1296 vos

1931 1335 2145 1391 iudicet
2181 1337 2239 1390 in
2278 1336 2405 1391 cibo
2466 1341 2523 1391 et
2563 1341 2721 1391 notu.
2749 1345 2846 1391 aut
2873 1338 2934 1391 in
2963 1355 3064 1391 nar
3091 1355 3120 1391 e
3147 1337 3258 1391 diei
3283 1337 3428 1391 festi.
3458 1339 3557 1390 aut

1925 1335 2145 1405 judicet
2181 1337 2239 1390 in
2278 1336 2405 1391 cibo
2466 1341 2523 1391 et
2563 1341 2721 1408 potu,
2749 1345 2846 1392 aut
2873 1338 2934 1392 in
2963 1335 3120 1408 parte
3147 1337 3258 1392 diei
3283 1337 3428 1402 festi,
3458 1339 3559 1390 aut

1931 1430 2268 1496 neomenim,
2310 1436 2408 1486 aut
2443 1430 2832 1498 sabbatorum,
2865 1447 2993 1503 quae
3020 1434 3153 1485 sunt
3181 1431 3384 1484 umbra
3410 1431 3558 1484 futu-

1932 1535 2152 1586 rorum,
2197 1535 2398 1589 corpus
2439 1525 2630 1574 autem
2673 1521 2903 1576 Christi.
2949 1521 3127 1574 Nemo
3169 1537 3264 1574 vos
3299 1521 3556 1585 seducat,

1931 1608 2121 1662 volens
2137 1608 2194 1662 in
2215 1609 2538 1665 humilitate
2559 1613 2616 1664 et
2636 1610 2914 1680 religione
2933 1610 3270 1679 angelorum
3293 1625 3420 1680 qua:
3439 1625 3557 1662 non

1931 1700 2089 1768 vidit,
2117 1702 2414 1757 ambulans
2455 1703 2683 1771 frustra,
2728 1704 2958 1758 inﬂatus
3000 1720 3169 1758 sensu
3205 1703 3392 1756 carnis
3417 1717 3556 1762 suae,

1933 1797 1988 1848 et
2033 1812 2152 1850 non
2207 1800 2408 1852 tenens
2461 1801 2630 1868 caput
2679 1813 2750 1852 ex
2806 1815 2918 1868 quo
2969 1801 3154 1852 totum
3198 1813 3403 1867 corpus
3457 1811 3560 1866 per

199 1883 576 1939 mortem.Hic
589 1883 632 1937 si
645 1884 940 1940 forteillud
954 1885 1124 1941 etiam
1137 1888 1428 1958 requirere
1443 1887 1834 1962 velimus,post
1852 1879 1908 1952 Β
1932 1905 2164 1958 nexum,
2201 1893 2257 1944 et
2284 1890 2748 1960 conjunctionem
2791 1890 3281 1945 subminist'ratum
3324 1895 3381 1944 et
3421 1905 3558 1944 con-

199 1977 532 2048 passionem
559 1984 616 2032 et
640 1978 1113 2034 resurrectionem
1141 1981 1366 2050 Christi,
1402 1983 1540 2054 quid
1567 1985 1835 2055 apostolis

198 2075 482 2146 profuerit
512 2076 790 2130 adventus
813 2075 1057 2146 Spiritus
1081 2080 1282 2148 sancti,
1307 2080 1426 2150 ipse
1449 2082 1730 2136 Dominus
1754 2083 1835 2136 eis

199 2169 498 2224 evidenter
526 2169 778 2239 exponit.
811 2192 838 2218 «
859 2170 994 2232 Quae
1021 2171 1169 2239 dico,
1189 2172 1392 2244 inquit,
1409 2175 1569 2228 vobis
1591 2192 1704 2229 non
1729 2193 1831 2246 po-

200 2262 358 2316 testis
372 2279 440 2315 ea
451 2265 680 2333 portare
693 2262 884 2330 modo,
899 2279 1028 2318 cum
1047 2269 1239 2319 autem
1251 2267 1469 2321 venerit
1484 2267 1578 2322 ille
1596 2269 1836 2338 Spiritus

199 2355 476 2424 veritatis,
513 2357 632 2426 ipse
662 2356 886 2412 docebit
916 2373 1152 2412 omnem
1188 2359 1484 2414 veritatem
1513 2360 1687 2431 (Joan.
1716 2379 1831 2430 xvr,

205 2453 267 2503 12
291 2455 342 2502 et
375 2448 526 2519 13).»
573 2449 738 2504 Vides
765 2450 896 2521 quia
929 2467 1059 2504 cum
1088 2451 1328 2522 Spiritus
1373 2457 1603 2509 sanctus
1640 2455 1830 2510 infun-

201 2541 374 2608 ditur,
401 2558 504 2596 cor
525 2541 692 2596 ﬁdele
716 2542 789 2596 ad
817 2544 1178 2612 prudentiam
1205 2549 1263 2599 et
1289 2548 1662 2602 constantiam
1693 2549 1832 2604 dila-

201 2639 376 2690 tatur.
393 2637 588 2706 Itaque
605 2640 734 2690 ante
753 2636 1181 2692 descensionem
1201 2639 1441 2710 Spiritus
1463 2642 1834 2713 sanctiusque

199 2731 270 2784 ad
295 2729 664 2799 negationem
700 2731 940 2800 apostoli
983 2731 1360 2802 deterrentur,
1403 2739 1530 2804 post
1559 2735 1831 2790 visitatio-

201 2841 332 2876 nem
363 2839 500 2877 vero
529 2823 652 2892 ejus
685 2839 861 2894 usque
900 2824 972 2878 ad
1009 2825 1344 2894 martyrium
1387 2830 1716 2900 contemptu
1747 2847 1831 2882 sa-

199 2917 332 2971 lutis
357 2918 674 2982 armantur,
693 2917 1002 2972 secundum
1023 2918 1128 2972 hoc
1155 2935 1259 2990 per
1283 2920 1569 2976 Christum
1595 2923 1831 2978 redimi-

199 3027 352 3077 mur,
365 3025 471 3080 per
485 3009 762 3080 Spiritum
775 3026 910 3064 vero
923 3015 1177 3066 sanctum
1191 3013 1341 3068 dono
1364 3015 1658 3086 sapientiae
1676 3017 1836 3087 spiri-

203 3103 368 3158 tualis
401 3102 818 3170 illuminamur,
847 3103 1218 3174 tediﬁcamur,
1249 3106 1566 3175 erudimur,
1597 3109 1831 3164 instrui-

203 3213 354 3266 mur,
389 3213 876 3266 consummamur,
895 3201 958 3250 ut
983 3197 1139 3252 illam
1170 3201 1345 3254 sancti
1377 3201 1618 3271 Spiritus
1636 3219 1832 3257 vocem

199 3249 396 3345 audire
415 3289 718 3360 possimus.
756 3311 782 3338 ‹‹
815 3249 1176 3346 Intellectum
1201 3293 1299 3347 tibi
1317 3249 1462 3348 dabro
1480 3297 1536 3348 et
1559 3294 1833 3350 instruam
1855 3249 1908 3322 Ο

203 3389 258 3438 te
305 3385 363 3438 in
411 3383 501 3438 via
549 3383 652 3437 hac
696 3399 810 3455 qua
851 3385 1124 3455 gradieris
1169 3386 1330 3456 (Psal.
1373 3404 1518 3454 χχχι,
1570 3391 1638 3458 8).
1682 3411 1710 3439 n
1757 3392 1832 3444 De

200 3477 414 3548 Spiritu
455 3481 649 3532 sancto
689 3477 1019 3548 accipimus,
1053 3483 1116 3532 ut
1146 3479 1463 3550 spirituales
1494 3482 1831 3552 efﬁciamur,

203 3572 338 3642 quia
357 3593 384 3620 ‹‹
407 3569 672 3625 animalis
701 3570 876 3626 homo
906 3589 1024 3626 non
1045 3573 1285 3660 percipit
1314 3591 1377 3627 ea
1406 3591 1519 3644 qua
1547 3579 1680 3629 sunt
1705 3575 1831 3647 Spi-

201 3665 344 3720 ritus
379 3664 483 3718 Dei
519 3663 572 3734 (I
596 3666 716 3722 Co-r.
755 3681 816 3732 ιι,
865 3665 969 3735 14).
1013 3665 1164 3814 nlDe
1196 3666 1406 3738 Spiritu
1452 3674 1645 3723 sancto
1691 3670 1832 3724 acci-

201 3759 412 3814 nimus.
443 3760 510 3813 ut
534 3757 822 3814 sapiamus
848 3758 997 3812 inter
1021 3759 1058 3814 b
1101 3776 1240 3814 num
1271 3762 1600 3814 malumque
1632 3763 1832 3814 discer-

201 3759 412 3830 pimus,
443 3760 510 3813 ut
534 3757 822 3828 sapiamus
848 3758 997 3812 inter
1021 3757 1240 3814 bonum
1271 3762 1600 3832 malumque
1632 3763 1836 3818 discer-

203 3869 362 3918 nere,
392 3851 548 3922 justa
585 3850 842 3922 diligere,
867 3851 1076 3922 injusta
1103 3870 1394 3924 respuere,
1419 3859 1483 3909 ut
1509 3856 1741 3910 malitia;
1773 3874 1837 3911 ac

201 3945 486 4016 superbiae
511 3961 919 4015 repugnemus,
941 3949 1008 4000 ut
1035 3946 1276 4002 luxuriae
1301 3965 1366 4002 ac
1386 3948 1621 4004 diversis
1641 3950 1834 4005 illece-

199 4040 316 4095 bris
361 4045 420 4094 et
465 4038 628 4094 foedis
657 4038 1024 4110 indignisque
1055 4041 1454 4111 cupiditatibus
1483 4043 1832 4098 resistamus.

201 4136 280 4188 De
316 4133 534 4205 Spiritu
583 4136 778 4187 sancto
825 4133 1132 4204 accipimus
1178 4135 1307 4190 vitae
1347 4153 1603 4192 amorem
1628 4141 1684 4192 et
1713 4139 1833 4209 glo-

201 4230 300 4284 riae
334 4227 624 4294 ardorem,
647 4229 712 4280 ut
739 4227 994 4282 succensi
1019 4228 1287 4284 divinitus
1304 4229 1524 4301 erigere
1544 4248 1576 4284 a
1599 4232 1838 4286 terrenis

203 4324 460 4377 mentem
501 4321 572 4375 ad
617 4337 863 4391 superna
895 4324 952 4375 et
980 4321 1170 4376 divina
1209 4324 1518 4378 valeamus.
1551 4325 1838 4395 Jejunium

204 4433 340 4486 ergo
380 4413 662 4470 Dominici
692 4414 798 4469 diei
831 4420 886 4470 et
911 4415 1127 4486 quintae
1156 4416 1315 4472 feriae
1349 4434 1520 4472 nemo
1557 4419 1838 4475 celebrare

206 4510 398 4574 debet,
417 4513 477 4562 ut
495 4508 650 4562 inter
657 4507 945 4579 jejunium
979 4510 1428 4565 Christianorum
1455 4515 1511 4566 et
1537 4513 1838 4582 gentilium

1936 1985 2212 2037 structum
2239 1983 2438 2039 crescit
2463 1984 2522 2038 in
2549 1989 2926 2054 augmentum
2947 1984 3099 2039 fidei.
3125 1985 3182 2039 Si
3203 1983 3410 2038 mortui
3425 1982 3559 2036 estis

1935 2093 2066 2131 cum
2088 2076 2308 2131 Christo
2337 2077 2406 2131 ab
2437 2078 2732 2133 elementis
2759 2078 2926 2148 hujus
2958 2078 3178 2147 mundi,
3213 2077 3350 2148 quid
3375 2077 3559 2130 adhuc

1933 2175 2208 2241 tanquam
2231 2170 2478 2226 viventes
2500 2171 2557 2225 in
2583 2171 2800 2226 mundo
2816 2171 3118 2226 decernitis
3130 2173 3156 2225 ?
3169 2172 3246 2226 Ne
3263 2169 3560 2240 tetigeritis

1935 2281 2122 2334 neque
2155 2264 2525 2334 gustaveritis,
2561 2281 2744 2336 neque
2773 2264 3246 2320 contrectaveritis
3275 2279 3402 2334 quae
3431 2265 3566 2316 sunt

1934 2359 2126 2412 omnia
2151 2359 2212 2412 in
2241 2358 2476 2412 interitu
2518 2359 2640 2429 ipso
2685 2376 2789 2413 usu
2835 2357 3150 2413 secundum
3193 2360 3477 2428 praecepta
3506 2362 3562 2411 et

1935 2450 2217 2506 doctrinas
2273 2451 2594 2520 hominum,
2645 2469 2775 2523 quae
2825 2457 2958 2507 sunt
3008 2452 3292 2507 rationem
3331 2449 3558 2521 quidem

1937 2545 2202 2600 habentia
2228 2545 2517 2614 sapientiae
2541 2545 2602 2598 in
2627 2546 3030 2616 superstitione
3059 2551 3114 2600 et
3143 2545 3479 2612 humilitate,
3505 2549 3562 2597 et

1937 2655 2052 2693 non
2081 2639 2154 2692 ad
2181 2638 2530 2709 parcendum
2549 2638 2794 2708 corpori,
2817 2655 2934 2692 non
2963 2639 3022 2692 in
3047 2639 3258 2694 honore
3281 2637 3470 2709 aliquo
3490 2638 3562 2691 ad

1934 2731 2292 2786 saturitatem
2348 2732 2550 2786 carnis.
2605 2731 2801 2802 Igitur,
2857 2731 2903 2786 si
2946 2731 3377 2786 consurrexistis
3429 2747 3560 2784 cum.

1933 2825 2174 2892 Christo,
2206 2842 2332 2896 qua:
2361 2842 2588 2880 sursum
2616 2829 2746 2879 sunt
2784 2825 3040 2895 quaerite,
3073 2825 3168 2878 ubi
3195 2825 3448 2878 Christus
3477 2828 3562 2877 est

1937 2919 1992 2972 in
2023 2919 2255 2974 dextera
2282 2919 2376 2973 Dei
2403 2920 2622 2984 sedens,
2653 2935 2780 2989 quae
2811 2935 3037 2973 sursum
3067 2924 3200 2973 sunt
3231 2918 3424 2987 sapite,
3443 2934 3559 2972 non

1933 3029 2061 3082 quae
2089 3029 2258 3082 super
2293 3016 2526 3066 terram.
2556 3013 2758 3068 Mortui
2786 3011 2940 3066 enim
2975 3011 3124 3078 estis,
3155 3017 3210 3066 et
3235 3011 3347 3065 vita
3373 3017 3563 3065 vestra

1935 3105 2264 3160 abscondita
2293 3111 2376 3160 est
2415 3123 2544 3160 cum
2588 3106 2809 3161 Christo
2855 3106 2914 3160 in
2956 3107 3093 3161 Deo.
3135 3106 3274 3161 Cum
3309 3105 3564 3158 Christus

1932 3200 2260 3270 apparuerit
2285 3201 2398 3253 vita
2429 3205 2628 3267 vestra,
2667 3206 2804 3255 tunc
2847 3205 2904 3255 et
2939 3216 3034 3253 vos
3061 3199 3402 3270 apparebitis
3429 3215 3558 3253 cum

1934 3293 2058 3364 ipso
2085 3293 2143 3348 in
2169 3293 2375 3364 gloria.
2400 3293 2731 3348 Mortiﬁcate
2759 3310 2894 3365 ergo
2921 3293 3182 3348 membra
3200 3295 3404 3362 vestra,
3435 3309 3563 3362 quae

1935 3391 2068 3442 sunt
2117 3403 2288 3458 super
2327 3392 2566 3456 terram,
2613 3387 3074 3452 fornicationem,
3113 3386 3560 3451 immunditiam,

1934 3481 2248 3546 libidinem,
2279 3481 2787 3550 concupiscentiam
2813 3481 3022 3534 malam
3044 3484 3100 3534 et
3121 3479 3412 3534 avaritiam
3435 3495 3562 3548 quae

1935 3577 2018 3629 est
2057 3574 2492 3628 simulacrorum
2533 3575 2786 3641 servitus,
2819 3579 3053 3644 propter
3097 3589 3226 3643 quae
3273 3573 3431 3626 venit
3475 3573 3562 3625 ira

1934 3667 2034 3722 Dei
2063 3667 2121 3721 in
2141 3667 2284 3721 ﬁlios
2305 3667 2730 3723 incredulitatis.
2751 3669 2812 3721 In
2833 3667 3036 3738 quibus
3053 3671 3108 3720 et
3121 3683 3218 3720 vos
3235 3665 3562 3720 ambulastis

1936 3762 2243 3832 aliquando
2270 3777 2400 3816 cum
2427 3761 2684 3816 viveretis
2713 3777 2839 3815 cum
2869 3761 2999 3814 illis.
3045 3762 3200 3815 Nunc
3240 3765 3430 3814 autem
3460 3759 3558 3815 de-

1934 3856 2126 3926 ponite
2163 3872 2261 3910 vos
2287 3871 2520 3910 omnem
2547 3856 2718 3924 iram,
2750 3855 3229 3926 indignationem,
3259 3852 3558 3920 malitiam,

1935 3949 2370 4020 blasphemiam,
2429 3953 2656 4020 turpem
2701 3965 3023 4005 sermonem
3080 3949 3149 4004 de
3204 3964 3300 4004 ore
3353 3951 3561 4002 vestro.

1936 4044 2114 4096 Nolite
2155 4043 2388 4097 mentiri
2437 4043 2700 4111 invicem,
2745 4043 3120 4115 exspuliantes
3163 4059 3262 4097 vos
3315 4045 3562 4098 veterem

1937 4137 2228 4191 hominem
2271 4154 2400 4191 cum
2447 4137 2662 4192 actibus
2709 4137 2844 4207 suis,
2893 4142 2950 4192 et
2985 4137 3288 4192 induentes
3332 4151 3562 4204 novum,

1938 4217 2070 4286 eum
2091 4230 2188 4302 qui
2207 4235 2506 4286 renovatur
2529 4231 2584 4285 in
2603 4231 2898 4301 agnitione
2921 4231 3230 4286 secundum
3253 4230 3565 4301 imaginem

1938 4325 2058 4394 ejus
2084 4324 2180 4395 qui
2212 4325 2421 4379 creavit
2456 4341 2612 4392 eum,
2649 4325 2746 4380 ubi
2785 4341 2898 4392 non
2945 4331 3029 4380 est
3065 4325 3310 4391 Judaaus,
3341 4327 3397 4378 et
3423 4341 3564 4392 gen-

1939 4418 2050 4472 tilis
2089 4417 2462 4487 circumcisio,
2507 4421 2562 4472 et
2605 4417 2970 4489 praeputium,
3017 4418 3291 4472 barbarus
3339 4418 3564 4488 Scytha,

1939 4527 2128 4565 servus
2157 4513 2214 4565 et
2236 4511 2398 4578 liber,
2432 4510 2532 4564 sed
2565 4511 2760 4564 omnia
2789 4511 2848 4564 in
2874 4511 3138 4566 omnibus
3171 4511 3439 4566 Christus.
3475 4513 3563 4562 ln-

204 4603 480 4657 veraciter
529 4601 884 4657 credentium
933 4607 1104 4674 atque
1149 4603 1466 4659 inﬁdelium
1515 4611 1571 4660 et
1607 4607 1834 4662 haereti-
1857 4604 2094 4694 Dduite
2135 4620 2270 4674 ergo
2319 4621 2434 4670 vos,
2486 4605 2624 4658 sicut
2667 4605 2834 4658 electi
2878 4605 2996 4671 Dei,
3042 4605 3218 4658 sancti
3257 4608 3312 4658 et
3353 4593 3608 4694 dilecti,‘

205 4713 400 4750 eorum
447 4711 578 4750 vera
615 4697 671 4750 et
712 4712 830 4750 non
879 4695 1019 4750 falsa
1061 4696 1320 4751 discretio
1357 4698 1653 4766 habeatur,
1691 4701 1840 4756 unde

205 4790 480 4860 scriptum
508 4793 627 4843 est:
652 4809 678 4838 ι(
695 4789 830 4853 Quae
860 4805 988 4859 pars
1024 4789 1232 4844 Christi
1251 4791 1324 4845 ad
1345 4791 1516 4845 Belial
1538 4793 1564 4846 ί]
1586 4797 1684 4846 aut
1710 4811 1838 4864 quae

207 4900 334 4954 pars
363 4883 520 4937 ﬁdeli
554 4898 686 4936 cum
731 4881 991 4937 inﬁdeli?
1030 4884 1166 4947 Quae
1210 4887 1308 4938 aut
1347 4885 1702 4956 participatio
1740 4888 1837 4957 ju-

205 4977 370 5032 stitiae
399 4993 534 5032 cum
561 4975 950 5047 iniquitate?»
993 4975 1071 5048 (II
1095 4980 1212 5035 Cor.
1245 4995 1316 5046 v1,
1355 4978 1463 5050 lii.)
1491 4980 1556 5032 Et
1583 4979 1788 5034 iterum
1824 4999 1835 5035 :

209 5091 234 5122 α
261 5071 444 5125 Nolite
461 5069 672 5141 jugum
698 5069 906 5124 ducere
943 5087 1074 5124 cum
1117 5070 1440 5126 inﬁdelibus
1477 5073 1634 5142 (Ibid.
1669 5075 1772 5142 14).
1808 5095 1835 5124 ››

209 5185 234 5216 α
263 5167 340 5220 De
389 5167 618 5230 caetero,
662 5163 884 5233 fratres,
933 5163 1120 5220 videte
1167 5182 1238 5220 ne
1282 5165 1408 5236 quis
1457 5183 1554 5220 vos
1600 5167 1842 5239 decipiat

153 5239 166 5250 ’
209 5259 468 5314 inanibus
499 5257 702 5326 verbis,
727 5273 916 5328 neque
943 5274 1046 5328 per
1082 5257 1502 5330 philosophiam
1530 5266 1584 5315 et
1611 5262 1841 5316 inanem

207 5352 488 5407 fallaciam
499 5349 818 5406 secundum
831 5350 1196 5406 traditionem
1209 5352 1502 5406 hominum
1512 5355 1840 5419 ,sccundum

209 5445 330 5519 56
357 5447 646 5500 elementa
679 5443 904 5512 mundi,
938 5449 994 5500 et
1023 5461 1140 5499 non
1177 5446 1490 5500 secundum
1532 5447 1837 5514 Christum,

204 5540 334 5610 quia
359 5539 418 5594 in
450 5538 672 5594 Christo
713 5537 935 5593 habitat
973 5538 1160 5593 omnis
1197 5539 1493 5608 plenitudo
1537 5539 1840 5595 divinitatis

202 5633 592 5705 corporaliter,
641 5635 700 5686 et
741 5632 871 5686 estis
917 5633 976 5687 in
1021 5632 1116 5687 illo
1160 5633 1388 5703 repleti,
1418 5634 1516 5703 qui
1555 5638 1640 5688 est
1673 5637 1842 5705 caput

201 5727 385 5783 omnis
411 5725 766 5798 principatus
794 5728 852 5780 et
873 5726 1186 5798 potestatis,
1215 5726 1273 5781 in
1303 5743 1414 5798 quo
1441 5731 1498 5782 et
1528 5727 1842 5783 circumcisi

201 5822 356 5888 estis,
386 5819 822 5876 circumcisione
849 5837 963 5875 non
993 5821 1318 5875 manufacta
1340 5821 1400 5874 in
1431 5823 1842 5893 exspoliatione

201 5915 456 5986 corporis
484 5913 690 5986 carnis,
722 5914 781 5970 in
808 5913 1232 5971 circumcisione
1269 5915 1494 5984 Christi,
1529 5917 1840 5988 consepulti
1885 5937 1892 5948 -

1940 4698 2149 4751 viscera
2197 4696 2618 4764 misericordite,
2668 4697 3103 4766 benignitatem,
3160 4695 3561 4763 humilitatem,
3601 4697 3610 4712 ‘

1939 4790 2294 4860 modestiam,
2347 4789 2706 4861 patientiam,
2753 4795 3152 4860 supportantes
3197 4788 3459 4856 invicem,
3510 4793 3568 4844 et

1942 4885 2216 4939 donantes
2265 4884 2698 4955 vobismctipsis,
2746 4884 2788 4938 si
2837 4883 2964 4954 quis
3011 4883 3280 4937 adversus
3322 4882 3568 4953 aliquem

1941 4979 2109 5032 habet
2152 4979 2466 5049 querelam.
2514 4977 2672 5033 Sicut
2713 4979 2771 5032 et
2816 4976 3068 5032 Christus
3122 4977 3350 5032 donavit
3391 4977 3568 5044 vobis,

1939 5072 2019 5126 ita
2047 5078 2103 5127 et
2132 5089 2250 5127 vos.
2280 5074 2459 5143 Super
2486 5076 2681 5126 autem
2707 5070 2896 5126 omnia
2922 5071 3066 5138 llEBC,
3097 5070 3434 5125 charitatem
3465 5071 3568 5125 ha-

1940 5166 2156 5233 bentes,
2176 5167 2329 5236 quod
2356 5171 2440 5220 est
2465 5165 2754 5220 vinculum
2786 5165 3168 5236 perfectionis.
3193 5165 3262 5219 Et
3282 5183 3390 5235 pax
3418 5165 3572 5221 Chri-

1942 5259 2011 5313 sti
2041 5260 2226 5329 vigeat
2252 5259 2314 5314 in
2351 5259 2617 5314 cordibus
2656 5259 2874 5325 vestris,
2915 5258 2972 5312 in
2999 5276 3111 5329 qua
3135 5262 3192 5313 et
3217 5259 3400 5314 vocati
3441 5259 3574 5315 estis

1939 5351 1999 5406 in
2029 5369 2142 5406 uno
2171 5369 2426 5423 corpore,
2457 5355 2514 5406 et
2538 5351 2686 5421 grati
2726 5355 2923 5407 estote.
2957 5353 3204 5407 Verbum
3228 5353 3330 5408 Dei
3359 5354 3576 5408 habitet

1941 5445 2000 5499 in
2029 5446 2188 5502 vobis
2213 5445 2572 5500 abundanter
2597 5445 2658 5499 in
2685 5444 2840 5500 omni
2887 5447 3184 5518 sapientia,
3228 5447 3494 5503 docentes
3520 5451 3574 5502 et

1941 5543 2366 5594 commonentes
2413 5539 2780 5610 vosmetipsos
2822 5542 3072 5610 psalmis,
3104 5542 3332 5612 hymnis
3358 5545 3415 5596 et
3439 5559 3569 5595 ean-

1941 5633 2064 5687 ticis
2094 5632 2501 5703 spiritualibus,
2554 5631 2614 5687 in
2660 5633 2844 5705 gratia
2884 5638 3173 5689 cantantes
3203 5636 3262 5689 in
3306 5635 3572 5689 cordibus

1940 5727 2141 5782 vestris
2170 5727 2304 5782 Deo.
2338 5726 2520 5782 Omne
2559 5727 2940 5800 quodcunque
2983 5728 3163 5784 facitis
3191 5728 3250 5782 in
3279 5727 3447 5781 verbo
3473 5731 3573 5780 aut

1941 5823 2000 5876 in
2026 5837 2215 5892 opere,
2246 5821 2444 5876 omnia
2463 5820 2520 5876 in
2551 5821 2783 5876 nomine
2815 5821 3035 5876 Domini
3067 5821 3242 5874 nostri
3265 5821 3394 5874 Jesu
3419 5820 3574 5874 Chri-

1943 5917 2011 5972 sti
2040 5915 2226 5986 facite,
2275 5916 2484 5988 gratias
2533 5921 2765 5987 agentes
2809 5917 2925 5970 Deo
2965 5919 3020 5970 et
3059 5913 3206 5968 Patri
3243 5929 3344 5984 per
3385 5913 3572 5984 ipsum
