4058 6314
508 342 613 398 243
1404 340 1685 395 APPEND.
1726 341 1811 395 AD
1849 338 2008 393 S/EC.
2050 338 2137 392 1X.
2172 366 2241 377 —-
2279 335 2524 393 lSlDORl
2563 336 2986 392 MERCATORIS
3764 334 3873 392 244

509 448 640 513 (σοι.
668 466 726 520 ιι,
756 450 909 517 8-23;
950 466 1028 519 ιιι,
1064 448 1226 520 H7).
1253 469 1282 499 »
1316 448 1443 516 Vos,
1465 446 1800 517 charissimi,
1822 446 2001 505 nolite
2030 447 2134 503 de-
2157 447 2384 531 ADeus
2414 448 2607 502 autem
2647 444 2802 518 pacis
2839 445 2937 501 det
2978 443 3137 501 vobis
3174 442 3424 516 idipsum
3465 460 3665 517 sapere
3703 444 3764 499 in
3790 446 3871 499 al-

509 544 680 598 ﬁcere
705 542 1145 598 benefacientes.
1180 541 1340 608 Quod
1371 541 1416 596 si
1441 541 1644 613 aliquis
1674 542 1848 598 fuerit
1887 541 1984 614 qui
2023 557 2139 599 non
2240 542 2520 597 terutrum
2547 543 2605 594 et
2643 539 2702 595 in
2744 555 2963 609 omnes,
2991 543 3048 594 et
3075 538 3198 611 ipse
3227 538 3297 593 sit
3324 554 3549 611 semper
3577 537 3868 593 vobiscum

510 635 793 691 obedierit
836 636 1020 690 verbis
1059 635 1394 706 apostolicis,
1441 635 1597 689 hunc
1641 638 1858 703 notate,
1913 639 1970 690 et
2021 652 2140 691 non
2238 635 2297 689 in
2323 635 2481 689 omni
2520 635 2665 689 loco.
2712 636 2913 702 Amen,
2956 634 3099 689 Data
3133 633 3258 688 Kal.
3288 632 3533 700 Martias,
3569 632 3869 688 Volusiano

514 729 995 784 commisceamini
1021 745 1149 783 cum
1178 728 1299 797 illo,
1322 733 1386 782 ut
1419 727 1822 784 confundatur.
1853 731 1920 785 Et
1963 730 2139 785 nolite
2240 731 2297 783 et
2320 728 2525 783 Ruﬁno
2547 725 2680 782 viris
2705 725 3030 781 clarissimis
3058 725 3401 781 consulibus.

511 823 669 895 quasi
696 821 991 877 inimicum
1018 821 1363 891 existimare,
1379 821 1475 876 sed
1497 821 1764 894 corripite
1788 825 1854 877 ut
1877 823 2136 890 fratrem,

834 1152 980 1245 DE
1059 1151 1645 1246 PRIMITIVA
1712 1155 2133 1247 ECCLES

2234 1190 2261 1245 ι
2325 1153 2470 1245 ΕΤ
2538 1153 2983 1246 SYNODO
3057 1152 3543 1245 ΝΙΟλίΕΝΑ.

577 1476 780 1544 Nemo,
810 1476 910 1547 qui
945 1475 1259 1547 Scripturas
1286 1476 1504 1532 divinas
1536 1477 1680 1549 legit
1710 1476 1939 1548 ignorat
1965 1477 2134 1548 quod,
2236 1473 2508 1546 Apostoli,
2545 1494 2575 1524 «
2601 1472 2900 1540 orationes,
2946 1469 3374 1542 postulationes,
3424 1466 3868 1535 obsecrationes,

512 1568 569 1624 in
604 1569 884 1642 principio
915 1570 1198 1625 nascentis
1226 1572 1501 1639 Ecclesiae,
1536 1571 1823 1642 discipulis
1854 1571 1915 1626 in
1955 1587 2138 1626 unum
2240 1569 2553 1642 gratiarum
2573 1566 2824 1622 actiones
2848 1565 3030 1620 facere
3058 1579 3161 1634 pro
3181 1562 3463 1631 omnibus,
3490 1578 3597 1633 pro
3611 1562 3869 1633 regibus,

509 1662 896 1735 congregatis,
921 1680 1051 1718 cum
1073 1664 1439 1720 multitudine
1461 1664 1831 1734 credentium,
1858 1663 1917 1719 in
1934 1664 2140 1736 quibus
2240 1664 2298 1717 et
2325 1662 2424 1734 qui
2448 1662 2510 1715 in
2535 1659 2879 1715 sublimitate
2917 1660 3069 1725 sunt,
3102 1660 3166 1712 ut
3188 1655 3441 1728 quietam
3481 1657 3541 1710 et
3585 1655 3869 1726 tranquil-

507 1758 632 1810 erat
655 1771 756 1810 cor
778 1772 959 1811 unum
989 1760 1047 1812 et
1074 1758 1263 1813 anima
1283 1775 1418 1826 una,
1440 1759 1650 1830 quique
1667 1759 1976 1814 vendentes
1995 1775 2138 1830 praa-
2236 1757 2352 1810 lam
2377 1756 2548 1810 vitam
2573 1753 2842 1808 habeant.
2871 1753 2939 1806 Et
2964 1752 3070 1806 hoc
3095 1751 3311 1805 bonum
3336 1753 3394 1805 et
3417 1752 3715 1819 acceptum
3743 1764 3872 1803 esse

505 1848 600 1904 dia
624 1853 682 1904 et
707 1850 1084 1921 possessiones
1125 1869 1256 1907 suas
1300 1852 1635 1921 aﬁ'erebant,
1675 1857 1733 1908 et
1781 1836 2213 1908 dividebaturB
2237 1866 2432 1905 coram
2480 1849 2592 1903 Deo
2636 1847 2683 1917 (Ι
2720 1849 2854 1903 Tim.
2896 1862 2954 1913 ιι,
2995 1849 3016 1899 1
3061 1850 3114 1899 et
3154 1845 3306 1915 seq.).
3350 1864 3379 1893 »
3420 1842 3554 1898 Ideo
3598 1841 3873 1913 magister

506 1942 763 2013 singulis,
796 1947 966 2016 prout
992 1945 1194 2017 cuique
1225 1962 1366 2017 opus
1393 1951 1514 2001 erat
1537 1946 1677 2016 (Act.
1707 1963 1782 2014 ιν,
1812 1949 1880 2002 32
1905 1951 1957 2002 et
1979 1947 2134 2017 seq.).

510 2036 780 2092 Futuram
830 2054 1084 2111 namque
1138 2040 1447 2094 Ecclesiam
1492 2040 1552 2095 in
1594 2040 1861 2112 gentibus
1895 2040 2139 2111 apostoli

510 2130 915 2200 prmvidebant,
946 2133 1313 2206 maximeque
1355 2134 1491 2205 quia
1532 2133 1809 2189 Dominus
1841 2133 1954 2189 illis
1988 2149 2135 2205 pra:-

511 2222 759 2279 dixerat:
778 2225 1061 2280 Euntesin
1086 2227 1363 2281 mundum
1384 2227 1738 2295 universum,
1763 2227 2139 2299 praedicantes

509 2318 872 2389 evangelium
927 2319 1113 2390 (Marc.
1173 2337 1280 2389 XVI,
1340 2320 1446 2392 l5),
1500 2322 1588 2376 vel
1640 2321 1774 2393 quia
1818 2320 2137 2392 expellendi

506 2415 667 2466 erant
683 2429 717 2465 a
744 2412 963 2481 Judaea,
986 2418 1332 2469 noverantse
1348 2414 1403 2469 in
1426 2415 1688 2485 gentibus
1706 2414 2134 2486 dispergendos,

506 2505 922 2577 Ecclesiamque
942 2508 1412 2579 congregandam
1437 2524 1502 2562 ex
1524 2508 1652 2563 rudi
1678 2505 2136 2580 populoﬁdcirco

502 2597 716 2668 przedia
742 2599 804 2653 in
831 2600 1084 2656 Iudaeam
1112 2600 1351 2656 minime
1392 2605 1526 2657 sunt
1552 2602 1764 2674 adepti,
1806 2582 1924 2657 sedi
1948 2600 2137 2672 pretia

503 2693 898 2748 tantummodo
925 2694 999 2749 ad
1023 2694 1297 2749 fovendos
1318 2701 1568 2766 egentes.
1592 2696 1664 2748 At
1681 2711 1814 2751 vero
1832 2695 2133 2749 cuminter

506 2784 758 2839 turbines
804 2789 862 2840 et
903 2787 1141 2843 adversa
1190 2789 1390 2844 mundi
1442 2793 1820 2844 succresceret
1867 2788 2133 2857 Ecclesia,

507 2894 574 2931 eo
601 2895 780 2949 usque
807 2882 1069 2951 pervenit
1112 2886 1179 2936 ut
1221 2899 1335 2937 non
1370 2882 1559 2937 solum
1589 2886 1805 2954 gentes,
1835 2882 1934 2937 sed
1960 2882 2137 2937 etiam

509 2972 750 3027 Romani
770 2974 1055 3046 principes
1076 2975 1194 3048 (qui
1213 2992 1356 3047 pene
1380 2976 1549 3032 totius
1569 2976 1721 3031 orbis
1748 2976 2138 3031 monarchiam

512 3065 798 3138 tenebant)
824 3066 1094 3124 ad'fidem
1139 3070 1344 3125 Christi
1390 3075 1446 3125 et
1482 3069 1756 3143 baptismi
1789 3074 2139 3126 sacramenta

507 3166 931 3218 concurrerent.
980 3164 1048 3219 Et
1087 3163 1291 3236 quibus
1337 3164 1422 3218 vir
1466 3164 1944 3237 religiosissimus,
1987 3165 2133 3220 Con-

506 3252 788 3308 stantinus
815 3255 1052 3327 primus,
1083 3257 1256 3312 ﬁdem
1300 3258 1550 3313 veritatis
1584 3260 1852 3330 patenter
1875 3259 2132 3330 adeptus,

507 3347 797 3403 licentiam
833 3349 987 3406 dedit
1009 3367 1113 3423 per
1145 3351 1473 3408 universum
1498 3353 1695 3408 orbem
1732 3369 1836 3408 suo
1862 3353 2138 3424 degentes

504 3440 747 3513 imperio
784 3461 899 3499 non
935 3446 1120 3500 solum
1150 3445 1274 3500 ﬁeri
1301 3446 1664 3515 Christianos,
1710 3447 1811 3502 sed
1841 3448 2014 3503 etiam
2049 3446 2134 3501 fa-

502 3534 798 3591 bricandas
824 3539 1103 3609 ecclesias,
1139 3544 1197 3594 et
1240 3540 1456 3611 praedia
1483 3540 1788 3595 tribuenda
1827 3539 2132 3595 constituit.

502 3629 751 3702 Denique
778 3631 934 3687 idem
961 3635 1228 3704 prtefatus
1255 3634 1517 3706 princeps
1555 3635 1792 3689 donaria
1831 3634 2132 3702 immensa,

504 3727 559 3777 et
578 3723 853 3779 fabricam
882 3728 1075 3797 templi
1106 3728 1306 3797 prima:
1335 3728 1481 3782 sedis
1505 3728 1654 3782 beati
1692 3727 1962 3799 principis
1995 3744 2132 3799 apo-

507 3818 779 3872 stolorum
806 3819 1070 3890 instituit,
1093 3820 1237 3875 adeo
1264 3825 1325 3874 ut
1356 3822 1549 3875 sedem
1573 3820 2134 3893 imperialem,quam

506 3910 750 3964 Romani
771 3912 1053 3983 principes
1078 3915 1463 3984 possederant,
1490 3914 1860 3985 relinqueret,
1888 3917 1945 3969 et
1970 3914 2135 3969 beato

505 4004 669 4057 Petro
707 4004 937 4076 suisque
986 4007 1323 4077 praesulibus
1368 4008 1729 4078 profuturam
1778 4002 2131 4063 concederet.

506 4096 659 4150 Idem
701 4114 834 4153 vero
882 4100 1193 4170 praesidens
1233 4101 1290 4156 in
1331 4105 1523 4157 sancta
1557 4102 1791 4173 synodo,
1822 4118 1949 4174 qua;
1980 4104 2135 4174 apud

504 4190 795 4247 Nicaenum
817 4197 1164 4266 congregata
1177 4198 1278 4263 est,
1297 4211 1427 4250 cum
1443 4197 1737 4267 querelam
1755 4197 2135 4267 quorumdam

505 4285 855 4357 conspiceret
895 4304 1083 4342 coram
1119 4306 1177 4344 se
1219 4290 1606 4357 deferendam,
1651 4289 1730 4345 ait
1761 4308 1773 4345 :
1803 4292 1912 4345 Vos
1953 4309 1984 4345 a
2028 4308 2131 4346 ne-

505 4379 659 4434 mine
704 4379 1001 4451 dijudicari
1046 4383 1297 4453 potestis,
1349 4385 1485 4455 quia
1537 4384 1710 4439 solius
1768 4384 1869 4439 Dei
1912 4385 2132 4456 judicio

503 4475 894 4543 reservamini,
930 4476 1007 4530 dii
1052 4477 1261 4531 ctenim
1311 4479 1489 4533 vocati
1535 4478 1683 4533 estis.
1733 4479 1968 4546 Idcirco,
2018 4496 2134 4534 non

2156 3210 2211 3283 C

2238 1942 2492 2016 gentium
2520 1943 2882 2013 protestetur,
2901 1939 2992 1995 cui
3015 1960 3043 1990 «
3074 1937 3390 1993 sollicitudo
3409 1936 3670 1992 omnium
3692 1936 3873 1991 eccle-

2237 2036 2446 2092 siarum
2493 2035 2773 2091 incumbit
2802 2034 2874 2106 (Il
2916 2039 3034 2093 Cor.
3082 2049 3140 2101 ιι,
3191 2030 3301 2104 28),
3348 2053 3377 2081 ››
3427 2030 3642 2102 quique
3684 2051 3713 2081 ‹‹
3746 2030 3868 2101 epi-

2236 2147 2429 2202 scopos
2453 2145 2655 2201 regere
2697 2145 2800 2200 per
2848 2126 3120 2199 Spiritum
3158 2128 3416 2181 sanctum
3444 2123 3736 2179 constituit
3764 2124 3868 2178 Ec-

2236 2225 2468 2279 clesiam
2497 2222 2596 2278 Dei
2622 2223 2763 2293 (Act.
2794 2238 2881 2291 xx,
2905 2220 3017 2293 26).
3043 2241 3071 2270 »
3092 2219 3304 2284 Quibus
3330 2219 3409 2274 ait
3439 2235 3454 2273 :
3488 2238 3517 2269 ‹‹
3537 2217 3749 2273 Pascite
3770 2217 3872 2289 qui

2236 2317 2296 2373 in
2324 2316 2482 2373 vobis
2509 2319 2591 2373 est
2627 2331 2863 2388 gregem
2891 2314 3007 2385 Dei,
3029 2313 3389 2385 providentes
3413 2328 3531 2367 non
3546 2314 3741 2367 coacta
3767 2311 3870 2367 sed

2237 2416 2433 2483 sponte
2470 2410 2785 2466 secundum
2814 2410 3012 2476 Deum,
3044 2424 3232 2479 neque
3269 2406 3449 2478 turpis
3488 2405 3636 2461 lucri
3684 2405 3872 2478 gratia

2237 2505 2337 2561 sed
2373 2504 2688 2560 voluntarie
2734 2503 2781 2574 (Ι
2819 2506 2958 2559 Petr.
3004 2518 3060 2573 v7,
3096 2501 3171 2574 2).
3206 2522 3234 2552 »
3281 2501 3423 2556 Cum
3465 2500 3623 2555 enim
3664 2498 3817 2555 dicat
3850 2518 3865 2555 :

2240 2622 2267 2650 ‹‹
2297 2601 2471 2655 Nemo
2486 2598 2740 2653 militans
2764 2599 2875 2653 Deo
2891 2596 3148 2667 implicat
3167 2612 3228 2650 se
3246 2594 3488 2667 negotiis
3505 2593 3874 2650 saecularibus

2238 2693 2314 2765 (II
2324 2695 2459 2747 Tim.
2476 2693 2650 2763 ιι,4).››
2667 2692 2807 2756 Quae.
2818 2690 2973 2746 enim
2984 2689 3358 2761 suntnegotia
3370 2688 3676 2757 saecularia,
3691 2689 3873 2743 sancti

2237 2803 2479 2843 canones
2491 2785 2858 2841 manifestant
2876 2788 2933 2840 et
2950 2784 3210 2839 inhibent
3237 2782 3558 2855 perspicue,
3575 2783 3731 2854 quod
3745 2783 3874 2854 qui-

2238 2881 2373 2936 dam
2402 2881 2499 2952 qui
2529 2879 2590 2935 in
2611 2880 2758 2936 clero
2783 2878 3048 2934 videntur
3069 2876 3232 2933 electi
3249 2880 3485 2950 propter
3498 2877 3659 2932 lucra
3677 2877 3873 2949 turpia

2237 2975 2607 3030 conductores
2621 2975 2938 3030 alienarum
2952 2971 3371 3044 possessionum
3384 2971 3544 3039 ﬁant,
3558 2976 3615 3027 et
3632 2971 3870 3027 saecula-

2236 3069 2320 3124 ria
2344 3070 2573 3141 negotia
2602 3069 2705 3124 sub
2751 3084 2886 3123 cura
2925 3083 3029 3122 sua
3054 3066 3349 3139 accipiant,
3376 3065 3601 3121 Domini
3629 3065 3871 3139 quidem

2237 3163 2618 3219 ministerium
2632 3161 2786 3235 parvi
2793 3162 3122 3234 pendentes,
3141 3160 3497 3216 saecularium
3511 3176 3642 3215 vero
3657 3159 3872 3216 discur-

2236 3261 2426 3312 rentes
2446 3257 2667 3327 domos,
2697 3258 2755 3311 et
2778 3259 3015 3329 propter
3037 3254 3335 3311 avaritiam
3359 3253 3866 3327 patrimoniorum,

2234 3350 2675 3407 sollicitudinem
2715 3354 3020 3419 sumentes,
3079 3349 3327 3405 decrevit
3381 3353 3572 3404 sancta
3616 3349 3871 3421 synodus

2235 3446 2458 3500 nullum
2488 3444 2756 3516 deinceps
2794 3444 3063 3500 clericum
3105 3447 3203 3498 aut
3244 3443 3619 3515 possessiones
3647 3444 3867 3499 condu-

2235 3555 2381 3609 cere,
2430 3542 2531 3595 aut
2569 3538 2812 3610 negotiis
2858 3537 3222 3593 saecularibus
3267 3554 3324 3593 se
3365 3537 3605 3593 miscere
3653 3544 3872 3609 praeter

2234 3634 2581 3706 pupillorum
2629 3639 2685 3689 et
2734 3632 3140 3705 orphanorum,
3168 3636 3269 3688 aut
3309 3632 3354 3687 si
3392 3631 3540 3688 forte
3570 3632 3870 3705 epiSCOpus

2234 3728 2487 3794 civitatis,
2526 3727 3022 3782 ecclesiasticarum
3058 3743 3252 3783 rerum
3294 3726 3729 3782 sollicitudinem
3757 3728 3868 3781 ha-

2234 3822 2368 3877 bere
2397 3821 2709 3893 praecipiat,
2749 3824 2815 3875 ut
2854 3820 3067 3892 liquido
3092 3824 3267 3892 patet,
3298 3822 3435 3893 quia
3462 3821 3571 3875 alia
3598 3825 3733 3875 sunt
3765 3838 3867 3876 ne-

2236 3915 2392 3986 gotia
2421 3914 2735 3982 saecularia,
2768 3913 2878 3969 alia
2910 3914 3294 3970 ecclesiastica.
3325 3915 3522 3970 Nonne
3566 3916 3781 3985 Moyses
3809 3916 3870 3970 in

2234 4010 2438 4063 saeculo
2468 4011 2589 4063 erat
2618 4024 2748 4063 cum
2780 4008 2976 4064 crebro
3006 4030 3033 4057 ‹‹
3067 4009 3497 4063 tabernaculum
3531 4009 3772 4065 intraret
3813 4014 3873 4064 et

2234 4102 2431 4170 exiret,
2447 4103 2547 4174 qui
2561 4103 2711 4157 intus
2730 4102 3204 4174 contemplatione
3219 4106 3415 4174 raptus
3445 4102 3640 4173 (Exod.
3672 4119 3866 4173 xxxm,

2235 4196 2308 4267 8),
2339 4216 2366 4246 »
2408 4196 2547 4251 foris
2590 4194 3008 4251 inﬁrmantium
3054 4196 3297 4268 negotiis
3324 4196 3663 4266 urgebatur,
3710 4197 3870 4252 intus

2235 4290 2332 4345 Dei
2358 4306 2564 4344 arcana
2593 4289 2971 4357 considerans,
3002 4290 3140 4344 foris
3176 4306 3349 4344 onera
3387 4289 3698 4344 carnalium
3729 4308 3867 4362 por-

2234 4383 2423 4438 tabat?
2467 4383 2635 4454 Cujus
2680 4387 2879 4455 typum
2926 4383 3245 4439 sacerdotes
3293 4383 3351 4437 in
3397 4384 3641 4438 Ecclesia
3683 4401 3863 4456 agere

2234 4477 2463 4545 debent,
2493 4480 2558 4531 ut
2587 4476 2725 4531 dum
2751 4478 2902 4531 foras
2927 4482 3137 4531 exeunt
3165 4476 3235 4532 ad
3260 4477 3603 4532 exsecranda
3633 4480 3868 4548 negotia

497 4569 735 4640 potestis
762 4570 831 4624 ab
861 4569 1186 4625 hominibus
1207 4571 1471 4642 judicari.
1503 4572 1584 4626 Ab
1616 4572 1711 4627 illo
1742 4572 1957 4627 etenim
1981 4578 2130 4627 tem-
2152 4587 2211 4659 D
2234 4587 2337 4643 pro
2366 4570 2787 4625 necessitatibus
2825 4570 3206 4640 subditorum,
3248 4570 3402 4625 intus
3435 4571 3505 4624 ad
3532 4587 3589 4624 se
3620 4572 3869 4628 redeant

502 4680 643 4733 pore
676 4668 733 4718 et
756 4663 1038 4735 deinceps,
1064 4664 1168 4719 viri
1201 4664 1609 4737 religiosissimi
1638 4683 1751 4720 non
1791 4667 1973 4721 solum
1996 4683 2132 4738 pos-

501 4758 776 4811 sessiones
820 4761 875 4812 et
922 4759 1139 4829 praedia
1193 4775 1322 4830 qua:
1369 4760 1754 4830 possederant,
1811 4762 1906 4815 sed
1963 4761 2135 4815 etiam

503 4851 833 4920 semetipsos
864 4852 1107 4906 Domino
1148 4858 1570 4922 consecrarunt,
1604 4853 1946 4907 aediﬁcantes
1980 4854 2130 4908 basi-

502 4941 632 4995 licas
651 4942 708 4996 in
730 4943 843 4996 suis
861 4945 1071 5013 fundis,
1094 4945 1156 5000 in
1176 4946 1391 5000 honore
1411 4949 1757 5012 sanctorum,
1788 4950 2129 5018 martyrum,

499 5051 603 5105 per
643 5035 893 5092 civitates
946 5055 1010 5093 ac
1062 5038 1401 5093 monasteria
1454 5039 1773 5106 innumera,
1826 5038 1883 5093 in
1928 5040 2132 5111 quibus

504 5134 678 5183 coetus
706 5131 943 5187 Domino
971 5134 1335 5188 servientium
1376 5134 1722 5188 conveniret.
1758 5133 2009 5205 Denique
2042 5151 2128 5189 re-

501 5239 618 5291 ges,
667 5228 722 5278 et
768 5226 1032 5296 praesides
1067 5244 1130 5282 ac
1174 5227 1541 5297 magistratus
1584 5244 1703 5281 non
1750 5229 1935 5282 solum
1985 5229 2132 5283 hanc

499 5315 791 5373 licentiam
836 5321 1104 5388 tribuere,
1148 5322 1248 5376 sed
1291 5320 1461 5376 etiam
1509 5320 1615 5392 ipsi
1671 5321 1899 5392 prepria
1942 5322 2131 5392 largiti

500 5414 631 5464 sunt
660 5430 762 5482 per
797 5413 1059 5468 universa
1097 5429 1279 5484 regna
1316 5418 1617 5482 terrarum,
1655 5414 1803 5468 unde
1843 5415 2132 5469 alerentur

498 5507 730 5575 egentes
762 5507 858 5577 qui
887 5507 1028 5561 nihil
1052 5505 1111 5559 in
1140 5507 1354 5561 mundo
1382 5508 1748 5577 possidebant
1768 5507 2130 5579 ecclesiaeque

498 5599 594 5653 Dei
637 5599 1051 5654 fabricarentur
1092 5604 1262 5671 atque
1310 5604 1781 5668 restaurarentur,
1815 5603 2046 5672 Deoque
2076 5606 2132 5656 et

494 5691 757 5747 Ecclesiae
783 5694 905 5763 ejus
934 5692 1041 5747 rite
1066 5692 1472 5747 famulantibus
1498 5693 1784 5764 servisque
1811 5696 1962 5748 illius
1991 5711 2127 5765 sup-

495 5784 791 5854 plementa
811 5787 894 5855 (ut
907 5785 1119 5857 absque
1146 5785 1478 5840 necessitate
1497 5786 1700 5857 essent)
1715 5787 2126 5857 tribuerentur,

496 5881 599 5942 ut,
654 5879 776 5932 haec
825 5879 1180 5950 accipientes,
1223 5881 1489 5949 possent,
1545 5880 1859 5933 secundum
1908 5881 2130 5935 monita

2234 4680 2339 4736 per
2383 4665 2924 4736 contemplationem
2972 4664 3394 4732 mandatorum,
3446 4666 3591 4719 sicut
3630 4667 3862 4736 Paulus,

2238 4780 2267 4808 «
2292 4759 2391 4830 qui
2420 4758 2741 4813 caelestibus
2767 4757 2994 4812 secretis
3021 4758 3286 4812 inseritur
3314 4759 3384 4826 (Π
3407 4758 3523 4813 σον.
3554 4776 3651 4827 xu,
3684 4761 3739 4828 4)
3761 4782 3786 4810 ››
3809 4766 3868 4815 et

2234 4854 2426 4907 tamen
2455 4869 2557 4923 per
2584 4851 3069 4906 condcscensionis
3095 4852 3303 4906 viscera
3334 4852 3649 4907 carnalium
3678 4854 3865 4909 cubile

2231 4948 2640 5017 perscrutatur.
2683 4946 2767 5001 Sic
2807 4951 2862 5001 et
2900 4945 3066 5000 Jacob
3112 4947 3476 5001 ascendentes
3522 4951 3579 5001 et
3624 4948 3865 5004 descen-

2233 5040 2427 5094 dentes
2455 5041 2687 5111 angelos
2715 5039 2849 5094 vidit
2878 5038 3026 5110 (Gen.
3072 5055 3261 5107 xxvm,
3298 5042 3403 5109 l2),
3435 5040 3572 5111 quia
3600 5041 3869 5098 videlicet

2231 5137 2474 5188 rectores
2501 5134 2762 5188 Ecclesiae.
2795 5150 2909 5187 non
2939 5133 3121 5187 solum
3152 5135 3261 5188 Deo
3302 5134 3745 5205 contemplando
3772 5155 3864 5191 su-

2230 5243 2407 5298 perna
2436 5231 2727 5298 appetunt,
2759 5227 2856 5281 sed
2897 5227 3167 5282 deorsum
3213 5244 3438 5299 quoque
3482 5228 3555 5282 ad
3600 5231 3868 5285 membra

2234 5320 2382 5373 illius
2426 5319 2748 5375 miserando
2792 5320 3161 5375 descendunt.
3220 5323 3304 5388 Et,
3362 5321 3501 5375 dum
3544 5323 3867 5378 sacerdotes

2231 5414 2438 5468 horum
2479 5414 2628 5468 facta
2658 5414 2954 5468 imitantur
2985 5419 3038 5468 et
3066 5431 3125 5469 se
3152 5415 3498 5484 custodiunt,
3528 5418 3585 5469 et
3607 5416 3864 5472 subdito—

2230 5524 2360 5561 rum
2401 5525 2578 5562 onera
2618 5512 2865 5579 portant,
2911 5510 2967 5562 et
3018 5508 3281 5564 videntur
3320 5510 3458 5564 tales
3499 5526 3638 5580 esse,
3667 5510 3867 5580 'quales

2231 5600 2382 5655 idem
2415 5602 2682 5672 egregius
2702 5602 3041 5673 praedicator
3057 5603 3210 5673 dicit,
3236 5610 3298 5658 ut
3320 5622 3347 5654 «
3371 5603 3469 5675 qui
3492 5606 3736 5659 utuntur
3755 5606 3867 5660 hoc

2232 5695 2446 5749 mundo
2476 5701 2746 5767 tanquam
2779 5713 2893 5751 non
2922 5701 3175 5765 utantur,
3220 5702 3277 5752 et
3315 5698 3413 5769 qui
3456 5697 3706 5770 gaudent
3735 5704 3863 5754 tan-

2229 5804 2401 5860 quam
2438 5806 2551 5843 non
2601 5791 2926 5861 gaudentes,
2975 5795 3031 5847 et
3074 5792 3167 5863 qui
3210 5795 3409 5848 emunt
3442 5795 3717 5866 tanquam
3746 5810 3865 5849 non

2228 5881 2575 5953 possidentes
2606 5884 2650 5947 (Ι
2675 5884 2794 5940 Cor.
2829 5901 2921 5953 vn,
2951 5887 3056 5955 30).
3088 5906 3114 5936 »
