4058 6326
265 344 374 398 245

1516 351 1988 409 DECRETALIUM
2027 354 2408 412 COLLECTIO.

3533 364 3634 418 246

951 508 1335 579 EDICTUM
1381 512 1686 582 DOMINI
1732 513 2305 584 CONSTANTINI
2350 516 2962 587 IMPERATOBIS.

343 652 406 706 in
431 652 666 707 nomine
708 659 914 710 sanctae
951 661 1008 712 et
1053 656 1360 713 individuae
1395 660 1702 730 Trinitatis,
1729 663 1906 717 Patris
1926 673 1985 746 Α
2005 663 2322 732 virtutibus,
2354 667 2411 718 et
2438 663 2718 719 universis
2743 669 2912 720 terrae
2939 665 3191 721 materiis
3222 665 3314 738 pio
3344 667 3634 739 sapientiae

263 745 506 814 scilicet,
535 749 591 801 et
611 747 751 816 Filii,
786 751 843 803 et
873 750 1114 821 Spiritus
1139 753 1339 822 sancti,
1369 753 1683 822 imperator
1712 755 1902 811 Caesar

265 840 506 895 Fvaws
547 841 976 912 Coxsrxxrmus,
1011 845 1069 899 in
1095 847 1314 902 Christo
1361 848 1512 916 Jesu,
1545 866 1660 903 uno
1702 865 1772 904 ex
1803 867 1899 904 ea-

265 933 406 988 dem
432 934 703 991 Trinitate
729 941 941 1006 sancta,
964 939 1269 1010 Salvatore,
1297 943 1538 996 Domino
1566 944 1676 997 Deo
1709 948 1902 999 nostro

261 1025 474 1096 ﬁdelis,
505 1032 859 1100 mansuetus,
901 1032 1209 1104 beneﬁcus,
1237 1034 1654 1104 Alemannicus,
1705 1038 1900 1092 Gothi-

261 1137 386 1190 cus,
435 1123 806 1194 Sarmaticus,
835 1126 1216 1196 Germanicus,
1261 1129 1636 1200 Britannicus,
1683 1131 1899 1199 unicus,

263 1215 416 1286 pius,
437 1216 596 1286 felix,
619 1217 814 1285 victor,
844 1237 909 1274 ac
931 1220 1331 1292 triumphator,
1361 1239 1585 1294 semper
1606 1227 1898 1296 angustus,

261 1309 626 1366 sanctissimo
677 1327 741 1367 ac
797 1312 1129 1370 beatissimo
1185 1315 1337 1372 Patri
1387 1318 1704 1386 SILVESTRO,
1744 1317 1903 1373 urbis

261 1403 467 1458 Romae
507 1404 773 1477 episcopo
819 1411 876 1462 et
907 1424 1091 1480 papae,
1122 1411 1297 1481 atque
1325 1410 1590 1466 omnibus
1619 1411 1740 1482 ejus
1769 1428 1895 1468 suc-

259 1497 605 1566 cessoribus,
637 1500 736 1572 qui
779 1499 839 1555 in
882 1501 1018 1557 sede
1047 1502 1198 1558 beati
1238 1505 1388 1559 Petri
1441 1521 1620 1577 usque
1643 1505 1703 1561 in
1726 1507 1902 1563 ﬁnem

260 1592 459 1647 saeculi
485 1593 692 1648 sessuri
718 1597 869 1662 sunt,
897 1596 1259 1666 pontiﬁcibus
1281 1614 1387 1654 nec
1405 1615 1524 1654 non
1555 1603 1611 1655 et
1629 1600 1898 1656 omnibus

261 1686 753 1742 reverendissimis
803 1691 860 1744 et
909 1691 1022 1745 Deo
1063 1691 1402 1747 amabilibus
1446 1694 1737 1749 catholicis
1777 1695 1897 1767 epi-

261 1779 451 1851 scopis
481 1779 668 1836 eidem
711 1787 1080 1840 sacrosancta:
1126 1786 1292 1841 Rom.
1313 1779 1597 1859 [Ecclesiae
1621 1804 1724 1859 per
1753 1789 1900 1844 hanc

261 1876 518 1928 nostram
573 1874 928 1948 imperialem
982 1874 1448 1936 constitutiohem
1503 1881 1771 1952 subjectis
1837 1883 1898 1938 in

259 1967 530 2023 universo
560 1969 694 2024 orbe
719 1957 1026 2040 terrarum,
1061 1989 1213 2029 nunc
1237 1977 1295 2030 et
1319 1975 1378 2030 in
1409 1975 1650 2047 posteris
1679 1977 1896 2034 cunctis

263 2064 416 2117 retro
447 2064 800 2134 temporibus
844 2066 1182 2137 constitutis,
1218 2045 1429 2139 gratia,
1461 2087 1590 2141 pax,
1630 2070 1891 2142 charitas,
1914 2045 1971 2116 Β

262 2155 566 2226 gaudium,
615 2159 1038 2230 longanimitas,
1072 2161 1478 2231 misericordia,
1507 2180 1540 2218 a
1568 2166 1685 2220 Deo
1729 2167 1893 2220 Patre

260 2251 658 2322 omnipotente
701 2254 758 2307 et
801 2253 930 2308 Jesu
974 2253 1194 2310 Christo
1235 2255 1376 2312 Filio
1422 2257 1564 2328 ejus,
1598 2259 1656 2313 et
1682 2257 1897 2330 Spiritu

259 2349 455 2399 sancto
485 2361 615 2399 cum
649 2347 914 2401 omnibus
943 2347 1120 2403 vobis.

329 2439 408 2492 Ea
448 2455 579 2510 quae
622 2440 865 2496 salvator
915 2444 972 2496 et
1011 2441 1341 2514 redemptor
1371 2445 1586 2510 noster,
1621 2443 1896 2500 Dominus

261 2537 460 2586 noster
484 2533 510 2586 J
517 2549 645 2587 esus
673 2533 926 2589 Christus
949 2535 1211 2590 altissimi
1236 2537 1416 2592 Patris
1441 2538 1612 2592 Filius
1631 2555 1738 2610 per
1768 2555 1895 2594 suos

257 2629 486 2680 sanctos
518 2628 800 2698 apostolos
842 2631 1076 2684 Petrum
1108 2634 1164 2685 et
1191 2632 1448 2701 Paulum,
1479 2632 1895 2688 interveniente

257 2721 426 2776 Patre
451 2725 644 2776 nostro
675 2721 961 2791 Silvestro,
993 2740 1219 2780 summo
1248 2725 1517 2796 pontiﬁce
1565 2729 1621 2781 et
1662 2727 1891 2783 univer-

254 2813 360 2868 sali
403 2831 551 2886 papa
589 2815 929 2872 mirabiliter
963 2817 1228 2889 dignatus
1270 2823 1355 2874 est
1401 2820 1646 2891 operari,
1675 2821 1895 2892 liquida

255 2909 614 2979 narratione,
637 2926 742 2982 per
758 2910 931 2982 hujus
951 2915 1163 2967 nostrae
1187 2913 1494 2984 imperialis
1521 2914 1894 2970 institutionis

255 3003 552 3073 paginam,
601 3004 676 3058 ad
709 3005 1092 3076 cognitionem
1141 3007 1401 3062 omnium
1449 3009 1792 3080 populorum
1833 3010 1894 3064 in

251 3095 526 3152 universo
567 3099 704 3154 orbe
743 3103 1031 3155 terrarum
1074 3101 1289 3156 studuit
1335 3097 1653 3174 propagare
1699 3105 1895 3158 nostra

253 3191 716 3248 mansuetissima
755 3193 1048 3250 serenitas.
1078 3194 1336 3250 Primum
1373 3195 1608 3266 quidem
1637 3200 1890 3252 nostram

253 3285 446 3352 ﬁdem,
481 3301 656 3356 quam
688 3303 722 3341 a
745 3287 980 3358 praalato
1007 3288 1336 3344 beatissimo
1369 3291 1533 3344 Patre
1577 3292 1634 3344 et
1676 3293 1894 3345 oratore

254 3382 455 3434 nostro
501 3379 768 3435 Silvestro
815 3381 1118 3436 universali
1163 3383 1432 3453 pontiﬁce
1473 3384 1626 3438 docti
1675 3401 1888 3454 sumus,
1912 3414 1967 3488 Ο

253 3472 462 3526 intima
493 3473 676 3528 cordis
716 3475 1071 3530 confessione
1120 3476 1192 3530 ad
1240 3477 1602 3531 instruendas
1631 3478 1892 3532 omnium

255 3571 510 3621 vestrum
533 3570 751 3622 mentes
770 3568 1144 3640 proferentes,
1168 3573 1225 3625 et
1249 3569 1328 3625 ita
1355 3571 1588 3625 demum
1607 3571 1711 3626 Dei.
1729 3571 1894 3626 mise-

255 3659 564 3714 ricordiam
596 3678 764 3732 super
809 3679 904 3718 vos
949 3662 1216 3718 diffusam
1262 3664 1687 3719 annuntiantes.
1717 3666 1889 3720 Nosse

255 3753 414 3807 enim
461 3769 559 3808 vos
601 3755 878 3824 volumus,
907 3755 1050 3811 sicut
1094 3773 1197 3827 per
1249 3758 1596 3812 anteriorem
1633 3763 1891 3814 nostram

253 3863 476 3902 sacram
501 3849 912 3920 pragmaticum
951 3850 1271 3921 jussionem
1297 3851 1756 3924 signiﬁcavimus,
1789 3869 1891 3908 nos

253 3957 286 3994 a
311 3941 552 3996 culturis
581 3942 888 4014 idolorum,
922 3944 1242 4000 simulacris
1276 3947 1450 4001 mutis
1476 3950 1532 4003 et
1555 3947 1737 4002 surdis
1766 3964 1887 4002 ma-

255 4035 522 4102 nufactis,
551 4035 839 4092 diabolicis
865 4038 1366 4110 compositionibus
1404 4044 1576 4112 atque
1604 4041 1674 4096 ab
1702 4041 1885 4096 omni-

251 4129 358 4184 bus
389 4129 614 4185 Satanae
639 4132 864 4204 pompis
893 4131 1205 4200 recessisse,
1241 4138 1295 4189 et
1320 4135 1392 4189 ad
1421 4135 1707 4206 integram
1735 4135 1892 4192 Chri-

251 4223 571 4278 stianorum
597 4223 766 4280 ﬁdem
805 4243 932 4298 quin
978 4231 1062 4282 est
1108 4243 1240 4282 vera
1263 4229 1362 4282 lux
1395 4231 1453 4282 et
1477 4229 1591 4284 vita
1623 4231 1892 4301 perpetua

252 4317 604 4388 pervenisse,
639 4319 936 4375 credentes
959 4321 1126 4392 juxta
1155 4321 1215 4376 id
1243 4322 1400 4393 quod
1425 4339 1531 4378 nos
1559 4322 1712 4378 idem
1731 4324 1892 4378 almi-

255 4411 414 4478 ﬁcus,
448 4428 710 4466 summus
738 4415 905 4468 Pater
948 4417 1004 4468 et
1047 4414 1242 4470 doctor
1273 4420 1466 4472 noster
1498 4416 1768 4472 Silvester
1799 4418 1887 4472 in-

255 4505 462 4558 struxit
488 4505 762 4576 pontifex,
790 4509 848 4562 in
873 4511 1036 4564 Deum
1065 4511 1282 4564 Patrem
1311 4513 1742 4580 omnipotentem,
1769 4513 1887 4579 fuc-

258 4603 424 4654 torem
467 4601 586 4653 caeli
633 4605 684 4656 et
728 4605 900 4664 terrae,
949 4604 1250 4658 visibilium
1291 4607 1530 4659 omnium
1556 4610 1606 4659 et
1642 4606 1885 4660 invisibi-

257 4693 410 4748 Iium.
443 4695 514 4748 Et
539 4696 597 4748 in
623 4697 805 4750 Jesum
847 4696 1118 4752 Christum
1168 4699 1368 4753 Filium
1404 4698 1516 4767 ejus
1553 4701 1890 4765 unigenitum

2003 773 2120 810 sua:
2170 761 2314 811 nutu
2369 758 2441 812 ad
2501 758 2812 829 imaginem
2866 761 2925 814 et
2983 759 3416 816 similitudinem
3473 779 3634 817 suam

2005 849 2126 922 57
2158 850 2408 921 primum
2427 852 2498 906 de
2513 852 2650 908 limo
2667 857 2834 909 terrae
2849 853 2925 908 ﬁn
2933 870 3072 926 gens
3089 854 3386 910 hominem
3403 855 3556 910 hunc
3575 856 3634 910 in

2003 943 2259 1014 paradiso
2301 945 2488 1016 posuit
2515 947 2836 1018 voluptatis.
2879 947 3062 1012 Quem
3096 949 3366 1020 antiquus
3401 965 3634 1020 serpens

2004 1039 2062 1090 et
2092 1037 2267 1093 hostis
2297 1037 2554 1094 invidens
2597 1039 2854 1094 diabolus
2900 1057 3003 1112 per
3045 1041 3464 1098 amarissimum
3489 1043 3634 1114 ligni

2001 1130 2160 1185 vetiti
2214 1135 2465 1203 gustum,
2527 1133 2776 1188 exsulem
2820 1133 2890 1188 ab
2943 1134 3160 1190 eisdem
3219 1135 3354 1190 fecit
3410 1136 3633 1207 gaudiis

2002 1223 2151 1294 (Gen.
2185 1241 2223 1292 ι,
2265 1227 2344 1296 ιι),
2389 1242 2571 1298 eoque
2615 1229 2847 1298 expulso
2895 1245 3012 1284 non
3063 1229 3269 1284 desinit
3312 1246 3414 1285 sua
3458 1245 3628 1285 vene-

1999 1336 2163 1386 nosa,
2206 1319 2401 1374 multis
2447 1320 2630 1374 modis
2668 1321 2946 1391 protelare
2991 1322 3202 1392 jacula,
3231 1327 3293 1378 ut
3328 1340 3362 1378 a
3403 1323 3492 1378 via
3531 1339 3627 1378 ve-

1999 1412 2179 1468 ritatis
2211 1413 2532 1468 humanum
2565 1413 2898 1469 abstrahens
2939 1429 3144 1485 genus,
3187 1415 3475 1472 idolorum
3505 1417 3627 1472 cul-

1997 1511 2164 1577 turae,
2194 1506 2453 1564 videlicet
2478 1512 2771 1579 creaturae,
2805 1512 2862 1564 et
2903 1524 3022 1564 non
3071 1509 3326 1566 Creatori
3350 1511 3629 1567 deservire

1999 1601 2252 1669 suadeat,
2285 1605 2566 1673 quatenus
2584 1618 2686 1674 per
2715 1603 2822 1658 hos
2846 1618 2941 1658 eos
2970 1619 3110 1675 quos
3140 1603 3254 1659 suis
3279 1604 3522 1660 voluerit
3548 1605 3626 1660 ir-

1999 1694 2169 1750 retire
2209 1695 2448 1764 insidiis,
2497 1713 2696 1752 secum
2741 1699 2959 1753 aeterno
3003 1697 3214 1754 efﬁciat
3255 1713 3626 1754 concreman-

1999 1789 2100 1843 dos
2129 1789 2425 1860 supplicio.
2465 1791 2572 1846 Sed
2604 1791 2754 1846 Deus
2781 1795 2995 1860 noster,
3029 1791 3296 1846 misertus
3337 1792 3630 1864 plasmatis

2000 1882 2107 1952 sui,
2136 1882 2386 1954 dirigens
2432 1886 2653 1939 sanctos
2700 1901 2832 1940 suos
2873 1885 3194 1957 pr0phetas,
3228 1901 3333 1958 per
3368 1902 3508 1958 quos
3535 1888 3625 1941 lu-

1997 1992 2135 2032 men
2163 1976 2370 2032 futurze
2399 1976 2547 2048 vitae,
2583 1978 2894 2034 adventum
2918 1978 3179 2035 videlicet
3225 1979 3346 2035 Filii
3385 1981 3472 2034 sui
3515 1981 3626 2034 Do-

1994 2069 2138 2125 mini
2173 2070 2274 2126 Dei
2321 2075 2378 2127 et
2417 2071 2711 2127 salvatoris
2753 2073 2932 2128 nostri
2973 2074 3104 2128 Jesu
3145 2073 3370 2141 Christi,
3401 2089 3624 2128 annun-

1993 2163 2144 2219 tians
2169 2164 2323 2221 misit
2347 2165 2616 2221 eumdem
2637 2166 2999 2238 unigenitum
3031 2165 3234 2221 Filium
3256 2183 3424 2222 suum
3450 2171 3508 2222 et
3533 2184 3622 2222 sa-

1993 2258 2224 2330 pientiae
2246 2259 2519 2315 Verbum.
2554 2260 2686 2330 Qui,
2727 2261 3074 2316 descendens
3100 2261 3170 2316 de
3197 2260 3354 2316 coelis
3391 2263 3626 2333 prapter

1995 2356 2244 2407 nostram
2271 2354 2531 2423 salutem,
2559 2357 2726 2410 natus
2768 2354 2838 2409 de
2883 2354 3094 2425 Spiritu
3131 2358 3327 2409 sancto
3355 2371 3422 2408 ex
3451 2355 3626 2410 Maria

1994 2445 2234 2517 virgine,
2267 2448 2500 2502 Verbum
2531 2463 2654 2502 caro
2682 2449 2892 2515 factum
2917 2452 3015 2511 est,
3047 2453 3096 2503 et
3145 2449 3414 2503 habitavit
3441 2451 3501 2503 in
3526 2465 3622 2503 ηο-

1997 2541 2075 2594 bis
2105 2539 2277 2610 (Joan.
2307 2557 2346 2606 1,
2379 2539 2482 2608 14),
2515 2557 2630 2594 non
2675 2541 2866 2595 amisit
2887 2541 3038 2612 quod
3084 2542 3288 2610 fuerat,
3321 2541 3422 2596 sed
3457 2542 3626 2612 ccepit

1994 2649 2112 2688 esse
2144 2633 2294 2703 quod
2337 2650 2450 2687 non
2491 2639 2635 2688 erat.
2670 2634 2851 2689 Deum
2891 2635 3212 2705 perfectum
3243 2638 3300 2688 et
3329 2634 3624 2690 hominem

1993 2727 2308 2798 perfectum
2335 2730 2398 2780 ut
2423 2729 2591 2795 Deus,
2609 2727 2893 2782 mirabilia
2923 2728 3242 2799 perﬁciens,
3275 2731 3332 2782 et
3357 2733 3423 2782 ut
3450 2728 3624 2782 homo

1994 2820 2270 2874 humanas
2300 2821 2589 2891 passiones
2621 2821 2920 2891 sustinens,
2953 2821 3032 2876 ita
3059 2822 3302 2875 Verbum
3327 2821 3624 2876 hominem

1995 2919 2051 2968 et
2075 2913 2321 2968 Verbum
2347 2915 2546 2982 Deum,
2569 2901 2916 2984 praedicante
2943 2916 3108 2970 Patre
3133 2917 3326 2968 nostro
3355 2913 3624 2970 Silvestro

1993 3023 2214 3061 summo
2237 3007 2525 3079 pontiﬁce,
2561 3007 2958 3080 intelligimus,
2981 3012 3046 3062 ut
3070 3023 3268 3062 verum
3296 3009 3495 3074 Deum,
3527 3024 3621 3062 ve-

1994 3118 2120 3154 rum
2141 3101 2438 3156 hominem
2451 3102 2620 3156 fuisse
2637 3102 2794 3157 nullo
2813 3103 2983 3157 modo
2998 3102 3150 3156 ambi
3158 3117 3380 3173 gamus.
3395 3101 3623 3156 Electis-

1993 3211 2104 3264 que
2135 3195 2438 3249 duodecim
2459 3195 2744 3266 apostolis,
2759 3194 3050 3250 miraculis
3070 3211 3266 3250 coram
3285 3195 3365 3249 eis
3386 3199 3443 3250 et
3461 3195 3627 3249 innu-

1996 3289 2282 3342 merabilis
2309 3289 2506 3360 p0puli
2532 3289 2900 3344 multitudine
2922 3289 3254 3343 coruscavit.
3281 3289 3627 3344 Conﬁtemur

1993 3382 2258 3436 eumdem
2293 3383 2596 3436 Dominum
2624 3384 2816 3438 Jesum
2849 3382 3138 3439 Christum
3179 3383 3518 3453 adimplesse
3543 3381 3623 3436 le-

1995 3492 2122 3546 gem
2169 3480 2225 3530 et
2267 3477 2593 3547 prophetas,
2643 3493 2890 3546 passum,
2939 3476 3273 3530 cruciﬁxum
3314 3475 3626 3529 secundum

1991 3568 2323 3639 Scripturas,
2370 3569 2536 3623 tertia
2582 3569 2673 3624 die
2719 3587 2753 3622 a
2798 3569 3042 3622 mortuis
3083 3568 3477 3637 resurrexisse,
3535 3584 3622 3620 as-

1990 3667 2285 3733 sumptum
2335 3661 2392 3716 in
2441 3663 2626 3730 caelos,
2679 3667 2850 3734 atque
2891 3662 3183 3716 sedentem
3224 3661 3293 3716 ad
3334 3661 3625 3716 dexteram

1989 3756 2187 3811 Patris.
2196 3737 2376 3904 Linde
2420 3760 2724 3811 venturum
2759 3755 3016 3827 judicare
3066 3754 3222 3810 vivos
3257 3758 3314 3810 et
3342 3757 3624 3822 mortuos,

1990 3851 2147 3904 cuius
2177 3850 2196 3904 i
2261 3850 2406 3904 nerii
2439 3867 2558 3904 non
2588 3849 2697 3904 erit
2723 3849 2870 3904 ﬁnis.
2899 3851 3028 3904 Haec
3067 3853 3152 3904 est
3180 3850 3333 3904 enim
3355 3847 3494 3903 ﬁdes
3521 3866 3622 3903 no-

1990 3851 2147 3922 cujus
2177 3847 2406 3922 i'mperii
2439 3867 2558 3904 non
2588 3849 2697 3904 erit
2723 3849 2870 3904 ﬁnis.
2899 3851 3028 3904 Haec
3067 3853 3152 3906 est
3180 3850 3333 3905 enim
3355 3847 3494 3903 ﬁdes
3521 3866 3622 3903 no-

1991 3946 2124 4011 stra,
2153 3943 2445 4014 catholica,
2475 3943 3200 4021 orthodoxa,abeatissimno
3233 3945 3398 3998 Patre
3427 3945 3624 3997 nostro

1990 4037 2251 4093 Silvestro
2280 4055 2502 4093 summo
2534 4039 2799 4109 pontiﬁce
2825 4038 2986 4092 nobis
3011 4038 3252 4109 prolata.

2061 4133 2374 4188 Exhortans
2417 4131 2626 4186 idcirco
2676 4148 2907 4187 omnem
2947 4133 3241 4203 populum,
3281 4136 3338 4186 et
3381 4131 3628 4186 diversas

1992 4227 2250 4297 gentium
2273 4226 2533 4281 nationes
2560 4226 2706 4280 hanc
2732 4225 2908 4281 ﬁdem
2937 4230 3151 4295 tenero,
3182 4225 3365 4280 colere
3395 4229 3451 4280 et
3475 4242 3623 4296 prae-

1991 4319 2200 4388 dicare,
2245 4323 2301 4374 et
2345 4319 2408 4372 in
2455 4323 2666 4374 sanctae
2713 4319 3001 4374 Trinitatis
3056 4319 3291 4374 nomine
3332 4318 3624 4390 aptissime

1991 4413 2235 4484 gratiam
2255 4413 2546 4484 consequi,
2574 4418 2632 4468 et
2655 4413 2958 4468 Dominum
2972 4416 3233 4468 nostrum
3251 4415 3447 4468 Jesum
3462 4412 3622 4466 Chri-

1990 4509 2138 4560 stum
2175 4506 2532 4574 salvatorem,
2585 4507 2682 4577 qui
2727 4523 2858 4561 cum
2900 4507 3065 4561 Patre
3095 4511 3151 4560 et
3182 4505 3395 4576 Spiritu
3426 4508 3623 4560 sancto

1988 4617 2090 4672 per
2114 4599 2334 4654 inﬁnita
2363 4599 2568 4654 saecula
2612 4599 2745 4654 vivit
2774 4603 2830 4654 et
2859 4605 3082 4670 regnat.
3117 4600 3294 4664 Quem
3335 4597 3620 4665 Silvester,
3651 4652 3661 4662 ,

1988 4693 2344 4750 beatissimus
2373 4695 2539 4748 Pater
2561 4696 2757 4748 noster
2789 4693 3143 4761 universalis,
3174 4691 3444 4762 praedicat
3474 4706 3619 4762 pon-

257 4789 544 4842 Do-minum
581 4793 842 4852 nostrum,
881 4806 982 4860 per
1013 4807 1167 4860 quem
1212 4795 1396 4846 creata
1433 4795 1562 4846 sunt
1595 4795 1793 4847 omnia.
1822 4791 1970 4862 EtD
1995 4789 2129 4844 tifex
2155 4789 2320 4842 corde
2348 4788 2546 4842 devoto
2573 4787 2825 4842 adorare.
2860 4787 2978 4857 Ipse
3007 4785 3160 4840 enim
3188 4783 3466 4839 Dominus
3516 4801 3621 4839 no-

257 4881 310 4934 in
337 4881 610 4952 Spiritum
637 4888 882 4938 sanctum
907 4887 1208 4948 Dominum,
1259 4890 1309 4939 et
1349 4887 1735 4954 vi-viﬁcatorem
1764 4889 1888 4952 uni-

255 4989 419 5028 versa
462 4980 743 5036 creatum.
788 4979 882 5032 hos
927 4981 1144 5034 Patrem
1186 4984 1237 5036 et
1263 4980 1482 5042 Filium,
1529 4983 1581 5034 et
1626 4980 1892 5050 Spiritum

251 5072 498 5122 sanctum
525 5073 854 5139 conﬁtemur,
905 5074 986 5126 ita
1029 5079 1090 5128 ut
1135 5076 1191 5127 in
1247 5075 1513 5129 Trinitate
1545 5075 1808 5144 perfecta,
1844 5076 1896 5128 et

247 5162 536 5231 plenitudo
578 5165 650 5218 sit
681 5165 1005 5228 divinitatis,
1054 5171 1104 5222 et
1148 5170 1331 5222 unitas
1371 5170 1674 5238 potestatis,
1735 5171 1896 5223 Pater

253 5259 408 5318 Deus,
459 5257 632 5312 Filius
677 5261 836 5320 Deus,
886 5264 937 5314 et
979 5261 1216 5330 Spiritus
1258 5264 1474 5317 sanctus
1519 5265 1678 5325 Deus,
1709 5267 1759 5318 et
1790 5267 1894 5318 tres

251 5365 420 5404 unum
459 5355 588 5405 sunt
623 5353 682 5406 in
725 5354 846 5407 Jesu
893 5351 1121 5409 Christo.
1151 5355 1286 5408 Tres
1323 5353 1516 5426 itaque
1541 5354 1762 5422 formae,
1795 5357 1892 5411 sed

255 5459 366 5496 una
417 5445 690 5514 potestas.
747 5446 891 5500 Nam
951 5446 1178 5519 sapiens
1241 5449 1396 5503 retro
1466 5463 1694 5519 semper
1745 5447 1892 5503 De'us

254 5535 428 5591 edidit
482 5553 546 5592 ex
595 5555 674 5607 se,
734 5556 839 5610 per
895 5541 1050 5612 quod
1103 5558 1330 5614 semper
1379 5545 1542 5597 erant
1601 5541 1890 5614 gignenda

253 5632 496 5697 saecula,
555 5621 988 5742 Verbum.,jEt,
1055 5635 1284 5707 quando
1347 5636 1547 5692 eodem
1600 5636 1716 5690 solo
1775 5651 1891 5690 suae

253 5724 548 5795 sapientiae
617 5729 798 5782 Verbo
847 5724 1192 5785 '11niversam
1262 5747 1328 5785 ex
1381 5731 1562 5785 nihilo
1627 5729 1892 5785 formavit

253 5823 612 5890 creaturam,
689 5839 820 5876 cum
897 5839 962 5876 eo
1034 5827 1156 5878 erat
1229 5827 1432 5879 cuncta
1511 5841 1611 5878 suo
1687 5839 1890 5878 arcano

254 5927 606 5982 componens
676 5917 982 5985 mysterio,
1049 5917 1222 5989 igitur
1285 5917 1551 5990 perfectis
1614 5917 1887 5973 ρωΙοιῚΠη

1991 4888 2108 4938 ster
2153 4882 2418 4936 misertus
2460 4880 2605 4936 mihi
2655 4879 2954 4952 peccatori,
3001 4879 3156 4933 misit
3210 4881 3436 4934 sanctos
3491 4895 3624 4934 suos

1992 4978 2276 5048 apostolos
2303 4977 2374 5030 ad
2393 4975 2734 5030 visitandum
2753 4991 2874 5042 nos,
2894 4978 2948 5028 et
2977 4974 3174 5028 lumen
3201 4973 3288 5027 sui
3307 4973 3626 5044 splendoris

1992 5071 2207 5126 infulsit
2235 5069 2418 5137 nobis,
2466 5073 2523 5124 et
2563 5071 2910 5124 abstractum
2955 5084 2988 5122 a
3039 5067 3296 5122 tenebris
3332 5068 3404 5121 ad
3431 5083 3624 5122 veram

1991 5167 2178 5220 lucem
2209 5167 2266 5219 et
2288 5163 2643 5234 agnitionem
2671 5178 2764 5216 me
2793 5161 3014 5216 venisse
3041 5161 3430 5232 gratulamini.
3453 5165 3620 5229 Nam,

1993 5260 2128 5314 dum
2159 5258 2348 5314 valida
2384 5256 2659 5329 squaloris
2689 5255 2847 5326 lepra
2883 5259 3062 5311 totam
3095 5255 3210 5310 mei
3254 5255 3506 5328 corporis
3533 5255 3620 5310 in-

1990 5354 2226 5409 vasisset
2267 5367 2520 5418 carnem,
2567 5353 2623 5404 et
2672 5350 2990 5405 multorum
3019 5349 3376 5405 medicorum
3420 5366 3619 5404 conve-

1991 5448 2274 5503 nientium
2301 5461 2434 5500 cura
2462 5443 2850 5514 adhiberetur,
2883 5460 2990 5500 nec
3015 5443 3188 5499 ullius
3217 5443 3448 5516 quidem
3487 5459 3623 5498 cura

1989 5540 2502 5612 promeruissemus
2528 5539 2792 5608 salutem,
2820 5539 2892 5594 ad
2923 5539 3028 5594 hoc
3053 5541 3334 5594 venerunt
3357 5537 3618 5592 sacerdo-

1990 5639 2074 5688 tes
2102 5632 2364 5704 Capitolii
2389 5631 2661 5700 dicentes,
2705 5632 2848 5688 mihi
2892 5633 3098 5688 debere
3141 5631 3266 5686 ﬁeri
3308 5631 3524 5684 fontem
3557 5629 3620 5684 in

1988 5725 2261 5799 Capitolio
2291 5729 2348 5781 et
2377 5726 2651 5798 compleri
2701 5727 2855 5782 hunc
2896 5725 3286 5781 innocentium
3315 5721 3616 5794 sanguine,

1990 5825 2045 5878 et
2069 5820 2128 5876 in
2149 5835 2216 5876 eo
2243 5821 2458 5876 calente
2501 5820 2626 5876 loco
2669 5836 2764 5876 me
2803 5837 2968 5892 posse
3004 5815 3288 5873 mundari.
3319 5816 3387 5870 Et
3413 5831 3615 5872 secun-

1989 5917 2126 5973 dum
2154 5932 2352 5974 eorum
2382 5915 2550 5984 dicta,
2579 5914 2906 5988 aggregatis
2929 5910 3188 5984 plurimis
3217 5909 3616 5966 innocentibus
