4058 6308
434 352 538 411 247

1322 353 1606 409 ΑΡΡΕΝΙ).
1648 351 1738 406 AD
1776 352 1934 407 SASC.
1980 350 2065 406 1Χ.
2097 379 2164 391 —
2204 350 2445 409 ISlDORl
2484 350 2907 408 MERCATORIS

3698 352 3807 407 248

432 460 766 531 infantibus,
796 460 936 518 dum
959 461 1171 517 vellent
1201 461 1457 533 sacrilegi
1490 476 1847 532 paganorum
1876 476 2066 515 sacer-
2088 471 2149 547 Α
2169 460 2579 534 Benedictoque
2622 461 2798 529 fonte,
2831 458 2943 515 illic
2985 475 3078 515 me
3118 460 3272 515 trina
3317 456 3607 515 mersione
3647 459 3810 515 unda

433 558 593 614 dotes
621 573 716 614 eos
735 557 993 626 mactari,
1026 560 1082 612 et
1103 574 1171 611 ex
1197 572 1393 612 eorum
1415 554 1697 626 sanguine
1725 554 1946 609 fontem
1972 571 2067 609 re-

432 651 597 722 pleri,
648 666 884 706 cernens
929 650 1204 705 serenitas
1245 653 1440 704 nostra
1486 649 1771 720 lacrymas
1814 652 2070 703 matrum

436 761 653 811 eorum,
699 744 847 799 illico
891 743 1154 799 exhorrui
1201 743 1443 812 facinus,
1487 742 1899 813 miseratusque
1950 758 2064 809 eas,

432 838 696 910 proprios
736 838 846 893 illis
883 837 1110 893 restitui
1138 836 1518 909 praecepimus
1542 834 1687 890 ﬁlios
1712 851 1863 905 suos,
1894 834 2068 891 datis~

434 948 547 1003 que
575 931 845 986 vehiculis
885 936 942 986 et
980 931 1139 985 donis
1170 929 1448 985 concessis
1476 929 1811 1000 gaudentes,
1841 927 1913 983 ad
1934 945 2067 1000 pro-

438 1026 561 1097 pria
586 1024 986 1080 relaxavimus.

505 1119 718 1173 Eadem
750 1118 928 1188 igitur
970 1121 1256 1172 transacta
1301 1117 1411 1187 die,
1448 1132 1552 1188 per
1596 1118 1879 1170 nocturna
1910 1115 2070 1170 nobis

433 1213 579 1268 facta
601 1212 843 1279 silentia,
868 1212 1007 1266 dum
1030 1210 1216 1265 somni
1243 1215 1470 1281 tempus
1495 1209 1834 1275 advenisset,
1862 1208 2072 1263 adsunt

435 1305 674 1378 apostoli
712 1310 940 1361 sanctus
980 1307 1182 1360 Petrus
1231 1308 1288 1358 et
1333 1305 1557 1372 Paulus,
1588 1303 1840 1358 dicentes
1879 1302 2066 1357 mihi:

439 1422 465 1450 ‹‹
492 1399 769 1465 Quoniam
796 1398 1027 1468 ﬂagitiis
1044 1397 1278 1469 posuisti
1299 1398 1627 1466 terminum,
1650 1400 1709 1451 et
1734 1395 2071 1451 effusionem

438 1493 736 1565 sanguinis
762 1492 1079 1547 innocentis
1119 1491 1410 1562 horruisti,
1438 1492 1595 1546 missi
1620 1507 1814 1545 sumus
1844 1507 1878 1545 a
1905 1490 2066 1547 Chri-

435 1592 521 1642 sto
551 1585 790 1641 Domino
832 1586 946 1640 Deo
994 1588 1190 1641 nostro
1236 1586 1370 1641 dare
1407 1585 1510 1640 tibi
1550 1584 1807 1640 sanitatis
1831 1601 2066 1655 recupe-

437 1680 633 1735 randae
661 1679 981 1735 consilium.
1028 1679 1175 1734 Audi
1222 1695 1358 1751 ergo
1404 1678 1624 1734 monita
1660 1682 1871 1745 nostra,
1899 1681 1956 1733 et
1982 1678 2071 1732 fac

439 1773 820 1845 quodcunque
846 1772 1165 1828 indicamus
1184 1773 1306 1828 tibi.
1340 1772 1617 1842 Silvester,
1645 1772 1944 1844 episcopus
1968 1772 2070 1827 hu-

2172 555 2369 610 salutis
2412 555 2744 626 puriﬁcavit.
2794 554 3100 626 Positoque
3143 571 3234 608 me
3280 553 3342 607 in
3384 553 3556 608 fontis
3587 552 3809 625 gremio

2172 666 2411 703 manum
2452 649 2522 702 de
2571 649 2709 703 ccelo
2743 666 2833 703 me
2860 648 3287 719 contingentem
3333 648 3575 719 propriis
3627 648 3808 702 oculis

2169 742 2302 797 vidi.
2338 744 2412 797 De
2443 759 2557 812 qua
2584 742 2834 797 mundus
2855 758 3166 813 exsurgens
3192 742 3263 795 ab
3292 741 3449 796 omni
3492 758 3587 797 me
3628 742 3803 813 lepraa

2171 836 2434 908 squalore
2485 837 2823 890 mandatum
2866 836 3177 907 agnoscite,
3232 836 3528 907 levatoque
3588 852 3683 889 me
3732 836 3805 890 de

2169 930 2480 983 venerabili
2511 930 2667 982 fonte
2711 930 2940 984 indutus
2975 929 3220 984 vestibus
3246 928 3505 983 candidis
3533 929 3802 1000 septifor-

2168 1025 2276 1077 mis
2302 1023 2503 1093 gratiae
2540 1022 2720 1077 sancti
2753 1023 2996 1094 Spiritus
3021 1022 3510 1093 consignationem
3543 1022 3807 1077 adhibuit

2169 1117 2318 1172 beati
2366 1116 2682 1171 chrismatis
2715 1116 2995 1185 unctione,
3029 1119 3086 1171 et
3113 1116 3382 1171 vexillum
3426 1120 3637 1171 sanctae
3672 1133 3802 1169 cru-

2170 1210 2247 1264 cis
2274 1211 2330 1264 in
2359 1228 2487 1264 mea
2521 1211 2705 1264 fronte
2734 1210 2921 1264 linivit
2947 1210 3142 1265 dicens
3180 1226 3192 1264 :
3219 1211 3413 1277 Signat
3455 1214 3505 1264 te
3549 1213 3684 1265 Deus
3726 1212 3800 1262 si-

2170 1305 2300 1374 gillo
2328 1305 2454 1373 fidei
2496 1320 2605 1360 suae
2633 1324 2648 1358 :
2677 1308 2740 1360 In
2769 1307 2985 1358 nomine
3010 1305 3207 1366 Patris,
3240 1308 3290 1358 et
3314 1304 3460 1366 Filii,
3491 1308 3541 1358 et
3565 1305 3806 1373 Spiritus

2169 1400 2381 1461 sancti,
2432 1400 2491 1452 in
2544 1400 2942 1467 consignatione
2994 1398 3141 1467 ﬁdei.
3201 1397 3563 1468 Cunctusque
3618 1397 3803 1451 clerus

2168 1491 2479 1562 respondit,
2505 1492 2697 1546 Amen.
2733 1492 2799 1545 Et
2822 1490 3030 1560 adjecit
3045 1492 3252 1561 praesul
3284 1507 3297 1544 :
3329 1493 3448 1545 Pax
3475 1491 3593 1545 tibi.
3610 1490 3803 1544 Prima

2166 1584 2362 1656 itaque
2390 1584 2480 1639 die
2510 1590 2634 1656 post
2661 1589 2994 1656 perceptum
3022 1583 3163 1637 sacri
3192 1584 3549 1655 baptismatis
3585 1589 3799 1655 myste-

2169 1677 2321 1733 rium
2349 1682 2406 1733 et
2430 1683 2556 1749 post
2587 1678 2940 1733 curationem
2963 1677 3216 1749 corporis
3245 1678 3358 1732 mei
3385 1693 3419 1731 a
3443 1678 3617 1748 lepra:
3637 1694 3803 1748 squa-

2168 1771 2290 1827 lore
2320 1772 2525 1844 agnovi
2552 1788 2672 1827 non
2697 1788 2819 1827 esse
2848 1771 3023 1826 alium
3048 1772 3229 1826 Deum
3253 1770 3362 1825 nisi
3387 1772 3614 1826 Patrem
3636 1774 3693 1826 et
3710 1772 3801 1825 Fi-

430 1842 527 1938 jus
557 1842 816 1937 civitatis,
847 1866 921 1921 ad
944 1869 1203 1922 montem
1232 1867 1479 1922 Soractze
1506 1842 1923 1937 persecutiones
1941 1869 2070 1920 tuas
2089 1842 2146 1914 B
2169 1866 2311 1921 lium
2341 1842 2398 1922 et
2428 1865 2702 1939 Spiritum
2745 1870 3024 1933 sanctum,
3071 1881 3244 1936 quem
3287 1865 3489 1919 beatus
3537 1865 3804 1921 Silvester

436 1959 686 2031 fugiens,
716 1959 776 2014 in
796 1959 1052 2016 cavernis
1079 1962 1374 2032 petrarum
1401 1976 1532 2015 cum
1553 1959 1668 2015 suis
1696 1958 1908 2014 clericis
1932 1959 2070 2013 late-

433 2053 596 2108 bram
624 2054 796 2123 fovet,
829 2055 982 2109 hunc
1010 2054 1085 2108 ad
1109 2059 1165 2109 te
1194 2070 1325 2109 cum
1358 2053 1679 2121 adduxeris,
1708 2053 1828 2124 ipse
1856 2052 1957 2107 tibi
1986 2052 2072 2123 pi-

434 2147 649 2203 scinam
674 2147 900 2219 pietatis
925 2147 1208 2219 ostendet,
1235 2148 1297 2202 in
1324 2163 1437 2219 qua
1467 2147 1605 2202 dum
1633 2150 1689 2201 te
1715 2146 1886 2202 tertio
1916 2162 2065 2201 mer-

433 2241 587 2309 serit,
629 2242 816 2296 omnis
850 2247 906 2297 te
935 2241 1196 2296 valetudo
1243 2241 1351 2296 ista
1395 2238 1618 2296 deseret
1664 2240 2069 2315 lepra3._Quod

433 2335 571 2390 dum
589 2335 804 2391 factum
831 2335 1020 2403 fuerit,
1041 2335 1192 2390 hanc
1216 2333 1666 2390 vicissitudinem
1691 2337 1787 2389 tuo
1805 2334 2068 2389 salvatori

433 2445 763 2500 compensa,
790 2433 852 2485 ut
877 2446 1074 2484 omnes
1096 2430 1258 2499 jussu
1283 2432 1384 2483 tuo
1414 2444 1519 2501 per
1545 2430 1727 2482 totum
1757 2428 1953 2482 orbem
1983 2444 2067 2482 re-

433 2526 761 2578 staurentur
792 2523 1062 2578 ecclesias.
1092 2525 1165 2578 Te
1191 2527 1385 2578 autem
1416 2522 1604 2593 ipsum
1647 2521 1708 2575 in
1752 2523 1857 2576 bac
1907 2525 2065 2592 parte

432 2617 691 2688 puriﬁca,
734 2621 799 2672 ut
851 2617 1047 2672 relicta
1094 2616 1252 2672 omni
1306 2615 1706 2688 superstitione
1759 2615 2062 2682 idolorum,

432 2711 611 2766 Deum
642 2711 832 2765 vivum
863 2716 921 2765 et
952 2727 1173 2777 verum,
1202 2710 1299 2782 qui
1337 2710 1490 2765 solus
1516 2713 1601 2764 est
1627 2714 1684 2764 et
1708 2725 1892 2776 verus,
1925 2708 2061 2763 ado-

432 2821 522 2858 res
552 2808 609 2858 et
633 2804 870 2872 excolas,
913 2809 975 2857 ut
1004 2805 1077 2857 ad
1112 2805 1466 2858 voluntatem
1493 2803 1761 2874 attingas.
1795 2823 1822 2854 »
1855 2804 2062 2856 Exsur-

435 2914 575 2967 gens
602 2897 777 2966 igitur
802 2914 834 2949 a
861 2912 1085 2964 somno,
1117 2896 1371 2966 protinus
1397 2896 1561 2966 juxta
1598 2896 1657 2949 id
1680 2895 1835 2966 quod
1875 2913 1907 2949 a
1934 2912 2062 2950 san-

433 2990 536 3044 ctis
574 2990 840 3060 apostolis
886 2990 1215 3043 admonitus
1258 3005 1405 3056 sum,
1434 2988 1650 3060 peregi,
1680 2989 2063 3060 advocatoque

432 3084 637 3138 eodem
674 3083 963 3154 praecipuo
997 3087 1053 3137 et
1083 3082 1381 3154 magniﬁco
1408 3084 1566 3137 Patre
1595 3086 1651 3136 et
1680 3081 2063 3137 illuminatore

432 3182 627 3231 nostro
672 3176 956 3244 Silvestre,
1004 3176 1308 3231 universali
1352 3193 1520 3249 papa,
1557 3175 1748 3231 omnia
1786 3194 1820 3231 a
1861 3177 2062 3230 sanctis

431 3270 700 3341 apostolis
741 3270 883 3324 mihi
920 3275 1204 3341 praecepta
1241 3270 1354 3325 dixi
1395 3270 1587 3324 verba.
1624 3270 1937 3325 Percontati
1965 3287 2059 3324 su-

432 3381 562 3418 mus
602 3365 670 3418 ab
716 3382 782 3419 eo
824 3364 921 3436 qui
951 3363 1041 3418 isti
1085 3364 1163 3419 dii
1192 3366 1381 3419 essent
1408 3366 1604 3419 Petrus
1631 3367 1687 3419 et
1711 3365 1931 3419 Paulus.
1968 3364 2061 3419 llle
2098 3391 2104 3455 ἑ

430 3474 561 3513 vero
592 3476 705 3513 non
734 3475 826 3513 eos
853 3459 987 3513 deos
1016 3476 1144 3513 vere
1170 3458 1300 3526 dici,
1334 3459 1432 3513 sed
1464 3459 1741 3530 apostolos
1775 3458 2061 3512 salvatoris

430 3552 609 3607 nostri
635 3552 861 3607 Domini
888 3551 985 3607 Dei
1006 3553 1135 3607 Jesu
1163 3551 1369 3608 Christi
1398 3552 1711 3622 respondit.
1744 3552 1812 3606 Et
1837 3568 2061 3606 rursum

430 3644 779 3717 interrogare
810 3646 1083 3716 coepimus
1114 3646 1380 3700 eumdem
1406 3644 1798 3699 beatissimum
1832 3662 2057 3716 papam,

431 3744 620 3793 utrum
658 3740 895 3793 istorum
925 3739 1316 3810 apostolorum
1343 3738 1624 3809 imagines
1649 3755 1939 3809 expressas
1964 3739 2062 3793 ha-

426 3833 606 3899 beret,
633 3836 695 3886 ut
732 3848 800 3886 ex
826 3832 1047 3903 pictura
1072 3832 1418 3886 disceremus
1447 3833 1548 3884 hos
1576 3849 1697 3886 esse
1725 3848 1868 3903 quos
1898 3848 2058 3887 reve-

427 3923 559 3979 latio
587 3924 876 3979 docuerat.
905 3926 1060 3978 Tunc
1094 3924 1246 3979 idem
1278 3924 1613 3979 venerabilis
1653 3926 1816 3979 Pater
1855 3924 2056 3996 imagi-

427 4034 527 4071 nes
554 4017 892 4072 eorumdem
918 4018 1304 4088 apostolorum
1334 4034 1437 4088 per
1466 4017 1771 4073 diaconum
1791 4034 1957 4073 suum
1975 4035 2062 4073 ex-

431 4110 612 4165 hiberi
634 4111 921 4182 praacepit,
947 4127 1084 4182 quas
1111 4112 1251 4165 dum
1273 4111 1581 4182 aspicerem
1605 4115 1659 4166 et
1686 4127 1901 4182 eorum,
1918 4128 2060 4183 quos

427 4204 488 4258 in
519 4220 717 4259 somno
753 4205 1007 4259 videram
1034 4204 1306 4276 ﬁguratos
1337 4207 1398 4260 in
1429 4205 1564 4277 ipsis
1591 4206 1935 4278 imaginibus
1966 4224 2055 4261 co-

428 4297 749 4369 gnovissem
790 4299 996 4370 vultus,
1024 4298 1245 4371 ingenti
1288 4301 1537 4355 clamore
1574 4317 1765 4355 coram
1796 4301 2059 4355 omnibus

425 4392 662 4463 satrapis
694 4393 833 4447 meis
867 4394 1157 4449 confessus
1184 4411 1311 4449 sum
1336 4410 1430 4449 eos
1461 4410 1580 4449 esse
1601 4411 1739 4466 quos
1768 4395 1826 4449 in
1857 4412 2057 4450 somno

422 4486 693 4542 videram.

2168 1977 2318 2033 papa
2369 1959 2659 2032 praedicat,
2714 1961 3013 2015 trinitatem
3063 1961 3123 2014 in
3159 1962 3390 2022 unitate,
3435 1961 3702 2015 unitatem
3744 1961 3804 2013 in

2171 2057 2434 2110 trinitate.
2467 2054 2605 2108 Nam
2634 2069 2833 2109 omnes
2854 2052 2930 2108 dii
2962 2053 3222 2125 gentium
3249 2069 3394 2125 quos
3411 2069 3592 2124 usque
3612 2053 3805 2107 hacte-

2170 2165 2274 2201 nus
2326 2147 2491 2213 colui,
2549 2147 2853 2215 daemonia,
2905 2163 3078 2219 opera
3124 2145 3427 2202 hominum
3470 2147 3805 2202 manufacta

2168 2258 2292 2296 com
2299 2242 2635 2313 probantur.
2650 2241 2874 2296 Etenim
2888 2245 3160 2312 quantam
3175 2244 3512 2312 potestatem
3522 2240 3675 2297 idem
3687 2241 3805 2296 Sal-

2167 2339 2323 2390 vator
2349 2337 2544 2390 noster
2572 2352 2673 2389 suo
2709 2334 2962 2406 apostolo
2991 2334 3162 2389 beato
3207 2336 3372 2391 Petro
3414 2335 3714 2390 contulerit
3738 2334 3803 2389 in

2167 2430 2307 2483 coelo
2344 2447 2408 2483 ac
2454 2434 2605 2484 terra
2656 2428 2999 2484 lucidissime
3040 2428 3205 2483 nobis
3255 2428 3413 2484 idem
3459 2428 3803 2484 venerabilis

2165 2525 2335 2578 Pater
2358 2522 2553 2589 edixit,
2577 2523 2717 2578 dum
2745 2521 2975 2577 ﬁdelem
2995 2539 3130 2578 eum
3151 2522 3213 2577 in
3232 2539 3332 2577 sua
3351 2523 3802 2594 interrogatione

2163 2616 2456 2671 inveniens
2489 2616 2569 2671 ait
2601 2633 2614 2671 :
2652 2638 2681 2666 «
2704 2618 2785 2672 Tu
2809 2633 2868 2672 es
2894 2619 3090 2672 Petrus
3119 2620 3175 2672 et
3206 2633 3375 2688 super
3400 2617 3545 2672 hanc
3572 2621 3801 2688 petram

2167 2710 2461 2765 aedificabo
2489 2709 2795 2766 Ecclesiam
2820 2727 3009 2766 meam
3037 2716 3092 2766 et
3120 2714 3301 2783 portae
3326 2710 3494 2766 inferi
3514 2727 3629 2765 non
3657 2727 3802 2782 prae-

2164 2805 2428 2860 valebunt
2451 2805 2719 2859 adversus
2746 2821 2876 2859 eam
2918 2805 3132 2875 (Matth.
3177 2821 3285 2875 XVI,
3325 2804 3476 2875 18).»
3511 2805 3800 2860 Advertite

2164 2900 2430 2969 potentes
2451 2902 2507 2952 et
2535 2915 2672 2953 aure
2702 2898 2884 2953 cordis
2912 2898 3210 2969 intendite,
3244 2897 3386 2970 quid
3410 2898 3595 2952 bonus
3620 2898 3798 2969 Magi-

2166 2996 2280 3046 ster
2309 2995 2366 3045 et
2403 2992 2676 3046 Dominus
2721 3008 2823 3046 suo
2870 2992 3144 3063 discipulo
3177 2992 3452 3063 adjunxit,
3484 2991 3749 3063 inquiens
3781 3010 3795 3046 :

2167 3104 2194 3137 «
2225 3084 2609 3156 Quodcunque
2636 3086 2898 3157 ligaveris
2919 3102 3089 3157 super
3104 3090 3337 3154 terram,
3361 3086 3725 3157 eritligatum
3744 3092 3801 3140 et

2083 3212 2137 3287 Ο
2166 3177 2222 3232 in
2252 3178 2406 3233 caelis
2433 3179 2588 3247 (Ibid.
2621 3179 2723 3249 19).
2756 3201 2783 3228 »
2831 3179 3032 3235 Mirum
3063 3184 3147 3233 est
3174 3179 3284 3280 hoc
3311 3180 3472 3234 valde
3501 3182 3560 3234 et
3586 3179 3794 3250 glorio-

2162 3288 2290 3326 sum
2318 3271 2377 3326 in
2406 3274 2559 3327 terra
2583 3272 2762 3344 ligare
2796 3276 2852 3327 et
2875 3273 3108 3342 solvere,
3135 3276 3190 3327 et
3217 3270 3275 3327 in
3307 3274 3446 3328 coelo
3472 3273 3713 3344 ligatum
3741 3279 3800 3329 et

2161 3366 2411 3419 solutum
2443 3382 2580 3420 esse.
2620 3368 2706 3433 Et,
2754 3366 2893 3420 dum
2932 3367 3053 3421 haec
3100 3366 3448 3437 praedicante
3478 3367 3647 3422 beato
3691 3366 3794 3422 Sil-

2160 3463 2343 3513 vestre
2372 3476 2741 3531 agnoscerem
2769 3464 2826 3514 et
2854 3460 3144 3514 beneﬁciis
3164 3460 3344 3532 ipsius
3362 3460 3513 3532 beati
3536 3460 3686 3515 Petri
3713 3461 3799 3515 in-

2160 3552 2466 3622 tegerrime
2496 3552 2725 3607 sanitati
2743 3570 2835 3608 me
2854 3553 3103 3625 comperi
3126 3528 3632 3639 restitutum,|utile
3652 3553 3797 3629 judi-

2161 3645 2408 3700 cavimus
2435 3663 2549 3700 una
2575 3664 2705 3701 cum
2735 3646 3000 3701 omnibus
3040 3648 3248 3702 nostris
3287 3647 3525 3719 satrapis
3566 3650 3624 3702 et
3667 3648 3790 3702 uni-

2161 3756 2323 3794 verso
2356 3743 2575 3808 senatu,
2604 3740 2969 3812 Optimatibus
2994 3742 3153 3811 meis,
3179 3741 3350 3797 etiam
3377 3744 3435 3795 et
3461 3745 3663 3796 cuncto
3695 3759 3793 3813 po-

2160 3833 2293 3903 pulo
2327 3834 2580 3888 Romano
2613 3835 2807 3905 gloriae
2834 3834 3063 3905 imperii
3112 3834 3445 3905 subjacenti,
3473 3837 3538 3889 ut
3565 3834 3710 3890 sicut
3734 3835 3792 3889 in

2159 3926 2325 3981 terris
2354 3909 2595 3981 vicarius
2613 3927 2735 3982 Filii
2752 3928 2850 3983 Dei
2873 3944 2992 3982 esse
3013 3927 3238 3983 videtur
3254 3927 3603 3995 constitutus,
3620 3927 3790 3982 etiam

2161 4021 2218 4073 et
2245 4019 2561 4090 pontifices,
2610 4021 2706 4092 qui
2748 4021 2926 4092 ipsius
2970 4021 3240 4093 principis
3282 4022 3671 4092 apostolorum
3699 4039 3769 4093 ge

2158 4116 2293 4168 runt
2334 4113 2482 4169 vices
2535 4114 2906 4185 principatus,
2947 4119 3286 4186 potestatem
3335 4115 3576 4186 amplius
3617 4132 3793 4187 quam

2158 4211 2466 4278 terrenam,
2494 4208 2810 4280 imperialis
2836 4213 3047 4264 nostrai
3068 4209 3383 4265 serenitatis
3412 4210 3790 4265 mansuetudo

2159 4301 2366 4356 habere
2387 4301 2614 4357 videtur
2634 4319 2957 4358 concessam
2984 4321 3017 4357 a
3037 4302 3197 4357 nobis
3218 4306 3523 4375 nostroque
3545 4303 3789 4376 imperio

2157 4394 2471 4465 obtineant,
2491 4395 2765 4467 eligentes
2785 4397 2949 4451 nobis
2974 4397 3163 4468 ipsum
3182 4396 3499 4469 principem
3523 4398 3790 4468 apostolo-

2157 4505 2285 4543 rum
2316 4490 2402 4543 vel
2431 4489 2551 4560 ejus
2580 4489 2821 4546 viearios
2848 4491 3048 4546 ﬁrmos
3076 4492 3226 4562 apud
3251 4491 3429 4546 Deum
3460 4508 3579 4545 esse
3600 4495 3789 4562 patro-

493 4581 574 4635 Ad
603 4581 721 4637 haec
750 4580 1107 4637 beatissimus
1155 4581 1307 4636 idem
1338 4582 1602 4638 Silvester
1644 4583 1813 4637 Pater
1841 4586 2051 4653 noster,
2074 4587 2133 4660 D
2155 4600 2278 4653 nos,
2311 4587 2367 4637 et
2393 4582 2535 4638 sicut
2562 4588 2753 4640 nostra
2783 4588 2869 4639 est
2914 4588 3142 4640 terrena
3172 4584 3485 4658 imperialis
3514 4585 3785 4657 potentia,

422 4674 576 4730 urbis
593 4676 787 4732 Romae
804 4676 1098 4748 episcopus
1125 4675 1329 4731 indixit
1351 4676 1515 4732 nobis
1545 4677 1894 4749 paenitentiae
1915 4682 2056 4732 tem-

422 4785 526 4840 pus
545 4769 692 4824 intra
717 4770 998 4842 palatium
1024 4775 1280 4825 nostrum
1308 4768 1711 4840 Lateranense,
1744 4771 1803 4824 in
1838 4787 1947 4824 uno
1973 4771 2049 4825 ci-

419 4862 569 4932 licio,
615 4866 682 4917 ut
719 4864 913 4918 omnia
959 4881 1088 4936 quae
1132 4882 1162 4918 a
1213 4864 1376 4919 nobis
1408 4864 1581 4934 impie
1624 4868 1855 4934 peracta
1882 4869 2051 4935 atque

419 4955 626 5027 injuste
657 4956 927 5027 disposita
964 4958 1210 5026 fuerant,
1238 4957 1464 5029 vigiliis,
1492 4956 1725 5027 jejuniis
1755 4960 1926 5027 atque
1964 4958 2050 5011 la-

421 5048 629 5119 crymis
650 5053 706 5103 et
719 5050 1068 5106 orationibus
1095 5052 1248 5124 apud
1267 5051 1573 5106 Dominum
1589 5055 1847 5104 nostrum
1863 5052 1889 5106 J
1894 5067 2053 5105 esum

419 5142 708 5197 Christum
725 5144 1059 5200 salvatorem
1078 5146 1472 5217 impetramus.
1502 5145 1712 5200 Deinde
1733 5160 1831 5215 per
1852 5161 2052 5199 manus

418 5236 843 5307 impositionem
875 5238 1212 5295 clericorum
1232 5257 1411 5313 usque
1442 5240 1513 5295 ad
1533 5239 1719 5310 ipsum
1748 5240 2049 5310 praesulem

418 5329 569 5398 veni,
600 5330 792 5402 ibique
821 5334 1158 5389 renuntians
1203 5335 1447 5403 Satanae,
1491 5334 1718 5405 pompis
1764 5338 1820 5388 et
1864 5334 2046 5403 operi-

417 5423 525 5478 bus
564 5424 705 5496 ejus,
743 5426 833 5481 vel
875 5427 1151 5484 universis
1196 5427 1361 5482 idolis
1404 5427 1772 5496 manut‘actis,
1820 5427 2049 5481 credere

417 5534 511 5573 me
527 5518 588 5574 in
607 5520 782 5577 Deum
802 5522 1027 5577 Patrem
1043 5521 1523 5592 omnipotentem,
1546 5521 1823 5577 factorem
1845 5522 1971 5575 coeli
1996 5527 2052 5577 et

416 5619 601 5685 terrae,
630 5615 943 5671 visibilium
974 5621 1030 5671 et
1056 5614 1446 5684 invisibilium,
1479 5620 1535 5670 et
1563 5617 1622 5669 in
1648 5618 1837 5672 Jesum
1887 5615 2043 5671 Chri-

416 5712 565 5763 stum
609 5708 813 5764 Filium
858 5709 979 5780 ejus
1025 5707 1260 5762 unicum
1303 5707 1607 5763 Dominum
1639 5715 1916 5780 nostrum,
1951 5709 2048 5781 qui

417 5805 583 5856 natus
608 5806 694 5858 est
722 5803 792 5857 de
835 5801 1047 5873 Spiritu
1080 5805 1270 5857 sancto
1304 5817 1371 5856 ex
1401 5800 1574 5856 Maria
1599 5802 1841 5874 virgine,
1876 5820 2044 5875 spon-

2154 4677 2275 4747 ejus
2300 4680 2714 4732 sacrosanctam
2742 4679 3058 4733 Romanam
3097 4680 3393 4734 ecclesiam
3436 4678 3789 4734 decrevimus

2151 4774 2493 4829 veneranter
2520 4772 2803 4828 honorare
2834 4778 2891 4827 et
2914 4773 3160 4844 amplius
3191 4790 3361 4844 quam
3392 4774 3656 4827 nostrum
3687 4773 3788 4826 im-

2151 4865 2372 4935 perium
2404 4869 2461 4920 et
2490 4869 2783 4921 terrenum
2826 4867 3097 4921 thronum
3128 4866 3319 4921 sedem
3351 4864 3788 4920 sacratissimam

2152 4958 2303 5013 beati
2346 4960 2495 5014 Petri
2527 4960 2770 5031 gloriose
2812 4961 3065 5030 exaltari,
3111 4961 3425 5015 tribuentes
3454 4959 3506 5013 ei
3535 4963 3784 5030 potesta-

2111 5035 2125 5050 ’
2153 5056 2268 5106 tem
2292 5057 2347 5107 et
2375 5053 2569 5125 gloriae
2590 5054 2931 5124 dignitatem
2952 5057 3121 5125 atque
3146 5054 3400 5123 vigorem
3424 5056 3481 5106 ct
3503 5052 3782 5107 honoriﬁ-

2153 5147 2398 5201 centiam
2419 5146 2714 5218 imperiale
2725 5166 2800 5218 ni,
2819 5151 2989 5218 atque
3008 5148 3379 5202 decernentes
3391 5146 3697 5217 sancimus,
3721 5150 3787 5202 ut

2150 5241 2530 5313 principatum
2573 5245 2766 5296 teneat
2808 5245 2923 5296 tam
2975 5258 3144 5313 super
3188 5244 3434 5313 quatuor
3472 5240 3787 5312 praecipuas

2151 5334 2310 5389 sedes
2336 5334 2771 5404 Antiochenam,
2819 5335 3283 5402 Alexandrinam,
3312 5335 3782 5405 Constantinopo-

2149 5428 2410 5496 litanam,
2445 5431 2501 5483 et
2525 5428 3112 5500 Hierosolymitanam,
3148 5443 3431 5501 quamque
3475 5428 3651 5482 etiam
3689 5444 3783 5482 su-

2148 5539 2249 5593 per
2277 5539 2472 5577 omnes
2498 5523 2556 5577 in
2584 5523 2846 5578 universo
2877 5523 3012 5578 orbe
3042 5528 3327 5578 terrarum
3358 5521 3456 5577 Dei
3484 5520 3781 5576 Ecclesias.

2146 5616 2215 5670 Et
2259 5617 2533 5687 pontifex,
2589 5617 2686 5688 qui
2733 5634 2837 5688 pro
2898 5621 3149 5689 tempore
3198 5616 3374 5689 ipsius
3416 5620 3784 5672 sacrosanctae

2148 5710 2420 5764 Romanas
2472 5711 2734 5765 Ecclesiae
2784 5712 3098 5780 exstiterit,
3152 5710 3351 5766 celsior
3405 5714 3461 5766 et
3515 5710 3786 5782 princeps

2147 5803 2363 5857 cunctis
2390 5804 2775 5860 sacerdotibus
2816 5806 2988 5860 totius
3041 5805 3244 5859 mundi
3291 5804 3541 5872 exsistat,
3575 5808 3631 5859 et
3661 5804 3786 5875 ejus

418 5898 583 5949 lanea
614 5896 907 5953 voluntate
936 5912 1124 5953 coram
1155 5895 1309 5953 omni
1338 5896 1546 5968 populo
1592 5898 1871 5967 professus
1899 5911 2044 5951 sum.
2140 5896 2354 5967 judicio
2382 5913 2621 5970 qumque
2651 5898 2721 5952 ad
2756 5899 2970 5955 cultum
3005 5899 3119 5969 Dei,
3148 5899 3236 5953 vel
3270 5898 3397 5956 ﬁdei
3431 5897 3779 5955 Christiano-
