4058 6344
216 353 322 406 249

1450 349 1922 406 DECRETALIUM
1962 348 2346 407 COLLECTIU.

3486 360 3587 412 250

217 477 345 515 rum
379 452 749 547 stabilitatem
779 456 1199 527 procurandam
1227 456 1442 513 fuerint
1462 458 1851 530 disponantur,
1876 472 1936 548 Α
1952 458 2285 530 phrygium,
2302 474 2521 514 necnon
2541 460 2599 513 et
2618 451 3103 530 superhumerale,
3119 459 3385 515 videlicet
3403 462 3586 518 lorum

208 554 434 625 justum
464 544 673 623 quippe
700 554 785 605 est
809 555 870 605 ut
890 551 966 605 ibi
989 550 1079 605 lex
1097 552 1291 605 sancta
1308 555 1478 623 caput
1497 557 1686 608 teneat
1705 554 1857 625 prin-

213 648 460 718 cipatus,
509 645 605 699 ubi
660 648 986 699 sanctarum
1034 644 1230 716 legum
1279 644 1571 701 institutor
1607 647 1858 702 Salvator

215 744 413 795 noster
437 739 671 795 beatum
690 740 919 793 Petrum
945 739 1290 809 apostolatus
1306 739 1563 794 obtinere
1585 741 1858 811 praecepit

214 833 564 900 cathedram,
600 831 714 899 ubi,
746 836 802 886 et
828 832 1012 886 crucis
1041 831 1364 903 patibulum
1394 834 1699 903 sustinens,
1726 835 1856 889 bea-

212 931 290 981 tae
344 926 545 981 mortis
598 925 839 996 sumpsit
890 926 1185 995 poculum,
1236 925 1436 996 suique
1493 928 1744 998 Magistri
1801 931 1857 983 et

214 1020 445 1075 Domini
475 1019 729 1073 imitator
755 1018 1038 1089 apparuit.
1074 1020 1141 1073 Et
1171 1018 1251 1073 ibi
1292 1022 1492 1090 gentes
1521 1037 1624 1091 pro
1651 1020 1856 1075 Christi

215 1113 469 1169 nominis
495 1112 844 1167 confessione
875 1112 1019 1166 colla
1046 1112 1278 1167 ﬂectant
1295 1113 1395 1167 ubi
1411 1130 1609 1169 eorum
1634 1115 1850 1184 doctor,

212 1207 414 1261 beatus
456 1206 666 1260 Puulus
705 1206 993 1277 apostolus
1032 1205 1398 1276 pro.Christo
1440 1208 1667 1261 extenso
1710 1208 1851 1261 collo

213 1299 498 1371 martyrio
520 1302 828 1354 coronatus
848 1302 951 1367 est,
980 1299 1093 1353 illic
1111 1316 1290 1370 usque
1312 1299 1367 1353 in
1394 1300 1569 1354 ﬁnem
1593 1306 1855 1371 qurerant

214 1394 513 1449 doctorem
563 1393 662 1447 ubi
704 1398 965 1447 sanctum
994 1392 1234 1447 doctoris
1265 1393 1503 1463 quiescit
1537 1410 1762 1465 corpus,
1798 1400 1879 1465 et,

217 1441 513 1449 _---------
569 1441 662 1447 ..η-
704 1441 965 1447 -__--_---
998 1441 1231 1447 -η----ν
1269 1441 1502 1463 την----
1541 1441 1762 1465 cur”,
1799 1441 1853 1450 ν-

214 1487 293 1541 ibi
326 1487 494 1558 proni
532 1503 597 1540 ac
631 1486 918 1541 humiliati
959 1487 1196 1541 coelestis
1231 1487 1381 1557 regis
1422 1489 1522 1541 Dei
1559 1488 1851 1542 salvatoris
1864 1441 1883 1586 j

212 1580 393 1635 nostri
423 1582 555 1635 Jesu
592 1580 798 1636 Christi
841 1580 1195 1635 famulentur
1241 1580 1449 1652 ofﬁcio,
1488 1581 1588 1635 ubi
1623 1582 1853 1652 superbi

215 1580 393 1635 nostri
423 1582 555 1635 Jesu
592 1580 798 1636 Christi
841 1580 1195 1635 famulentur
1241 1597 1272 1634 ο
1302 1580 1449 1650 ﬁcio,
1488 1581 1588 1635 ubi
1623 1582 1853 1652 superbi

215 1674 429 1728 terreni
459 1673 613 1745 regis
650 1673 969 1727 serviebant
1008 1580 1532 1755 imperipjluterea
1566 1691 1733 1730 nosse
1762 1692 1854 1729 vo—

215 1768 404 1821 lumus
459 1783 688 1821 omnem
731 1767 1007 1838 populum
1056 1767 1450 1822 universarum
1495 1768 1754 1839 gentium
1787 1786 1851 1823 ac

1956 552 2110 623 quod
2151 551 2445 622 imperiale
2487 552 2841 607 circumdare
2879 556 3083 609 assolet
3125 554 3351 626 collum,
3392 571 3592 610 verum

1957 646 2130 699 etiam
2153 650 2208 699 et
2235 645 2592 716 chlamydem
2614 662 2967 718 purpuream
2998 653 3170 719 atque
3202 648 3451 703 tunicam
3472 665 3593 704 coc-

1956 738 2197 807 cineam,
2234 741 2291 792 et
2316 739 2507 793 omnia
2541 739 2860 811 imperialia
2899 741 3257 812 indumenta,
3291 759 3391 796 seu
3419 745 3475 797 et
3503 743 3590 798 di-

1957 832 2234 902 gnitatem
2264 831 2641 903 imperialium
2673 834 3101 905 praesidentium
3141 835 3419 907 equitum,
3453 853 3587 891 con-

1955 925 2202 979 ferentes
2249 925 2418 980 etiam
2462 931 2519 981 et
2561 926 2877 998 imperialia
2914 933 3154 999 sceptra,
3208 929 3490 1001 simulque
3535 936 3592 986 et

1954 1021 2153 1073 cuncta
2198 1019 2362 1089 signa
2415 1022 2586 1090 atque
2627 1020 2815 1074 banna
2853 1021 3025 1075 etiam
3067 1025 3125 1076 et
3164 1022 3385 1077 diversa
3428 1040 3593 1078 orna-

1952 1116 2143 1166 menta
2173 1110 2506 1182 imperialia,
2537 1117 2594 1167 et
2618 1130 2843 1168 omnem
2872 1115 3297 1186 processionem
3316 1117 3584 1189 imperia-

1954 1204 2023 1258 lis
2054 1204 2319 1259 culminis
2345 1208 2402 1261 et
2430 1206 2669 1278 gloriam
2694 1208 2991 1278 potestatis
3018 1213 3243 1264 nostrae.

2026 1297 2151 1371 58
2183 1298 2327 1352 Viris
2364 1299 2518 1354 enim
2557 1300 3064 1369 reverendissimis,
3108 1297 3322 1358 cleric‘is
3352 1304 3589 1359 diversis

1955 1392 2268 1462 ordinibus,
2290 1393 2473 1447 eidem
2501 1397 2873 1449 sacrosancta:
2895 1395 3060 1450 Rom.
3079 1397 3334 1452 Ecclesiae
3348 1397 3591 1453 servien-

1952 1486 2101 1540 tibus
2122 1486 2259 1540 illud
2279 1486 2505 1541 culmen
2528 1487 3001 1560 singularitatem,
3024 1490 3342 1560 potentiam
3365 1494 3421 1545 et
3442 1508 3585 1562 pra:-

1954 1579 2267 1634 cellentiam
2297 1579 2509 1634 habere
2541 1582 2845 1651 sancimus,
2880 1582 3038 1653 cujus
3078 1582 3459 1654 amplissimus
3483 1602 3585 1639 no-

1952 1676 2068 1727 ster
2095 1676 2323 1727 senatus
2343 1672 2565 1729 videtur
2591 1674 2771 1746 gloria
2798 1675 3086 1744 adornari,
3116 1675 3173 1730 id
3207 1679 3292 1730 est
3319 1677 3586 1748 patricios

1950 1769 2120 1836 atque
2148 1766 2406 1820 consules
2433 1766 2601 1835 efﬁci,
2635 1784 2859 1823 necnon
2882 1772 2937 1823 et
2962 1768 3184 1823 caeteris
3212 1769 3585 1841 dignitatibus

210 1861 533 1927 nationum,
557 1877 660 1932 per
688 1865 875 1915 totum
916 1860 1115 1915 orbem
1156 1864 1439 1915 terrarum
1478 1845 1926 1917 construxisseB
1950 1858 2337 1931 imperialibus
2365 1877 2463 1914 eos
2502 1862 2999 1932 promulgantibus
3039 1862 3314 1917 decorari.
3353 1864 3423 1918 Et
3445 1864 3589 1918 sicut

210 1971 336 2021 nos,
365 1954 517 2008 intra
542 1954 813 2025 palatium
845 1956 1103 2008 nostrum
1135 1955 1515 2010 Lateranense
1546 1955 1732 2010 eidem
1749 1956 1851 2010 sai-

210 2046 391 2102 vatori
419 2051 613 2112 nostro
643 2046 882 2102 Domino
912 2050 1042 2102 Jesu
1071 2047 1290 2111 Christo
1324 2048 1619 2103 ecclesiam
1653 2066 1685 2102 a
1716 2050 1846 2103 fun-

212 2141 495 2196 damentis
524 2157 656 2195 cum
696 2136 1051 2212 baptisterio,
1093 2144 1150 2196 et
1188 2141 1487 2196 duodecim
1520 2158 1626 2196 nos
1663 2144 1848 2197 sciatis

211 2236 281 2289 de
302 2235 427 2305 ejus
448 2234 854 2302 fundamentis,
884 2235 1196 2290 secundum
1214 2252 1518 2291 numerum
1547 2236 1849 2291 duodecim

209 2328 623 2399 apostolorum,
650 2329 926 2399 cophinos
953 2333 1121 2384 terrae
1161 2332 1451 2384 onustatos
1485 2330 1729 2401 propriis
1757 2347 1847 2385 as-

206 2425 470 2495 portasse
499 2421 773 2491 humeris,
797 2438 968 2494 quam
993 2426 1409 2478 sacrosanctam
1433 2424 1740 2479 Ecclesiam
1763 2441 1848 2479 ca-

206 2522 315 2588 put
344 2523 400 2571 et
425 2516 693 2571 verticem
721 2515 978 2571 omnium
1009 2516 1388 2572 Ecclesiarum
1414 2518 1676 2573 universo
1710 2518 1846 2574 orbe

206 2614 495 2664 terrarum
525 2609 654 2678 dici,
677 2609 807 2677 coli,
829 2610 1081 2664 venerari
1117 2627 1193 2665 ac-
1213 2611 1509 2682 praedicari
1540 2611 1843 2679 sancimus,

206 2704 353 2758 sicut
382 2718 485 2774 per
531 2702 644 2757 alia
688 2708 879 2757 nostra
921 2702 1239 2774 imperialia
1285 2705 1512 2759 decreta
1550 2705 1843 2759 constitui-

208 2813 363 2851 mus.
396 2795 827 2852 Construximus
853 2795 1041 2868 itaque
1088 2796 1347 2851 ecclesias
1368 2798 1666 2852 beatorum
1695 2798 1844 2853 Petri

208 2893 266 2945 et
294 2889 474 2956 Pauli,
518 2889 836 2961 primorum
877 2890 1289 2961 apostolorum,
1324 2908 1467 2962 quas
1503 2908 1641 2946 auro
1678 2897 1734 2947 et
1762 2909 1845 2946 ar-

207 2987 386 3054 gento
416 2982 898 3054 locupletavimus,
920 2983 1014 3037 ubi
1041 2990 1095 3039 et
1119 2984 1491 3040 sacratissima
1508 3002 1703 3040 eorum
1727 3003 1845 3041 cor-

205 3094 350 3148 pora
391 3092 521 3131 cum
564 3092 777 3147 magno
806 3077 1019 3131 honore
1051 3078 1447 3149 recondentes,
1483 3079 1669 3133 thecas
1701 3080 1843 3150 ipso-

205 3187 338 3224 rum
364 3187 434 3225 ex
459 3171 667 3225 electro
693 3171 784 3226 cui
815 3171 971 3226 nulla
1002 3170 1275 3226 fortitudo
1302 3173 1573 3243 praevalet
1595 3173 1842 3227 elemcn-
1867 3213 1921 3287 Ο

205 3270 397 3287 ΔΑ----..
442 3264 854 3287 --..-ι---.-2----..
911 3267 959 3287 λι
998 3280 1213 3287 -..---....Α
1259 3282 1316 3287 -..
1352 3282 1483 3287 ---..-
1519 3266 1813 3287 μ--..2--ξ..-ᾼ

202 3270 403 3320 torum
436 3264 876 3332 construximus,
906 3267 964 3318 et
993 3280 1219 3320 crucem
1253 3282 1318 3319 ex
1348 3282 1488 3321 auro
1518 3266 1842 3337 purissimo,

206 3360 266 3413 et
291 3358 544 3429 gemmis
571 3357 992 3430 pretiosissimis
1018 3375 1121 3430 per
1154 3358 1404 3430 singulas
1431 3376 1628 3416 eorum
1653 3360 1846 3414 thecas

206 3451 524 3523 posuimus,
558 3454 614 3506 et
645 3452 816 3507 clavis
857 3452 1045 3507 aureis
1091 3452 1449 3509 conﬁximus.
1496 3452 1711 3517 Quibus
1744 3470 1846 3525 pro

205 3545 644 3601 concinnatione
677 3545 1138 3615 luminariorum,
1173 3547 1594 3617 possessionum
1631 3547 1849 3619 praedia

205 3639 576 3707 contulimus,
605 3643 662 3694 et
688 3640 855 3695 rebus
896 3640 1131 3696 diversis
1173 3657 1266 3694 eas
1291 3640 1617 3711 ditavimus,
1652 3646 1707 3695 et
1741 3658 1847 3713 per

205 3732 1165 3804 nostramimperialemjussionem
1178 3737 1542 3804 sacram,tam
1555 3734 1611 3788 in
1625 3734 1844 3789 oriente

206 3842 387 3897 quam
413 3825 475 3880 in
505 3825 794 3882 occidente
824 3828 908 3880 vel
941 3827 1113 3881 etiam
1140 3827 1576 3900 septentrionali
1608 3832 1663 3883 et
1682 3828 1847 3882 meri-

208 3919 381 3974 diana
399 3920 589 3991 plaga,
613 3919 875 3975 videlicet
903 3920 962 3974 in
985 3921 1199 3989 Iudaea,
1231 3922 1462 3991 Graecia,
1494 3921 1645 3989 Asia,
1667 3921 1843 3977 Thra-

207 4012 317 4081 cia,
344 4012 533 4067 Africa
564 4016 621 4067 et
648 4012 833 4082 Italia,
871 4014 954 4069 vel
1008 4014 1240 4070 diversis
1274 4014 1472 4069 insulis
1498 4018 1688 4069 nostra
1729 4015 1845 4069 lar-

208 4106 390 4178 gitate
435 4106 517 4160 eis
561 4108 964 4174 concessimus,
1004 4125 1070 4163 ea
1118 4125 1347 4179 prorsus
1384 4108 1603 4164 ratione
1645 4114 1707 4163 ut
1744 4126 1849 4180 per

208 4216 420 4255 manus
466 4199 775 4256 beatissimi
820 4201 996 4257 Patris
1043 4202 1224 4257 nostri
1267 4202 1518 4258 Silvestri
1561 4203 1847 4274 pontiﬁcis

209 4310 709 4366 successorumque
740 4295 931 4350 omnia
959 4296 1350 4367 disponantur.
1395 4297 1653 4352 Gaudeat
1694 4297 1847 4351 enim

212 4404 329 4443 una
352 4387 653 4442 nobiscum
686 4389 872 4444 omnis
910 4390 1154 4461 populus
1194 4392 1252 4443 et
1291 4390 1545 4461 gentium
1592 4390 1848 4445 nationes

210 4480 483 4536 universo
511 4481 647 4537 orbe
681 4487 964 4537 terrarum
995 4484 1359 4538 exhortantes
1404 4500 1605 4538 omnes
1641 4488 1707 4538 ut
1732 4485 1846 4539 lleo

1948 1953 2343 2023 imperialibus
2369 1953 2590 2025 militia,
2626 1954 2703 2009 ita
2732 1960 2786 2009 et
2812 1956 3042 2025 _clerum
3074 1959 3279 2010 sanctae
3316 1957 3587 2012 Romanae

1950 2046 2213 2115 Ecclesiae
2227 2046 2415 2101 ornari
2430 2047 2756 2102 decernimu
2766 2023 2822 2107 sl
2828 2050 2894 2103 Et
2910 2050 3394 2120 quemadmodum
3411 2050 3486 2105 im
3493 2068 3589 2123 pe-

1948 2139 2100 2193 rialis
2111 2140 2366 2211 potentia
2383 2140 2581 2195 ofﬁciis
2602 2141 2835 2196 diversis
2859 2143 3357 2214 cubiculariorum,
3376 2161 3584 2217 nempe

1949 2233 2347 2303 hostiarorum,
2371 2240 2539 2306 atque
2562 2235 2819 2290 omnium
2856 2235 3230 2291 excubiarum
3254 2242 3480 2307 ornatu,
3507 2239 3586 2293 ita

1949 2331 2005 2381 et
2031 2330 2286 2381 sanctam
2317 2329 2635 2383 Romanam
2666 2329 2973 2384 Ecclesiam
3007 2329 3269 2385 decorari
3303 2332 3583 2400 volumus,

1948 2423 2005 2475 et
2033 2425 2097 2475 ut
2125 2422 2479 2492 amplissime
2510 2422 2834 2493 pontiﬁcale
2865 2424 3038 2478 decus
3081 2424 3451 2497 praefulgeat,
3490 2425 3585 2480 de-

1948 2515 2233 2569 cernimus
2265 2520 2319 2570 et
2344 2515 2449 2569 hoc
2481 2520 2544 2570 ut
2564 2516 2751 2571 clerici
2779 2517 3035 2587 ejusdem
3065 2521 3275 2572 sanctae
3301 2519 3581 2573 Romana:

1948 2608 2208 2663 Ecclesiae
2233 2608 2547 2679 manipulis
2577 2614 2633 2664 et
2652 2609 3100 2677 linteaminibus,
3124 2610 3179 2665 id
3200 2612 3283 2665 est
3308 2611 3583 2666 candidis

1947 2702 2089 2756 simo
2121 2703 2305 2756 colore
2351 2702 2607 2757 decorari
2648 2719 2822 2774 equos
2861 2706 2918 2757 et
2945 2703 3025 2758 ita
3051 2702 3317 2774 equitari.
3346 2706 3415 2758 Et
3438 2704 3585 2761 sicut

1945 2800 2138 2850 noster
2163 2798 2390 2850 senatus
2418 2796 2820 2851 calceamentis
2841 2797 3020 2851 utitur
3043 2813 3175 2851 cum
3194 2797 3499 2867 udonibus,
3524 2799 3579 2853 id

1946 2892 2031 2943 est
2079 2889 2317 2944 candido
2365 2889 2699 2944 linteamine
2738 2890 3037 2961 illustrati,
3085 2893 3149 2945 ut
3196 2890 3338 2945 sicut
3382 2892 3577 2946 coeles-

1946 2983 2043 3050 tia,
2078 2983 2155 3037 ita
2193 2986 2249 3036 et
2283 2987 2509 3038 terrena
2540 2983 2611 3037 ad
2653 2982 2886 3037 laudem
2927 2984 3024 3038 Dei
3071 2983 3427 3039 decorentur.
3460 2987 3582 3041 Pra~

1944 3076 2205 3131 omnibus
2255 3080 2447 3131 autem
2493 3076 2783 3131 licentiam
2832 3076 3149 3132 tribuentes
3193 3076 3299 3150 ipsi
3355 3078 3583 3134 sanctis—

1946 3170 2088 3224 simo
2139 3169 2288 3224 Patri
2334 3173 2526 3224 nostro
2572 3170 2867 3238 Silvestro,
2911 3170 3066 3225 urbis
3113 3172 3311 3227 Romae
3365 3172 3580 3244 episco-

1946 3281 2039 3335 po,
2073 3268 2127 3319 et
2147 3280 2309 3335 papa:
2343 3269 2399 3318 et
2427 3263 2712 3333 omnibus,
2743 3264 2839 3336 qui
2870 3267 2995 3336 post
3025 3281 3156 3320 eum
3188 3265 3244 3319 in
3266 3282 3583 3321 successum

1946 3362 2002 3411 et
2067 3356 2355 3428 perpetuis
2428 3357 2782 3428 temporibus
2848 3357 3181 3413 advenerint
3241 3358 3582 3414 beatissimis

1945 3450 2310 3522 pontiﬁcibus
2329 3467 2432 3521 pro
2455 3451 2673 3505 honore
2716 3453 2773 3505 et
2803 3450 2983 3522 gloria
3009 3449 3215 3506 Christi
3252 3452 3351 3507 Dei
3380 3453 3581 3523 nostri,

1944 3544 2005 3598 in
2076 3544 2280 3600 eadem
2349 3544 2448 3598 Dei
2518 3560 2731 3615 magna
2795 3543 3071 3599 catholica
3141 3548 3198 3600 et
3276 3547 3583 3618 apostolica

1946 3636 2207 3704 Ecclesia,
2240 3654 2304 3691 ex
2349 3640 2540 3691 nostro
2586 3635 2801 3707 judicio
2848 3654 3019 3709 quem
3064 3638 3312 3709 placatus
3352 3638 3582 3712 proprio

1946 3730 2177 3786 consilio
2226 3730 2492 3785 clericare
2534 3731 2809 3799 voluerit,
2858 3734 2915 3785 et
2961 3731 3021 3785 in
3072 3748 3315 3788 numero
3358 3733 3583 3805 religio-

1947 3841 2138 3880 sorum
2164 3824 2501 3879 clericorum
2529 3840 2946 3880 connumerare
2972 3825 3195 3880 nullum
3222 3843 3287 3881 ex
3316 3827 3582 3883 omnibus

1945 3924 2388 3990 praesumentem
2428 3919 2669 3989 superbe
2724 3935 2917 3990 agere.
2939 3919 3578 3994 ww

1947 4016 2001 4071 et
2055 4013 2191 4081 hoc,
2262 4015 2324 4067 ut
2399 4012 2552 4067 idem
2617 4012 2955 4067 venerabilis
3021 4015 3184 4069 Pater
3235 4020 3432 4089 noster
3481 4017 3583 4073 Sil-

1945 4110 2167 4175 vester,
2258 4122 2517 4161 summus
2602 4106 2898 4178 pontifex,
2999 4108 3087 4162 vel
3183 4125 3382 4164 omnes
3462 4111 3584 4182 ejus

1949 4217 2290 4255 successores
2336 4199 2634 4272 pontiﬁces
2680 4200 2962 4271 diadema,
3001 4201 3267 4258 videlicet
3313 4220 3584 4260 coronam

1949 4310 2124 4365 quam
2171 4311 2237 4349 ex
2287 4294 2710 4366 capitc'nostro
2757 4294 2842 4347 illi
2888 4295 3288 4365 concessimus,
3347 4315 3415 4353 ex
3446 4314 3585 4354 auro

1946 4387 2253 4459 purissimo
2306 4392 2361 4443 et
2424 4386 2671 4459 gemmis
2737 4387 2995 4459 pretiosis
3060 4389 3141 4443 uti
3197 4390 3477 4462 debeant,
3529 4397 3589 4447 et

1949 4496 2146 4538 eorum
2175 4480 2354 4552 capite
2381 4481 2450 4535 ad
2478 4480 2707 4535 laudem
2733 4480 2836 4534 Dei
2867 4497 2973 4552 pro
3004 4481 3223 4537 honore
3254 4483 3406 4539 beati
3433 4486 3584 4540 Patri

211 4578 408 4629 nostro
437 4580 495 4630 et
533 4576 796 4640 salvatori
819 4578 951 4632 Jesu
990 4577 1210 4632 Christo
1252 4578 1560 4632 immensas
1589 4594 1699 4632 una
1741 4594 1844 4633 no-
1867 4587 1924 4658 D
1951 4578 2192 4647 gestare,
2224 4574 2343 4646 ipse
2369 4591 2499 4629 vero
2524 4574 2887 4629 beatissimus
2916 4591 3066 4647 papa
3102 4593 3274 4647 super
3309 4592 3584 4632 coronam

210 4668 431 4724 hiscum
472 4668 726 4724 referatis
763 4670 991 4742 gratias,
1036 4688 1207 4743 quam
1246 4672 1363 4743 ipse
1412 4674 1557 4726 Deus
1592 4672 1651 4726 in
1696 4673 1847 4727 ccelis

212 4762 459 4835 desuper
484 4768 543 4818 et
564 4763 624 4818 in
653 4767 801 4819 terra
827 4764 1113 4834 deorsum,
1147 4766 1241 4837 qui
1277 4761 1400 4834 nos,
1432 4783 1531 4837 per
1557 4783 1688 4820 suos
1714 4784 1843 4820 san-

209 4860 321 4911 ctos
355 4858 646 4928 apostolos
681 4858 929 4927 visitans,
972 4864 1233 4915 sanctum
1281 4859 1633 4931 baptismatis
1669 4877 1850 4915 sacra-

210 4954 471 5007 mentum
503 4951 820 5025 perpipere,
854 4956 911 5007 et
939 4953 1191 5025 corporis
1220 4954 1467 5008 sanitate
1495 4950 1697 5025 dignos
1719 4953 1850 5009 effe-

211 5046 302 5113 cit,
336 5061 444 5117 pro
473 5063 585 5117 quo
600 5010 975 5133 Epncedimus
1004 5047 1141 5119 ipsis
1179 5048 1384 5103 sanctis
1430 5047 1712 5119 apostolis,
1746 5048 1847 5103 do—

213 5140 383 5194 minis
420 5138 565 5193 meis
606 5139 943 5195 beatissimis
978 5142 1145 5196 Petro
1186 5144 1243 5196 et
1289 5141 1479 5210 Paulo,
1513 5145 1570 5197 et
1615 5157 1718 5213 per
1756 5159 1850 5197 eos

214 5236 384 5289 etiam
414 5233 586 5288 beato
616 5234 877 5303 Silvestre
920 5235 1070 5289 Patri
1111 5241 1302 5291 nostro
1339 5252 1564 5291 summo
1594 5236 1850 5307 pontiﬁci

215 5332 267 5382 et
294 5326 629 5383 universalis
667 5327 825 5382 urbis
854 5329 1051 5384 Romae
1090 5344 1278 5402 papae,
1321 5333 1376 5385 et
1419 5330 1683 5385 omnibus
1729 5330 1851 5400 ejus

213 5421 633 5477 successoribus
656 5421 1040 5493 pontiﬁcibus,
1066 5423 1161 5494 qui
1178 5440 1353 5495 usque
1377 5423 1435 5478 in
1456 5423 1628 5480 linem
1649 5424 1851 5479 mundi

213 5515 271 5569 in
297 5516 429 5571 sede
447 5515 606 5570 beati
632 5515 784 5570 Petri
815 5520 984 5570 erunt
1011 5517 1236 5583 sessuri,
1281 5521 1451 5589 atque
1485 5518 1554 5572 de
1582 5519 1850 5590 prensanti

214 5609 579 5665 concedimus
622 5609 901 5681 palatium
947 5609 1176 5682 imperii
1242 5611 1419 5666 nostri
1476 5613 1851 5666 Lateranense

215 5704 368 5775 quod
396 5702 667 5757 omnibus
707 5702 766 5758 in
797 5707 914 5759 toto
944 5704 1080 5759 orbe
1115 5708 1391 5760 terrarum
1431 5707 1735 5778 prwfertur
1766 5708 1850 5760 at-

213 5815 325 5871 que
351 5797 629 5871 praecellit
645 5798 894 5871 palatiis,
926 5798 1129 5855 deinde
1160 5799 1439 5869 diadema,
1470 5800 1731 5857 videlicet
1761 5817 1850 5855 co-

212 5908 416 5951 ronam
442 5891 647 5970 capitis
675 5892 853 5951 nostri
880 5892 1162 5970 simulque
1188 5895 1446 5969 pallium,
1479 5895 1569 5952 vel
1602 5894 1850 5965 mitram,

1952 4668 2245 4724 clericatus
2273 4684 2443 4739 quam
2475 4668 2621 4739 gerit
2641 4669 2713 4721 ad
2736 4668 2978 4737 gloriam
3000 4669 3153 4724 beati
3178 4670 3328 4724 Petri
3347 4671 3585 4727 omnino

1948 4764 2069 4835 ipsa
2099 4779 2167 4817 ex
2199 4779 2337 4817 auro
2362 4779 2478 4817 non
2518 4765 2603 4816 est
2638 4777 2836 4833 passus
2875 4761 2956 4816 uti
2997 4778 3226 4831 corona,
3271 4764 3583 4836 phrygium

1948 4873 2176 4930 quoque
2196 4857 2436 4912 candido
2470 4856 2655 4911 nitore
2700 4855 3068 4927 splendidum
3108 4857 3585 4916 resurrectionem

1949 4951 2306 5007 Dominicam
2335 4950 2663 5022 designans,
2697 4951 2817 5023 ejus
2844 4950 3220 5007 sacratissimo
3250 4952 3444 5009 vertici
3466 4970 3585 5010 ma-

1947 5046 2117 5102 nibus
2135 5047 2341 5102 nostris
2375 5045 2769 5117 imposuimus,
2809 5049 2862 5099 et
2899 5048 3157 5100 tenentes
3200 5044 3427 5103 frenum
3452 5046 3584 5121 equi

1951 5140 2119 5209 illius,
2149 5158 2254 5212 pro
2300 5138 2614 5195 reverentia
2658 5139 2807 5192 beati
2849 5137 2998 5193 Petri
3047 5140 3299 5196 stratoris
3334 5141 3587 5199 ofﬁcium

1949 5234 2029 5289 illi
2067 5234 2446 5300 exhibuimus,
2494 5235 2807 5286 statuentes
2842 5231 3047 5287 eodem
3105 5234 3349 5307 phrygio
3386 5252 3587 5293 omnes

1952 5329 2072 5399 ejus
2099 5343 2445 5383 successores
2466 5325 2830 5396 singulariter
2850 5326 2934 5381 uti
2955 5327 3015 5380 in
3042 5329 3495 5398 processionibus
3513 5331 3588 5387 ad

1950 5421 2337 5477 imitationem
2367 5420 2592 5491 imperii
2609 5418 2810 5474 nostri.
2832 5420 2988 5476 Unde
3007 5424 3070 5476 ut
3088 5422 3427 5492 pontiﬁcalis
3444 5442 3587 5497 apex

1954 5532 2070 5571 non
2096 5515 2345 5581 vilescat,
2384 5514 2483 5568 sed
2511 5513 2696 5585 magis
2724 5513 2969 5584 amplius
3012 5531 3184 5587 quam
3227 5518 3437 5573 terreni
3472 5519 3584 5573 im-

1951 5608 2093 5680 perii
2119 5607 2409 5679 dignitatis
2425 5608 2481 5662 et
2498 5607 2697 5678 glorias
2715 5608 2969 5679 potentia
2985 5608 3298 5681 decoretur,
3325 5627 3453 5665 ecce
3468 5617 3586 5666 tam

1951 5701 2226 5774 palatium
2240 5706 2519 5773 nostrum,
2536 5702 2947 5775 utpraedietum
2963 5708 3065 5771 est,
3089 5720 3372 5776 quamque
3387 5704 3586 5759 Roma-

1951 5813 2041 5853 nm
2072 5795 2250 5866 vobis,
2283 5798 2340 5851 et
2368 5812 2566 5853 omnes
2594 5796 2762 5853 Italiae
2791 5812 2888 5852 seu
2926 5796 3363 5855 occidentalium
3393 5798 3585 5871 regio«

1952 5908 2116 5962 num,
2144 5890 2484 5965 provincias,
2504 5890 2627 5947 loca
2643 5894 2701 5949 et
2717 5890 2973 5948 civitates
3002 5890 3239 5966 praefato
3259 5890 3585 5965 beatissimo
