4058 6312
491 326 583 380 254

1382 319 1666 376 ΑΡΡΕΝΙ).
1706 320 1793 374 AD
1832 320 1992 375 δέκα.
2034 321 2120 375 ΙΧ.
2150 348 2218 359 -—
2257 320 2501 376 ISIDORI
2539 316 2964 376 MERCATORIS

3749 321 3862 373 252

486 429 740 505 pontiﬁci
790 433 984 484 nostro
1028 428 1289 484 Silvestro
1317 427 1620 482 universali
1648 443 1813 499 papa
1858 427 2120 482 concedi-
2140 428 2342 513 Ahac
2373 444 2501 500 qua
2545 444 2578 483 a
2620 426 2782 482 nobis
2824 424 3113 498 imperiali
3137 425 3432 480 sanctione
3472 432 3860 481 sacrosancta

490 542 621 580 mus
640 528 807 594 atque
838 521 1238 592 relinquimus,
1271 523 1329 574 et
1358 536 1745 575 successorum
1777 520 1951 591 ipsius
1978 536 2116 592 pon-

491 618 707 672 tiﬁcum
733 614 1002 687 potestati
1037 619 1094 668 et
1120 614 1330 668 ditione
1354 612 1525 668 ﬁrma
1564 613 1853 685 imperiali
1880 630 2122 667 censura

488 728 596 782 per
606 711 753 764 hanc
767 708 1013 763 divalem
1032 711 1279 762 nostram
1292 723 1513 761 sacram
1525 709 1870 777 potestatem
1886 709 1943 760 et
1954 723 2120 777 prag-

491 804 767 859 maticum
825 802 1191 856 constitutum
1250 800 1616 854 decernimus
1673 800 2116 871 disponendum,

490 902 662 969 atque
671 896 786 968 juri
804 900 1012 950 sancta
1030 895 1303 948 Romana
1322 894 1584 948 Ecclesia
1605 892 1971 948 concedimus
1988 909 2119 964 per-

492 1005 851 1046 mansurum.
884 987 1041 1043 Unde
1087 1003 1407 1055 congruum
1444 985 1836 1057 prospeximus
1863 990 2120 1041 nostrum

493 1082 818 1155 imperium,
834 1086 890 1135 et
900 1080 1064 1151 regni
1084 1082 1428 1151 potestatem
1441 1079 1807 1133 orientalibus
1826 1079 2122 1134 transferri

491 1181 550 1231 et
574 1173 943 1231 transmutari
964 1173 1318 1244 regionibus,
1342 1172 1476 1227 etin
1504 1171 1769 1226 Bizantia
1790 1171 2117 1242 provincia,

487 1271 547 1325 in
574 1269 793 1341 optimo
813 1268 955 1335 loco,
987 1266 1209 1321 nomini
1230 1270 1424 1321 nostro
1445 1265 1727 1321 civitatem
1754 1265 2044 1336 aediﬁcari,
2063 1269 2121 1320 et

489 1369 751 1419 nostrum
775 1361 891 1416 illic
906 1359 1174 1415 constitui
1200 1359 1527 1431 imperium,
1549 1359 1821 1430 quoniam
1845 1358 1939 1413 ubi
1958 1358 2118 1430 prin-

489 1458 709 1529 cipatus
737 1454 1092 1510 sacerdotum
1112 1456 1170 1508 et
1186 1453 1520 1509 Christiana
1537 1452 1830 1523 religionis
1845 1456 2034 1523 caput,
2050 1451 2120 1506 ab

490 1551 836 1621 imperatore
867 1547 1080 1603 calesti
1122 1547 1491 1601 constitutum
1519 1549 1623 1614 est,
1648 1546 1867 1617 justum
1894 1562 2008 1601 non
2038 1550 2123 1600 est

491 1648 558 1699 ut
581 1642 696 1697 illic
720 1642 1028 1713 imperator
1052 1643 1317 1695 terrenus
1342 1640 1552 1695 habeat
1580 1643 1949 1711 potestatem;
1999 1640 2121 1694 hac

492 1753 627 1791 vero
655 1735 850 1790 omnia
879 1750 1006 1806 qua
1034 1750 1137 1804 per
1177 1734 1327 1788 hanc
1364 1738 1615 1788 nostram
1650 1731 2005 1803 imperialem
2032 1750 2117 1786 sa-

2220 522 2491 577 Romana
2512 521 2773 577 Ecclesia
2794 522 2878 575 vel
2903 521 3024 591 ejus
3050 519 3316 575 omnibus
3336 518 3699 591 pontiﬁcibus
3720 535 3861 573 con-
3957 520 3964 526 ’

2221 632 2373 670 cessa
2393 618 2543 685 sunt,
2566 614 2843 686 refragari
2863 619 2960 668 aut
2983 613 3349 685 confringere
3374 614 3459 668 vel
3481 613 3542 667 in
3558 628 3859 685 quoquam

2219 709 2551 763 convellere.
2582 708 2641 762 Si
2662 708 2791 779 quis
2808 712 2997 762 autem
3016 707 3189 779 (quod
3206 724 3324 762 non
3338 705 3641 777 credimus)
3662 706 3723 761 in
3744 706 3859 760 hoc

2220 801 2535 852 temerator
2576 803 2675 853 aut
2717 800 3079 868 contemptor
3129 795 3425 866 exstiterit,
3454 796 3686 851 aternis
3710 811 3854 850 con-

2222 891 2680 946 demnationibus
2706 891 2995 962 subjaceat
3019 889 3344 957 innodatus,
3395 894 3452 945 et
3490 891 3709 944 sanctos
3752 888 3858 943 Dei

2219 984 2506 1057 principes
2522 985 2911 1056 apostolorum
2929 985 3161 1039 Petrum
3178 987 3236 1039 et
3246 983 3503 1052 Paulum,
3516 983 3625 1037 sibi
3638 982 3697 1037 in
3711 998 3859 1054 pra-

2220 1078 2369 1134 senti
2412 1081 2470 1133 et
2512 1078 2706 1133 futura
2734 1077 2851 1133 vita
2874 1077 3085 1132 sentiat
3108 1076 3443 1146 contrarios,
3482 1081 3654 1148 atque
3684 1076 3745 1131 in
3772 1075 3860 1129 in-

2218 1172 2382 1227 ferno
2409 1171 2664 1226 inferiori
2689 1175 3084 1226 concrematus
3110 1186 3242 1225 cum
3265 1170 3491 1226 diabolo
3513 1173 3571 1225 et
3588 1169 3858 1224 omnibus

2218 1264 2443 1320 deﬁciat
2476 1247 2897 1371 impiis.\l;lu/jus
2930 1281 3063 1319 vero
3087 1264 3401 1336 imperialis
3429 1264 3645 1320 decreti
3672 1263 3857 1319 nostri

2217 1358 2488 1431 paginam
2500 1358 3026 1430 prOpriiE'rianibus
3040 1358 3574 1428 roborantes,super
3583 1373 3859 1413 veneran-

2221 1452 2362 1507 dum
2384 1439 2590 1523 corpus
2609 1451 2762 1506 beati
2790 1451 2940 1506 Petri
2965 1450 3235 1523 principis
3250 1451 3641 1523 apostolorum
3670 1450 3858 1522 posui-

2219 1561 2367 1613 mus,
2413 1545 2610 1616 ibique
2658 1545 2846 1600 eidem
2893 1561 3025 1599 cum
3070 1545 3325 1616 apostolo
3367 1544 3709 1616 spondentes
3750 1561 3855 1599 n09

2220 1643 2419 1693 cuncta
2441 1638 2842 1693 inviolabiliter
2866 1654 3221 1706 conservare,
3250 1643 3308 1693 et
3331 1638 3542 1694 nostris
3567 1654 3851 1693 successo-

2220 1732 2374 1786 ribus
2397 1731 2835 1803 imperatoribus
2860 1731 3247 1787 conservanda
3276 1732 3335 1786 in
3365 1731 3652 1787 mandatis
3677 1731 3850 1786 relin-

492 1846 668 1897 cram,
715 1824 773 1883 et
813 1844 918 1899 per
955 1827 1066 1882 alia
1112 1826 1321 1881 divalia
1359 1826 1584 1882 decreta
1622 1826 1921 1879 statuimus
1950 1810 2196 1896 atqueB
2221 1825 2976 1896 qui,PatrinostroSilvestro
2990 1824 3857 1897 summopontiﬁcietuniversali

493 1920 976 1989 conﬁrmavimus,
1003 1936 1185 1991 usque
1205 1920 1264 1974 in
1291 1920 1466 1974 ﬁnem
1488 1919 1692 1991 mundi
1717 1918 1927 1973 illibata
1953 1922 2007 1973 et
2038 1919 2123 1972 in-

492 2032 762 2073 concussa
785 2011 1593 2087 permanendaﬁcernimusl
1610 2011 1766 2068 Unde
1796 2028 1990 2067 coram
2010 2014 2122 2067 Deo

490 2112 638 2180 vivo,
669 2109 769 2181 qui
809 2125 916 2163 nos
956 2076 1623 2179 μέδηαι-Μὰ
1664 2121 1855 2160 coram
1884 2104 2123 2161 terribili

495 2205 618 2276 ejus
641 2201 855 2274 judicio
875 2201 1242 2269 obtestamur,
1272 2216 1379 2271 per
1407 2199 1515 2254 hoc
1542 2202 1798 2253 nostrum
1826 2198 2121 2270 imperiale

494 2297 1101 2363 constitutum,omnes
1114 2297 1338 2348 nostros
1353 2292 2121 2364 successores,imperatores,

493 2393 583 2447 vel
611 2392 843 2445 cunctos
873 2388 1201 2460 optimates,
1219 2393 1473 2459 satrapas
1504 2386 1679 2440 etiam
1706 2385 2124 2457 amplissimum

494 2490 758 2540 senatum
770 2481 1163 2537 etuniversum
1180 2480 1453 2551 populum
1466 2479 1526 2533 in
1542 2483 1658 2534 toto
1670 2480 1807 2534 orbe
1820 2485 2120 2550 terrarum,

494 2595 669 2645 nunc,
696 2580 756 2631 et
801 2576 862 2631 in
907 2578 1200 2646 posterum
1239 2573 1456 2628 cunctis
1484 2573 1855 2645 temporibus,
1881 2572 2123 2644 imperio

494 2676 691 2727 nostro
705 2669 1116 2740 subjacentem,
1138 2666 1285 2723 nulli
1305 2682 1505 2722 eorum
1526 2666 1931 2738 quoquomodo
1952 2666 2124 2722 licere

2219 1935 2402 1990 papa,
2425 1919 2472 1990 ej
2482 1935 2660 1990 usque
2687 1918 2902 1974 cunctis
2933 1918 3348 1974 successoribus
3366 1918 3729 1990 pontiﬁcibus
3748 1920 3858 1974 Do-

2221 2012 2378 2067 mino
2404 2012 2517 2067 Deo
2548 2017 2604 2067 et
2630 2014 2909 2067 salvatore
2936 2015 3132 2067 nostro
3157 2013 3285 2067 Jesu
3312 2012 3537 2069 Christo
3563 2017 3855 2068 annuente

2222 2105 2500 2160 tradimus
2542 2105 2877 2176 perenniter
2905 2111 3075 2177 atque
3126 2106 3365 2161 feliciter
3391 2085 3772 2208 possidenda;
3792 2108 3858 2161 Et

2224 2197 2559 2269 subscriptio
2604 2199 2932 2271 imperialis,
2974 2198 3235 2255 divinitas
3281 2215 3381 2255 vos
3422 2197 3759 2256 οοηεθτνθΓ
3753 2216 3858 2271 per

2223 2293 2434 2348 multos
2463 2309 2662 2361 annos,
2696 2292 3033 2347 sanctissimi
3055 2309 3121 2348 ac
3144 2293 3453 2349 beatissimi
3498 2295 3712 2349 Patres.
3746 2295 3853 2349 Da-

2222 2389 2347 2440 tum
2374 2387 2591 2454 Roma,
2620 2386 2724 2441 sub
2754 2386 2922 2441 tertio
2952 2385 3045 2440 die
3077 2386 3272 2442 Kalen.
3294 2387 3594 2459 Aprilium,
3622 2387 3857 2443 domino

2222 2482 2414 2534 nostro
2458 2479 2643 2534 Flavio
2690 2479 3057 2536 Constantino
3093 2482 3344 2551 Augusto
3375 2484 3577 2553 quarto
3604 2484 3663 2537 et
3687 2481 3855 2537 Galli-

2224 2589 2368 2629 cano
2391 2574 2478 2639 ιν,
2503 2573 2641 2627 viris
2672 2572 2994 2629 clarissimis
3019 2574 3357 2629 consulibus.

1952 2798 2366 2813 ’Ψ

1191 2926 1347 3004 QUO
1392 2924 1769 2991 TEMPORE
1810 2925 2080 2991 ACTUM
2123 2923 2248 2992 SIT
2291 2925 2671 2993 NICENUM
2713 2925 3158 2993 CONCILIUM.

570 3085 826 3140 Canones
871 3080 1227 3156 generalium
1275 3083 1645 3139 conciliorum
1693 3101 1726 3139 a
1772 3083 2125 3156 temporibus

496 3177 854 3234 Constantini
902 3180 1214 3249 caperunt.
1263 3179 1324 3231 In
1374 3177 1833 3249 pracedentibus
1874 3193 2124 3249 namque

493 3272 659 3328 annis
694 3270 1085 3343 persecutione
1116 3271 1389 3339 fervente,
1432 3271 1813 3326 docendarum
1844 3270 2118 3343 plebium,

494 3367 605 3422 nisi
628 3382 757 3438 qua
785 3382 819 3421 a
842 3366 1101 3421 Romana
1125 3368 1526 3437 processerunt
1567 3364 1724 3435 sede,
1753 3365 1993 3420 minime
2021 3365 2120 3420 da-

2223 3101 2407 3140 unum
2421 3085 2725 3141 convenire
2740 3084 2845 3141 nisi
2868 3088 3124 3157 tempore
3139 3082 3442 3157 supradicti
3468 3083 3855 3157 imperatoris,

2224 3179 2343 3250 ipse
2372 3179 2525 3234 enim
2540 3179 2697 3234 dedit
2721 3179 3047 3236 facultatem
3066 3178 3397 3235 Christianis
3420 3177 3603 3234 libere
3621 3194 3860 3252 congre-

2225 3272 2365 3345 gari.
2384 3272 2498 3328 Sub
2523 3273 2635 3328 hoc
2649 3272 2824 3328 etiam
2843 3273 3023 3329 sancti
3048 3274 3263 3342 Patres,
3288 3272 3350 3327 in
3366 3272 3604 3328 concilio
3629 3273 3860 3329 Nicano

2224 3365 2298 3421 de
2339 3366 2496 3421 omni
2528 3366 2665 3422 orbe
2706 3370 2991 3422 terrarum
3033 3366 3435 3422 convenientes
3468 3366 3638 3439 juxta
3681 3366 3860 3423 ﬁdem

492 3460 664 3515 batur
684 3460 939 3564 facultas.
968 3458 1105 3563 Inde
1135 3457 1526 3564 Christianitas
1554 3457 1614 3512 in
1628 3458 1891 3564 diversas
1937 3458 2120 3564 hare-
2142 3488 2199 3564 Ο
2222 3460 2610 3564 evangelicam
2640 3463 2699 3516 et
2720 3460 3111 3564 apostolicam,
3135 3460 3449 3516 secundum
3477 3463 3606 3533 post
3624 3465 3854 3534 aposto-

493 3570 579 3610 ses
627 3554 798 3610 scissa
841 3558 947 3623 est,
978 3553 1111 3625 quia
1148 3570 1266 3609 non
1312 3555 1434 3608 erat
1470 3552 1702 3608 licentia
1742 3552 2019 3625 episcopis
2062 3552 2124 3608 in
2152 3552 2198 3564 ν’
2221 3553 2660 3627 lossymbolum
2691 3553 3065 3611 tradiderunt.

1526 3827 1989 3898 PR/EFATIO
2051 3828 2376 3901 NleENI
2435 3829 2830 3900 CONCILII.

567 3988 897 4045 Beatissimo
929 3987 1151 4044 Silvano
1195 3988 1255 4043 in
1293 3987 1436 4043 urbe
1462 3988 1645 4044 Roma
1681 3989 2005 4061 apostolica
2035 4006 2123 4047 se-

497 4082 583 4138 dis
604 4079 872 4151 antistite,
895 4082 1264 4139 Constantino
1278 4084 1534 4154 Augusto
1560 4086 1618 4138 et
1642 4082 1856 4139 Licinio
1881 4085 2121 4156 Caesare,

494 4177 791 4233 consulatu
818 4175 1037 4231 Paulini
1063 4179 1120 4231 et
1141 4174 1346 4232 Iuliani
1370 4177 1626 4241 virorum
1655 4176 2122 4247 clarissimorum,

496 4271 567 4327 ab
613 4269 935 4325 Alexandro
977 4270 1374 4327 trecentesimo
1412 4269 1700 4327 tricesimo
1746 4277 1907 4328 sexto
1949 4288 2122 4341 anno,

493 4380 689 4420 mense
715 4364 881 4433 Julio,
908 4378 1005 4419 xm
1046 4364 1247 4420 Kalen.
1293 4364 1444 4431 Julii,
1489 4368 1727 4437 propter
1765 4367 2127 4439 insurgentes

494 4459 738 4514 hareses
754 4458 895 4514 ﬁdes
908 4457 1189 4514 catholica
1207 4458 1465 4531 exposita
1484 4462 1572 4514 est
1585 4459 1737 4531 apud
1752 4460 1998 4515 Nicaam
2018 4461 2122 4532 By-

492 4552 714 4621 thinia,
752 4568 928 4625 quam
978 4557 1230 4608 sanctam
1267 4557 1325 4607 et
1356 4552 1834 4608 reverendissima
1867 4554 2128 4608 Romana

493 4647 893 4720 complectitur
907 4651 964 4701 et
980 4652 1285 4703 veneratur
1303 4646 1564 4715 Ecclesia,
1589 4647 1803 4718 quippe
1827 4664 2001 4718 quam
2017 4650 2129 4701 tre-

494 4742 643 4798 centi
662 4742 859 4798 decem
876 4747 933 4797 et
951 4745 1075 4796 octo
1092 4742 1287 4796 Patres
1314 4740 1692 4796 mediantihus
1710 4740 1936 4796 Victore
1956 4746 2124 4812 atque

492 4835 790 4891 Vincentio
820 4833 1253 4905 religiosissimis
1282 4834 1552 4889 Romanae
1581 4833 1727 4889 sedis
1760 4834 2122 4905 presbyteris,

2226 3992 2387 4060 coelo,
2422 3994 2479 4046 et
2503 4006 2859 4065 quacunque
2886 3989 3119 4045 solveris
3146 4006 3318 4062 super
3335 3991 3548 4047 terram
3574 3994 3748 4046 erunt
3761 4006 3857 4046 so-

2224 4085 2341 4140 luta
2367 4087 2426 4139 et
2449 4085 2510 4140 in
2540 4084 2679 4141 coelo
2707 4084 2920 4157 (Matth.
2964 4101 3076 4153 xv1,
3127 4086 3212 4155 l8,
3260 4084 3365 4155 l9).
3395 4104 3422 4135 »
3470 4083 3739 4139 Adhibita
3775 4089 3861 4139 est

2225 4178 2398 4235 etiam
2435 4179 2669 4235 societas
2711 4178 2771 4233 in
2816 4179 3015 4234 eadem
3061 4179 3317 4233 Romana
3362 4178 3500 4234 urbe
3545 4176 3859 4232 beatissimi

2226 4272 2461 4345 apostoli
2480 4271 2831 4344 Pauli,'vasis
2861 4271 3172 4342 electionis,
3202 4272 3302 4344 qui
3335 4288 3451 4327 uno
3485 4271 3595 4341 die,
3627 4287 3859 4343 unoque

2225 4373 2482 4438 tempore
2504 4366 2749 4437 gloriosa
2771 4372 2953 4422 morte
2969 4382 3099 4421 cum
3120 4367 3310 4434 Petro,
3334 4365 3439 4420 sub
3465 4365 3725 4438 principe
3745 4366 3855 4421 Ne-

2223 4476 2380 4529 rone,
2412 4459 2716 4532 agonizans
2745 4464 3046 4516 coronatus
3076 4463 3180 4529 est,
3209 4463 3267 4515 et
3292 4459 3462 4515 ambo
3509 4458 3726 4531 pariter
3752 4459 3856 4514 Ec-

2224 4552 2452 4609 clesiam
2478 4556 2732 4610 sanctam
2776 4554 3090 4609 Romanam
3125 4553 3347 4609 Christo
3376 4552 3614 4609 Domino
3664 4568 3859 4609 conse-

2223 4650 2547 4716 craverunt,
2593 4647 2828 4720 aliisque
2881 4647 3115 4703 urbibus
3164 4646 3427 4703 omnibus
3480 4647 3541 4701 in
3593 4646 3857 4702 universo

2223 4741 2442 4796 mundo
2462 4758 2565 4796 sua
2580 4741 2853 4813 potentia,
2870 4746 3038 4814 atque
3053 4741 3379 4797 venerando
3397 4740 3695 4814 triumpho
3713 4756 3861 4813 pra-

2228 4835 2497 4891 tulerunt.
2525 4836 2594 4891 Et
2622 4835 2754 4890 licet
2796 4851 2900 4907 pro
2928 4836 3192 4891 omnibus
3228 4834 3453 4891 assidua
3477 4835 3632 4906 apud
3661 4835 3857 4891 Domi-

495 4927 807 4999 inspirante
834 4929 963 4998 Deo,
990 4929 1062 4983 ad
1098 4927 1449 4983 obstruenda
1476 4925 1593 4981 Arii
1619 4943 1842 4981 venena
1871 4927 2121 4998 protule-
2143 4896 2204 4969 D
2226 4946 2367 4985 num
2391 4929 2650 4985 omnium
2676 4932 3003 4984 sanctorum
3033 4930 3303 4985 fundatur
3330 4929 3528 4999 oratio,
3549 4929 3638 4983 his
3662 4934 3858 4984 tamen

495 5024 651 5076 runt.
678 5022 817 5075 Nam
843 5025 900 5076 et
926 5022 1213 5077 nonnulla
1246 5021 1464 5093 regula
1492 5019 1762 5074 subnexa
1802 5024 1951 5089 sunt,
1986 5037 2128 5091 quas

496 5119 809 5170 memorata
826 5115 1138 5186 suspiciens
1152 5113 1511 5170 conﬁrmavit
1528 5114 1791 5168 Ecclesia.
1817 5112 2126 5169 Sciendum

498 5212 583 5263 est
607 5224 739 5263 sane
770 5208 840 5263 ab
869 5209 1133 5263 omnibus
1162 5208 1476 5276 catholicis,
1506 5207 1779 5279 quoniam
1809 5212 2001 5263 sancta
2029 5209 2127 5262 Ec-

497 5300 666 5358 clesia
692 5302 951 5358 Romana
972 5303 1141 5358 nullis
1173 5303 1456 5375 synodicis
1486 5301 1724 5358 decretis
1754 5302 1990 5373 praelata
2018 5306 2121 5371 est,

497 5396 597 5451 sed
650 5397 977 5468 evangelica
1018 5414 1154 5453 voce
1201 5396 1443 5465 Domini,
1490 5400 1549 5451 et
1587 5394 1890 5452 Salvatoris
1942 5396 2125 5451 nostri

495 5490 807 5563 primatum
834 5490 1100 5559 obtinuit,
1127 5490 1228 5544 ubi
1254 5489 1392 5544 dixit
1430 5490 1597 5545 beato
1634 5492 1800 5545 Petro
1827 5490 2080 5561 apostolo
2109 5507 2123 5545 :

499 5608 527 5637 ‹‹
553 5587 634 5641 Tu
660 5602 721 5639 es
744 5587 945 5641 Petrus
988 5588 1046 5639 et
1089 5598 1262 5653 super
1289 5582 1435 5637 hanc
1458 5588 1681 5655 petram
1705 5583 1991 5639 aediﬁcabo
2022 5585 2125 5640 Ec-

496 5681 723 5735 clesiam
748 5695 958 5745 meam,
988 5682 1045 5732 et
1068 5681 1248 5748 porta
1265 5675 1439 5730 inferi
1462 5693 1579 5731 non
1611 5679 2006 5749 pravalebunt
2031 5679 2129 5734 ad-

495 5791 689 5830 versus
719 5790 870 5828 eam.
900 5774 969 5827 Et
1011 5770 1115 5825 tibi
1161 5770 1306 5825 dabo
1352 5769 1531 5825 claves
1555 5770 1718 5842 regni
1744 5772 2036 5843 calorum,
2069 5774 2128 5827 et

497 5882 850 5942 quacunque
870 5864 1141 5941 ligaveris
1165 5879 1337 5939 super
1359 5865 1575 5920 terram
1597 5868 1767 5921 erunt
1793 5865 1968 5938 ligata
1986 5866 2123 5923 etin

2223 5023 2409 5078 verbis
2444 5023 2651 5078 Paulus
2696 5023 3058 5079 beatissimus
3097 5025 3386 5095 apostolus
3427 5023 3695 5078 Romanis
3722 5039 3856 5095 pro-

2223 5117 2348 5188 prio
2374 5116 2754 5189 chirographo
2796 5117 3114 5189 pollicetur,
3164 5117 3356 5173 dicens
3385 5135 3399 5172 :
3434 5138 3463 5167 «
3499 5117 3675 5172 Testis
3705 5116 3858 5172 enim

2224 5208 2366 5266 mihi
2394 5214 2480 5266 est
2509 5212 2671 5280 Deus,
2701 5211 2791 5267 cui
2811 5211 2991 5266 servio
3007 5212 3067 5267 in
3094 5210 3297 5283 spiritu
3321 5227 3451 5266 meo
3470 5211 3530 5265 in
3549 5210 3859 5283 Evangelia

2224 5304 2348 5359 Filii
2379 5305 2503 5377 ejus
2534 5305 2687 5377 quod
2715 5305 2836 5360 sine
2856 5305 3274 5361 intermissione
3318 5304 3661 5361 memoriam
3687 5304 3861 5360 vestri

2225 5398 2369 5453 facio
2416 5399 2475 5453 in
2518 5399 2871 5455 orationibus
2914 5399 3061 5454 meis
3105 5399 3272 5470 (Rom.
3304 5416 3342 5468 1,
3373 5403 3426 5469 9,
3464 5399 3570 5471 l0).
3606 5421 3634 5450 »
3669 5398 3861 5454 Prima

2226 5507 2364 5564 ergo
2382 5493 2543 5547 sedes
2559 5493 2773 5549 caelesti
2792 5492 3067 5549 beneficio
3088 5494 3359 5549 Romana.
3379 5492 3662 5564 Ecclesia,
3681 5509 3861 5565 quam

2224 5585 2539 5640 beatissimi
2562 5589 2762 5643 Petrus
2799 5591 2971 5659 atque
3010 5588 3219 5643 Paulus
3250 5604 3353 5643 suo
3394 5572 3673 5658 martyrio
3707 5586 3866 5642 dedi-

2224 5683 2444 5735 carunt.
2487 5680 2743 5737 Secunda
2794 5684 2985 5737 autem
3036 5681 3200 5737 sedes
3253 5680 3403 5754 apud
3454 5681 3863 5736 Alexandriam

2223 5771 2377 5828 beati
2422 5774 2570 5830 Petri
2609 5775 2844 5831 nomine
2887 5791 2920 5830 a
2966 5775 3146 5830 Marco
3192 5775 3316 5847 ejus
3361 5773 3638 5846 discipulo
3691 5780 3864 5847 atque

2223 5866 2566 5943 evangelista
2594 5873 2920 5927 consecrata
2949 5872 3055 5941 est,
3098 5868 3231 5944 quia
3260 5875 3319 5927 et
3344 5869 3464 5943 ipse
3508 5868 3569 5926 in
3612 5871 3865 5945 .‘Egypto
