4058 6322
230 327 261 376 2
272 327 334 376 33

1469 327 1934 388 DECRETALIUM
1972 333 2354 388 COLLECTIO.

3495 343 3598 398 254

229 431 456 502 primus
481 431 720 486 verbum
747 433 998 488 veritatis
1023 434 1268 490 directus
1286 453 1318 490 a
1335 439 1500 492 Petro
1518 439 1862 510 praedicavit,
1887 456 1946 529 Α
1966 439 2087 508 der,
2110 440 2428 512 episcopus,
2455 445 2657 496 natura
2675 443 2818 497 lenis
2845 447 2902 498 et
2927 443 3172 516 quietus,
3189 446 3413 501 assidue
3439 464 3594 504 com-

229 529 288 578 et
327 525 638 596 gloriosum
679 526 922 598 suscepit
965 529 1323 600 martyrium.
1377 531 1478 586 Cui
1527 533 1867 588 venerabilis

227 619 502 673 successit
543 619 780 674 Abilius.
833 622 1019 676 Tertia
1065 639 1198 678 vero
1250 624 1415 678 sedes
1463 626 1616 696 apud
1661 627 1862 682 Antio-

226 711 420 766 chiam
449 713 705 784 ejusdem
731 714 882 769 beati
910 716 1058 770 Petri
1083 719 1320 788 apostoli
1359 719 1597 774 habetur
1619 721 1860 774 honora-

224 805 378 874 bilis,
411 807 548 878 quia
575 807 712 874 illie,
740 809 1074 880 priusquam
1103 811 1344 866 Romam
1379 814 1614 881 veniret,
1649 814 1864 868 habita-

223 899 324 968 vit,
345 903 402 954 et
415 901 700 970 lgnatium
717 901 1044 973 episcopum
1075 905 1386 973 constituit,
1406 911 1462 960 et
1477 907 1586 960 illic
1605 908 1860 978 primum

221 1009 448 1047 nomen
489 994 936 1050 Christianorum
965 999 1200 1052 novellae
1238 999 1424 1070 gentis
1461 1003 1722 1054 exortum
1753 1005 1857 1056 est.

221 1086 368 1140 Nam
417 1091 473 1141 et
513 1087 1054 1159 Hierosolymitanus
1097 1091 1409 1163 episcopus,
1444 1110 1548 1163 pro
1579 1095 1718 1148 tanti
1751 1095 1858 1149 loci

221 1181 562 1248 reverentia,
579 1181 649 1236 ab
668 1182 931 1236 omnibus
947 1183 1188 1238 habetur
1213 1186 1586 1241 honorabilis.
1615 1189 1857 1242 Maxime

221 1273 377 1343 quod
405 1273 519 1327 illic
537 1275 756 1344 primus
779 1275 1139 1330 beatissimus
1159 1278 1420 1348 Jacobus,
1448 1280 1544 1350 qui
1567 1279 1857 1335 dicebatur

213 1367 424 1436 justus,
455 1367 553 1438 qui
596 1369 771 1422 etiam
803 1371 1117 1424 secundum
1149 1387 1380 1426 carnem
1419 1372 1597 1427 frater
1625 1374 1856 1428 Domini

218 1463 586 1531 nuncupatus
611 1465 711 1529 est,
746 1453 994 1530 a'Petro,
1024 1464 1228 1519 Jacobo
1252 1469 1309 1518 et
1335 1467 1553 1520 Joanne
1585 1467 1853 1537 apostolis

220 1558 306 1608 est
335 1555 632 1626 episcOpus
661 1556 970 1626 ordinatus,
1003 1557 1218 1629 itaque,
1251 1560 1562 1614 secundum
1588 1561 1849 1632 antiquo-

219 1664 352 1702 rum
379 1649 608 1703 Patrum
634 1649 1044 1720 deﬁnitionem,
1073 1652 1232 1706 sedes
1253 1653 1442 1723 prima
1460 1653 1520 1707 in
1547 1655 1853 1727 Hierosoly-

221 1741 328 1796 mis
359 1759 482 1796 esse
513 1743 749 1797 minime
772 1743 998 1812 dicitur,
1037 1761 1110 1799 ne
1141 1745 1285 1800 forte
1314 1746 1384 1800 ab
1409 1747 1734 1802 infidelibus
1754 1755 1853 1804 aut

1965 533 2375 588 monitionibus
2411 534 2608 590 Arium
2661 541 2896 608 cuperet
2919 555 2952 592 a
2979 556 3158 610 pravo
3187 539 3414 611 incepto
3440 546 3496 597 et
3517 560 3600 598 as-

1964 627 2306 681 sertionibus
2329 627 2516 699 impiis
2535 646 2822 698 revocare,
2839 647 2942 686 nec
2960 636 3156 688 tamen
3177 651 3269 688 res
3289 651 3355 688 ex
3373 639 3598 691 senten-

1921 704 1924 706 Ὺ
1963 719 2038 772 tia
2051 721 2468 790 procederet,et
2479 724 2634 794 quod
2647 725 2950 796 plerosque
2966 726 3214 796 quodam
3229 729 3487 799 contagio
3501 747 3598 801 pe-

1963 812 2174 866 stiferae
2193 813 2517 868 assertionis
2533 815 2826 886 infecerat,
2849 834 2964 872 non
2982 819 3167 874 solum
3187 821 3338 892 apud
3356 822 3598 878 Alexan-

1962 905 2168 972 driam,
2192 923 2390 961 verum
2420 911 2478 962 et
2505 925 2606 978 per
2630 910 2762 964 alias
2789 911 3109 981 provincias
3135 914 3482 985 disperserat
3507 934 3596 972 ur-

1959 998 2080 1066 bes,
2121 999 2500 1070 perniciosum
2525 1003 2644 1056 fore
2672 1004 2929 1072 credens,
2961 1006 3005 1060 si
3034 1006 3422 1064 dissimularet
3445 1027 3478 1063 a
3502 1015 3592 1065 ta-
3680 1073 3685 1080 ι

1959 1091 2127 1162 libus,
2179 1093 2445 1163 plurimis
2486 1097 2974 1152 consacerdotibus
3015 1100 3130 1154 suis
3175 1117 3302 1156 rem
3351 1102 3584 1158 indicat.

1956 1185 2203 1248 Quaestio
2225 1185 2380 1240 laicis
2411 1187 2732 1244 innoteseit.
2763 1190 2958 1246 Sermo
2983 1209 3164 1264 usque
3192 1195 3262 1250 ad
3293 1211 3460 1250 aures
3491 1213 3585 1251 re-

1955 1277 2142 1347 ligiosi
2193 1279 2464 1351 principis
2509 1281 2740 1353 (quippe
2789 1283 2886 1354 qui
2939 1286 3092 1340 omni
3148 1287 3334 1342 studio
3389 1294 3446 1344 et
3502 1290 3586 1343 di-

1954 1371 2191 1442 ligentia
2239 1379 2466 1428 curaret
2515 1391 2642 1446 qua?
2691 1381 2881 1431 nostra
2927 1379 3076 1449 sunt)
3122 1381 3396 1450 pervenit.
3444 1383 3586 1438 Tum

1952 1465 2046 1518 ille
2093 1482 2160 1519 ex
2207 1467 2490 1521 sententia
2522 1469 2884 1524 sacerdotum
2909 1471 3060 1542 apud
3103 1473 3301 1528 urbem
3339 1475 3584 1530 Nicaeam

1955 1557 2080 1630 59
2110 1560 2426 1630 episcopale
2455 1561 2752 1616 concilium
2789 1568 3075 1632 convocat,
3106 1567 3370 1621 trecentis
3394 1567 3586 1640 ibique

1951 1652 2148 1706 Arium
2176 1653 2372 1707 decem
2412 1657 2469 1707 et
2512 1658 2636 1709 octo
2669 1656 2948 1727 episcopis
2982 1656 3358 1714 residentibus
3389 1661 3584 1716 adesse

1943 1741 2128 1813 jubet,
2160 1761 2224 1798 ac
2243 1745 2313 1798 de
2337 1745 2460 1815 ejus
2478 1747 2964 1817 propositionibus
2991 1753 3049 1804 et
3075 1751 3483 1822 quaestionibus
3495 1755 3587 1824 ju-

217 1834 412 1889 idiotis
441 1836 604 1891 sedes
623 1837 848 1892 Domini
881 1838 1062 1893 nostri
1082 1839 1212 1893 Jesu
1239 1840 1607 1912 Cbristi,quze
1630 1842 1688 1896 in
1710 1844 1849 1897 coelo
1871 1828 1926 1900 Β
1952 1836 2154 1890 dical‘e-
2185 1837 2290 1893 Sed
2319 1838 2379 1891 in
2405 1855 2472 1892 ΘΟ
2499 1840 2736 1894 0011οἱ1ἱο
2761 1842 3072 1898 admirable
3121 1845 3333 1900 factum
3371 1847 3582 1916 princi—

219 1931 324 1995 est,
357 1928 416 1982 in
447 1933 602 1984 terra
626 1945 744 1985 esse
773 1934 1091 2001 putaretur.
1133 1932 1354 1987 Etenim
1399 1935 1558 1988 sedes
1601 1935 1722 2005 ejus
1748 1953 1852 1991 eoe—

219 2023 358 2092 lum,
373 2025 532 2076 terra
542 2028 734 2078 autem
747 2024 1054 2079 scabellum
1065 2026 1277 2096 pedum
1294 2027 1436 2096 ejus,
1451 2027 1720 2098 quoniam
1733 2031 1849 2100 ipse

217 2121 320 2184 est,
339 2132 444 2187 per
467 2133 642 2187 quem
671 2117 866 2172 omnia
898 2118 1046 2174 facta
1067 2126 1215 2187 sunt,
1255 2123 1312 2174 et
1352 2121 1469 2176 sine
1496 2139 1610 2193 quo
1637 2123 1848 2178 factum

216 2214 300 2264 est
323 2210 466 2264 nihil
482 2211 796 2281 (Joan.1,3),
816 2232 844 2260 ‹‹
863 2212 1133 2283 quoniam
1167 2231 1230 2268 ex
1265 2215 1408 2285 ipso,
1440 2219 1495 2270 et
1513 2233 1614 2287 per
1639 2217 1844 2287 ipsum,

217 2307 274 2356 et
297 2303 358 2356 in
390 2303 514 2374 ipso
545 2310 679 2360 sunt
704 2305 916 2373 omnia,
943 2306 1054 2378 ipsi
1081 2307 1262 2378 gloria
1295 2308 1352 2362 in
1377 2310 1578 2364 saecula
1609 2311 1844 2366 saculo-

213 2414 360 2452 rum.
389 2401 578 2452 Amen
605 2399 772 2469 (Rom.
807 2415 864 2466 ιι,
896 2399 1006 2471 36).
1041 2421 1068 2450 ››

279 2492 448 2562 Apud
475 2493 762 2563 Ephesum
786 2509 915 2548 vero
945 2493 1304 2550 beatissimus
1329 2497 1596 2564 Joannes,
1628 2503 1849 2568 aposto-

211 2585 296 2638 lus
313 2589 372 2640 et
389 2586 762 2656 evangelista,
787 2588 968 2642 multo
989 2593 1248 2660 tempore
1269 2595 1397 2660 post
1419 2591 1644 2645 Domini
1663 2609 1846 2646 resur-

211 2679 526 2734 rectionem
541 2683 594 2734 et
605 2681 994 2736 ascensionem
1008 2682 1066 2736 in
1080 2683 1468 2751 ccelos,divina
1478 2684 1844 2755 inspiratione

207 2773 590 2844 Evangelium
633 2775 962 2846 conscripsit
1003 2781 1173 2848 atque
1219 2777 1512 2848 requievit.
1543 2779 1612 2834 Et
1641 2779 1711 2833 ob
1737 2780 1844 2834 hoc

207 2867 508 2939 episcopus
535 2868 870 2939 Ephesinus,
909 2885 1014 2940 pro
1045 2870 1188 2924 tanti
1230 2873 1468 2942 apostoli
1501 2875 1558 2926 et
1596 2889 1841 2944 evange-

205 2961 350 3015 listze
381 2961 692 3031 memoria,
721 2963 936 3018 caeteris
980 2964 1254 3035 episcopis
1290 2966 1742 3037 metropolitanis
1781 2969 1842 3022 in

203 3055 443 3124 synodis
470 3055 958 3112 honorabiliorem
988 3057 1210 3112 obtinet
1237 3059 1447 3114 sedem.

273 3149 384 3204 Sed
407 3149 684 3220 quoniam
711 3150 781 3204 de
800 3149 1034 3206 concilio
1055 3151 1280 3206 Nicaeno
1309 3153 1706 3208 disserendum
1735 3159 1838 3225 est,

201 3259 328 3314 quae
375 3244 500 3297 haec
553 3241 686 3298 fecit
727 3259 914 3314 causa,
960 3250 1026 3299 ut
1076 3249 1206 3316 post
1253 3245 1408 3300 illam
1455 3249 1838 3318 apostolorum

203 3337 520 3408 gloriosam
550 3335 1032 3408 przedicationem,
1079 3355 1208 3410 qua:
1255 3339 1308 3394 in
1352 3356 1581 3395 omnem
1625 3345 1840 3398 terram

171 3413 178 3422 ’
201 3429 542 3484 mirabiliter
555 3429 758 3485 diffusa
781 3433 882 3501 est,
903 3432 1005 3486 sub
1035 3433 1404 3488 Constantino
1421 3436 1674 3505 Augusto
1693 3436 1834 3490 tanti

201 3527 700 3596 congregarentur
715 3525 1006 3596 episcopi?
1025 3526 1212 3580 Ruﬁni
1225 3527 1388 3581 nobis
1403 3527 1653 3582 decimus
1670 3528 1834 3598 liber,

201 3617 298 3689 qui
316 3617 446 3688 conj
457 3621 656 3673 unctus
668 3621 754 3672 est
765 3635 970 3674 novem
992 3620 1151 3675 libris
1167 3620 1558 3676 ecclesiasticae
1580 3621 1838 3678 Historia:

201 3727 342 3783 quos
381 3711 472 3764 vir
513 3711 926 3768 eruditissimus
951 3714 1225 3768 Eusebius
1253 3715 1611 3770 Ctesariensis
1637 3716 1832 3787 edidit,

199 3805 516 3861 necessario
541 3805 845 3876 praefertur
875 3807 948 3862 ad
971 3808 1248 3879 medium,
1276 3813 1342 3864 ut
1367 3826 1540 3880 parva
1567 3826 1696 3882 quae
1714 3811 1836 3882 ejus

200 3899 354 3954 inter
398 3897 565 3953 initia
613 3899 682 3954 de
723 3899 840 3955 Arii
885 3901 1256 3972 perversitate
1311 3903 1631 3974 conscripta
1682 3909 1832 3974 sunt,

201 3995 624 4061 memorentur,
658 3993 793 4065 quia
827 3995 1064 4050 dubium
1106 4013 1220 4050 non
1258 4002 1360 4066 est,
1390 3996 1516 4052 ideo
1553 3999 1836 4054 trecentos

203 4087 402 4142 decem
462 4089 522 4141 et
573 4089 696 4142 octo
749 4088 1126 4144 sanctissimos
1183 4091 1393 4159 Patres,
1452 4109 1522 4145 ex
1577 4091 1835 4147 universo

204 4181 468 4236 orientali
488 4179 698 4236 orbein
717 4181 900 4237 Nicaea
927 4183 1204 4254 Bithyniae
1230 4188 1625 4256 congregatos,
1641 4188 1703 4239 ut
1717 4187 1836 4240 Arii

198 4275 446 4346 impium
474 4275 686 4346 dogma
707 4275 914 4332 Christi
935 4275 1142 4332 auxilio
1171 4278 1427 4333 funditus
1447 4279 1831 4334 damnaretur.
1846 4267 1888 4398 Ι

199 4370 260 4398 In
297 4367 506 4398 -..ιι-ιιςνε
537 4368 892 4398 ῇῇηκει-ΙΛ-ιδ-εη
925 4372 1359 4398 ,ιη-...κιαηηηιηη
1385 4373 1529 4398 κη-..]
1557 4372 1611 4398 ε..
1645 4376 1829 4398 ..η-.-ιη

199 4370 267 4424 Et
297 4367 510 4423 salubri
537 4368 898 4440 providentia
923 4372 1359 4426 constitueretur
1382 4373 1534 4445 quod
1557 4372 1614 4427 in
1644 4376 1836 4428 sancta

200 4463 478 4519 catholica
507 4463 752 4518 Ecclesia
777 4463 984 4519 debeat
1009 4465 1312 4520 observari.
1365 4469 1508 4522 Item
1539 4467 1610 4521 ad
1646 4469 1834 4522 locum

1951 1931 2038 2001 pis
2063 1947 2180 1985 non
2211 1937 2348 2002 puto
2381 1933 2750 1990 reticendum.
2776 1937 2996 1992 Etenim
3027 1955 3158 1992 cum
3206 1955 3274 1992 ex
3319 1941 3585 1996 omnibus

1950 2040 2096 2094 pene
2137 2025 2275 2080 locis
2314 2026 2560 2097 episc0pi
2599 2029 3010 2100 convenissent,
3043 2037 3116 2101 et,
3160 2037 3223 2086 ut
3264 2033 3386 2086 ﬁeri
3418 2035 3578 2104 solet,

1950 2118 2182 2173 diversis
2198 2135 2261 2174 ex
2289 2120 2470 2174 causis
2483 2121 2636 2175 inter
2651 2138 2708 2176 se
2727 2123 2986 2192 qutedam
3009 2125 3202 2196 jurgia
3231 2125 3580 2196 detulissent,

1949 2210 2417 2284 interpellabatur
2453 2214 2786 2286 frequenter
2831 2233 2864 2270 a
2909 2216 3168 2288 singulis,
3197 2218 3585 2274 offerebantur

1945 2304 2141 2375 libelli,
2171 2305 2352 2377 culpas
2388 2308 2843 2378 proferebantur,
2873 2315 2929 2364 et
2951 2311 3136 2382 magis
3160 2312 3234 2366 ad
3259 2313 3382 2368 haec
3406 2329 3580 2384 quam

1946 2399 2016 2453 ad
2043 2397 2098 2453 id
2123 2415 2226 2470 pro
2253 2417 2366 2471 quo
2392 2402 2581 2455 fuerat
2607 2406 2838 2458 ventum
2867 2403 3090 2459 animos
3117 2405 3346 2461 dabant.
3369 2409 3440 2462 At
3467 2407 3578 2476 ille,

1947 2491 2140 2546 videns
2170 2494 2320 2563 quod
2345 2509 2448 2564 per
2473 2495 2800 2564 hujusmodi
2819 2495 3017 2568 jurgia
3047 2514 3215 2553 causa
3242 2501 3450 2554 summi
3477 2517 3575 2556 ne-

1947 2585 2086 2655 gotii
2112 2587 2502 2654 frustraretur,
2549 2587 2700 2644 diem
2741 2593 2960 2644 certum
3007 2591 3204 2646 statuit
3246 2608 3359 2662 quo
3409 2610 3578 2648 unus-

1947 2679 2183 2750 quisque
2212 2680 2622 2752 episcoporum,
2670 2681 2714 2735 si
2753 2682 2888 2752 quid
2935 2683 3314 2754 querimoniae
3360 2686 3574 2742 habere

1945 2773 2249 2842 videretur,
2282 2773 2547 2829 deferret.
2578 2778 2720 2830 Cum
2757 2776 3074 2845 resedisset,
3125 2779 3372 2850 suscepit
3399 2796 3432 2834 a
3459 2781 3574 2834 sin-

1947 2866 2094 2937 gulis
2133 2867 2368 2921 libellos.
2412 2869 2562 2932 Quos
2605 2868 2772 2923 simul
2804 2886 3004 2924 omnes
3027 2869 3089 2924 in
3118 2871 3246 2928 sinu
3273 2889 3376 2927 suo
3406 2873 3576 2930 conti-

1942 2976 2084 3014 nens
2118 2977 2224 3014 nec
2247 2960 2306 3015 in
2336 2960 2416 3015 eis
2443 2962 2594 3032 quod
2639 2962 3028 3018 contineretur
3063 2965 3340 3034 aperiens,
3382 2967 3462 3022 ait
3503 2967 3576 3022 ad

1945 3054 2236 3126 episcopos
2266 3071 2278 3108 :
2311 3075 2340 3104 «
2368 3055 2513 3110 Deus
2553 3071 2651 3110 vos
2695 3055 2990 3112 constituit
3023 3059 3358 3127 sacerdotes,
3399 3064 3456 3114 et
3479 3077 3575 3132 po-

1941 3151 2204 3202 testatem
2231 3147 2384 3202 vobis
2412 3148 2570 3204 dedit
2611 3149 2679 3203 de
2716 3149 2881 3203 nobis
2909 3167 3136 3222 quoque
3160 3153 3477 3222 judicandi.
3507 3155 3576 3208 Et

1941 3240 2072 3295 ideo
2101 3259 2206 3296 nos
2233 3258 2266 3295 a
2293 3241 2446 3296 vobis
2460 3247 2612 3298 recte
2627 3242 2974 3314 judicamur,
2991 3261 3088 3298 vos
3122 3249 3312 3300 autem
3335 3264 3450 3302 non
3477 3265 3574 3318 po-

1940 3335 2096 3390 testis
2111 3336 2182 3389 ab
2210 3335 2536 3390 hominibus
2551 3336 2815 3406 judicari.
2838 3338 3078 3408 Propter
3096 3339 3246 3410 quod
3280 3339 3378 3395 Dei
3398 3342 3572 3396 solius

1939 3428 2089 3483 inter
2119 3446 2215 3482 vos
2257 3433 2581 3499 exspectate
2602 3430 2904 3500 judicium,
2949 3435 3011 3485 ut
3062 3435 3120 3484 et
3166 3437 3350 3488 vestra
3373 3433 3572 3506 jurgia

1939 3539 2290 3594 quaecunque
2325 3528 2454 3577 sunt
2485 3522 2558 3576 ad
2583 3523 2722 3576 illud
2750 3523 3007 3578 divinum
3051 3530 3413 3581 reserventur
3441 3544 3571 3583 exa-

1935 3632 2092 3685 men,
2126 3633 2222 3670 vos
2264 3616 2478 3672 etenim
2517 3615 2680 3670 nobis
2718 3633 2750 3670 a
2773 3617 2887 3671 Deo
2908 3617 3026 3672 dati
3055 3619 3189 3673 estis
3230 3619 3325 3674 dii.
3360 3622 3570 3678 Conve-

1935 3711 2097 3765 niens
2122 3727 2239 3764 non
2266 3715 2351 3765 est
2377 3713 2439 3765 ut
2463 3711 2634 3764 homo
2652 3709 2873 3780 judicet
2897 3711 3052 3780 deos,
3085 3712 3180 3767 sed
3205 3713 3298 3768 ille
3326 3716 3478 3770 solus
3497 3715 3567 3770 de

1937 3820 2050 3876 quo
2081 3804 2354 3875 scriptum
2390 3807 2514 3859 est:
2552 3823 2580 3856 «
2609 3805 2756 3858 Deus
2803 3803 2957 3859 stetit
3003 3805 3065 3860 in
3103 3823 3400 3878 synagoga
3441 3808 3571 3864 deo-

1935 3914 2085 3964 rum,
2107 3897 2168 3952 in
2191 3898 2376 3954 medio
2394 3902 2586 3953 autem
2603 3897 2742 3952 deos
2761 3897 3034 3954 discernit
3052 3899 3219 3971 (Psal.
3239 3917 3420 3972 LXXXI,
3441 3903 3510 3972 l).
3537 3925 3566 3954 »

1937 3993 2002 4046 Et
2042 3992 2189 4060 ideo,
2205 3992 2292 4046 his
2321 3991 2563 4060 omissis,
2581 3991 2690 4046 alia
2712 4008 2840 4062 quae
2865 3993 2936 4047 ad
2959 3992 3134 4048 ﬁdem
3160 3995 3256 4050 Dei
3281 3995 3570 4067 pertinent

1937 4086 2150 4158 absque
2176 4087 2292 4140 ulla
2333 4086 2658 4140 animorum
2694 4087 3054 4142 contentione
3096 4088 3378 4144 discutite.
3427 4091 3567 4144 Cum

1935 4180 2060 4234 hzec
2106 4180 2332 4234 dixisset.
2381 4197 2582 4234 omnes
2625 4179 3118 4251 querimoniarum
3148 4182 3366 4238 libellos
3399 4185 3569 4255 jussit

1937 4274 2114 4344 exuri,
2144 4291 2214 4328 ne
2243 4274 2628 4329 innotesceret
2673 4275 2751 4329 illi
2793 4275 2989 4329 odium
3037 4281 3092 4332 et
3132 4277 3454 4349 suggillatio
3486 4295 3567 4334 sa-

1935 4367 2253 4422 cerdotum.
2287 4368 2494 4422 Verum
2523 4384 2654 4422 cum
2680 4385 2785 4439 per
2811 4367 2932 4424 dies
2953 4371 3162 4425 multos
3193 4371 3252 4425 in
3283 4371 3565 4444 episcopo—

1934 4478 2063 4516 rum
2089 4460 2322 4516 concilio
2353 4461 2421 4516 de
2451 4460 2562 4516 ﬁde
2591 4462 2830 4533 quaestio
2859 4466 3193 4533 verteretur,
3223 4471 3278 4519 et
3303 4467 3566 4520 nonnulli

203 4574 270 4611 ex
311 4557 460 4612 libro
506 4557 728 4612 decimo
775 4558 970 4613 Ruﬁni
1000 4575 1012 4613 :
1042 4559 1220 4630 Igitur
1245 4576 1376 4613 cum
1417 4561 1568 4632 apud
1593 4563 1832 4616 Alexan-
1851 4581 1910 4652 D
1935 4555 2152 4610 diversa
2179 4554 2454 4610 sentirent
2471 4572 2535 4610 ac
2553 4556 2919 4652 vehementer
2944 4557 3118 4629 ceptis
3144 4557 3260 4612 Arii
3289 4559 3559 4652 faverent,

203 4650 386 4706 driam
427 4655 558 4721 post
589 4651 879 4721 Achillem,
927 4653 1024 4724 qui
1067 4653 1219 4707 Petri
1267 4654 1511 4724 matyrio
1551 4655 1830 4723 successit,

203 4745 538 4816 suscepisset
559 4743 878 4801 Alexander
908 4745 1311 4816 sacerdotium,
1339 4747 1472 4818 quia
1497 4765 1604 4819 pax
1627 4749 1834 4803 nostris

205 4843 260 4894 et
282 4839 446 4912 quies
489 4855 523 4893 a
566 4840 1054 4910 persecutionibus
1080 4847 1222 4912 erat,
1265 4847 1434 4913 atque
1459 4842 1835 4897 Ecclesiarum

203 4933 386 5004 gloria
424 4933 810 4988 confessorum
859 4934 1077 4989 meritis
1133 4935 1438 5006 gaudebat,
1491 4936 1834 5006 prosperitas

199 5043 395 5084 rerum
413 5032 736 5082 nostrarum
763 5029 1073 5083 domestica
1099 5029 1457 5085 contentione
1472 5029 1830 5085 turbabatur.

201 5122 428 5178 Etenim
445 5123 740 5194 presbyter
752 5121 986 5194 quidam
1001 5124 1148 5194 apud
1165 5124 1588 5192 Alexandriam,
1602 5123 1835 5180 nomine

200 5215 387 5286 Arius,
417 5215 508 5270 vir
529 5215 650 5286 ipse
676 5219 732 5270 et
753 5216 936 5270 forma
961 5217 1148 5288 magis
1169 5233 1342 5288 quam
1372 5218 1576 5272 virtute
1611 5218 1832 5291 religio-

201 5327 312 5377 sus,
343 5309 444 5364 sed
479 5308 675 5380 glorise
705 5309 1002 5382 laudisque
1043 5314 1100 5365 et
1132 5310 1397 5365 novitatis
1428 5311 1688 5383 improbe
1713 5329 1838 5382 per-

202 5403 464 5476 cupidus,
517 5419 696 5475 prava
739 5405 1001 5475 quaedam
1045 5404 1114 5458 de
1157 5404 1361 5460 Christi
1405 5405 1515 5459 ﬁde
1559 5406 1832 5475 proferre,

201 5503 258 5552 et
285 5514 416 5570 qua:
461 5503 580 5552 arte
627 5497 1006 5568 inquisitionis
1047 5497 1338 5554 invenerat
1381 5499 1565 5570 erepit.
1599 5499 1834 5553 Abscin-

201 5591 336 5646 dere
364 5591 543 5658 enim,
587 5609 652 5646 ac
692 5607 950 5664 separare
981 5591 1050 5646 ab
1077 5592 1169 5647 illa
1197 5596 1414 5647 aeterna
1459 5597 1517 5647 et
1558 5593 1836 5648 ineffabili

199 5685 302 5741 Dei
325 5685 510 5742 Patris
540 5685 854 5742 substantia
897 5687 986 5742 vel
1034 5691 1240 5742 natura
1265 5686 1470 5741 Filium
1502 5688 1833 5742 conabatur.

199 5781 336 5846 Quae
367 5797 464 5835 res
488 5778 548 5834 in
575 5780 820 5836 Ecclesia
843 5780 1123 5852 plurimos
1149 5781 1543 5852 conturbabat,
1567 5785 1668 5836 eta
1685 5781 1836 5836 dulci

199 5875 417 5936 mentis
462 5875 874 5950 tranquillitate
914 5875 1253 5934 dimovebat.
1295 5875 1404 5934 Sed
1433 5893 1564 5933 cum
1588 5875 1835 5933 Alexan-

1931 4651 2124 4721 plures
2151 4653 2346 4705 tamen
2368 4652 2530 4704 erant
2546 4649 2642 4720 qui
2663 4649 2909 4722 impium
2931 4655 3358 4706 exsecrarentur
3376 4651 3566 4724 incep-

1931 4748 2074 4798 tum.
2107 4745 2361 4816 Cumque
2401 4743 2462 4798 in
2495 4742 2698 4798 eodem
2725 4743 2966 4797 concilio
2998 4747 3144 4798 esset
3175 4746 3564 4800 confessorum

1932 4855 2174 4910 magnus
2203 4853 2474 4893 numerus
2517 4835 2892 4906 sacerdotum,
2937 4853 3138 4891 omnes
3169 4837 3280 4892 Arii
3311 4839 3566 4894 novitati-

1933 4933 2039 4987 bus
2065 4932 2530 4988 adversabantur.
2571 4931 2854 4988 Favebant
2894 4947 3025 4986 vero
3069 4931 3119 4985 ei
3159 4932 3262 4986 viri
3309 4931 3368 4988 in
3415 4951 3566 5006 quae-

1935 5027 2210 5082 stionibus
2235 5025 2441 5096 callidi,
2475 5029 2532 5081 et
2556 5026 2627 5082 ob
2662 5026 2720 5081 id
2759 5025 3102 5097 simplicitati
3141 5026 3274 5082 ﬁdei
3304 5027 3562 5084 adversa-

1933 5121 2160 5177 bantur.
2191 5124 2472 5187 Quantam
2492 5137 2625 5177 vero
2652 5119 2859 5175 habeat
2886 5121 3154 5174 virtutem
3187 5121 3322 5176 ﬁdei
3347 5121 3560 5193 simpli-

1935 5215 2093 5286 citas,
2125 5216 2296 5272 etiam
2343 5233 2411 5270 ex
2452 5214 2540 5270 his
2584 5231 2712 5286 quae
2753 5213 2830 5268 ibi
2875 5219 3031 5284 gesta
3077 5219 3227 5284 sunt,
3279 5213 3568 5287 cognosci-

1935 5327 2084 5365 mus.
2117 5311 2338 5366 Etenim
2390 5326 2520 5364 cum
2569 5325 2674 5380 pro
2718 5307 2904 5363 studio
2935 5308 3182 5380 religiosi
3211 5310 3567 5381 imperatoris

1937 5419 2001 5458 ex
2028 5404 2184 5458 omni
2201 5408 2356 5458 terra
2381 5401 2703 5457 sacerdotes
2733 5403 2832 5457 Dei
2862 5403 3274 5472 convenissent,
3300 5393 3578 5475 opinione

1937 5496 2212 5552 commoti
2240 5495 2562 5567 philosophi
2594 5511 2820 5566 quoque
2868 5502 2924 5550 et
2967 5497 3246 5552 dialectici
3283 5498 3442 5552 valde
3473 5514 3567 5551 no-

1935 5592 2076 5645 biles
2102 5594 2159 5644 et
2183 5589 2563 5662 opinatissimi
2593 5596 3002 5644 convenerunt.
3033 5593 3090 5644 In
3117 5593 3316 5663 quibus
3335 5591 3565 5660 quidam

1935 5684 2175 5755 insignis
2199 5685 2254 5738 in
2285 5687 2406 5738 arte
2446 5684 2732 5739 dialectica
2763 5702 2864 5756 per
2895 5685 3016 5739 dies
3061 5685 3309 5755 singulos
3338 5682 3556 5737 conﬂic-

1935 5784 2058 5835 tum
2091 5779 2302 5833 summi
2332 5779 2656 5834 certaminis
2701 5796 2830 5832 cum
2871 5779 3148 5850 episcopis
3199 5775 3398 5830 nostris
3433 5776 3566 5832 viris

1938 5890 2102 5948 aeque
2133 5873 2192 5930 in
2219 5873 2513 5934 dialectica
2540 5891 2656 5930 non
2693 5871 3141 5946 improbabiliter
3177 5869 3416 5927 eruditis
3443 5887 3564 5930 m0-
