4058 6304
474 319 581 384 25's

1367 324 1647 380 APPEND.
1688 316 1775 378 AD
1812 322 1969 378 S/EC.
2013 320 2100 378 1x.
2128 352 2198 363 —
2236 316 2479 379 Ismom
2516 309 2938 379 MERCATORIS

3734 320 3842 379 256

477 438 666 492 vehat.
699 437 768 490 Et
787 435 958 491 ﬁebat
984 435 1189 506 ingens
1223 433 1605 505 spectaculum
1636 430 2107 486 convenientibus
2126 441 2186 517 Α
2205 431 2462 503 pefactus
2480 431 2682 487 virtute
2697 431 2980 486 dictorum
2997 433 3193 486 mutus
3209 431 3280 486 ad
3296 431 3495 486 omnia
3520 432 3633 487 hoc
3649 433 3840 487 solum

482 531 551 585 ad
582 529 933 584 audiendum
961 528 1140 583 doctis
1184 531 1241 581 et
1284 525 1548 581 litteratis
1581 524 1733 579 viris.
1774 525 1886 578 Nec
1914 526 2106 579 tamen

477 625 599 678 ullo
627 639 836 694 genere
867 621 1235 694 philosophus
1260 618 1526 675 concludi
1555 634 1588 672 a
1617 617 1867 689 quodam
1886 621 2109 688 poterat

481 721 581 770 aut
608 716 1128 786 constringi.Tanta
1146 712 1298 768 enim
1319 711 1542 767 dicendi
1557 715 1677 765 arte
1693 710 1926 781 objectis
1948 726 2105 781 quae-

485 809 763 864 stionibus
788 807 1135 873 occurrebat,
1152 811 1215 859 ut
1237 804 1338 859 ubi
1361 805 1609 859 maxime
1629 808 1927 874 putaretur
1941 802 2106 857 astri-

485 907 608 956 ctus
638 903 790 955 velut
814 899 1015 969 anguis
1039 899 1291 953 lubricus
1317 897 1661 952 elaberetur.
1689 896 1797 951 Sed
1828 899 1892 949 ut
1917 903 2105 950 osten-

486 996 648 1049 deret
692 996 850 1059 Deus,
898 992 1029 1062 quia
1080 1013 1107 1040 ‹‹
1134 1008 1253 1045 non
1301 990 1360 1044 in
1402 1005 1662 1045 sermone
1705 1005 1950 1060 regnum
1984 989 2105 1056 Dei,

483 1090 582 1142 sed
608 1088 668 1141 in
697 1087 903 1140 virtute
947 1084 1201 1139 consistit
1232 1086 1281 1155 (I
1311 1084 1430 1139 Cor.
1479 1100 1551 1148 Iv,
1588 1082 1701 1153 20),
1730 1102 1757 1131 »
1788 1082 2019 1154 quidam
2045 1098 2110 1135 ex

482 1179 917 1247 confessoribus,
963 1177 1400 1248 simplicissimee
1452 1182 1667 1230 natura
1707 1176 1822 1241 vir,
1866 1179 1921 1229 et
1968 1175 2111 1229 nihil

484 1274 638 1329 aliud
668 1273 851 1328 sciens
879 1293 906 1321 «
938 1271 1047 1324 nisi
1075 1270 1359 1325 Christum
1385 1271 1597 1336 Jesum,
1643 1273 1699 1323 et
1743 1269 1897 1323 hunc
1927 1267 2109 1322 cruci-

482 1369 656 1422 ﬁxum
690 1370 729 1435 (l
775 1369 894 1424 Cor.
921 1370 986 1435 ιι,
1027 1366 1099 1433 2),
1134 1385 1161 1411 η
1202 1363 1353 1417 inter
1393 1366 1627 1417 caeteros
1673 1362 1960 1416 auditores
1988 1360 2110 1431 epi-

484 1370 656 1422 ﬁxum
690 1370 729 1435 (l
775 1370 894 1424 Cor.
949 1382 986 1431 ι,
1027 1370 1099 1433 2),
1134 1385 1161 1411 η
1202 1370 1353 1417 inter
1393 1370 1627 1417 caeteros
1673 1370 1960 1416 auditores
1988 1370 2110 1431 epi-

484 1478 685 1532 scopos
716 1370 1059 1575 aderatkui
1086 1473 1217 1511 cum
1243 1456 1477 1511 vidisset
1503 1455 1909 1526 philosophum
1941 1454 2114 1509 insul-

486 1558 695 1575 ι-μι-...
732 1551 936 1575 _.....L..:-
996 1556 1045 1575 ...ι
1091 1550 1279 1575 -..n:.l..
1327 1565 1383 1575 ..Α
1419 1548 1813 1575 λεηη..ι..ιειηιει.
1844 1552 1961 1575 ..κιη
1992 1548 2079 1575 ιιι-ιιι.

486 1558 703 1608 tantem
732 1548 958 1617 nostris:
993 1556 1048 1604 et
1086 1550 1285 1604 callida
1326 1565 1385 1604 se
1417 1548 1815 1619 disputationis
1843 1552 1962 1601 arte
1985 1548 2109 1618 jac-

485 1652 730 1713 tantem,
760 1644 941 1715 poscit
985 1642 1056 1697 ab
1097 1642 1364 1696 omnibus
1404 1643 1591 1695 locum
1637 1641 1778 1695 velle
1821 1657 1878 1694 se
1923 1641 2113 1710 paucis

438 1713 448 1721 θ
486 1756 617 1794 cum
660 1737 996 1809 philosopho
1035 1735 1417 1790 sermocinari.
1451 1736 1594 1788 Tum
1637 1749 1771 1787 vero
1814 1733 1988 1787 nostri
2015 1733 2113 1802 qui

2206 524 2395 593 potuit
2419 525 2770 595 respondere
2802 541 2815 579 :
2854 526 2932 579 Ita
2958 523 3061 578 sibi
3084 524 3285 591 videri,
3323 541 3426 580 nec
3455 524 3612 580 aliud
3640 542 3845 580 verum

2207 602 2327 671 eSse
2366 633 2538 687 quam
2568 617 2810 672 dixerat.
2843 618 2997 672 Tunc
3039 617 3234 672 senior
3260 618 3382 672 hac
3407 618 3597 690 inquit
3628 637 3642 673 :
3679 618 3736 673 Si
3765 619 3847 672 ita

2208 724 2328 764 esse
2372 710 2682 778 credidisti,
2742 727 2933 782 surge,
2993 715 3050 766 et
3102 727 3340 783 sequere
3387 728 3483 767 me
3526 712 3599 767 ad
3646 713 3845 767 Domi-

2211 804 2421 871 nicum,
2455 808 2511 858 et
2566 804 2736 873 hujus
2773 804 2906 859 ﬁdei
2950 804 3307 875 signaculum
3356 806 3595 878 suscipe.
3650 807 3718 861 Et
3768 806 3849 861 ita

2208 896 2581 967 philosophus
2609 896 2959 951 Christianus
2990 897 3223 953 effectus
3251 898 3485 953 tandem
3514 915 3572 953 se
3602 900 3850 971 gratula-

2208 994 2300 1043 tus
2324 994 2409 1044 est
2430 989 2665 1044 victum.
2685 992 2746 1044 ln
2774 990 2871 1044 illo
2891 990 3063 1045 etiam
3083 990 3327 1045 concilio
3352 990 3461 1046 fuit
3487 992 3848 1063 Paphnutius

2210 1082 2385 1137 homo
2433 1083 2533 1136 Dei
2579 1083 2878 1154 episcopus
2908 1083 3157 1154 Egypti,
3190 1084 3249 1138 in
3290 1099 3403 1155 quo
3441 1088 3601 1140 tanta
3637 1085 3847 1141 virtute

2210 1175 2400 1230 inerat
2429 1176 2625 1247 gratia,
2660 1180 2723 1230 ut
2759 1176 2924 1247 signa
2965 1193 3070 1247 per
3096 1192 3230 1231 eum
3273 1193 3391 1232 non
3427 1178 3623 1233 minus
3667 1194 3846 1250 quam

2212 1268 2433 1323 dudum
2462 1285 2566 1340 per
2592 1269 2875 1340 apostolos
2900 1270 3133 1324 ﬁerent.
3152 1270 3272 1335 Quo
3297 1271 3470 1326 etiam
3495 1271 3555 1326 iu
3585 1276 3848 1344 tempore

2211 1364 2269 1415 et
2292 1361 2593 1433 Spyridion
2624 1363 2862 1433 Cyprius
2891 1362 3188 1435 episcopus
3228 1364 3470 1435 insignis
3509 1365 3846 1421 habebatur.

2211 1455 2371 1509 Tales
2401 1455 2580 1525 igitur
2607 1455 2666 1510 in
2696 1455 2809 1510 illis
2836 1456 3024 1511 adhuc
3051 1457 3405 1528 temporibus
3444 1459 3614 1514 multi
3639 1459 3746 1513 viri
3784 1460 3847 1513 in

2211 1548 2471 1602 Ecclesiis
2500 1549 2725 1603 Domini
2764 1549 3145 1620 refulgebant,
3179 1567 3246 1605 ex
3288 1551 3492 1622 quibus
3525 1552 3757 1623 plurimi
3786 1554 3847 1607 in

2210 1641 2309 1695 illo
2336 1641 2576 1696 concilio
2603 1642 2856 1697 fuerunt.
2884 1644 3108 1696 Interea
3127 1659 3232 1714 per
3250 1643 3369 1698 dies
3397 1645 3652 1717 singulos
3670 1647 3849 1718 agita-

2211 1733 2378 1787 batur
2404 1737 2737 1801 conventus,
2772 1751 2877 1789 nec
2915 1735 3080 1789 facile
3125 1739 3225 1791 aut
3266 1742 3483 1792 temere
3525 1742 3686 1793 tanta
3734 1743 3846 1793 sta-

488 1807 909 1903 simplicitatem
947 1830 1052 1883 viri
1096 1834 1152 1883 et
1182 1828 1529 1899 imperitiam
1572 1826 1633 1881 in
1663 1842 1925 1880 sermone
1964 1827 2108 1879 dun-
2131 1807 2189 1878 Β
2213 1831 2373 1881 tuere
2403 1827 2709 1897 audebant,
2756 1831 2814 1882 et
2858 1829 3165 1884 vocabatur
3204 1831 3365 1885 Arius
3412 1832 3745 1903 frequenter
3786 1833 3846 1887 in

485 1931 643 1980 taxat
681 1927 928 1989 nossent,
964 1938 1169 1993 pavere
1205 1924 1262 1975 et
1291 1921 1446 1974 velut
1480 1919 1762 1990 pudorem
1802 1919 2113 1989 quemdam

488 2018 606 2090 pati
638 2035 709 2072 ne
736 2018 883 2071 forte
904 2015 1059 2086 apud
1089 2014 1322 2068 callidos
1343 2013 1605 2067 homines
1625 2012 1762 2066 risui
1795 2011 2115 2066 efﬁceretur

489 2114 684 2166 sancta
718 2109 1063 2180 simplicitas.
1104 2106 1351 2161 Perstitit
1395 2109 1591 2159 tamen
1628 2104 1836 2173 senior,
1881 2109 1937 2158 et
1982 2104 2113 2158 hinc

489 2204 671 2259 movit
699 2202 974 2257 sermonis
999 2200 1320 2255 exordium.
1354 2218 1381 2250 «
1414 2201 1475 2253 ln
1502 2198 2114 2268 nomine,inquit,Jesu

488 2297 716 2366 Christi,
748 2295 1112 2367 philosophe,
1144 2292 1280 2347 audi
1311 2308 1438 2363 qua:
1466 2308 1600 2345 vera
1621 2295 1771 2345 sunt.
1799 2293 1946 2346 Deus
1972 2308 2115 2344 unus

489 2395 576 2447 est
599 2391 698 2462 qui
724 2389 855 2444 fecit
879 2389 1082 2443 coelum
1109 2390 1165 2441 et
1189 2391 1422 2453 terram,
1455 2385 1665 2456 quique
1702 2384 1918 2439 homini
1941 2400 2115 2455 quem

490 2486 561 2539 de
590 2485 730 2538 limo
771 2488 936 2537 terrae
977 2482 1324 2535 formaverat
1349 2478 1613 2549 spiritum
1645 2478 1819 2545 dedit,
1850 2478 2115 2532 universa

485 2594 613 2651 quae
639 2577 901 2631 videntur
931 2574 1036 2628 sibi
1063 2573 1270 2627 virtute
1302 2570 1466 2626 Verbi
1496 2571 1581 2625 sui
1624 2571 1856 2639 creavit,
1897 2577 1955 2626 et
1995 2570 2118 2642 Spi-

486 2676 628 2728 ritus
656 2670 744 2725 sui
772 2667 1219 2723 sanctificatione
1243 2664 1508 2732 ﬁrmavit,
1527 2665 1633 2719 hoc
1652 2665 1891 2719 verbum
1930 2682 1995 2719 ac
2023 2681 2114 2719 sa-

487 2765 702 2841 pientia
714 2779 887 2835 quam
905 2777 1011 2815 nos
1024 2759 1224 2813 Filium
1241 2758 1481 2812 dicimus
1493 2758 1778 2812 humanos
1790 2736 2113 2825 miseratus,

490 2875 713 2914 errores
744 2873 811 2910 ex
835 2852 1065 2925 Virgine
1098 2851 1362 2919 nascitur,
1392 2856 1448 2904 et
1473 2867 1576 2920 per
1608 2850 1935 2921 passionem
1960 2867 2115 2904 mor-

492 2952 563 3006 tis
592 2969 625 3005 a
650 2953 923 3021 perpetua
947 2963 1050 3002 nos
1087 2949 1269 3000 morte
1307 2943 1581 3011 liberavit,
1612 2961 1677 2999 ac
1703 2944 2115 2999 resurrectione

492 3062 595 3099 sua
622 3049 897 3098 teternam
923 3039 1089 3095 nobis
1117 3038 1360 3094 contulit
1392 3037 1584 3106 vitam,
1620 3054 1791 3109 quem
1833 3040 2114 3109 exspecta-

2212 1920 2535 1988 concilium,
2558 1925 2615 1974 et
2630 1920 2855 1975 assiduo
2866 1926 3110 1978 tractatu
3141 1924 3481 1980 assertiones
3514 1926 3635 1996 ejus
3657 1926 3842 1981 discu-

2212 2013 2516 2080 tiebantur,
2542 2019 2600 2068 et
2617 2014 2769 2084 quod
2792 2015 3090 2070 adversum
3114 2016 3236 2071 haac
3261 2020 3457 2072 tenere
3481 2018 3762 2073 deberent
3782 2036 3849 2073 ac

2212 2107 2380 2160 statui
2415 2122 2640 2161 summa
2670 2123 2801 2161 cum
2836 2108 3242 2165 deliberatione
3272 2111 3622 2182 quaerebant.
3638 2112 3847 2167 Verum

2215 2203 2343 2269 post
2361 2198 2644 2253 diutinum
2670 2200 3030 2272 multumque
3042 2206 3344 2258 tractatum
3356 2204 3571 2275 placuit
3581 2205 3851 2260 omnibus

2178 2286 2204 2375 Ι
2213 2308 2277 2345 ac
2290 2292 2443 2346 velut
2454 2308 2572 2347 uno
2592 2298 2924 2348 cunctorum
2939 2310 3035 2349 ore
3052 2300 3105 2350 et
3121 2296 3293 2351 corde
3311 2297 3641 2353 decernitur
3651 2300 3848 2356 Omou-

2214 2387 2331 2441 sion
2359 2385 2639 2439 conscribi
2666 2386 2895 2454 debere,
2914 2387 2972 2442 id
2988 2391 3073 2442 est
3097 2388 3354 2460 ejusdem
3386 2406 3515 2445 cum
3540 2392 3704 2446 Patre
3723 2392 3855 2447 sub-

2214 2478 2439 2533 stantia:
2468 2478 2668 2533 Filium
2701 2480 2982 2534 conﬁteri.
3016 2484 3198 2553 Atque
3228 2483 3556 2538 ﬁrmissima
3588 2485 3853 2540 omnium

2217 2571 2499 2626 sententia
2527 2573 2946 2643 pronuntiatur.
2981 2575 3190 2629 Decem
3217 2581 3274 2631 et
3300 2579 3524 2648 septem
3569 2580 3677 2633 soli
3716 2583 3854 2634 tunc

2214 2664 2387 2720 fuisse
2413 2665 2677 2720 dicuntur
2704 2666 2910 2738 quibus
2935 2668 3053 2721 Arii
3082 2669 3263 2739 magis
3306 2670 3447 2726 ﬁdes
3477 2672 3729 2743 placeret
3756 2690 3852 2727 ex-

2215 2759 2490 2813 trinsecus
2516 2763 2770 2814 creatum
2796 2760 2892 2815 Dei
2922 2760 3128 2816 Filium
3151 2778 3221 2817 ex
3240 2764 3410 2819 nullis
3436 2765 3851 2836 substantibus,

2217 2855 2273 2906 et
2299 2868 2420 2906 non
2447 2868 2515 2906 ex
2542 2852 2667 2924 ipsa
2693 2853 2871 2908 Patris
2890 2854 3098 2910 deitate
3119 2857 3482 2929 progenitum
3505 2859 3857 2915 confirmau-

2215 2950 2318 2999 tes.
2347 2946 2612 3001 Defertur
2639 2947 2708 3001 ad
2748 2947 3183 3004 Constantinum
3212 2952 3579 3007 sacerdotalis
3627 2953 3856 3009 concilii

2216 3039 2518 3095 sententia.
2549 3040 2643 3095 Ille
2672 3045 2947 3113 tanquam
2991 3058 3026 3096 a
3068 3043 3182 3099 Deo
3224 3044 3501 3116 prolatam
3525 3051 3851 3104 veneratur.

492 3154 619 3193 mus
637 3136 891 3208 judicem
908 3133 1168 3189 omnium
1196 3148 1321 3203 quae
1341 3130 1630 3202 egerimus
1653 3148 1774 3185 esse
1791 3135 2113 3185 venturum.
2138 3173 2193 3249 Ο
2217 3132 2316 3189 Cui
2351 3132 2400 3186 si
2422 3132 2549 3205 quis
2578 3136 2850 3189 tentasset
2882 3135 3064 3191 obniti
3100 3138 3253 3193 velut
3281 3144 3478 3194 contra
3507 3139 3705 3196 divina
3737 3147 3851 3197 sta-

495 3229 897 3249 n,-,j!_l-.‘_:1_
924 3244 1033 3249 __--
1070 3225 1447 3249 _L:‘l..-.._l--0
1475 3245 1482 3249 .
1515 3224 2114 3249 A42"........1...-..~.-.._.
2221 3228 2334 3249 ι--ι..
2370 3225 2691 3249 -.-..:-_l.__.
2741 3227 2792 3249 2..
2827 3229 3074 3249 -_i:1:___-
3120 3248 3129 3249 κ
3154 3248 3163 3249 ,
3202 3247 3263 3249 η..
3308 3236 3317 3249 ι
3342 3248 3347 3249 ,
3392 3238 3402 3249 ι
3449 3239 3458 3249 ι
3633 3238 3643 3249 ι

493 3229 818 3287 Credishaec
829 3229 905 3283 ita
916 3244 1055 3295 esse,
1070 3225 1487 3298 philosophe?»
1503 3228 1570 3280 At
1585 3224 1675 3279 ille
1690 3241 1755 3279 ac
1770 3224 2118 3296 sinunquam
2140 3224 2193 3249 ν
2221 3228 2341 3281 tuta
2370 3225 2718 3296 venientem,
2741 3227 2800 3282 in
2822 3229 3083 3285 exsilium
3114 3248 3173 3286 se
3198 3236 3538 3301 protestatur
3562 3238 3852 3291 acturum.

495 3324 673 3379 ullum
699 3338 1020 3378 sermonem
1050 3318 1480 3376 contradicendi
1496 3318 1797 3388 didicisset,
1830 3319 1908 3373 ita
1932 3320 2120 3373 obstu-

382 3484 504 3659 ὃ)

562 3747 612 3800 1.
640 3744 718 3799 De
746 3738 1029 3799 Eunuchis
1054 3737 1153 3814 qui
1182 3740 1393 3812 seipsos
1421 3740 1781 3796 abscindunt.

558 3841 613 3893 2.
640 3839 718 3893 De
745 3836 832 3893 his
856 3837 955 3908 qui
983 3837 1114 3906 post
1136 3833 1421 3905 baptisma
1446 3833 1634 3890 statim
1667 3834 1739 3889 ad
1767 3834 1983 3888 clerum
2015 3849 2119 3904 ap-

490 3933 798 4004 plicantur.

564 4027 617 4080 3.
650 4024 727 4078 De
760 4014 1206 4077 subintroductis
1233 4016 1588 4076 mulieribus.

563 4119 615 4172 4.
645 4116 894 4180 Qualiter
914 4112 1159 4186 episcopi
1183 4113 1430 4169 debeant
1456 4112 1729 4169 ordinari.

565 4216 616 4266 5.
647 4213 723 4265 De
754 4206 1258 4264 excommunicatis
1282 4207 1499 4262 clericis
1524 4207 1610 4262 vel
1640 4206 1814 4262 laicis.

566 4308 619 4361 6.
651 4305 725 4359 De
745 4301 1082 4375 primatibus
1102 4301 1501 4374 episcoporum
1523 4300 2120 4373 metropolitanorum.

564 4403 616 4454 7.
649 4399 729 4452 De
755 4398 973 4452 honore
993 4395 1240 4467 episcopi
1265 4394 1781 4467 Hierosolymitani.

564 4496 617 4549 8.
649 4493 728 4548 De
756 4490 1098 4547 Novatianis.

564 4591 617 4643 9.
645 4588 722 4643 De
745 4584 1093 4658 presbyteris
1120 4584 1241 4639 sine
1266 4582 1686 4640 examinatione
1707 4581 2047 4638 constitutis.

564 4685 650 4738 10.
685 4683 761 4736 De
792 4680 965 4754 lapsis
995 4678 1208 4737 clericis
1237 4678 1549 4739 ordinatis._
1645 4718 1652 4725 .

2217 3319 2462 3391 Emph‘cit
2482 3322 2762 3391 prwfatio.

1358 3587 1760 3659 INCIPIUNT
1816 3586 2212 3658 CAPITULA
2272 3586 2562 3657 ΝΙΟᾹΞΝΙ
2624 3590 2981 3659 CONCILII.

2296 3741 2382 3796 13.
2414 3739 2496 3794 De
2525 3739 2933 3796 cathecuminis
2960 3738 3148 3813 lapsis.

2295 3835 2381 3889 14.
2401 3836 2480 3891 De
2510 3833 2859 3905 diaconibus,
2886 3852 2959 3889 ne
2985 3851 3191 3908 corpus
3213 3835 3418 3893 Christi
3446 3834 3683 3892 tradant
3702 3853 3859 3911 pres-

2220 3928 2455 4000 byteris,
2479 3929 2569 3984 vel
2599 3932 2730 3985 ante
2754 3929 3115 4001 presbyteros
3140 3930 3589 3988 communicent.

2296 4020 2381 4077 15.
2411 4022 2488 4078 De
2508 4021 2727 4077 clericis
2754 4027 2971 4079 temere
3002 4022 3074 4078 ab
3102 4025 3345 4081 Ecclesia
3371 4025 3790 4082 recedentibus.

2296 4115 2382 4171 16.
2415 4116 2492 4170 De
2518 4116 2882 4188 presbyteris,
2913 4121 2971 4172 et
2996 4114 3323 4173 diaconibus
3361 4120 3449 4175 vel
3492 4120 3710 4177 clericis
3756 4119 3857 4191 qui

2222 4208 2291 4264 ad
2313 4208 2453 4264 alias
2478 4209 2726 4265 civitates
2755 4214 3074 4267 transeunt.

2298 4303 2383 4357 17.
2416 4302 2497 4357 De
2541 4302 2758 4357 clericis
2809 4300 3010 4358 alienis
3057 4304 3178 4361 sine
3226 4302 3585 4362 conniventia
3637 4305 3859 4379 proprii

2223 4393 2475 4468 episcOpi
2502 4395 2572 4450 ab
2600 4394 2708 4451 alio
2735 4394 2794 4450 in
2821 4414 2920 4451 sua
2945 4398 3177 4454 ecclesia
3211 4417 3327 4454 non
3357 4398 3707 4456 ordinandis.

2297 4492 2382 4544 18.
2416 4490 2495 4544 De
2523 4487 2736 4545 clericis
2761 4507 2997 4547 usuram
3019 4493 3105 4547 vel
3133 4493 3561 4567 ampliationem
3580 4495 3859 4568 accipien-

2220 4582 2387 4638 tibus.

2234 4674 2239 4675 7
2297 4678 2383 4733 19.
2413 4677 2490 4733 De
2514 4678 2870 4735 Paulianistis
2895 4684 2952 4735 et
2974 4678 3330 4754 Cataphrigis
3358 4681 3796 4754 rebaptizandis.
3854 4725 3861 4730 .

496 4846 499 4847 ν
567 4780 653 4830 11.
687 4776 762 4829 De
789 4743 876 4829 his
903 4774 1002 4846 qui
1026 4777 1229 4846 sponte
1279 4772 1424 4844 lapsi
1449 4774 1583 4826 sunt
1608 4769 1852 4843 qualiter
1878 4743 2200 4826 debeantD
2292 4774 2382 4827 20.
2416 4771 2494 4827 De
2518 4773 2717 4828 diebus
2742 4774 3051 4830 Dominicis
3093 4743 3149 4831 et
3192 4743 3569 4849 Pentecostes,
3599 4784 3662 4832 ut
3686 4778 3748 4833 in
3776 4774 3856 4834 eis

492 4868 791 4942 poenitere.

571 4964 655 5016 12.
687 4962 762 5015 De
788 4959 1295 5020 excommunicatis
1320 4978 1354 5016 8.
1384 4948 1591 5017 εωθιῦο
1624 4958 1977 5016 exeuntibus.

2224 4868 2432 4922 stantes
2460 4882 2708 4923 oremus.

1386 5216 1785 5288 INCIPIUNT
1846 5217 2206 5287 CANONES
2267 5215 2555 5288 NICENI
2616 5220 2974 5289 CONCILII.

503 5362 699 5444 Quod
719 5368 938 5427 actum
967 5367 1059 5427 est
1086 5358 1205 5426 sub
1240 5361 1667 5427 Constantino
1695 5359 2397 5504 imperatoreKPclzujinlo
2427 5369 2491 5424 et
2512 5360 2779 5424 Julz'ano
2808 5360 3174 5424 consulibus
3199 5361 3545 5443 fratribus,
3572 5380 3683 5425 an.
3713 5367 3851 5435 363,

1966 5458 2035 5503 Iu
2135 5458 2175 5503 α
2208 5489 2220 5503 .
2298 5460 2341 5503 u
2374 5488 2387 5502 .

1966 5458 2035 5503 III
2072 5458 2220 5503 mu.
2253 5458 2387 5503 ιηιι.

565 5597 708 5651 Cum
733 5592 1086 5648 convenisset
1116 5590 1222 5643 hoc
1253 5593 1511 5644 sanctum
1542 5594 1600 5644 et
1627 5600 1903 5661 magnum
1931 5588 2121 5643 conci-

496 5687 639 5743 lium
683 5668 837 5759 apud
879 5686 1127 5740 Nicaeam
1157 5682 1443 5736 civitatem
1493 5679 1792 5753 provinciae
1826 5682 2122 5754 Bithyniae,

2294 5587 2335 5642 Ι.
2366 5587 2424 5641 Si
2454 5588 2579 5659 quis
2607 5588 2666 5643 in
2696 5588 3035 5660 mgritudine
3078 5590 3165 5644 vel
3213 5606 3245 5644 a
3275 5589 3509 5644 medicis
3536 5592 3725 5643 sectus
3754 5592 3857 5651 est,

2226 5681 2312 5735 vel
2351 5697 2385 5734 a
2422 5682 2678 5736 barbaris
2708 5686 3000 5749 castratus,
3033 5684 3244 5754 placuit
3283 5687 3347 5738 ut
3380 5683 3487 5738 iste
3524 5684 3863 5753 permaneat

500 5785 709 5836 statuta
736 5782 869 5835 sunt
898 5778 968 5833 ab
996 5777 1076 5831 cis
1106 5776 1227 5831 hmc
1269 5792 1398 5847 quae
1446 5774 1596 5829 infra
1639 5778 1846 5848 scripta
1874 5782 2023 5845 sunt,
2057 5792 2128 5833 ex
2226 5775 2289 5830 in
2316 5775 2486 5830 clero.
2521 5775 2580 5831 Si
2611 5776 2737 5848 quis
2777 5785 2973 5834 autem
3019 5793 3194 5834 sanus
3240 5778 3491 5851 seipsum
3537 5776 3860 5843 abscindat,

496 5873 695 5930 Graeco
720 5874 780 5928 in
820 5872 1083 5929 Latinum
1102 5886 1261 5925 versa
1281 5884 1628 5925 sermonem.

2229 5868 2449 5925 etiamsi
2476 5872 2559 5926 est
2584 5870 2642 5925 in
2671 5871 2841 5940 clero,
2878 5888 3096 5927 cessare
3128 5872 3300 5928 debet
3328 5874 3386 5928 et
3412 5887 3479 5929 ex
3503 5870 3612 5927 hoc
3638 5871 3864 5928 nullum
