4058 6322
206 327 304 378 ‘257

1440 328 1905 387 DECRETALIUM
1942 326 2329 385 COLLECTIO.

3459 337 3561 390 258

202 434 379 486 talem
412 435 640 504 oportet
663 431 936 489 ordinari.
975 433 1128 490 Sicut
1172 437 1364 489 autem
1391 436 1460 490 dc
1491 438 1578 491 his
1616 439 1716 509 qui
1745 439 1835 493 vel
1855 452 1916 525 Α
1937 441 1994 492 et
2018 439 2337 510 Pentapoli,
2366 443 2430 494 ut
2456 440 2877 498 Alexandrinus
2905 443 3202 514 episcopus
3218 441 3420 498 horum
3443 459 3564 497 om-

199 525 585 581 afl'ectaverint
621 526 742 580 haec
787 527 877 581 vel
921 528 1044 582 ausi
1073 535 1207 583 sunt
1235 530 1449 600 seipsos
1485 530 1832 602 abscindere,

201 619 341 688 haec,
372 636 501 691 quae
529 618 785 687 dicimus,
820 625 1032 676 statuta
1070 625 1218 676 sunt.
1255 624 1338 676 Ita
1367 623 1414 676 si
1442 624 1540 696 qui
1566 641 1599 679 a
1626 625 1831 680 barba-

201 712 276 766 ris
301 712 448 767 vela
487 711 732 768 dominis
765 713 878 767 suis
923 715 1079 784 secti,
1112 719 1168 770 et
1197 715 1502 786 probabilis
1530 717 1661 772 vitae
1700 718 1832 788 sint,

202 806 343 860 tales
368 806 604 878 suscipit
629 806 999 862 ecclesiastica
1028 808 1230 879 regula
1257 810 1318 863 in
1344 811 1582 866 clerum.

270 899 334 955 Π.
363 898 648 964 Quoniam
674 902 852 955 multa
879 900 992 956 sive
1027 917 1132 972 per
1173 903 1590 970 necessitatem,
1618 903 1733 959 sive
1763 919 1833 958 ex

200 1008 540 1064 quacunque
583 1008 756 1048 causa
782 998 977 1048 contra
1003 993 1261 1066 regulam
1298 998 1458 1065 gesta
1486 1000 1638 1066 sunt,
1665 996 1742 1051 ita
1770 1000 1835 1050 ut

200 1086 466 1141 homines
496 1102 563 1140 ex
584 1086 694 1141 vita
720 1087 920 1158 gentili
951 1104 1135 1159 nuper
1161 1087 1350 1143 adhuc
1380 1089 1724 1157 catechizati,
1742 1089 1833 1143 vel

201 1179 442 1235 instituti
471 1180 659 1234 statim
679 1180 750 1235 ad
776 1179 1130 1251 spiritualem
1153 1181 1500 1253 baptismum
1525 1183 1829 1252 venissent,

200 1277 256 1326 et
279 1272 550 1327 continuo
579 1289 708 1327 cum
734 1273 1001 1344 baptizati
1030 1279 1178 1341 sunt,
1216 1274 1388 1329 etiam
1423 1275 1497 1329 ad
1542 1275 1829 1347 episcopa-

199 1370 343 1434 tum,
373 1367 464 1420 vel
507 1366 576 1422 ad
607 1367 1022 1438 presbyterium
1068 1369 1321 1440 provecti
1347 1373 1498 1422 sunt.
1531 1370 1701 1424 Recte
1730 1369 1834 1439 igi-

201 1463 293 1515 tur
317 1461 505 1514 visum
530 1465 614 1516 est
639 1461 708 1514 de
735 1463 944 1515 caetero
975 1461 1117 1515 nihil
1144 1463 1256 1517 tale
1286 1462 1496 1516 debere
1523 1462 1667 1517 ﬁeri.
1691 1463 1831 1517 Nam

200 1559 255 1608 et
283 1558 543 1624 tempore
579 1570 722 1625 opus
752 1559 834 1609 est
877 1559 942 1609 ut
982 1555 1056 1608 sit
1094 1555 1562 1623 catechumenus,
1606 1558 1664 1610 et
1704 1561 1834 1627 post

200 1647 546 1718 baptismum
565 1648 744 1703 multa
769 1647 1108 1718 probatione
1132 1649 1375 1720 indiget.
1406 1649 1648 1704 Evidens
1675 1666 1831 1703 nam-

202 1757 308 1811 que
334 1743 422 1795 est
449 1741 818 1812 apostolicum
839 1746 1192 1814 praeceptum
1219 1742 1411 1797 dicens
1441 1760 1452 1796 ε
1488 1764 1514 1791 ‹‹
1546 1743 1666 1796 Non
1695 1759 1827 1797 neo-

1934 531 2096 586 nium
2133 531 2345 587 habeat
2385 537 2745 604 potestatem,
2788 535 3063 607 quoniam
3105 536 3338 608 quidem
3363 541 3420 590 et
3445 537 3556 591 Βο-

1933 625 2383 699 manoepiscopo
2397 628 2588 697 parilis
2598 645 2723 684 mos
2735 633 2837 685 est.
2854 629 3124 686 Similiter
3135 634 3322 685 autem
3341 633 3399 684 et
3409 630 3561 700 apud

1932 717 2290 772 Antiochiam
2321 717 2447 792 60
2476 727 2818 795 cacterasque
2844 723 3162 795 provincias
3205 723 3393 778 honor
3426 739 3561 776 suus

1932 810 2242 881 unicuique
2268 819 2520 867 servetur
2543 816 2818 871 Ecclesiae.
2835 818 2942 871 Per
2962 817 3155 872 omnia
3173 821 3366 871 autem
3382 816 3562 870 mani-

1934 902 2142 957 festum
2185 907 2270 958 est
2311 905 2468 976 quod
2496 907 2540 960 si
2571 907 2698 978 quis
2726 912 2936 980 printer
2970 911 3318 964 voluntatem
3343 912 3399 963 et
3423 925 3556 964 con-

1935 997 2233 1050 scientiam
2264 997 2684 1070 metropolitani
2726 1002 2976 1074 episcopi
3028 1002 3199 1056 fuerit
3242 1002 3555 1066 ordinatus,

1933 1088 2085 1142 hunc
2127 1089 2426 1144 concilium
2472 1107 2749 1162 magnum
2796 1101 2851 1150 et
2894 1099 3151 1149 sanctum
3187 1095 3407 1150 censuit
3440 1110 3558 1148 non

1934 1179 2138 1235 debere
2164 1198 2283 1237 esse
2311 1182 2660 1254 episcopum.
2693 1189 2834 1239 Sane
2880 1187 2926 1239 si
2967 1187 3256 1241 communi
3299 1185 3558 1240 omnium

1933 1289 2206 1328 consensu
2252 1275 2661 1332 rationabiliter
2703 1278 2962 1349 probato,
3013 1281 3324 1334 secundum
3372 1279 3550 1334 eccle-

1931 1366 2212 1422 siasticam
2250 1369 2513 1440 regulam
2549 1370 2661 1425 duo
2693 1373 2782 1426 vel
2824 1376 2936 1427 tres
2978 1372 3337 1427 animositate
3382 1373 3553 1436 ducti,

1931 1476 2034 1531 per
2067 1461 2486 1517 contentionem
2531 1465 2941 1530 contradicant,
2988 1464 3242 1520 obtineat
3278 1465 3554 1535 plurimo-

1932 1569 2061 1607 rum
2088 1555 2430 1609 sententiam
2456 1556 2831 1612 sacerdotum.

2003 1647 2110 1701 VII.
2138 1647 2418 1710 Quoniam
2463 1667 2589 1704 mos
2631 1651 2897 1722 antiquus
2934 1651 3199 1720 obtinuit,
3246 1656 3303 1705 et
3341 1654 3558 1706 vetusta

1929 1739 2159 1794 traditio
2205 1743 2266 1795 ut
2307 1741 2463 1809 Elius,
2511 1743 2572 1797 id
2614 1747 2700 1798 est
2737 1744 3257 1816 Hierosolymorum
3292 1743 3556 1815 episcopo

199 1833 442 1906 phytum
468 1852 542 1888 ne
570 1835 717 1890 forte
747 1835 926 1889 elatus
967 1835 1028 1888 in
1065 1835 1350 1906 judicium
1379 1835 1635 1890 incurrat
1662 1841 1718 1891 et
1746 1837 1827 1891 la-
1851 1827 1907 1900 B
1932 1833 2118 1888 honor
2148 1833 2454 1905 deferatur,
2470 1836 3107 1910 habeatconsequenter
3122 1838 3420 1907 honorem,
3443 1853 3560 1890 ma-

200 1944 411 1999 queum
449 1928 656 1982 diaboli
699 1927 748 1998 (Ι
773 1930 907 1984 Tim.
939 1945 1018 1996 III,
1045 1931 1117 1998 6).
1143 1949 1171 1978 ››
1215 1929 1273 1984 Si
1319 1945 1452 1984 vero
1487 1930 1829 2000 procedente

197 2023 458 2092 tempore
490 2020 719 2092 aliquod
749 2025 1048 2092 peccatum
1074 2021 1383 2090 admiserit,
1437 2026 1494 2076 et
1543 2023 1829 2078 convictus

197 2113 418 2169 duobus
447 2114 532 2169 vel
562 2114 744 2169 tribus
783 2114 1020 2169 testibus
1065 2115 1257 2186 fuerit,
1287 2120 1466 2171 cesset
1498 2133 1531 2170 a
1557 2115 1705 2171 clero
1731 2117 1830 2188 qui

196 2207 528 2278 hujusmodi
571 2213 671 2262 est.
705 2206 764 2262 Si
810 2208 935 2279 quis
975 2224 1108 2262 vero
1152 2213 1361 2280 praeter
1384 2209 1507 2264 haec
1531 2209 1683 2280 facit,
1709 2214 1831 2264 tan-

194 2318 368 2373 quam
396 2301 683 2356 contraria
713 2301 935 2356 statutis
977 2302 1155 2356 sancti
1185 2302 1410 2358 concilii
1452 2319 1676 2375 gerens,
1706 2303 1829 2375 ipse

193 2395 607 2465 periclitabitur
637 2395 708 2448 de
737 2399 884 2450 statu
913 2395 1001 2450 sui
1026 2396 1183 2451 cleri.

261 2490 348 2544 lll.
380 2488 658 2544 Omnibus
686 2488 875 2543 modis
904 2489 1204 2544 interdixit
1232 2494 1424 2546 sancta
1453 2492 1699 2563 synodus
1723 2508 1824 2546 ne-

193 2599 301 2654 que
351 2582 640 2654 episcopo,
686 2597 872 2654 neque
926 2583 1277 2655 presbytero,
1329 2601 1517 2656 neque
1565 2585 1822 2655 diacono,

191 2693 378 2748 neque
426 2675 526 2729 ulli
564 2675 906 2730 clericorum
945 2676 1180 2731 omnino
1209 2677 1378 2732 licere
1403 2678 1612 2733 habere
1637 2695 1827 2734 secum

191 2769 498 2825 mulierem
528 2772 885 2839 extraneam,
918 2769 1024 2824 nisi
1069 2772 1212 2825 forte
1255 2773 1459 2841 mater,
1503 2775 1604 2826 aut
1645 2789 1824 2843 soror,

190 2867 287 2918 aut
313 2861 465 2931 avia,
497 2869 595 2917 aut
623 2863 813 2931 amita,
851 2863 936 2916 vel
967 2867 1271 2919 matertera
1303 2865 1395 2919 sit.
1426 2865 1488 2919 In
1528 2865 1616 2919 his
1660 2881 1822 2919 nam-

191 2973 298 3028 que
325 2956 465 3011 solis
493 2955 771 3027 personis,
801 2960 858 3011 et
897 2956 1101 3012 harum
1146 2957 1423 3012 similibus
1472 2959 1657 3013 omnis
1696 2975 1826 3032 quae

191 3066 256 3104 ex
287 3049 629 3104 mulieribus
673 3054 757 3104 est
800 3050 1042 3121 suspicio
1097 3050 1429 3120 declinatur,
1484 3052 1584 3123 qui
1633 3057 1826 3107 autem

189 3146 401 3216 praeter
428 3143 555 3198 haec
580 3142 700 3215 agit
725 3143 1079 3214 periclitatur
1106 3144 1176 3199 de
1209 3145 1384 3200 clero.

260 3239 352 3293 ιν.
384 3201 743 3308 Episcopum;
772 3241 999 3309 oportet
1036 3238 1108 3292 ab
1141 3239 1406 3293 omnibus
1449 3238 1744 3312 episcopis,
1778 3239 1826 3294 si
1847 3201 1902 3275 Ο

192 3330 314 3385 ﬁeri
345 3333 556 3402 potest,
587 3330 684 3402 qui
733 3337 863 3385 sunt
903 3331 963 3384 in
1006 3332 1292 3402 provincia
1325 3333 1446 3404 ejus
1472 3333 1737 3391 ordinari.
1767 3335 1827 3390 Si

192 3441 320 3480 vero
340 3424 451 3479 hoc
478 3423 707 3480 difﬁcile
738 3423 931 3492 fuerit,
963 3425 1051 3480 vel
1077 3425 1269 3499 aliqua
1292 3431 1536 3498 urgente
1577 3427 1821 3482 necessi-

192 3521 323 3585 tate,
372 3517 465 3573 vel
511 3517 733 3573 itineris
780 3517 1163 3590 longitudine,
1207 3522 1361 3575 certe
1410 3523 1526 3575 tres
1579 3520 1825 3592 episcopi

193 3612 402 3667 debent
431 3611 491 3666 in
519 3628 702 3666 unum
728 3628 848 3667 esse
875 3613 1227 3685 congregati,
1263 3612 1343 3668 ita
1365 3617 1434 3668 ut
1458 3613 1629 3669 etiam
1658 3620 1822 3670 caete-

193 3721 390 3760 rorum
418 3705 517 3777 qui
542 3705 801 3761 absentes
826 3711 959 3761 sunt
978 3722 1319 3762 consensum
1345 3707 1548 3762 litteris
1572 3711 1822 3780 teneant,

194 3803 247 3854 et
271 3799 355 3854 ita
381 3799 598 3854 faciant
625 3799 1057 3856 ordinationem.
1087 3801 1336 3856 Potestas
1378 3818 1514 3857 sane
1542 3793 1645 3857 'vel
1685 3819 1823 3859 con-

193 3892 448 3948 ﬁrmatio
468 3892 779 3964 pertinebit
797 3909 900 3965 per
919 3895 1171 3966 singulas
1187 3894 1511 3966 provincias
1530 3896 1600 3952 ad
1620 3901 1826 3953 metro-

192 3987 515 4058 politanum
541 3987 884 4059 episcopum.

260 4081 325 4134 V.
379 4079 646 4136 Servetur
693 4080 798 4136 ista
850 4082 1147 4154 sententia,
1201 4086 1267 4138 ut
1318 4082 1377 4138 hi
1433 4083 1531 4156 qui
1581 4084 1652 4139 ab
1704 4083 1826 4139 aliis

193 4173 767 4230 excommunicantur
803 4175 874 4230 ab
912 4175 1035 4230 aliis
1078 4176 1151 4232 ad
1196 4178 1660 4234 communionem
1709 4194 1826 4233 non

191 4267 564 4339 recipiantur.
589 4267 930 4339 Requiratur
953 4286 1089 4324 sane
1110 4270 1155 4323 si
1176 4271 1322 4326 forte
1344 4272 1539 4343 aliqua
1563 4271 1826 4343 indignas

191 4361 371 4429 tione,
425 4366 526 4415 aut
573 4363 952 4430 contentione,
999 4367 1098 4418 aut
1141 4364 1392 4435 qualibet
1446 4366 1824 4421 commotione

191 4455 446 4526 episcopi
485 4455 570 4509 sui
616 4456 1086 4512 excommunicati
1108 4457 1238 4512 sint.
1257 4459 1326 4513 Ut
1347 4475 1483 4529 ergo
1510 4459 1682 4531 digna
1707 4459 1825 4514 haec

1929 1929 2102 1982 nente
2133 1931 2323 1983 tamen
2353 1930 2808 2001 metropolitante
2835 1930 3077 1986 civitatis
3105 1931 3336 2003 propria
3364 1929 3553 2001 digni-

1927 2025 2065 2099 tate.

2001 2115 2133 2169 VIII.
2166 2114 2222 2170 Si
2246 2115 2342 2187 qui
2367 2115 2647 2171 voluerint
2675 2116 2866 2172 venire
2911 2118 2983 2172 ad
3013 2117 3316 2173 Ecclesiam
3363 2117 3549 2172 catho-

1929 2206 2097 2262 licam
2123 2224 2187 2264 ex
2213 2209 2558 2276 Novatianis,
2585 2210 2791 2281 placuit
2814 2215 3010 2266 sancto
3046 2211 3280 2266 concilio
3308 2214 3374 2265 ut
3399 2209 3553 2265 ordi-

1926 2307 2140 2356 nentur
2169 2307 2226 2357 et
2250 2303 2329 2356 sic
2357 2307 2626 2357 maneant
2668 2303 2722 2358 in
2770 2305 2938 2360 clero.
2967 2307 3113 2359 Ante
3141 2303 3335 2360 omnia
3361 2309 3556 2358 autem

1927 2395 2075 2449 hanc
2113 2395 2362 2450 habeant
2405 2397 2843 2468 confessionem,
2874 2414 3044 2469 quam
3072 2415 3177 2469 per
3205 2397 3555 2469 Scripturam

1928 2489 2081 2560 exigi
2119 2493 2362 2560 oportet,
2406 2493 2472 2544 ut
2515 2491 2804 2545 fateantur
2847 2507 2906 2546 se
2949 2491 3239 2546 communi
3283 2506 3554 2545 consensu

1926 2582 2217 2637 catholicae
2243 2582 2498 2637 Ecclesiae
2524 2587 2732 2638 statuta
2757 2583 3165 2652 observaturos,
3195 2584 3251 2638 id
3277 2588 3363 2638 est
3391 2599 3550 2639 com-

1927 2675 2313 2731 municaturos
2355 2692 2436 2746 se,
2468 2678 2524 2731 et
2568 2676 2655 2731 his
2685 2676 2784 2748 qui
2817 2677 2961 2733 forte
3005 2676 3281 2732 secundas
3327 2677 3577 2749 nuptias-

1928 2769 2144 2840 experti
2169 2773 2320 2835 sunt,
2349 2769 2439 2824 vel
2465 2769 2555 2824 his
2582 2769 2681 2840 qui
2706 2771 3110 2841 persecutionis
3131 2775 3385 2840 tempore
3409 2769 3553 2840 lapsi

1927 2865 2078 2932 sunt,
2119 2863 2325 2935 quibus
2377 2868 2572 2918 tamen
2623 2864 2792 2936 lapsis
2848 2865 3199 2935 poenitentiae
3249 2865 3451 2920 modus
3499 2868 3556 2918 et

1926 2960 2153 3027 tempus
2187 2955 2497 3028 ascriptum
2525 2960 2630 3025 est,
2659 2962 2724 3012 ut
2748 2959 2809 3012 in
2839 2959 3101 3013 omnibus
3141 2963 3455 3030 sequantur
3489 2974 3555 3012 ea

1926 3066 2053 3120 quae
2102 3049 2162 3103 in
2212 3050 2456 3106 Ecclesia
2500 3050 2778 3106 catholica
2819 3051 3209 3107 observantur.
3260 3053 3330 3108 Et
3375 3051 3551 3107 sicubi

1925 3142 2101 3198 iidem
2125 3143 2236 3214 ipsi
2260 3144 2476 3199 fuerint
2504 3143 2739 3212 inventi,
2773 3145 2888 3200 sive
2903 3145 2964 3200 in
2979 3145 3113 3201 vicis
3128 3161 3230 3201 seu
3243 3146 3303 3201 in
3317 3144 3554 3201 urbibus

1925 3236 2114 3293 clerici
2141 3237 2385 3293 ordinati
2427 3254 2460 3291 a
2497 3237 2805 3306 catholicis,
2851 3237 2928 3293 sic
2971 3238 3141 3294 etiam
3166 3239 3226 3294 in
3253 3240 3404 3295 clero
3431 3254 3558 3311 pers

1925 3329 2142 3398 sistant,
2182 3330 2566 3403 unusquisque
2594 3336 2790 3385 tamen
2830 3331 2892 3385 in
2932 3347 3034 3386 suo
3077 3333 3298 3388 ordine.
3335 3333 3391 3388 Si
3417 3347 3552 3387 vero

1926 3423 2226 3496 episcOpus
2251 3424 2340 3478 vel
2369 3423 2664 3496 presbyter
2690 3425 2982 3479 catholica:
3008 3425 3268 3481 Ecclesiae
3291 3425 3467 3480 fuerit
3480 3426 3551 3479 ad

1925 3533 2098 3589 quem
2126 3516 2301 3588 aliqui
2339 3532 2404 3572 ex
2429 3517 2517 3571 his
2541 3518 2831 3581 accedunt,
2871 3520 3094 3572 certum
3125 3523 3211 3572 est
3243 3518 3401 3590 quod
3428 3517 3549 3588 epi-

1926 3626 2123 3682 scopus
2149 3609 2383 3682 quidem
2411 3610 2715 3664 catholicus
2739 3626 2900 3665 suam
2924 3611 3137 3666 habeat
3187 3610 3550 3682 dignitatem.

1925 3704 2192 3760 Similiter
2226 3707 2419 3759 autem
2463 3703 2777 3776 presbyteri
2822 3709 2879 3759 et
2918 3703 3141 3760 diaconi
3169 3703 3441 3759 habeant.
3485 3704 3552 3758 Hi

1924 3813 2060 3853 vero
2087 3797 2184 3870 qui
2210 3796 2282 3852 ab
2318 3796 2438 3853 istis
2466 3797 2724 3864 veniunt,
2759 3796 2805 3851 si
2837 3797 2982 3853 forte
3024 3796 3322 3870 episcopus
3359 3797 3550 3864 fuerit,

1925 3892 2136 3948 habeat
2159 3891 2457 3947 sacerdotii
2487 3891 2842 3963 dignitatem,
2870 3890 2978 3946 nisi
3021 3891 3166 3947 forte
3192 3891 3412 3963 placeat
3438 3891 3553 3962 epi-

1925 4002 2095 4058 scopo
2121 3985 2393 4040 catholico
2431 3985 2742 4040 concedere
2780 3985 2834 4040 ei
2879 3986 3052 4040 etiam
3097 3984 3433 4057 episcopalis
3457 4001 3554 4040 no-

1926 4080 2098 4135 minis
2124 4079 2430 4150 houorem,
2480 4079 2539 4134 Si
2582 4095 2713 4135 vero
2753 4095 2870 4135 non
2911 4079 3188 4150 placuerit
3217 4079 3464 4135 inveniat
3501 4080 3557 4135 ei

1925 4174 2134 4242 locum,
2169 4179 2230 4229 ut
2268 4173 2338 4228 sit
2374 4173 2432 4228 in
2464 4173 2730 4246 parochia
2772 4173 3160 4246 coepiscOpus,
3193 4177 3293 4228 aut
3317 4173 3377 4228 in
3403 4173 3554 4230 clero

1925 4269 2243 4340 presbyter,
2294 4273 2350 4323 et
2392 4267 2451 4322 in
2492 4267 2714 4324 civitate
2757 4284 2876 4322 una
2929 4283 3040 4322 non
3091 4267 3389 4322 videantur
3438 4267 3553 4322 duo

1927 4362 2172 4434 episcopi
2197 4377 2340 4430 esse,
2367 4365 2424 4416 et
2449 4360 2545 4415 ille
2574 4360 2903 4416 omnimode
2928 4361 2990 4416 in
3020 4361 3168 4416 clero
3212 4377 3554 4433 permanere

1925 4455 2200 4511 videatur.

194 4548 416 4619 possint
443 4549 861 4605 examinatione
890 4550 1147 4622 perquiri
1175 4556 1328 4606 recte
1367 4552 1552 4607 visum
1581 4549 1693 4620 est,
1723 4569 1904 4652 perD
1997 4549 2080 4604 1X.
2111 4548 2168 4604 Si
2198 4548 2295 4620 qui
2326 4549 2445 4604 sine
2493 4547 2906 4605 examinatione
2942 4549 3187 4621 promoti
3234 4548 3554 4621 presbyteri

193 4641 452 4713 singulos
479 4657 679 4711 annos,
723 4642 782 4697 in
824 4643 1062 4714 singulis
1103 4644 1408 4716 provinciis
1443 4645 1528 4699 bis
1572 4646 1632 4701 in
1673 4660 1823 4701 anno

194 4734 594 4807 episcoporum
619 4737 924 4792 concilium
943 4738 1090 4808 ﬁeri,
1112 4741 1178 4792 ut
1196 4738 1364 4794 simul
1394 4739 1455 4794 in
1481 4755 1663 4794 unum
1695 4756 1826 4795 con-

194 4828 490 4885 venientes
513 4846 584 4885 ex
610 4831 902 4886 communi
930 4832 1222 4903 provincia
1260 4833 1358 4904 huj
1369 4833 1586 4889 usmodi
1617 4834 1826 4890 exami-

194 4925 333 4977 nent
357 4924 724 4995 qumstiones,
753 4928 819 4980 ut
857 4925 937 4980 ita
980 4926 1212 4982 demum
1257 4927 1318 4981 hi
1370 4927 1468 4999 qui
1512 4927 1584 4982 ob
1631 4928 1824 5000 culpas

195 5032 324 5071 suas
352 5017 753 5089 episcoporum
781 5035 1012 5075 suorum
1044 5021 1289 5076 offensas
1310 5022 1518 5076 merito
1539 5026 1827 5077 contraxe-

195 5113 330 5164 runt
355 5110 531 5181 digne
563 5111 735 5166 etiam
759 5130 791 5167 a
817 5113 1033 5170 caeteris
1063 5115 1535 5171 excommunicati
1567 5115 1828 5171 similiter

194 5202 535 5273 habeantur,
563 5222 856 5279 quousque
900 5208 960 5262 in
1001 5209 1288 5265 communi
1316 5211 1402 5265 vel
1429 5211 1533 5282 ipsi
1564 5211 1826 5283 episcopo

195 5314 295 5352 suo
314 5299 502 5354 visum
521 5299 694 5355 fuerit
711 5301 1111 5358 humaniorem
1137 5305 1284 5359 circa
1304 5321 1402 5360 eos
1427 5306 1578 5360 ferre
1606 5308 1827 5360 senten-

194 5390 352 5447 tiam.
403 5393 686 5448 Habeatur
727 5400 917 5451 autem
961 5397 1134 5452 semel
1184 5398 1487 5454 concilium
1531 5404 1665 5454 ante
1709 5399 1827 5455 dies

193 5484 682 5559 Quadragesimse,
727 5493 794 5544 ut
833 5491 1117 5559 omnibus,
1159 5491 1205 5546 si
1233 5508 1360 5564 quae
1387 5496 1538 5562 sunt,
1567 5494 1824 5549 simulta-

189 5579 341 5636 tibus
353 5582 987 5653 amputatis,mundum
1013 5586 1270 5641 solemne
1292 5588 1405 5643 Deo
1429 5605 1634 5644 munus
1649 5588 1826 5661 possit

189 5672 410 5730 offerri.
463 5675 792 5733 Secundum
833 5694 970 5734 vero
1015 5685 1216 5751 agatur
1266 5681 1414 5737 circa
1461 5686 1688 5755 tempus
1735 5699 1829 5739 au-

189 5768 405 5826 tumni.

264 5863 354 5920 Vl.
382 5863 499 5920 Mos
526 5864 790 5939 antiquus
819 5867 1090 5940 perduret
1114 5869 1172 5926 in
1202 5871 1466 5945 Egypto,
1507 5873 1597 5930 vel
1637 5873 1827 5947 Libya,

608 5964 880 6031 ΡΑτκοι..
934 5967 1158 6032 CXXX.

1926 4645 2077 4713 sunt,
2123 4646 2179 4697 et
2223 4647 2423 4714 postea
2481 4641 2808 4710 examinati,
2863 4643 3103 4697 confessi
3149 4645 3283 4696 sunt
3319 4647 3554 4713 peccata

1925 4752 2048 4806 sua,
2077 4740 2134 4791 et
2155 4751 2287 4791 cum
2329 4735 2566 4790 confessi
2608 4735 2868 4803 fuissent,
2902 4741 3096 4790 contra
3139 4734 3400 4806 regulam
3450 4751 3550 4789 ve-

1926 4831 2145 4886 nientes
2193 4829 2454 4884 homines
2500 4843 2705 4884 manus
2755 4828 2835 4883 eis
2876 4833 3090 4885 temere
3137 4828 3549 4901 imposuerunt,

1926 4926 2028 4980 hos
2078 4924 2480 4981 ecclesiasticus
2533 4924 2672 4980 ordo
2724 4939 2841 4978 non
2894 4922 3116 4995 recipit.
3175 4924 3236 4978 In
3289 4923 3554 4979 omnibus

1926 5019 2079 5076 enim
2109 5020 2262 5092 quod
2287 5019 2784 5092 irreprehensibile
2813 5023 2899 5074 est
2925 5017 3182 5072 defendit
3205 5017 3467 5074 Ecclesia.

1997 5114 2058 5169 X.
2115 5113 2449 5186 Quicunque
2498 5130 2569 5168 ex
2620 5111 2790 5183 lapsis
2838 5127 2941 5182 per
2986 5111 3370 5182 ignorantiam
3422 5117 3558 5168 sunt

1929 5208 2192 5278 ordinati,
2220 5208 2309 5264 vel
2335 5212 2728 5279 contemptum
2769 5221 2971 5260 eorum
3001 5207 3099 5277 qui
3131 5222 3229 5262 eos
3257 5205 3554 5263 ordinave-

1926 5306 2080 5370 runt,
2103 5303 2212 5356 hoc
2239 5319 2356 5357 non
2381 5301 2715 5373 praejudicat
2740 5299 2953 5372 regulae
2988 5301 3398 5372 ecclesiasticae,
3425 5316 3552 5356 cum

1927 5396 2082 5452 enim
2106 5400 2461 5468 compertum
2491 5395 2663 5450 fuerit
2689 5394 3068 5469 deponantur.

1998 5491 2082 5545 Xl.
2113 5491 2327 5546 Placuit
2369 5492 2580 5544 sanctae
2620 5490 2855 5562 synodo,
2886 5489 3018 5545 licet
3039 5489 3269 5563 indigni
3307 5489 3420 5546 sint
3455 5489 3557 5545 mi-

1927 5584 2270 5656 sericordiae,
2316 5589 2510 5640 tamen
2560 5583 2774 5656 aliquid
2828 5583 2975 5640 circa
3037 5600 3134 5640 eos
3189 5582 3558 5640 humanitatis

1929 5679 2171 5736 ostendi.
2199 5679 2254 5735 Si
2274 5694 2416 5752 quos
2450 5694 2588 5750 ergo
2611 5694 2682 5735 ex
2704 5677 2896 5735 animo
2921 5679 3158 5752 paenitet
3184 5678 3360 5733 tribus
3391 5675 3558 5731 annis

1929 5775 2078 5830 inter
2104 5773 2446 5847 poenitentes
2485 5773 2820 5830 habeantur.
2853 5773 2910 5830 Si
2939 5776 3132 5828 tamen
3172 5770 3366 5826 fideles
3402 5774 3557 5839 sunt,

1931 5875 2149 5944 septem
2193 5869 2355 5926 annis
2402 5869 2524 5925 aliis
2573 5868 2723 5926 inter
2771 5867 3114 5942 poenitentes
3162 5865 3296 5933 sint,
3341 5863 3564 5920 duobus

3126 5969 3164 6024 9
