4058 6306
494 301 596 355 ‘259

1370 294 1653 351 APPEND.
1695 295 1782 350 AD
1821 295 1984 350 Ss’EC.
2026 294 2112 348 IX.
2142 321 2209 333 —
2240 291 2475 347 ISIDORI
2515 289 2944 348 MERCATORIS

3750 289 3856 343 '260

490 412 685 462 autem
710 403 874 460 annis
911 404 1064 460 idem
1103 401 1223 458 sine
1268 403 1550 459 oblatione
1593 404 1653 457 in
1686 402 1946 458 oratione
1995 403 2112 457 sola
2133 401 2446 486 Afuerint,
2496 418 2614 456 non
2660 401 2869 456 debent
2915 399 3120 471 suscipi
3162 399 3223 454 in
3265 398 3536 467 Ecclesia,
3569 397 3667 452 sed
3717 413 3854 451 cum

494 499 836 571 participent
877 499 1112 570 pepulo.
1161 497 1215 554 Si
1262 497 1358 569 qui
1401 513 1554 566 vero,
1590 513 1692 567 per
1732 497 1833 551 Dei
1873 497 2120 568 gratiam

491 592 675 648 vocati
702 592 890 664 primo
918 592 1146 664 quidem
1182 591 1549 646 ostenderunt
1581 590 1754 644 ﬁdem
1793 607 1974 657 suam,
2019 592 2118 646 de-

494 687 678 758 posito
705 685 924 740 militiae
949 685 1194 757 cingulo,
1227 685 1496 756 posthaec
1517 689 1710 738 autem
1734 684 1805 738 ad
1824 684 2119 755 proprium

493 780 777 835 vomitum
802 778 1012 834 reversi
1041 781 1191 846 sunt,
1222 782 1286 832 ut
1311 782 1365 832 et
1390 777 1661 849 pecunias
1687 778 1889 832 darent
1913 781 1970 832 et
1999 795 2116 838 am:

413 879 420 885 '
493 873 683 929 birent
712 873 896 928 redire
932 888 1158 926 rursum
1190 871 1264 925 ad
1293 871 1576 940 militiam,
1607 871 1699 924 isti
1733 871 1931 926 decem
1960 871 2122 926 annis

494 967 609 1021 sint
636 967 788 1020 inter
815 965 1174 1036 poenitentes,
1218 967 1344 1035 post
1374 963 1630 1036 primum
1668 965 1981 1019 triennium
2006 982 2119 1036 quo

491 1059 721 1127 fuerint,
749 1059 895 1113 inter
924 1058 1239 1126 audientes,
1272 1056 1342 1111 ab
1363 1058 1625 1112 omnibus
1649 1073 1780 1112 vero
1809 1058 1947 1113 illud
1973 1075 2112 1129 prae-

492 1152 657 1223 cipue
679 1152 1025 1218 observetur,
1056 1156 1116 1206 ut
1137 1150 1365 1206 animus
1391 1167 1587 1205 eorum
1614 1153 1670 1205 et
1697 1151 1913 1205 fructus
1939 1151 2118 1222 pceni-

489 1244 684 1300 tentias
727 1245 1078 1300 observetur.
1128 1242 1465 1314 Quicunque
1497 1244 1650 1298 enim
1692 1260 1821 1298 cum
1853 1244 2009 1300 omni
2045 1245 2126 1298 ti-

493 1354 654 1394 more
688 1344 745 1395 et
769 1338 1035 1409 lacrymis
1075 1336 1564 1410 perseverantibus
1585 1342 1644 1392 et
1667 1337 1929 1408 operibus
1956 1338 2120 1393 bonis

491 1431 978 1488 conversationem
1023 1448 1187 1486 suam
1231 1447 1347 1485 non
1390 1431 1573 1486 verbis
1616 1431 1764 1498 solis,
1808 1431 1904 1486 sed
1946 1441 2129 1503 opere‘

493 1530 550 1580 et
563 1525 806 1580 veritate
821 1525 1231 1594 demonstrant,
1252 1543 1380 1581 cum
1400 1531 1625 1598 tempus
1643 1528 1921 1583 statutum
1944 1525 2120 1580 etiam

491 1617 561 1672 ab
588 1618 677 1672 his
705 1617 880 1672 fuerit
901 1619 1224 1690 impletum,
1247 1626 1305 1676 et
1325 1620 1673 1676 orationibus
1686 1620 1811 1690 jam
1828 1623 2123 1691 coeperunt

491 1711 928 1779 communicare,
953 1711 1144 1767 licebit
1161 1714 1333 1768 etiam
1354 1713 1616 1785 episc0po
1645 1713 1957 1786 humanius
1976 1711 2121 1767 circa

2220 495 2374 550 omni
2403 495 2742 551 necessitate
2763 498 3059 566 cogantur,
3083 496 3149 548 ut
3173 493 3408 548 redeant
3439 491 3514 546 ad
3543 491 3857 545 Ecclesiam

2219 605 2398 655 suam,
2447 588 2600 662 quod
2646 588 2691 643 si
2720 586 3164 660 permanserint,
3209 585 3708 643 excommunicare
3757 600 3858 638 eos

2219 685 2462 754 oportet.

2290 775 2441 830 XVII.
2498 774 2556 829 Si
2621 774 2745 845 quis
2807 791 2976 829 ausus
3043 773 3218 828 fuerit
3285 772 3557 843 aliquem,
3620 770 3721 840 qui
3781 768 3856 823 ad

2221 869 2463 922 alterum
2487 867 2756 939 pertinet,
2785 868 3046 924 ordinare
3072 867 3133 921 in
3163 883 3264 921 sua
3286 865 3550 932 Ecclesia,
3579 879 3711 918 cum
3740 879 3856 917 non

2219 960 2431 1016 habeat
2453 977 2791 1016 consensum
2818 960 3070 1032 episcopi
3094 959 3270 1031 ipsius
3299 976 3332 1014 a
3351 974 3464 1030 quo
3487 956 3719 1013 recessit
3741 957 3853 1010 cle-

2219 1053 2386 1124 ricus,
2419 1053 2582 1108 irrita
2605 1052 2714 1109 erit
2742 1053 3071 1124 hujusmodi
3101 1051 3408 1107 ordinatio.

2290 1148 2467 1204 XVIII.
2495 1147 2776 1211 Quoniam
2807 1147 2974 1202 multi
3012 1145 3221 1213 clerici,
3249 1145 3496 1200 avaritias
3541 1160 3714 1198 causa
3740 1147 3858 1198 tur-

2220 1240 2315 1312 pia
2337 1240 2493 1296 lucra
2512 1243 2809 1308 sectantes,
2834 1239 2994 1296 obliti
3020 1244 3152 1295 sunt
3176 1239 3351 1293 divini
3379 1238 3669 1310 praecepti,
3701 1237 3858 1309 quod

2221 1334 2437 1390 dictum
2468 1339 2570 1402 est,
2600 1333 2697 1406 qui
2723 1334 3024 1405 pecuniam
3057 1349 3219 1388 suam
3265 1348 3382 1387 non
3430 1332 3588 1387 dedit
3619 1332 3690 1386 ad
3721 1348 3852 1385 usu-

2219 1444 2368 1496 ram,
2419 1428 2738 1483 fenerantes
2791 1426 3127 1482 centesimas
3173 1425 3436 1497 exigant,
3498 1425 3692 1480 statuit
3743 1424 3856 1479 hoc

2220 1527 2476 1577 sanctum
2503 1521 2823 1590 concilium,
2853 1521 2899 1574 si
2927 1520 3055 1592 quis
3079 1519 3348 1574 inventus
3365 1519 3537 1573 fuerit
3554 1520 3683 1589 post
3709 1518 3856 1572 hanc

2221 1615 2610 1670 definitionem
2653 1631 2854 1670 usuras
2898 1613 3174 1686 accipere,
3223 1613 3309 1668 vel
3357 1630 3426 1667 ex
3470 1611 3724 1683 quolibet
3755 1611 3858 1666 tali

2220 1709 2450 1779 negotio
2487 1708 2679 1780 turpia
2722 1709 2877 1762 lucra
2921 1707 3146 1778 sectari,
3173 1706 3264 1761 vel
3293 1706 3464 1761 etiam
3489 1705 3706 1777 species
3731 1706 3854 1760 fru-

493 1820 589 1858 eos
615 1803 828 1875 aliquid
855 1805 1131 1876 cogitare.
1160 1806 1270 1871 Qui
1296 1823 1430 1861 vero
1460 1805 1856 1861 indifferenter
1899 1806 2115 1860 habue-
2139 1785 2196 1857 B
2220 1805 2545 1857 mentorum
2589 1801 2664 1857 ad
2707 1802 3030 1873 sextuplum
3072 1801 3229 1870 dare,
3262 1799 3448 1854 omnis
3486 1799 3584 1870 qui
3609 1799 3721 1854 tale
3759 1799 3856 1852 ali-

492 1896 610 1950 rint
632 1896 877 1967 lapsum,
907 1902 964 1952 et
989 1898 1247 1954 sufﬁcere
1287 1900 1391 1954 sibi
1431 1899 1581 1971 quod
1609 1898 1914 1955 Ecclesiam
1940 1899 2116 1953 intro-

491 1989 681 2044 ierunt
704 1990 1072 2061 arbitrantur,
1118 1992 1210 2047 isti
1255 1992 1591 2048 omnimodo
1617 1997 1878 2064 tempora
1911 1995 2122 2048 statuta

490 2082 875 2154 complebunt.

560 2176 667 2231 XII.
695 2177 774 2231 De
800 2177 890 2231 his
917 2192 1051 2234 vero
1098 2178 1199 2250 qui
1244 2178 1521 2235 recedunt
1569 2195 1636 2234 ex
1675 2194 1938 2252 corpore,
1973 2177 2118 2234 anti-

489 2283 619 2340 quae
642 2269 784 2342 legis
828 2274 1027 2344 regula
1056 2273 1449 2328 observabitur
1479 2273 1654 2329 etiam
1681 2291 1852 2344 nunc,
1881 2274 1960 2328 ita
1985 2277 2052 2328 ut
2075 2273 2118 2327 si

489 2363 632 2418 forte
673 2364 798 2435 quis
842 2365 1062 2420 recedit
1105 2383 1170 2422 ex
1221 2384 1474 2438 corpore,
1508 2366 1826 2422 necessaria
1849 2365 1977 2421 vitae
2007 2383 2120 2422 sum

487 2455 689 2512 viatico
733 2473 851 2513 non
897 2459 1284 2531 defraudatur,
1315 2461 1463 2532 quod
1493 2461 1538 2514 si
1566 2461 1893 2532 desperatus
1918 2460 2121 2532 aliquis

486 2553 717 2622 recepta
747 2553 1151 2608 communione
1184 2553 1583 2625 supervixerit,
1616 2555 1688 2609 sit
1713 2554 1863 2609 inter
1901 2571 1996 2609 eos
2023 2554 2121 2625 qui

486 2645 608 2700 sola
636 2645 888 2700 oratione
915 2648 1358 2703 communicant.
1407 2649 1483 2703 De
1521 2648 1785 2703 omnibus
1813 2651 2007 2703 tamen
2035 2648 2122 2702 his

491 2739 587 2809 qui
611 2755 645 2792 a
673 2755 910 2810 corpore
933 2741 1222 2808 recedunt,
1249 2741 1308 2795 in
1335 2741 1612 2796 tradendo
1645 2741 1728 2796 eis
1763 2742 2118 2797 communio-

489 2848 627 2886 nem
659 2835 715 2886 et
745 2850 878 2886 cura
906 2837 962 2888 et
990 2834 1250 2904 probatio
1279 2834 1350 2888 sit
1373 2834 1640 2905 episcopi.

561 2919 691 2976 XIII.
731 2920 946 2975 Placuit
995 2921 1101 2976 hoc
1151 2927 1344 2976 sancto
1401 2925 1460 2976 et
1501 2939 1712 2994 magno
1763 2923 2004 2978 concilio
2049 2923 2120 2978 de

491 3013 914 3068 catechumenis
959 3015 1057 3085 qui
1099 3015 1239 3085 lapsi
1269 3017 1421 3082 sunt,
1469 3018 1532 3069 ut
1577 3015 1756 3070 tribus
1782 3016 1945 3070 annis
1973 3017 2124 3072 inter

2221 1895 2359 1967 quid
2395 1899 2628 1951 conatus
2651 1896 2828 1951 fuerit
2851 1895 2922 1948 ad
2950 1899 3230 1966 quaestum
3266 1892 3563 1964 dejiciatur
3600 1909 3635 1946 a
3677 1892 3854 1962 clero,

2219 1993 2278 2045 et
2306 1988 2527 2044 alienus
2555 1989 2625 2044 ab
2653 1988 3030 2044 ecclesiastico
3054 1987 3335 2042 habeatur
3359 1986 3562 2058 gradu.

2289 2082 2420 2137 XIX.
2448 2081 2504 2137 Si
2532 2082 2660 2154 quis
2691 2080 2952 2152 confugit
2975 2080 3046 2135 ad
3070 2079 3375 2135 Ecclesiam
3411 2078 3750 2134 catholicam
3784 2079 3854 2132 de

2220 2175 2572 2230 Paulianistis
2599 2179 2656 2230 et
2679 2173 3042 2246 Cataphrigis
3071 2176 3345 2228 statutum
3391 2175 3476 2228 est
3517 2171 3856 2243 rebaptizari

2220 2285 2318 2325 eos
2362 2268 2588 2324 debere.
2622 2268 2679 2324 Si
2707 2268 2805 2341 qui
2832 2284 2966 2323 vero
3005 2266 3193 2322 clerici
3222 2269 3386 2320 erant
3426 2265 3578 2337 apud
3621 2282 3741 2336 eos,
3791 2264 3858 2320 si-

2221 2362 2454 2434 quidem
2481 2361 2754 2433 inculpati
2793 2361 3010 2416 fuerint
3039 2363 3098 2414 et
3121 2358 3667 2431 irreprehensibiles,
3701 2359 3860 2414 reba-

2219 2455 2414 2528 ptizati
2438 2472 2635 2510 rursus
2665 2455 2839 2510 etiam
2868 2454 3208 2510 ordinentur
3247 2453 3316 2508 ab
3364 2452 3629 2524 episcopo
3675 2453 3860 2509 Eccle-

2221 2550 2318 2605 sise
2346 2549 2656 2605 catholicas.
2685 2548 2742 2605 Si
2767 2564 2902 2604 vero
2929 2547 3246 2603 examinati
3274 2545 3465 2601 minus
3495 2545 3713 2601 fuerint
3738 2547 3861 2619 apti

2223 2643 2585 2716 deprehensi,
2615 2643 2827 2715 deponi
2863 2659 2961 2697 eos
3005 2643 3246 2713 oportet.
3280 2640 3551 2697 Similiter
3576 2645 3774 2696 autem
3805 2644 3863 2696 et

2221 2737 2372 2792 circa
2401 2737 2666 2792 diacones
2707 2741 2765 2792 et
2811 2736 2881 2791 de
2931 2735 3196 2790 omnibus
3223 2734 3319 2806 qui
3362 2733 3424 2789 in
3461 2734 3665 2790 eodem
3702 2734 3859 2790 clero

2220 2829 2612 2899 inveniuntur,
2642 2830 2841 2885 eadem
2859 2830 3044 2884 forma
3070 2827 3406 2884 servabitur.
3427 2828 3855 2883 Commemora-

2220 2923 2405 2978 vimus
2429 2926 2622 2980 autem
2651 2923 2992 2979 diaconissas
3015 2939 3143 2993 quae
3171 2922 3231 2977 in
3251 2921 3357 2976 hoc
3385 2919 3588 2976 ordine
3613 2921 3860 2977 iuventte

2222 3021 2373 3085 sunt,
2389 3034 2517 3088 quae
2529 3034 2633 3072 nec
2653 3033 2859 3072 manus
2877 3016 3304 3087 impositionem
3320 3015 3570 3086 aliquam
3584 3015 3858 3082 habeant,

493 3105 788 3162 audientes
816 3106 1054 3162 verbum
1083 3107 1196 3162 sint
1220 3108 1643 3177 tantummodo,
1675 3113 1805 3180 post
1836 3110 1960 3164 haec
1987 3126 2120 3166 vero
2148 3163 2194 3180 η
2222 3113 2286 3165 ut
2311 3111 2642 3166 omnimodo
2660 3111 2812 3166 inter
2829 3111 2998 3165 laicas
3014 3109 3346 3165 habeantur.
3371 3108 3648 3164 Similiter
3665 3110 3862 3164 autem

491 3205 655 3256 orent
673 3216 805 3256 cum
831 3201 1276 3256 catechumenis.

563 3294 693 3351 XIV.
729 3294 988 3350 Pervenit
1037 3295 1112 3349 ad
1163 3298 1421 3350 sanctum
1471 3294 1774 3351 concilium
1829 3295 2005 3368 quod,
2059 3296 2119 3350 in

490 3387 627 3444 locis
671 3388 1010 3460 quibusdam
1055 3391 1112 3444 et
1152 3387 1493 3458 civitatibus,
1543 3390 1884 3461 presbyteris
1937 3406 2119 3445 sacra-

493 3485 687 3538 menta
715 3481 943 3538 diaconi
969 3479 1282 3554 porrigant,
1314 3483 1422 3538 hoc
1453 3499 1639 3556 neque
1673 3485 1891 3556 regula,
1937 3500 2123 3556 neque

489 3577 837 3632 consuetudo
863 3576 1098 3632 tradidit
1123 3580 1188 3631 ut
1205 3576 1264 3631 hi
1292 3576 1389 3648 qui
1416 3577 1690 3633 efferendi
1717 3578 1977 3634 sacrificii
2004 3594 2122 3633 non

488 3671 704 3725 habent
731 3672 1092 3742 potestatem,
1138 3671 1228 3726 his
1271 3671 1369 3743 qui
1405 3670 1653 3726 offerunt
1676 3689 1884 3744 corpus
1913 3671 2124 3726 Christi

489 3763 802 3834 porrigant,
832 3763 928 3819 sed
967 3767 1023 3819 et
1066 3764 1206 3819 illud
1250 3764 1503 3820 innotuit
1543 3765 1694 3835 quod
1733 3765 1967 3836 quidem
2007 3765 2126 3820 dia-

493 3872 666 3910 cones
695 3856 864 3910 etiam
893 3861 1025 3912 ante
1054 3855 1352 3928 episcopos
1382 3860 1739 3912 sacramenta
1767 3861 2016 3912 sumunt.

565 3950 693 4004 Haec
736 3948 930 4003 omnia
979 3952 1352 4020 amputentur
1399 3954 1457 4006 et
1491 3949 1768 4021 accipiant
1809 3951 2124 4007 secundum

496 4043 756 4098 ordinem
784 4044 910 4113 post
938 4042 1296 4115 presbyteros
1338 4043 1408 4097 ab
1439 4043 1703 4116 episcopo
1728 4045 1816 4099 vel
1843 4061 1877 4099 a
1902 4045 2127 4117 presby-

496 4139 619 4191 tero
649 4149 866 4190 sacram
912 4135 1389 4192 communionem.
1439 4137 1607 4202 Quod
1652 4135 1698 4192 si
1732 4154 1846 4193 non
1874 4138 2126 4195 fueritin

497 4229 766 4301 praesenti
789 4229 877 4284 vel
906 4228 1204 4301 episcopus
1229 4231 1315 4285 vel
1344 4230 1658 4304 presbyter,
1695 4234 1830 4287 tunc
1858 4231 1965 4304 ipsi
1991 4249 2122 4304 pro-

496 4323 684 4378 ferant
712 4324 770 4377 et
795 4322 988 4378 edant.
1021 4323 1132 4379 Sed
1157 4341 1260 4380 nec
1284 4324 1482 4380 sedere
1510 4325 1742 4396 quidem
1772 4326 1906 4381 licet
1929 4326 1988 4381 in
2011 4342 2128 4382 me-

497 4416 592 4472 dio
637 4414 1100 4488 presbyterorum
1149 4416 1435 4474 diacones.
1489 4418 1545 4474 Si
1593 4417 1719 4490 quis
1771 4424 1960 4476 autem
2011 4437 2126 4475 non

2142 3163 2197 3238 Ο
2223 3204 2552 3259 diaconissae
2593 3221 2722 3276 quas
2765 3204 2826 3258 in
2865 3203 3142 3259 catholico
3189 3219 3408 3258 canone
3433 3218 3550 3257 non
3577 3201 3862 3258 habentur

2221 3297 2393 3353 simili
2414 3299 2558 3368 loco,
2591 3297 2650 3353 id
2675 3301 2759 3354 est
2785 3298 2944 3353 laicze
2969 3300 3028 3354 et
3053 3300 3328 3370 tanquam
3358 3312 3474 3353 non
3512 3299 3860 3353 consecrate

2222 3391 2586 3463 deputentur.

2292 3486 2396 3540 XX.
2451 3486 2731 3550 Quoniam
2769 3490 2903 3541 sunt
2947 3485 3008 3540 in
3052 3484 3143 3541 die
3183 3483 3472 3540 Dominica
3511 3480 3751 3557 quidam
3785 3482 3857 3541 ad

2221 3581 2536 3634 orationem
2563 3596 2748 3651 genua
2767 3579 3076 3647 ﬂectentes,
3101 3582 3160 3634 et
3178 3579 3237 3634 in
3260 3579 3458 3635 diebus
3476 3579 3853 3648 Pentecostes,

2222 3678 2529 3745 propterea
2553 3678 2639 3729 est
2661 3673 2851 3746 itaque
2881 3675 3155 3729 statutum
3181 3690 3215 3728 a
3244 3675 3433 3728 sancta
3462 3671 3682 3744 synodo
3714 3688 3854 3743 quo-

2225 3766 2381 3821 niam
2424 3783 2674 3822 consona
2715 3771 2774 3821 et
2818 3767 3158 3822 conveniens
3205 3782 3307 3838 per
3344 3782 3546 3821 omnes
3598 3765 3860 3821 ecclesias

2224 3860 2592 3915 custodienda
2618 3860 2968 3916 consuetudo
2997 3864 3082 3915 est
3108 3864 3173 3916 ut
3207 3863 3418 3915 stantes
3440 3859 3512 3914 ad
3541 3859 3859 3915 orationem

2224 3954 2462 4009 Domino
2491 3959 2622 4009 vota
2646 3954 2970 4010 reddamus.

2510 4049 2823 4117 Symbolum
2847 4049 3082 4119 ejusdem
3105 4049 3314 4108 Nicavni
3340 4047 3570 4104 concilii.

2297 4141 2594 4197 Credimus
2620 4141 2678 4196 in
2707 4159 2886 4197 unum
2913 4142 3095 4196 Deum
3120 4143 3346 4197 Patrem
3378 4141 3858 4213 omnipotentem,

2224 4235 2531 4290 visibilium
2575 4241 2633 4290 et
2666 4233 3038 4290 invisibilium
3081 4235 3458 4290 conditorem.
3499 4235 3567 4289 Et
3591 4235 3651 4289 in
3679 4251 3862 4289 unum

2227 4328 2535 4384 Dominum
2562 4330 2758 4384 Jesum
2789 4329 3098 4396 Christum,
3145 4329 3350 4384 Filium
3395 4327 3518 4398 Dei,
3561 4333 3764 4383 natum
3792 4327 3864 4384 de

2225 4423 2391 4478 Patre
2439 4422 2826 4493 unigenitum,
2866 4423 2974 4478 hoc
3017 4427 3121 4491 est,
3167 4423 3237 4478 de
3296 4421 3607 4477 substantia
3659 4421 3862 4489 Patris,

497 4511 618 4566 vult
639 4509 728 4566 his
754 4509 1041 4565 sufﬁciens
1069 4526 1211 4580 esse,
1237 4516 1364 4584 post
1397 4512 1548 4568 hanc
1581 4512 1973 4571 definitionem
2003 4530 2124 4570 ces-
2147 4541 2206 4613 D
2229 4517 2410 4570 Deum
2455 4516 2525 4571 de
2567 4517 2703 4584 Deo,
2753 4517 2951 4571 lumen
2979 4517 3049 4571 de
3087 4516 3325 4585 lumine,
3359 4518 3537 4571 Deum
3567 4531 3765 4570 verum
3791 4515 3862 4570 de

498 4607 582 4661 set
605 4621 726 4661 esse
754 4603 1046 4661 diaconus.

567 4701 674 4756 XV.
705 4703 945 4773 Propter
980 4699 1188 4756 multas
1225 4700 1686 4772 perturbationes
1717 4707 1774 4758 et
1803 4703 2130 4774 frequentes

500 4793 778 4848 tumultus
802 4793 1176 4864 seditionum,
1205 4810 1334 4866 quin
1379 4795 1502 4850 fieri
1531 4795 1737 4866 solent,
1766 4796 1975 4868 placuit
2003 4813 2128 4852 om-

500 4885 734 4941 nimodo
777 4885 946 4942 istam
991 4885 1248 4942 abscindi
1277 4888 1751 4944 consuetudinem
1781 4907 1907 4960 quae
1932 4893 2132 4946 contra

503 4979 765 5049 regulam
787 4982 890 5049 est,
915 4980 1093 5036 sicubi
1113 4985 1307 5037 tamen
1329 4981 1419 5050 sit,
1441 4981 1499 5037 id
1524 4984 1610 5038 est
1629 4999 1701 5036 ne
1721 4983 1791 5038 de
1817 4983 2041 5038 civitate
2061 4984 2131 5039 ad

503 5072 794 5129 civitatem
825 5077 1076 5129 transeat
1101 5075 1188 5130 vel
1229 5075 1550 5148 episcOpus,
1579 5075 1670 5131 vel
1697 5076 2014 5149 presbyter,
2044 5078 2132 5133 vel

504 5167 797 5222 diaconus.
829 5167 883 5222 Si
913 5165 1038 5239 quis
1062 5184 1195 5225 vero
1221 5173 1354 5242 post
1378 5170 1501 5225 haec
1530 5172 1738 5225 statuta
1766 5171 1946 5226 sancti
1963 5171 2132 5243 hujus

505 5259 730 5316 concilii
772 5259 886 5316 tale
929 5261 1141 5334 aliquid
1181 5279 1351 5334 agere
1406 5263 1724 5332 tentaverit,
1782 5264 2134 5336 infringetur

506 5354 662 5411 omni
706 5371 914 5426 genere
964 5355 1361 5427 hujuscemodi
1411 5359 1646 5412 conatus
1699 5361 1758 5413 et
1803 5358 2134 5415 restituatur

503 5448 747 5523 propriae
775 5450 1035 5506 Ecclesiae
1065 5449 1122 5504 in
1151 5465 1266 5520 qua
1292 5450 1582 5506 ordinatus
1609 5453 1712 5507 est.

574 5545 705 5601 XVI.
754 5543 811 5600 Si
848 5544 947 5616 qui
994 5558 1128 5598 vero
1174 5541 1448 5599 timorem
1492 5545 1591 5600 Dei
1640 5548 1772 5602 ante
1797 5547 1987 5604 oculos
2014 5564 2130 5605 non

504 5639 803 5709 habentes,
847 5653 1036 5709 neque
1081 5635 1455 5694 ecclesiastica
1495 5643 1704 5696 statuta
1731 5641 2128 5713 custodientes,

503 5734 801 5789 recesserit
828 5731 900 5786 ab
929 5730 1170 5785 Ecclesia
1196 5747 1294 5786 sua
1324 5731 1439 5787 sive
1482 5733 1780 5806 presbyter
1806 5738 1918 5792 sive
1943 5738 2127 5793 diaco-

506 5843 630 5895 nus,
664 5829 747 5881 vel
793 5826 850 5879 in
903 5840 1246 5898 quocunque
1292 5826 1664 5882 ecclesiastico
1713 5830 1908 5886 ordine
1961 5831 2130 5902 positi

2230 4610 2346 4664 Deo
2371 4625 2529 4678 vero,
2555 4614 2775 4677 natum,
2805 4626 2920 4664 non
2940 4605 3171 4680 factum,
3195 4609 3736 4665 consubstantialem
3752 4609 3862 4664 Pa-

2229 4704 2322 4774 tri,
2352 4703 2411 4758 id
2431 4707 2535 4774 est,
2563 4704 2734 4759 unius
2773 4703 3103 4758 substantiae
3129 4720 3261 4758 cum
3292 4705 3459 4760 Patre
3489 4702 3658 4775 (quod
3684 4702 3862 4758 Graeci

2230 4800 2504 4854 omousion
2531 4797 2744 4870 dicunt)
2764 4814 2869 4869 per
2889 4814 3060 4870 quem
3088 4797 3284 4853 omnia
3309 4798 3459 4852 facta
3485 4803 3615 4852 sunt
3643 4812 3773 4869 quae
3801 4796 3862 4851 in

2231 4892 2369 4947 caelo
2409 4897 2465 4947 et
2504 4891 2563 4946 in
2603 4894 2777 4948 terra.
2819 4891 2928 4955 Qui
2955 4896 3187 4963 propter
3214 4908 3318 4946 nos
3347 4891 3630 4958 homines,
3659 4895 3716 4945 et
3739 4906 3866 4962 pro-

2231 4991 2356 5058 pter
2381 4990 2632 5041 nostram
2675 4985 2916 5041 salutem
2959 4985 3255 5041 descendit
3294 4985 3364 5041 de
3391 4984 3566 5053 caelis,
3601 4989 3659 5040 et
3687 4983 3867 5039 incar-

2231 5083 2398 5135 natus
2424 5084 2528 5148 est,
2574 5083 2746 5152 atque
2782 5081 2956 5135 homo
2994 5080 3196 5151 factus,
3230 5095 3444 5151 passus,
3474 5083 3736 5134 mortuus
3759 5083 3865 5148 est,

2232 5179 2288 5229 et
2307 5173 2614 5229 resurrexit
2640 5174 2813 5229 tertia
2841 5174 2953 5244 die,
2997 5173 3252 5229 ascendit
3275 5174 3344 5228 ad
3371 5174 3559 5243 caelos,
3591 5180 3867 5228 venturus

2224 5267 2483 5339 judicare
2529 5269 2679 5324 vivos
2707 5273 2763 5324 et
2786 5271 3068 5324 mortuos.
3100 5269 3170 5323 Et
3193 5268 3254 5322 in
3279 5267 3552 5339 Spiritum
3583 5271 3863 5322 sanctum.

2230 5363 2340 5417 Eos
2367 5367 2560 5418 autem
2589 5363 2690 5435 qui
2716 5363 2915 5418 dicunt
2944 5367 3088 5428 erat,
3119 5362 3344 5434 quando
3375 5377 3491 5416 non
3529 5364 3652 5416 erat
3677 5363 3734 5415 et
3762 5377 3867 5416 an-

2231 5459 2464 5528 tequam
2507 5460 2837 5512 nasceretur
2869 5472 2989 5511 non
3014 5457 3155 5524 erat,
3189 5459 3246 5510 et
3271 5455 3428 5526 quod
3457 5471 3524 5510 ex
3556 5455 3733 5510 nullis
3757 5455 3871 5510 exi-

2231 5550 2509 5605 stentibus
2551 5550 2732 5605 factus
2779 5556 2882 5620 est,
2931 5553 3031 5605 aut
3070 5567 3137 5604 ex
3177 5549 3372 5620 aliqua
3420 5548 3735 5604 substantia
3779 5549 3870 5603 vel

2233 5647 2452 5714 natura,
2481 5659 2616 5698 eum
2639 5645 2889 5700 dicentes
2916 5661 3038 5701 esse
3065 5643 3422 5714 mutabilem,
3455 5647 3512 5699 et
3536 5641 3875 5698 convertibi—

2231 5737 2339 5791 lem
2375 5735 2576 5793 Filium
2621 5738 2740 5806 Dei,
2779 5738 3135 5811 perhibendo
3184 5739 3285 5793 hos
3320 5737 3782 5808 anathematizat,
3819 5742 3877 5794 et

2231 5832 2571 5888 condemnat
2599 5831 2874 5892 catholica
2905 5838 2962 5890 et
3001 5833 3312 5906 apostolica
3339 5814 3608 5918 Ecclesia‘
3633 5831 3763 5888 Haec
3790 5834 3876 5890 est
