4058 6314
199 359 293 414 261

197 598 398 637 versus
417 584 618 640 Arium
630 585 1051 660 blasphemum,
1078 590 1359 646 dicentem
1380 597 1698 648 creaturam
1719 610 1838 650 esse

201 675 410 730 Filium
449 677 571 748 Dei,
617 681 674 733 et
710 681 975 736 adversus
1006 699 1237 738 omnem
1268 685 1554 754 haresim,
1591 687 1835 757 Sabellii,

199 767 450 839 Photini,
500 771 661 825 Pauli
703 773 1098 846 Samosateni,
1147 777 1477 848 Manichai,
1531 780 1835 848 Valentini,

197 860 514 933 Marcionis,
552 869 609 919 et
636 865 906 922 adversus
930 885 1162 924 omnem
1194 870 1428 926 omnino
1459 872 1750 940 haresim,
1791 873 1837 926 si

197 970 326 1026 qua
359 955 737 1014 insurrexerit
776 964 974 1016 contra
1017 963 1354 1018 catholicam
1387 969 1442 1020 et
1469 967 1838 1036 apostolicam

197 1049 506 1104 Ecclesiam
533 1067 706 1123 quam
732 1070 937 1110 omnes
961 1055 1486 1114 condemnaverunt
1505 1059 1688 1114 Nicaa
1708 1076 1837 1114 con-

200 1142 426 1214 gregati
456 1143 699 1217 episcopi
724 1149 963 1203 trecenti
991 1150 1186 1204 decem
1217 1154 1272 1205 et
1299 1156 1447 1207 octo.

673 1241 828 1295 Fides
860 1242 1105 1312 Gregorii
1123 1244 1364 1314 majoris.

266 1326 429 1384 Unus
459 1331 625 1400 Deus,
660 1333 1024 1406 principium,
1070 1339 1127 1390 et
1165 1338 1333 1392 Pater
1375 1338 1541 1392 Verbi
1579 1338 1832 1410 viventis,

198 1421 493 1492 sapientia
525 1425 836 1495 existentis,
858 1433 915 1483 et
939 1429 1181 1496 virtutis,
1203 1435 1259 1485 et
1278 1430 1548 1501 imaginis
1566 1432 1832 1504 propria,

196 1515 482 1585 perfectus
511 1519 741 1589 perfecti
765 1522 1012 1592 genitor,
1041 1528 1096 1578 et
1124 1541 1274 1578 unus
1302 1525 1578 1580 Dominus
1605 1541 1672 1580 ex
1697 1543 1832 1593 uno,

193 1609 358 1663 Pater
385 1610 489 1664 ﬁlii
520 1612 822 1684 unigeniti,
853 1619 910 1670 et
931 1633 1076 1670 unus
1113 1617 1388 1672 Dominus
1418 1635 1482 1672 ex
1518 1635 1655 1687 uno,
1692 1619 1835 1673 Deus

194 1701 264 1755 de
292 1703 431 1774 Deo,
477 1704 660 1777 ﬁgura
697 1707 1025 1764 substantia
1065 1710 1266 1780 Patris,
1311 1710 1502 1783 imago
1544 1711 1664 1781 Dei,
1695 1714 1836 1767 Deus

193 1795 442 1852 Verbum
471 1800 693 1869 mundi,
728 1806 783 1857 et
808 1801 982 1857 totius
1009 1803 1337 1859 substantia
1358 1805 1569 1876 opifex,
1601 1805 1830 1877 sapien-

1465 367 1936 428 DECRETALIUM
1975 375 2356 433 COLLECTIO.

200 489 340 543 ﬁdes
367 507 544 561 quam
578 501 964 564 exposuerunt
987 498 1177 551 patres
1206 498 1456 570 Primum
1488 502 1719 572 quidem
1744 503 1836 557 ad,
1858 495 1914 566 Α
1937 482 2033 551 tia,
2078 487 2375 542 continens
2415 488 2610 542 omnia
2636 506 2764 560 qua
2793 490 3059 561 existunt,
3107 494 3274 548 Filius
3303 511 3466 550 verus
3496 497 3564 551 de
3669 561 3672 564 ,

3465 393 3566 445 262

1937 577 2100 632 Patre
2123 595 2276 648 vero,
2306 579 2605 636 invisibilis
2633 582 2704 637 de
2731 583 3020 655 invisibili,
3041 586 3481 658 incorruptibilis
3498 590 3568 646 de

1937 668 2372 744 incorruptibili,
2415 674 2756 730 immortalis
2793 678 2863 732 de
2895 679 3232 750 immortali,
3274 685 3332 736 et
3357 682 3563 754 sempi-

1936 766 2134 819 ternus
2156 764 2226 819 de
2253 767 2617 838 sempiterno,
2648 774 2703 823 et
2740 787 2885 824 unus
2915 771 3156 844 Spiritus
3175 780 3419 842 sanctus,
3440 791 3569 847 per-

1936 857 2135 924 fectus,
2176 860 2430 930 perfecta
2471 861 2604 930 vita,
2648 863 2957 919 viventium
3008 867 3293 936 sanctitas,
3339 871 3397 922 et
3436 868 3565 922 fons

1937 951 2264 1022 sanctitatis,
2303 956 2360 1006 et
2393 954 2784 1010 adiﬁcationis
2818 957 3188 1028 ministrator,
3232 976 3338 1032 per
3388 977 3562 1032 quem

1935 1045 2080 1099 Deus
2108 1045 2168 1098 in
2197 1061 2395 1101 omnes
2421 1047 2711 1103 credentes
2748 1053 2804 1104 et
2829 1068 3002 1122 super
3041 1068 3259 1123 omnes,
3303 1063 3360 1108 et
3389 1054 3564 1109 Filius

1937 1138 2035 1209 qui
2060 1154 2163 1210 per
2191 1155 2409 1195 omnes.
2437 1140 2696 1209 Trinitas,
2725 1144 2975 1213 perfecta
3005 1145 3202 1215 gloria,
3231 1151 3288 1201 et
3314 1163 3560 1218 regnum

1935 1237 2370 1308 sempiternum,
2412 1237 2790 1306 individuum,
2835 1244 2892 1294 et
2932 1242 3316 1298 inalienabile.
3365 1245 3558 1315 Neque

1933 1329 2110 1401 igitur
2134 1333 2387 1386 creatum
2427 1330 2664 1402 aliquid,
2705 1336 2762 1387 et
2797 1349 3020 1389 servum
3054 1351 3152 1390 seu
3187 1337 3464 1392 famulum
3497 1337 3560 1393 in

1933 1424 2220 1490 Trinitate,
2260 1441 2450 1496 neque
2497 1424 2892 1494 adventitium,
2934 1427 3024 1481 vel
3062 1428 3558 1486 subintroductum

1935 1522 2210 1588 tanquam
2257 1518 2412 1589 quod
2448 1522 2581 1572 ante
2618 1535 2736 1575 non
2773 1521 3062 1588 exstiterit,
3107 1525 3164 1576 et
3191 1522 3559 1578 novissimum

1934 1615 2352 1682 subintraverit,
2381 1631 2571 1686 neque
2613 1618 2770 1672 enim
2805 1618 3013 1672 desinit
3048 1617 3354 1690 aliquando
3389 1621 3560 1675 Filius

1933 1709 2104 1778 Patri,
2128 1711 2228 1762 aut
2249 1708 2404 1778 Filio,
2435 1709 2680 1780 Spiritus
2706 1716 2955 1780 sanctus,
2987 1712 3085 1766 sed
3113 1711 3488 1769 immutabilis
3506 1719 3561 1770 et

1932 1800 2376 1858 inconvertibilis
2401 1801 2522 1857 haec
2548 1803 2747 1860 eadem
2774 1804 3019 1860 Trinitas
3042 1821 3292 1878 semper.

1036 2086 1438 2153 INCIPIUNT
1480 2085 1873 2154 CAPITULA
1917 2084 2248 2153 CONCILII
2289 2085 2714 2151 ANCYRANI.

263 2247 312 2296 1.
344 2240 423 2295 De
451 2241 792 2313 presbyteris
821 2243 993 2315 lapsis
1021 2244 1081 2300 in
1109 2245 1526 2318 persecutione.

260 2339 314 2390 2.
348 2337 426 2390 De
455 2336 788 2392 diaconibus
813 2338 914 2409 qui
940 2338 1401 2395 immolaverunt.

260 2432 316 2484 3.
349 2430 431 2484 De
453 2429 674 2485 clericis
706 2432 820 2486 sive
859 2432 1014 2486 laicis
1051 2449 1290 2504 quorum
1330 2448 1538 2488 manus
1569 2433 1663 2489 alii
1693 2451 1824 2491 cum

190 2523 402 2594 injuria
431 2540 602 2595 super
629 2524 910 2580 idolorum
942 2526 1218 2580 sacriﬁcia
1247 2529 1580 2597 posuerunt.

260 2617 318 2670 4.
352 2617 432 2670 De
455 2616 546 2671 his
571 2616 669 2689 qui
705 2618 764 2672 in
785 2619 1014 2691 templis
1035 2619 1322 2674 idolorum
1340 2624 1728 2691 canaverunt,
1751 2622 1822 2677 de

193 2709 402 2780 quibus
427 2725 619 2782 supra.
1159 2723 1162 2728 '

260 2807 314 2858 5.
369 2803 448 2859 De
494 2803 581 2858 his
622 2803 720 2876 qui
775 2805 980 2860 timore
1031 2805 1174 2861 ritus
1234 2806 1536 2878 gentilium
1576 2823 1819 2879 perege-

186 2903 339 2952 runt.

257 2995 311 3046 6.
347 2993 422 3047 De
453 2991 540 3046 his
568 2992 667 3064 qui
693 2993 753 3046 in
784 2993 918 3048 locis
945 2991 1230 3048 idolorum
1260 2994 1766 3050 manducaverunt.

256 3090 311 3139 7.
346 3087 418 3140 Ile
450 3085 540 3139 his
571 3086 670 3156 qui
695 3087 1022 3158 frequenter
1049 3087 1214 3142 idolis
1239 3087 1699 3144 immolaverunt.

255 3181 310 3233 8.
340 3179 421 3233 De
451 3179 542 3232 his
570 3179 671 3251 qui
701 3180 874 3234 coacti
901 3180 1063 3235 idolis
1093 3180 1550 3237 immolaverunt.

257 3275 311 3328 9.
367 3273 448 3327 De
505 3272 596 3328 his
653 3274 752 3344 qui
805 3273 929 3328 aliis
992 3273 1342 3330 sacriﬁcandi
1399 3291 1623 3330 causam
1665 3280 1816 3331 attu-

186 3367 394 3422 lerunt.

257 3464 342 3517 10.
377 3461 461 3516 De
487 3458 843 3518 diaconibus.

256 3559 342 3612 11.
405 3557 483 3612 De
533 3555 892 3627 desponsatis
933 3555 1136 3627 puellis
1204 3560 1264 3611 et
1319 3557 1390 3612 ab
1443 3555 1570 3612 aliis
1621 3572 1813 3611 corru-

180 3652 314 3724 ptis.

1844 2259 1901 2330 Β
2000 2247 2083 2299 12.
2130 2245 2209 2300 De
2254 2243 2342 2298 his
2392 2245 2491 2316 qui
2536 2249 2668 2301 ante
2713 2245 3059 2316 baptismum
3103 2242 3558 2302 sacriﬁcaverunt

1925 2337 2112 2393 idolis.

1998 2434 2082 2486 13.
2107 2432 2187 2486 De
2215 2431 2580 2503 coepiscopis.

1993 2525 2079 2579 14.
2115 2524 2190 2578 De
2218 2524 2557 2594 presbyteris
2582 2541 2615 2578 a
2644 2539 2814 2579 carne
2839 2541 2897 2579 se
2923 2524 3360 2582 abstinentibus.

1998 2620 2082 2672 15.
2137 2617 2261 2672 Νοη
2323 2616 2533 2672 debere
2583 2616 2943 2688 presbyteros
3007 2620 3385 2680 ecclesiastica
3421 2621 3552 2692 jura

1922 2711 2188 2766 vendere.
2432 2718 2438 2723 '

1997 2806 2082 2858 16.
2113 2805 2193 2858 De
2217 2802 2304 2858 his
2331 2803 2430 2874 qui
2465 2802 2930 2858 irrationabiliter
2956 2802 3235 2860 vixerunt.

1995 2901 2079 2952 17.
2108 2899 2188 2952 De
2217 2897 2306 2951 his
2336 2896 2434 2968 qui
2464 2895 2610 2950 sicut
2633 2897 2792 2950 muta
2820 2895 3097 2952 animalia
3122 2897 3408 2957 vixerunt.

1998 2993 2082 3047 18.
2114 2993 2188 3046 De
2217 2991 2491 3063 episcOpis
2519 2991 2617 3064 qui
2649 2990 2896 3047 ordinati
2922 3008 3040 3047 non
3070 2994 3477 3067 suscipiuntur.

1993 3089 2076 3142 19.
2110 3087 2188 3140 De
2215 3085 2303 3139 his
2330 3084 2427 3156 qui
2455 3084 2845 3156 virginitatem
2871 3085 3230 3157 proﬁtentur.

1992 3182 2078 3235 20.
2112 3181 2190 3234 De
2217 3178 2506 3233 adulteris.

1987 3277 2076 3328 21.
2142 3274 2217 3326 De
2267 3270 2604 3327 mulieribus
2651 3289 2780 3345 qua
2831 3271 3123 3330 fornicata
3180 3278 3373 3346 partus
3422 3294 3550 3335 suos

1914 3369 2143 3422 necant.
2778 3365 2780 3367 ’

1986 3464 2072 3517 22.
2108 3460 2182 3515 De
2213 3459 2301 3514 his
2327 3459 2424 3530 qui
2453 3459 2703 3514 volentes
2731 3459 3104 3516 homicidium
3129 3462 3406 3520 fecerunt.

1985 3558 2074 3611 23.
2103 3555 2180 3609 De
2205 3553 2295 3609 his
2323 3551 2421 3624 qui
2451 3569 2612 3607 more
2642 3552 2944 3624 gentilium
2967 3555 3183 3610 vivunt.

1983 3651 2074 3705 24.
2104 3649 2184 3704 De
2213 3665 2280 3704 eo
2306 3647 2404 3719 qui
2433 3663 2686 3703 sororem
2711 3663 2939 3718 sponsa
2965 3664 3082 3704 sua
3111 3650 3346 3707 vitiavit.

844 3965 851 3968 .
934 3900 1049 3978 61
1115 3910 1462 3983 INCIPIT
1543 3906 2070 3982 CONGILIUM
2147 3903 2784 3981 ANCYRANUM.

1549 4054 1729 4122 (Anno
1763 4051 1990 4108 Domini
2023 4053 2170 4124 600.)

245 4206 338 4260 Isti
382 4204 621 4276 quidem
664 4219 929 4271 canones,
978 4219 1076 4259 seu
1123 4205 1367 4276 regula,
1413 4203 1631 4276 priores
1676 4209 1883 4284 suntC
1907 4205 2048 4277 pria
2075 4204 2347 4274 retinere,
2389 4201 2594 4258 oﬁ'erre
2633 4207 2826 4258 autem
2867 4200 2976 4258 illis
3017 4204 3074 4258 et
3111 4219 3439 4261 sermonem
3469 4205 3540 4261 ad

180 4299 438 4366 Nicanis,
459 4298 561 4352 sed
577 4297 706 4352 ideo
726 4296 938 4351 Nicani
959 4313 1208 4353 canones
1228 4299 1450 4369 priores
1466 4299 1808 4369 scribuntur,
1844 4304 1851 4310 '

177 4398 415 4464 propter
443 4391 844 4446 auctoritatem
869 4391 1070 4462 magni
1106 4395 1164 4444 et
1204 4393 1384 4448 sancti
1421 4392 1639 4448 concilii
1661 4392 1812 4464 apud

179 4486 420 4541 Nicaam
451 4485 649 4540 habiti.

245 4581 653 4634 Convenerunt
677 4583 865 4634 autem
893 4578 955 4633 in
975 4579 1261 4651 synodum
1279 4583 1682 4651 memoratam,
1704 4581 1814 4635 An-

179 4689 373 4743 cyram
401 4671 706 4740 civitatem,
739 4671 797 4726 hi
824 4672 922 4744 qui
966 4673 1119 4728 infra
1156 4673 1349 4745 scripti
1393 4677 1545 4740 sunt,
1581 4674 1810 4729 Marcel-

181 4768 263 4822 lus
288 4769 646 4838 Ancyranns,
663 4765 994 4837 Agricolaus
1012 4767 1393 4835 Casariensis,
1414 4767 1603 4837 Lupus
1632 4767 1810 4822 Thar-

181 4861 373 4930 sensis,
433 4860 639 4916 Vitalio
694 4861 1108 4930 Antiochensis,
1174 4861 1409 4916 Basilius
1472 4862 1808 4930 Amasenus,

181 4953 580 5025 Philadelphus
601 4955 1058 5027 Juliopolitanus,
1088 4954 1348 5011 Testulus
1367 4953 1809 5024 Nicomedensis,

175 5047 468 5102 Heraclius
515 5049 862 5119 Zolonensis,
913 5051 1113 5105 Petrus
1159 5048 1485 5117 lconiensis,
1528 5048 1811 5105 Munecius

178 5139 553 5210 Laodicensis,
581 5141 896 5214 Pergianus
923 5143 1330 5198 Antiochanus
1346 5141 1634 5211 Phisidia,
1663 5142 1804 5197 Nar-

176 5233 348 5290 cissus
372 5234 755 5292 Nerodiensis.

243 5331 372 5385 CAP.
404 5329 446 5384 Ι.
479 5328 862 5401 Presbyteros,
903 5331 1000 5403 qui
1039 5331 1478 5387 immolaverunt
1514 5335 1572 5387 et
1611 5335 1812 5404 postea

176 5422 383 5478 iterum
410 5427 697 5478 certamen
725 5424 996 5495 inierunt,
1038 5425 1085 5479 si
1115 5426 1226 5481 hoc
1262 5426 1450 5497 ipsum
1490 5442 1562 5480 ex
1593 5425 1727 5494 ﬁde,
1755 5429 1812 5480 et

173 5530 289 5572 non
317 5517 509 5589 aliquo
536 5524 882 5589 argumento
903 5518 1130 5575 sibimet
1147 5522 1518 5591 preparantes
1540 5522 1804 5591 egerunt,

1910 4299 2192 4371 papulum
2217 4298 2424 4366 facere,
2455 4299 2554 4352 aut
2574 4296 2860 4368 aliquibus
2877 4296 3322 4354 sacerdotalibus
3343 4299 3542 4355 ofﬁciis

1908 4391 2074 4463 fungi
2101 4407 2220 4446 non
2247 4389 2434 4444 liceat.
2894 4437 2912 4452 ,

1982 4485 2047 4538 ιι.
2084 4483 2354 4539 Diacones
2394 4482 2679 4554 similiter,
2719 4483 2816 4555 qui
2855 4482 3314 4552 immolaverunt,
3340 4489 3542 4557 postea

1909 4581 2103 4632 autem
2129 4577 2342 4632 iterum
2383 4577 2643 4632 reluctati
2689 4580 2841 4644 sunt,
2883 4576 3006 4631 illos
3049 4577 3282 4648 quidem
3320 4577 3540 4634 honore

1911 4688 2102 4728 carere
2129 4674 2355 4743 oportet
2395 4687 2617 4725 cessare
2656 4686 2789 4725 vero
2830 4669 3037 4725 debere
3078 4670 3148 4724 ab
3191 4670 3349 4724 omni
3386 4687 3542 4725 sacro

1910 4765 2248 4833 ministerio,
2274 4765 2350 4820 ita
2375 4767 2442 4818 ut
2469 4779 2577 4818 nec
2616 4779 2829 4835 panem
2861 4779 2963 4818 nec
2998 4763 3235 4818 calicem
3278 4763 3540 4836 offerant,

1913 4877 2016 4915 nec
2044 4859 2442 4931 pronuntient,
2471 4855 2581 4913 nisi
2612 4857 2758 4912 forte
2782 4855 2958 4929 aliqui
2982 4855 3382 4929 episcoporum
3413 4874 3544 4913 con-

1911 4953 2010 5009 scii
2038 4953 2151 5008 sint
2177 4953 2387 5008 laboris
2413 4967 2616 5008 eorum
2655 4956 2712 5007 et
2735 4949 3099 5019 humilitatis,
3133 4954 3191 5006 et
3217 4957 3543 5010 mansuetu-

1912 5047 2080 5116 dinis,
2108 5053 2165 5104 et
2191 5045 2473 5103 voluerint
2502 5045 2584 5100 eis
2627 5045 2843 5116 aliquid
2881 5043 3125 5115 amplius
3163 5045 3417 5103 tribuere
3455 5049 3544 5103 vel

1911 5140 2186 5212 adimere,
2216 5158 2396 5213 penes
2421 5139 2572 5212 ipsos
2602 5155 2740 5211 ergo
2769 5137 2840 5193 de
2866 5137 2956 5192 his
2980 5137 3088 5194 erit
3105 5143 3375 5211 potestas.

1982 5237 2075 5293 Ill.
2101 5235 2209 5300 Qui
2251 5233 2534 5307 fugientes
2578 5233 2780 5288 timore
2815 5232 3246 5304 persecutionis,
3280 5251 3541 5308 compre-

1909 5330 2072 5385 hensi
2099 5331 2250 5398 sunt,
2278 5328 2364 5383 vel
2392 5345 2426 5382 a
2463 5326 2840 5383 familiaribus
2877 5342 2978 5382 seu
3013 5343 3047 5381 a
3079 5326 3402 5384 domesticis
3429 5333 3540 5385 tra-

1911 5423 2038 5493 diti,
2064 5428 2121 5480 et
2139 5423 2228 5478 vel
2252 5423 2403 5478 bona
2435 5420 2666 5493 propria
2684 5420 3020 5492 amiserunt,
3042 5422 3129 5477 vel
3157 5423 3546 5480 sustinuerunt

1911 5521 2216 5585 tormenta,
2251 5516 2340 5572 vel
2370 5515 2546 5571 etiam
2587 5514 2905 5570 carceribus
2940 5515 3144 5571 inclusi
3180 5522 3330 5574 sunt.
3365 5519 3431 5572 Et
3464 5521 3544 5571 ta-

175 5616 234 5666 ut
262 5588 476 5666 iterum
517 5588 697 5666 teneri
734 5612 1084 5683 viderentur,
1130 5615 1230 5689 aut
1271 5613 1570 5669 tormentis
1605 5611 1808 5684 subjici
1826 5588 1885 5661 D
1907 5629 2042 5669 men
2072 5611 2561 5684 proclamaverunt
2580 5626 2638 5666 se
2657 5625 2778 5666 esse
2801 5609 3169 5682 Christianos,
3191 5611 3329 5684 quin
3346 5609 3538 5681 etiam,

171 5705 446 5776 putentur
473 5707 751 5778 tanquam
777 5705 959 5775 inviti,
987 5705 1033 5761 si
1055 5723 1126 5762 ex
1151 5706 1266 5762 fide
1292 5723 1428 5779 ergo
1455 5707 1652 5763 luctati
1676 5708 1810 5762 sunt
1906 5707 2309 5780 perseverante
2357 5702 2648 5773 violentia,
2690 5705 2764 5761 ad
2803 5703 2865 5760 id
2903 5721 3079 5778 usque
3116 5703 3371 5776 perducti
3408 5706 3540 5758 sunt

170 5801 226 5853 et
251 5813 370 5854 non
398 5815 472 5854 ex
502 5801 818 5872 compacto,
849 5800 923 5857 ad
941 5801 1404 5870 ostentationem,
1439 5805 1506 5856 ut
1535 5800 1810 5856 offerrent

170 5891 275 5966 ipsi
298 5893 582 5965 fecerunt,
603 5894 709 5950 hos
727 5893 940 5968 placuit
959 5895 1242 5952 honorem
1265 5895 1498 5970 quidem
1512 5895 1658 5952 sedis
1677 5911 1806 5969 pro-

1911 5805 1972 5857 ut
2001 5814 2205 5856 manus
2229 5814 2432 5855 eorum
2458 5799 2862 5871 apprehensas,
2893 5802 2950 5854 et
2975 5797 3250 5853 violenter
3275 5799 3538 5852 attrectas

1909 5912 2080 5968 super
2100 5893 2368 5950 sacriﬁcia
2386 5890 2774 5966 imponerent,
2798 5891 2909 5947 illis
2937 5890 3150 5946 scilicet
3174 5905 3538 5962 perseveran-
