4058 6338
517 364 617 416 263

1415 357 1696 413 APPEND.
1740 356 1825 411 AD
1865 354 2027 411 S/EC.
2070 353 2159 409 IX.
2187 383 2256 393 —
2292 352 2540 408 ISlDORl
2577 351 2998 409 MERCATORIS

3773 349 3866 402 264

514 468 662 522 tibus
688 466 746 521 in
776 466 910 535 fide,
958 470 1015 521 et
1058 465 1406 522 Christianos
1442 481 1500 520 se
1528 480 1650 519 esse
1677 463 2138 532 vociferantibus,
2163 461 2432 547 Aminus
2478 462 2674 532 epulas
2720 460 2934 514 ibidem
2983 460 3351 530 portaverunt
3382 459 3440 511 et
3478 453 3867 522 comederunt,

512 561 624 615 hoc
648 577 784 631 ergo
810 560 962 632 quod
987 561 1066 615 eis
1101 559 1294 615 invitis
1338 562 1394 614 et
1427 557 1549 612 aliis
1592 557 1932 628 cogentibus
1965 555 2142 612 conti-

514 653 618 724 git,
650 654 697 708 si
723 655 874 709 luctu
901 658 958 709 et
976 669 1217 709 mmrore
1238 651 1410 707 animi
1437 651 1639 706 acerbe
1664 667 1722 706 se
1741 651 1887 706 ferre
1909 650 2144 705 demon-

509 751 708 815 strant,
749 746 970 819 ipsique
1014 746 1215 802 humili
1255 763 1358 816 per
1395 745 1604 800 bonam
1653 743 2137 799 conversationem

510 839 709 894 habitu
733 839 1056 895 incedentes
1085 840 1272 894 dolere
1313 855 1372 894 se
1411 838 1566 911 quod
1607 837 1770 892 inviti
1802 837 1978 891 coacti
2006 841 2140 892 sunt

509 932 765 1000 doceant,
791 933 895 987 hos
914 937 1189 1004 tanquam
1209 932 1529 1003 inculpatos
1549 948 1584 986 a
1601 929 2003 985 communione
2019 946 2137 985 non

507 1026 701 1081 vetari.
725 1026 779 1081 Si
807 1029 995 1081 autem
1005 1026 1124 1096 jam
1139 1025 1414 1097 prohibiti
1428 1024 1973 1095 suntabaliquibusa
1987 1039 2136 1078 com-

506 1118 780 1174 munione
803 1119 1039 1190 majoris
1072 1119 1389 1190 diligentiae
1412 1116 1795 1189 inquisitionis
1824 1133 2008 1184 causa,
2038 1119 2137 1171 aut

502 1228 608 1284 per
631 1212 949 1284 aliquorum
987 1211 1375 1284 ignorantiam
1416 1211 1604 1266 statim
1642 1210 1821 1282 recipi
1851 1215 2128 1281 oportere,

503 1305 610 1359 hoc
637 1308 832 1360 autem
875 1305 1158 1360 observari
1200 1307 1446 1377 oportet,
1494 1308 1553 1359 et
1595 1304 1664 1359 de
1707 1303 1921 1359 clericis
1965 1311 2022 1357 et
2060 1303 2132 1358 de

500 1398 658 1453 laicis
687 1398 970 1454 omnibus.
1004 1399 1198 1453 Laicos
1229 1414 1363 1452 sane
1393 1398 1491 1470 qui
1521 1398 1581 1452 in
1613 1397 1854 1452 similem
1884 1397 2130 1452 necessi-

501 1491 630 1547 tatis
654 1507 882 1547 causam
910 1491 1252 1562 inciderunt,
1285 1495 1567 1563 tanquam
1610 1490 1653 1545 si
1680 1491 1826 1546 nihil
1863 1507 2128 1562 peccave-

500 1581 638 1648 rint,
662 1580 907 1636 maxime
949 1581 996 1635 si
1026 1597 1119 1637 eos
1155 1581 1459 1652 probabilis
1502 1580 1616 1635 vita
1654 1580 2032 1647 commendet,
2059 1580 2131 1633 ad

499 1673 912 1729 ordinationem
949 1674 1124 1745 recipi
1144 1675 1372 1745 placuit.
1399 1695 1421 1778 Ι

2241 554 2458 626 placuit
2488 558 2548 608 ut
2573 558 2698 625 post
2723 551 2938 607 biennii
2968 551 3212 623 pceniten

2240 652 2436 703 tamen
2466 652 2659 702 utrum
2687 651 2786 702 aut
2809 662 2939 701 cum
2971 643 3250 700 oblatione

2241 741 2312 796 ad
2337 741 2516 795 solam
2545 739 3009 795 communionem
3046 737 3274 793 admitti

2241 851 2350 906 que
2378 835 2774 906 episcoporum
2801 832 3085 888 examinet
3108 831 3282 886 vitam

2236 929 2314 982 ita
2339 944 2402 982 ac
2431 927 2734 999 prazsentia
2754 926 2950 982 habita
2977 925 3319 980 considerat.

2306 1022 2444 1076 VIII.
2475 1020 2538 1075 Hi
2568 1025 2761 1076 autem
2793 1019 2892 1090 qui
2922 1017 3172 1074 secundo
3198 1018 3285 1072 vel
3327 1021 3403 1071 te.

2234 1119 2369 1169 runt
2396 1113 2450 1168 vi
2495 1113 2687 1183 coacti,
2721 1116 2966 1185 quatuor
3016 1111 3182 1167 annis
3213 1127 3332 1167 sese
3373 1110 3446 1164 ad
3473 1126 3493 1181 ι

2234 1207 2590 1275 submittant,
2621 1207 2842 1262 duobus
2867 1212 3062 1261 autem
3087 1205 3209 1260 aliis
3250 1204 3371 1259 sine
3395 1203 3522 1258 obla

2231 1301 2548 1368 municent,
2607 1301 2846 1373 septimo
2902 1317 3052 1355 anno
3113 1297 3522 1371 perfectionem

2233 1394 2677 1450 communionis.
3578 1394 3588 1480 ι
3802 1394 3810 1480 1
3871 1439 3877 1480 ,

2303 1490 2390 1544 IX.
2424 1487 2720 1559 Quotquot
2755 1488 2950 1541 autem
2985 1502 3102 1540 non
3132 1484 3313 1539 solum
3348 1501 3381 1538 a
3419 1484 3525 1539 ﬁde
3582 1484 3590 1564 |
3781 1484 3833 1564 χιχ

2303 1490 2390 1544 ΙΧ.
2424 1487 2720 1559 Quotquot
2755 1488 2950 1541 autem
2985 1502 3102 1540 non
3132 1484 3313 1539 solum
3348 1501 3381 1538 a
3419 1484 3525 1539 ﬁde
3582 1483 3590 1650 1
3764 1483 3898 1650 XL

2231 1580 2544 1649 deviarunt,
2589 1581 2688 1635 sed
2724 1581 2898 1635 etiam
2937 1579 3366 1634 insurrexerunt
3406 1577 3463 1631 in
3609 1640 3620 1650 ζ
3697 1625 3753 1650 η
3835 1579 3852 1626 .’
3886 1633 3897 1637 -

2233 1625 2544 1649 ..-....-....-,
2589 1625 2688 1635 ,νυ
2726 1625 2898 1635 ---.....
2937 1625 3365 1634 ...πηνπηηη
3406 1625 3463 1631 ---
3697 1625 3708 1644 ,

2228 1675 2407 1730 tribus
2446 1679 2868 1746 persuaserunt,
2909 1676 2966 1727 et
3004 1673 3084 1728 rei
3124 1672 3256 1728 facti
3281 1672 3412 1726 sunt

2228 1768 2284 1804 Ἰτί
2306 1785 2408 1804 non
2424 1769 2731 1804 trior-inium
2749 1767 2979 1804 nuit-inm
2997 1762 3484 1804 inlnrnnfanhnnri

3453 1762 3484 1803 Η

3611 862 3916 1050 LW

571 1769 656 1822 IV.
690 1769 768 1822 De
793 1768 903 1836 his,
929 1767 1029 1839 qui
1075 1766 1593 1823 sacriﬁcare'coacti
1619 1771 1770 1835 sunt,
1811 1767 2040 1838 insuper
2068 1767 2128 1822 in
2227 1768 2289 1822 hi
2306 1785 2408 1840 per
2424 1769 2735 1824 triennium
2749 1767 3145 1839 quideminter
3159 1766 3481 1859 catechung

497 1861 725 1932 templis
755 1861 1036 1916 idolorum
1077 1867 1459 1929 caanaverunt,
1501 1861 1546 1915 si
1603 1861 1701 1932 qui
1751 1877 1949 1916 eorum
1994 1877 2125 1915 cum
2145 1848 2203 1920 B
2225 1865 2339 1927 tur,
2362 1879 2466 1933 per
2479 1862 2632 1917 aliud
2652 1864 2844 1916 autem
2860 1861 3195 1916 sexennium
3213 1860 3436 1931 paenitet

493 1954 694 2009 habitu
721 1954 956 2010 cultiore
989 1955 1060 2010 ad
1085 1955 1297 2025 templa
1335 1953 1605 2026 producti
1649 1958 1800 2021 sunt,
1844 1957 2017 2024 atque
2047 1953 2124 2008 ibi

492 2047 818 2120 pretiosiori
841 2052 993 2103 veste
1033 2048 1218 2103 adhuc
1251 2051 1474 2102 mutata
1498 2063 1675 2103 coenas
1705 2048 2005 2118 participes
2037 2049 2121 2101 fa-

493 2141 567 2195 cti
597 2145 748 2208 sunt,
777 2140 1061 2196 idolorum
1090 2140 1481 2197 indifferenter
1501 2146 1789 2196 sumentes
1812 2141 2006 2194 omnia
2025 2141 2122 2212 qui

491 2235 720 2290 fuerant
745 2235 1019 2306 apposita,
1053 2234 1264 2306 placuit
1301 2235 1452 2289 inter
1493 2233 1782 2290 audientes
1810 2250 1928 2289 uno
1972 2250 2123 2289 anno

491 2328 779 2397 constitui,
820 2327 1001 2382 tribus
1047 2333 1240 2383 autem
1283 2328 1409 2382 aliis
1436 2327 1601 2383 annis
1629 2344 1797 2398 agere
1837 2328 2118 2399 pceniten-

491 2422 652 2492 tiam,
681 2420 784 2475 sed
805 2437 873 2477 ex
889 2422 1011 2492 ipso
1031 2421 1258 2476 trienno
1283 2438 1390 2492 per
1406 2421 1706 2476 biennium
1723 2421 2120 2477 tantummodo

490 2513 736 2572 orationi
773 2515 1218 2585 communicare,
1247 2514 1417 2569 tertio
1453 2518 1644 2570 autem
1680 2531 1832 2570 anno
1862 2515 2116 2570 reconci-

487 2609 625 2666 liare
645 2609 1038 2664 sacramentis.

557 2704 617 2756 V.
645 2703 929 2774 Quotquot
956 2705 1148 2756 autem
1167 2702 1547 2757 ascenderunt
1564 2702 1778 2774 templa
1803 2718 1932 2757 cum
1961 2705 2117 2758 veste

486 2796 737 2867 lugubri,
773 2800 829 2850 et
855 2795 1249 2850 recumbentes
1274 2795 1423 2849 inter
1459 2794 1602 2849 alios
1641 2796 2116 2850 manducaverint

487 2891 706 2959 ﬂentes,
735 2889 782 2943 si
803 2887 1211 2959 compleverint
1227 2887 1624 2959 pmnitentiam
1640 2889 1872 2943 triennii
1897 2894 2117 2961 tempo-

485 2984 582 3052 ris,
605 2981 727 3037 sine
747 2981 1031 3037 oblatione
1049 2981 1431 3054 suscipientur
1449 2981 1525 3036 ad
1551 2982 2031 3051 communionem,
2055 2984 2115 3038 id

485 3081 571 3131 est
595 3079 662 3131 ut
697 3074 804 3147 ipsi
839 3074 1185 3130 oblationem
1225 3091 1343 3129 non
1376 3073 1640 3130 offerant.
1669 3075 1725 3131 Si
1750 3081 1942 3131 autem
1980 3093 2110 3149 per-

485 3167 638 3224 ducti
651 3168 724 3223 ad
735 3170 952 3240 templa
968 3185 1082 3224 non
1102 3168 1832 3237 munducaverint,biennio
1845 3175 2115 3226 maneant

489 3217 724 3224 ﬂ---"
740 3217 951 3240 απτ--
968 3217 1082 3224 -,--
1103 3217 1413 3224 __--__-_.
1433 3217 1829 3237 --__-,_--....--
1845 3217 2115 3226 ---..-------

482 3263 540 3316 in
575 3261 928 3334 poenitentia.
973 3261 1159 3317 Tertio
1203 3279 1335 3317 vero
1371 3263 1809 3335 communicent,
1854 3264 1952 3319 sed
1991 3265 2110 3320 sine
2133 3217 2188 3294 C

481 3356 784 3424 oblatione,
817 3361 879 3410 ut
907 3355 1123 3410 dictum
1153 3361 1255 3420 est,
1283 3356 1343 3411 in
1381 3362 1586 3428 quarto
1617 3357 1739 3428 jam
1783 3374 1933 3414 anno
1974 3375 2105 3430 per-

478 3450 782 3507 fectionem
817 3466 978 3506 suam
1013 3450 1305 3522 recipiant.
1346 3451 1686 3522 Episcopum
1734 3457 1927 3507 autem
1957 3452 2108 3508 hanc

477 3545 687 3601 habere
718 3545 1005 3600 licentiam
1038 3547 1279 3616 oportet,
1309 3549 1374 3599 ut
1393 3561 1497 3616 pro
1529 3545 1618 3600 his
1647 3551 1877 3616 peccata
1906 3546 2103 3618 singu-

475 3640 664 3700 lorum
691 3639 1027 3709 consideret,
1059 3644 1114 3694 et
1141 3643 1310 3711 prout
1344 3638 1550 3693 viderit
1591 3640 2103 3709 conversationem,

475 3753 759 3805 normam,
802 3737 1179 3808 regulamque
1230 3737 1678 3792 conversationis
1724 3737 2014 3806 attribuat,
2048 3738 2106 3792 id

477 3834 578 3898 est,
609 3835 675 3886 ut
699 3829 1006 3883 humanius
1031 3845 1208 3900 agens
1227 3831 1535 3884 secundum
1560 3830 1690 3884 vita
1709 3830 1943 3886 modum
1965 3834 2105 3885 tem-

477 3940 580 3995 pus
606 3922 772 3978 alicui
816 3921 1095 3991 breviare,
1136 3927 1234 3978 aut
1273 3921 1444 3978 etiam
1490 3922 1762 3992 prolixius
1787 3924 1937 3995 quod
1977 3941 2099 3980 cor-

475 4014 747 4072 rectionis
790 4015 1173 4071 necessarium
1217 4015 1453 4082 viderit,
1490 4015 1720 4086 addere.
1762 4017 2101 4074 Discutiatur

473 4115 670 4166 autem
691 4109 953 4165 omnium
980 4109 1203 4177 horum,
1232 4112 1290 4164 et
1317 4110 1640 4182 praecedens
1663 4110 1798 4181 vita,
1828 4115 1885 4166 et
1911 4117 2096 4183 poste-

472 4201 610 4272 rior,
645 4208 700 4259 et
729 4202 804 4259 ita
825 4203 974 4258 circa
997 4219 1095 4258 eos
1140 4204 1496 4260 sacerdotalis
1543 4205 1871 4260 humanitas
1903 4207 2101 4262 mode-

474 4301 650 4354 retur.

543 4394 624 4448 VI.
653 4393 728 4448 De
755 4391 842 4447 his
868 4390 964 4463 qui
989 4390 1160 4446 minis
1193 4395 1422 4448 tantum
1456 4393 1744 4463 cesserint,
1777 4399 1876 4449 aut
1914 4393 2094 4450 bono-

471 4497 598 4540 rum
625 4480 930 4549 oblatione,
975 4483 1074 4536 aut
1103 4482 1599 4552 transportationis
1636 4499 1803 4554 poena
1841 4485 2097 4540 deterriti

2223 1952 2434 2026 locum,
2467 1955 2574 2010 alio
2589 1970 2722 2009 vero
2744 1971 2917 2021 anno,
2941 1954 2996 2008 id
3017 1959 3102 2008 est
3118 1953 3358 2022 decimo,
3395 1980 3417 2014 η

2223 2048 2344 2102 sine
2377 2047 2664 2103 oblatione
2688 2047 2962 2119 recipiant
2994 2051 3056 2100 ut
3087 2047 3353 2117 complet,
3380 2027 3411 2126 ἓ

2220 2141 2466 2197 factione
2495 2140 2778 2196 fruantur.
2808 2139 2943 2196 ldeo
2986 2143 3178 2194 autem
3217 2140 3272 2210 ip
3317 2139 3354 2229 tm”
3383 2136 3423 2234 ς

2220 2235 2334 2291 vita
2365 2252 2562 2291 eorum
2593 2237 2651 2289 et
2675 2234 3030 2290 conversatio
3057 2232 3246 2288 consid

2292 2331 2356 2385 X.
2387 2330 2466 2384 De
2497 2328 2764 2398 diaconis,
2806 2328 3130 2399 quicunque
3171 2344 3227 2381 et
3261 2307 3268 2333 ¹

2219 2421 2344 2494 ipsa
2388 2423 2744 2478 ordinatione
2787 2421 3077 2493 protestati
3124 2437 3212 2474 ειη
3255 2414 3262 2440 ¹

2218 2516 2427 2572 habere
2455 2532 2680 2586 uxores,
2709 2532 2816 2571 nec
2847 2532 3012 2587 posse
3045 2531 3102 2570 se
3129 2531 3221 2570 cor
3249 2521 3256 2548 '

2216 2609 2290 2664 ad
2317 2610 2544 2682 nuptias
2561 2610 2842 2678 venerint,
2865 2614 3135 2664 maneant
3152 2609 3212 2662 in
3243 2627 3250 2655 ι

2218 2719 2283 2758 ea
2311 2704 2463 2775 quod
2489 2703 2575 2758 his
2603 2703 2899 2775 episcopus
2925 2701 3214 2757 licentiam

2216 2812 2350 2852 sane
2369 2801 2682 2865 tacuerunt,
2707 2801 2763 2851 et
2782 2799 3149 2867 susceperunt
3168 2769 3244 2862 ml

2213 2891 2450 2962 professi
2485 2891 2915 2959 continentiam,
2959 2889 3005 2944 si
3040 2892 3236 2961 postea

2215 2985 2426 3056 nerint,
2455 3001 2489 3039 a
2517 2984 2833 3040 ministerio
2860 2998 3075 3039 cessare
3107 2982 3417 3038 debebunt.

2283 3080 2373 3135 ΧΙ.
2419 3079 2789 3151 Desponsatas
2831 3079 3069 3150 puellas,
3120 3082 3177 3133 et
3209 3081 3405 3149 postea
3441 3077 3513 3132 ab
3553 3078 3679 3133 aliis
3735 3094 3862 3134 cor-

2213 3178 2427 3244 ruptas,
2453 3173 2664 3244 placuit
2688 3173 2830 3240 erui,
2860 3177 2917 3228 et
2945 3171 3035 3226 his
3065 3171 3225 3226 reddi
3253 3171 3463 3243 quibus
3490 3172 3721 3227 fuerant
3751 3173 3858 3227 de-

2213 3269 2515 3340 sponsatas,
2571 3267 2745 3322 etiam
2786 3265 2832 3320 si
2860 3282 2952 3321 eas
2980 3282 3014 3320 a
3039 3265 3356 3337 raptoribus
3381 3264 3586 3320 ﬂorem
3612 3265 3860 3337 pudoris

2211 3360 2464 3416 amisisse
2493 3360 2829 3416 constiterit.

2277 3455 2386 3509 XII.
2401 3456 2526 3524 Eos,
2547 3454 2788 3526 quiante
2803 3451 3154 3525 baptismum
3174 3451 3634 3507 sacriﬁcaverunt
3653 3452 3854 3519 idolis,

2209 3551 2266 3602 et
2284 3550 2482 3620 postea
2501 3547 2847 3619 baptismum
2873 3547 3162 3602 consecuti
3194 3549 3346 3616 sunt,
3364 3547 3584 3618 placuit
3604 3547 3677 3602 ad
3699 3547 3857 3602 ordi-

2205 3658 2339 3696 nem
2370 3642 2716 3714 promoveri,
2741 3645 3020 3713 tanquam
3057 3641 3127 3695 ab
3169 3640 3326 3695 omni
3362 3639 3604 3695 crimine
3629 3641 3856 3696 lavacri

2206 3735 2463 3790 salutaris
2494 3735 2935 3791 sanctificatione
2965 3738 3257 3807 purgatos.

2274 3831 2408 3885 XIII.
2442 3828 2670 3884 Vicariis
2694 3829 3085 3901 episcoporum
3107 3834 3266 3901 (quos
3279 3827 3456 3884 Graeci
3470 3828 3856 3903 coepiscopos

2202 3923 2424 3994 vocant)
2472 3939 2590 3978 non
2639 3922 2829 3993 licere,
2877 3925 2966 3978 vel
3006 3923 3382 3994 presbyteros,
3427 3923 3516 3976 vel
3571 3923 3854 3979 diaconos

2202 4017 2485 4072 ordinare.
2514 4017 2626 4072 Sed
2650 4033 2754 4073 nec
2780 4016 3123 4089 presbyteris
3153 4016 3392 4071 civitatis
3432 4016 3552 4071 sine
3580 4016 3851 4089 episcopi

2202 4116 2485 4183 praecepto
2516 4110 2733 4182 aliquid
2771 4111 3074 4182 imperare,
3102 4126 3207 4164 nec
3237 4109 3360 4164 sine
3389 4110 3723 4166 auctoritate
3744 4111 3852 4166 lit-

2198 4210 2452 4261 terarum
2482 4205 2603 4275 ejus
2628 4205 2687 4258 in
2708 4219 3044 4276 unaquaque
3069 4203 3334 4275 parochia
3360 4203 3573 4275 aliquid
3597 4221 3804 4275 agere.

2269 4299 2399 4354 XIV.
2423 4298 2500 4352 De
2518 4297 2604 4351 his
2623 4298 2720 4368 qui
2736 4298 2796 4352 in
2813 4298 2963 4352 clero
2982 4302 3112 4351 sunt
3138 4296 3451 4367 presbyteri
3480 4296 3565 4350 vel
3587 4297 3845 4366 diaconi,

2197 4395 2255 4446 et
2278 4392 2561 4448 abstinent
2586 4409 2644 4447 se
2671 4409 2704 4447 a
2732 4391 3018 4461 carnibus,
3044 4391 3150 4445 hoc
3176 4390 3389 4462 placuit
3413 4391 3604 4458 statui,
3626 4395 3695 4444 ut
3717 4408 3849 4446 non

2196 4503 2288 4541 eas
2330 4490 2606 4557 tanquam
2650 4485 2977 4540 immundas
3020 4488 3408 4552 contemnant,
3458 4484 3556 4538 sed
3610 4485 3850 4540 contin-

3669 2133 3713 2178 (Ἰ

3671 2238 3713 2284 O

3667 2345 3710 2394 C.‘

3659 2452 3702 2496 βυ

3655 2557 3698 2604 t-l

3651 2665 3694 2707 [ι]

3645 2771 3690 2812 ω

3643 2875 3688 2922 ν<

469 4573 939 4643 sacriﬁcaverunt,
963 4578 1022 4629 et
1047 4591 1198 4628 nunc
1233 4592 1411 4647 usque
1441 4591 1558 4630 non
1581 4578 1968 4648 poenituerunt
1993 4594 2094 4634 ne-
2114 4594 2174 4666 D
2198 4583 2358 4650 gant.
2402 4584 2447 4634 A
2494 4579 2702 4651 quibus
2744 4580 2998 4651 quidem,
3035 4578 3133 4650 qui
3172 4595 3229 4634 se
3275 4577 3557 4632 abstinere
3607 4579 3844 4649 volunt,

468 4684 578 4745 que
623 4670 878 4726 conversi
932 4673 1081 4737 sunt,
1131 4668 1304 4724 modo
1337 4671 1552 4738 autem,
1592 4671 1649 4726 id
1693 4677 1796 4738 est,
1841 4676 2095 4744 tempore

466 4764 637 4836 hujus
663 4763 882 4837 synodi,
915 4779 974 4818 se
1008 4763 1336 4818 obtulerunt
1361 4763 1742 4819 conversionis
1769 4782 1883 4821 suae
1905 4767 2092 4821 consi-

464 4857 606 4914 lium
634 4858 937 4929 capientes,
965 4855 1181 4928 placuit
1212 4872 1308 4910 eos
1334 4873 1512 4928 usque
1541 4858 1614 4912 ad
1639 4875 1913 4929 magnum
1943 4860 2092 4915 diem

464 4953 614 5007 inter
654 4950 948 5005 audientes
988 4949 1213 5021 suscipi,
1257 4950 1652 5021 paenitentiam
1690 4957 1883 5008 autem
1923 4970 2093 5026 agere

465 5043 732 5112 triennio,
779 5045 835 5098 et
877 5045 1006 5114 post
1035 5044 1177 5098 duos
1222 5043 1360 5098 alios
1408 5060 1590 5100 annos
1631 5046 1751 5102 sine
1805 5047 2091 5103 oblatione

465 5135 911 5204 communicare,
945 5141 999 5191 et
1024 5137 1102 5192 ita
1130 5138 1362 5195 demum
1388 5156 1483 5195 sex
1513 5140 1675 5196 annis
1699 5141 1996 5212 completis
2019 5142 2090 5197 ad

466 5233 781 5305 perfectum
812 5232 1123 5303 pervenire.
1156 5233 1314 5297 Quod
1347 5233 1393 5288 si
1423 5233 1601 5306 aliqui
1646 5238 1779 5290 ante
1816 5235 1921 5290 hoc
1951 5251 2087 5290 con-

463 5326 659 5383 cilium
689 5325 932 5398 suscepti
963 5331 1095 5381 sunt
1119 5327 1192 5380 ad
1209 5328 1628 5398 paenitentiam,
1648 5345 1715 5384 ex
1728 5329 1821 5383 illo
1836 5332 2088 5400 tempore

462 5420 838 5494 imputabitur
861 5419 941 5476 eis
973 5419 1202 5474 initium
1226 5421 1479 5476 sexennii
1504 5422 1815 5478 constituti.
1852 5423 2013 5490 Quod
2041 5423 2087 5478 si

458 5516 625 5574 alicui
671 5517 880 5572 horum
929 5511 1219 5584 quodlibet
1258 5515 1454 5570 mortis
1499 5517 1821 5587 periculum
1867 5521 1966 5572 aut
2016 5534 2084 5575 ex

457 5611 797 5684 aegritudine
828 5613 927 5662 aut
953 5623 1018 5660 ex
1059 5605 1244 5678 aliqua
1271 5623 1438 5662 causa
1477 5610 1761 5680 acciderit,
1803 5610 1892 5666 his
1935 5629 2084 5668 com-

459 5705 799 5760 munionem
823 5704 1059 5772 propter
1084 5699 1351 5754 viaticum
1381 5718 1548 5757 suum
1576 5721 1694 5759 non
1721 5707 1936 5778 negari.

527 5801 638 5854 VII.
663 5801 737 5853 De
767 5794 856 5850 his
875 5793 972 5867 qui
993 5792 1151 5848 festis
1177 5792 1377 5849 diebus
1394 5811 1750 5867 paganorum
1769 5800 1828 5854 in
1847 5800 2081 5857 remotis

459 5885 659 5950 eorum
699 5889 833 5944 locis
867 5888 1133 5943 conviviis
1172 5888 1573 5960 interfuerunt,
1616 5897 1672 5945 et
1716 5909 1843 5947 suas
1878 5895 2080 5950 nihilo-

2195 4673 2441 4729 habeant
2468 4677 2827 4744 potestatem,
2869 4674 2948 4728 ita
2985 4678 3198 4742 tamen,
3244 4677 3304 4726 ut
3344 4671 3390 4726 si
3427 4671 3654 4742 quando
3698 4690 3847 4728 cum

2194 4767 2439 4824 oleribus
2463 4773 2805 4840 coquuntur,
2819 4767 3022 4823 eadem
3041 4772 3317 4837 tanquam
3328 4765 3592 4820 carnibus
3611 4767 3848 4838 polluta

2193 4879 2307 4917 non
2331 4861 2612 4933 judicent,
2645 4863 2743 4918 sed
2770 4877 2835 4917 ex
2868 4861 2956 4916 his
2991 4860 3184 4915 cibum
3217 4862 3530 4928 assumant,
3563 4861 3845 4930 quamvis

2191 4957 2506 5011 acarnibus
2547 4971 2606 5010 se
2649 4955 2990 5010 abstineant.
3043 4955 3204 5018 Quod
3249 4954 3295 5008 si
3348 4953 3406 5008 in
3457 4955 3684 5008 tantum
3733 4970 3843 5009 eas

2190 5050 2519 5106 immundas
2541 5053 2599 5106 et
2617 5049 3024 5104 abominabiles
3031 5047 3435 5119 judicaverint,
3462 5051 3524 5103 ut
3542 5063 3646 5101 nec
3670 5047 3845 5103 olera

2192 5161 2320 5215 quae
2346 5161 2478 5199 cum
2506 5144 2770 5217 carnibus
2794 5149 3116 5216 coquuntur
3139 5141 3423 5197 aestiment
3449 5141 3837 5210 comedenda,

2191 5241 2462 5310 tanquam
2498 5255 2616 5294 non
2666 5239 3088 5294 consentientes
3133 5237 3265 5292 huic
3308 5235 3544 5308 regulae,
3595 5251 3839 5291 cessare

2189 5348 2286 5387 eos
2315 5336 2540 5404 oportet
2579 5337 2635 5388 et
2675 5349 2708 5386 a
2753 5331 3069 5387 ministerio
3109 5336 3164 5385 et
3198 5330 3398 5385 ordine
3442 5345 3563 5384 suo.
3600 5329 3657 5384 Si
3695 5329 3841 5401 quis

2187 5431 2379 5483 autem
2405 5427 2576 5498 hujus
2600 5427 2818 5498 regulae
2847 5424 3082 5481 monitis
3106 5441 3222 5480 non
3249 5422 3549 5493 obedierit,
3578 5423 3677 5478 sed
3697 5439 3840 5478 car-

2187 5537 2287 5575 nes
2313 5521 2393 5589 (ut
2419 5521 2636 5576 dictum
2667 5521 2766 5593 est)
2802 5519 3129 5574 immundas
3155 5521 3212 5572 et
3237 5515 3647 5572 abominandas
3676 5517 3836 5572 exis-

2183 5613 2488 5683 timaverit,
2516 5631 2735 5670 cessare
2763 5613 2929 5670 debet
2957 5613 3027 5668 ab
3055 5612 3256 5668 ordino
3283 5629 3402 5667 suo.

2254 5708 2357 5762 XV.
2387 5709 2440 5764 Si
2472 5726 2586 5780 qua
2605 5709 2674 5764 de
2701 5708 2870 5765 rebus
2900 5707 3172 5777 ecclesiis,
3203 5723 3334 5761 cum
3368 5705 3666 5778 episcopus
3698 5722 3832 5762 non

2181 5804 2284 5872 est,
2308 5803 2623 5874 presbyteri
2639 5801 3016 5870 vendiderint,
3036 5801 3246 5874 placuit
3267 5800 3505 5856 rescisso
3519 5805 3833 5860 contractu

2182 5896 2253 5952 ad
2273 5896 2366 5971 jus
2397 5897 2834 5956 ecclesiasticmn
2857 5865 3223 6024 revocariﬂn
3243 5894 3459 5970 judicio
3476 5898 3672 5950 autem
3704 5897 3829 5954 erit
